2236 2638
457 217 19 31 6
916 219 235 41 Lagutskottets
1179 220 169 34 Utlåtande
1370 222 62 32 N:o
1454 223 52 32 35.

413 309 47 23 en
501 296 263 38 bestämmelse
805 298 157 37 rörande
990 298 103 37 tiden
1121 299 56 37 för
1204 305 243 32 testamentes
1476 301 240 49 delgifvande
1745 302 223 50 visserligen
1996 304 11 36 i

413 347 46 37 de
487 348 108 36 flesta
621 348 64 37 fall
704 349 164 37 saknade
888 350 169 49 egentlig
1075 350 203 50 betydelse,
1299 352 238 37 alldenstund
1556 354 71 36 den
1646 354 67 48 tid,
1733 354 100 37 inom
1853 355 154 37 hvilken

412 399 238 49 arfvingarne
691 414 72 36 ega
804 407 54 31 att
899 402 156 37 klandra
1100 408 252 43 testamentet,
1394 404 183 38 beräknas
1622 406 81 36 från
1735 406 270 49 delgifningen,

412 451 70 37 och
514 451 63 37 det
604 452 237 50 följaktligen
870 457 118 34 måste
1016 467 109 24 anses
1152 455 105 49 ligga
1284 456 12 36 i
1324 461 401 45 testamentstagarens
1754 464 87 42 eget
1868 458 137 37 välför-

412 503 133 37 stådda
585 504 159 37 intresse
772 511 55 30 att
854 506 202 37 verkställa
1084 506 257 50 delgifningen
1370 511 40 34 så
1437 509 73 36 fort
1539 509 60 49 sig
1625 515 94 43 göra
1746 510 93 36 låter
1866 511 57 36 för
1950 516 56 31 att

412 555 216 49 derigenom
672 556 107 37 desto
820 557 160 49 tidigare
1003 558 169 37 :komma
1212 559 12 36 i
1251 559 68 37 full
1347 560 68 36 och
1444 561 133 48 oqvald
1606 561 210 49 besittning
1843 562 41 36 af
1905 562 100 37 hvad

410 620 139 35 genom
589 613 242 32 testamentet
871 609 123 37 blifvit
1026 610 135 37 honom
1194 611 226 37 tillerkändt.
1476 612 58 36 En
1562 613 204 49 ingalunda
1794 614 212 48 oväsentlig

410 658 270 50 bristfällighet
707 674 89 23 vore
830 661 218 48 emellertid,
1078 667 54 31 att
1159 663 200 49 ingenting
1390 664 130 37 funnes
1549 665 178 48 stadgadt
1754 665 57 37 för
1838 666 63 36 det
1928 666 76 44 fall,

411 716 55 31 att
509 711 195 49 arfvingen
745 713 197 48 uppebhölle
984 713 60 49 sig
1084 717 46 46 på
1157 715 123 36 okänd
1307 722 68 30 ort.
1432 715 185 38 BSärskildt
1645 717 12 36 i
1685 720 89 34 våra
1801 717 129 49 dagar,
1960 717 46 37 då

411 776 146 23 massor
583 763 84 37 utaf
690 764 181 37 svenskar
899 765 132 37 funnes
1060 766 151 49 spridda
1239 767 103 36 öfver
1369 767 85 37 hela
1481 768 164 48 verlden,
1665 769 69 36 och
1754 769 251 37 svenskarnes

413 814 101 37 antal
542 815 132 36 endast
701 816 55 36 uti
785 816 72 36 den
885 822 101 32 stora
1013 817 357 39 nordamerikanska
1398 819 219 49 republiken
1638 820 108 49 stigit
1764 820 57 37 till
1840 821 163 36 hundra-

411 866 176 48 tusental,
620 867 95 36 hade
743 867 122 37 denna
891 867 268 50 bristfällighet
1186 871 289 47 mångenstädes
1503 872 12 36 i
1543 875 82 33 vårt
1652 872 88 37 land
1767 872 197 37 framträdt
1992 872 12 37 i

411 931 45 23 en
486 918 242 49 synnerligen
755 919 99 49 bjert
880 920 125 49 dager.
1062 921 192 48 Personer,
1283 922 127 37 hvilka
1438 923 147 37 erhållit
1612 929 237 43 testamente,
1877 924 126 36 kunde

408 973 48 46 på
482 970 124 49 grund
634 971 41 37 af
697 971 233 49 okunnighet
958 986 60 23 om
1047 972 72 37 den
1146 977 161 45 mången
1334 977 103 46 gång
1464 975 168 49 aflägsna
1659 982 70 41 ort,
1758 976 152 37 hvarest
1929 976 73 36 arf-

409 1020 114 50 vinge
564 1022 57 36 till
648 1023 396 49 testamentsgifvaren
1072 1025 197 48 uppehölle
1298 1025 70 49 sig,
1397 1026 146 48 nödgas
1572 1033 55 30 att
1654 1028 119 36 under
1800 1031 137 45 många
1964 1031 41 33 år

409 1074 131 36 sväfva
580 1074 12 35 i
632 1074 168 37 ovisshet
841 1088 59 23 om
941 1081 262 32 testamentets
1240 1077 179 49 giltighet
1447 1078 69 36 och
1544 1078 153 37 dermed
1725 1079 109 36 äfven
1862 1079 140 47 derom,

408 1125 186 37 huruvida
621 1126 72 36 den
720 1127 317 37 testamenterade
1061 1128 230 48 egendomen
1313 1129 178 48 slutligen
1511 1130 119 37 skulle
1650 1130 117 37 blifva
1785 1130 109 37 deras
1914 1131 90 37 eller

407 1180 126 46 någon
560 1190 153 24 annans.
770 1179 67 36 Att
865 1178 121 37 denna
1015 1179 142 37 saknad
1181 1180 40 36 af
1235 1194 46 23 en
1299 1180 340 49 lagbestämmelse,
1659 1182 154 36 hvilken
1832 1183 171 48 öppnade

407 1234 119 43 utväg
567 1229 55 36 för
663 1229 210 49 delgifning
914 1230 41 36 af
990 1236 225 32 testamente
1243 1232 12 36 i
1283 1232 63 37 det
1373 1233 75 47 fall,
1478 1239 55 31 att
1561 1233 173 49 arfvinge
1762 1233 166 37 vistades
1956 1238 47 45 på

407 1281 123 36 okänd
572 1287 68 41 ort,
682 1281 125 37 kunde
848 1282 166 37 medföra
1055 1284 66 35 och
1164 1283 107 37 äfven
1297 1284 160 37 medfört
1485 1290 101 31 stora
1613 1285 253 49 olägenheter,
1895 1286 107 36 torde

407 1346 90 23 vara
526 1332 150 37 alldeles
705 1333 219 49 uppenbart.

536 1385 118 36 Dessa
682 1385 242 49 olägenheter
952 1386 120 36 skulle
1101 1389 46 46 på
1173 1387 90 36 flera
1282 1392 74 31 sätt
1376 1388 126 36 kunna
1522 1388 196 49 afhjelpas.
1762 1389 89 36 Bäst
1871 1394 131 44 syntes

407 1436 63 36 det
512 1437 243 47 motionären,
797 1450 60 23 om
897 1443 383 44 testamentstagaren
1321 1440 217 48 medgåfves
1570 1440 183 49 rättighet
1781 1446 55 31 att
1863 1454 138 35 genom

406 1488 109 36 Post-
544 1489 68 36 och
639 1489 146 36 Inrikes
814 1489 208 49 Tidningar
1050 1490 169 48 kungöra
1248 1491 72 36 den
1338 1494 47 46 på
1404 1491 123 37 okänd
1547 1497 57 31 ort
1623 1492 163 37 varande
1806 1492 197 49 arfvingen

406 1545 263 32 testamentets
709 1540 149 37 tillvaro
898 1541 86 37 med
1025 1541 267 49 föreläggande
1333 1543 58 36 för
1432 1543 195 49 arfvingen
1660 1550 55 30 att
1746 1544 101 37 inom
1880 1550 55 31 ett
1962 1547 41 34 år

405 1592 105 47 gifva
551 1592 58 36 sin
648 1592 214 37 vistelseort
902 1593 58 37 till
991 1593 134 37 känna.
1180 1594 17 36 I
1224 1594 64 36 fall
1316 1594 198 49 arfvingen
1541 1596 118 36 under
1686 1596 123 37 denna
1835 1596 54 36 tid
1918 1596 83 37 icke

405 1643 74 37 läte
522 1644 60 49 sig
621 1644 144 48 afhöra,
807 1658 86 23 vore
935 1645 62 36 det
1026 1645 143 37 kanske
1196 1646 61 36 väl
1284 1646 109 37 hårdt
1421 1653 55 30 att
1504 1647 229 37 omedelbart
1760 1648 75 37 låta
1862 1648 137 36 honom

405 1698 50 46 gå
496 1696 58 36 sin
595 1696 233 37 klanderrätt
868 1696 187 49 förlustig,
1099 1710 84 24 men
1223 1698 12 35 i
1276 1698 130 37 sådant
1440 1699 63 36 fall
1531 1699 123 37 kunde
1678 1700 44 48 ju
1751 1700 250 36 domstolen
1976 1692 27 60 i

406 1747 391 38 öfverensstämmelse
826 1749 84 36 med
933 1749 100 36 hvad
1061 1749 11 36 i
1104 1751 45 34 15
1178 1750 83 48 kap.
1294 1752 20 34 5
1344 1750 15 49 8
1384 1750 241 37 ärfdabalken
1645 1751 215 48 stadgades,
1880 1751 119 49 lämp-

405 1799 104 48 ligen
537 1805 82 31 utse
647 1813 46 23 en
712 1800 76 48 god
813 1814 97 34 man,
930 1800 155 37 hvilken
1104 1806 382 44 testamentstagaren
1505 1802 124 37 kunde
1649 1803 82 36 med
1753 1803 87 48 laga
1859 1803 142 36 verkan

405 1850 166 49 delgifva
611 1857 253 32 testamentet.
921 1852 146 37 Genom
1095 1865 44 24 en
1176 1853 114 36 sådan
1323 1854 211 49 anordning
1561 1855 87 36 ville
1675 1855 64 36 det
1767 1868 124 36 synas,
1922 1868 79 23 som

405 1916 61 23 om
509 1903 71 36 alla
621 1903 92 37 både
754 1910 403 43 testamentstagarens
1190 1905 68 36 och
1286 1905 217 49 arfvingens
1531 1906 130 49 billiga
1690 1906 162 49 anspråk
1881 1906 123 37 blefve

404 1954 284 50 tillgodosedda.

535 2008 51 36 På
625 2008 124 48 grund
790 2007 41 37 af
858 2007 97 37 hvad
984 2008 75 36 han
1087 2008 154 37 sålunda
1268 2009 134 47 anfört,
1431 2009 155 37 föreslår
1614 2009 117 48 alltså
1750 2010 248 37 motionären:

535 2065 55 31 att
613 2059 218 49 Riksdagen
857 2059 88 36 ville
973 2059 57 36 för
1059 2059 58 36 sin
1144 2060 59 36 del
1231 2060 156 48 besluta,
1417 2066 55 31 att
1503 2063 44 34 18
1568 2061 83 49 kap.
1677 2064 17 34 1
1717 2061 21 50 $&
1758 2061 241 37 ärfdabalken

405 2113 117 34 måtte
551 2111 138 37 erhålla
716 2110 163 49 följande
907 2110 165 37 ändrade
1099 2110 157 49 lydelse:
1851 2128 3 4 :

534 2163 103 36 Hvar
665 2175 80 23 som
773 2165 115 45 något
917 2167 224 32 testamente
1169 2163 68 36 fått
1261 2164 140 48 hafver,
1423 2177 86 24 vare
1529 2164 164 49 skyldig,
1713 2165 13 36 i
1746 2165 132 36 staden
1896 2165 102 36 inom

405 2228 67 23 sex
514 2214 175 36 månader
730 2214 70 37 och
838 2217 20 33 å
891 2215 127 36 landet
1051 2215 68 36 sist
1153 2217 20 34 å
1200 2215 63 36 det
1290 2216 94 48 ting,
1414 2230 80 22 som
1523 2216 145 37 infaller
1696 2221 85 32 näst
1808 2216 95 36 efter
1932 2229 66 22 sex

405 2265 188 48 månader,
636 2266 114 37 sedan
791 2266 74 37 han
904 2266 193 48 gifvarens
1137 2266 73 37 död
1239 2267 68 36 och
1335 2273 225 32 testamente
1587 2274 87 31 veta
1701 2268 85 46 fick,
1815 2267 63 36 det
1900 2267 99 37 inför

404 2318 179 37 domaren
614 2323 55 32 att
697 2319 171 49 uppvisa,
897 2318 68 36 och
993 2319 103 48 gifve
1124 2319 38 36 in
1190 2318 119 38 tillika
1338 2333 45 23 en
1412 2320 118 48 rigtig
1558 2319 160 47 afskrift,
1748 2332 79 23 som
1856 2319 141 37 arfvin-
