1912 2850
457 183 418 39 Bevillningsutskottets
896 180 223 33 betänkande
1140 179 53 32 Nr
1218 177 51 30 54.
1560 173 18 30 9

119 265 133 32 hetstid
277 266 65 30 och
365 264 44 31 de
433 260 261 39 ursprungliga
718 258 234 33 tullsatserna
976 256 116 32 skulle
1117 255 106 33 träda
1247 255 13 31 i
1286 252 155 38 generell
1466 251 156 36 tillämp-

118 316 89 36 ning
250 318 13 31 i
308 315 65 33 och
405 313 80 31 med
517 311 158 34 avtalets
697 310 243 37 upphörande,
965 309 65 32 och
1054 307 154 32 sålunda
1231 305 153 32 allenast
1410 313 45 23 en
1478 303 144 32 tullsats

120 370 123 32 kunna
269 367 186 37 samtidigt
482 366 185 36 tillämpas
694 365 56 31 för
777 365 51 30 ett
853 363 67 30 och
945 369 139 23 samma
1109 359 174 35 varuslag
1308 376 40 5 —
1373 356 114 32 vilket
1515 357 109 35 utgör

120 420 399 38 enkeltariffsystemets
548 416 243 33 kännemärke
819 433 42 5 —
887 413 117 33 skulle
1033 411 258 35 förändringen
1318 409 114 36 enligt
1460 406 164 45 kommit-

120 474 140 31 terades
285 470 230 33 förmenande
540 469 78 32 icke
644 467 174 32 innebära
840 468 119 34 någon
983 464 182 36 rubbning
1188 463 54 32 uti
1264 463 60 31 det
1348 460 132 33 hittills
1502 461 123 31 konse-

121 525 109 33 kvent
255 524 208 36 tillämpade
487 520 393 37 enkeltariffsystemet.

164 628 18 32 I
218 628 196 35 anledning
452 636 44 21 av
533 622 444 34 handelskommitterades
1007 619 188 33 utlåtande
1222 618 94 31 hava
1341 613 285 35 kommerskolle-

124 679 109 39 gium,
258 676 391 39 generaltullstyrelsen
676 676 64 31 och
764 671 369 38 lantbruksstyrelsen
1157 670 142 36 avgivit
1324 667 208 33 infordrade
1557 667 70 36 ytt-

124 732 145 32 randen.

163 783 383 37 Kommerskollegiunr
572 782 66 30 har
668 779 178 37 tillstyrkt
874 774 442 35 handelskommitterades
1346 771 145 36 förslag.
1538 770 18 31 I
1585 778 43 23 en

122 838 64 32 vid
203 837 203 32 utlåtandet
422 835 108 36 fogad
547 833 221 32 reservation
786 831 66 31 har
871 830 88 32 dock
976 826 301 34 kommerserådet
1295 825 97 32 Matz
1410 824 46 36 på
1475 822 153 32 anförda

124 891 79 31 skäl
226 888 221 39 principiellt
469 886 169 37 avstyrkt
660 884 221 36 vidtagande
907 883 84 30 från
1014 879 297 33 statsmakternas
1337 877 78 31 sida
1440 886 46 21 av
1510 876 118 35 åtgär-

126 944 61 31 der
209 943 13 31 i
244 939 342 39 importreglerande
610 938 105 36 syfte.

170 991 380 38 Lantbruksstyrelsen
576 990 68 32 har
668 988 171 33 likaledes
864 986 180 37 tillstyrkt
1068 983 200 37 förslagens
1291 977 215 46 antagande.

169 1041 407 40 Generaltullstyrelsen,
598 1051 76 22 som
696 1041 77 31 icke
794 1041 118 30 ansett
934 1038 57 37 sig
1012 1036 89 33 böra
1122 1036 87 36 ingå
1230 1035 47 37 på
1299 1034 200 35 förslagens
1520 1031 112 36 lämp-

128 1098 113 36 lighet
267 1108 44 21 ur
337 1093 323 38 handelspolitiska
685 1091 226 38 synpunkter
938 1089 85 31 eller
1050 1088 104 37 eljest
1180 1088 48 36 på
1257 1087 104 31 deras
1388 1080 245 46 ändamålsen-

128 1150 113 36 lighet
265 1151 56 31 för
341 1149 60 32 det
419 1147 151 33 därmed
590 1145 156 32 avsedda
766 1144 123 38 syftet,
910 1142 67 31 har
998 1142 124 32 anfört
1143 1139 109 33 bland
1273 1138 121 36 annat,
1415 1138 57 30 att
1493 1144 139 28 genom-

129 1202 165 32 förandet
319 1211 48 21 av
392 1210 43 21 en
460 1196 317 39 importreglering
801 1195 114 37 enligt
940 1193 194 38 styrelsens
1159 1189 237 40 uppfattning
1423 1187 209 38 lämpligast

127 1254 108 33 borde
259 1254 63 32 ske
347 1254 11 31 i
383 1250 246 37 huvudsaklig
654 1246 351 34 överensstämmelse
1029 1245 82 32 med
1135 1245 43 32 de
1203 1254 47 21 av
1273 1240 275 35 kommitterade
1572 1248 60 23 an-

129 1306 112 36 givna
287 1306 214 37 grunderna.
551 1301 240 32 Beträffande
831 1299 173 36 förslaget
1028 1297 59 33 till
1113 1294 212 37 förordning
1348 1292 186 38 angående
1559 1291 75 32 rätt

133 1359 57 32 för
216 1357 203 37 Konungen
446 1359 55 29 att
528 1356 120 31 åsätta
674 1352 158 33 särskild
859 1350 190 37 tullavgift
1079 1351 168 29 ävensom
1273 1348 70 32 den
1371 1344 148 34 därmed
1545 1352 90 24 sam-

131 1409 275 36 manhängande
429 1409 131 36 frågan
581 1416 58 23 om
660 1404 220 32 automatisk
900 1401 152 38 höjning
1072 1411 47 21 av
1140 1400 241 34 tullsatserna,
1404 1398 49 32 då
1473 1390 163 48 handels-

131 1463 139 32 traktat
290 1461 156 37 upphört
465 1461 56 30 att
541 1458 108 37 gälla,
669 1458 66 31 har
755 1455 178 38 styrelsen
953 1453 192 33 inskränkt
1162 1452 58 36 sig
1232 1449 65 34 till
1316 1452 55 30 att
1389 1449 82 32 med
1491 1456 144 24 avseen-

131 1516 43 33 de
197 1516 23 32 å
240 1513 225 34 sistnämnda
487 1511 138 35 förslag
647 1509 146 32 förorda
813 1508 65 36 att,
899 1507 46 31 då
966 1507 48 36 på
1038 1504 117 38 grund
1176 1514 46 21 av
1244 1501 288 33 handelstraktat
1554 1499 81 33 tull-

132 1568 113 31 satser
269 1565 191 36 nedsättas,
487 1565 12 30 i
525 1561 182 32 tulltaxan
732 1559 121 32 tillika
877 1557 153 37 angivas
1054 1557 44 32 de
1123 1556 109 35 högre
1257 1553 192 36 tullsatser,
1475 1561 76 23 som
1574 1550 62 32 vid

134 1618 202 33 traktatens
360 1614 234 39 upphörande
617 1612 102 33 skola
742 1610 194 37 tillämpas.

173 1720 277 36 Töredragande
473 1714 395 40 departementschefen
892 1714 65 30 har
983 1712 114 35 enligt
1123 1711 59 31 det
1207 1709 61 32 vid
1292 1707 270 38 propositionen
1587 1706 49 30 fo-

135 1773 89 37 gade
247 1769 394 38 statsrådsprotokollet
665 1767 123 32 anfört
810 1765 175 37 följande:

177 1825 139 32 »Under
336 1823 140 37 trycket
495 1832 45 21 av
561 1821 69 31 den
647 1819 159 31 rådande
826 1815 231 33 ekonomiska
1076 1813 250 38 depressionen
1342 1812 81 31 med
1441 1811 114 31 därav
1574 1809 65 31 föl-

133 1877 108 36 jande
269 1874 209 37 minskning
510 1873 13 31 i
553 1871 219 38 produktion
803 1870 65 31 och
902 1866 272 34 utrikeshandel
1206 1866 92 31 samt
1330 1863 93 31 ökad
1455 1862 187 31 arbetslös-

133 1929 61 32 het
222 1929 95 30 hava
347 1926 157 32 flertalet
534 1923 126 33 länder
688 1921 172 38 tillgripit
889 1917 324 38 handelspolitiska
1241 1914 250 39 skyddsmedel
1520 1914 12 31 i
1563 1913 80 31 allt-

134 1991 99 22 mera
249 1980 134 36 vidgad
398 1977 222 35 omfattning
637 1975 65 32 och
719 1985 46 21 av
782 1972 146 38 stegrad
945 1972 142 36 skärpa.
1125 1969 183 36 Tullarna,
1324 1977 76 22 som
1414 1967 115 32 redan
1544 1966 99 31 förut

135 2035 48 35 på
203 2034 133 34 många
359 2031 75 32 håll
457 2030 96 31 varit
576 2039 46 22 av
645 2027 163 36 ansenlig
830 2025 97 37 höjd,
950 2025 96 30 hava
1067 2022 213 38 ytterligare
1302 2021 102 30 ökats
1427 2019 65 32 och
1513 2019 95 31 hava
1631 2018 12 30 i

136 2086 93 32 flera
257 2085 126 31 länder
409 2081 274 37 kompletterats
709 2079 80 31 med
817 2078 115 32 andra
959 2077 12 31 i
997 2076 70 32 den
1093 2075 74 31 fria
1193 2073 240 33 samfärdseln
1458 2071 108 37 djupt
1593 2071 51 30 in-

138 2138 173 36 gripande
333 2136 170 36 åtgärder
524 2135 116 31 såsom
662 2130 264 38 importförbud
948 2130 65 31 och
1035 2125 493 39 importkontingenteringar
1550 2123 93 32 samt

137 2189 182 38 reglering
335 2198 48 22 av
401 2187 159 32 handeln
576 2185 82 32 med
675 2183 196 33 utländska
888 2179 330 38 betalningsmedel.
1260 2176 181 38 ÄAtgärder
1459 2177 12 31 i
1491 2178 52 29 ett
1560 2174 86 32 land

138 2243 96 31 hava
252 2241 123 36 dragit
391 2239 80 32 med
488 2239 56 36 sig
565 2236 246 37 motåtgärder
829 2236 13 30 i
860 2237 50 30 ett
928 2236 112 30 annat
1058 2233 64 31 och
1140 2233 12 30 i
1169 2233 83 29 mån
1271 2240 75 22 som
1363 2230 123 30 krisen
1502 2228 143 36 skärpts

139 2295 94 30 hava
260 2292 299 32 restriktionerna
585 2290 64 30 och
677 2288 153 31 hindren
858 2288 55 30 för
940 2285 238 35 varuutbytet
1206 2283 120 31 folken
1354 2281 151 31 emellan
1533 2280 111 36 givits

139 2345 93 32 ökad
253 2343 231 36 omfattning.
527 2341 84 32 Som
631 2342 53 30 ett
706 2339 149 32 särskilt
876 2336 273 33 framträdande
1172 2335 89 35 drag
1285 2335 12 30 i
1323 2333 255 35 utvecklingen
1600 2332 47 36 på

140 2398 99 31 detta
268 2395 145 32 område
444 2393 114 34 under
588 2393 140 32 senaste
757 2391 99 33 tiden
886 2389 150 36 märkes,
1069 2389 54 30 att
1153 2384 452 38 folkrepresentationerna
1635 2383 12 30 i

138 2448 118 33 skilda
295 2448 125 32 länder
459 2447 162 31 utrustat
661 2443 260 37 regeringarna
951 2441 81 31 med
1060 2438 305 36 utomordentliga
1394 2436 254 36 befogenheter

1694 616 113 26 Remiss-

1672 651 155 33 yttranden.

1699 1715 130 34 Departe-

1665 1749 201 29 mentschefen.
