1910 2844
346 164 18 29 4
649 164 414 36 Bevillningsutskottets
1085 163 223 32 betänkande
1329 164 52 31 Nr
1407 163 51 30 54.

304 258 81 22 men
413 249 94 31 hava
536 249 116 31 starkt
680 249 147 31 rubbats
855 249 112 31 under
994 249 141 36 trycket
1164 260 46 20 av
1239 249 40 31 de
1308 248 169 37 politiska
1506 249 64 31 och
1599 248 206 32 finansiella

305 301 234 36 svårigheter,
566 311 75 21 som
669 301 167 31 hemsöka
864 301 160 31 staterna
1052 304 46 33 på
1126 300 99 31 olika
1252 300 85 31 hall.
1383 300 78 31 Den
1487 300 230 32 ekonomiska
1741 300 66 31 och

304 352 261 32 kommersiella
603 352 288 37 avspärrningen
928 353 132 30 mellan
1096 352 213 31 nationerna
1338 352 67 31 har
1432 353 79 31 nått
1540 362 44 21 en
1611 352 115 32 sådan
1754 353 52 30 ut-

304 404 176 37 veckling,
508 405 54 31 att
589 405 127 31 endast
743 404 260 36 världskrigets
1034 404 113 36 dagar
1177 404 121 31 kunna
1325 404 154 36 uppvisa
1508 405 118 35 någon
1654 405 151 30 motsva-

304 456 129 37 righet.
483 456 66 32 Det
580 456 293 31 internationella
900 456 236 36 varuutbytet
1164 457 113 29 möter
1308 457 101 30 snart
1439 458 80 34 sagt
1549 456 153 31 överallt
1730 455 76 31 hin-

306 508 61 31 der
392 508 65 31 och
481 508 184 36 skrankor,
689 518 75 21 som
787 508 13 30 i
824 508 160 36 ständigt
1010 508 92 31 ökad
1127 508 91 36 grad
1242 508 166 31 försvara
1431 508 78 31 dess
1535 507 271 36 uppehållande.

304 559 486 36 Intressemotsättningarna
812 559 132 31 mellan
964 559 213 31 nationerna
1199 559 94 31 hava
1315 559 112 37 ökats,
1449 559 270 32 konkurrensen
1741 560 65 30 har

303 611 145 36 skärpts
473 611 64 32 och
564 612 42 30 de
632 611 262 31 kommersiella
919 611 207 31 metoderna
1152 611 96 31 hava
1274 610 260 32 brutaliserats.
1581 610 129 37 Någon
1734 612 72 29 ten-

306 662 85 32 dens
416 663 58 30 till
499 662 219 37 förbättring
744 663 12 30 i
782 663 101 31 dessa
908 662 252 32 förhållanden
1185 666 40 28 är
1250 662 77 32 icke
1354 663 56 30 för
1437 663 227 31 närvarande
1690 662 117 36 skönj-

305 714 73 31 bar.
425 714 56 31 En
507 714 134 31 allmän
668 714 187 31 osäkerhet
881 714 266 32 kännetecknar
1172 715 95 35 läget
1296 715 65 31 och
1388 714 255 36 utvecklingen
1670 716 55 30 ter
1752 714 54 36 sig

305 768 92 29 även
422 766 55 31 för
504 767 67 31 den
595 767 181 31 närmaste
801 766 195 32 framtiden
1020 766 75 31 helt
1120 766 239 37 oberäknelig.

342 818 103 31 Inför
470 818 115 31 denna
607 819 13 30 i
640 818 71 37 hög
735 818 89 37 grad
846 818 119 31 ovissa
988 818 176 31 situation
1187 818 95 31 hava
1305 818 275 32 kommitterade
1605 819 124 31 funnit
1753 818 55 37 sig

305 870 13 30 i
338 870 155 31 främsta
512 871 155 30 rummet
687 870 88 31 böra
795 870 87 31 söka
902 871 130 30 utröna
1051 871 46 35 på
1119 870 72 31 vad
1211 871 72 30 sätt
1304 870 271 37 verkningarna
1594 880 47 21 av
1662 870 42 31 de
1725 870 83 31 från

305 921 183 31 utlandets
511 921 78 31 sida
610 921 133 31 hittills
766 921 175 37 vidtagna
963 921 219 37 åtgärderna
1206 921 152 32 drabbat
1381 922 66 30 vår
1470 923 126 35 export
1620 923 94 30 samt
1738 922 69 31 till-

305 982 46 27 se,
372 972 101 32 vilka
495 973 222 37 åtgöranden
740 973 84 30 från
846 973 58 31 det
927 972 202 32 allmännas
1152 973 88 36 sida,
1263 982 76 22 som
1361 973 13 30 i
1397 973 58 31 det
1478 973 211 31 nuvarande
1711 973 96 37 läget

305 1024 124 31 kunna
453 1024 141 31 krävas.

344 1075 19 31 I
399 1076 130 31 sådant
565 1076 201 31 hänseende
786 1075 111 40 ,hava
934 1076 272 31 kommitterade
1235 1076 212 36 framhållit,
1475 1077 55 30 att
1559 1077 68 31 den
1656 1076 152 31 svenska

305 1129 171 34 exporten
499 1127 55 31 för
578 1128 230 31 närvarande
834 1127 253 37 otvivelaktigt
1111 1128 67 31 har
1203 1129 54 29 att
1281 1128 132 35 kämpa
1437 1128 80 31 med
1541 1128 143 36 mycket
1711 1129 96 30 stora

304 1179 234 36 svårigheter.
585 1179 70 31 "Till
681 1189 45 21 en
751 1179 96 31 inom
873 1180 96 30 stora
994 1179 367 32 marknadsområden
1388 1179 117 31 starkt
1530 1180 168 31 minskad
1725 1180 82 35 köp-

303 1230 101 32 kraft
430 1231 66 31 och
521 1231 112 31 därav
660 1231 189 31 föranledd
874 1231 164 36 nedgång
1065 1231 11 30 i
1104 1231 226 36 efterfrågan
1355 1233 21 29 å
1402 1240 107 22 varor
1535 1241 47 21 av
1607 1231 98 31 olika
1729 1232 78 35 slag

303 1282 139 31 komme
472 1283 41 31 de
542 1282 347 37 importhämmande
915 1283 179 35 åtgärder,
1124 1292 75 22 som
1227 1282 177 37 vidtagits
1433 1283 13 30 i
1476 1283 158 33 flertalet
1664 1294 46 20 av
1741 1284 67 30 den

304 1334 154 31 svenska
487 1333 348 37 exportindustriens
866 1333 181 37 viktigare
1077 1334 366 36 avsättningsländer.

342 1385 111 32 Dessa
472 1385 252 31 förhållanden
743 1385 103 36 hava,
865 1385 112 36 enligt
994 1386 73 31 vad
1083 1385 273 32 kommitterade
1376 1386 212 37 framhållit,
1607 1386 200 37 självfallet

305 1437 173 31 föranlett
502 1437 169 37 åtgärder
698 1437 83 31 från
805 1437 412 37 statsmyndigheternas
1241 1437 79 32 sida
1344 1438 13 31 i
1382 1438 68 31 den
1475 1438 255 38 utsträckning
1755 1440 52 29 så-

305 1488 87 31 dant
420 1488 181 37 påkallats
628 1488 65 31 och
720 1488 139 31 kunnat
888 1488 62 32 ske
977 1489 80 31 med
1085 1489 59 31 till
1172 1489 90 31 buds
1291 1489 148 31 stående
1465 1490 124 31 medel.
1639 1490 168 37 Sveriges

305 1539 256 38 diplomatiska
587 1541 290 36 representanter
907 1540 95 31 hava
1029 1540 98 31 varit
1158 1540 228 32 verksamma
1415 1541 56 31 för
1500 1541 306 38 tillvaratagande

304 1601 47 22 av
379 1591 42 32 de
451 1592 153 31 svenska
633 1593 275 35 exportörernas
938 1591 177 32 intressen
1146 1601 125 28 genom
1300 1592 263 32 hänvändelser
1592 1593 59 31 till
1681 1593 42 32 de
1753 1595 53 29 ut-

304 1643 152 31 ländska
480 1643 301 37 myndigheterna
805 1643 86 31 eller
916 1643 220 31 annorledes.
1182 1643 54 31 Då
1261 1643 195 38 anledning
1482 1644 125 32 därtill
1632 1645 174 31 förekom-

303 1694 76 37 mit,
427 1695 96 31 hava
558 1694 190 32 ävenledes
776 1694 274 38 förhandlingar
1076 1695 81 31 med
1182 1694 41 32 de
1251 1695 226 32 främmande
1505 1696 300 37 myndigheterna

304 1746 92 31 förts
444 1755 127 28 genom
608 1745 424 37 utrikesdepartementet
1060 1747 12 30 i
1101 1746 170 31 ändamål
1298 1748 54 30 att
1380 1747 113 31 vinna
1520 1748 201 31 beaktande
1750 1748 56 31 för

303 1797 155 32 svenska
483 1798 225 36 synpunkter
734 1797 65 32 och
825 1798 101 36 krav,
952 1797 99 31 vilka
1077 1797 210 38 därigenom
1313 1799 11 30 i
1351 1798 80 32 icke
1455 1799 108 37 ringa
1587 1800 86 30 mån
1698 1800 107 31 blivit

304 1848 269 38 tillgodosedda.

342 1899 85 33 Med
448 1900 142 37 hänsyn
611 1900 128 31 härtill
762 1901 64 31 och
849 1901 45 31 då
918 1900 275 32 förhållandena
1214 1901 133 32 hittills
1369 1901 79 32 icke
1470 1902 185 32 utvecklat
1679 1903 55 37 sig
1758 1904 48 35 så,

303 1953 54 30 att
381 1952 52 30 ett
458 1962 43 21 ur
525 1952 131 31 svensk
682 1951 185 37 synpunkt
890 1961 99 22 mera
1015 1954 194 35 gynnsamt
1234 1952 80 37 läge
1338 1953 140 31 kunnat
1504 1953 189 33 förväntas
1719 1965 85 26 upp-

302 2003 144 31 komma
472 2012 126 28 genom
620 2001 219 33 omedelbart
861 2002 219 38 vidtagande
1104 2004 85 31 från
1214 2005 81 30 vårt
1320 2004 103 32 lands
1448 2005 79 31 sida
1550 2016 47 21 av
1622 2006 184 31 allmänna

302 2054 323 37 handelspolitiska
656 2054 174 32 försvars-
860 2054 87 32 eller
978 2055 394 37 repressalieåtgärder,
1403 2056 96 32 hava
1530 2057 275 32 kommitterade

302 2105 78 32 icke
409 2106 123 32 funnit
561 2106 56 37 sig
644 2106 88 32 böra
760 2106 55 32 för
843 2106 226 32 närvarande
1098 2107 116 31 väcka
1241 2107 137 38 förslag
1407 2118 47 21 av
1481 2108 113 32 sådan
1621 2109 183 32 innebörd.

301 2156 229 33 Situationen
555 2158 120 32 kunde
704 2157 199 32 emellertid
929 2160 66 29 när
1023 2168 74 21 som
1127 2158 93 31 helst
1248 2159 114 31 ändra
1391 2159 55 36 sig
1474 2159 65 32 och
1568 2160 237 32 händelserna

301 2208 119 33 kunde
440 2209 129 33 därvid
590 2209 129 32 tänkas
742 2209 167 32 utveckla
930 2210 54 36 sig
1004 2210 80 31 med
1107 2210 113 32 sådan
1241 2210 184 38 snabbhet,
1447 2213 54 30 att
1522 2213 51 31 ett
1594 2212 139 37 hastigt
1755 2213 50 30 in-

304 2261 177 37 gripande
512 2261 101 32 bleve
646 2261 234 36 nödvändigt.
934 2262 19 31 I
985 2262 236 32 betraktande
1254 2262 115 32 härav
1402 2263 96 31 hava
1531 2264 273 32 kommitterade

304 2313 123 32 funnit
454 2313 119 37 själva
599 2313 204 31 ovissheten
829 2323 58 21 om
913 2313 42 32 de
982 2314 316 37 förutsättningar,
1325 2315 149 32 varmed
1500 2326 85 21 man
1611 2316 73 32 kan
1711 2317 94 31 hava

304 2365 53 30 att
377 2364 127 37 räkna,
524 2364 175 32 innebära
718 2374 45 22 en
781 2364 194 38 anvisning
994 2374 58 22 om
1072 2365 72 32 vad
1162 2375 75 22 som
1259 2368 162 30 närmast
1442 2366 63 33 bör
1523 2368 156 36 åtgöras.
1698 2368 107 32 Kom-

302 2415 191 33 mitterade
516 2416 104 36 hava,
644 2415 81 32 med
749 2415 114 33 andra
886 2416 73 37 ord,
983 2417 117 31 ansett
1125 2417 220 33 situationen
1369 2418 116 32 kräva
1509 2420 295 36 genomförandet
