2242 2608
248 741 154 28 Utskottets

254 776 144 33 yttrande.

253 1445 153 34 Speciella

259 1478 126 34 anlägg-

257 1512 121 34 ningar.

275 1565 93 46 [12.]

244 1797 157 29 Utskottets

243 1832 147 34 yttrande.

485 149 18 30 6
931 150 242 34 Statsutskottets
1196 152 162 33 utlåtande
1381 153 54 32 Nr
1457 156 41 30 17
1522 156 39 30 A.

575 238 417 46 Arméförvaltningens
1020 240 544 48 fortifikationsdepartement,
1592 256 79 24 som
1692 246 169 44 deltager
1879 247 12 34 i
1910 247 141 45 ifråga-

441 288 167 35 varande
648 290 469 45 anläggningskostnader,
1146 296 99 32 samt
1271 293 368 46 järnvägsstyrelsen
1667 296 99 36 hava
1794 298 13 33 i
1834 309 216 32 gemensam

441 339 179 35 skrivelse
661 340 72 34 den
769 340 44 34 12
841 342 203 34 november
1074 343 92 34 1921
1196 343 49 44 på
1273 344 161 35 anförda
1461 345 81 35 skäl
1570 346 204 44 hemställt,
1803 351 56 31 att
1885 348 59 35 för
1962 349 88 34 full-

440 389 194 35 bordande
661 402 48 23 av
738 390 72 35 den
838 403 280 32 gemensamma
1146 394 365 45 avloppsledningen
1539 396 84 34 från
1643 397 46 34 de
1709 397 165 36 militära
1893 400 157 44 anlägg-

440 440 187 44 ningarna
654 440 21 35 å
702 441 231 36 Järvafältet
960 444 70 33 och
1058 447 144 32 statens
1228 444 227 46 järnvägars
1484 447 207 44 anlägning
1718 448 64 34 vid
1809 448 120 35 Järva
1947 450 103 34 loko-

440 490 259 36 motivstation
741 492 58 34 till
839 493 95 35 Lilla
974 494 144 35 Värtan
1150 494 118 36 måtte
1296 496 80 34 dels
1402 496 49 44 på
1478 497 205 44 tillägsstat
1710 498 60 35 för
1796 498 43 35 år
1868 500 94 34 1922
1991 500 59 35 för

439 540 287 37 lantförsvarets
767 542 60 35 del
867 544 153 34 anvisas
1060 547 53 33 ett
1152 546 138 44 belopp
1330 557 48 24 av
1419 547 159 43 259,000
1610 548 148 44 kronor,
1787 549 80 35 dels
1895 550 68 34 ock
1990 550 59 35 för

439 593 144 32 statens
621 592 228 45 järnvägars
885 594 60 34 del
973 605 110 24 avses
1112 598 53 32 ett
1191 596 138 45 belopp
1357 609 47 22 av
1435 598 158 42 134,800
1620 599 148 44 kronor,
1797 602 57 32 att
1882 600 92 44 utgå
2001 613 48 22 av

439 641 237 46 tillgängliga
704 644 335 35 överskottsmedel
1068 645 21 35 å
1117 646 160 44 tidigare
1305 647 191 44 beviljade
1523 649 455 46 kapitalökningsanslag.

571 743 204 44 Utskottet,
815 757 78 23 som
921 746 12 34 i
961 749 119 32 annat
1107 748 277 44 sammanhang
1409 749 167 35 kommer
1603 752 55 33 att
1685 751 138 44 avgiva
1851 751 196 36 utlåtande

437 793 11 33 i
477 793 206 45 anledning
723 806 49 23 av
812 807 45 23 en
890 807 47 24 av
968 797 142 44 Kungl.
1151 797 112 44 Maj:t
1288 798 113 45 gjord
1427 799 281 45 framställning
1740 812 60 23 om
1828 802 134 44 anslag
1988 802 59 35 för

436 843 242 35 bestridande
720 856 50 23 av
810 846 284 36 merkostnader
1132 847 59 35 för
1222 849 247 35 anordnande
1497 862 48 22 av
1572 851 362 45 avloppsledningar
1959 852 86 35 från

434 893 481 47 militäretablissemangen
943 896 23 35 å
992 897 239 42 Järvafältet,
1261 899 69 35 har
1356 900 235 35 beträffande
1614 901 72 35 den
1705 913 51 23 nu
1776 901 135 44 gjorda
1930 903 115 35 fram-

435 944 229 44 ställningen
692 946 81 34 icke
800 946 127 35 funnit
954 948 207 44 anledning
1187 949 58 34 till
1273 950 161 34 erinran.

568 994 193 37 Utskottet
793 997 224 44 hemställer,

970 1101 57 32 att
1053 1099 202 45 riksdagen
1284 1099 61 35 må
1372 1101 187 44 medgiva,
1589 1104 54 33 att
1671 1114 48 23 av
1746 1103 46 35 de
1812 1103 12 34 i
1843 1104 202 36 statsråds-

836 1148 225 43 protokollet
1088 1152 88 32 över
1202 1150 514 37 kommunikationsärenden
1745 1154 73 34 den
1844 1155 19 33 7
1883 1155 162 35 Januari

838 1198 93 34 1922
960 1198 250 36 omförmälda
1238 1201 275 43 anslagsmedel
1541 1201 58 35 för
1626 1203 164 42 arbeten,
1820 1204 84 34 med
1922 1204 123 36 vilkas

836 1248 201 35 utförande
1077 1260 109 25 anses
1214 1250 91 35 böra
1332 1251 77 34 tills
1436 1251 130 35 vidare
1594 1253 120 43 anstå,
1743 1254 61 34 må
1831 1254 59 35 för
1915 1255 130 35 anord-

836 1298 117 35 nande
981 1310 45 23 av
1054 1300 340 44 avloppsledningar
1420 1301 58 43 för
1503 1302 116 35 Järva
1637 1303 321 37 lokomotivstation
1978 1317 66 23 an-

835 1348 144 35 vändas
1008 1352 54 32 ett
1089 1348 138 46 belopp
1255 1362 48 23 av
1334 1352 158 42 134,800
1520 1353 146 35 kronor.

567 1443 74 48 3:o)
669 1448 142 44 Kungl.
840 1449 109 44 Maj:t
977 1450 70 35 har
1075 1447 137 47 (punkt
1242 1448 60 47 12)
1331 1452 195 45 föreslagit
1553 1454 201 44 riksdagen
1783 1455 186 44 medgiva,
1986 1459 57 32 att

432 1508 48 23 av
520 1496 45 36 de
592 1498 13 34 i
632 1498 412 45 statsrådsprotokollet
1084 1501 250 36 omförmälda
1374 1504 276 43 anslagsmedel
1676 1504 59 36 för
1762 1506 164 44 arbeten,
1955 1507 86 34 med

431 1547 121 35 vilkas
593 1549 201 35 utförande
835 1561 108 24 anses
983 1552 92 33 böra
1114 1552 75 35 tills
1229 1552 131 35 vidare
1401 1553 120 43 anstå,
1562 1555 61 34 må
1662 1555 59 35 för
1760 1556 202 35 utförande
1993 1569 49 22 av

430 1598 177 43 speciella
633 1600 277 44 anläggningar
937 1601 21 34 å
985 1602 215 44 bangårdar
1227 1603 197 35 användas
1444 1607 53 32 ett
1515 1605 135 44 belopp
1669 1617 49 23 av
1739 1607 133 42 29,000
1891 1607 148 35 kronor.

563 1649 260 44 Utredningen
863 1651 12 33 i
915 1652 156 34 ärendet
1110 1652 202 36 återfinnes
1353 1653 21 35 å
1415 1655 68 33 sid.
1515 1656 44 33 52
1601 1656 69 34 och
1712 1657 46 34 53
1796 1657 11 33 i
1840 1657 200 36 statsråds-

428 1699 234 42 protokollet.

560 1798 299 45 Ifrågavarande
897 1802 138 44 belopp
1075 1806 42 31 är
1156 1807 124 32 avsett
1319 1804 59 35 för
1417 1805 238 44 uppförande
1692 1818 48 23 av
1768 1807 102 43 skjul
1896 1808 60 34 för
1982 1808 58 34 bi-

427 1849 170 44 lastning
634 1850 65 35 vid
738 1851 149 44 Nässjö.
925 1883 1 4 .
951 1853 88 34 Med
1074 1854 355 45 bilastningsarbete
1469 1856 138 35 förstås
1646 1857 290 44 ihopsamlande
1972 1859 66 34 vid

426 1900 102 34 vissa
568 1900 371 45 trafikknutpunkter
978 1903 59 35 till
1078 1904 94 35 fulla
1212 1906 238 43 vagnslaster
1469 1908 56 32 av
1556 1906 135 36 sådant
1717 1907 87 35 från
1833 1908 99 35 olika
1960 1908 77 35 håll

426 1950 70 34 och
523 1950 13 34 i
564 1951 243 44 otillräckligt
833 1953 145 35 lastade
1006 1965 145 33 vagnar
1179 1955 217 36 ankommet
1423 1956 105 44 gods,
1550 1968 78 23 som
1648 1958 96 34 skall
1763 1958 273 35 vidaresändas

426 2011 45 23 en
500 2000 69 35 och
597 2012 145 28 samma
769 2005 75 41 väg
870 2003 22 34 å
918 2004 130 43 längre
1076 2005 162 35 sträcka.

559 2051 86 35 Med
685 2052 151 44 hänsyn
876 2054 56 34 till
971 2054 73 35 den
1089 2055 492 46 driftkostnadsbesparing,
1623 2069 79 24 som
1744 2058 49 44 på
1825 2058 104 35 detta
1960 2061 77 33 sätt

425 2110 112 33 synes
564 2101 129 36 kunna
719 2103 149 43 vinnas,
897 2104 70 35 har
993 2105 182 36 utskottet
1202 2109 126 32 ansett
1355 2107 58 44 sig
1439 2108 90 34 böra
1556 2109 188 43 tillstyrka
1768 2109 64 34 det
1850 2120 52 23 nu
1921 2109 116 35 fram-

424 2150 113 44 lagda
565 2151 190 45 förslaget.
