2238 2630
730 203 229 30 Statsutskottets
988 198 152 31 Utlåtande
1163 196 57 29 N:o
1242 196 29 28 3.
1760 181 38 43 238

293 304 196 37 Utskottet
516 298 233 45 hemställer,

694 405 54 32 att
784 397 178 47 samtliga
999 395 48 36 de
1084 389 188 40 ordinarie
1309 387 184 47 anslagen
1529 383 121 37 under
1678 381 124 36 denna

596 449 241 44 hufvudtitel,
880 447 10 36 i
918 445 131 38 hvilka
1076 441 226 47 förändring
1330 439 68 36 här
1425 437 114 36 ofvan
1566 434 84 36 icke
1677 430 127 38 blifvit

595 503 211 47 ifrågasatt,
848 501 59 34 må
943 497 10 36 i
993 497 94 36 1902
1126 497 59 33 års
1214 491 159 37 riksstat
1399 492 191 44 upptagas
1618 482 57 38 till
1704 481 100 37 oför-

597 552 168 37 ändrade
793 550 154 48 belopp,
977 546 99 37 dock
1105 549 54 32 att
1187 542 176 47 anslaget
1389 539 57 36 till
1474 532 330 42 skrifmaterialier

598 604 72 36 och
711 613 200 38 expenser,
952 597 75 37 ved
1060 610 48 22 m.
1138 609 47 22 m.
1215 595 60 34 må
1301 592 37 35 få
1364 589 56 37 till
1448 588 182 47 beloppet
1652 583 151 49 jemkas

598 655 11 36 i
638 654 74 37 den
752 655 98 44 mån,
892 663 80 23 som
1015 648 65 36 det
1123 645 57 37 för
1211 641 207 52 jemnande
1455 639 42 36 af
1528 633 276 40 hufvudtitelns

599 705 226 37 slutsumma
852 702 74 36 kan
954 700 122 36 finnas
1106 694 254 47 erforderligt.

801 1036 179 42 Extra
1007 1032 211 49 anslag.

306 1147 72 48 6:0)
432 1147 140 47 Kongl.
614 1145 105 49 Maj:t
759 1143 68 37 har
858 1138 200 49 föreslagit
1086 1134 224 48 Riksdagen
1338 1137 65 40 att,
1430 1130 58 36 för
1515 1128 151 36 fortsatt
1694 1136 117 38 uppe-.,
1851 1125 128 58 Angående

204 1200 177 38 hållande
422 1198 41 38 af
498 1197 208 48 lagbyråns
741 1191 256 47 verksamhet,
1026 1192 21 34 å
1074 1192 107 32 extra
1209 1190 76 32 stat
1312 1183 57 37 för
1397 1184 38 34 år
1466 1181 94 36 1902
1589 1176 142 49 bevilja
1759 1167 195 56 ett””Syrån.

204 1251 133 48 anslag
365 1253 20 33 å
412 1250 135 46 25,000
575 1248 150 35 kronor.
799 1262 8 7 +
862 1271 3 10 u
1881 1236 64 43 [4.]

307 1353 17 35 I
353 1351 112 37 ofvan
493 1347 214 49 åberopade
736 1339 381 52 statsrådsprotokoll
1144 1338 69 37 har
1241 1333 198 50 angående
1468 1330 208 49 lagbyråns
1704 1326 111 37 verk-

206 1403 148 38 samhet
380 1400 121 37 under
528 1402 41 34 år
599 1399 94 36 1900
722 1394 228 39 meddelats:

308 1452 218 49 Lagbyrån,
555 1449 156 37 hvilken
744 1445 121 39 under
893 1455 134 26 senare
1057 1440 109 37 delen
1197 1437 41 38 af
1261 1439 40 34 år
1332 1436 94 36 1899
1453 1431 192 38 utarbetat
1673 1427 144 47 förslag

207 1505 57 36 till
294 1505 64 47 lag
386 1517 58 23 om
472 1499 226 48 inteckning
728 1500 8 34 i
766 1498 140 47 fartyg,
944 1493 91 38 hade
1061 1491 123 37 under
1212 1488 133 48 början
1375 1484 40 38 af
1430 1481 268 39 vårsessionen
1722 1479 95 36 1900

207 1556 99 36 varit
334 1553 204 50 sysselsatt
565 1550 87 37 med
681 1547 214 39 afslutande
924 1545 41 37 af
988 1544 48 37 de
1064 1541 146 47 förslag
1237 1538 58 37 till
1324 1535 207 48 ändringar
1550 1533 10 36 i
1582 1531 139 38 allmän
1740 1529 77 47 lag,

209 1606 131 37 hvilka
381 1604 110 37 deraf
527 1600 223 46 föranledts,
788 1599 119 47 jemte
947 1591 256 53 upprättande
1246 1588 41 38 af
1323 1586 117 38 motiv
1467 1584 59 37 till
1554 1579 264 40 förstnämnda

208 1656 223 48 lagförslag.
485 1652 175 38 Derefter
699 1649 99 37 hade
838 1647 211 38 utarbetats
1092 1641 145 48 förslag
1278 1638 57 37 till
1362 1638 65 47 lag
1454 1649 61 23 om
1544 1633 126 46 ocker,
1698 1630 122 38 under

209 1707 148 36 hvilket
385 1704 128 37 arbete
546 1716 46 23 en
621 1702 41 36 af
684 1700 207 48 lagbyråns
920 1696 212 37 ledamöter
1159 1692 11 36 i
1198 1692 142 46 högsta
1368 1685 213 39 domstolen
1608 1680 213 48 föredragit

211 1757 186 47 förslaget
435 1754 55 36 till
525 1754 65 46 lag
618 1765 60 23 om
705 1746 264 49 inteckning;
956 1741 18 67 i
998 1745 129 47 fartyg
1155 1742 71 36 och
1256 1738 155 38 dermed
1440 1731 379 48 sammanhängande

212 1807 277 46 författningar.
545 1803 131 37 Under
717 1812 134 25 senare
880 1797 145 37 hälften
1054 1793 38 38 af
1118 1790 269 39 vårgsessionen
1414 1786 99 38 hade
1542 1783 186 49 lagbyrån
1756 1781 63 36 be-

211 1858 159 37 handlat
408 1856 136 47 frågan
585 1867 60 23 om
687 1849 244 50 lagstiftning
972 1844 200 50 angående
1201 1838 287 49 gamegendom,
1516 1835 148 37 hvilket
1691 1832 129 37 arbete

212 1909 122 36 under
373 1905 269 38 vårsessionen
683 1905 41 34 så
764 1897 226 48 fortskridit,
1033 1901 54 32 att
1127 1893 147 47 förslag
1313 1890 57 36 till
1404 1889 64 47 lag
1496 1884 199 50 angående
1724 1895 97 24 sam-

213 1959 227 48 eganderätt
480 1955 72 37 och
589 1954 10 36 i
628 1951 278 47 sammanhang
934 1946 158 39 dermed
1121 1941 251 47 erforderliga
1399 1938 146 47 förslag
1573 1935 56 37 till
1657 1933 165 46 ändring

212 2010 10 35 i
252 2009 105 37 vissa
396 2008 149 46 lagrum
587 2008 227 45 upprättats,
856 1999 212 48 hvarjemte
1110 2009 46 23 en
1193 1993 173 36 ledamot
1405 1986 212 48 föredragit
1643 1985 12 36 i
1683 1984 140 47 högsta

214 2059 214 37 domstolen
456 2055 253 48 lagförslaget
736 2051 198 48 angående
963 2048 126 37 ocker.
1143 2044 133 38 Under
1302 2038 311 40 höstsessionens
1642 2036 100 35 förra
1762 2033 58 36 del

214 2110 98 36 hade
354 2108 245 47 genomgåtts
641 2103 69 37 och
748 2101 203 48 granskats
982 2098 83 37 dels
1094 2095 184 45 förslaget
1307 2091 56 36 till
1391 2090 64 47 lag
1483 2101 60 23 om
1574 2084 250 48 samegande-

214 2165 86 39 rätt,
342 2158 81 36 dels
467 2156 186 46 förslaget
692 2166 60 23 om
795 2149 142 39 ändrad
976 2147 149 50 lydelse
1154 2145 40 36 af
1220 2146 42 33 17
1294 2141 71 36 och
1393 2142 45 35 31
1468 2139 86 46 kap.
1584 2138 240 43 rättegångs-

214 2210 138 37 balken
383 2213 97 31 samt
507 2208 214 45 upprättats
751 2201 145 46 förslag
929 2200 55 36 till
1013 2199 65 45 lag
1107 2209 59 23 om
1195 2194 141 45 tillägg
1363 2191 57 36 till
1447 2186 274 47 förordningen
1751 2184 71 35 den

218 2265 19 31 6
266 2258 163 38 februari
463 2259 92 34 1849
586 2253 196 48 angående
811 2252 78 35 viss
919 2250 54 35 tid
1002 2249 58 35 för
1088 2245 159 37 klander
1276 2242 40 36 af
1340 2242 181 45 husesyn,
1546 2236 211 48 hvarjemie
1778 2247 45 22 en
