2211 2666
703 214 255 32 Statsutskottets
988 214 173 32 Utlåtande
1183 213 52 32 Nr
1257 216 50 29 91.
1710 214 43 31 217

926 518 66 39 Nr
1018 518 68 39 91.

671 642 126 27 Ankom
820 642 49 27 till
891 641 199 37 Riksdagens
1114 641 104 28 kansli
1242 642 61 27 den
1327 641 39 27 24
1389 642 63 36 maj
1481 641 78 27 1910
1583 641 41 27 kl.
1651 641 35 27 11
1712 641 20 27 f.
1757 650 40 18 m.

522 735 205 47 Utlåtande,
757 736 13 34 i
797 735 193 48 anledning
1010 734 47 47 af
1070 734 134 49 Kungl.
1224 734 129 49 Maj:ts
1370 734 228 48 proposition
1617 734 184 49 angående

619 796 110 48 årligt
773 796 191 36 understöd
1010 796 35 35 at
1087 796 214 35 biträdande
1343 795 304 48 postexpeditören
1691 796 109 34 Anna

617 857 126 35 Maria
771 857 320 47 Hammarstrand,
1115 857 97 49 född
1239 856 135 48 Flyckt.

1492 915 72 49 (4:e
1591 915 104 49 Afd.)

309 1038 17 35 I
355 1051 46 23 en
437 1037 58 36 till
523 1037 218 49 Riksdagen
771 1038 73 35 den
875 1040 43 34 15
950 1037 95 49 april
1072 1038 257 36 innevarande
1358 1040 40 34 år
1426 1037 148 47 aflåten,
1602 1036 57 36 till
1689 1041 111 32 stats-

205 1090 188 36 utskottet
422 1090 58 36 för
507 1089 274 37 förberedande
810 1089 236 49 behandling
1074 1090 257 36 öfverlämnad
1360 1089 238 50 proposition
1632 1091 59 47 (nr
1713 1088 85 49 171)

206 1143 69 36 har
317 1142 139 48 Kungl.
487 1142 118 49 Maj:t,
648 1142 119 36 under
808 1142 237 49 åberopande
1087 1143 41 35 af
1165 1142 144 48 bilagdt
1349 1142 140 48 utdrag
1530 1141 41 36 af
1600 1141 200 36 statsråds-

207 1194 232 49 protokollet
468 1194 106 36 öfver
601 1194 256 36 civilärenden
885 1195 60 35 för
974 1207 142 23 samma
1136 1194 86 49 dag,
1242 1193 199 49 föreslagit
1459 1193 221 49 Riksdagen
1700 1193 100 36 med-

207 1246 118 48 oifva,
364 1251 55 31 att
447 1246 223 37 biträdande
699 1246 336 49 postexpeditören
1062 1247 112 35 Anna
1209 1246 119 36 Maria
1355 1245 325 47 Hammarstrand,
1710 1245 91 36 född

207 1299 149 49 Flycht,
385 1301 60 34 må
474 1299 82 35 från
587 1299 72 36 och
687 1298 85 37 med
801 1299 186 36 månaden
1016 1304 85 30 näst
1129 1299 97 36 efter
1254 1299 86 43 den,
1360 1298 120 36 under
1498 1298 155 36 hvilken
1681 1297 119 36 entle-

207 1351 165 48 digande
400 1364 43 22 ur
470 1351 244 48 postverkets
742 1351 121 48 tjänst
889 1351 136 36 varder
1053 1351 124 36 henne
1213 1350 229 47 meddeladt,
1470 1350 121 37 under
1619 1350 56 36 sin
1704 1352 95 34 åter-

208 1403 157 36 stående
393 1403 119 36 lifstid
542 1403 42 36 af
607 1402 241 50 postmedlen
876 1403 169 49 uppbära
1065 1408 54 31 ett
1139 1403 114 48 årligt
1272 1402 207 37 understöd
1504 1402 41 36 af
1558 1403 72 35 900
1647 1402 150 36 kronor.

313 1455 74 36 Till
416 1455 210 49 åberopade
655 1455 420 49 statsrådsprotokollet
1102 1456 68 35 har
1196 1454 280 48 föredragande
1501 1454 298 49 departements-

209 1507 135 37 chefen
373 1508 126 35 anfört
526 1507 183 50 följande:

312 1560 86 37 »Uti
427 1573 47 23 en
502 1559 56 37 till
587 1560 139 49 Kungl.
757 1560 107 48 Maj:t
891 1560 173 48 ingifven
1093 1560 110 36 skrift
1231 1559 69 37 har
1318 1559 224 37 biträdande
1557 1558 243 50 postexpedi-

207 1617 110 31 tören
357 1612 66 36 vid
463 1612 268 49 postkontoret
771 1612 12 35 i
812 1612 215 48 Falköping
1063 1612 110 36 Anna
1201 1612 118 36 Maria
1346 1610 322 44 Hammarstrand,
1708 1611 92 35 född

207 1664 147 49 Flycht,
384 1664 11 36 i
423 1664 306 48 underdånighet
770 1664 165 46 anhållit,
978 1672 55 28 att
1062 1667 20 33 å
1109 1664 241 50 postverkets
1390 1663 259 50 pensionsstat
1685 1666 115 33 måtte

208 1717 159 36 beredas
396 1716 125 37 henne
550 1722 56 31 ett
633 1716 113 49 årligt
773 1716 218 37 understöd.

312 1769 73 36 Till
414 1768 94 48 följd
536 1769 41 36 af
601 1769 119 48 nådig
746 1769 133 36 remiss
907 1769 68 36 har
1003 1768 434 49 generalpoststyrelsen
1456 1767 71 37 den
1548 1769 20 35 5
1590 1767 95 49 april
1703 1769 97 35 1910

209 1821 155 49 afgifvit
390 1821 258 47 underdånigt
675 1820 207 48 utlåtande,
911 1820 193 37 hvarefter
1133 1821 276 36 statskontoret
1437 1820 73 36 den
1542 1822 43 34 11
1615 1821 12 34 i
1657 1832 143 24 samma

209 1873 137 37 månad
373 1878 118 43 yttrat
520 1873 60 49 sig
607 1874 12 35 i
648 1873 168 36 ärendet.

313 1925 54 36 Af
391 1925 278 48 handlingarna
696 1926 189 36 inhämtas
912 1924 178 49 följande.

313 1978 111 35 Anna
451 1977 118 36 Maria
596 1977 313 37 Hammarstrand
937 1982 41 30 är
1007 1977 88 36 född
1125 1976 73 37 den
1221 1978 44 35 16
1287 1976 159 37 oktober
1468 1978 98 34 1844
1585 1976 71 36 och
1683 1975 118 37 sedan

214 2030 96 35 1872
340 2030 100 35 änka
468 2029 98 37 efter
595 2029 231 37 förvaltaren
856 2029 96 37 Axel
979 2029 160 36 Fredrik
1168 2028 325 47 Hammarstrand,
1522 2028 86 37 med
1645 2027 157 37 hvilken

210 2082 76 35 hon
314 2082 82 36 haft
422 2087 58 31 tre
508 2082 105 47 barn,
644 2095 47 23 en
720 2095 69 23 son
818 2082 71 36 och
917 2084 63 33 två
1009 2082 157 45 döttrar,
1197 2081 41 35 af
1261 2081 130 36 hvilka
1420 2081 135 36 endast
1593 2080 208 47 döttrarna,

211 2146 82 24 som
322 2139 64 31 äro
424 2134 107 49 gifta,
568 2134 114 36 lefva.
738 2134 111 36 Anna
876 2134 119 36 Maria
1023 2133 312 36 Hamraarstrand
1370 2133 155 48 började
1553 2132 13 36 i
1589 2132 84 49 juni
1704 2134 96 34 1873

211 2185 154 50 deltaga
392 2186 12 36 i
431 2187 220 48 göromålen
687 2186 64 36 vid
791 2187 267 48 postkontoret
1084 2186 13 36 i
1124 2185 224 49 Falköping,
1392 2184 205 37 anställdes
1634 2187 40 33 år
1704 2186 97 35 1874

211 2241 128 34 såsom
366 2238 186 48 tillfälligt
580 2238 146 37 biträde
755 2239 195 36 därstädes
979 2238 86 36 med
1094 2238 155 36 arfvode
1279 2238 39 36 af
1336 2239 73 34 300
1431 2238 136 35 kronor
1585 2237 61 36 för
1673 2240 40 33 år
1733 2236 69 37 och

211 2297 139 42 antogs
381 2290 73 37 den
483 2293 46 34 22
560 2291 215 49 september
807 2292 94 35 1876
930 2290 59 37 till
1017 2296 104 31 extra
1150 2290 145 36 biträde
1323 2290 101 46 eller,
1455 2293 122 33 såsom
1608 2288 104 50 dylik
1739 2289 64 36 be-

212 2343 346 49 fattningshafvare
600 2357 156 23 numera
797 2343 219 48 benämnes,
1045 2342 223 37 biträdande
1295 2342 285 49 postexpeditör
1607 2341 64 36 vid
1699 2346 104 43 post-
