2187 2659
433 213 104 31 Andra
560 214 200 31 Kammarens
787 216 159 38 Tillfälliga
974 217 128 30 Utskotts
1124 203 71 52 (N:o
1219 218 31 39 4)
1279 220 152 31 Utlåtande
1453 219 64 32 N:o
1542 223 51 30 34.
1740 223 62 31 157

910 340 82 34 Art.
1018 342 82 33 XII.

310 400 85 36 Afin
427 414 69 35 que
524 402 53 36 les
604 401 212 39 Puissances
844 417 43 23 en
911 418 131 36 guerre
1071 420 44 23 ne
1143 408 164 48 puissent
1326 410 193 47 prétendre
1540 424 106 23 cause
1666 411 136 49 d'igno-

202 465 107 24 rance
342 454 63 35 des
438 467 262 37 arrangemens
728 458 74 47 pris
830 464 103 30 entre
962 459 116 37 Leurs
1105 461 94 36 dites
1227 461 176 49 Majestés,
1430 464 101 35 Elles
1560 465 241 37 conviennent

203 506 44 37 de
276 510 123 46 porter
427 508 21 36 å
473 509 37 35 la
543 510 254 37 connoissance
826 511 61 37 des
916 513 140 37 Parties
1084 515 257 49 belligérantes
1369 518 52 34 les
1449 530 160 25 mesures
1638 518 58 49 qu'
1702 519 99 37 Elles

203 566 63 31 ont
307 563 224 36 contractées
571 566 102 34 entre
714 564 110 46 Elles,
858 566 166 38 d'autant
1052 570 120 36 moins
1200 569 159 47 hostiles,
1391 572 150 47 quwelles
1570 586 45 23 ne
1643 578 82 31 sont
1753 587 48 24 au

203 615 198 37 détriment
443 617 155 36 d'aucun
639 624 106 31 autre
779 619 98 46 Pais;
913 623 92 35 mais
1037 623 150 37 tendent
1220 625 241 47 uniquement
1489 626 20 36 å
1538 628 35 35 la
1600 629 121 35 såreté
1750 629 49 35 du

201 667 216 39 Commerce
445 676 37 31 et
510 671 45 37 de
582 673 38 35 la
647 671 223 52 Navigation
899 675 43 37 de
970 676 117 37 Leurs
1115 678 111 48 sujets
1253 678 197 49 respectifs.

899 827 81 32 Art.
1006 827 98 33 XIII.

308 885 51 37 La
401 888 166 47 présente
609 886 229 40 Convention
881 903 78 24 sera
991 893 140 36 ratifiée
1159 906 67 35 par
1255 894 52 36 les
1335 894 97 37 deux
1460 895 140 37 Parties
1628 896 170 38 Contrac-

200 943 119 33 tantes
351 945 37 31 et
420 941 52 35 les
504 942 238 37 ratifications
775 944 198 50 échangées
1001 959 45 22 en
1074 947 119 36 bonne
1221 954 37 29 et
1286 948 72 36 duö
1386 947 118 39 forme
1529 950 90 37 dans
1647 951 151 50 Véspace

201 993 44 36 de
287 993 60 37 Six
391 993 184 39 Semaines
616 1009 48 24 ou
706 998 133 48 plutét,
882 1000 30 35 si
946 998 92 38 faire
1067 1013 35 24 se
1130 1006 101 43 peut,
1272 1002 10 35 å
1310 1008 164 43 compter
1502 1004 51 36 du
1578 1005 84 48 jour
1691 1006 44 35 de
1763 1007 36 35 la

200 1048 197 49 signature.

306 1102 55 36 En
402 1101 70 38 fois
514 1103 44 36 de
600 1105 87 46 quoi
722 1103 100 39 Nous
861 1108 201 48 soussignés
1104 1122 44 23 en
1178 1114 107 31 vertu
1313 1110 45 36 de
1386 1109 74 38 Nos
1488 1111 311 50 Pleins-pouvoirs

199 1156 140 36 Pavons
366 1157 123 47 signée
518 1162 36 31 et
581 1171 25 36 y
634 1171 114 24 avons
777 1162 135 46 apposé
941 1161 32 35 le
1002 1160 136 38 Cachet
1160 1163 45 36 de
1233 1163 75 36 Nos
1335 1165 142 37 Armes.

305 1222 82 37 Fait
416 1223 21 37 å
465 1223 54 38 S:t
547 1224 244 51 Petersbourg
819 1228 34 36 le
876 1211 103 78 fentre
998 1228 202 38 Decembre
1228 1231 103 36 Mille
1360 1231 93 37 Huit
1480 1231 103 39 Cent.

311 1327 108 36 Court
446 1328 175 48 Stedingk.
1260 1337 136 46 Compte
1424 1340 40 32 de
1491 1338 196 48 Rostopsin.

395 1387 44 36 (L.
459 1388 37 35 8.)
1421 1397 41 33 (L.
1482 1398 40 32 8)

764 1641 207 40 Articles
1001 1645 237 47 séparés.”

900 1742 147 33 Article
1071 1743 25 32 I.

304 1819 102 37 Pour
445 1820 139 37 donner
623 1834 47 24 au
710 1822 156 50 systéme
905 1824 44 36 de
986 1825 36 35 la
1062 1826 198 36 neutralité
1292 1828 183 36 maritime
1508 1831 121 35 armée
1658 1836 81 31 tout
1766 1832 33 36 le

198 1872 104 49 poids
340 1880 37 29 et
405 1876 103 34 toute
541 1875 37 35 la
609 1876 145 37 solidité
783 1877 90 36 dont
900 1878 28 35 il
956 1884 54 30 est
1037 1880 230 48 susceptible,
1297 1880 115 37 Leurs
1439 1883 174 48 Majestés
1641 1884 157 50 YEmpe-

198 1938 87 24 reur
324 1927 44 36 de
410 1933 121 31 toutes
572 1929 52 36 les
666 1930 145 36 Russies
852 1937 35 30 et
919 1933 32 34 le
984 1933 69 36 Roi
1081 1933 43 36 de
1153 1932 118 38 Suéde
1300 1936 240 37 conviennent
1568 1937 153 37 d'armer
1749 1952 49 24 au

198 1980 178 48 printems
416 1982 186 48 prochain,
643 1988 37 31 et
721 1984 28 36 si
791 1985 52 36 les
884 1986 261 37 circonstances
1187 1986 174 51 V'exigent
1398 1989 45 37 de
1484 1996 130 32 mettre
1647 2005 45 23 en
1721 2006 77 23 mer

199 2035 151 35 aussitöt
379 2048 70 35 que
476 2036 36 35 la
541 2037 116 35 saison
686 2038 35 35 le
748 2044 209 42 permettra,
987 2053 49 23 un
1064 2042 153 35 nombre
1242 2043 245 37 considérable
1515 2045 45 36 de
1588 2046 101 37 leurs
1708 2048 89 36 vais-

199 2100 113 24 seaux
345 2088 45 37 de
428 2102 132 35 guerre
593 2104 94 35 pour
720 2092 51 36 les
795 2094 192 49 employer
1014 2099 151 43 partout
1193 2095 48 36 ou
1268 2097 32 36 le
1329 2097 124 36 besoin
1482 2098 177 51 VPexigera
1688 2106 36 31 et
1753 2102 44 36 de

198 2142 52 36 les
279 2144 195 35 entretenir
501 2144 89 36 dans
618 2145 34 36 le
681 2149 120 33 méme
830 2147 76 36 état
934 2149 97 35 aussi
1059 2149 180 49 longtems
1268 2163 70 35 que
1367 2152 52 36 les
1438 2152 273 48 circonstances,
1733 2156 64 47 qui

198 2202 64 29 ont
303 2195 70 37 fait
414 2199 117 35 naitre
572 2199 37 35 la
651 2200 174 37 nécessité
859 2201 44 36 de
937 2207 56 31 cet
1024 2208 212 41 armement,
1266 2210 178 32 resteront
1471 2208 53 35 les
1551 2210 144 35 mémes.
1751 2208 46 38 Sa

305 2305 13 13 >
338 2304 73 27 Efter
430 2305 114 32 original
562 2305 9 26 i
591 2305 124 28 Svenska
733 2307 168 27 riksarkivet.
