<?xml version="1.0" encoding="UTF-8"?>
<alto xmlns="http://www.loc.gov/standards/alto/ns-v3#" xmlns:xlink="http://www.w3.org/1999/xlink" xmlns:xsi="http://www.w3.org/2001/XMLSchema-instance" xsi:schemaLocation="http://www.loc.gov/standards/alto/ns-v3# http://www.loc.gov/alto/v3/alto-3-0.xsd">
	<Description>
		<MeasurementUnit>pixel</MeasurementUnit>
		<sourceImageInformation>
			<fileName>/tmp/tess_7rmpgoj5_input.PNG</fileName>
		</sourceImageInformation>
		<OCRProcessing ID="OCR_0">
			<ocrProcessingStep>
				<processingSoftware>
					<softwareName>tesseract 5.3.0</softwareName>
				</processingSoftware>
			</ocrProcessingStep>
		</OCRProcessing>
	</Description>
	<Layout>
		<Page WIDTH="2200" HEIGHT="2658" PHYSICAL_IMG_NR="0" ID="page_0">
			<PrintSpace HPOS="0" VPOS="0" WIDTH="2200" HEIGHT="2658">
				<ComposedBlock ID="cblock_0" HPOS="458" VPOS="210" WIDTH="1361" HEIGHT="41">
					<TextBlock ID="block_0" HPOS="458" VPOS="210" WIDTH="1361" HEIGHT="41">
						<TextLine ID="line_0" HPOS="458" VPOS="210" WIDTH="1361" HEIGHT="41">
							<String ID="string_0" HPOS="458" VPOS="210" WIDTH="104" HEIGHT="29" WC="0.94" CONTENT="Andra"/><SP WIDTH="23" VPOS="210" HPOS="562"/>
							<String ID="string_1" HPOS="585" VPOS="210" WIDTH="200" HEIGHT="30" WC="0.95" CONTENT="Kammarens"/><SP WIDTH="25" VPOS="210" HPOS="785"/>
							<String ID="string_2" HPOS="810" VPOS="210" WIDTH="167" HEIGHT="39" WC="0.93" CONTENT="Tillfälliga"/><SP WIDTH="29" VPOS="210" HPOS="977"/>
							<String ID="string_3" HPOS="1006" VPOS="212" WIDTH="127" HEIGHT="30" WC="0.90" CONTENT="Utskotts"/><SP WIDTH="23" VPOS="212" HPOS="1133"/>
							<String ID="string_4" HPOS="1156" VPOS="212" WIDTH="69" HEIGHT="38" WC="0.96" CONTENT="(N:o"/><SP WIDTH="25" VPOS="212" HPOS="1225"/>
							<String ID="string_5" HPOS="1250" VPOS="213" WIDTH="30" HEIGHT="38" WC="0.94" CONTENT="4)"/><SP WIDTH="29" VPOS="213" HPOS="1280"/>
							<String ID="string_6" HPOS="1309" VPOS="214" WIDTH="153" HEIGHT="31" WC="0.96" CONTENT="Utlåtande"/><SP WIDTH="22" VPOS="214" HPOS="1462"/>
							<String ID="string_7" HPOS="1484" VPOS="216" WIDTH="59" HEIGHT="31" WC="0.95" CONTENT="N:o"/><SP WIDTH="24" VPOS="216" HPOS="1543"/>
							<String ID="string_8" HPOS="1567" VPOS="217" WIDTH="52" HEIGHT="29" WC="0.96" CONTENT="34."/><SP WIDTH="139" VPOS="217" HPOS="1619"/>
							<String ID="string_9" HPOS="1758" VPOS="216" WIDTH="61" HEIGHT="32" WC="0.92" CONTENT="111"/>
						</TextLine>
					</TextBlock>
				</ComposedBlock>
				<ComposedBlock ID="cblock_1" HPOS="221" VPOS="287" WIDTH="1602" HEIGHT="862">
					<TextBlock ID="block_1" HPOS="222" VPOS="287" WIDTH="1601" HEIGHT="222">
						<TextLine ID="line_1" HPOS="222" VPOS="287" WIDTH="1601" HEIGHT="60">
							<String ID="string_10" HPOS="222" VPOS="289" WIDTH="74" HEIGHT="37" WC="0.96" CONTENT="den"/><SP WIDTH="42" VPOS="289" HPOS="296"/>
							<String ID="string_11" HPOS="338" VPOS="287" WIDTH="41" HEIGHT="38" WC="0.96" CONTENT="af"/><SP WIDTH="30" VPOS="287" HPOS="379"/>
							<String ID="string_12" HPOS="409" VPOS="291" WIDTH="99" HEIGHT="37" WC="0.96" CONTENT="1839"/><SP WIDTH="40" VPOS="291" HPOS="508"/>
							<String ID="string_13" HPOS="548" VPOS="290" WIDTH="254" HEIGHT="50" WC="0.95" CONTENT="uttryckligen"/><SP WIDTH="28" VPOS="290" HPOS="802"/>
							<String ID="string_14" HPOS="830" VPOS="289" WIDTH="109" HEIGHT="38" WC="0.96" CONTENT="äfven"/><SP WIDTH="29" VPOS="289" HPOS="939"/>
							<String ID="string_15" HPOS="968" VPOS="289" WIDTH="41" HEIGHT="39" WC="0.95" CONTENT="af"/><SP WIDTH="25" VPOS="289" HPOS="1009"/>
							<String ID="string_16" HPOS="1034" VPOS="291" WIDTH="103" HEIGHT="38" WC="0.96" CONTENT="dessa"/><SP WIDTH="27" VPOS="291" HPOS="1137"/>
							<String ID="string_17" HPOS="1164" VPOS="294" WIDTH="144" HEIGHT="36" WC="0.96" CONTENT="makter"/><SP WIDTH="27" VPOS="294" HPOS="1308"/>
							<String ID="string_18" HPOS="1335" VPOS="293" WIDTH="128" HEIGHT="39" WC="0.93" CONTENT="blifvit"/><SP WIDTH="27" VPOS="293" HPOS="1463"/>
							<String ID="string_19" HPOS="1490" VPOS="296" WIDTH="220" HEIGHT="37" WC="0.84" CONTENT="tillerkändt"/><SP WIDTH="33" VPOS="296" HPOS="1710"/>
							<String ID="string_20" HPOS="1743" VPOS="310" WIDTH="80" HEIGHT="37" WC="0.90" CONTENT="per-"/>
						</TextLine>
						<TextLine ID="line_2" HPOS="222" VPOS="345" WIDTH="1599" HEIGHT="53">
							<String ID="string_21" HPOS="222" VPOS="349" WIDTH="152" HEIGHT="31" WC="0.90" CONTENT="manent"/><SP WIDTH="42" VPOS="349" HPOS="374"/>
							<String ID="string_22" HPOS="416" VPOS="345" WIDTH="225" HEIGHT="36" WC="0.93" CONTENT="neutralitet."/><SP WIDTH="56" VPOS="345" HPOS="641"/>
							<String ID="string_23" HPOS="697" VPOS="345" WIDTH="255" HEIGHT="37" WC="0.87" CONTENT="Betecknande"/><SP WIDTH="42" VPOS="345" HPOS="952"/>
							<String ID="string_24" HPOS="994" VPOS="354" WIDTH="63" HEIGHT="29" WC="0.96" CONTENT="äro"/><SP WIDTH="38" VPOS="354" HPOS="1057"/>
							<String ID="string_25" HPOS="1095" VPOS="347" WIDTH="68" HEIGHT="36" WC="0.89" CONTENT="ock"/><SP WIDTH="42" VPOS="347" HPOS="1163"/>
							<String ID="string_26" HPOS="1205" VPOS="348" WIDTH="209" HEIGHT="50" WC="0.89" CONTENT="ordalagen,"/><SP WIDTH="41" VPOS="348" HPOS="1414"/>
							<String ID="string_27" HPOS="1455" VPOS="362" WIDTH="78" HEIGHT="24" WC="0.96" CONTENT="som"/><SP WIDTH="47" VPOS="362" HPOS="1533"/>
							<String ID="string_28" HPOS="1580" VPOS="352" WIDTH="187" HEIGHT="36" WC="0.96" CONTENT="användas"/><SP WIDTH="41" VPOS="352" HPOS="1767"/>
							<String ID="string_29" HPOS="1808" VPOS="353" WIDTH="13" HEIGHT="35" WC="0.95" CONTENT="i"/>
						</TextLine>
						<TextLine ID="line_3" HPOS="227" VPOS="397" WIDTH="1593" HEIGHT="54">
							<String ID="string_30" HPOS="227" VPOS="400" WIDTH="100" HEIGHT="36" WC="0.96" CONTENT="1870"/><SP WIDTH="29" VPOS="400" HPOS="327"/>
							<String ID="string_31" HPOS="356" VPOS="397" WIDTH="58" HEIGHT="37" WC="0.92" CONTENT="års"/><SP WIDTH="27" VPOS="397" HPOS="414"/>
							<String ID="string_32" HPOS="441" VPOS="399" WIDTH="180" HEIGHT="36" WC="0.92" CONTENT="traktater"/><SP WIDTH="29" VPOS="399" HPOS="621"/>
							<String ID="string_33" HPOS="650" VPOS="398" WIDTH="49" HEIGHT="50" WC="0.96" CONTENT="(se"/><SP WIDTH="29" VPOS="398" HPOS="699"/>
							<String ID="string_34" HPOS="728" VPOS="399" WIDTH="64" HEIGHT="37" WC="0.96" CONTENT="sid."/><SP WIDTH="34" VPOS="399" HPOS="792"/>
							<String ID="string_35" HPOS="826" VPOS="399" WIDTH="74" HEIGHT="49" WC="0.93" CONTENT="98)."/><SP WIDTH="60" VPOS="399" HPOS="900"/>
							<String ID="string_36" HPOS="960" VPOS="400" WIDTH="111" HEIGHT="37" WC="0.94" CONTENT="Detta"/><SP WIDTH="28" VPOS="400" HPOS="1071"/>
							<String ID="string_37" HPOS="1099" VPOS="408" WIDTH="39" HEIGHT="29" WC="0.96" CONTENT="är"/><SP WIDTH="29" VPOS="408" HPOS="1138"/>
							<String ID="string_38" HPOS="1167" VPOS="402" WIDTH="62" HEIGHT="36" WC="0.96" CONTENT="väl"/><SP WIDTH="32" VPOS="402" HPOS="1229"/>
							<String ID="string_39" HPOS="1261" VPOS="403" WIDTH="69" HEIGHT="36" WC="0.96" CONTENT="ock"/><SP WIDTH="37" VPOS="403" HPOS="1330"/>
							<String ID="string_40" HPOS="1367" VPOS="404" WIDTH="127" HEIGHT="45" WC="0.93" CONTENT="skälet,"/><SP WIDTH="19" VPOS="404" HPOS="1494"/>
							<String ID="string_41" HPOS="1513" VPOS="404" WIDTH="161" HEIGHT="47" WC="0.95" CONTENT="hvarför,"/><SP WIDTH="27" VPOS="404" HPOS="1674"/>
							<String ID="string_42" HPOS="1701" VPOS="405" WIDTH="119" HEIGHT="38" WC="0.96" CONTENT="såsom"/>
						</TextLine>
						<TextLine ID="line_4" HPOS="223" VPOS="451" WIDTH="1489" HEIGHT="58">
							<String ID="string_43" HPOS="223" VPOS="452" WIDTH="113" HEIGHT="35" WC="0.96" CONTENT="redan"/><SP WIDTH="33" VPOS="452" HPOS="336"/>
							<String ID="string_44" HPOS="369" VPOS="451" WIDTH="188" HEIGHT="49" WC="0.96" CONTENT="påpekats,"/><SP WIDTH="34" VPOS="451" HPOS="557"/>
							<String ID="string_45" HPOS="591" VPOS="453" WIDTH="94" HEIGHT="35" WC="0.96" CONTENT="intet"/><SP WIDTH="32" VPOS="453" HPOS="685"/>
							<String ID="string_46" HPOS="717" VPOS="454" WIDTH="209" HEIGHT="47" WC="0.96" CONTENT="europeiskt"/><SP WIDTH="30" VPOS="454" HPOS="926"/>
							<String ID="string_47" HPOS="956" VPOS="455" WIDTH="89" HEIGHT="35" WC="0.96" CONTENT="land"/><SP WIDTH="28" VPOS="455" HPOS="1045"/>
							<String ID="string_48" HPOS="1073" VPOS="454" WIDTH="86" HEIGHT="49" WC="0.96" CONTENT="sjelf"/><SP WIDTH="25" VPOS="454" HPOS="1159"/>
							<String ID="string_49" HPOS="1184" VPOS="456" WIDTH="128" HEIGHT="49" WC="0.96" CONTENT="begärt"/><SP WIDTH="28" VPOS="456" HPOS="1312"/>
							<String ID="string_50" HPOS="1340" VPOS="457" WIDTH="54" HEIGHT="36" WC="0.96" CONTENT="sin"/><SP WIDTH="28" VPOS="457" HPOS="1394"/>
							<String ID="string_51" HPOS="1422" VPOS="460" WIDTH="290" HEIGHT="49" WC="0.96" CONTENT="neutralisering."/>
						</TextLine>
					</TextBlock>
					<TextBlock ID="block_2" HPOS="221" VPOS="504" WIDTH="1600" HEIGHT="492">
						<TextLine ID="line_5" HPOS="329" VPOS="504" WIDTH="1491" HEIGHT="59">
							<String ID="string_52" HPOS="329" VPOS="504" WIDTH="185" HEIGHT="51" WC="0.95" CONTENT="Slutligen"/><SP WIDTH="29" VPOS="504" HPOS="514"/>
							<String ID="string_53" HPOS="543" VPOS="506" WIDTH="70" HEIGHT="36" WC="0.96" CONTENT="vill"/><SP WIDTH="28" VPOS="506" HPOS="613"/>
							<String ID="string_54" HPOS="641" VPOS="507" WIDTH="182" HEIGHT="36" WC="0.96" CONTENT="utskottet"/><SP WIDTH="27" VPOS="507" HPOS="823"/>
							<String ID="string_55" HPOS="850" VPOS="508" WIDTH="119" HEIGHT="36" WC="0.96" CONTENT="erinra"/><SP WIDTH="28" VPOS="508" HPOS="969"/>
							<String ID="string_56" HPOS="997" VPOS="521" WIDTH="72" HEIGHT="31" WC="0.96" CONTENT="om,"/><SP WIDTH="28" VPOS="521" HPOS="1069"/>
							<String ID="string_57" HPOS="1097" VPOS="514" WIDTH="55" HEIGHT="31" WC="0.96" CONTENT="att"/><SP WIDTH="27" VPOS="514" HPOS="1152"/>
							<String ID="string_58" HPOS="1179" VPOS="510" WIDTH="213" HEIGHT="49" WC="0.95" CONTENT="Riksdagen"/><SP WIDTH="28" VPOS="510" HPOS="1392"/>
							<String ID="string_59" HPOS="1420" VPOS="510" WIDTH="41" HEIGHT="37" WC="0.95" CONTENT="år"/><SP WIDTH="32" VPOS="510" HPOS="1461"/>
							<String ID="string_60" HPOS="1493" VPOS="514" WIDTH="99" HEIGHT="36" WC="0.96" CONTENT="1899"/><SP WIDTH="31" VPOS="514" HPOS="1592"/>
							<String ID="string_61" HPOS="1623" VPOS="514" WIDTH="85" HEIGHT="36" WC="0.93" CONTENT="med"/><SP WIDTH="24" VPOS="514" HPOS="1708"/>
							<String ID="string_62" HPOS="1732" VPOS="515" WIDTH="88" HEIGHT="48" WC="0.92" CONTENT="god-"/>
						</TextLine>
						<TextLine ID="line_6" HPOS="223" VPOS="559" WIDTH="1596" HEIGHT="57">
							<String ID="string_63" HPOS="223" VPOS="560" WIDTH="193" HEIGHT="36" WC="0.90" CONTENT="kännande"/><SP WIDTH="29" VPOS="560" HPOS="416"/>
							<String ID="string_64" HPOS="445" VPOS="559" WIDTH="41" HEIGHT="37" WC="0.93" CONTENT="af"/><SP WIDTH="26" VPOS="559" HPOS="486"/>
							<String ID="string_65" HPOS="512" VPOS="562" WIDTH="286" HEIGHT="35" WC="0.91" CONTENT="statsutskottets"/><SP WIDTH="28" VPOS="562" HPOS="798"/>
							<String ID="string_66" HPOS="826" VPOS="562" WIDTH="137" HEIGHT="49" WC="0.96" CONTENT="förslag"/><SP WIDTH="28" VPOS="562" HPOS="963"/>
							<String ID="string_67" HPOS="991" VPOS="563" WIDTH="118" HEIGHT="36" WC="0.96" CONTENT="beslöt"/><SP WIDTH="29" VPOS="563" HPOS="1109"/>
							<String ID="string_68" HPOS="1138" VPOS="568" WIDTH="54" HEIGHT="31" WC="0.91" CONTENT="att"/><SP WIDTH="27" VPOS="568" HPOS="1192"/>
							<String ID="string_69" HPOS="1219" VPOS="563" WIDTH="92" HEIGHT="38" WC="0.91" CONTENT="afslå"/><SP WIDTH="30" VPOS="563" HPOS="1311"/>
							<String ID="string_70" HPOS="1341" VPOS="565" WIDTH="45" HEIGHT="36" WC="0.96" CONTENT="då"/><SP WIDTH="18" VPOS="565" HPOS="1386"/>
							<String ID="string_71" HPOS="1404" VPOS="566" WIDTH="254" HEIGHT="50" WC="0.96" CONTENT="föreliggande"/><SP WIDTH="20" VPOS="566" HPOS="1658"/>
							<String ID="string_72" HPOS="1678" VPOS="569" WIDTH="141" HEIGHT="36" WC="0.96" CONTENT="motion"/>
						</TextLine>
						<TextLine ID="line_7" HPOS="222" VPOS="613" WIDTH="1599" HEIGHT="59">
							<String ID="string_73" HPOS="222" VPOS="614" WIDTH="11" HEIGHT="35" WC="0.94" CONTENT="i"/><SP WIDTH="29" VPOS="614" HPOS="233"/>
							<String ID="string_74" HPOS="262" VPOS="614" WIDTH="177" HEIGHT="36" WC="0.96" CONTENT="liknande"/><SP WIDTH="29" VPOS="614" HPOS="439"/>
							<String ID="string_75" HPOS="468" VPOS="613" WIDTH="95" HEIGHT="51" WC="0.96" CONTENT="syfte"/><SP WIDTH="30" VPOS="613" HPOS="563"/>
							<String ID="string_76" HPOS="593" VPOS="615" WIDTH="119" HEIGHT="36" WC="0.96" CONTENT="under"/><SP WIDTH="27" VPOS="615" HPOS="712"/>
							<String ID="string_77" HPOS="739" VPOS="616" WIDTH="193" HEIGHT="36" WC="0.95" CONTENT="uttalande"/><SP WIDTH="22" VPOS="616" HPOS="932"/>
							<String ID="string_78" HPOS="954" VPOS="615" WIDTH="39" HEIGHT="37" WC="0.96" CONTENT="af"/><SP WIDTH="16" VPOS="615" HPOS="993"/>
							<String ID="string_79" HPOS="1009" VPOS="620" WIDTH="75" HEIGHT="33" WC="0.73" CONTENT="satt"/><SP WIDTH="18" VPOS="620" HPOS="1084"/>
							<String ID="string_80" HPOS="1102" VPOS="618" WIDTH="155" HEIGHT="36" WC="0.96" CONTENT="svenska"/><SP WIDTH="28" VPOS="618" HPOS="1257"/>
							<String ID="string_81" HPOS="1285" VPOS="620" WIDTH="135" HEIGHT="35" WC="0.96" CONTENT="folkets"/><SP WIDTH="15" VPOS="620" HPOS="1420"/>
							<String ID="string_82" HPOS="1435" VPOS="620" WIDTH="189" HEIGHT="37" WC="0.95" CONTENT="bestämda"/><SP WIDTH="20" VPOS="620" HPOS="1624"/>
							<String ID="string_83" HPOS="1644" VPOS="623" WIDTH="68" HEIGHT="35" WC="0.93" CONTENT="och"/><SP WIDTH="20" VPOS="623" HPOS="1712"/>
							<String ID="string_84" HPOS="1732" VPOS="636" WIDTH="89" HEIGHT="36" WC="0.92" CONTENT="upp-"/>
						</TextLine>
						<TextLine ID="line_8" HPOS="221" VPOS="668" WIDTH="1600" HEIGHT="53">
							<String ID="string_85" HPOS="221" VPOS="668" WIDTH="135" HEIGHT="49" WC="0.92" CONTENT="rigtiga"/><SP WIDTH="42" VPOS="668" HPOS="356"/>
							<String ID="string_86" HPOS="398" VPOS="669" WIDTH="138" HEIGHT="35" WC="0.96" CONTENT="önskan"/><SP WIDTH="29" VPOS="669" HPOS="536"/>
							<String ID="string_87" HPOS="565" VPOS="675" WIDTH="49" HEIGHT="39" WC="0.95" CONTENT="är,"/><SP WIDTH="37" VPOS="675" HPOS="614"/>
							<String ID="string_88" HPOS="651" VPOS="674" WIDTH="55" HEIGHT="31" WC="0.96" CONTENT="att"/><SP WIDTH="37" VPOS="674" HPOS="706"/>
							<String ID="string_89" HPOS="743" VPOS="668" WIDTH="285" HEIGHT="51" WC="0.95" CONTENT="Sverige-Norge"/><SP WIDTH="28" VPOS="668" HPOS="1028"/>
							<String ID="string_90" HPOS="1056" VPOS="671" WIDTH="61" HEIGHT="36" WC="0.95" CONTENT="må"/><SP WIDTH="28" VPOS="671" HPOS="1117"/>
							<String ID="string_91" HPOS="1145" VPOS="672" WIDTH="67" HEIGHT="36" WC="0.96" CONTENT="allt"/><SP WIDTH="26" VPOS="672" HPOS="1212"/>
							<String ID="string_92" HPOS="1238" VPOS="671" WIDTH="185" HEIGHT="50" WC="0.96" CONTENT="framgent"/><SP WIDTH="28" VPOS="671" HPOS="1423"/>
							<String ID="string_93" HPOS="1451" VPOS="675" WIDTH="101" HEIGHT="36" WC="0.95" CONTENT="lefva"/><SP WIDTH="28" VPOS="675" HPOS="1552"/>
							<String ID="string_94" HPOS="1580" VPOS="676" WIDTH="13" HEIGHT="35" WC="0.95" CONTENT="i"/><SP WIDTH="18" VPOS="676" HPOS="1593"/>
							<String ID="string_95" HPOS="1611" VPOS="676" WIDTH="91" HEIGHT="45" WC="0.95" CONTENT="fred,"/><SP WIDTH="29" VPOS="676" HPOS="1702"/>
							<String ID="string_96" HPOS="1731" VPOS="683" WIDTH="90" HEIGHT="30" WC="0.96" CONTENT="utan"/>
						</TextLine>
						<TextLine ID="line_9" HPOS="221" VPOS="722" WIDTH="1600" HEIGHT="52">
							<String ID="string_97" HPOS="221" VPOS="722" WIDTH="244" HEIGHT="49" WC="0.96" CONTENT="inblandning"/><SP WIDTH="44" VPOS="722" HPOS="465"/>
							<String ID="string_98" HPOS="509" VPOS="723" WIDTH="13" HEIGHT="35" WC="0.82" CONTENT="1"/><SP WIDTH="38" VPOS="723" HPOS="522"/>
							<String ID="string_99" HPOS="560" VPOS="722" WIDTH="112" HEIGHT="37" WC="0.96" CONTENT="andra"/><SP WIDTH="41" VPOS="722" HPOS="672"/>
							<String ID="string_100" HPOS="713" VPOS="727" WIDTH="129" HEIGHT="33" WC="0.96" CONTENT="staters"/><SP WIDTH="46" VPOS="727" HPOS="842"/>
							<String ID="string_101" HPOS="888" VPOS="725" WIDTH="304" HEIGHT="49" WC="0.94" CONTENT="angelägenheter"/><SP WIDTH="41" VPOS="725" HPOS="1192"/>
							<String ID="string_102" HPOS="1233" VPOS="727" WIDTH="92" HEIGHT="36" WC="0.94" CONTENT="eller"/><SP WIDTH="27" VPOS="727" HPOS="1325"/>
							<String ID="string_103" HPOS="1352" VPOS="728" WIDTH="138" HEIGHT="45" WC="0.96" CONTENT="tvister,"/><SP WIDTH="28" VPOS="728" HPOS="1490"/>
							<String ID="string_104" HPOS="1518" VPOS="736" WIDTH="96" HEIGHT="29" WC="0.95" CONTENT="samt"/><SP WIDTH="28" VPOS="736" HPOS="1614"/>
							<String ID="string_105" HPOS="1642" VPOS="735" WIDTH="53" HEIGHT="31" WC="0.93" CONTENT="att"/><SP WIDTH="23" VPOS="735" HPOS="1695"/>
							<String ID="string_106" HPOS="1718" VPOS="731" WIDTH="103" HEIGHT="37" WC="0.89" CONTENT="Riks-"/>
						</TextLine>
						<TextLine ID="line_10" HPOS="221" VPOS="776" WIDTH="1600" HEIGHT="53">
							<String ID="string_107" HPOS="221" VPOS="776" WIDTH="119" HEIGHT="49" WC="0.95" CONTENT="dagen"/><SP WIDTH="41" VPOS="776" HPOS="340"/>
							<String ID="string_108" HPOS="381" VPOS="777" WIDTH="203" HEIGHT="44" WC="0.95" CONTENT="förväntar,"/><SP WIDTH="44" VPOS="777" HPOS="584"/>
							<String ID="string_109" HPOS="628" VPOS="782" WIDTH="54" HEIGHT="31" WC="0.96" CONTENT="att"/><SP WIDTH="41" VPOS="782" HPOS="682"/>
							<String ID="string_110" HPOS="723" VPOS="777" WIDTH="134" HEIGHT="51" WC="0.94" CONTENT="Kongl."/><SP WIDTH="39" VPOS="777" HPOS="857"/>
							<String ID="string_111" HPOS="896" VPOS="778" WIDTH="118" HEIGHT="49" WC="0.95" CONTENT="Maj:ts"/><SP WIDTH="36" VPOS="778" HPOS="1014"/>
							<String ID="string_112" HPOS="1050" VPOS="780" WIDTH="172" HEIGHT="49" WC="0.96" CONTENT="regering"/><SP WIDTH="28" VPOS="780" HPOS="1222"/>
							<String ID="string_113" HPOS="1250" VPOS="781" WIDTH="70" HEIGHT="36" WC="0.96" CONTENT="allt"/><SP WIDTH="22" VPOS="781" HPOS="1320"/>
							<String ID="string_114" HPOS="1342" VPOS="780" WIDTH="226" HEIGHT="39" WC="0.96" CONTENT="fortfarande"/><SP WIDTH="16" VPOS="780" HPOS="1568"/>
							<String ID="string_115" HPOS="1584" VPOS="784" WIDTH="79" HEIGHT="36" WC="0.93" CONTENT="icke"/><SP WIDTH="16" VPOS="784" HPOS="1663"/>
							<String ID="string_116" HPOS="1679" VPOS="785" WIDTH="142" HEIGHT="37" WC="0.91" CONTENT="lemnar"/>
						</TextLine>
						<TextLine ID="line_11" HPOS="222" VPOS="829" WIDTH="1599" HEIGHT="55">
							<String ID="string_117" HPOS="222" VPOS="829" WIDTH="112" HEIGHT="48" WC="0.92" CONTENT="något"/><SP WIDTH="36" VPOS="829" HPOS="334"/>
							<String ID="string_118" HPOS="370" VPOS="830" WIDTH="149" HEIGHT="49" WC="0.92" CONTENT="tjenligt"/><SP WIDTH="27" VPOS="830" HPOS="519"/>
							<String ID="string_119" HPOS="546" VPOS="830" WIDTH="144" HEIGHT="37" WC="0.92" CONTENT="tillfälle"/><SP WIDTH="29" VPOS="830" HPOS="690"/>
							<String ID="string_120" HPOS="719" VPOS="832" WIDTH="233" HEIGHT="48" WC="0.92" CONTENT="obegagnadt"/><SP WIDTH="27" VPOS="832" HPOS="952"/>
							<String ID="string_121" HPOS="979" VPOS="837" WIDTH="56" HEIGHT="31" WC="0.96" CONTENT="att"/><SP WIDTH="28" VPOS="837" HPOS="1035"/>
							<String ID="string_122" HPOS="1063" VPOS="834" WIDTH="85" HEIGHT="35" WC="0.93" CONTENT="söka"/><SP WIDTH="28" VPOS="834" HPOS="1148"/>
							<String ID="string_123" HPOS="1176" VPOS="833" WIDTH="195" HEIGHT="51" WC="0.91" CONTENT="öfvertyga"/><SP WIDTH="28" VPOS="833" HPOS="1371"/>
							<String ID="string_124" HPOS="1399" VPOS="836" WIDTH="170" HEIGHT="37" WC="0.96" CONTENT="utlandet"/><SP WIDTH="19" VPOS="836" HPOS="1569"/>
							<String ID="string_125" HPOS="1588" VPOS="850" WIDTH="60" HEIGHT="23" WC="0.96" CONTENT="om"/><SP WIDTH="17" VPOS="850" HPOS="1648"/>
							<String ID="string_126" HPOS="1665" VPOS="843" WIDTH="55" HEIGHT="31" WC="0.93" CONTENT="att"/><SP WIDTH="19" VPOS="843" HPOS="1720"/>
							<String ID="string_127" HPOS="1739" VPOS="840" WIDTH="82" HEIGHT="35" WC="0.89" CONTENT="Sve-"/>
						</TextLine>
						<TextLine ID="line_12" HPOS="221" VPOS="883" WIDTH="1599" HEIGHT="49">
							<String ID="string_128" HPOS="221" VPOS="883" WIDTH="234" HEIGHT="49" WC="0.91" CONTENT="rige-Norges"/><SP WIDTH="41" VPOS="883" HPOS="455"/>
							<String ID="string_129" HPOS="496" VPOS="883" WIDTH="162" HEIGHT="38" WC="0.91" CONTENT="sträfvan"/><SP WIDTH="43" VPOS="883" HPOS="658"/>
							<String ID="string_130" HPOS="701" VPOS="886" WIDTH="116" HEIGHT="36" WC="0.96" CONTENT="under"/><SP WIDTH="41" VPOS="886" HPOS="817"/>
							<String ID="string_131" HPOS="858" VPOS="899" WIDTH="44" HEIGHT="23" WC="0.96" CONTENT="en"/><SP WIDTH="42" VPOS="899" HPOS="902"/>
							<String ID="string_132" HPOS="944" VPOS="887" WIDTH="157" HEIGHT="36" WC="0.96" CONTENT="konflikt"/><SP WIDTH="34" VPOS="887" HPOS="1101"/>
							<String ID="string_133" HPOS="1135" VPOS="889" WIDTH="137" HEIGHT="35" WC="0.96" CONTENT="mellan"/><SP WIDTH="33" VPOS="889" HPOS="1272"/>
							<String ID="string_134" HPOS="1305" VPOS="889" WIDTH="116" HEIGHT="36" WC="0.96" CONTENT="andra"/><SP WIDTH="28" VPOS="889" HPOS="1421"/>
							<String ID="string_135" HPOS="1449" VPOS="895" WIDTH="112" HEIGHT="32" WC="0.96" CONTENT="stater"/><SP WIDTH="28" VPOS="895" HPOS="1561"/>
							<String ID="string_136" HPOS="1589" VPOS="893" WIDTH="231" HEIGHT="37" WC="0.96" CONTENT="uteslutande"/>
						</TextLine>
						<TextLine ID="line_13" HPOS="222" VPOS="938" WIDTH="1595" HEIGHT="58">
							<String ID="string_137" HPOS="222" VPOS="938" WIDTH="94" HEIGHT="35" WC="0.92" CONTENT="skall"/><SP WIDTH="41" VPOS="938" HPOS="316"/>
							<String ID="string_138" HPOS="357" VPOS="938" WIDTH="114" HEIGHT="48" WC="0.91" CONTENT="rigtas"/><SP WIDTH="39" VPOS="938" HPOS="471"/>
							<String ID="string_139" HPOS="510" VPOS="938" WIDTH="46" HEIGHT="49" WC="0.96" CONTENT="på"/><SP WIDTH="34" VPOS="938" HPOS="556"/>
							<String ID="string_140" HPOS="590" VPOS="944" WIDTH="54" HEIGHT="30" WC="0.96" CONTENT="att"/><SP WIDTH="28" VPOS="944" HPOS="644"/>
							<String ID="string_141" HPOS="672" VPOS="939" WIDTH="250" HEIGHT="49" WC="0.96" CONTENT="upprätthålla"/><SP WIDTH="29" VPOS="939" HPOS="922"/>
							<String ID="string_142" HPOS="951" VPOS="941" WIDTH="44" HEIGHT="36" WC="0.96" CONTENT="de"/><SP WIDTH="29" VPOS="941" HPOS="995"/>
							<String ID="string_143" HPOS="1024" VPOS="940" WIDTH="186" HEIGHT="37" WC="0.93" CONTENT="Förenade"/><SP WIDTH="28" VPOS="940" HPOS="1210"/>
							<String ID="string_144" HPOS="1238" VPOS="943" WIDTH="144" HEIGHT="36" WC="0.92" CONTENT="rikenas"/><SP WIDTH="31" VPOS="943" HPOS="1382"/>
							<String ID="string_145" HPOS="1413" VPOS="945" WIDTH="171" HEIGHT="35" WC="0.95" CONTENT="neutrala"/><SP WIDTH="28" VPOS="945" HPOS="1584"/>
							<String ID="string_146" HPOS="1612" VPOS="947" WIDTH="205" HEIGHT="49" WC="0.96" CONTENT="ställning»."/>
						</TextLine>
					</TextBlock>
					<TextBlock ID="block_3" HPOS="221" VPOS="991" WIDTH="1598" HEIGHT="158">
						<TextLine ID="line_14" HPOS="329" VPOS="991" WIDTH="1489" HEIGHT="48">
							<String ID="string_147" HPOS="329" VPOS="991" WIDTH="52" HEIGHT="37" WC="0.96" CONTENT="På"/><SP WIDTH="38" VPOS="991" HPOS="381"/>
							<String ID="string_148" HPOS="419" VPOS="991" WIDTH="110" HEIGHT="37" WC="0.96" CONTENT="ofvan"/><SP WIDTH="41" VPOS="991" HPOS="529"/>
							<String ID="string_149" HPOS="570" VPOS="992" WIDTH="154" HEIGHT="37" WC="0.96" CONTENT="anförda"/><SP WIDTH="42" VPOS="992" HPOS="724"/>
							<String ID="string_150" HPOS="766" VPOS="994" WIDTH="80" HEIGHT="36" WC="0.96" CONTENT="skäl"/><SP WIDTH="42" VPOS="994" HPOS="846"/>
							<String ID="string_151" HPOS="888" VPOS="994" WIDTH="69" HEIGHT="36" WC="0.96" CONTENT="och"/><SP WIDTH="39" VPOS="994" HPOS="957"/>
							<String ID="string_152" HPOS="996" VPOS="994" WIDTH="46" HEIGHT="37" WC="0.96" CONTENT="då"/><SP WIDTH="41" VPOS="994" HPOS="1042"/>
							<String ID="string_153" HPOS="1083" VPOS="996" WIDTH="181" HEIGHT="36" WC="0.96" CONTENT="utskottet"/><SP WIDTH="27" VPOS="996" HPOS="1264"/>
							<String ID="string_154" HPOS="1291" VPOS="1009" WIDTH="105" HEIGHT="24" WC="0.96" CONTENT="anser"/><SP WIDTH="29" VPOS="1009" HPOS="1396"/>
							<String ID="string_155" HPOS="1425" VPOS="1003" WIDTH="53" HEIGHT="31" WC="0.96" CONTENT="att"/><SP WIDTH="27" VPOS="1003" HPOS="1478"/>
							<String ID="string_156" HPOS="1505" VPOS="999" WIDTH="111" HEIGHT="36" WC="0.96" CONTENT="sedan"/><SP WIDTH="28" VPOS="999" HPOS="1616"/>
							<String ID="string_157" HPOS="1644" VPOS="999" WIDTH="42" HEIGHT="37" WC="0.96" CONTENT="år"/><SP WIDTH="33" VPOS="999" HPOS="1686"/>
							<String ID="string_158" HPOS="1719" VPOS="1003" WIDTH="99" HEIGHT="36" WC="0.96" CONTENT="1899"/>
						</TextLine>
						<TextLine ID="line_15" HPOS="222" VPOS="1045" WIDTH="1597" HEIGHT="59">
							<String ID="string_159" HPOS="222" VPOS="1046" WIDTH="92" HEIGHT="36" WC="0.96" CONTENT="intet"/><SP WIDTH="27" VPOS="1046" HPOS="314"/>
							<String ID="string_160" HPOS="341" VPOS="1045" WIDTH="180" HEIGHT="46" WC="0.96" CONTENT="inträffat,"/><SP WIDTH="29" VPOS="1045" HPOS="521"/>
							<String ID="string_161" HPOS="550" VPOS="1059" WIDTH="78" HEIGHT="24" WC="0.95" CONTENT="som"/><SP WIDTH="27" VPOS="1059" HPOS="628"/>
							<String ID="string_162" HPOS="655" VPOS="1047" WIDTH="126" HEIGHT="37" WC="0.96" CONTENT="kunde"/><SP WIDTH="29" VPOS="1047" HPOS="781"/>
							<String ID="string_163" HPOS="810" VPOS="1047" WIDTH="189" HEIGHT="38" WC="0.96" CONTENT="föranleda"/><SP WIDTH="28" VPOS="1047" HPOS="999"/>
							<String ID="string_164" HPOS="1027" VPOS="1049" WIDTH="157" HEIGHT="50" WC="0.96" CONTENT="ändring"/><SP WIDTH="19" VPOS="1049" HPOS="1184"/>
							<String ID="string_165" HPOS="1203" VPOS="1050" WIDTH="12" HEIGHT="35" WC="0.96" CONTENT="i"/><SP WIDTH="20" VPOS="1050" HPOS="1215"/>
							<String ID="string_166" HPOS="1235" VPOS="1050" WIDTH="228" HEIGHT="51" WC="0.95" CONTENT="Riksdagens"/><SP WIDTH="22" VPOS="1050" HPOS="1463"/>
							<String ID="string_167" HPOS="1485" VPOS="1052" WIDTH="46" HEIGHT="37" WC="0.96" CONTENT="då"/><SP WIDTH="19" VPOS="1052" HPOS="1531"/>
							<String ID="string_168" HPOS="1550" VPOS="1054" WIDTH="163" HEIGHT="37" WC="0.93" CONTENT="uttalade"/><SP WIDTH="16" VPOS="1054" HPOS="1713"/>
							<String ID="string_169" HPOS="1729" VPOS="1069" WIDTH="90" HEIGHT="35" WC="0.93" CONTENT="upp-"/>
						</TextLine>
						<TextLine ID="line_16" HPOS="221" VPOS="1098" WIDTH="692" HEIGHT="51">
							<String ID="string_170" HPOS="221" VPOS="1098" WIDTH="171" HEIGHT="51" WC="0.96" CONTENT="fattning,"/><SP WIDTH="23" VPOS="1098" HPOS="392"/>
							<String ID="string_171" HPOS="415" VPOS="1099" WIDTH="57" HEIGHT="37" WC="0.96" CONTENT="får"/><SP WIDTH="28" VPOS="1099" HPOS="472"/>
							<String ID="string_172" HPOS="500" VPOS="1101" WIDTH="179" HEIGHT="36" WC="0.93" CONTENT="utskottet"/><SP WIDTH="27" VPOS="1101" HPOS="679"/>
							<String ID="string_173" HPOS="706" VPOS="1102" WIDTH="207" HEIGHT="45" WC="0.89" CONTENT="hemställa,"/>
						</TextLine>
					</TextBlock>
				</ComposedBlock>
				<ComposedBlock ID="cblock_2" HPOS="649" VPOS="1210" WIDTH="1170" HEIGHT="102">
					<TextBlock ID="block_4" HPOS="649" VPOS="1210" WIDTH="1170" HEIGHT="102">
						<TextLine ID="line_17" HPOS="755" VPOS="1210" WIDTH="1063" HEIGHT="47">
							<String ID="string_174" HPOS="755" VPOS="1215" WIDTH="55" HEIGHT="30" WC="0.96" CONTENT="att"/><SP WIDTH="38" VPOS="1215" HPOS="810"/>
							<String ID="string_175" HPOS="848" VPOS="1210" WIDTH="122" HEIGHT="36" WC="0.95" CONTENT="Andra"/><SP WIDTH="28" VPOS="1210" HPOS="970"/>
							<String ID="string_176" HPOS="998" VPOS="1210" WIDTH="235" HEIGHT="47" WC="0.96" CONTENT="Kammaren,"/><SP WIDTH="30" VPOS="1210" HPOS="1233"/>
							<String ID="string_177" HPOS="1263" VPOS="1213" WIDTH="86" HEIGHT="36" WC="0.92" CONTENT="med"/><SP WIDTH="36" VPOS="1213" HPOS="1349"/>
							<String ID="string_178" HPOS="1385" VPOS="1213" WIDTH="234" HEIGHT="38" WC="0.91" CONTENT="vidhållande"/><SP WIDTH="29" VPOS="1213" HPOS="1619"/>
							<String ID="string_179" HPOS="1648" VPOS="1215" WIDTH="40" HEIGHT="37" WC="0.92" CONTENT="af"/><SP WIDTH="25" VPOS="1215" HPOS="1688"/>
							<String ID="string_180" HPOS="1713" VPOS="1217" WIDTH="105" HEIGHT="37" WC="0.91" CONTENT="Riks-"/>
						</TextLine>
						<TextLine ID="line_18" HPOS="649" VPOS="1263" WIDTH="1170" HEIGHT="49">
							<String ID="string_181" HPOS="649" VPOS="1263" WIDTH="136" HEIGHT="49" WC="0.96" CONTENT="dagens"/><SP WIDTH="28" VPOS="1263" HPOS="785"/>
							<String ID="string_182" HPOS="813" VPOS="1266" WIDTH="40" HEIGHT="34" WC="0.95" CONTENT="år"/><SP WIDTH="33" VPOS="1266" HPOS="853"/>
							<String ID="string_183" HPOS="886" VPOS="1266" WIDTH="98" HEIGHT="36" WC="0.96" CONTENT="1899"/><SP WIDTH="30" VPOS="1266" HPOS="984"/>
							<String ID="string_184" HPOS="1014" VPOS="1264" WIDTH="140" HEIGHT="38" WC="0.96" CONTENT="fattade"/><SP WIDTH="47" VPOS="1264" HPOS="1154"/>
							<String ID="string_185" HPOS="1201" VPOS="1266" WIDTH="132" HEIGHT="45" WC="0.96" CONTENT="beslut,"/><SP WIDTH="41" VPOS="1266" HPOS="1333"/>
							<String ID="string_186" HPOS="1374" VPOS="1267" WIDTH="113" HEIGHT="37" WC="0.96" CONTENT="måtte"/><SP WIDTH="40" VPOS="1267" HPOS="1487"/>
							<String ID="string_187" HPOS="1527" VPOS="1268" WIDTH="164" HEIGHT="38" WC="0.95" CONTENT="förklara"/><SP WIDTH="43" VPOS="1268" HPOS="1691"/>
							<String ID="string_188" HPOS="1734" VPOS="1271" WIDTH="85" HEIGHT="36" WC="0.96" CONTENT="herr"/>
						</TextLine>
					</TextBlock>
				</ComposedBlock>
				<ComposedBlock ID="cblock_3" HPOS="646" VPOS="1317" WIDTH="1172" HEIGHT="104">
					<TextBlock ID="block_5" HPOS="646" VPOS="1317" WIDTH="1172" HEIGHT="104">
						<TextLine ID="line_19" HPOS="648" VPOS="1317" WIDTH="1170" HEIGHT="56">
							<String ID="string_189" HPOS="648" VPOS="1317" WIDTH="143" HEIGHT="37" WC="0.93" CONTENT="Hedins"/><SP WIDTH="29" VPOS="1317" HPOS="791"/>
							<String ID="string_190" HPOS="820" VPOS="1331" WIDTH="48" HEIGHT="23" WC="0.91" CONTENT="m."/><SP WIDTH="30" VPOS="1331" HPOS="868"/>
							<String ID="string_191" HPOS="898" VPOS="1319" WIDTH="63" HEIGHT="36" WC="0.67" CONTENT="fl:s"/><SP WIDTH="28" VPOS="1319" HPOS="961"/>
							<String ID="string_192" HPOS="989" VPOS="1317" WIDTH="236" HEIGHT="39" WC="0.96" CONTENT="förevarande"/><SP WIDTH="21" VPOS="1317" HPOS="1225"/>
							<String ID="string_193" HPOS="1246" VPOS="1321" WIDTH="140" HEIGHT="36" WC="0.96" CONTENT="motion"/><SP WIDTH="17" VPOS="1321" HPOS="1386"/>
							<String ID="string_194" HPOS="1403" VPOS="1322" WIDTH="80" HEIGHT="36" WC="0.96" CONTENT="icke"/><SP WIDTH="20" VPOS="1322" HPOS="1483"/>
							<String ID="string_195" HPOS="1503" VPOS="1323" WIDTH="60" HEIGHT="36" WC="0.96" CONTENT="till"/><SP WIDTH="19" VPOS="1323" HPOS="1563"/>
							<String ID="string_196" HPOS="1582" VPOS="1322" WIDTH="120" HEIGHT="51" WC="0.93" CONTENT="någon"/><SP WIDTH="16" VPOS="1322" HPOS="1702"/>
							<String ID="string_197" HPOS="1718" VPOS="1325" WIDTH="100" HEIGHT="36" WC="0.86" CONTENT="kam-"/>
						</TextLine>
						<TextLine ID="line_20" HPOS="646" VPOS="1371" WIDTH="522" HEIGHT="50">
							<String ID="string_198" HPOS="646" VPOS="1384" WIDTH="141" HEIGHT="24" WC="0.88" CONTENT="marens"/><SP WIDTH="28" VPOS="1384" HPOS="787"/>
							<String ID="string_199" HPOS="815" VPOS="1371" WIDTH="127" HEIGHT="50" WC="0.96" CONTENT="åtgärd"/><SP WIDTH="28" VPOS="1371" HPOS="942"/>
							<String ID="string_200" HPOS="970" VPOS="1371" WIDTH="198" HEIGHT="39" WC="0.96" CONTENT="föranleda."/>
						</TextLine>
					</TextBlock>
				</ComposedBlock>
				<ComposedBlock ID="cblock_4" HPOS="328" VPOS="1493" WIDTH="657" HEIGHT="53">
					<TextBlock ID="block_6" HPOS="328" VPOS="1493" WIDTH="657" HEIGHT="53">
						<TextLine ID="line_21" HPOS="328" VPOS="1493" WIDTH="657" HEIGHT="53">
							<String ID="string_201" HPOS="328" VPOS="1493" WIDTH="213" HEIGHT="39" WC="0.96" CONTENT="Stockholm"/><SP WIDTH="30" VPOS="1493" HPOS="541"/>
							<String ID="string_202" HPOS="571" VPOS="1497" WIDTH="67" HEIGHT="35" WC="0.96" CONTENT="den"/><SP WIDTH="30" VPOS="1497" HPOS="638"/>
							<String ID="string_203" HPOS="668" VPOS="1498" WIDTH="49" HEIGHT="36" WC="0.96" CONTENT="30"/><SP WIDTH="29" VPOS="1498" HPOS="717"/>
							<String ID="string_204" HPOS="746" VPOS="1497" WIDTH="95" HEIGHT="49" WC="0.96" CONTENT="april"/><SP WIDTH="32" VPOS="1497" HPOS="841"/>
							<String ID="string_205" HPOS="873" VPOS="1499" WIDTH="112" HEIGHT="36" WC="0.96" CONTENT="1902."/>
						</TextLine>
					</TextBlock>
				</ComposedBlock>
				<ComposedBlock ID="cblock_5" HPOS="787" VPOS="1657" WIDTH="459" HEIGHT="51">
					<TextBlock ID="block_7" HPOS="787" VPOS="1657" WIDTH="459" HEIGHT="51">
						<TextLine ID="line_22" HPOS="787" VPOS="1657" WIDTH="459" HEIGHT="51">
							<String ID="string_206" HPOS="787" VPOS="1657" WIDTH="51" HEIGHT="36" WC="0.96" CONTENT="På"/><SP WIDTH="28" VPOS="1657" HPOS="838"/>
							<String ID="string_207" HPOS="866" VPOS="1658" WIDTH="195" HEIGHT="37" WC="0.96" CONTENT="utskottets"/><SP WIDTH="29" VPOS="1658" HPOS="1061"/>
							<String ID="string_208" HPOS="1090" VPOS="1666" WIDTH="156" HEIGHT="42" WC="0.96" CONTENT="vägnar:"/>
						</TextLine>
					</TextBlock>
				</ComposedBlock>
				<ComposedBlock ID="cblock_6" HPOS="739" VPOS="1764" WIDTH="556" HEIGHT="41">
					<TextBlock ID="block_8" HPOS="739" VPOS="1764" WIDTH="556" HEIGHT="41">
						<TextLine ID="line_23" HPOS="739" VPOS="1764" WIDTH="556" HEIGHT="41">
							<String ID="string_209" HPOS="739" VPOS="1764" WIDTH="170" HEIGHT="38" WC="0.93" CONTENT="JULIUS"/><SP WIDTH="28" VPOS="1764" HPOS="909"/>
							<String ID="string_210" HPOS="937" VPOS="1765" WIDTH="358" HEIGHT="40" WC="0.91" CONTENT="CENTERWALL."/>
						</TextLine>
					</TextBlock>
				</ComposedBlock>
				<GraphicalElement ID="cblock_7" HPOS="861" VPOS="1928" WIDTH="317" HEIGHT="6"></GraphicalElement >
			</PrintSpace>
		</Page>
	</Layout>
</alto>
