2200 2668
416 225 41 32 46
632 226 104 30 Andra
759 226 200 29 Kammarens
986 224 162 39 Tillfälliga
1177 224 128 30 Utskotts
1328 222 70 39 (N:o
1423 224 18 28 4
1484 222 152 30 Utlåtande
1662 222 57 29 N:o
1744 222 48 29 34.

415 308 121 36 skulle
564 320 86 24 vara
676 307 69 37 fria
774 308 58 36 för
861 305 195 52 genomtåg
1084 307 67 35 och
1180 306 105 49 njuta
1313 303 218 50 fullständig
1560 303 216 37 neutralitet.
1833 301 182 50 Kejsaren,

415 363 168 50 England
626 364 66 35 och
726 362 160 37 Holland
915 361 206 37 förklarade
1151 361 61 36 det
1240 373 86 24 vara
1355 361 61 35 sitt
1445 360 119 36 beslut
1592 363 52 32 att
1686 368 195 38 garantera
1921 358 90 48 lugn

415 419 68 36 och
511 431 41 23 ro
581 418 12 35 i
609 418 119 49 Tyska
757 418 95 35 riket
880 418 65 36 och
974 419 62 42 att,
1065 430 60 22 om
1153 415 120 50 någon
1303 416 103 35 bröte
1435 420 99 31 emot
1563 414 68 35 den
1660 413 188 36 faststälda
1873 414 139 34 neutra-

415 474 138 44 liteten,
594 474 82 35 med
717 471 169 38 förenade
928 472 134 36 krafter
1103 472 131 35 bevara
1277 471 217 35 densamma.
1552 468 170 49 Kejsaren
1758 467 141 37 lofvade
1929 473 85 41 göra

415 529 63 36 sitt
511 529 101 36 bästa
640 526 56 38 för
723 533 52 31 att
790 528 119 48 Tyska
937 527 93 36 riket
1058 526 116 36 skulle
1203 525 162 36 tillträda
1394 524 280 44 deklarationen,
1705 535 84 24 men
1818 520 56 38 för
1901 520 113 51 öfrigt

414 583 167 50 inbjödos
610 583 141 36 furstar
779 583 67 36 och
876 581 158 45 ständer,
1063 594 76 23 som
1169 580 155 36 önskade
1353 579 277 37 neutralitetens
1654 577 201 37 bevarande
1875 576 12 35 i
1906 577 106 43 riket,

415 641 54 34 att
510 639 140 36 biträda
692 639 219 35 densamma.
969 636 69 37 Det
1080 636 249 49 stipulerades,
1371 637 53 34 att
1459 634 186 48 exemplar
1674 631 39 37 af
1740 631 271 38 deklarationen

415 693 120 35 skulle
563 693 179 35 tillställas
770 693 196 46 konungen
996 692 36 34 af
1060 690 158 48 Sverige,
1248 696 118 30 tsaren
1396 695 93 30 samt
1507 690 244 46 konungarna
1771 688 37 34 af
1824 686 188 36 Danmark

416 747 67 37 och
503 746 121 37 Polen.
682 745 119 38 Rådet
820 746 11 35 i
852 745 213 37 Stockholm
1085 745 61 49 gaf
1166 744 70 35 den
1259 745 44 35 15
1327 743 92 49 april
1440 746 45 45 (g.
1507 742 56 48 st.)
1590 743 98 35 1710
1709 741 167 49 envoyén
1896 740 116 35 Palm-

416 802 99 48 quist
533 803 12 34 i
565 801 104 50 Haag
684 801 104 36 order
809 803 54 34 att
882 802 20 34 å
921 800 153 37 svenska
1094 800 233 48 regeringens
1347 805 134 42 vägnar
1501 796 83 36 med
1605 797 94 36 vissa
1720 794 292 38 modifikationer

416 857 154 36 erkänna
594 855 564 37 neutralitetsbestämmelserna.
1205 852 138 38 Sådana
1363 851 254 37 erkännanden
1637 851 150 48 ingingo
1808 847 106 38 äfven
1933 847 79 37 från

416 911 43 36 de
488 909 117 51 öfriga
633 911 12 35 i
674 910 170 36 nordiska
868 910 120 49 kriget
1013 909 214 48 deltagande
1255 908 192 35 makterna
1467 906 67 36 och
1554 906 83 36 flere
1657 905 107 49 tyska
1783 903 230 37 riksständer.

522 966 20 35 I
574 965 222 36 konvention
825 965 12 35 i
866 964 106 50 Haag
1005 963 35 37 d.
1072 966 22 33 4
1124 963 145 47 augusti
1298 962 156 36 emellan
1485 959 355 50 signatärmakterna
1869 959 67 35 och
1965 957 49 37 åt-

415 1020 148 50 skilliga
591 1020 105 49 tyska
725 1018 234 46 riksständer,
978 1031 78 24 som
1076 1017 161 37 tillträdt
1257 1016 287 45 deklarationen,
1564 1014 216 46 bestämdes,
1802 1019 52 31 att
1873 1026 44 23 en
1936 1013 77 45 här,

416 1080 241 32 sammansatt
685 1073 40 37 af
752 1074 257 49 kontingenter
1037 1072 84 37 från
1150 1073 42 36 de
1221 1071 295 37 kontraherande
1545 1071 200 43 makterna,
1774 1069 121 36 skulle
1926 1081 89 35 upp-

417 1130 126 37 ställas
571 1130 59 36 till
658 1128 142 38 försvar
828 1128 57 37 för
914 1128 284 36 deklarationen.

524 1184 161 49 Konung
714 1183 90 36 Karl
832 1182 82 45 XII,
943 1195 78 23 som
1049 1181 113 36 redan
1191 1180 70 37 den
1294 1183 42 34 21
1372 1193 99 23 mars
1504 1180 101 36 1710
1635 1177 81 37 från
1745 1177 141 37 Bender
1906 1175 109 51 gifvit

418 1239 44 36 de
504 1238 154 37 svenska
692 1238 233 36 ministrarna
958 1236 62 37 vid
1054 1236 44 35 de
1126 1234 231 37 främmande
1386 1234 137 36 hofven
1552 1233 182 35 tillkänna
1762 1230 152 37 hvarför
1941 1231 74 35 han

418 1294 32 48 ej
494 1293 124 36 kunde
661 1293 122 35 lemna
825 1292 63 36 sitt
930 1291 187 49 samtycke
1150 1290 58 35 till
1241 1287 426 50 neutralitetsgarantien
1701 1287 68 35 och
1803 1286 10 35 i
1848 1284 84 37 bref
1957 1285 59 35 till

418 1348 103 36 rådet
554 1346 41 37 af
621 1347 69 36 den
724 1349 44 35 18
798 1347 80 48 juni
907 1346 171 49 uttryckt
1106 1345 61 35 sitt
1196 1344 169 48 missnöje
1394 1343 84 35 med
1508 1342 79 36 dess
1616 1340 109 37 bifall
1753 1341 60 35 till
1841 1339 173 37 neutrali-

418 1407 110 40 teten,
558 1414 78 24 som
664 1407 61 30 »är
753 1401 78 36 icke
861 1400 153 36 allenast
1042 1400 11 34 i
1082 1399 55 49 sig
1165 1397 82 50 sjelf
1273 1398 149 50 mycket
1450 1397 139 48 oskälig
1619 1400 90 32 utan
1738 1395 68 36 och
1835 1407 56 23 oss
1911 1393 105 50 högst

419 1455 228 50 förklenlig»,
691 1453 105 51 afgaf
835 1455 69 35 den
950 1455 47 36 30
1027 1453 202 36 november
1263 1465 44 23 en
1341 1459 119 42 öppen
1489 1455 138 44 protest
1655 1455 97 31 emot
1781 1449 69 36 den
1879 1449 136 35 honom

419 1510 167 49 oåtspord
628 1509 192 37 faststälda
863 1508 256 37 neutraliteten
1155 1507 66 36 och
1255 1506 126 49 gjorde
1411 1506 110 36 allom
1551 1504 183 49 veterligt,
1763 1508 53 31 att
1844 1503 73 35 han
1945 1500 70 38 för-

418 1565 125 36 behöll
571 1565 54 48 sig
654 1565 52 34 all
734 1563 112 36 frihet
875 1565 54 34 att
956 1567 99 31 emot
1084 1562 76 35 sina
1183 1561 147 44 fiender,
1350 1567 66 29 när
1436 1560 68 36 och
1524 1560 92 36 hvar
1636 1558 61 36 det
1717 1557 157 45 kräfdes,
1894 1557 122 36 bruka

417 1619 44 36 de
490 1618 122 37 medel
641 1619 67 35 och
737 1618 142 36 krafter
908 1615 85 38 Gud
1022 1617 134 35 honom
1186 1614 119 50 gifvit.

524 1673 71 36 Det
632 1685 68 24 var
727 1670 194 51 förgäfves,
956 1684 77 23 som
1068 1668 320 38 Generalstaterna
1422 1668 70 36 den
1530 1670 43 35 15
1605 1666 80 37 Juli
1724 1668 94 36 1711
1853 1665 160 45 anhöllo,

418 1731 54 33 att
500 1728 198 48 konungen
727 1725 112 38 måtte
869 1725 53 36 stå
950 1724 73 37 fast
1051 1725 61 35 vid
1142 1724 68 36 den
1240 1723 41 36 af
1306 1723 102 36 rådet
1437 1721 102 50 gifna
1569 1721 261 48 förklaringen.

525 1782 136 36 Tsaren
682 1786 94 31 samt
796 1781 241 48 konungarna
1056 1778 39 37 af
1113 1778 189 36 Danmark
1322 1779 67 35 och
1410 1777 112 36 Polen
1538 1775 171 37 fordrade
1724 1788 61 32 nu,
1803 1778 54 32 att
1872 1778 143 32 neutra-

418 1836 224 37 litetsarmén
671 1836 121 35 skulle
821 1835 131 35 samlas
981 1835 67 35 och
1072 1833 163 36 inskrida
1263 1838 78 30 mot
1369 1830 158 50 Sverige,
1556 1843 77 24 som
1663 1828 178 37 förkastat
1873 1833 143 31 neutra-

419 1892 135 43 liteten,
574 1902 84 24 men
677 1890 45 35 de
741 1888 293 37 kontraherande
1054 1888 188 36 makterna
1258 1888 74 34 läto
1348 1887 77 35 sina
1438 1886 260 48 kontingenter
1712 1889 129 31 stanna
1856 1883 159 36 hemma.

214 1954 104 40 Väpnad
338 1962 70 38 neu-
524 1935 53 46 År
624 1946 97 36 1689
766 1944 126 36 utbröt
923 1943 85 49 krig
1042 1943 135 35 mellan
1210 1941 203 36 Frankrike
1446 1939 20 36 å
1494 1952 67 23 ena
1589 1938 102 37 sidan
1722 1943 94 31 samt
1844 1936 172 50 England

196 1990 97 22 sralitet
319 1991 70 22 1691."
419 1999 67 36 och
516 1998 175 46 Holland,
722 2011 78 23 som
829 1997 62 37 vid
920 1997 117 36 denna
1058 1996 65 43 tid,
1151 1995 103 37 stodo
1283 1996 12 34 i
1325 1994 294 37 defensivallians
1634 1992 83 37 med
1734 1992 160 47 Sverige,
1916 1990 16 36 å
1946 1991 70 36 den

420 2053 125 36 andra.
601 2052 163 36 Holland
806 2050 194 37 utfärdade
1042 2051 11 35 i
1093 2050 79 36 Juli
1205 2063 24 23 8.
1261 2049 30 36 å.
1320 2062 44 23 en
1393 2048 271 49 proklamation
1694 2045 40 37 af
1758 2045 174 45 innehåll,
1963 2050 54 30 att

420 2108 62 36 det
524 2107 154 36 ämnade
721 2111 228 45 gemensamt
990 2106 84 35 med
1115 2104 169 49 England
1323 2103 133 36 hindra
1485 2103 51 35 all
1565 2101 133 37 handel
1729 2100 45 50 på
1803 2099 211 37 Frankrike.

419 2161 177 37 Häremot
632 2160 248 49 protesterade
920 2165 129 44 genast
1081 2159 188 35 Danmark
1303 2158 66 36 och
1402 2156 106 37 äfven
1537 2155 160 49 Sverige,
1728 2168 76 23 som
1832 2154 183 44 framhöll,

419 2221 56 31 att
516 2215 159 37 handeln
710 2215 83 36 med
828 2214 202 37 TIrankrike
1063 2226 86 24 vore
1178 2213 12 35 i
1219 2211 375 38 öfverensstämmelse
1623 2209 84 37 med
1735 2208 213 45 folkrätten,
1979 2206 37 37 så

527 2305 9 15 1
556 2305 36 27 Se
621 2305 21 27 J.
672 2305 120 33 Thyrén:
825 2304 74 26 »Den
928 2303 87 27 första
1042 2302 128 34 väpnade
1199 2301 206 27 neutraliteten»
1431 2300 122 33 (>Lunds
1573 2299 176 27 universitets
1770 2297 149 32 årsskrift»,
1939 2297 75 26 Tom.

420 2342 186 33 XXI—XXV).
