<?xml version="1.0" encoding="UTF-8"?>
<alto xmlns="http://www.loc.gov/standards/alto/ns-v3#" xmlns:xlink="http://www.w3.org/1999/xlink" xmlns:xsi="http://www.w3.org/2001/XMLSchema-instance" xsi:schemaLocation="http://www.loc.gov/standards/alto/ns-v3# http://www.loc.gov/alto/v3/alto-3-0.xsd">
	<Description>
		<MeasurementUnit>pixel</MeasurementUnit>
		<sourceImageInformation>
			<fileName>/tmp/tess_4naor6mh_input.PNG</fileName>
		</sourceImageInformation>
		<OCRProcessing ID="OCR_0">
			<ocrProcessingStep>
				<processingSoftware>
					<softwareName>tesseract 5.3.0</softwareName>
				</processingSoftware>
			</ocrProcessingStep>
		</OCRProcessing>
	</Description>
	<Layout>
		<Page WIDTH="1868" HEIGHT="2792" PHYSICAL_IMG_NR="0" ID="page_0">
			<PrintSpace HPOS="0" VPOS="0" WIDTH="1868" HEIGHT="2792">
				<ComposedBlock ID="cblock_0" HPOS="277" VPOS="146" WIDTH="1101" HEIGHT="36">
					<TextBlock ID="block_0" HPOS="277" VPOS="146" WIDTH="1101" HEIGHT="36">
						<TextLine ID="line_0" HPOS="277" VPOS="146" WIDTH="1101" HEIGHT="36">
							<String ID="string_0" HPOS="277" VPOS="146" WIDTH="18" HEIGHT="28" WC="0.96" CONTENT="8"/><SP WIDTH="365" VPOS="146" HPOS="295"/>
							<String ID="string_1" HPOS="660" VPOS="147" WIDTH="123" HEIGHT="29" WC="0.93" CONTENT="Första"/><SP WIDTH="20" VPOS="147" HPOS="783"/>
							<String ID="string_2" HPOS="803" VPOS="146" WIDTH="246" HEIGHT="36" WC="0.90" CONTENT="lagutskottets"/><SP WIDTH="20" VPOS="146" HPOS="1049"/>
							<String ID="string_3" HPOS="1069" VPOS="147" WIDTH="179" HEIGHT="29" WC="0.96" CONTENT="utlåtande"/><SP WIDTH="19" VPOS="147" HPOS="1248"/>
							<String ID="string_4" HPOS="1267" VPOS="155" WIDTH="41" HEIGHT="20" WC="0.95" CONTENT="nr"/><SP WIDTH="18" VPOS="155" HPOS="1308"/>
							<String ID="string_5" HPOS="1326" VPOS="147" WIDTH="52" HEIGHT="28" WC="0.96" CONTENT="33."/>
						</TextLine>
					</TextBlock>
				</ComposedBlock>
				<ComposedBlock ID="cblock_1" HPOS="277" VPOS="234" WIDTH="1489" HEIGHT="2294">
					<TextBlock ID="block_1" HPOS="277" VPOS="234" WIDTH="1486" HEIGHT="347">
						<TextLine ID="line_1" HPOS="280" VPOS="234" WIDTH="1482" HEIGHT="37">
							<String ID="string_6" HPOS="280" VPOS="235" WIDTH="84" HEIGHT="29" WC="0.96" CONTENT="söka"/><SP WIDTH="23" VPOS="235" HPOS="364"/>
							<String ID="string_7" HPOS="387" VPOS="236" WIDTH="125" HEIGHT="35" WC="0.96" CONTENT="tränga"/><SP WIDTH="23" VPOS="236" HPOS="512"/>
							<String ID="string_8" HPOS="535" VPOS="234" WIDTH="34" HEIGHT="28" WC="0.96" CONTENT="in"/><SP WIDTH="25" VPOS="234" HPOS="569"/>
							<String ID="string_9" HPOS="594" VPOS="235" WIDTH="6" HEIGHT="28" WC="0.96" CONTENT="i"/><SP WIDTH="26" VPOS="235" HPOS="600"/>
							<String ID="string_10" HPOS="626" VPOS="235" WIDTH="40" HEIGHT="28" WC="0.92" CONTENT="de"/><SP WIDTH="25" VPOS="235" HPOS="666"/>
							<String ID="string_11" HPOS="691" VPOS="234" WIDTH="327" HEIGHT="37" WC="0.92" CONTENT="rättspsykiatriska"/><SP WIDTH="25" VPOS="234" HPOS="1018"/>
							<String ID="string_12" HPOS="1043" VPOS="234" WIDTH="166" HEIGHT="37" WC="0.96" CONTENT="frågorna"/><SP WIDTH="23" VPOS="234" HPOS="1209"/>
							<String ID="string_13" HPOS="1232" VPOS="235" WIDTH="64" HEIGHT="29" WC="0.96" CONTENT="och"/><SP WIDTH="23" VPOS="235" HPOS="1296"/>
							<String ID="string_14" HPOS="1319" VPOS="235" WIDTH="93" HEIGHT="28" WC="0.96" CONTENT="bilda"/><SP WIDTH="25" VPOS="235" HPOS="1412"/>
							<String ID="string_15" HPOS="1437" VPOS="234" WIDTH="51" HEIGHT="37" WC="0.95" CONTENT="sig"/><SP WIDTH="23" VPOS="234" HPOS="1488"/>
							<String ID="string_16" HPOS="1511" VPOS="244" WIDTH="41" HEIGHT="20" WC="0.93" CONTENT="en"/><SP WIDTH="24" VPOS="244" HPOS="1552"/>
							<String ID="string_17" HPOS="1576" VPOS="234" WIDTH="186" HEIGHT="36" WC="0.91" CONTENT="självstän-"/>
						</TextLine>
						<TextLine ID="line_2" HPOS="281" VPOS="279" WIDTH="1481" HEIGHT="36">
							<String ID="string_18" HPOS="281" VPOS="279" WIDTH="55" HEIGHT="36" WC="0.96" CONTENT="dig"/><SP WIDTH="24" VPOS="279" HPOS="336"/>
							<String ID="string_19" HPOS="360" VPOS="279" WIDTH="227" HEIGHT="36" WC="0.95" CONTENT="uppfattning"/><SP WIDTH="24" VPOS="279" HPOS="587"/>
							<String ID="string_20" HPOS="611" VPOS="288" WIDTH="55" HEIGHT="20" WC="0.96" CONTENT="om"/><SP WIDTH="26" VPOS="288" HPOS="666"/>
							<String ID="string_21" HPOS="692" VPOS="280" WIDTH="64" HEIGHT="28" WC="0.96" CONTENT="den"/><SP WIDTH="26" VPOS="280" HPOS="756"/>
							<String ID="string_22" HPOS="782" VPOS="279" WIDTH="127" HEIGHT="36" WC="0.96" CONTENT="riktiga"/><SP WIDTH="26" VPOS="279" HPOS="909"/>
							<String ID="string_23" HPOS="935" VPOS="279" WIDTH="179" HEIGHT="36" WC="0.96" CONTENT="lösningen"/><SP WIDTH="26" VPOS="279" HPOS="1114"/>
							<String ID="string_24" HPOS="1140" VPOS="289" WIDTH="41" HEIGHT="19" WC="0.96" CONTENT="av"/><SP WIDTH="25" VPOS="289" HPOS="1181"/>
							<String ID="string_25" HPOS="1206" VPOS="280" WIDTH="39" HEIGHT="28" WC="0.96" CONTENT="de"/><SP WIDTH="25" VPOS="280" HPOS="1245"/>
							<String ID="string_26" HPOS="1270" VPOS="280" WIDTH="9" HEIGHT="28" WC="0.96" CONTENT="i"/><SP WIDTH="25" VPOS="280" HPOS="1279"/>
							<String ID="string_27" HPOS="1304" VPOS="279" WIDTH="96" HEIGHT="35" WC="0.95" CONTENT="varje"/><SP WIDTH="25" VPOS="279" HPOS="1400"/>
							<String ID="string_28" HPOS="1425" VPOS="279" WIDTH="142" HEIGHT="29" WC="0.96" CONTENT="särskilt"/><SP WIDTH="26" VPOS="279" HPOS="1567"/>
							<String ID="string_29" HPOS="1593" VPOS="279" WIDTH="59" HEIGHT="29" WC="0.93" CONTENT="fall"/><SP WIDTH="26" VPOS="279" HPOS="1652"/>
							<String ID="string_30" HPOS="1678" VPOS="288" WIDTH="84" HEIGHT="27" WC="0.91" CONTENT="upp-"/>
						</TextLine>
						<TextLine ID="line_3" HPOS="277" VPOS="323" WIDTH="1485" HEIGHT="36">
							<String ID="string_31" HPOS="277" VPOS="323" WIDTH="128" HEIGHT="29" WC="0.89" CONTENT="komna"/><SP WIDTH="25" VPOS="323" HPOS="405"/>
							<String ID="string_32" HPOS="430" VPOS="323" WIDTH="227" HEIGHT="36" WC="0.89" CONTENT="spörsmålen."/><SP WIDTH="26" VPOS="323" HPOS="657"/>
							<String ID="string_33" HPOS="683" VPOS="323" WIDTH="66" HEIGHT="28" WC="0.96" CONTENT="För"/><SP WIDTH="25" VPOS="323" HPOS="749"/>
							<String ID="string_34" HPOS="774" VPOS="325" WIDTH="49" HEIGHT="27" WC="0.96" CONTENT="att"/><SP WIDTH="24" VPOS="325" HPOS="823"/>
							<String ID="string_35" HPOS="847" VPOS="324" WIDTH="37" HEIGHT="28" WC="0.96" CONTENT="så"/><SP WIDTH="25" VPOS="324" HPOS="884"/>
							<String ID="string_36" HPOS="909" VPOS="324" WIDTH="87" HEIGHT="28" WC="0.96" CONTENT="skall"/><SP WIDTH="27" VPOS="324" HPOS="996"/>
							<String ID="string_37" HPOS="1023" VPOS="324" WIDTH="119" HEIGHT="28" WC="0.96" CONTENT="kunna"/><SP WIDTH="25" VPOS="324" HPOS="1142"/>
							<String ID="string_38" HPOS="1167" VPOS="324" WIDTH="60" HEIGHT="28" WC="0.96" CONTENT="ske"/><SP WIDTH="25" VPOS="324" HPOS="1227"/>
							<String ID="string_39" HPOS="1252" VPOS="324" WIDTH="37" HEIGHT="28" WC="0.96" CONTENT="är"/><SP WIDTH="25" VPOS="324" HPOS="1289"/>
							<String ID="string_40" HPOS="1314" VPOS="324" WIDTH="56" HEIGHT="28" WC="0.96" CONTENT="det"/><SP WIDTH="25" VPOS="324" HPOS="1370"/>
							<String ID="string_41" HPOS="1395" VPOS="323" WIDTH="190" HEIGHT="35" WC="0.93" CONTENT="självfallet"/><SP WIDTH="25" VPOS="323" HPOS="1585"/>
							<String ID="string_42" HPOS="1610" VPOS="324" WIDTH="152" HEIGHT="28" WC="0.91" CONTENT="nödvän-"/>
						</TextLine>
						<TextLine ID="line_4" HPOS="280" VPOS="367" WIDTH="1482" HEIGHT="37">
							<String ID="string_43" HPOS="280" VPOS="368" WIDTH="81" HEIGHT="35" WC="0.96" CONTENT="digt,"/><SP WIDTH="28" VPOS="368" HPOS="361"/>
							<String ID="string_44" HPOS="389" VPOS="369" WIDTH="51" HEIGHT="27" WC="0.96" CONTENT="att"/><SP WIDTH="26" VPOS="369" HPOS="440"/>
							<String ID="string_45" HPOS="466" VPOS="368" WIDTH="230" HEIGHT="28" WC="0.96" CONTENT="slutsatserna"/><SP WIDTH="26" VPOS="368" HPOS="696"/>
							<String ID="string_46" HPOS="722" VPOS="368" WIDTH="9" HEIGHT="28" WC="0.96" CONTENT="i"/><SP WIDTH="27" VPOS="368" HPOS="731"/>
							<String ID="string_47" HPOS="758" VPOS="368" WIDTH="40" HEIGHT="28" WC="0.93" CONTENT="de"/><SP WIDTH="27" VPOS="368" HPOS="798"/>
							<String ID="string_48" HPOS="825" VPOS="368" WIDTH="329" HEIGHT="36" WC="0.91" CONTENT="rättspsykiatriska"/><SP WIDTH="27" VPOS="368" HPOS="1154"/>
							<String ID="string_49" HPOS="1181" VPOS="368" WIDTH="227" HEIGHT="28" WC="0.92" CONTENT="utlåtandena"/><SP WIDTH="29" VPOS="368" HPOS="1408"/>
							<String ID="string_50" HPOS="1437" VPOS="368" WIDTH="59" HEIGHT="28" WC="0.96" CONTENT="äro"/><SP WIDTH="27" VPOS="368" HPOS="1496"/>
							<String ID="string_51" HPOS="1523" VPOS="369" WIDTH="8" HEIGHT="28" WC="0.96" CONTENT="i"/><SP WIDTH="27" VPOS="369" HPOS="1531"/>
							<String ID="string_52" HPOS="1558" VPOS="367" WIDTH="204" HEIGHT="37" WC="0.96" CONTENT="erforderlig"/>
						</TextLine>
						<TextLine ID="line_5" HPOS="279" VPOS="411" WIDTH="1482" HEIGHT="36">
							<String ID="string_53" HPOS="279" VPOS="412" WIDTH="82" HEIGHT="35" WC="0.96" CONTENT="grad"/><SP WIDTH="24" VPOS="412" HPOS="361"/>
							<String ID="string_54" HPOS="385" VPOS="411" WIDTH="222" HEIGHT="29" WC="0.96" CONTENT="motiverade."/><SP WIDTH="23" VPOS="411" HPOS="607"/>
							<String ID="string_55" HPOS="630" VPOS="411" WIDTH="44" HEIGHT="29" WC="0.96" CONTENT="Är"/><SP WIDTH="22" VPOS="411" HPOS="674"/>
							<String ID="string_56" HPOS="696" VPOS="413" WIDTH="48" HEIGHT="28" WC="0.96" CONTENT="ett"/><SP WIDTH="23" VPOS="413" HPOS="744"/>
							<String ID="string_57" HPOS="767" VPOS="412" WIDTH="180" HEIGHT="29" WC="0.96" CONTENT="utlåtande"/><SP WIDTH="23" VPOS="412" HPOS="947"/>
							<String ID="string_58" HPOS="970" VPOS="412" WIDTH="204" HEIGHT="35" WC="0.96" CONTENT="bristfälligt"/><SP WIDTH="23" VPOS="412" HPOS="1174"/>
							<String ID="string_59" HPOS="1197" VPOS="412" WIDTH="194" HEIGHT="31" WC="0.96" CONTENT="motiverat,"/><SP WIDTH="24" VPOS="412" HPOS="1391"/>
							<String ID="string_60" HPOS="1415" VPOS="412" WIDTH="129" HEIGHT="28" WC="0.96" CONTENT="saknar"/><SP WIDTH="23" VPOS="412" HPOS="1544"/>
							<String ID="string_61" HPOS="1567" VPOS="412" WIDTH="194" HEIGHT="28" WC="0.95" CONTENT="domstolen"/>
						</TextLine>
						<TextLine ID="line_6" HPOS="281" VPOS="455" WIDTH="1481" HEIGHT="37">
							<String ID="string_62" HPOS="281" VPOS="455" WIDTH="183" HEIGHT="37" WC="0.94" CONTENT="möjlighet"/><SP WIDTH="28" VPOS="455" HPOS="464"/>
							<String ID="string_63" HPOS="492" VPOS="457" WIDTH="49" HEIGHT="28" WC="0.96" CONTENT="att"/><SP WIDTH="30" VPOS="457" HPOS="541"/>
							<String ID="string_64" HPOS="571" VPOS="457" WIDTH="86" HEIGHT="35" WC="0.93" CONTENT="ägna"/><SP WIDTH="30" VPOS="457" HPOS="657"/>
							<String ID="string_65" HPOS="687" VPOS="456" WIDTH="196" HEIGHT="29" WC="0.92" CONTENT="utlåtandet"/><SP WIDTH="28" VPOS="456" HPOS="883"/>
							<String ID="string_66" HPOS="911" VPOS="465" WIDTH="42" HEIGHT="19" WC="0.95" CONTENT="en"/><SP WIDTH="29" VPOS="465" HPOS="953"/>
							<String ID="string_67" HPOS="982" VPOS="456" WIDTH="231" HEIGHT="36" WC="0.95" CONTENT="självständig"/><SP WIDTH="29" VPOS="456" HPOS="1213"/>
							<String ID="string_68" HPOS="1242" VPOS="456" WIDTH="61" HEIGHT="29" WC="0.96" CONTENT="och"/><SP WIDTH="32" VPOS="456" HPOS="1303"/>
							<String ID="string_69" HPOS="1335" VPOS="456" WIDTH="126" HEIGHT="28" WC="0.96" CONTENT="kritisk"/><SP WIDTH="28" VPOS="456" HPOS="1461"/>
							<String ID="string_70" HPOS="1489" VPOS="456" WIDTH="181" HEIGHT="36" WC="0.94" CONTENT="prövning,"/><SP WIDTH="29" VPOS="456" HPOS="1670"/>
							<String ID="string_71" HPOS="1699" VPOS="456" WIDTH="63" HEIGHT="29" WC="0.96" CONTENT="och"/>
						</TextLine>
						<TextLine ID="line_7" HPOS="281" VPOS="500" WIDTH="1482" HEIGHT="37">
							<String ID="string_72" HPOS="281" VPOS="500" WIDTH="195" HEIGHT="29" WC="0.95" CONTENT="domstolen"/><SP WIDTH="28" VPOS="500" HPOS="476"/>
							<String ID="string_73" HPOS="504" VPOS="501" WIDTH="36" HEIGHT="28" WC="0.96" CONTENT="är"/><SP WIDTH="25" VPOS="501" HPOS="540"/>
							<String ID="string_74" HPOS="565" VPOS="501" WIDTH="42" HEIGHT="28" WC="0.96" CONTENT="då"/><SP WIDTH="25" VPOS="501" HPOS="607"/>
							<String ID="string_75" HPOS="632" VPOS="500" WIDTH="169" HEIGHT="29" WC="0.96" CONTENT="hänvisad"/><SP WIDTH="27" VPOS="500" HPOS="801"/>
							<String ID="string_76" HPOS="828" VPOS="502" WIDTH="50" HEIGHT="27" WC="0.96" CONTENT="att"/><SP WIDTH="25" VPOS="502" HPOS="878"/>
							<String ID="string_77" HPOS="903" VPOS="501" WIDTH="135" HEIGHT="36" WC="0.96" CONTENT="grunda"/><SP WIDTH="25" VPOS="501" HPOS="1038"/>
							<String ID="string_78" HPOS="1063" VPOS="501" WIDTH="59" HEIGHT="28" WC="0.96" CONTENT="sitt"/><SP WIDTH="25" VPOS="501" HPOS="1122"/>
							<String ID="string_79" HPOS="1147" VPOS="501" WIDTH="160" HEIGHT="28" WC="0.95" CONTENT="omdöme"/><SP WIDTH="25" VPOS="501" HPOS="1307"/>
							<String ID="string_80" HPOS="1332" VPOS="509" WIDTH="56" HEIGHT="20" WC="0.92" CONTENT="om"/><SP WIDTH="27" VPOS="509" HPOS="1388"/>
							<String ID="string_81" HPOS="1415" VPOS="500" WIDTH="196" HEIGHT="29" WC="0.92" CONTENT="utlåtandet"/><SP WIDTH="26" VPOS="500" HPOS="1611"/>
							<String ID="string_82" HPOS="1637" VPOS="500" WIDTH="126" HEIGHT="28" WC="0.96" CONTENT="främst"/>
						</TextLine>
						<TextLine ID="line_8" HPOS="281" VPOS="544" WIDTH="974" HEIGHT="37">
							<String ID="string_83" HPOS="281" VPOS="544" WIDTH="42" HEIGHT="36" WC="0.95" CONTENT="på"/><SP WIDTH="26" VPOS="544" HPOS="323"/>
							<String ID="string_84" HPOS="349" VPOS="544" WIDTH="235" HEIGHT="29" WC="0.95" CONTENT="auktoriteten"/><SP WIDTH="25" VPOS="544" HPOS="584"/>
							<String ID="string_85" HPOS="609" VPOS="544" WIDTH="62" HEIGHT="29" WC="0.96" CONTENT="hos"/><SP WIDTH="26" VPOS="544" HPOS="671"/>
							<String ID="string_86" HPOS="697" VPOS="545" WIDTH="76" HEIGHT="32" WC="0.94" CONTENT="den,"/><SP WIDTH="26" VPOS="545" HPOS="773"/>
							<String ID="string_87" HPOS="799" VPOS="554" WIDTH="74" HEIGHT="20" WC="0.96" CONTENT="som"/><SP WIDTH="26" VPOS="554" HPOS="873"/>
							<String ID="string_88" HPOS="899" VPOS="544" WIDTH="128" HEIGHT="37" WC="0.95" CONTENT="avgivit"/><SP WIDTH="24" VPOS="544" HPOS="1027"/>
							<String ID="string_89" HPOS="1051" VPOS="545" WIDTH="204" HEIGHT="28" WC="0.96" CONTENT="detsamma."/>
						</TextLine>
					</TextBlock>
					<TextBlock ID="block_2" HPOS="280" VPOS="588" WIDTH="1484" HEIGHT="391">
						<TextLine ID="line_9" HPOS="323" VPOS="588" WIDTH="1440" HEIGHT="37">
							<String ID="string_90" HPOS="323" VPOS="589" WIDTH="123" HEIGHT="28" WC="0.95" CONTENT="Denna"/><SP WIDTH="29" VPOS="589" HPOS="446"/>
							<String ID="string_91" HPOS="475" VPOS="588" WIDTH="143" HEIGHT="29" WC="0.95" CONTENT="fordran"/><SP WIDTH="28" VPOS="588" HPOS="618"/>
							<String ID="string_92" HPOS="646" VPOS="588" WIDTH="44" HEIGHT="37" WC="0.96" CONTENT="på"/><SP WIDTH="28" VPOS="588" HPOS="690"/>
							<String ID="string_93" HPOS="718" VPOS="589" WIDTH="207" HEIGHT="36" WC="0.96" CONTENT="motivering"/><SP WIDTH="29" VPOS="589" HPOS="925"/>
							<String ID="string_94" HPOS="954" VPOS="599" WIDTH="41" HEIGHT="19" WC="0.95" CONTENT="av"/><SP WIDTH="28" VPOS="599" HPOS="995"/>
							<String ID="string_95" HPOS="1023" VPOS="589" WIDTH="39" HEIGHT="28" WC="0.93" CONTENT="de"/><SP WIDTH="28" VPOS="589" HPOS="1062"/>
							<String ID="string_96" HPOS="1090" VPOS="588" WIDTH="330" HEIGHT="37" WC="0.91" CONTENT="rättspsykiatriska"/><SP WIDTH="28" VPOS="588" HPOS="1420"/>
							<String ID="string_97" HPOS="1448" VPOS="588" WIDTH="227" HEIGHT="30" WC="0.90" CONTENT="utlåtandena"/><SP WIDTH="28" VPOS="588" HPOS="1675"/>
							<String ID="string_98" HPOS="1703" VPOS="590" WIDTH="60" HEIGHT="34" WC="0.96" CONTENT="gör"/>
						</TextLine>
						<TextLine ID="line_10" HPOS="281" VPOS="632" WIDTH="1482" HEIGHT="37">
							<String ID="string_99" HPOS="281" VPOS="633" WIDTH="50" HEIGHT="36" WC="0.96" CONTENT="sig"/><SP WIDTH="17" VPOS="633" HPOS="331"/>
							<String ID="string_100" HPOS="348" VPOS="633" WIDTH="145" HEIGHT="29" WC="0.96" CONTENT="särskilt"/><SP WIDTH="16" VPOS="633" HPOS="493"/>
							<String ID="string_101" HPOS="509" VPOS="633" WIDTH="158" HEIGHT="36" WC="0.96" CONTENT="gällande"/><SP WIDTH="17" VPOS="633" HPOS="667"/>
							<String ID="string_102" HPOS="684" VPOS="633" WIDTH="56" HEIGHT="29" WC="0.93" CONTENT="vid"/><SP WIDTH="17" VPOS="633" HPOS="740"/>
							<String ID="string_103" HPOS="757" VPOS="633" WIDTH="232" HEIGHT="29" WC="0.91" CONTENT="bedömandet"/><SP WIDTH="18" VPOS="633" HPOS="989"/>
							<String ID="string_104" HPOS="1007" VPOS="643" WIDTH="40" HEIGHT="19" WC="0.96" CONTENT="av"/><SP WIDTH="18" VPOS="643" HPOS="1047"/>
							<String ID="string_105" HPOS="1065" VPOS="634" WIDTH="39" HEIGHT="28" WC="0.96" CONTENT="de"/><SP WIDTH="18" VPOS="634" HPOS="1104"/>
							<String ID="string_106" HPOS="1122" VPOS="633" WIDTH="74" HEIGHT="29" WC="0.96" CONTENT="ofta"/><SP WIDTH="18" VPOS="633" HPOS="1196"/>
							<String ID="string_107" HPOS="1214" VPOS="633" WIDTH="100" HEIGHT="29" WC="0.96" CONTENT="svåra"/><SP WIDTH="18" VPOS="633" HPOS="1314"/>
							<String ID="string_108" HPOS="1332" VPOS="632" WIDTH="180" HEIGHT="37" WC="0.96" CONTENT="gränsfall,"/><SP WIDTH="19" VPOS="632" HPOS="1512"/>
							<String ID="string_109" HPOS="1531" VPOS="642" WIDTH="73" HEIGHT="19" WC="0.95" CONTENT="som"/><SP WIDTH="18" VPOS="642" HPOS="1604"/>
							<String ID="string_110" HPOS="1622" VPOS="634" WIDTH="9" HEIGHT="28" WC="0.95" CONTENT="i"/><SP WIDTH="18" VPOS="634" HPOS="1631"/>
							<String ID="string_111" HPOS="1649" VPOS="633" WIDTH="16" HEIGHT="28" WC="0.96" CONTENT="5"/><SP WIDTH="20" VPOS="633" HPOS="1665"/>
							<String ID="string_112" HPOS="1685" VPOS="633" WIDTH="78" HEIGHT="36" WC="0.96" CONTENT="kap."/>
						</TextLine>
						<TextLine ID="line_11" HPOS="281" VPOS="676" WIDTH="1481" HEIGHT="37">
							<String ID="string_113" HPOS="281" VPOS="677" WIDTH="17" HEIGHT="28" WC="0.52" CONTENT="3"/><SP WIDTH="20" VPOS="677" HPOS="298"/>
							<String ID="string_114" HPOS="318" VPOS="676" WIDTH="13" HEIGHT="33" WC="0.86" CONTENT="$"/><SP WIDTH="20" VPOS="676" HPOS="331"/>
							<String ID="string_115" HPOS="351" VPOS="676" WIDTH="209" HEIGHT="37" WC="0.94" CONTENT="strafflagen"/><SP WIDTH="17" VPOS="676" HPOS="560"/>
							<String ID="string_116" HPOS="577" VPOS="677" WIDTH="187" HEIGHT="29" WC="0.96" CONTENT="betecknas"/><SP WIDTH="17" VPOS="677" HPOS="764"/>
							<String ID="string_117" HPOS="781" VPOS="677" WIDTH="115" HEIGHT="29" WC="0.96" CONTENT="såsom"/><SP WIDTH="19" VPOS="677" HPOS="896"/>
							<String ID="string_118" HPOS="915" VPOS="686" WIDTH="115" HEIGHT="20" WC="0.96" CONTENT="annan"/><SP WIDTH="19" VPOS="686" HPOS="1030"/>
							<String ID="string_119" HPOS="1049" VPOS="677" WIDTH="135" HEIGHT="36" WC="0.92" CONTENT="själslig"/><SP WIDTH="18" VPOS="677" HPOS="1184"/>
							<String ID="string_120" HPOS="1202" VPOS="677" WIDTH="210" HEIGHT="29" WC="0.91" CONTENT="abnormitet"/><SP WIDTH="18" VPOS="677" HPOS="1412"/>
							<String ID="string_121" HPOS="1430" VPOS="686" WIDTH="41" HEIGHT="19" WC="0.96" CONTENT="av"/><SP WIDTH="18" VPOS="686" HPOS="1471"/>
							<String ID="string_122" HPOS="1489" VPOS="677" WIDTH="36" HEIGHT="29" WC="0.96" CONTENT="så"/><SP WIDTH="19" VPOS="677" HPOS="1525"/>
							<String ID="string_123" HPOS="1544" VPOS="677" WIDTH="218" HEIGHT="36" WC="0.96" CONTENT="djupgående"/>
						</TextLine>
						<TextLine ID="line_12" HPOS="282" VPOS="721" WIDTH="1481" HEIGHT="36">
							<String ID="string_124" HPOS="282" VPOS="722" WIDTH="114" HEIGHT="32" WC="0.96" CONTENT="natur,"/><SP WIDTH="31" VPOS="722" HPOS="396"/>
							<String ID="string_125" HPOS="427" VPOS="723" WIDTH="51" HEIGHT="27" WC="0.96" CONTENT="att"/><SP WIDTH="28" VPOS="723" HPOS="478"/>
							<String ID="string_126" HPOS="506" VPOS="722" WIDTH="64" HEIGHT="28" WC="0.96" CONTENT="den"/><SP WIDTH="30" VPOS="722" HPOS="570"/>
							<String ID="string_127" HPOS="600" VPOS="721" WIDTH="110" HEIGHT="29" WC="0.96" CONTENT="måste"/><SP WIDTH="30" VPOS="721" HPOS="710"/>
							<String ID="string_128" HPOS="740" VPOS="730" WIDTH="99" HEIGHT="21" WC="0.96" CONTENT="anses"/><SP WIDTH="30" VPOS="730" HPOS="839"/>
							<String ID="string_129" HPOS="869" VPOS="721" WIDTH="180" HEIGHT="36" WC="0.95" CONTENT="jämställd"/><SP WIDTH="30" VPOS="721" HPOS="1049"/>
							<String ID="string_130" HPOS="1079" VPOS="722" WIDTH="77" HEIGHT="28" WC="0.96" CONTENT="med"/><SP WIDTH="31" VPOS="722" HPOS="1156"/>
							<String ID="string_131" HPOS="1187" VPOS="721" WIDTH="298" HEIGHT="35" WC="0.95" CONTENT="sinnessjukdom."/><SP WIDTH="31" VPOS="721" HPOS="1485"/>
							<String ID="string_132" HPOS="1516" VPOS="721" WIDTH="49" HEIGHT="28" WC="0.95" CONTENT="Av"/><SP WIDTH="29" VPOS="721" HPOS="1565"/>
							<String ID="string_133" HPOS="1594" VPOS="722" WIDTH="64" HEIGHT="28" WC="0.96" CONTENT="vad"/><SP WIDTH="31" VPOS="722" HPOS="1658"/>
							<String ID="string_134" HPOS="1689" VPOS="730" WIDTH="74" HEIGHT="19" WC="0.96" CONTENT="som"/>
						</TextLine>
						<TextLine ID="line_13" HPOS="282" VPOS="764" WIDTH="1479" HEIGHT="37">
							<String ID="string_135" HPOS="282" VPOS="765" WIDTH="226" HEIGHT="30" WC="0.96" CONTENT="förekommit"/><SP WIDTH="27" VPOS="765" HPOS="508"/>
							<String ID="string_136" HPOS="535" VPOS="765" WIDTH="55" HEIGHT="29" WC="0.96" CONTENT="vid"/><SP WIDTH="29" VPOS="765" HPOS="590"/>
							<String ID="string_137" HPOS="619" VPOS="765" WIDTH="216" HEIGHT="30" WC="0.96" CONTENT="tillkomsten"/><SP WIDTH="29" VPOS="765" HPOS="835"/>
							<String ID="string_138" HPOS="864" VPOS="775" WIDTH="41" HEIGHT="20" WC="0.96" CONTENT="av"/><SP WIDTH="28" VPOS="775" HPOS="905"/>
							<String ID="string_139" HPOS="933" VPOS="767" WIDTH="41" HEIGHT="28" WC="0.96" CONTENT="de"/><SP WIDTH="29" VPOS="767" HPOS="974"/>
							<String ID="string_140" HPOS="1003" VPOS="765" WIDTH="37" HEIGHT="29" WC="0.96" CONTENT="år"/><SP WIDTH="30" VPOS="765" HPOS="1040"/>
							<String ID="string_141" HPOS="1070" VPOS="766" WIDTH="82" HEIGHT="28" WC="0.68" CONTENT="19435"/><SP WIDTH="29" VPOS="766" HPOS="1152"/>
							<String ID="string_142" HPOS="1181" VPOS="765" WIDTH="165" HEIGHT="36" WC="0.95" CONTENT="vidtagna"/><SP WIDTH="29" VPOS="765" HPOS="1346"/>
							<String ID="string_143" HPOS="1375" VPOS="765" WIDTH="236" HEIGHT="36" WC="0.95" CONTENT="ändringarna"/><SP WIDTH="28" VPOS="765" HPOS="1611"/>
							<String ID="string_144" HPOS="1639" VPOS="766" WIDTH="10" HEIGHT="28" WC="0.96" CONTENT="i"/><SP WIDTH="28" VPOS="766" HPOS="1649"/>
							<String ID="string_145" HPOS="1677" VPOS="765" WIDTH="39" HEIGHT="28" WC="0.90" CONTENT="42"/><SP WIDTH="32" VPOS="765" HPOS="1716"/>
							<String ID="string_146" HPOS="1748" VPOS="764" WIDTH="13" HEIGHT="33" WC="0.87" CONTENT="$"/>
						</TextLine>
						<TextLine ID="line_14" HPOS="281" VPOS="809" WIDTH="1482" HEIGHT="38">
							<String ID="string_147" HPOS="281" VPOS="809" WIDTH="305" HEIGHT="37" WC="0.92" CONTENT="sinnessjuklagen"/><SP WIDTH="19" VPOS="809" HPOS="586"/>
							<String ID="string_148" HPOS="605" VPOS="810" WIDTH="164" HEIGHT="37" WC="0.96" CONTENT="framgår,"/><SP WIDTH="18" VPOS="810" HPOS="769"/>
							<String ID="string_149" HPOS="787" VPOS="811" WIDTH="50" HEIGHT="28" WC="0.96" CONTENT="att"/><SP WIDTH="16" VPOS="811" HPOS="837"/>
							<String ID="string_150" HPOS="853" VPOS="810" WIDTH="220" HEIGHT="36" WC="0.96" CONTENT="lagstiftaren"/><SP WIDTH="16" VPOS="810" HPOS="1073"/>
							<String ID="string_151" HPOS="1089" VPOS="811" WIDTH="91" HEIGHT="28" WC="0.96" CONTENT="velat"/><SP WIDTH="18" VPOS="811" HPOS="1180"/>
							<String ID="string_152" HPOS="1198" VPOS="810" WIDTH="108" HEIGHT="36" WC="0.96" CONTENT="skapa"/><SP WIDTH="17" VPOS="810" HPOS="1306"/>
							<String ID="string_153" HPOS="1323" VPOS="810" WIDTH="175" HEIGHT="36" WC="0.95" CONTENT="garantier"/><SP WIDTH="17" VPOS="810" HPOS="1498"/>
							<String ID="string_154" HPOS="1515" VPOS="812" WIDTH="72" HEIGHT="26" WC="0.96" CONTENT="mot"/><SP WIDTH="16" VPOS="812" HPOS="1587"/>
							<String ID="string_155" HPOS="1603" VPOS="811" WIDTH="50" HEIGHT="27" WC="0.93" CONTENT="att"/><SP WIDTH="16" VPOS="811" HPOS="1653"/>
							<String ID="string_156" HPOS="1669" VPOS="810" WIDTH="94" HEIGHT="28" WC="0.92" CONTENT="dom-"/>
						</TextLine>
						<TextLine ID="line_15" HPOS="281" VPOS="853" WIDTH="1483" HEIGHT="38">
							<String ID="string_157" HPOS="281" VPOS="854" WIDTH="110" HEIGHT="29" WC="0.96" CONTENT="stolen"/><SP WIDTH="22" VPOS="854" HPOS="391"/>
							<String ID="string_158" HPOS="413" VPOS="854" WIDTH="44" HEIGHT="36" WC="0.95" CONTENT="på"/><SP WIDTH="22" VPOS="854" HPOS="457"/>
							<String ID="string_159" HPOS="479" VPOS="855" WIDTH="111" HEIGHT="35" WC="0.96" CONTENT="grund"/><SP WIDTH="23" VPOS="855" HPOS="590"/>
							<String ID="string_160" HPOS="613" VPOS="863" WIDTH="42" HEIGHT="20" WC="0.96" CONTENT="av"/><SP WIDTH="21" VPOS="863" HPOS="655"/>
							<String ID="string_161" HPOS="676" VPOS="854" WIDTH="177" HEIGHT="29" WC="0.95" CONTENT="bristande"/><SP WIDTH="23" VPOS="854" HPOS="853"/>
							<String ID="string_162" HPOS="876" VPOS="854" WIDTH="206" HEIGHT="37" WC="0.96" CONTENT="motivering"/><SP WIDTH="23" VPOS="854" HPOS="1082"/>
							<String ID="string_163" HPOS="1105" VPOS="864" WIDTH="41" HEIGHT="19" WC="0.96" CONTENT="av"/><SP WIDTH="22" VPOS="864" HPOS="1146"/>
							<String ID="string_164" HPOS="1168" VPOS="855" WIDTH="49" HEIGHT="28" WC="0.93" CONTENT="ett"/><SP WIDTH="22" VPOS="855" HPOS="1217"/>
							<String ID="string_165" HPOS="1239" VPOS="853" WIDTH="322" HEIGHT="37" WC="0.91" CONTENT="rättspsykiatriskt"/><SP WIDTH="23" VPOS="853" HPOS="1561"/>
							<String ID="string_166" HPOS="1584" VPOS="853" WIDTH="180" HEIGHT="29" WC="0.95" CONTENT="utlåtande"/>
						</TextLine>
						<TextLine ID="line_16" HPOS="281" VPOS="898" WIDTH="1483" HEIGHT="37">
							<String ID="string_167" HPOS="281" VPOS="898" WIDTH="117" HEIGHT="29" WC="0.91" CONTENT="ställes"/><SP WIDTH="25" VPOS="898" HPOS="398"/>
							<String ID="string_168" HPOS="423" VPOS="899" WIDTH="85" HEIGHT="28" WC="0.96" CONTENT="utan"/><SP WIDTH="24" VPOS="899" HPOS="508"/>
							<String ID="string_169" HPOS="532" VPOS="898" WIDTH="182" HEIGHT="37" WC="0.96" CONTENT="möjlighet"/><SP WIDTH="24" VPOS="898" HPOS="714"/>
							<String ID="string_170" HPOS="738" VPOS="900" WIDTH="50" HEIGHT="27" WC="0.96" CONTENT="att"/><SP WIDTH="23" VPOS="900" HPOS="788"/>
							<String ID="string_171" HPOS="811" VPOS="898" WIDTH="91" HEIGHT="36" WC="0.96" CONTENT="själv"/><SP WIDTH="23" VPOS="898" HPOS="902"/>
							<String ID="string_172" HPOS="925" VPOS="898" WIDTH="147" HEIGHT="29" WC="0.96" CONTENT="bedöma"/><SP WIDTH="23" VPOS="898" HPOS="1072"/>
							<String ID="string_173" HPOS="1095" VPOS="898" WIDTH="211" HEIGHT="36" WC="0.96" CONTENT="riktigheten"/><SP WIDTH="25" VPOS="898" HPOS="1306"/>
							<String ID="string_174" HPOS="1331" VPOS="908" WIDTH="41" HEIGHT="19" WC="0.96" CONTENT="av"/><SP WIDTH="23" VPOS="908" HPOS="1372"/>
							<String ID="string_175" HPOS="1395" VPOS="900" WIDTH="48" HEIGHT="27" WC="0.93" CONTENT="ett"/><SP WIDTH="24" VPOS="900" HPOS="1443"/>
							<String ID="string_176" HPOS="1467" VPOS="898" WIDTH="221" HEIGHT="36" WC="0.91" CONTENT="psykiaterns"/><SP WIDTH="25" VPOS="898" HPOS="1688"/>
							<String ID="string_177" HPOS="1713" VPOS="899" WIDTH="51" HEIGHT="27" WC="0.91" CONTENT="ut-"/>
						</TextLine>
						<TextLine ID="line_17" HPOS="280" VPOS="942" WIDTH="1061" HEIGHT="37">
							<String ID="string_178" HPOS="280" VPOS="942" WIDTH="138" HEIGHT="29" WC="0.96" CONTENT="talande"/><SP WIDTH="24" VPOS="942" HPOS="418"/>
							<String ID="string_179" HPOS="442" VPOS="943" WIDTH="50" HEIGHT="28" WC="0.96" CONTENT="att"/><SP WIDTH="20" VPOS="943" HPOS="492"/>
							<String ID="string_180" HPOS="512" VPOS="951" WIDTH="40" HEIGHT="20" WC="0.96" CONTENT="en"/><SP WIDTH="22" VPOS="951" HPOS="552"/>
							<String ID="string_181" HPOS="574" VPOS="942" WIDTH="108" HEIGHT="29" WC="0.96" CONTENT="sådan"/><SP WIDTH="20" VPOS="942" HPOS="682"/>
							<String ID="string_182" HPOS="702" VPOS="943" WIDTH="243" HEIGHT="35" WC="0.96" CONTENT="jämställdhet"/><SP WIDTH="21" VPOS="943" HPOS="945"/>
							<String ID="string_183" HPOS="966" VPOS="943" WIDTH="54" HEIGHT="28" WC="0.96" CONTENT="får"/><SP WIDTH="22" VPOS="943" HPOS="1020"/>
							<String ID="string_184" HPOS="1042" VPOS="952" WIDTH="99" HEIGHT="20" WC="0.96" CONTENT="anses"/><SP WIDTH="23" VPOS="952" HPOS="1141"/>
							<String ID="string_185" HPOS="1164" VPOS="942" WIDTH="177" HEIGHT="37" WC="0.96" CONTENT="föreligga."/>
						</TextLine>
					</TextBlock>
					<TextBlock ID="block_3" HPOS="278" VPOS="986" WIDTH="1488" HEIGHT="789">
						<TextLine ID="line_18" HPOS="325" VPOS="986" WIDTH="1439" HEIGHT="37">
							<String ID="string_186" HPOS="325" VPOS="986" WIDTH="58" HEIGHT="30" WC="0.95" CONTENT="Att"/><SP WIDTH="23" VPOS="986" HPOS="383"/>
							<String ID="string_187" HPOS="406" VPOS="988" WIDTH="66" HEIGHT="27" WC="0.95" CONTENT="den"/><SP WIDTH="22" VPOS="988" HPOS="472"/>
							<String ID="string_188" HPOS="494" VPOS="988" WIDTH="10" HEIGHT="27" WC="0.95" CONTENT="i"/><SP WIDTH="21" VPOS="988" HPOS="504"/>
							<String ID="string_189" HPOS="525" VPOS="987" WIDTH="39" HEIGHT="28" WC="0.91" CONTENT="42"/><SP WIDTH="26" VPOS="987" HPOS="564"/>
							<String ID="string_190" HPOS="590" VPOS="986" WIDTH="13" HEIGHT="33" WC="0.88" CONTENT="$"/><SP WIDTH="25" VPOS="986" HPOS="603"/>
							<String ID="string_191" HPOS="628" VPOS="987" WIDTH="306" HEIGHT="36" WC="0.91" CONTENT="sinnessjuklagen"/><SP WIDTH="23" VPOS="987" HPOS="934"/>
							<String ID="string_192" HPOS="957" VPOS="987" WIDTH="53" HEIGHT="28" WC="0.96" CONTENT="för"/><SP WIDTH="23" VPOS="987" HPOS="1010"/>
							<String ID="string_193" HPOS="1033" VPOS="987" WIDTH="60" HEIGHT="29" WC="0.96" CONTENT="fall"/><SP WIDTH="23" VPOS="987" HPOS="1093"/>
							<String ID="string_194" HPOS="1116" VPOS="996" WIDTH="41" HEIGHT="20" WC="0.96" CONTENT="av"/><SP WIDTH="22" VPOS="996" HPOS="1157"/>
							<String ID="string_195" HPOS="1179" VPOS="987" WIDTH="95" HEIGHT="36" WC="0.96" CONTENT="dylik"/><SP WIDTH="22" VPOS="987" HPOS="1274"/>
							<String ID="string_196" HPOS="1296" VPOS="986" WIDTH="246" HEIGHT="29" WC="0.96" CONTENT="beskaffenhet"/><SP WIDTH="22" VPOS="986" HPOS="1542"/>
							<String ID="string_197" HPOS="1564" VPOS="987" WIDTH="200" HEIGHT="28" WC="0.96" CONTENT="meddelade"/>
						</TextLine>
						<TextLine ID="line_19" HPOS="278" VPOS="1030" WIDTH="1486" HEIGHT="38">
							<String ID="string_198" HPOS="278" VPOS="1031" WIDTH="173" HEIGHT="28" WC="0.96" CONTENT="särskilda"/><SP WIDTH="22" VPOS="1031" HPOS="451"/>
							<String ID="string_199" HPOS="473" VPOS="1031" WIDTH="225" HEIGHT="29" WC="0.96" CONTENT="föreskriften"/><SP WIDTH="22" VPOS="1031" HPOS="698"/>
							<String ID="string_200" HPOS="720" VPOS="1041" WIDTH="56" HEIGHT="19" WC="0.96" CONTENT="om"/><SP WIDTH="22" VPOS="1041" HPOS="776"/>
							<String ID="string_201" HPOS="798" VPOS="1031" WIDTH="198" HEIGHT="37" WC="0.96" CONTENT="skyldighet"/><SP WIDTH="21" VPOS="1031" HPOS="996"/>
							<String ID="string_202" HPOS="1017" VPOS="1033" WIDTH="49" HEIGHT="27" WC="0.92" CONTENT="att"/><SP WIDTH="21" VPOS="1033" HPOS="1066"/>
							<String ID="string_203" HPOS="1087" VPOS="1031" WIDTH="124" HEIGHT="36" WC="0.92" CONTENT="angiva"/><SP WIDTH="21" VPOS="1031" HPOS="1211"/>
							<String ID="string_204" HPOS="1232" VPOS="1031" WIDTH="75" HEIGHT="28" WC="0.96" CONTENT="skäl"/><SP WIDTH="23" VPOS="1031" HPOS="1307"/>
							<String ID="string_205" HPOS="1330" VPOS="1031" WIDTH="53" HEIGHT="28" WC="0.96" CONTENT="för"/><SP WIDTH="22" VPOS="1031" HPOS="1383"/>
							<String ID="string_206" HPOS="1405" VPOS="1031" WIDTH="196" HEIGHT="28" WC="0.96" CONTENT="uttalandet"/><SP WIDTH="21" VPOS="1031" HPOS="1601"/>
							<String ID="string_207" HPOS="1622" VPOS="1030" WIDTH="142" HEIGHT="36" WC="0.96" CONTENT="intagits"/>
						</TextLine>
						<TextLine ID="line_20" HPOS="282" VPOS="1074" WIDTH="1482" HEIGHT="38">
							<String ID="string_208" HPOS="282" VPOS="1075" WIDTH="8" HEIGHT="28" WC="0.96" CONTENT="i"/><SP WIDTH="20" VPOS="1075" HPOS="290"/>
							<String ID="string_209" HPOS="310" VPOS="1075" WIDTH="173" HEIGHT="36" WC="0.95" CONTENT="lagtexten"/><SP WIDTH="20" VPOS="1075" HPOS="483"/>
							<String ID="string_210" HPOS="503" VPOS="1076" WIDTH="10" HEIGHT="28" WC="0.96" CONTENT="i"/><SP WIDTH="20" VPOS="1076" HPOS="513"/>
							<String ID="string_211" HPOS="533" VPOS="1075" WIDTH="202" HEIGHT="37" WC="0.96" CONTENT="anslutning"/><SP WIDTH="19" VPOS="1075" HPOS="735"/>
							<String ID="string_212" HPOS="754" VPOS="1075" WIDTH="51" HEIGHT="29" WC="0.96" CONTENT="till"/><SP WIDTH="20" VPOS="1075" HPOS="805"/>
							<String ID="string_213" HPOS="825" VPOS="1076" WIDTH="311" HEIGHT="29" WC="0.96" CONTENT="bestämmelserna"/><SP WIDTH="19" VPOS="1076" HPOS="1136"/>
							<String ID="string_214" HPOS="1155" VPOS="1085" WIDTH="56" HEIGHT="19" WC="0.96" CONTENT="om"/><SP WIDTH="20" VPOS="1085" HPOS="1211"/>
							<String ID="string_215" HPOS="1231" VPOS="1075" WIDTH="191" HEIGHT="29" WC="0.96" CONTENT="innehållet"/><SP WIDTH="19" VPOS="1075" HPOS="1422"/>
							<String ID="string_216" HPOS="1441" VPOS="1074" WIDTH="9" HEIGHT="29" WC="0.92" CONTENT="i"/><SP WIDTH="19" VPOS="1074" HPOS="1450"/>
							<String ID="string_217" HPOS="1469" VPOS="1075" WIDTH="295" HEIGHT="35" WC="0.91" CONTENT="undersöknings-"/>
						</TextLine>
						<TextLine ID="line_21" HPOS="283" VPOS="1119" WIDTH="1482" HEIGHT="37">
							<String ID="string_218" HPOS="283" VPOS="1119" WIDTH="135" HEIGHT="29" WC="0.96" CONTENT="läkares"/><SP WIDTH="27" VPOS="1119" HPOS="418"/>
							<String ID="string_219" HPOS="445" VPOS="1119" WIDTH="179" HEIGHT="30" WC="0.96" CONTENT="utlåtande"/><SP WIDTH="26" VPOS="1119" HPOS="624"/>
							<String ID="string_220" HPOS="650" VPOS="1120" WIDTH="68" HEIGHT="28" WC="0.96" CONTENT="kan"/><SP WIDTH="26" VPOS="1120" HPOS="718"/>
							<String ID="string_221" HPOS="744" VPOS="1120" WIDTH="77" HEIGHT="29" WC="0.95" CONTENT="med"/><SP WIDTH="25" VPOS="1120" HPOS="821"/>
							<String ID="string_222" HPOS="846" VPOS="1120" WIDTH="138" HEIGHT="36" WC="0.96" CONTENT="hänsyn"/><SP WIDTH="25" VPOS="1120" HPOS="984"/>
							<String ID="string_223" HPOS="1009" VPOS="1120" WIDTH="50" HEIGHT="28" WC="0.95" CONTENT="till"/><SP WIDTH="26" VPOS="1120" HPOS="1059"/>
							<String ID="string_224" HPOS="1085" VPOS="1120" WIDTH="65" HEIGHT="28" WC="0.96" CONTENT="vad"/><SP WIDTH="26" VPOS="1120" HPOS="1150"/>
							<String ID="string_225" HPOS="1176" VPOS="1128" WIDTH="48" HEIGHT="20" WC="0.96" CONTENT="nu"/><SP WIDTH="26" VPOS="1128" HPOS="1224"/>
							<String ID="string_226" HPOS="1250" VPOS="1119" WIDTH="135" HEIGHT="29" WC="0.96" CONTENT="anförts"/><SP WIDTH="27" VPOS="1119" HPOS="1385"/>
							<String ID="string_227" HPOS="1412" VPOS="1119" WIDTH="74" HEIGHT="28" WC="0.96" CONTENT="icke"/><SP WIDTH="25" VPOS="1119" HPOS="1486"/>
							<String ID="string_228" HPOS="1511" VPOS="1119" WIDTH="178" HEIGHT="33" WC="0.96" CONTENT="innebära,"/><SP WIDTH="26" VPOS="1119" HPOS="1689"/>
							<String ID="string_229" HPOS="1715" VPOS="1120" WIDTH="50" HEIGHT="28" WC="0.95" CONTENT="att"/>
						</TextLine>
						<TextLine ID="line_22" HPOS="281" VPOS="1163" WIDTH="1483" HEIGHT="37">
							<String ID="string_230" HPOS="281" VPOS="1163" WIDTH="358" HEIGHT="37" WC="0.91" CONTENT="medicinalstyrelsen"/><SP WIDTH="25" VPOS="1163" HPOS="639"/>
							<String ID="string_231" HPOS="664" VPOS="1164" WIDTH="112" HEIGHT="29" WC="0.96" CONTENT="skulle"/><SP WIDTH="24" VPOS="1164" HPOS="776"/>
							<String ID="string_232" HPOS="800" VPOS="1173" WIDTH="84" HEIGHT="21" WC="0.96" CONTENT="vara"/><SP WIDTH="24" VPOS="1173" HPOS="884"/>
							<String ID="string_233" HPOS="908" VPOS="1164" WIDTH="135" HEIGHT="29" WC="0.96" CONTENT="befriad"/><SP WIDTH="26" VPOS="1164" HPOS="1043"/>
							<String ID="string_234" HPOS="1069" VPOS="1164" WIDTH="80" HEIGHT="29" WC="0.96" CONTENT="från"/><SP WIDTH="26" VPOS="1164" HPOS="1149"/>
							<String ID="string_235" HPOS="1175" VPOS="1163" WIDTH="108" HEIGHT="29" WC="0.96" CONTENT="sådan"/><SP WIDTH="26" VPOS="1163" HPOS="1283"/>
							<String ID="string_236" HPOS="1309" VPOS="1163" WIDTH="207" HEIGHT="37" WC="0.93" CONTENT="skyldighet."/><SP WIDTH="25" VPOS="1163" HPOS="1516"/>
							<String ID="string_237" HPOS="1541" VPOS="1163" WIDTH="223" HEIGHT="29" WC="0.92" CONTENT="Härutinnan"/>
						</TextLine>
						<TextLine ID="line_23" HPOS="282" VPOS="1206" WIDTH="1483" HEIGHT="38">
							<String ID="string_238" HPOS="282" VPOS="1208" WIDTH="67" HEIGHT="28" WC="0.96" CONTENT="kan"/><SP WIDTH="17" VPOS="1208" HPOS="349"/>
							<String ID="string_239" HPOS="366" VPOS="1208" WIDTH="76" HEIGHT="29" WC="0.96" CONTENT="icke"/><SP WIDTH="18" VPOS="1208" HPOS="442"/>
							<String ID="string_240" HPOS="460" VPOS="1209" WIDTH="100" HEIGHT="35" WC="0.96" CONTENT="göras"/><SP WIDTH="17" VPOS="1209" HPOS="560"/>
							<String ID="string_241" HPOS="577" VPOS="1208" WIDTH="114" HEIGHT="36" WC="0.95" CONTENT="någon"/><SP WIDTH="18" VPOS="1208" HPOS="691"/>
							<String ID="string_242" HPOS="709" VPOS="1206" WIDTH="151" HEIGHT="32" WC="0.96" CONTENT="skillnad"/><SP WIDTH="18" VPOS="1206" HPOS="860"/>
							<String ID="string_243" HPOS="878" VPOS="1208" WIDTH="128" HEIGHT="29" WC="0.96" CONTENT="mellan"/><SP WIDTH="18" VPOS="1208" HPOS="1006"/>
							<String ID="string_244" HPOS="1024" VPOS="1207" WIDTH="180" HEIGHT="30" WC="0.96" CONTENT="utlåtande"/><SP WIDTH="18" VPOS="1207" HPOS="1204"/>
							<String ID="string_245" HPOS="1222" VPOS="1218" WIDTH="41" HEIGHT="19" WC="0.93" CONTENT="av"/><SP WIDTH="16" VPOS="1218" HPOS="1263"/>
							<String ID="string_246" HPOS="1279" VPOS="1207" WIDTH="404" HEIGHT="37" WC="0.91" CONTENT="undersökningsläkare"/><SP WIDTH="18" VPOS="1207" HPOS="1683"/>
							<String ID="string_247" HPOS="1701" VPOS="1207" WIDTH="64" HEIGHT="29" WC="0.96" CONTENT="och"/>
						</TextLine>
						<TextLine ID="line_24" HPOS="281" VPOS="1251" WIDTH="1484" HEIGHT="38">
							<String ID="string_248" HPOS="281" VPOS="1261" WIDTH="41" HEIGHT="19" WC="0.93" CONTENT="av"/><SP WIDTH="25" VPOS="1261" HPOS="322"/>
							<String ID="string_249" HPOS="347" VPOS="1252" WIDTH="370" HEIGHT="36" WC="0.89" CONTENT="medicinalstyrelsen."/><SP WIDTH="27" VPOS="1252" HPOS="717"/>
							<String ID="string_250" HPOS="744" VPOS="1252" WIDTH="39" HEIGHT="29" WC="0.96" CONTENT="42"/><SP WIDTH="29" VPOS="1252" HPOS="783"/>
							<String ID="string_251" HPOS="812" VPOS="1252" WIDTH="13" HEIGHT="33" WC="0.33" CONTENT="8"/><SP WIDTH="29" VPOS="1252" HPOS="825"/>
							<String ID="string_252" HPOS="854" VPOS="1252" WIDTH="115" HEIGHT="36" WC="0.96" CONTENT="fjärde"/><SP WIDTH="26" VPOS="1252" HPOS="969"/>
							<String ID="string_253" HPOS="995" VPOS="1252" WIDTH="134" HEIGHT="37" WC="0.93" CONTENT="stycket"/><SP WIDTH="26" VPOS="1252" HPOS="1129"/>
							<String ID="string_254" HPOS="1155" VPOS="1252" WIDTH="306" HEIGHT="36" WC="0.91" CONTENT="sinnessjuklagen"/><SP WIDTH="27" VPOS="1252" HPOS="1461"/>
							<String ID="string_255" HPOS="1488" VPOS="1251" WIDTH="191" HEIGHT="29" WC="0.86" CONTENT="innefattar"/><SP WIDTH="26" VPOS="1251" HPOS="1679"/>
							<String ID="string_256" HPOS="1705" VPOS="1251" WIDTH="60" HEIGHT="28" WC="0.86" CONTENT="all-"/>
						</TextLine>
						<TextLine ID="line_25" HPOS="282" VPOS="1296" WIDTH="1483" HEIGHT="36">
							<String ID="string_257" HPOS="282" VPOS="1297" WIDTH="128" HEIGHT="28" WC="0.92" CONTENT="männa"/><SP WIDTH="20" VPOS="1297" HPOS="410"/>
							<String ID="string_258" HPOS="430" VPOS="1296" WIDTH="262" HEIGHT="30" WC="0.96" CONTENT="bestämmelser"/><SP WIDTH="20" VPOS="1296" HPOS="692"/>
							<String ID="string_259" HPOS="712" VPOS="1298" WIDTH="147" HEIGHT="28" WC="0.96" CONTENT="rörande"/><SP WIDTH="21" VPOS="1298" HPOS="859"/>
							<String ID="string_260" HPOS="880" VPOS="1296" WIDTH="257" HEIGHT="36" WC="0.96" CONTENT="omfattningen"/><SP WIDTH="23" VPOS="1296" HPOS="1137"/>
							<String ID="string_261" HPOS="1160" VPOS="1305" WIDTH="41" HEIGHT="20" WC="0.96" CONTENT="av"/><SP WIDTH="20" VPOS="1305" HPOS="1201"/>
							<String ID="string_262" HPOS="1221" VPOS="1297" WIDTH="65" HEIGHT="28" WC="0.96" CONTENT="den"/><SP WIDTH="21" VPOS="1297" HPOS="1286"/>
							<String ID="string_263" HPOS="1307" VPOS="1296" WIDTH="198" HEIGHT="36" WC="0.95" CONTENT="utredning,"/><SP WIDTH="20" VPOS="1296" HPOS="1505"/>
							<String ID="string_264" HPOS="1525" VPOS="1305" WIDTH="73" HEIGHT="20" WC="0.96" CONTENT="som"/><SP WIDTH="22" VPOS="1305" HPOS="1598"/>
							<String ID="string_265" HPOS="1620" VPOS="1297" WIDTH="9" HEIGHT="28" WC="0.93" CONTENT="i"/><SP WIDTH="21" VPOS="1297" HPOS="1629"/>
							<String ID="string_266" HPOS="1650" VPOS="1296" WIDTH="115" HEIGHT="28" WC="0.91" CONTENT="anled-"/>
						</TextLine>
						<TextLine ID="line_26" HPOS="281" VPOS="1340" WIDTH="1483" HEIGHT="37">
							<String ID="string_267" HPOS="281" VPOS="1340" WIDTH="82" HEIGHT="37" WC="0.96" CONTENT="ning"/><SP WIDTH="20" VPOS="1340" HPOS="363"/>
							<String ID="string_268" HPOS="383" VPOS="1350" WIDTH="42" HEIGHT="20" WC="0.96" CONTENT="av"/><SP WIDTH="19" VPOS="1350" HPOS="425"/>
							<String ID="string_269" HPOS="444" VPOS="1341" WIDTH="190" HEIGHT="29" WC="0.93" CONTENT="verkställd"/><SP WIDTH="20" VPOS="1341" HPOS="634"/>
							<String ID="string_270" HPOS="654" VPOS="1341" WIDTH="385" HEIGHT="36" WC="0.92" CONTENT="sinnesundersökning"/><SP WIDTH="19" VPOS="1341" HPOS="1039"/>
							<String ID="string_271" HPOS="1058" VPOS="1341" WIDTH="88" HEIGHT="29" WC="0.93" CONTENT="skall"/><SP WIDTH="23" VPOS="1341" HPOS="1146"/>
							<String ID="string_272" HPOS="1169" VPOS="1340" WIDTH="211" HEIGHT="36" WC="0.92" CONTENT="framläggas"/><SP WIDTH="21" VPOS="1340" HPOS="1380"/>
							<String ID="string_273" HPOS="1401" VPOS="1340" WIDTH="54" HEIGHT="28" WC="0.96" CONTENT="för"/><SP WIDTH="20" VPOS="1340" HPOS="1455"/>
							<String ID="string_274" HPOS="1475" VPOS="1340" WIDTH="206" HEIGHT="34" WC="0.96" CONTENT="domstolen,"/><SP WIDTH="20" VPOS="1340" HPOS="1681"/>
							<String ID="string_275" HPOS="1701" VPOS="1340" WIDTH="63" HEIGHT="29" WC="0.96" CONTENT="och"/>
						</TextLine>
						<TextLine ID="line_27" HPOS="281" VPOS="1384" WIDTH="1483" HEIGHT="37">
							<String ID="string_276" HPOS="281" VPOS="1394" WIDTH="55" HEIGHT="19" WC="0.93" CONTENT="om"/><SP WIDTH="22" VPOS="1394" HPOS="336"/>
							<String ID="string_277" HPOS="358" VPOS="1385" WIDTH="291" HEIGHT="29" WC="0.91" CONTENT="beskaffenheten"/><SP WIDTH="23" VPOS="1385" HPOS="649"/>
							<String ID="string_278" HPOS="672" VPOS="1386" WIDTH="9" HEIGHT="28" WC="0.96" CONTENT="i"/><SP WIDTH="22" VPOS="1386" HPOS="681"/>
							<String ID="string_279" HPOS="703" VPOS="1384" WIDTH="111" HEIGHT="37" WC="0.96" CONTENT="övrigt"/><SP WIDTH="21" VPOS="1384" HPOS="814"/>
							<String ID="string_280" HPOS="835" VPOS="1394" WIDTH="42" HEIGHT="20" WC="0.96" CONTENT="av"/><SP WIDTH="22" VPOS="1394" HPOS="877"/>
							<String ID="string_281" HPOS="899" VPOS="1385" WIDTH="114" HEIGHT="29" WC="0.96" CONTENT="denna"/><SP WIDTH="22" VPOS="1385" HPOS="1013"/>
							<String ID="string_282" HPOS="1035" VPOS="1384" WIDTH="197" HEIGHT="37" WC="0.96" CONTENT="utredning."/><SP WIDTH="23" VPOS="1384" HPOS="1232"/>
							<String ID="string_283" HPOS="1255" VPOS="1385" WIDTH="64" HEIGHT="28" WC="0.96" CONTENT="Det"/><SP WIDTH="21" VPOS="1385" HPOS="1319"/>
							<String ID="string_284" HPOS="1340" VPOS="1384" WIDTH="129" HEIGHT="37" WC="0.96" CONTENT="åligger"/><SP WIDTH="22" VPOS="1384" HPOS="1469"/>
							<String ID="string_285" HPOS="1491" VPOS="1384" WIDTH="273" HEIGHT="36" WC="0.96" CONTENT="uppenbarligen"/>
						</TextLine>
						<TextLine ID="line_28" HPOS="281" VPOS="1428" WIDTH="1484" HEIGHT="37">
							<String ID="string_286" HPOS="281" VPOS="1429" WIDTH="359" HEIGHT="36" WC="0.89" CONTENT="medicinalstyrelsen"/><SP WIDTH="25" VPOS="1429" HPOS="640"/>
							<String ID="string_287" HPOS="665" VPOS="1429" WIDTH="127" HEIGHT="28" WC="0.95" CONTENT="likaväl"/><SP WIDTH="26" VPOS="1429" HPOS="792"/>
							<String ID="string_288" HPOS="818" VPOS="1438" WIDTH="75" HEIGHT="20" WC="0.92" CONTENT="som"/><SP WIDTH="26" VPOS="1438" HPOS="893"/>
							<String ID="string_289" HPOS="919" VPOS="1428" WIDTH="428" HEIGHT="37" WC="0.91" CONTENT="undersökningsläkaren"/><SP WIDTH="27" VPOS="1428" HPOS="1347"/>
							<String ID="string_290" HPOS="1374" VPOS="1430" WIDTH="50" HEIGHT="28" WC="0.96" CONTENT="att"/><SP WIDTH="24" VPOS="1430" HPOS="1424"/>
							<String ID="string_291" HPOS="1448" VPOS="1428" WIDTH="102" HEIGHT="33" WC="0.96" CONTENT="tillse,"/><SP WIDTH="26" VPOS="1428" HPOS="1550"/>
							<String ID="string_292" HPOS="1576" VPOS="1429" WIDTH="50" HEIGHT="28" WC="0.90" CONTENT="att"/><SP WIDTH="24" VPOS="1429" HPOS="1626"/>
							<String ID="string_293" HPOS="1650" VPOS="1429" WIDTH="115" HEIGHT="28" WC="0.90" CONTENT="utred-"/>
						</TextLine>
						<TextLine ID="line_29" HPOS="281" VPOS="1473" WIDTH="1484" HEIGHT="37">
							<String ID="string_294" HPOS="281" VPOS="1473" WIDTH="127" HEIGHT="36" WC="0.96" CONTENT="ningen"/><SP WIDTH="19" VPOS="1473" HPOS="408"/>
							<String ID="string_295" HPOS="427" VPOS="1473" WIDTH="65" HEIGHT="29" WC="0.96" CONTENT="har"/><SP WIDTH="18" VPOS="1473" HPOS="492"/>
							<String ID="string_296" HPOS="510" VPOS="1474" WIDTH="64" HEIGHT="28" WC="0.95" CONTENT="den"/><SP WIDTH="20" VPOS="1474" HPOS="574"/>
							<String ID="string_297" HPOS="594" VPOS="1473" WIDTH="277" HEIGHT="37" WC="0.96" CONTENT="fullständighet,"/><SP WIDTH="20" VPOS="1473" HPOS="871"/>
							<String ID="string_298" HPOS="891" VPOS="1482" WIDTH="75" HEIGHT="20" WC="0.96" CONTENT="som"/><SP WIDTH="20" VPOS="1482" HPOS="966"/>
							<String ID="string_299" HPOS="986" VPOS="1474" WIDTH="98" HEIGHT="35" WC="0.93" CONTENT="lagen"/><SP WIDTH="18" VPOS="1474" HPOS="1084"/>
							<String ID="string_300" HPOS="1102" VPOS="1473" WIDTH="152" HEIGHT="36" WC="0.87" CONTENT="angiver."/><SP WIDTH="18" VPOS="1473" HPOS="1254"/>
							<String ID="string_301" HPOS="1272" VPOS="1473" WIDTH="125" HEIGHT="29" WC="0.95" CONTENT="Härtill"/><SP WIDTH="21" VPOS="1473" HPOS="1397"/>
							<String ID="string_302" HPOS="1418" VPOS="1473" WIDTH="167" HEIGHT="32" WC="0.95" CONTENT="kommer,"/><SP WIDTH="20" VPOS="1473" HPOS="1585"/>
							<String ID="string_303" HPOS="1605" VPOS="1474" WIDTH="50" HEIGHT="28" WC="0.92" CONTENT="att"/><SP WIDTH="18" VPOS="1474" HPOS="1655"/>
							<String ID="string_304" HPOS="1673" VPOS="1473" WIDTH="92" HEIGHT="28" WC="0.90" CONTENT="med-"/>
						</TextLine>
						<TextLine ID="line_30" HPOS="281" VPOS="1516" WIDTH="1484" HEIGHT="37">
							<String ID="string_305" HPOS="281" VPOS="1517" WIDTH="130" HEIGHT="29" WC="0.96" CONTENT="verkan"/><SP WIDTH="23" VPOS="1517" HPOS="411"/>
							<String ID="string_306" HPOS="434" VPOS="1527" WIDTH="42" HEIGHT="19" WC="0.95" CONTENT="av"/><SP WIDTH="22" VPOS="1527" HPOS="476"/>
							<String ID="string_307" HPOS="498" VPOS="1518" WIDTH="64" HEIGHT="28" WC="0.96" CONTENT="den"/><SP WIDTH="22" VPOS="1518" HPOS="562"/>
							<String ID="string_308" HPOS="584" VPOS="1518" WIDTH="155" HEIGHT="28" WC="0.96" CONTENT="centrala"/><SP WIDTH="21" VPOS="1518" HPOS="739"/>
							<String ID="string_309" HPOS="760" VPOS="1517" WIDTH="217" HEIGHT="29" WC="0.96" CONTENT="medicinska"/><SP WIDTH="21" VPOS="1517" HPOS="977"/>
							<String ID="string_310" HPOS="998" VPOS="1518" WIDTH="181" HEIGHT="28" WC="0.96" CONTENT="instansen"/><SP WIDTH="23" VPOS="1518" HPOS="1179"/>
							<String ID="string_311" HPOS="1202" VPOS="1517" WIDTH="37" HEIGHT="29" WC="0.96" CONTENT="är"/><SP WIDTH="21" VPOS="1517" HPOS="1239"/>
							<String ID="string_312" HPOS="1260" VPOS="1518" WIDTH="48" HEIGHT="28" WC="0.95" CONTENT="ett"/><SP WIDTH="21" VPOS="1518" HPOS="1308"/>
							<String ID="string_313" HPOS="1329" VPOS="1517" WIDTH="215" HEIGHT="36" WC="0.96" CONTENT="nödvändigt"/><SP WIDTH="20" VPOS="1517" HPOS="1544"/>
							<String ID="string_314" HPOS="1564" VPOS="1516" WIDTH="125" HEIGHT="30" WC="0.96" CONTENT="villkor"/><SP WIDTH="22" VPOS="1516" HPOS="1689"/>
							<String ID="string_315" HPOS="1711" VPOS="1517" WIDTH="54" HEIGHT="28" WC="0.96" CONTENT="för"/>
						</TextLine>
						<TextLine ID="line_31" HPOS="282" VPOS="1560" WIDTH="1483" HEIGHT="38">
							<String ID="string_316" HPOS="282" VPOS="1561" WIDTH="312" HEIGHT="30" WC="0.89" CONTENT="åstadkommande"/><SP WIDTH="20" VPOS="1561" HPOS="594"/>
							<String ID="string_317" HPOS="614" VPOS="1571" WIDTH="40" HEIGHT="19" WC="0.96" CONTENT="av"/><SP WIDTH="18" VPOS="1571" HPOS="654"/>
							<String ID="string_318" HPOS="672" VPOS="1563" WIDTH="65" HEIGHT="28" WC="0.96" CONTENT="den"/><SP WIDTH="19" VPOS="1563" HPOS="737"/>
							<String ID="string_319" HPOS="756" VPOS="1561" WIDTH="91" HEIGHT="30" WC="0.96" CONTENT="fasta"/><SP WIDTH="16" VPOS="1561" HPOS="847"/>
							<String ID="string_320" HPOS="863" VPOS="1562" WIDTH="65" HEIGHT="28" WC="0.96" CONTENT="och"/><SP WIDTH="17" VPOS="1562" HPOS="928"/>
							<String ID="string_321" HPOS="945" VPOS="1561" WIDTH="173" HEIGHT="37" WC="0.96" CONTENT="enhetliga"/><SP WIDTH="18" VPOS="1561" HPOS="1118"/>
							<String ID="string_322" HPOS="1136" VPOS="1561" WIDTH="128" HEIGHT="36" WC="0.96" CONTENT="praxis,"/><SP WIDTH="18" VPOS="1561" HPOS="1264"/>
							<String ID="string_323" HPOS="1282" VPOS="1570" WIDTH="74" HEIGHT="20" WC="0.96" CONTENT="som"/><SP WIDTH="19" VPOS="1570" HPOS="1356"/>
							<String ID="string_324" HPOS="1375" VPOS="1562" WIDTH="36" HEIGHT="28" WC="0.96" CONTENT="är"/><SP WIDTH="18" VPOS="1562" HPOS="1411"/>
							<String ID="string_325" HPOS="1429" VPOS="1561" WIDTH="175" HEIGHT="29" WC="0.96" CONTENT="önskvärd"/><SP WIDTH="17" VPOS="1561" HPOS="1604"/>
							<String ID="string_326" HPOS="1621" VPOS="1561" WIDTH="43" HEIGHT="36" WC="0.93" CONTENT="på"/><SP WIDTH="19" VPOS="1561" HPOS="1664"/>
							<String ID="string_327" HPOS="1683" VPOS="1560" WIDTH="82" HEIGHT="29" WC="0.92" CONTENT="ifrå-"/>
						</TextLine>
						<TextLine ID="line_32" HPOS="281" VPOS="1605" WIDTH="1484" HEIGHT="37">
							<String ID="string_328" HPOS="281" VPOS="1607" WIDTH="197" HEIGHT="35" WC="0.91" CONTENT="gavarande"/><SP WIDTH="25" VPOS="1607" HPOS="478"/>
							<String ID="string_329" HPOS="503" VPOS="1606" WIDTH="151" HEIGHT="29" WC="0.96" CONTENT="område."/><SP WIDTH="26" VPOS="1606" HPOS="654"/>
							<String ID="string_330" HPOS="680" VPOS="1607" WIDTH="73" HEIGHT="28" WC="0.96" CONTENT="Den"/><SP WIDTH="27" VPOS="1607" HPOS="753"/>
							<String ID="string_331" HPOS="780" VPOS="1615" WIDTH="41" HEIGHT="20" WC="0.93" CONTENT="av"/><SP WIDTH="24" VPOS="1615" HPOS="821"/>
							<String ID="string_332" HPOS="845" VPOS="1605" WIDTH="360" HEIGHT="37" WC="0.91" CONTENT="medicinalstyrelsen"/><SP WIDTH="26" VPOS="1605" HPOS="1205"/>
							<String ID="string_333" HPOS="1231" VPOS="1605" WIDTH="155" HEIGHT="29" WC="0.96" CONTENT="uttalade"/><SP WIDTH="25" VPOS="1605" HPOS="1386"/>
							<String ID="string_334" HPOS="1411" VPOS="1605" WIDTH="272" HEIGHT="36" WC="0.96" CONTENT="uppfattningen"/><SP WIDTH="26" VPOS="1605" HPOS="1683"/>
							<String ID="string_335" HPOS="1709" VPOS="1614" WIDTH="56" HEIGHT="20" WC="0.96" CONTENT="om"/>
						</TextLine>
						<TextLine ID="line_33" HPOS="281" VPOS="1649" WIDTH="1485" HEIGHT="37">
							<String ID="string_336" HPOS="281" VPOS="1651" WIDTH="64" HEIGHT="28" WC="0.96" CONTENT="den"/><SP WIDTH="24" VPOS="1651" HPOS="345"/>
							<String ID="string_337" HPOS="369" VPOS="1650" WIDTH="80" HEIGHT="29" WC="0.96" CONTENT="från"/><SP WIDTH="23" VPOS="1650" HPOS="449"/>
							<String ID="string_338" HPOS="472" VPOS="1650" WIDTH="239" HEIGHT="36" WC="0.96" CONTENT="vetenskaplig"/><SP WIDTH="22" VPOS="1650" HPOS="711"/>
							<String ID="string_339" HPOS="733" VPOS="1650" WIDTH="180" HEIGHT="36" WC="0.96" CONTENT="synpunkt"/><SP WIDTH="23" VPOS="1650" HPOS="913"/>
							<String ID="string_340" HPOS="936" VPOS="1649" WIDTH="134" HEIGHT="29" WC="0.96" CONTENT="diffusa"/><SP WIDTH="21" VPOS="1649" HPOS="1070"/>
							<String ID="string_341" HPOS="1091" VPOS="1650" WIDTH="64" HEIGHT="28" WC="0.96" CONTENT="och"/><SP WIDTH="23" VPOS="1650" HPOS="1155"/>
							<String ID="string_342" HPOS="1178" VPOS="1649" WIDTH="80" HEIGHT="37" WC="0.96" CONTENT="föga"/><SP WIDTH="21" VPOS="1649" HPOS="1258"/>
							<String ID="string_343" HPOS="1279" VPOS="1649" WIDTH="126" HEIGHT="30" WC="0.96" CONTENT="exakta"/><SP WIDTH="23" VPOS="1649" HPOS="1405"/>
							<String ID="string_344" HPOS="1428" VPOS="1649" WIDTH="273" HEIGHT="37" WC="0.96" CONTENT="formuleringen"/><SP WIDTH="24" VPOS="1649" HPOS="1701"/>
							<String ID="string_345" HPOS="1725" VPOS="1658" WIDTH="41" HEIGHT="20" WC="0.96" CONTENT="av"/>
						</TextLine>
						<TextLine ID="line_34" HPOS="283" VPOS="1693" WIDTH="1481" HEIGHT="38">
							<String ID="string_346" HPOS="283" VPOS="1695" WIDTH="16" HEIGHT="28" WC="0.75" CONTENT="5"/><SP WIDTH="20" VPOS="1695" HPOS="299"/>
							<String ID="string_347" HPOS="319" VPOS="1695" WIDTH="77" HEIGHT="36" WC="0.94" CONTENT="kap."/><SP WIDTH="20" VPOS="1695" HPOS="396"/>
							<String ID="string_348" HPOS="416" VPOS="1695" WIDTH="17" HEIGHT="28" WC="0.94" CONTENT="5"/><SP WIDTH="23" VPOS="1695" HPOS="433"/>
							<String ID="string_349" HPOS="456" VPOS="1694" WIDTH="13" HEIGHT="33" WC="0.57" CONTENT="8"/><SP WIDTH="21" VPOS="1694" HPOS="469"/>
							<String ID="string_350" HPOS="490" VPOS="1694" WIDTH="207" HEIGHT="36" WC="0.94" CONTENT="strafflagen"/><SP WIDTH="17" VPOS="1694" HPOS="697"/>
							<String ID="string_351" HPOS="714" VPOS="1695" WIDTH="70" HEIGHT="36" WC="0.96" CONTENT="gör,"/><SP WIDTH="19" VPOS="1695" HPOS="784"/>
							<String ID="string_352" HPOS="803" VPOS="1695" WIDTH="50" HEIGHT="28" WC="0.96" CONTENT="att"/><SP WIDTH="17" VPOS="1695" HPOS="853"/>
							<String ID="string_353" HPOS="870" VPOS="1702" WIDTH="42" HEIGHT="21" WC="0.96" CONTENT="en"/><SP WIDTH="21" VPOS="1702" HPOS="912"/>
							<String ID="string_354" HPOS="933" VPOS="1693" WIDTH="108" HEIGHT="29" WC="0.95" CONTENT="sådan"/><SP WIDTH="19" VPOS="1693" HPOS="1041"/>
							<String ID="string_355" HPOS="1060" VPOS="1694" WIDTH="210" HEIGHT="28" WC="0.96" CONTENT="medverkan"/><SP WIDTH="20" VPOS="1694" HPOS="1270"/>
							<String ID="string_356" HPOS="1290" VPOS="1694" WIDTH="167" HEIGHT="29" WC="0.96" CONTENT="framstår"/><SP WIDTH="18" VPOS="1694" HPOS="1457"/>
							<String ID="string_357" HPOS="1475" VPOS="1693" WIDTH="115" HEIGHT="30" WC="0.96" CONTENT="såsom"/><SP WIDTH="19" VPOS="1693" HPOS="1590"/>
							<String ID="string_358" HPOS="1609" VPOS="1694" WIDTH="43" HEIGHT="28" WC="0.96" CONTENT="än"/><SP WIDTH="19" VPOS="1694" HPOS="1652"/>
							<String ID="string_359" HPOS="1671" VPOS="1703" WIDTH="93" HEIGHT="19" WC="0.96" CONTENT="mera"/>
						</TextLine>
						<TextLine ID="line_35" HPOS="281" VPOS="1739" WIDTH="169" HEIGHT="36">
							<String ID="string_360" HPOS="281" VPOS="1739" WIDTH="169" HEIGHT="36" WC="0.96" CONTENT="behövlig."/>
						</TextLine>
					</TextBlock>
					<TextBlock ID="block_4" HPOS="280" VPOS="1782" WIDTH="1485" HEIGHT="169">
						<TextLine ID="line_36" HPOS="325" VPOS="1782" WIDTH="1440" HEIGHT="37">
							<String ID="string_361" HPOS="325" VPOS="1783" WIDTH="73" HEIGHT="29" WC="0.93" CONTENT="Vad"/><SP WIDTH="20" VPOS="1783" HPOS="398"/>
							<String ID="string_362" HPOS="418" VPOS="1782" WIDTH="358" HEIGHT="37" WC="0.91" CONTENT="medicinalstyrelsen"/><SP WIDTH="21" VPOS="1782" HPOS="776"/>
							<String ID="string_363" HPOS="797" VPOS="1782" WIDTH="117" HEIGHT="29" WC="0.96" CONTENT="anfört"/><SP WIDTH="19" VPOS="1782" HPOS="914"/>
							<String ID="string_364" HPOS="933" VPOS="1782" WIDTH="51" HEIGHT="29" WC="0.95" CONTENT="till"/><SP WIDTH="21" VPOS="1782" HPOS="984"/>
							<String ID="string_365" HPOS="1005" VPOS="1782" WIDTH="135" HEIGHT="29" WC="0.95" CONTENT="försvar"/><SP WIDTH="19" VPOS="1782" HPOS="1140"/>
							<String ID="string_366" HPOS="1159" VPOS="1782" WIDTH="55" HEIGHT="29" WC="0.93" CONTENT="för"/><SP WIDTH="18" VPOS="1782" HPOS="1214"/>
							<String ID="string_367" HPOS="1232" VPOS="1782" WIDTH="312" HEIGHT="29" WC="0.92" CONTENT="underlåtenheten"/><SP WIDTH="20" VPOS="1782" HPOS="1544"/>
							<String ID="string_368" HPOS="1564" VPOS="1783" WIDTH="51" HEIGHT="28" WC="0.96" CONTENT="att"/><SP WIDTH="18" VPOS="1783" HPOS="1615"/>
							<String ID="string_369" HPOS="1633" VPOS="1783" WIDTH="10" HEIGHT="28" WC="0.93" CONTENT="i"/><SP WIDTH="19" VPOS="1783" HPOS="1643"/>
							<String ID="string_370" HPOS="1662" VPOS="1791" WIDTH="103" HEIGHT="20" WC="0.92" CONTENT="ovan-"/>
						</TextLine>
						<TextLine ID="line_37" HPOS="280" VPOS="1826" WIDTH="1484" HEIGHT="38">
							<String ID="string_371" HPOS="280" VPOS="1828" WIDTH="146" HEIGHT="28" WC="0.92" CONTENT="berörda"/><SP WIDTH="19" VPOS="1828" HPOS="426"/>
							<String ID="string_372" HPOS="445" VPOS="1826" WIDTH="345" HEIGHT="38" WC="0.90" CONTENT="undersökningsfall"/><SP WIDTH="18" VPOS="1826" HPOS="790"/>
							<String ID="string_373" HPOS="808" VPOS="1826" WIDTH="169" HEIGHT="30" WC="0.96" CONTENT="motivera"/><SP WIDTH="18" VPOS="1826" HPOS="977"/>
							<String ID="string_374" HPOS="995" VPOS="1827" WIDTH="75" HEIGHT="29" WC="0.96" CONTENT="sina"/><SP WIDTH="18" VPOS="1827" HPOS="1070"/>
							<String ID="string_375" HPOS="1088" VPOS="1826" WIDTH="205" HEIGHT="29" WC="0.95" CONTENT="utlåtanden"/><SP WIDTH="19" VPOS="1826" HPOS="1293"/>
							<String ID="string_376" HPOS="1312" VPOS="1827" WIDTH="68" HEIGHT="28" WC="0.95" CONTENT="kan"/><SP WIDTH="17" VPOS="1827" HPOS="1380"/>
							<String ID="string_377" HPOS="1397" VPOS="1826" WIDTH="59" HEIGHT="37" WC="0.96" CONTENT="jag"/><SP WIDTH="17" VPOS="1826" HPOS="1456"/>
							<String ID="string_378" HPOS="1473" VPOS="1826" WIDTH="101" HEIGHT="30" WC="0.96" CONTENT="alltså"/><SP WIDTH="19" VPOS="1826" HPOS="1574"/>
							<String ID="string_379" HPOS="1593" VPOS="1826" WIDTH="74" HEIGHT="29" WC="0.93" CONTENT="icke"/><SP WIDTH="18" VPOS="1826" HPOS="1667"/>
							<String ID="string_380" HPOS="1685" VPOS="1826" WIDTH="79" HEIGHT="36" WC="0.91" CONTENT="god-"/>
						</TextLine>
						<TextLine ID="line_38" HPOS="282" VPOS="1869" WIDTH="1483" HEIGHT="39">
							<String ID="string_381" HPOS="282" VPOS="1874" WIDTH="88" HEIGHT="34" WC="0.96" CONTENT="taga."/><SP WIDTH="21" VPOS="1874" HPOS="370"/>
							<String ID="string_382" HPOS="391" VPOS="1872" WIDTH="124" HEIGHT="28" WC="0.96" CONTENT="Denna"/><SP WIDTH="21" VPOS="1872" HPOS="515"/>
							<String ID="string_383" HPOS="536" VPOS="1872" WIDTH="71" HEIGHT="28" WC="0.96" CONTENT="min"/><SP WIDTH="21" VPOS="1872" HPOS="607"/>
							<String ID="string_384" HPOS="628" VPOS="1871" WIDTH="227" HEIGHT="36" WC="0.96" CONTENT="uppfattning"/><SP WIDTH="20" VPOS="1871" HPOS="855"/>
							<String ID="string_385" HPOS="875" VPOS="1870" WIDTH="123" HEIGHT="30" WC="0.96" CONTENT="vinner"/><SP WIDTH="22" VPOS="1870" HPOS="998"/>
							<String ID="string_386" HPOS="1020" VPOS="1871" WIDTH="75" HEIGHT="29" WC="0.96" CONTENT="stöd"/><SP WIDTH="22" VPOS="1871" HPOS="1095"/>
							<String ID="string_387" HPOS="1117" VPOS="1880" WIDTH="41" HEIGHT="20" WC="0.96" CONTENT="av"/><SP WIDTH="20" VPOS="1880" HPOS="1158"/>
							<String ID="string_388" HPOS="1178" VPOS="1871" WIDTH="65" HEIGHT="28" WC="0.96" CONTENT="vad"/><SP WIDTH="23" VPOS="1871" HPOS="1243"/>
							<String ID="string_389" HPOS="1266" VPOS="1871" WIDTH="111" HEIGHT="28" WC="0.96" CONTENT="första"/><SP WIDTH="22" VPOS="1871" HPOS="1377"/>
							<String ID="string_390" HPOS="1399" VPOS="1871" WIDTH="228" HEIGHT="36" WC="0.96" CONTENT="lagutskottet"/><SP WIDTH="20" VPOS="1871" HPOS="1627"/>
							<String ID="string_391" HPOS="1647" VPOS="1871" WIDTH="9" HEIGHT="28" WC="0.93" CONTENT="i"/><SP WIDTH="21" VPOS="1871" HPOS="1656"/>
							<String ID="string_392" HPOS="1677" VPOS="1869" WIDTH="88" HEIGHT="30" WC="0.92" CONTENT="utlå-"/>
						</TextLine>
						<TextLine ID="line_39" HPOS="282" VPOS="1915" WIDTH="1404" HEIGHT="36">
							<String ID="string_393" HPOS="282" VPOS="1917" WIDTH="102" HEIGHT="28" WC="0.96" CONTENT="tande"/><SP WIDTH="19" VPOS="1917" HPOS="384"/>
							<String ID="string_394" HPOS="403" VPOS="1925" WIDTH="42" HEIGHT="19" WC="0.94" CONTENT="nr"/><SP WIDTH="21" VPOS="1925" HPOS="445"/>
							<String ID="string_395" HPOS="466" VPOS="1916" WIDTH="13" HEIGHT="28" WC="0.93" CONTENT="1"/><SP WIDTH="23" VPOS="1916" HPOS="479"/>
							<String ID="string_396" HPOS="502" VPOS="1915" WIDTH="51" HEIGHT="29" WC="0.95" CONTENT="till"/><SP WIDTH="21" VPOS="1915" HPOS="553"/>
							<String ID="string_397" HPOS="574" VPOS="1915" WIDTH="81" HEIGHT="29" WC="0.96" CONTENT="1947"/><SP WIDTH="21" VPOS="1915" HPOS="655"/>
							<String ID="string_398" HPOS="676" VPOS="1915" WIDTH="56" HEIGHT="29" WC="0.96" CONTENT="års"/><SP WIDTH="20" VPOS="1915" HPOS="732"/>
							<String ID="string_399" HPOS="752" VPOS="1915" WIDTH="141" HEIGHT="36" WC="0.96" CONTENT="riksdag"/><SP WIDTH="19" VPOS="1915" HPOS="893"/>
							<String ID="string_400" HPOS="912" VPOS="1916" WIDTH="9" HEIGHT="28" WC="0.96" CONTENT="i"/><SP WIDTH="19" VPOS="1916" HPOS="921"/>
							<String ID="string_401" HPOS="940" VPOS="1915" WIDTH="63" HEIGHT="29" WC="0.96" CONTENT="här"/><SP WIDTH="20" VPOS="1915" HPOS="1003"/>
							<String ID="string_402" HPOS="1023" VPOS="1915" WIDTH="228" HEIGHT="29" WC="0.96" CONTENT="förevarande"/><SP WIDTH="21" VPOS="1915" HPOS="1251"/>
							<String ID="string_403" HPOS="1272" VPOS="1915" WIDTH="99" HEIGHT="29" WC="0.95" CONTENT="ämne"/><SP WIDTH="20" VPOS="1915" HPOS="1371"/>
							<String ID="string_404" HPOS="1391" VPOS="1915" WIDTH="118" HEIGHT="29" WC="0.89" CONTENT="anfört"/><SP WIDTH="15" VPOS="1915" HPOS="1509"/>
							<String ID="string_405" HPOS="1524" VPOS="1932" WIDTH="44" HEIGHT="3" WC="0.89" CONTENT="—"/><SP WIDTH="16" VPOS="1932" HPOS="1568"/>
							<String ID="string_406" HPOS="1584" VPOS="1932" WIDTH="43" HEIGHT="2" WC="0.84" CONTENT="—"/><SP WIDTH="16" VPOS="1932" HPOS="1627"/>
							<String ID="string_407" HPOS="1643" VPOS="1932" WIDTH="43" HEIGHT="2" WC="0.91" CONTENT="—"/>
						</TextLine>
					</TextBlock>
					<TextBlock ID="block_5" HPOS="280" VPOS="1958" WIDTH="1485" HEIGHT="393">
						<TextLine ID="line_40" HPOS="324" VPOS="1958" WIDTH="1440" HEIGHT="38">
							<String ID="string_408" HPOS="324" VPOS="1959" WIDTH="64" HEIGHT="30" WC="0.95" CONTENT="Vid"/><SP WIDTH="24" VPOS="1959" HPOS="388"/>
							<String ID="string_409" HPOS="412" VPOS="1960" WIDTH="256" HEIGHT="36" WC="0.96" CONTENT="behandlingen"/><SP WIDTH="24" VPOS="1960" HPOS="668"/>
							<String ID="string_410" HPOS="692" VPOS="1969" WIDTH="41" HEIGHT="20" WC="0.93" CONTENT="av"/><SP WIDTH="23" VPOS="1969" HPOS="733"/>
							<String ID="string_411" HPOS="756" VPOS="1959" WIDTH="234" HEIGHT="29" WC="0.91" CONTENT="omförmälda"/><SP WIDTH="23" VPOS="1959" HPOS="990"/>
							<String ID="string_412" HPOS="1013" VPOS="1958" WIDTH="179" HEIGHT="30" WC="0.96" CONTENT="utlåtande"/><SP WIDTH="24" VPOS="1958" HPOS="1192"/>
							<String ID="string_413" HPOS="1216" VPOS="1959" WIDTH="9" HEIGHT="28" WC="0.96" CONTENT="i"/><SP WIDTH="24" VPOS="1959" HPOS="1225"/>
							<String ID="string_414" HPOS="1249" VPOS="1959" WIDTH="110" HEIGHT="28" WC="0.96" CONTENT="första"/><SP WIDTH="23" VPOS="1959" HPOS="1359"/>
							<String ID="string_415" HPOS="1382" VPOS="1959" WIDTH="205" HEIGHT="29" WC="0.96" CONTENT="kammaren"/><SP WIDTH="23" VPOS="1959" HPOS="1587"/>
							<String ID="string_416" HPOS="1610" VPOS="1959" WIDTH="154" HEIGHT="29" WC="0.96" CONTENT="uttalade"/>
						</TextLine>
						<TextLine ID="line_41" HPOS="282" VPOS="2002" WIDTH="1482" HEIGHT="37">
							<String ID="string_417" HPOS="282" VPOS="2005" WIDTH="65" HEIGHT="28" WC="0.96" CONTENT="den"/><SP WIDTH="26" VPOS="2005" HPOS="347"/>
							<String ID="string_418" HPOS="373" VPOS="2005" WIDTH="153" HEIGHT="28" WC="0.96" CONTENT="ledamot"/><SP WIDTH="25" VPOS="2005" HPOS="526"/>
							<String ID="string_419" HPOS="551" VPOS="2014" WIDTH="40" HEIGHT="19" WC="0.96" CONTENT="av"/><SP WIDTH="25" VPOS="2014" HPOS="591"/>
							<String ID="string_420" HPOS="616" VPOS="2004" WIDTH="216" HEIGHT="32" WC="0.95" CONTENT="kammaren,"/><SP WIDTH="26" VPOS="2004" HPOS="832"/>
							<String ID="string_421" HPOS="858" VPOS="2013" WIDTH="75" HEIGHT="20" WC="0.97" CONTENT="som"/><SP WIDTH="26" VPOS="2013" HPOS="933"/>
							<String ID="string_422" HPOS="959" VPOS="2003" WIDTH="37" HEIGHT="29" WC="0.96" CONTENT="år"/><SP WIDTH="27" VPOS="2003" HPOS="996"/>
							<String ID="string_423" HPOS="1023" VPOS="2002" WIDTH="81" HEIGHT="30" WC="0.87" CONTENT="1945"/><SP WIDTH="27" VPOS="2002" HPOS="1104"/>
							<String ID="string_424" HPOS="1131" VPOS="2003" WIDTH="8" HEIGHT="28" WC="0.96" CONTENT="i"/><SP WIDTH="27" VPOS="2003" HPOS="1139"/>
							<String ID="string_425" HPOS="1166" VPOS="2003" WIDTH="174" HEIGHT="36" WC="0.96" CONTENT="egenskap"/><SP WIDTH="26" VPOS="2003" HPOS="1340"/>
							<String ID="string_426" HPOS="1366" VPOS="2013" WIDTH="41" HEIGHT="20" WC="0.96" CONTENT="av"/><SP WIDTH="24" VPOS="2013" HPOS="1407"/>
							<String ID="string_427" HPOS="1431" VPOS="2003" WIDTH="80" HEIGHT="29" WC="0.96" CONTENT="chef"/><SP WIDTH="25" VPOS="2003" HPOS="1511"/>
							<String ID="string_428" HPOS="1536" VPOS="2003" WIDTH="53" HEIGHT="29" WC="0.92" CONTENT="för"/><SP WIDTH="25" VPOS="2003" HPOS="1589"/>
							<String ID="string_429" HPOS="1614" VPOS="2003" WIDTH="150" HEIGHT="36" WC="0.92" CONTENT="justitie-"/>
						</TextLine>
						<TextLine ID="line_42" HPOS="281" VPOS="2047" WIDTH="1484" HEIGHT="38">
							<String ID="string_430" HPOS="281" VPOS="2049" WIDTH="275" HEIGHT="36" WC="0.96" CONTENT="departementet"/><SP WIDTH="21" VPOS="2049" HPOS="556"/>
							<String ID="string_431" HPOS="577" VPOS="2049" WIDTH="165" HEIGHT="36" WC="0.96" CONTENT="framlagt"/><SP WIDTH="20" VPOS="2049" HPOS="742"/>
							<String ID="string_432" HPOS="762" VPOS="2048" WIDTH="167" HEIGHT="36" WC="0.95" CONTENT="förslaget"/><SP WIDTH="21" VPOS="2048" HPOS="929"/>
							<String ID="string_433" HPOS="950" VPOS="2048" WIDTH="51" HEIGHT="29" WC="0.96" CONTENT="till"/><SP WIDTH="22" VPOS="2048" HPOS="1001"/>
							<String ID="string_434" HPOS="1023" VPOS="2048" WIDTH="262" HEIGHT="36" WC="0.95" CONTENT="propositionen"/><SP WIDTH="21" VPOS="2048" HPOS="1285"/>
							<String ID="string_435" HPOS="1306" VPOS="2057" WIDTH="41" HEIGHT="19" WC="0.96" CONTENT="nr"/><SP WIDTH="20" VPOS="2057" HPOS="1347"/>
							<String ID="string_436" HPOS="1367" VPOS="2048" WIDTH="74" HEIGHT="33" WC="0.96" CONTENT="239,"/><SP WIDTH="22" VPOS="2048" HPOS="1441"/>
							<String ID="string_437" HPOS="1463" VPOS="2050" WIDTH="50" HEIGHT="27" WC="0.96" CONTENT="att"/><SP WIDTH="19" VPOS="2050" HPOS="1513"/>
							<String ID="string_438" HPOS="1532" VPOS="2048" WIDTH="65" HEIGHT="28" WC="0.93" CONTENT="vad"/><SP WIDTH="22" VPOS="2048" HPOS="1597"/>
							<String ID="string_439" HPOS="1619" VPOS="2047" WIDTH="146" HEIGHT="37" WC="0.89" CONTENT="anginge"/>
						</TextLine>
						<TextLine ID="line_43" HPOS="280" VPOS="2092" WIDTH="1485" HEIGHT="37">
							<String ID="string_440" HPOS="280" VPOS="2093" WIDTH="377" HEIGHT="36" WC="0.92" CONTENT="medicinalstyrelsens"/><SP WIDTH="26" VPOS="2093" HPOS="657"/>
							<String ID="string_441" HPOS="683" VPOS="2093" WIDTH="214" HEIGHT="33" WC="0.96" CONTENT="förfarande,"/><SP WIDTH="26" VPOS="2093" HPOS="897"/>
							<String ID="string_442" HPOS="923" VPOS="2092" WIDTH="43" HEIGHT="29" WC="0.96" CONTENT="då"/><SP WIDTH="26" VPOS="2092" HPOS="966"/>
							<String ID="string_443" HPOS="992" VPOS="2092" WIDTH="168" HEIGHT="36" WC="0.96" CONTENT="styrelsen"/><SP WIDTH="25" VPOS="2092" HPOS="1160"/>
							<String ID="string_444" HPOS="1185" VPOS="2092" WIDTH="88" HEIGHT="29" WC="0.96" CONTENT="hade"/><SP WIDTH="26" VPOS="2092" HPOS="1273"/>
							<String ID="string_445" HPOS="1299" VPOS="2093" WIDTH="49" HEIGHT="28" WC="0.95" CONTENT="att"/><SP WIDTH="25" VPOS="2093" HPOS="1348"/>
							<String ID="string_446" HPOS="1373" VPOS="2100" WIDTH="82" HEIGHT="28" WC="0.95" CONTENT="avge"/><SP WIDTH="25" VPOS="2100" HPOS="1455"/>
							<String ID="string_447" HPOS="1480" VPOS="2092" WIDTH="180" HEIGHT="29" WC="0.96" CONTENT="utlåtande"/><SP WIDTH="25" VPOS="2092" HPOS="1660"/>
							<String ID="string_448" HPOS="1685" VPOS="2093" WIDTH="80" HEIGHT="27" WC="0.96" CONTENT="över"/>
						</TextLine>
						<TextLine ID="line_44" HPOS="280" VPOS="2136" WIDTH="1484" HEIGHT="37">
							<String ID="string_449" HPOS="280" VPOS="2138" WIDTH="190" HEIGHT="29" WC="0.93" CONTENT="verkställd"/><SP WIDTH="25" VPOS="2138" HPOS="470"/>
							<String ID="string_450" HPOS="495" VPOS="2137" WIDTH="393" HEIGHT="36" WC="0.90" CONTENT="sinnesundersökning,"/><SP WIDTH="24" VPOS="2137" HPOS="888"/>
							<String ID="string_451" HPOS="912" VPOS="2136" WIDTH="126" HEIGHT="37" WC="0.91" CONTENT="ansåge"/><SP WIDTH="25" VPOS="2136" HPOS="1038"/>
							<String ID="string_452" HPOS="1063" VPOS="2137" WIDTH="196" HEIGHT="29" WC="0.96" CONTENT="ledamoten"/><SP WIDTH="24" VPOS="2137" HPOS="1259"/>
							<String ID="string_453" HPOS="1283" VPOS="2137" WIDTH="55" HEIGHT="28" WC="0.95" CONTENT="det"/><SP WIDTH="23" VPOS="2137" HPOS="1338"/>
							<String ID="string_454" HPOS="1361" VPOS="2138" WIDTH="85" HEIGHT="27" WC="0.96" CONTENT="utan"/><SP WIDTH="24" VPOS="2138" HPOS="1446"/>
							<String ID="string_455" HPOS="1470" VPOS="2137" WIDTH="101" HEIGHT="29" WC="0.95" CONTENT="tvivel"/><SP WIDTH="27" VPOS="2137" HPOS="1571"/>
							<String ID="string_456" HPOS="1598" VPOS="2146" WIDTH="41" HEIGHT="20" WC="0.96" CONTENT="av"/><SP WIDTH="22" VPOS="2146" HPOS="1639"/>
							<String ID="string_457" HPOS="1661" VPOS="2136" WIDTH="103" HEIGHT="29" WC="0.96" CONTENT="värde"/>
						</TextLine>
						<TextLine ID="line_45" HPOS="281" VPOS="2181" WIDTH="1482" HEIGHT="37">
							<String ID="string_458" HPOS="281" VPOS="2185" WIDTH="49" HEIGHT="26" WC="0.96" CONTENT="att"/><SP WIDTH="27" VPOS="2185" HPOS="330"/>
							<String ID="string_459" HPOS="357" VPOS="2183" WIDTH="111" HEIGHT="28" WC="0.96" CONTENT="första"/><SP WIDTH="28" VPOS="2183" HPOS="468"/>
							<String ID="string_460" HPOS="496" VPOS="2182" WIDTH="226" HEIGHT="36" WC="0.93" CONTENT="lagutskottet"/><SP WIDTH="27" VPOS="2182" HPOS="722"/>
							<String ID="string_461" HPOS="749" VPOS="2181" WIDTH="254" HEIGHT="33" WC="0.92" CONTENT="understrukit,"/><SP WIDTH="28" VPOS="2181" HPOS="1003"/>
							<String ID="string_462" HPOS="1031" VPOS="2182" WIDTH="50" HEIGHT="28" WC="0.96" CONTENT="att"/><SP WIDTH="26" VPOS="2182" HPOS="1081"/>
							<String ID="string_463" HPOS="1107" VPOS="2181" WIDTH="179" HEIGHT="36" WC="0.96" CONTENT="därvidlag"/><SP WIDTH="26" VPOS="2181" HPOS="1286"/>
							<String ID="string_464" HPOS="1312" VPOS="2181" WIDTH="105" HEIGHT="29" WC="0.96" CONTENT="borde"/><SP WIDTH="26" VPOS="2181" HPOS="1417"/>
							<String ID="string_465" HPOS="1443" VPOS="2181" WIDTH="93" HEIGHT="29" WC="0.96" CONTENT="bliva"/><SP WIDTH="26" VPOS="2181" HPOS="1536"/>
							<String ID="string_466" HPOS="1562" VPOS="2190" WIDTH="41" HEIGHT="19" WC="0.96" CONTENT="en"/><SP WIDTH="29" VPOS="2190" HPOS="1603"/>
							<String ID="string_467" HPOS="1632" VPOS="2181" WIDTH="131" HEIGHT="28" WC="0.96" CONTENT="ändrad"/>
						</TextLine>
						<TextLine ID="line_46" HPOS="281" VPOS="2225" WIDTH="1483" HEIGHT="38">
							<String ID="string_468" HPOS="281" VPOS="2226" WIDTH="115" HEIGHT="37" WC="0.96" CONTENT="praxis"/><SP WIDTH="25" VPOS="2226" HPOS="396"/>
							<String ID="string_469" HPOS="421" VPOS="2228" WIDTH="9" HEIGHT="27" WC="0.95" CONTENT="i"/><SP WIDTH="24" VPOS="2228" HPOS="430"/>
							<String ID="string_470" HPOS="454" VPOS="2226" WIDTH="218" HEIGHT="29" WC="0.96" CONTENT="förhållande"/><SP WIDTH="23" VPOS="2226" HPOS="672"/>
							<String ID="string_471" HPOS="695" VPOS="2226" WIDTH="51" HEIGHT="28" WC="0.96" CONTENT="till"/><SP WIDTH="24" VPOS="2226" HPOS="746"/>
							<String ID="string_472" HPOS="770" VPOS="2227" WIDTH="64" HEIGHT="28" WC="0.96" CONTENT="den"/><SP WIDTH="24" VPOS="2227" HPOS="834"/>
							<String ID="string_473" HPOS="858" VPOS="2235" WIDTH="75" HEIGHT="20" WC="0.95" CONTENT="som"/><SP WIDTH="24" VPOS="2235" HPOS="933"/>
							<String ID="string_474" HPOS="957" VPOS="2235" WIDTH="46" HEIGHT="19" WC="0.95" CONTENT="nu"/><SP WIDTH="24" VPOS="2235" HPOS="1003"/>
							<String ID="string_475" HPOS="1027" VPOS="2225" WIDTH="114" HEIGHT="29" WC="0.96" CONTENT="rådde."/><SP WIDTH="24" VPOS="2225" HPOS="1141"/>
							<String ID="string_476" HPOS="1165" VPOS="2226" WIDTH="64" HEIGHT="29" WC="0.95" CONTENT="Det"/><SP WIDTH="23" VPOS="2226" HPOS="1229"/>
							<String ID="string_477" HPOS="1252" VPOS="2225" WIDTH="191" HEIGHT="32" WC="0.95" CONTENT="uttalande,"/><SP WIDTH="23" VPOS="2225" HPOS="1443"/>
							<String ID="string_478" HPOS="1466" VPOS="2234" WIDTH="74" HEIGHT="20" WC="0.96" CONTENT="som"/><SP WIDTH="23" VPOS="2234" HPOS="1540"/>
							<String ID="string_479" HPOS="1563" VPOS="2225" WIDTH="110" HEIGHT="29" WC="0.93" CONTENT="första"/><SP WIDTH="23" VPOS="2225" HPOS="1673"/>
							<String ID="string_480" HPOS="1696" VPOS="2225" WIDTH="68" HEIGHT="36" WC="0.92" CONTENT="lag-"/>
						</TextLine>
						<TextLine ID="line_47" HPOS="281" VPOS="2269" WIDTH="1481" HEIGHT="38">
							<String ID="string_481" HPOS="281" VPOS="2271" WIDTH="171" HEIGHT="29" WC="0.96" CONTENT="utskottet"/><SP WIDTH="21" VPOS="2271" HPOS="452"/>
							<String ID="string_482" HPOS="473" VPOS="2271" WIDTH="63" HEIGHT="28" WC="0.96" CONTENT="här"/><SP WIDTH="20" VPOS="2271" HPOS="536"/>
							<String ID="string_483" HPOS="556" VPOS="2271" WIDTH="102" HEIGHT="36" WC="0.93" CONTENT="gjort,"/><SP WIDTH="22" VPOS="2271" HPOS="658"/>
							<String ID="string_484" HPOS="680" VPOS="2271" WIDTH="96" HEIGHT="29" WC="0.92" CONTENT="stode"/><SP WIDTH="21" VPOS="2271" HPOS="776"/>
							<String ID="string_485" HPOS="797" VPOS="2270" WIDTH="38" HEIGHT="36" WC="0.96" CONTENT="ju"/><SP WIDTH="22" VPOS="2270" HPOS="835"/>
							<String ID="string_486" HPOS="857" VPOS="2270" WIDTH="72" HEIGHT="30" WC="0.96" CONTENT="helt"/><SP WIDTH="21" VPOS="2270" HPOS="929"/>
							<String ID="string_487" HPOS="950" VPOS="2270" WIDTH="10" HEIGHT="28" WC="0.96" CONTENT="i"/><SP WIDTH="21" VPOS="2270" HPOS="960"/>
							<String ID="string_488" HPOS="981" VPOS="2270" WIDTH="347" HEIGHT="29" WC="0.96" CONTENT="överensstämmelse"/><SP WIDTH="21" VPOS="2270" HPOS="1328"/>
							<String ID="string_489" HPOS="1349" VPOS="2270" WIDTH="77" HEIGHT="28" WC="0.95" CONTENT="med"/><SP WIDTH="22" VPOS="2270" HPOS="1426"/>
							<String ID="string_490" HPOS="1448" VPOS="2269" WIDTH="145" HEIGHT="37" WC="0.93" CONTENT="tidigare"/><SP WIDTH="22" VPOS="2269" HPOS="1593"/>
							<String ID="string_491" HPOS="1615" VPOS="2270" WIDTH="147" HEIGHT="28" WC="0.91" CONTENT="uttalan-"/>
						</TextLine>
						<TextLine ID="line_48" HPOS="281" VPOS="2314" WIDTH="1264" HEIGHT="37">
							<String ID="string_492" HPOS="281" VPOS="2317" WIDTH="64" HEIGHT="27" WC="0.96" CONTENT="den"/><SP WIDTH="18" VPOS="2317" HPOS="345"/>
							<String ID="string_493" HPOS="363" VPOS="2315" WIDTH="80" HEIGHT="29" WC="0.96" CONTENT="från"/><SP WIDTH="19" VPOS="2315" HPOS="443"/>
							<String ID="string_494" HPOS="462" VPOS="2315" WIDTH="170" HEIGHT="29" WC="0.96" CONTENT="utskottet"/><SP WIDTH="17" VPOS="2315" HPOS="632"/>
							<String ID="string_495" HPOS="649" VPOS="2314" WIDTH="9" HEIGHT="29" WC="0.96" CONTENT="i"/><SP WIDTH="18" VPOS="2314" HPOS="658"/>
							<String ID="string_496" HPOS="676" VPOS="2315" WIDTH="169" HEIGHT="29" WC="0.96" CONTENT="samband"/><SP WIDTH="18" VPOS="2315" HPOS="845"/>
							<String ID="string_497" HPOS="863" VPOS="2315" WIDTH="78" HEIGHT="28" WC="0.92" CONTENT="med"/><SP WIDTH="20" VPOS="2315" HPOS="941"/>
							<String ID="string_498" HPOS="961" VPOS="2314" WIDTH="283" HEIGHT="37" WC="0.92" CONTENT="lagstiftningens"/><SP WIDTH="17" VPOS="2314" HPOS="1244"/>
							<String ID="string_499" HPOS="1261" VPOS="2314" WIDTH="284" HEIGHT="36" WC="0.96" CONTENT="genomförande."/>
						</TextLine>
					</TextBlock>
					<TextBlock ID="block_6" HPOS="281" VPOS="2358" WIDTH="1484" HEIGHT="170">
						<TextLine ID="line_49" HPOS="327" VPOS="2358" WIDTH="1438" HEIGHT="38">
							<String ID="string_500" HPOS="327" VPOS="2360" WIDTH="11" HEIGHT="28" WC="0.95" CONTENT="I"/><SP WIDTH="29" VPOS="2360" HPOS="338"/>
							<String ID="string_501" HPOS="367" VPOS="2360" WIDTH="60" HEIGHT="29" WC="0.96" CONTENT="sitt"/><SP WIDTH="28" VPOS="2360" HPOS="427"/>
							<String ID="string_502" HPOS="455" VPOS="2360" WIDTH="161" HEIGHT="36" WC="0.95" CONTENT="yttrande"/><SP WIDTH="28" VPOS="2360" HPOS="616"/>
							<String ID="string_503" HPOS="644" VPOS="2359" WIDTH="51" HEIGHT="29" WC="0.96" CONTENT="till"/><SP WIDTH="29" VPOS="2359" HPOS="695"/>
							<String ID="string_504" HPOS="724" VPOS="2358" WIDTH="69" HEIGHT="37" WC="0.96" CONTENT="mig"/><SP WIDTH="27" VPOS="2358" HPOS="793"/>
							<String ID="string_505" HPOS="820" VPOS="2359" WIDTH="64" HEIGHT="28" WC="0.93" CONTENT="har"/><SP WIDTH="28" VPOS="2359" HPOS="884"/>
							<String ID="string_506" HPOS="912" VPOS="2359" WIDTH="358" HEIGHT="36" WC="0.92" CONTENT="medicinalstyrelsen"/><SP WIDTH="30" VPOS="2359" HPOS="1270"/>
							<String ID="string_507" HPOS="1300" VPOS="2358" WIDTH="128" HEIGHT="32" WC="0.96" CONTENT="anfört,"/><SP WIDTH="29" VPOS="2358" HPOS="1428"/>
							<String ID="string_508" HPOS="1457" VPOS="2359" WIDTH="50" HEIGHT="28" WC="0.96" CONTENT="att"/><SP WIDTH="27" VPOS="2359" HPOS="1507"/>
							<String ID="string_509" HPOS="1534" VPOS="2367" WIDTH="41" HEIGHT="20" WC="0.96" CONTENT="en"/><SP WIDTH="28" VPOS="2367" HPOS="1575"/>
							<String ID="string_510" HPOS="1603" VPOS="2359" WIDTH="162" HEIGHT="28" WC="0.96" CONTENT="närmare"/>
						</TextLine>
						<TextLine ID="line_50" HPOS="281" VPOS="2402" WIDTH="1484" HEIGHT="38">
							<String ID="string_511" HPOS="281" VPOS="2404" WIDTH="207" HEIGHT="36" WC="0.95" CONTENT="motivering"/><SP WIDTH="21" VPOS="2404" HPOS="488"/>
							<String ID="string_512" HPOS="509" VPOS="2403" WIDTH="53" HEIGHT="29" WC="0.96" CONTENT="för"/><SP WIDTH="20" VPOS="2403" HPOS="562"/>
							<String ID="string_513" HPOS="582" VPOS="2403" WIDTH="188" HEIGHT="37" WC="0.96" CONTENT="styrelsens"/><SP WIDTH="19" VPOS="2403" HPOS="770"/>
							<String ID="string_514" HPOS="789" VPOS="2404" WIDTH="160" HEIGHT="29" WC="0.96" CONTENT="omdöme"/><SP WIDTH="3" VPOS="2404" HPOS="949"/>
							<String ID="string_515" HPOS="952" VPOS="2398" WIDTH="21" HEIGHT="46" WC="0.96" CONTENT="i"/><SP WIDTH="27" VPOS="2398" HPOS="973"/>
							<String ID="string_516" HPOS="1000" VPOS="2403" WIDTH="151" HEIGHT="29" WC="0.96" CONTENT="flertalet"/><SP WIDTH="21" VPOS="2403" HPOS="1151"/>
							<String ID="string_517" HPOS="1172" VPOS="2403" WIDTH="61" HEIGHT="29" WC="0.96" CONTENT="fall"/><SP WIDTH="22" VPOS="2403" HPOS="1233"/>
							<String ID="string_518" HPOS="1255" VPOS="2403" WIDTH="162" HEIGHT="29" WC="0.96" CONTENT="fordrade"/><SP WIDTH="20" VPOS="2403" HPOS="1417"/>
							<String ID="string_519" HPOS="1437" VPOS="2411" WIDTH="42" HEIGHT="20" WC="0.93" CONTENT="en"/><SP WIDTH="20" VPOS="2411" HPOS="1479"/>
							<String ID="string_520" HPOS="1499" VPOS="2402" WIDTH="266" HEIGHT="35" WC="0.91" CONTENT="överarbetning"/>
						</TextLine>
						<TextLine ID="line_51" HPOS="281" VPOS="2446" WIDTH="1484" HEIGHT="38">
							<String ID="string_521" HPOS="281" VPOS="2457" WIDTH="41" HEIGHT="19" WC="0.96" CONTENT="av"/><SP WIDTH="26" VPOS="2457" HPOS="322"/>
							<String ID="string_522" HPOS="348" VPOS="2449" WIDTH="58" HEIGHT="29" WC="0.96" CONTENT="det"/><SP WIDTH="26" VPOS="2449" HPOS="406"/>
							<String ID="string_523" HPOS="432" VPOS="2448" WIDTH="31" HEIGHT="36" WC="0.96" CONTENT="ej"/><SP WIDTH="30" VPOS="2448" HPOS="463"/>
							<String ID="string_524" HPOS="493" VPOS="2448" WIDTH="111" HEIGHT="29" WC="0.95" CONTENT="sällan"/><SP WIDTH="27" VPOS="2448" HPOS="604"/>
							<String ID="string_525" HPOS="631" VPOS="2448" WIDTH="183" HEIGHT="36" WC="0.95" CONTENT="vidlyftiga"/><SP WIDTH="26" VPOS="2448" HPOS="814"/>
							<String ID="string_526" HPOS="840" VPOS="2448" WIDTH="207" HEIGHT="32" WC="0.96" CONTENT="materialet,"/><SP WIDTH="27" VPOS="2448" HPOS="1047"/>
							<String ID="string_527" HPOS="1074" VPOS="2447" WIDTH="116" HEIGHT="29" WC="0.96" CONTENT="vilken"/><SP WIDTH="29" VPOS="2447" HPOS="1190"/>
							<String ID="string_528" HPOS="1219" VPOS="2447" WIDTH="128" HEIGHT="29" WC="0.96" CONTENT="krävde"/><SP WIDTH="27" VPOS="2447" HPOS="1347"/>
							<String ID="string_529" HPOS="1374" VPOS="2447" WIDTH="111" HEIGHT="29" WC="0.93" CONTENT="ökade"/><SP WIDTH="28" VPOS="2447" HPOS="1485"/>
							<String ID="string_530" HPOS="1513" VPOS="2446" WIDTH="252" HEIGHT="30" WC="0.91" CONTENT="arbetskrafter"/>
						</TextLine>
						<TextLine ID="line_52" HPOS="281" VPOS="2490" WIDTH="1484" HEIGHT="38">
							<String ID="string_531" HPOS="281" VPOS="2494" WIDTH="121" HEIGHT="28" WC="0.96" CONTENT="utöver"/><SP WIDTH="19" VPOS="2494" HPOS="402"/>
							<String ID="string_532" HPOS="421" VPOS="2493" WIDTH="79" HEIGHT="29" WC="0.96" CONTENT="dem"/><SP WIDTH="22" VPOS="2493" HPOS="500"/>
							<String ID="string_533" HPOS="522" VPOS="2501" WIDTH="73" HEIGHT="21" WC="0.96" CONTENT="som"/><SP WIDTH="22" VPOS="2501" HPOS="595"/>
							<String ID="string_534" HPOS="617" VPOS="2492" WIDTH="169" HEIGHT="36" WC="0.96" CONTENT="styrelsen"/><SP WIDTH="21" VPOS="2492" HPOS="786"/>
							<String ID="string_535" HPOS="807" VPOS="2492" WIDTH="88" HEIGHT="29" WC="0.96" CONTENT="hade"/><SP WIDTH="22" VPOS="2492" HPOS="895"/>
							<String ID="string_536" HPOS="917" VPOS="2492" WIDTH="52" HEIGHT="29" WC="0.95" CONTENT="till"/><SP WIDTH="22" VPOS="2492" HPOS="969"/>
							<String ID="string_537" HPOS="991" VPOS="2492" WIDTH="59" HEIGHT="28" WC="0.96" CONTENT="sitt"/><SP WIDTH="22" VPOS="2492" HPOS="1050"/>
							<String ID="string_538" HPOS="1072" VPOS="2492" WIDTH="217" HEIGHT="35" WC="0.95" CONTENT="förfogande."/><SP WIDTH="21" VPOS="2492" HPOS="1289"/>
							<String ID="string_539" HPOS="1310" VPOS="2490" WIDTH="91" HEIGHT="29" WC="0.91" CONTENT="även"/><SP WIDTH="22" VPOS="2490" HPOS="1401"/>
							<String ID="string_540" HPOS="1423" VPOS="2500" WIDTH="56" HEIGHT="19" WC="0.96" CONTENT="om"/><SP WIDTH="22" VPOS="2500" HPOS="1479"/>
							<String ID="string_541" HPOS="1501" VPOS="2499" WIDTH="42" HEIGHT="20" WC="0.96" CONTENT="en"/><SP WIDTH="21" VPOS="2499" HPOS="1543"/>
							<String ID="string_542" HPOS="1564" VPOS="2490" WIDTH="108" HEIGHT="28" WC="0.93" CONTENT="sådan"/><SP WIDTH="22" VPOS="2490" HPOS="1672"/>
							<String ID="string_543" HPOS="1694" VPOS="2499" WIDTH="71" HEIGHT="20" WC="0.91" CONTENT="om-"/>
						</TextLine>
					</TextBlock>
				</ComposedBlock>
			</PrintSpace>
		</Page>
	</Layout>
</alto>
