<?xml version="1.0" encoding="UTF-8"?>
<alto xmlns="http://www.loc.gov/standards/alto/ns-v3#" xmlns:xlink="http://www.w3.org/1999/xlink" xmlns:xsi="http://www.w3.org/2001/XMLSchema-instance" xsi:schemaLocation="http://www.loc.gov/standards/alto/ns-v3# http://www.loc.gov/alto/v3/alto-3-0.xsd">
	<Description>
		<MeasurementUnit>pixel</MeasurementUnit>
		<sourceImageInformation>
			<fileName>/tmp/tess_r9kp26nl_input.PNG</fileName>
		</sourceImageInformation>
		<OCRProcessing ID="OCR_0">
			<ocrProcessingStep>
				<processingSoftware>
					<softwareName>tesseract 5.3.0</softwareName>
				</processingSoftware>
			</ocrProcessingStep>
		</OCRProcessing>
	</Description>
	<Layout>
		<Page WIDTH="2216" HEIGHT="2618" PHYSICAL_IMG_NR="0" ID="page_0">
			<PrintSpace HPOS="0" VPOS="0" WIDTH="2216" HEIGHT="2618">
				<ComposedBlock ID="cblock_0" HPOS="708" VPOS="125" WIDTH="1060" HEIGHT="41">
					<TextBlock ID="block_0" HPOS="708" VPOS="125" WIDTH="1060" HEIGHT="41">
						<TextLine ID="line_0" HPOS="708" VPOS="125" WIDTH="1060" HEIGHT="41">
							<String ID="string_0" HPOS="708" VPOS="134" WIDTH="249" HEIGHT="32" WC="0.90" CONTENT="Statsutskottets"/><SP WIDTH="24" VPOS="134" HPOS="957"/>
							<String ID="string_1" HPOS="981" VPOS="131" WIDTH="163" HEIGHT="32" WC="0.92" CONTENT="utlåtunde"/><SP WIDTH="25" VPOS="131" HPOS="1144"/>
							<String ID="string_2" HPOS="1169" VPOS="130" WIDTH="50" HEIGHT="31" WC="0.94" CONTENT="Nr"/><SP WIDTH="24" VPOS="130" HPOS="1219"/>
							<String ID="string_3" HPOS="1243" VPOS="131" WIDTH="20" HEIGHT="30" WC="0.86" CONTENT="7"/><SP WIDTH="17" VPOS="131" HPOS="1263"/>
							<String ID="string_4" HPOS="1280" VPOS="129" WIDTH="35" HEIGHT="31" WC="0.86" CONTENT="B."/><SP WIDTH="415" VPOS="129" HPOS="1315"/>
							<String ID="string_5" HPOS="1730" VPOS="125" WIDTH="38" HEIGHT="29" WC="0.96" CONTENT="61"/>
						</TextLine>
					</TextBlock>
				</ComposedBlock>
				<ComposedBlock ID="cblock_1" HPOS="933" VPOS="533" WIDTH="172" HEIGHT="39">
					<TextBlock ID="block_1" HPOS="933" VPOS="533" WIDTH="172" HEIGHT="39">
						<TextLine ID="line_1" HPOS="933" VPOS="533" WIDTH="172" HEIGHT="39">
							<String ID="string_6" HPOS="933" VPOS="534" WIDTH="57" HEIGHT="38" WC="0.96" CONTENT="Nr"/><SP WIDTH="30" VPOS="534" HPOS="990"/>
							<String ID="string_7" HPOS="1020" VPOS="533" WIDTH="20" HEIGHT="39" WC="0.78" CONTENT="7"/><SP WIDTH="17" VPOS="533" HPOS="1040"/>
							<String ID="string_8" HPOS="1057" VPOS="533" WIDTH="48" HEIGHT="37" WC="0.78" CONTENT="B."/>
						</TextLine>
					</TextBlock>
				</ComposedBlock>
				<ComposedBlock ID="cblock_2" HPOS="796" VPOS="681" WIDTH="953" HEIGHT="41">
					<TextBlock ID="block_2" HPOS="796" VPOS="681" WIDTH="953" HEIGHT="41">
						<TextLine ID="line_2" HPOS="796" VPOS="681" WIDTH="953" HEIGHT="41">
							<String ID="string_9" HPOS="796" VPOS="690" WIDTH="108" HEIGHT="27" WC="0.96" CONTENT="Ankom"/><SP WIDTH="22" VPOS="690" HPOS="904"/>
							<String ID="string_10" HPOS="926" VPOS="688" WIDTH="40" HEIGHT="27" WC="0.96" CONTENT="till"/><SP WIDTH="22" VPOS="688" HPOS="966"/>
							<String ID="string_11" HPOS="988" VPOS="687" WIDTH="166" HEIGHT="35" WC="0.93" CONTENT="riksdagens"/><SP WIDTH="22" VPOS="687" HPOS="1154"/>
							<String ID="string_12" HPOS="1176" VPOS="684" WIDTH="91" HEIGHT="28" WC="0.90" CONTENT="kunsli"/><SP WIDTH="22" VPOS="684" HPOS="1267"/>
							<String ID="string_13" HPOS="1289" VPOS="684" WIDTH="53" HEIGHT="26" WC="0.96" CONTENT="den"/><SP WIDTH="24" VPOS="684" HPOS="1342"/>
							<String ID="string_14" HPOS="1366" VPOS="684" WIDTH="10" HEIGHT="24" WC="0.77" CONTENT="1"/><SP WIDTH="23" VPOS="684" HPOS="1376"/>
							<String ID="string_15" HPOS="1399" VPOS="692" WIDTH="73" HEIGHT="17" WC="0.96" CONTENT="mars"/><SP WIDTH="21" VPOS="692" HPOS="1472"/>
							<String ID="string_16" HPOS="1493" VPOS="681" WIDTH="68" HEIGHT="27" WC="0.94" CONTENT="1918"/><SP WIDTH="19" VPOS="681" HPOS="1561"/>
							<String ID="string_17" HPOS="1580" VPOS="681" WIDTH="36" HEIGHT="26" WC="0.93" CONTENT="kl."/><SP WIDTH="20" VPOS="681" HPOS="1616"/>
							<String ID="string_18" HPOS="1636" VPOS="681" WIDTH="16" HEIGHT="25" WC="0.93" CONTENT="2"/><SP WIDTH="21" VPOS="681" HPOS="1652"/>
							<String ID="string_19" HPOS="1673" VPOS="690" WIDTH="20" HEIGHT="16" WC="0.45" CONTENT="e."/><SP WIDTH="22" VPOS="690" HPOS="1693"/>
							<String ID="string_20" HPOS="1715" VPOS="690" WIDTH="34" HEIGHT="16" WC="0.75" CONTENT="m."/>
						</TextLine>
					</TextBlock>
				</ComposedBlock>
				<ComposedBlock ID="cblock_3" HPOS="430" VPOS="820" WIDTH="1394" HEIGHT="252">
					<TextBlock ID="block_3" HPOS="430" VPOS="820" WIDTH="1394" HEIGHT="193">
						<TextLine ID="line_3" HPOS="430" VPOS="820" WIDTH="1392" HEIGHT="57">
							<String ID="string_21" HPOS="430" VPOS="835" WIDTH="202" HEIGHT="41" WC="0.95" CONTENT="Utlåtande,"/><SP WIDTH="48" VPOS="835" HPOS="632"/>
							<String ID="string_22" HPOS="680" VPOS="832" WIDTH="186" HEIGHT="45" WC="0.96" CONTENT="angående"/><SP WIDTH="48" VPOS="832" HPOS="866"/>
							<String ID="string_23" HPOS="914" VPOS="829" WIDTH="222" HEIGHT="45" WC="0.96" CONTENT="regleringen"/><SP WIDTH="42" VPOS="829" HPOS="1136"/>
							<String ID="string_24" HPOS="1178" VPOS="839" WIDTH="42" HEIGHT="22" WC="0.94" CONTENT="av"/><SP WIDTH="42" VPOS="839" HPOS="1220"/>
							<String ID="string_25" HPOS="1262" VPOS="824" WIDTH="200" HEIGHT="46" WC="0.75" CONTENT="utgifterna"/><SP WIDTH="44" VPOS="824" HPOS="1462"/>
							<String ID="string_26" HPOS="1506" VPOS="823" WIDTH="116" HEIGHT="34" WC="0.92" CONTENT="under"/><SP WIDTH="41" VPOS="823" HPOS="1622"/>
							<String ID="string_27" HPOS="1663" VPOS="820" WIDTH="159" HEIGHT="45" WC="0.91" CONTENT="tilläggs-"/>
						</TextLine>
						<TextLine ID="line_4" HPOS="622" VPOS="889" WIDTH="1202" HEIGHT="53">
							<String ID="string_28" HPOS="622" VPOS="905" WIDTH="134" HEIGHT="31" WC="0.96" CONTENT="statens"/><SP WIDTH="33" VPOS="905" HPOS="756"/>
							<String ID="string_29" HPOS="789" VPOS="900" WIDTH="66" HEIGHT="42" WC="0.96" CONTENT="för"/><SP WIDTH="37" VPOS="900" HPOS="855"/>
							<String ID="string_30" HPOS="892" VPOS="900" WIDTH="42" HEIGHT="33" WC="0.93" CONTENT="år"/><SP WIDTH="40" VPOS="900" HPOS="934"/>
							<String ID="string_31" HPOS="974" VPOS="900" WIDTH="103" HEIGHT="32" WC="0.96" CONTENT="1918"/><SP WIDTH="43" VPOS="900" HPOS="1077"/>
							<String ID="string_32" HPOS="1120" VPOS="896" WIDTH="152" HEIGHT="42" WC="0.91" CONTENT="sjunde"/><SP WIDTH="42" VPOS="896" HPOS="1272"/>
							<String ID="string_33" HPOS="1314" VPOS="892" WIDTH="212" HEIGHT="35" WC="0.90" CONTENT="huvudtitel,"/><SP WIDTH="46" VPOS="892" HPOS="1526"/>
							<String ID="string_34" HPOS="1572" VPOS="889" WIDTH="252" HEIGHT="43" WC="0.96" CONTENT="innefattande"/>
						</TextLine>
						<TextLine ID="line_5" HPOS="623" VPOS="966" WIDTH="700" HEIGHT="47">
							<String ID="string_35" HPOS="623" VPOS="970" WIDTH="171" HEIGHT="43" WC="0.96" CONTENT="anslagen"/><SP WIDTH="32" VPOS="970" HPOS="794"/>
							<String ID="string_36" HPOS="826" VPOS="968" WIDTH="57" HEIGHT="34" WC="0.93" CONTENT="till"/><SP WIDTH="23" VPOS="968" HPOS="883"/>
							<String ID="string_37" HPOS="906" VPOS="966" WIDTH="417" HEIGHT="44" WC="0.88" CONTENT="finansdepartementet."/>
						</TextLine>
					</TextBlock>
					<TextBlock ID="block_4" HPOS="1494" VPOS="1024" WIDTH="198" HEIGHT="48">
						<TextLine ID="line_6" HPOS="1494" VPOS="1024" WIDTH="198" HEIGHT="48">
							<String ID="string_38" HPOS="1494" VPOS="1029" WIDTH="71" HEIGHT="34" WC="0.92" CONTENT="(3:e"/><SP WIDTH="30" VPOS="1029" HPOS="1565"/>
							<String ID="string_39" HPOS="1595" VPOS="1024" WIDTH="97" HEIGHT="48" WC="0.95" CONTENT="avd.)"/>
						</TextLine>
					</TextBlock>
				</ComposedBlock>
				<ComposedBlock ID="cblock_4" HPOS="605" VPOS="1167" WIDTH="817" HEIGHT="46">
					<TextBlock ID="block_5" HPOS="605" VPOS="1167" WIDTH="817" HEIGHT="46">
						<TextLine ID="line_7" HPOS="605" VPOS="1167" WIDTH="817" HEIGHT="46">
							<String ID="string_40" HPOS="605" VPOS="1176" WIDTH="82" HEIGHT="37" WC="0.96" CONTENT="De"/><SP WIDTH="30" VPOS="1176" HPOS="687"/>
							<String ID="string_41" HPOS="717" VPOS="1172" WIDTH="248" HEIGHT="40" WC="0.92" CONTENT="centrala"/><SP WIDTH="29" VPOS="1172" HPOS="965"/>
							<String ID="string_42" HPOS="994" VPOS="1167" WIDTH="428" HEIGHT="40" WC="0.87" CONTENT="ämbetsverken."/>
						</TextLine>
					</TextBlock>
				</ComposedBlock>
				<ComposedBlock ID="cblock_5" HPOS="228" VPOS="1263" WIDTH="1601" HEIGHT="318">
					<TextBlock ID="block_6" HPOS="228" VPOS="1263" WIDTH="1601" HEIGHT="318">
						<TextLine ID="line_8" HPOS="359" VPOS="1263" WIDTH="1466" HEIGHT="68">
							<String ID="string_43" HPOS="359" VPOS="1282" WIDTH="70" HEIGHT="49" WC="0.84" CONTENT="1:o)"/><SP WIDTH="43" VPOS="1282" HPOS="429"/>
							<String ID="string_44" HPOS="472" VPOS="1281" WIDTH="64" HEIGHT="37" WC="0.96" CONTENT="Uti"/><SP WIDTH="41" VPOS="1281" HPOS="536"/>
							<String ID="string_45" HPOS="577" VPOS="1280" WIDTH="72" HEIGHT="36" WC="0.96" CONTENT="den"/><SP WIDTH="29" VPOS="1280" HPOS="649"/>
							<String ID="string_46" HPOS="678" VPOS="1278" WIDTH="58" HEIGHT="36" WC="0.96" CONTENT="till"/><SP WIDTH="27" VPOS="1278" HPOS="736"/>
							<String ID="string_47" HPOS="763" VPOS="1277" WIDTH="203" HEIGHT="48" WC="0.96" CONTENT="riksdagen"/><SP WIDTH="30" VPOS="1277" HPOS="966"/>
							<String ID="string_48" HPOS="996" VPOS="1275" WIDTH="70" HEIGHT="36" WC="0.96" CONTENT="den"/><SP WIDTH="33" VPOS="1275" HPOS="1066"/>
							<String ID="string_49" HPOS="1099" VPOS="1275" WIDTH="45" HEIGHT="34" WC="0.96" CONTENT="14"/><SP WIDTH="25" VPOS="1275" HPOS="1144"/>
							<String ID="string_50" HPOS="1169" VPOS="1272" WIDTH="150" HEIGHT="49" WC="0.96" CONTENT="januari"/><SP WIDTH="33" VPOS="1272" HPOS="1319"/>
							<String ID="string_51" HPOS="1352" VPOS="1272" WIDTH="95" HEIGHT="35" WC="0.93" CONTENT="1918"/><SP WIDTH="32" VPOS="1272" HPOS="1447"/>
							<String ID="string_52" HPOS="1479" VPOS="1270" WIDTH="149" HEIGHT="35" WC="0.91" CONTENT="avlåtna"/><SP WIDTH="27" VPOS="1270" HPOS="1628"/>
							<String ID="string_53" HPOS="1655" VPOS="1263" WIDTH="170" HEIGHT="57" WC="0.91" CONTENT="proposi-"/>
						</TextLine>
						<TextLine ID="line_9" HPOS="228" VPOS="1318" WIDTH="1600" HEIGHT="62">
							<String ID="string_54" HPOS="228" VPOS="1336" WIDTH="127" HEIGHT="36" WC="0.96" CONTENT="tionen"/><SP WIDTH="29" VPOS="1336" HPOS="355"/>
							<String ID="string_55" HPOS="384" VPOS="1333" WIDTH="86" HEIGHT="37" WC="0.95" CONTENT="med"/><SP WIDTH="29" VPOS="1333" HPOS="470"/>
							<String ID="string_56" HPOS="499" VPOS="1332" WIDTH="144" HEIGHT="48" WC="0.95" CONTENT="förslag"/><SP WIDTH="27" VPOS="1332" HPOS="643"/>
							<String ID="string_57" HPOS="670" VPOS="1330" WIDTH="57" HEIGHT="37" WC="0.93" CONTENT="till"/><SP WIDTH="28" VPOS="1330" HPOS="727"/>
							<String ID="string_58" HPOS="755" VPOS="1329" WIDTH="236" HEIGHT="48" WC="0.92" CONTENT="tilläggsstat"/><SP WIDTH="30" VPOS="1329" HPOS="991"/>
							<String ID="string_59" HPOS="1021" VPOS="1327" WIDTH="55" HEIGHT="35" WC="0.96" CONTENT="för"/><SP WIDTH="28" VPOS="1327" HPOS="1076"/>
							<String ID="string_60" HPOS="1104" VPOS="1328" WIDTH="39" HEIGHT="33" WC="0.96" CONTENT="år"/><SP WIDTH="32" VPOS="1328" HPOS="1143"/>
							<String ID="string_61" HPOS="1175" VPOS="1325" WIDTH="95" HEIGHT="36" WC="0.96" CONTENT="1918"/><SP WIDTH="31" VPOS="1325" HPOS="1270"/>
							<String ID="string_62" HPOS="1301" VPOS="1323" WIDTH="58" HEIGHT="48" WC="0.96" CONTENT="(nr"/><SP WIDTH="29" VPOS="1323" HPOS="1359"/>
							<String ID="string_63" HPOS="1388" VPOS="1321" WIDTH="36" HEIGHT="48" WC="0.96" CONTENT="2)"/><SP WIDTH="29" VPOS="1321" HPOS="1424"/>
							<String ID="string_64" HPOS="1453" VPOS="1321" WIDTH="68" HEIGHT="36" WC="0.95" CONTENT="har"/><SP WIDTH="28" VPOS="1321" HPOS="1521"/>
							<String ID="string_65" HPOS="1549" VPOS="1320" WIDTH="141" HEIGHT="48" WC="0.89" CONTENT="Kungl."/><SP WIDTH="32" VPOS="1320" HPOS="1690"/>
							<String ID="string_66" HPOS="1722" VPOS="1318" WIDTH="106" HEIGHT="48" WC="0.94" CONTENT="Maj:t"/>
						</TextLine>
						<TextLine ID="line_10" HPOS="228" VPOS="1371" WIDTH="1598" HEIGHT="63">
							<String ID="string_67" HPOS="228" VPOS="1386" WIDTH="119" HEIGHT="37" WC="0.96" CONTENT="under"/><SP WIDTH="38" VPOS="1386" HPOS="347"/>
							<String ID="string_68" HPOS="385" VPOS="1384" WIDTH="124" HEIGHT="50" WC="0.96" CONTENT="punkt"/><SP WIDTH="44" VPOS="1384" HPOS="509"/>
							<String ID="string_69" HPOS="553" VPOS="1386" WIDTH="17" HEIGHT="33" WC="0.95" CONTENT="1"/><SP WIDTH="42" VPOS="1386" HPOS="570"/>
							<String ID="string_70" HPOS="612" VPOS="1395" WIDTH="45" HEIGHT="24" WC="0.95" CONTENT="av"/><SP WIDTH="29" VPOS="1395" HPOS="657"/>
							<String ID="string_71" HPOS="686" VPOS="1381" WIDTH="136" HEIGHT="48" WC="0.92" CONTENT="sjunde"/><SP WIDTH="29" VPOS="1381" HPOS="822"/>
							<String ID="string_72" HPOS="851" VPOS="1378" WIDTH="239" HEIGHT="37" WC="0.90" CONTENT="huvudtiteln"/><SP WIDTH="29" VPOS="1378" HPOS="1090"/>
							<String ID="string_73" HPOS="1119" VPOS="1375" WIDTH="198" HEIGHT="48" WC="0.89" CONTENT="föreslagit"/><SP WIDTH="27" VPOS="1375" HPOS="1317"/>
							<String ID="string_74" HPOS="1344" VPOS="1373" WIDTH="207" HEIGHT="48" WC="0.96" CONTENT="riksdagen"/><SP WIDTH="30" VPOS="1373" HPOS="1551"/>
							<String ID="string_75" HPOS="1581" VPOS="1377" WIDTH="65" HEIGHT="37" WC="0.96" CONTENT="att,"/><SP WIDTH="29" VPOS="1377" HPOS="1646"/>
							<String ID="string_76" HPOS="1675" VPOS="1371" WIDTH="57" HEIGHT="35" WC="0.93" CONTENT="till"/><SP WIDTH="30" VPOS="1371" HPOS="1732"/>
							<String ID="string_77" HPOS="1762" VPOS="1383" WIDTH="64" HEIGHT="22" WC="0.90" CONTENT="an-"/>
						</TextLine>
						<TextLine ID="line_11" HPOS="228" VPOS="1422" WIDTH="1601" HEIGHT="53">
							<String ID="string_78" HPOS="228" VPOS="1438" WIDTH="185" HEIGHT="37" WC="0.96" CONTENT="ställande"/><SP WIDTH="37" VPOS="1438" HPOS="413"/>
							<String ID="string_79" HPOS="450" VPOS="1436" WIDTH="11" HEIGHT="35" WC="0.96" CONTENT="i"/><SP WIDTH="37" VPOS="1436" HPOS="461"/>
							<String ID="string_80" HPOS="498" VPOS="1434" WIDTH="273" HEIGHT="37" WC="0.96" CONTENT="statskontoret"/><SP WIDTH="40" VPOS="1434" HPOS="771"/>
							<String ID="string_81" HPOS="811" VPOS="1431" WIDTH="119" HEIGHT="36" WC="0.95" CONTENT="under"/><SP WIDTH="41" VPOS="1431" HPOS="930"/>
							<String ID="string_82" HPOS="971" VPOS="1429" WIDTH="79" HEIGHT="36" WC="0.93" CONTENT="viss"/><SP WIDTH="32" VPOS="1429" HPOS="1050"/>
							<String ID="string_83" HPOS="1082" VPOS="1428" WIDTH="60" HEIGHT="36" WC="0.96" CONTENT="del"/><SP WIDTH="27" VPOS="1428" HPOS="1142"/>
							<String ID="string_84" HPOS="1169" VPOS="1441" WIDTH="47" HEIGHT="22" WC="0.96" CONTENT="av"/><SP WIDTH="28" VPOS="1441" HPOS="1216"/>
							<String ID="string_85" HPOS="1244" VPOS="1429" WIDTH="40" HEIGHT="33" WC="0.96" CONTENT="år"/><SP WIDTH="31" VPOS="1429" HPOS="1284"/>
							<String ID="string_86" HPOS="1315" VPOS="1426" WIDTH="97" HEIGHT="35" WC="0.96" CONTENT="1918"/><SP WIDTH="30" VPOS="1426" HPOS="1412"/>
							<String ID="string_87" HPOS="1442" VPOS="1438" WIDTH="47" HEIGHT="22" WC="0.96" CONTENT="av"/><SP WIDTH="28" VPOS="1438" HPOS="1489"/>
							<String ID="string_88" HPOS="1517" VPOS="1422" WIDTH="220" HEIGHT="50" WC="0.96" CONTENT="ytterligare"/><SP WIDTH="28" VPOS="1422" HPOS="1737"/>
							<String ID="string_89" HPOS="1765" VPOS="1424" WIDTH="64" HEIGHT="32" WC="0.96" CONTENT="två"/>
						</TextLine>
						<TextLine ID="line_12" HPOS="229" VPOS="1472" WIDTH="1599" HEIGHT="66">
							<String ID="string_90" HPOS="229" VPOS="1490" WIDTH="198" HEIGHT="48" WC="0.93" CONTENT="kvinnliga"/><SP WIDTH="40" VPOS="1490" HPOS="427"/>
							<String ID="string_91" HPOS="467" VPOS="1486" WIDTH="171" HEIGHT="38" WC="0.91" CONTENT="biträden"/><SP WIDTH="42" VPOS="1486" HPOS="638"/>
							<String ID="string_92" HPOS="680" VPOS="1484" WIDTH="70" HEIGHT="37" WC="0.96" CONTENT="och"/><SP WIDTH="29" VPOS="1484" HPOS="750"/>
							<String ID="string_93" HPOS="779" VPOS="1497" WIDTH="46" HEIGHT="23" WC="0.96" CONTENT="en"/><SP WIDTH="43" VPOS="1497" HPOS="825"/>
							<String ID="string_94" HPOS="868" VPOS="1494" WIDTH="207" HEIGHT="24" WC="0.95" CONTENT="amanuens"/><SP WIDTH="42" VPOS="1494" HPOS="1075"/>
							<String ID="string_95" HPOS="1117" VPOS="1484" WIDTH="97" HEIGHT="31" WC="0.91" CONTENT="samt"/><SP WIDTH="41" VPOS="1484" HPOS="1214"/>
							<String ID="string_96" HPOS="1255" VPOS="1477" WIDTH="56" HEIGHT="36" WC="0.89" CONTENT="till"/><SP WIDTH="41" VPOS="1477" HPOS="1311"/>
							<String ID="string_97" HPOS="1352" VPOS="1474" WIDTH="238" HEIGHT="39" WC="0.96" CONTENT="bestridande"/><SP WIDTH="38" VPOS="1474" HPOS="1590"/>
							<String ID="string_98" HPOS="1628" VPOS="1487" WIDTH="47" HEIGHT="22" WC="0.96" CONTENT="av"/><SP WIDTH="33" VPOS="1487" HPOS="1675"/>
							<String ID="string_99" HPOS="1708" VPOS="1472" WIDTH="120" HEIGHT="37" WC="0.96" CONTENT="ökade"/>
						</TextLine>
						<TextLine ID="line_13" HPOS="229" VPOS="1525" WIDTH="1599" HEIGHT="56">
							<String ID="string_100" HPOS="229" VPOS="1541" WIDTH="205" HEIGHT="37" WC="0.96" CONTENT="kostnader"/><SP WIDTH="42" VPOS="1541" HPOS="434"/>
							<String ID="string_101" HPOS="476" VPOS="1540" WIDTH="57" HEIGHT="35" WC="0.93" CONTENT="för"/><SP WIDTH="39" VPOS="1540" HPOS="533"/>
							<String ID="string_102" HPOS="572" VPOS="1536" WIDTH="271" HEIGHT="45" WC="0.91" CONTENT="renskrivning"/><SP WIDTH="32" VPOS="1536" HPOS="843"/>
							<String ID="string_103" HPOS="875" VPOS="1535" WIDTH="11" HEIGHT="35" WC="0.96" CONTENT="i"/><SP WIDTH="37" VPOS="1535" HPOS="886"/>
							<String ID="string_104" HPOS="923" VPOS="1532" WIDTH="162" HEIGHT="38" WC="0.96" CONTENT="nämnda"/><SP WIDTH="28" VPOS="1532" HPOS="1085"/>
							<String ID="string_105" HPOS="1113" VPOS="1529" WIDTH="250" HEIGHT="47" WC="0.93" CONTENT="ämbetsverk,"/><SP WIDTH="30" VPOS="1529" HPOS="1363"/>
							<String ID="string_106" HPOS="1393" VPOS="1531" WIDTH="20" HEIGHT="32" WC="0.91" CONTENT="å"/><SP WIDTH="28" VPOS="1531" HPOS="1413"/>
							<String ID="string_107" HPOS="1441" VPOS="1527" WIDTH="233" HEIGHT="48" WC="0.92" CONTENT="tilläggsstat"/><SP WIDTH="29" VPOS="1527" HPOS="1674"/>
							<String ID="string_108" HPOS="1703" VPOS="1525" WIDTH="57" HEIGHT="35" WC="0.96" CONTENT="för"/><SP WIDTH="29" VPOS="1525" HPOS="1760"/>
							<String ID="string_109" HPOS="1789" VPOS="1526" WIDTH="39" HEIGHT="34" WC="0.96" CONTENT="år"/>
						</TextLine>
					</TextBlock>
				</ComposedBlock>
				<ComposedBlock ID="cblock_6" HPOS="234" VPOS="1582" WIDTH="1144" HEIGHT="53">
					<TextBlock ID="block_7" HPOS="234" VPOS="1582" WIDTH="1144" HEIGHT="53">
						<TextLine ID="line_14" HPOS="234" VPOS="1582" WIDTH="1144" HEIGHT="53">
							<String ID="string_110" HPOS="234" VPOS="1595" WIDTH="96" HEIGHT="34" WC="0.96" CONTENT="1918"/><SP WIDTH="30" VPOS="1595" HPOS="330"/>
							<String ID="string_111" HPOS="360" VPOS="1592" WIDTH="129" HEIGHT="37" WC="0.96" CONTENT="anvisa"/><SP WIDTH="28" VPOS="1592" HPOS="489"/>
							<String ID="string_112" HPOS="517" VPOS="1595" WIDTH="55" HEIGHT="31" WC="0.93" CONTENT="ett"/><SP WIDTH="28" VPOS="1595" HPOS="572"/>
							<String ID="string_113" HPOS="600" VPOS="1587" WIDTH="315" HEIGHT="48" WC="0.91" CONTENT="förslagsanslag,"/><SP WIDTH="29" VPOS="1587" HPOS="915"/>
							<String ID="string_114" HPOS="944" VPOS="1586" WIDTH="115" HEIGHT="47" WC="0.93" CONTENT="högst"/><SP WIDTH="30" VPOS="1586" HPOS="1059"/>
							<String ID="string_115" HPOS="1089" VPOS="1584" WIDTH="110" HEIGHT="45" WC="0.90" CONTENT="7,350"/><SP WIDTH="29" VPOS="1584" HPOS="1199"/>
							<String ID="string_116" HPOS="1228" VPOS="1582" WIDTH="150" HEIGHT="35" WC="0.96" CONTENT="kronor."/>
						</TextLine>
					</TextBlock>
				</ComposedBlock>
				<ComposedBlock ID="cblock_7" HPOS="232" VPOS="1680" WIDTH="1601" HEIGHT="375">
					<TextBlock ID="block_8" HPOS="232" VPOS="1680" WIDTH="1601" HEIGHT="375">
						<TextLine ID="line_15" HPOS="288" VPOS="1680" WIDTH="1541" HEIGHT="70">
							<String ID="string_117" HPOS="288" VPOS="1695" WIDTH="276" HEIGHT="55" WC="0.41" CONTENT="Utskottet,"/><SP WIDTH="42" VPOS="1695" HPOS="564"/>
							<String ID="string_118" HPOS="606" VPOS="1707" WIDTH="80" HEIGHT="23" WC="0.96" CONTENT="som"/><SP WIDTH="43" VPOS="1707" HPOS="686"/>
							<String ID="string_119" HPOS="729" VPOS="1692" WIDTH="11" HEIGHT="35" WC="0.96" CONTENT="i"/><SP WIDTH="42" VPOS="1692" HPOS="740"/>
							<String ID="string_120" HPOS="782" VPOS="1692" WIDTH="65" HEIGHT="35" WC="0.96" CONTENT="sitt"/><SP WIDTH="27" VPOS="1692" HPOS="847"/>
							<String ID="string_121" HPOS="874" VPOS="1688" WIDTH="194" HEIGHT="38" WC="0.96" CONTENT="utlåtande"/><SP WIDTH="28" VPOS="1688" HPOS="1068"/>
							<String ID="string_122" HPOS="1096" VPOS="1700" WIDTH="44" HEIGHT="23" WC="0.96" CONTENT="nr"/><SP WIDTH="30" VPOS="1700" HPOS="1140"/>
							<String ID="string_123" HPOS="1170" VPOS="1688" WIDTH="17" HEIGHT="33" WC="0.92" CONTENT="7"/><SP WIDTH="36" VPOS="1688" HPOS="1187"/>
							<String ID="string_124" HPOS="1223" VPOS="1687" WIDTH="16" HEIGHT="35" WC="0.91" CONTENT="A"/><SP WIDTH="30" VPOS="1687" HPOS="1239"/>
							<String ID="string_125" HPOS="1269" VPOS="1685" WIDTH="124" HEIGHT="36" WC="0.95" CONTENT="denna"/><SP WIDTH="28" VPOS="1685" HPOS="1393"/>
							<String ID="string_126" HPOS="1421" VPOS="1684" WIDTH="75" HEIGHT="48" WC="0.95" CONTENT="dag"/><SP WIDTH="27" VPOS="1684" HPOS="1496"/>
							<String ID="string_127" HPOS="1523" VPOS="1681" WIDTH="197" HEIGHT="50" WC="0.95" CONTENT="tillstyrkt,"/><SP WIDTH="30" VPOS="1681" HPOS="1720"/>
							<String ID="string_128" HPOS="1750" VPOS="1680" WIDTH="79" HEIGHT="36" WC="0.96" CONTENT="dels"/>
						</TextLine>
						<TextLine ID="line_16" HPOS="232" VPOS="1734" WIDTH="1598" HEIGHT="61">
							<String ID="string_129" HPOS="232" VPOS="1754" WIDTH="55" HEIGHT="31" WC="0.96" CONTENT="att"/><SP WIDTH="26" VPOS="1754" HPOS="287"/>
							<String ID="string_130" HPOS="313" VPOS="1746" WIDTH="291" HEIGHT="49" WC="0.96" CONTENT="ifrågavarande"/><SP WIDTH="28" VPOS="1746" HPOS="604"/>
							<String ID="string_131" HPOS="632" VPOS="1747" WIDTH="62" HEIGHT="34" WC="0.96" CONTENT="två"/><SP WIDTH="28" VPOS="1747" HPOS="694"/>
							<String ID="string_132" HPOS="722" VPOS="1742" WIDTH="199" HEIGHT="49" WC="0.93" CONTENT="kvinnliga"/><SP WIDTH="28" VPOS="1742" HPOS="921"/>
							<String ID="string_133" HPOS="949" VPOS="1740" WIDTH="172" HEIGHT="37" WC="0.92" CONTENT="biträden"/><SP WIDTH="28" VPOS="1740" HPOS="1121"/>
							<String ID="string_134" HPOS="1149" VPOS="1741" WIDTH="61" HEIGHT="33" WC="0.96" CONTENT="må"/><SP WIDTH="27" VPOS="1741" HPOS="1210"/>
							<String ID="string_135" HPOS="1237" VPOS="1737" WIDTH="82" HEIGHT="36" WC="0.96" CONTENT="från"/><SP WIDTH="30" VPOS="1737" HPOS="1319"/>
							<String ID="string_136" HPOS="1349" VPOS="1735" WIDTH="71" HEIGHT="37" WC="0.96" CONTENT="och"/><SP WIDTH="28" VPOS="1735" HPOS="1420"/>
							<String ID="string_137" HPOS="1448" VPOS="1734" WIDTH="84" HEIGHT="37" WC="0.95" CONTENT="med"/><SP WIDTH="25" VPOS="1734" HPOS="1532"/>
							<String ID="string_138" HPOS="1557" VPOS="1736" WIDTH="40" HEIGHT="33" WC="0.96" CONTENT="år"/><SP WIDTH="22" VPOS="1736" HPOS="1597"/>
							<String ID="string_139" HPOS="1619" VPOS="1734" WIDTH="96" HEIGHT="35" WC="0.92" CONTENT="1919"/><SP WIDTH="22" VPOS="1734" HPOS="1715"/>
							<String ID="string_140" HPOS="1737" VPOS="1745" WIDTH="93" HEIGHT="35" WC="0.91" CONTENT="upp-"/>
						</TextLine>
						<TextLine ID="line_17" HPOS="233" VPOS="1785" WIDTH="1598" HEIGHT="52">
							<String ID="string_141" HPOS="233" VPOS="1800" WIDTH="100" HEIGHT="37" WC="0.93" CONTENT="föras"/><SP WIDTH="28" VPOS="1800" HPOS="333"/>
							<String ID="string_142" HPOS="361" VPOS="1802" WIDTH="21" HEIGHT="33" WC="0.90" CONTENT="å"/><SP WIDTH="28" VPOS="1802" HPOS="382"/>
							<String ID="string_143" HPOS="410" VPOS="1798" WIDTH="293" HEIGHT="37" WC="0.91" CONTENT="statskontorets"/><SP WIDTH="29" VPOS="1798" HPOS="703"/>
							<String ID="string_144" HPOS="732" VPOS="1794" WIDTH="186" HEIGHT="37" WC="0.95" CONTENT="ordinarie"/><SP WIDTH="28" VPOS="1794" HPOS="918"/>
							<String ID="string_145" HPOS="946" VPOS="1798" WIDTH="76" HEIGHT="30" WC="0.96" CONTENT="stat"/><SP WIDTH="29" VPOS="1798" HPOS="1022"/>
							<String ID="string_146" HPOS="1051" VPOS="1791" WIDTH="78" HEIGHT="37" WC="0.96" CONTENT="dels"/><SP WIDTH="25" VPOS="1791" HPOS="1129"/>
							<String ID="string_147" HPOS="1154" VPOS="1790" WIDTH="69" HEIGHT="36" WC="0.96" CONTENT="ock"/><SP WIDTH="20" VPOS="1790" HPOS="1223"/>
							<String ID="string_148" HPOS="1243" VPOS="1794" WIDTH="56" HEIGHT="30" WC="0.96" CONTENT="att"/><SP WIDTH="18" VPOS="1794" HPOS="1299"/>
							<String ID="string_149" HPOS="1317" VPOS="1789" WIDTH="58" HEIGHT="35" WC="0.93" CONTENT="för"/><SP WIDTH="20" VPOS="1789" HPOS="1375"/>
							<String ID="string_150" HPOS="1395" VPOS="1785" WIDTH="235" HEIGHT="38" WC="0.92" CONTENT="anställande"/><SP WIDTH="20" VPOS="1785" HPOS="1630"/>
							<String ID="string_151" HPOS="1650" VPOS="1798" WIDTH="47" HEIGHT="22" WC="0.93" CONTENT="av"/><SP WIDTH="18" VPOS="1798" HPOS="1697"/>
							<String ID="string_152" HPOS="1715" VPOS="1789" WIDTH="116" HEIGHT="44" WC="0.92" CONTENT="ytter-"/>
						</TextLine>
						<TextLine ID="line_18" HPOS="233" VPOS="1836" WIDTH="1598" HEIGHT="64">
							<String ID="string_153" HPOS="233" VPOS="1852" WIDTH="120" HEIGHT="48" WC="0.96" CONTENT="ligare"/><SP WIDTH="28" VPOS="1852" HPOS="353"/>
							<String ID="string_154" HPOS="381" VPOS="1864" WIDTH="47" HEIGHT="24" WC="0.96" CONTENT="en"/><SP WIDTH="29" VPOS="1864" HPOS="428"/>
							<String ID="string_155" HPOS="457" VPOS="1862" WIDTH="207" HEIGHT="24" WC="0.95" CONTENT="amanuens"/><SP WIDTH="28" VPOS="1862" HPOS="664"/>
							<String ID="string_156" HPOS="692" VPOS="1853" WIDTH="99" HEIGHT="31" WC="0.96" CONTENT="samt"/><SP WIDTH="27" VPOS="1853" HPOS="791"/>
							<String ID="string_157" HPOS="818" VPOS="1843" WIDTH="240" HEIGHT="39" WC="0.96" CONTENT="bestridande"/><SP WIDTH="30" VPOS="1843" HPOS="1058"/>
							<String ID="string_158" HPOS="1088" VPOS="1856" WIDTH="46" HEIGHT="22" WC="0.96" CONTENT="av"/><SP WIDTH="29" VPOS="1856" HPOS="1134"/>
							<String ID="string_159" HPOS="1163" VPOS="1840" WIDTH="203" HEIGHT="37" WC="0.96" CONTENT="kostnader"/><SP WIDTH="28" VPOS="1840" HPOS="1366"/>
							<String ID="string_160" HPOS="1394" VPOS="1839" WIDTH="58" HEIGHT="36" WC="0.93" CONTENT="för"/><SP WIDTH="28" VPOS="1839" HPOS="1452"/>
							<String ID="string_161" HPOS="1480" VPOS="1836" WIDTH="268" HEIGHT="48" WC="0.91" CONTENT="renskrivning"/><SP WIDTH="21" VPOS="1836" HPOS="1748"/>
							<String ID="string_162" HPOS="1769" VPOS="1848" WIDTH="62" HEIGHT="22" WC="0.91" CONTENT="an-"/>
						</TextLine>
						<TextLine ID="line_19" HPOS="234" VPOS="1886" WIDTH="1598" HEIGHT="66">
							<String ID="string_163" HPOS="234" VPOS="1904" WIDTH="123" HEIGHT="48" WC="0.96" CONTENT="slaget"/><SP WIDTH="47" VPOS="1904" HPOS="357"/>
							<String ID="string_164" HPOS="404" VPOS="1902" WIDTH="56" HEIGHT="36" WC="0.92" CONTENT="till"/><SP WIDTH="29" VPOS="1902" HPOS="460"/>
							<String ID="string_165" HPOS="489" VPOS="1912" WIDTH="251" HEIGHT="26" WC="0.91" CONTENT="amanuenser"/><SP WIDTH="28" VPOS="1912" HPOS="740"/>
							<String ID="string_166" HPOS="768" VPOS="1898" WIDTH="69" HEIGHT="37" WC="0.91" CONTENT="och"/><SP WIDTH="29" VPOS="1898" HPOS="837"/>
							<String ID="string_167" HPOS="866" VPOS="1894" WIDTH="397" HEIGHT="47" WC="0.91" CONTENT="vikariatsersättning"/><SP WIDTH="28" VPOS="1894" HPOS="1263"/>
							<String ID="string_168" HPOS="1291" VPOS="1905" WIDTH="48" HEIGHT="23" WC="0.91" CONTENT="m."/><SP WIDTH="31" VPOS="1905" HPOS="1339"/>
							<String ID="string_169" HPOS="1370" VPOS="1905" WIDTH="47" HEIGHT="22" WC="0.92" CONTENT="m."/><SP WIDTH="31" VPOS="1905" HPOS="1417"/>
							<String ID="string_170" HPOS="1448" VPOS="1893" WIDTH="61" HEIGHT="33" WC="0.95" CONTENT="må"/><SP WIDTH="28" VPOS="1893" HPOS="1509"/>
							<String ID="string_171" HPOS="1537" VPOS="1889" WIDTH="81" HEIGHT="36" WC="0.96" CONTENT="från"/><SP WIDTH="29" VPOS="1889" HPOS="1618"/>
							<String ID="string_172" HPOS="1647" VPOS="1888" WIDTH="72" HEIGHT="36" WC="0.96" CONTENT="och"/><SP WIDTH="30" VPOS="1888" HPOS="1719"/>
							<String ID="string_173" HPOS="1749" VPOS="1886" WIDTH="83" HEIGHT="36" WC="0.96" CONTENT="med"/>
						</TextLine>
						<TextLine ID="line_20" HPOS="234" VPOS="1940" WIDTH="1599" HEIGHT="63">
							<String ID="string_174" HPOS="234" VPOS="1969" WIDTH="145" HEIGHT="23" WC="0.95" CONTENT="samma"/><SP WIDTH="36" VPOS="1969" HPOS="379"/>
							<String ID="string_175" HPOS="415" VPOS="1957" WIDTH="41" HEIGHT="33" WC="0.95" CONTENT="år"/><SP WIDTH="28" VPOS="1957" HPOS="456"/>
							<String ID="string_176" HPOS="484" VPOS="1954" WIDTH="109" HEIGHT="49" WC="0.96" CONTENT="höjas"/><SP WIDTH="30" VPOS="1954" HPOS="593"/>
							<String ID="string_177" HPOS="623" VPOS="1952" WIDTH="85" HEIGHT="37" WC="0.93" CONTENT="med"/><SP WIDTH="32" VPOS="1952" HPOS="708"/>
							<String ID="string_178" HPOS="740" VPOS="1951" WIDTH="110" HEIGHT="45" WC="0.89" CONTENT="7,000"/><SP WIDTH="29" VPOS="1951" HPOS="850"/>
							<String ID="string_179" HPOS="879" VPOS="1949" WIDTH="151" HEIGHT="45" WC="0.96" CONTENT="kronor,"/><SP WIDTH="29" VPOS="1949" HPOS="1030"/>
							<String ID="string_180" HPOS="1059" VPOS="1947" WIDTH="67" HEIGHT="35" WC="0.96" CONTENT="har"/><SP WIDTH="28" VPOS="1947" HPOS="1126"/>
							<String ID="string_181" HPOS="1154" VPOS="1945" WIDTH="83" HEIGHT="37" WC="0.96" CONTENT="icke"/><SP WIDTH="28" VPOS="1945" HPOS="1237"/>
							<String ID="string_182" HPOS="1265" VPOS="1943" WIDTH="82" HEIGHT="36" WC="0.96" CONTENT="haft"/><SP WIDTH="26" VPOS="1943" HPOS="1347"/>
							<String ID="string_183" HPOS="1373" VPOS="1945" WIDTH="119" HEIGHT="46" WC="0.96" CONTENT="något"/><SP WIDTH="28" VPOS="1945" HPOS="1492"/>
							<String ID="string_184" HPOS="1520" VPOS="1946" WIDTH="54" HEIGHT="31" WC="0.96" CONTENT="att"/><SP WIDTH="28" VPOS="1946" HPOS="1574"/>
							<String ID="string_185" HPOS="1602" VPOS="1940" WIDTH="124" HEIGHT="36" WC="0.95" CONTENT="erinra"/><SP WIDTH="29" VPOS="1940" HPOS="1726"/>
							<String ID="string_186" HPOS="1755" VPOS="1945" WIDTH="78" HEIGHT="29" WC="0.96" CONTENT="mot"/>
						</TextLine>
						<TextLine ID="line_21" HPOS="236" VPOS="1994" WIDTH="1298" HEIGHT="61">
							<String ID="string_187" HPOS="236" VPOS="2008" WIDTH="138" HEIGHT="47" WC="0.95" CONTENT="Kungl."/><SP WIDTH="30" VPOS="2008" HPOS="374"/>
							<String ID="string_188" HPOS="404" VPOS="2006" WIDTH="127" HEIGHT="49" WC="0.96" CONTENT="Maj:ts"/><SP WIDTH="30" VPOS="2006" HPOS="531"/>
							<String ID="string_189" HPOS="561" VPOS="2003" WIDTH="245" HEIGHT="38" WC="0.96" CONTENT="förevarande"/><SP WIDTH="32" VPOS="2003" HPOS="806"/>
							<String ID="string_190" HPOS="838" VPOS="2001" WIDTH="146" HEIGHT="47" WC="0.96" CONTENT="förslag"/><SP WIDTH="28" VPOS="2001" HPOS="984"/>
							<String ID="string_191" HPOS="1012" VPOS="1999" WIDTH="69" HEIGHT="36" WC="0.96" CONTENT="och"/><SP WIDTH="30" VPOS="1999" HPOS="1081"/>
							<String ID="string_192" HPOS="1111" VPOS="1998" WIDTH="57" HEIGHT="35" WC="0.93" CONTENT="får"/><SP WIDTH="27" VPOS="1998" HPOS="1168"/>
							<String ID="string_193" HPOS="1195" VPOS="1996" WIDTH="101" HEIGHT="48" WC="0.93" CONTENT="förty"/><SP WIDTH="28" VPOS="1996" HPOS="1296"/>
							<String ID="string_194" HPOS="1324" VPOS="1994" WIDTH="210" HEIGHT="46" WC="0.90" CONTENT="hemställa,"/>
						</TextLine>
					</TextBlock>
				</ComposedBlock>
				<ComposedBlock ID="cblock_8" HPOS="638" VPOS="2080" WIDTH="1197" HEIGHT="99">
					<TextBlock ID="block_9" HPOS="638" VPOS="2080" WIDTH="1197" HEIGHT="99">
						<TextLine ID="line_22" HPOS="767" VPOS="2080" WIDTH="1068" HEIGHT="54">
							<String ID="string_195" HPOS="767" VPOS="2095" WIDTH="54" HEIGHT="30" WC="0.96" CONTENT="att"/><SP WIDTH="39" VPOS="2095" HPOS="821"/>
							<String ID="string_196" HPOS="860" VPOS="2087" WIDTH="206" HEIGHT="47" WC="0.95" CONTENT="riksdagen"/><SP WIDTH="42" VPOS="2087" HPOS="1066"/>
							<String ID="string_197" HPOS="1108" VPOS="2086" WIDTH="59" HEIGHT="34" WC="0.96" CONTENT="må"/><SP WIDTH="37" VPOS="2086" HPOS="1167"/>
							<String ID="string_198" HPOS="1204" VPOS="2083" WIDTH="56" HEIGHT="36" WC="0.93" CONTENT="till"/><SP WIDTH="28" VPOS="2083" HPOS="1260"/>
							<String ID="string_199" HPOS="1288" VPOS="2082" WIDTH="230" HEIGHT="36" WC="0.91" CONTENT="anställande"/><SP WIDTH="28" VPOS="2082" HPOS="1518"/>
							<String ID="string_200" HPOS="1546" VPOS="2082" WIDTH="13" HEIGHT="33" WC="0.96" CONTENT="i"/><SP WIDTH="27" VPOS="2082" HPOS="1559"/>
							<String ID="string_201" HPOS="1586" VPOS="2080" WIDTH="249" HEIGHT="36" WC="0.96" CONTENT="statskontoret"/>
						</TextLine>
						<TextLine ID="line_23" HPOS="638" VPOS="2130" WIDTH="1196" HEIGHT="49">
							<String ID="string_202" HPOS="638" VPOS="2144" WIDTH="116" HEIGHT="35" WC="0.96" CONTENT="under"/><SP WIDTH="35" VPOS="2144" HPOS="754"/>
							<String ID="string_203" HPOS="789" VPOS="2143" WIDTH="73" HEIGHT="34" WC="0.81" CONTENT="viss"/><SP WIDTH="33" VPOS="2143" HPOS="862"/>
							<String ID="string_204" HPOS="895" VPOS="2140" WIDTH="56" HEIGHT="36" WC="0.96" CONTENT="del"/><SP WIDTH="29" VPOS="2140" HPOS="951"/>
							<String ID="string_205" HPOS="980" VPOS="2150" WIDTH="43" HEIGHT="24" WC="0.96" CONTENT="av"/><SP WIDTH="29" VPOS="2150" HPOS="1023"/>
							<String ID="string_206" HPOS="1052" VPOS="2139" WIDTH="41" HEIGHT="34" WC="0.95" CONTENT="år"/><SP WIDTH="31" VPOS="2139" HPOS="1093"/>
							<String ID="string_207" HPOS="1124" VPOS="2138" WIDTH="99" HEIGHT="33" WC="0.96" CONTENT="1918"/><SP WIDTH="28" VPOS="2138" HPOS="1223"/>
							<String ID="string_208" HPOS="1251" VPOS="2147" WIDTH="44" HEIGHT="23" WC="0.96" CONTENT="av"/><SP WIDTH="28" VPOS="2147" HPOS="1295"/>
							<String ID="string_209" HPOS="1323" VPOS="2134" WIDTH="210" HEIGHT="45" WC="0.96" CONTENT="ytterligare"/><SP WIDTH="29" VPOS="2134" HPOS="1533"/>
							<String ID="string_210" HPOS="1562" VPOS="2133" WIDTH="58" HEIGHT="34" WC="0.96" CONTENT="två"/><SP WIDTH="30" VPOS="2133" HPOS="1620"/>
							<String ID="string_211" HPOS="1650" VPOS="2130" WIDTH="184" HEIGHT="44" WC="0.95" CONTENT="kvinnliga"/>
						</TextLine>
					</TextBlock>
				</ComposedBlock>
				<ComposedBlock ID="cblock_9" HPOS="369" VPOS="2207" WIDTH="823" HEIGHT="49">
					<TextBlock ID="block_10" HPOS="369" VPOS="2207" WIDTH="823" HEIGHT="49">
						<TextLine ID="line_24" HPOS="369" VPOS="2207" WIDTH="823" HEIGHT="49">
							<String ID="string_212" HPOS="369" VPOS="2222" WIDTH="23" HEIGHT="34" WC="0.85" CONTENT="”)"/><SP WIDTH="19" VPOS="2222" HPOS="392"/>
							<String ID="string_213" HPOS="411" VPOS="2207" WIDTH="144" HEIGHT="42" WC="0.92" CONTENT="Hänvisar"/><SP WIDTH="17" VPOS="2207" HPOS="555"/>
							<String ID="string_214" HPOS="572" VPOS="2220" WIDTH="43" HEIGHT="27" WC="0.96" CONTENT="till"/><SP WIDTH="20" VPOS="2220" HPOS="615"/>
							<String ID="string_215" HPOS="635" VPOS="2218" WIDTH="91" HEIGHT="37" WC="0.96" CONTENT="punkt"/><SP WIDTH="19" VPOS="2218" HPOS="726"/>
							<String ID="string_216" HPOS="745" VPOS="2219" WIDTH="8" HEIGHT="25" WC="0.96" CONTENT="i"/><SP WIDTH="22" VPOS="2219" HPOS="753"/>
							<String ID="string_217" HPOS="775" VPOS="2216" WIDTH="98" HEIGHT="35" WC="0.95" CONTENT="Kungl."/><SP WIDTH="22" VPOS="2216" HPOS="873"/>
							<String ID="string_218" HPOS="895" VPOS="2215" WIDTH="95" HEIGHT="35" WC="0.96" CONTENT="Maj:ts"/><SP WIDTH="20" VPOS="2215" HPOS="990"/>
							<String ID="string_219" HPOS="1010" VPOS="2213" WIDTH="182" HEIGHT="36" WC="0.95" CONTENT="proposition."/>
						</TextLine>
					</TextBlock>
				</ComposedBlock>
				<ComposedBlock ID="cblock_10" HPOS="1846" VPOS="1289" WIDTH="206" HEIGHT="163">
					<TextBlock ID="block_11" HPOS="1846" VPOS="1289" WIDTH="206" HEIGHT="163">
						<TextLine ID="line_25" HPOS="1863" VPOS="1289" WIDTH="174" HEIGHT="24">
							<String ID="string_220" HPOS="1863" VPOS="1289" WIDTH="174" HEIGHT="24" WC="0.92" CONTENT="Anställande"/>
						</TextLine>
						<TextLine ID="line_26" HPOS="1846" VPOS="1323" WIDTH="206" HEIGHT="32">
							<String ID="string_221" HPOS="1846" VPOS="1333" WIDTH="31" HEIGHT="15" WC="0.96" CONTENT="av"/><SP WIDTH="22" VPOS="1333" HPOS="1877"/>
							<String ID="string_222" HPOS="1899" VPOS="1323" WIDTH="153" HEIGHT="32" WC="0.95" CONTENT="ytterligare"/>
						</TextLine>
						<TextLine ID="line_27" HPOS="1847" VPOS="1358" WIDTH="196" HEIGHT="31">
							<String ID="string_223" HPOS="1847" VPOS="1359" WIDTH="43" HEIGHT="24" WC="0.96" CONTENT="två"/><SP WIDTH="19" VPOS="1359" HPOS="1890"/>
							<String ID="string_224" HPOS="1909" VPOS="1358" WIDTH="134" HEIGHT="31" WC="0.96" CONTENT="kvinnliga"/>
						</TextLine>
						<TextLine ID="line_28" HPOS="1856" VPOS="1393" WIDTH="184" HEIGHT="24">
							<String ID="string_225" HPOS="1856" VPOS="1394" WIDTH="120" HEIGHT="23" WC="0.92" CONTENT="biträden"/><SP WIDTH="19" VPOS="1394" HPOS="1976"/>
							<String ID="string_226" HPOS="1995" VPOS="1393" WIDTH="45" HEIGHT="23" WC="0.95" CONTENT="hos"/>
						</TextLine>
						<TextLine ID="line_29" HPOS="1859" VPOS="1429" WIDTH="184" HEIGHT="23">
							<String ID="string_227" HPOS="1859" VPOS="1429" WIDTH="184" HEIGHT="23" WC="0.95" CONTENT="statskontoret"/>
						</TextLine>
					</TextBlock>
				</ComposedBlock>
				<ComposedBlock ID="cblock_11" HPOS="1904" VPOS="1498" WIDTH="97" HEIGHT="47">
					<TextBlock ID="block_12" HPOS="1904" VPOS="1498" WIDTH="97" HEIGHT="47">
						<TextLine ID="line_30" HPOS="1904" VPOS="1498" WIDTH="97" HEIGHT="47">
							<String ID="string_228" HPOS="1904" VPOS="1498" WIDTH="97" HEIGHT="47" WC="0.0" CONTENT="[1.7"/>
						</TextLine>
					</TextBlock>
				</ComposedBlock>
				<ComposedBlock ID="cblock_12" HPOS="1882" VPOS="1707" WIDTH="138" HEIGHT="63">
					<TextBlock ID="block_13" HPOS="1882" VPOS="1707" WIDTH="138" HEIGHT="63">
						<TextLine ID="line_31" HPOS="1882" VPOS="1707" WIDTH="138" HEIGHT="22">
							<String ID="string_229" HPOS="1882" VPOS="1707" WIDTH="138" HEIGHT="22" WC="0.88" CONTENT="Utskottets"/>
						</TextLine>
						<TextLine ID="line_32" HPOS="1884" VPOS="1740" WIDTH="131" HEIGHT="30">
							<String ID="string_230" HPOS="1884" VPOS="1740" WIDTH="131" HEIGHT="30" WC="0.95" CONTENT="yttrande."/>
						</TextLine>
					</TextBlock>
				</ComposedBlock>
			</PrintSpace>
		</Page>
	</Layout>
</alto>
