2220 2618
746 162 250 32 Statsutskottets
1019 158 163 32 utlåtande
1210 156 48 31 Nr
1282 156 20 29 7
1316 155 39 30 B.
1766 146 41 32 28

386 247 123 36 Under
552 243 227 47 hänvisning
821 240 56 36 till
922 238 69 37 vad
1020 236 184 36 utskottet
1232 233 119 36 under
1381 230 121 49 punkt
1533 231 98 33 52:0)
1664 228 6 34 i
1703 227 65 34 sitt
1797 232 56 28 ut-

252 298 149 38 låtande
429 312 43 21 nr
503 300 17 32 7
542 298 26 34 A
602 295 135 45 anfört,
768 294 56 35 får
853 290 188 37 utskottet
1072 285 205 46 hernställa,

787 385 52 30 att
877 377 203 43 riksdagen
1114 376 60 33 må
1202 371 56 37 till
1280 370 257 45 förstärkniny
1567 379 43 24 av
1641 368 57 34 det
1725 367 13 32 i
1769 366 88 33 riks-

657 437 116 31 staten
826 431 114 34 under
988 428 129 42 sjunde
1162 422 227 37 huvudtiteln
1436 419 190 46 uppförda
1674 417 183 35 ordinarie

659 480 400 43 reservationsanslaget
1097 477 56 35 till
1182 479 98 32 extra
1310 473 153 45 utgifter
1491 473 20 32 å
1538 469 234 47 tilläggsstat
1801 465 58 36 för

659 538 39 31 år
730 534 97 34 1918
844 530 132 37 anvisa
995 534 53 30 ett
1069 525 311 48 förslagsanslag,
1400 523 127 44 högst,
1551 520 137 45 25,000
1709 518 148 35 kronor.

390 659 99 41 25:0,
525 654 139 49 Kungl.
698 653 107 47 Maj:t
834 651 66 35 har
931 650 10 34 i
970 648 120 49 punkt
1120 648 46 33 24
1197 642 198 49 föreslagit
1423 641 208 46 riksdagen
1661 643 66 40 att,
1758 638 9 33 i
1798 649 62 22 av-

260 711 114 36 bidan
415 711 49 46 på
505 708 72 36 den
617 704 235 52 proposition
887 714 60 23 om
978 697 205 38 anvisande
1211 709 46 23 av
1289 693 121 38 medel
1439 692 57 36 för
1525 689 224 47 ändamålet,
1779 700 80 24 som

262 764 72 34 kan
375 760 102 37 bliva
510 757 172 49 förelagd
710 755 218 47 riksdagen,
959 752 58 36 för
1044 747 320 47 löneförbättring
1392 745 58 36 för
1477 744 102 35 vissa
1607 741 256 36 vaktmästare

261 814 70 36 och
373 812 86 36 med
501 811 85 37 dem
623 806 222 52 jämförliga
886 801 380 48 befattningshavare
1296 801 20 33 å
1345 797 234 47 tilläggsstat
1608 793 57 36 för
1693 794 40 34 år
1764 791 98 35 1918

261 865 119 37 under
422 862 133 49 sjunde
597 858 237 38 huvudtiteln
874 858 124 33 såsom
1029 851 310 49 förslagsanslag,
1370 849 125 47 högst,
1524 845 164 36 beräkna
1718 849 52 30 ett
1798 842 65 36 be-

262 917 89 47 lopp
382 929 44 22 av
458 914 136 46 15,100
623 912 151 45 kronor.

395 991 98 46 Över
512 999 122 36 denna
654 994 282 47 framställning
956 993 169 35 kommer
1145 989 185 36 utskottet
1349 991 55 30 att
1420 983 201 37 framdeles
1637 981 118 36 under
1770 980 96 35 riks-

265 1054 123 48 dagen
419 1051 137 48 avgiva
585 1047 204 43 utlåtande,
818 1045 116 36 vilket
962 1043 186 36 utskottet
1177 1039 123 36 skolat
1330 1037 221 48 härigenom
1583 1034 58 35 för
1660 1031 205 48 riksdagen

797 1132 160 37 anmäla.

398 1244 98 46 26:0)
527 1242 15 34 I
572 1240 121 49 punkt
734 1241 46 33 25
826 1237 66 35 har
924 1233 139 48 Kungl.
1095 1232 107 47 Maj:t
1230 1229 179 48 slutligen
1441 1225 195 48 föreslagit
1663 1222 206 47 riksdagen

269 1303 63 40 att,
369 1296 5 34 i
405 1293 159 37 avbidan
593 1294 48 47 på
669 1290 71 36 den
769 1287 235 51 proposition
1032 1298 60 22 om
1123 1281 208 38 anvisande
1357 1292 46 23 av
1425 1277 121 37 medel
1567 1277 58 35 för
1645 1273 225 46 ändamålet,

268 1360 82 23 som
379 1346 74 36 kan
481 1345 103 36 bliva
613 1340 172 48 förelagd
814 1339 217 46 riksdagen,
1061 1336 55 36 till
1144 1332 212 38 beredande
1385 1344 47 22 av
1452 1327 329 49 krigstidstillägg
1800 1324 70 37 och

270 1396 290 50 krigstidshjälp
603 1397 37 33 åt
681 1393 230 48 tjänstemän
948 1389 71 36 och
1047 1387 168 48 betjänte
1244 1385 11 34 i
1285 1384 44 35 de
1357 1382 56 37 till
1441 1379 431 48 finansdepartementet

269 1448 168 38 hörande
465 1445 240 38 ämbetsverk
734 1443 69 36 och
832 1442 121 46 kårer,
983 1442 20 33 å
1030 1438 238 47 tilläggsstat
1287 1435 59 36 för
1367 1436 39 33 år
1429 1433 96 35 1918
1547 1433 124 34 såsom
1692 1428 180 48 förslags-

274 1501 135 48 anslag
435 1498 166 38 beräkna
629 1502 53 31 ett
709 1495 138 48 belopp
877 1507 47 22 av
952 1490 204 48 4,200,000
1186 1489 150 35 kronor.

397 1551 225 51 Sedermera
662 1548 69 36 har
773 1546 138 48 Kungl.
955 1543 108 48 Maj:t
1094 1542 13 35 i
1134 1553 47 23 en
1210 1539 72 37 den
1314 1540 45 34 18
1384 1535 152 49 januari
1568 1535 96 34 1918
1694 1532 57 36 till
1779 1532 95 35 riks-

272 1605 126 48 dagen
440 1603 150 36 avlåten
630 1598 237 51 proposition
908 1596 58 49 (nr
996 1593 60 50 10)
1088 1591 199 49 föreslagit
1313 1588 205 49 riksdagen
1547 1591 55 31 att
1629 1585 58 36 för
1714 1582 157 38 berörda

274 1655 174 38 ändamål
490 1653 119 37 under
648 1665 51 22 nu
740 1647 249 39 förevarande
1017 1644 215 38 huvudtitel
1261 1641 131 37 anvisa
1421 1645 55 31 ett
1503 1636 303 49 förslagsanslag
1828 1648 47 22 av

274 1708 205 48 4,200,000
521 1705 150 36 kronor.
728 1702 57 36 Då
827 1701 124 36 denna
992 1696 235 51 proposition
1270 1692 254 38 överlämnats
1553 1689 56 36 till
1637 1687 153 37 särskilt
1816 1692 58 30 ut-

274 1760 113 45 skott,
429 1756 189 38 erfordras
659 1754 83 37 icke
784 1756 119 44 något
944 1748 302 39 statsutskottets
1289 1743 179 52 yttrande
1496 1747 92 31 över
1615 1728 258 63 förstnämnda

277 1809 297 48 framställning;
605 1806 117 37 vilket
751 1805 184 36 utskottet
964 1802 123 36 skolat
1115 1798 222 47 härigenom
1369 1796 59 35 för
1455 1793 206 48 riksdagen

808 1890 159 37 anmäla.

409 1976 218 42 Stockholm
658 1980 73 35 den
763 1981 16 33 1
813 1989 98 24 mars
944 1976 108 35 1918.

796 2081 48 35 På
872 2079 303 37 statsutskottets
1204 2080 161 43 vägnar:

819 2167 35 35 8.
895 2166 46 36 H.
980 2160 369 40 KVARNZELIUS.

327 2319 127 40 Bihang
479 2319 48 30 till
550 2317 185 40 riksdagens
757 2314 155 42 protokoll
930 2314 91 30 1918.
1069 2313 19 29 6
1099 2312 88 29 saml.
1235 2309 20 29 7
1278 2307 79 40 häft.
1404 2306 66 40 (Nr
1494 2307 19 29 7
1529 2306 94 29 A—7
1642 2304 51 33 B.)
1800 2302 39 30 10

1896 646 177 29 Löneförbätt-

1926 680 58 31 ring
2003 680 42 30 för

1911 715 67 23 vissa
1995 714 71 23 vakt-

1901 751 111 22 mästare
2031 749 42 22 och

1885 785 55 23 med
1953 784 57 23 dem
2018 782 70 32 jäm-

1884 819 96 32 förliga
1997 819 90 29 befatt-

1894 854 181 31 ”ingshavare.

1945 888 92 36 24.

1927 1225 138 33 Krigstids-

1918 1262 91 30 lillägg
2028 1261 44 22 och

1890 1294 203 33 krigstidshjälp.

1948 1330 90 36 125.
