1872 2792
258 155 41 30 30
411 156 239 30 Sammansatt
674 158 102 28 stats-
802 158 62 29 och
889 157 112 39 första
1027 157 210 39 lagutskotts
1264 158 178 30 utlåtande
1468 168 42 19 nr
1537 159 49 29 11.

258 235 242 39 polisdistrikt,
527 238 86 28 även
640 237 131 30 sådana
799 247 74 20 som
899 238 167 30 omfattar
1094 238 115 30 städer
1235 239 64 29 och
1326 239 182 39 köpingar,
1534 240 64 28 och
1626 239 121 29 därvid

257 288 171 31 beräknas
452 290 80 29 med
556 290 136 39 hänsyn
716 291 53 29 till
793 291 330 39 skatteunderlaget.
1148 292 47 29 På
1219 292 96 30 detta
1338 294 130 37 system
1492 292 179 39 grundade
1695 294 53 27 ut-

257 342 190 39 redningen
469 343 46 29 bl.
539 352 30 20 a.
593 344 75 29 sina
691 344 130 39 förslag
845 354 56 20 om
924 354 43 20 en
991 345 10 29 i
1023 345 55 39 lag
1103 345 175 29 fastställd
1301 345 445 40 polisdistriktsindelning,

258 403 57 20 om
335 404 43 20 en
397 396 131 29 allmän
550 397 169 30 mobilitet
740 397 55 30 för
815 398 230 39 lokalpolisen
1066 398 65 29 och
1149 407 57 20 om
1227 399 121 39 skärpt
1368 398 154 30 kontroll
1543 399 80 29 över
1643 399 102 39 polis-

257 447 196 31 distrikten.
481 449 237 39 Utredningen
747 451 202 29 utarbetade
976 451 193 29 emellertid
1196 451 106 30 också
1330 451 130 40 förslag
1488 451 52 30 till
1569 454 48 27 ett
1646 454 102 27 stats-

257 500 283 40 bidragssystem,
566 503 172 29 anordnat
762 503 89 29 efter
875 513 48 20 nu
948 504 160 38 gällande
1133 504 174 39 principer
1331 514 81 20 men
1438 504 157 39 utvidgat
1620 505 52 29 till
1697 507 50 27 att

257 554 147 30 omfatta
422 556 86 28 även
528 555 68 31 alla
615 556 114 30 städer
748 557 65 29 och
833 557 170 39 köpingar
1022 566 75 21 som
1117 558 75 29 icke
1210 557 113 30 bildar
1342 566 87 30 egna
1448 558 298 39 åklagardistrikt.

257 607 116 39 Enligt
394 608 95 30 detta
511 611 140 36 system,
672 609 109 30 kallat
802 610 392 40 ersättningssystemet,
1217 611 111 29 skulle
1351 611 116 29 städer
1489 611 64 29 och
1576 611 171 39 köpingar

256 660 79 29 med
358 670 42 20 en
424 661 206 40 folkmängd
653 662 75 30 icke
753 663 240 39 överstigande
1018 664 18 29 5
1052 664 62 29 000
1140 664 35 29 få
1198 664 211 39 statsbidrag
1433 664 80 30 med
1538 665 40 29 50
1603 666 144 38 procent

256 712 127 30 liksom
407 713 376 37 landskommunerna;
813 716 54 29 för
892 717 110 29 andra
1027 717 116 29 städer
1167 717 64 29 och
1255 717 171 39 köpingar
1453 717 113 30 skulle
1590 717 157 39 bidraget

257 766 82 38 utgå
361 767 87 29 efter
471 776 43 21 en
537 768 11 28 i
571 768 219 30 förhållande
814 769 52 29 till
890 769 298 31 invånarantalets
1213 770 130 39 ökning
1367 770 154 30 fallande
1548 770 108 34 skala,
1680 771 66 29 ned

257 819 52 29 till
326 819 107 30 minst
450 821 18 29 5
486 823 155 37 procent.

300 881 49 29 De
373 882 311 35 remissinstanser,
710 893 75 20 som
809 884 136 39 yttrade
971 885 50 38 sig
1046 886 79 28 över
1149 885 342 39 polisutredningens
1515 886 231 34 betänkande,

256 934 125 39 godtog
408 935 11 29 i
447 935 193 30 allmänhet
667 945 42 21 en
738 937 206 39 utvidgning
974 947 42 20 av
1046 937 356 39 statsbidragsrätten.
1432 939 13 28 I
1475 938 100 39 fråga
1603 948 56 20 om
1689 938 57 29 det

255 986 218 40 lämpligaste
496 989 105 29 sättet
623 989 55 30 för
702 990 273 39 statsbidragens
999 991 193 39 beräkning
1215 1001 61 19 var
1299 991 230 39 meningarna
1554 992 191 29 emellertid

255 1039 132 31 delade.

300 1097 13 28 I
345 1097 520 42 departementspromemorian
898 1100 169 40 föreslogs
1101 1103 49 28 att
1182 1101 11 29 i
1226 1102 136 39 princip
1396 1103 87 29 även
1518 1102 115 30 städer
1667 1102 79 29 med

255 1150 136 30 mindre
409 1152 44 28 än
473 1152 38 29 10
527 1152 63 30 000
607 1153 165 30 invånare
797 1153 125 39 (jämte
939 1154 11 29 i
969 1154 272 39 undantagsfall,
1259 1155 88 29 efter
1364 1155 126 39 Kungl.
1509 1155 124 39 Maj:ts
1652 1156 94 29 med-

255 1203 155 38 givande,
438 1205 111 29 större
577 1205 132 35 städer)
742 1209 91 27 samt
859 1207 170 39 köpingar
1057 1207 111 30 skulle
1194 1208 36 29 få
1258 1208 210 39 statsbidrag
1495 1208 88 30 efter
1612 1217 133 20 samma

255 1257 151 38 grunder
427 1266 75 20 som
521 1258 325 35 landskommuner,
864 1260 120 30 varvid
1004 1261 192 29 emellertid
1215 1261 157 39 bidraget
1392 1261 53 29 till
1467 1261 116 30 städer
1602 1262 64 29 och
1686 1262 60 29 kö-

255 1309 122 39 pingar
402 1310 77 29 med
503 1311 109 30 minst
637 1311 18 29 5
671 1311 62 30 000
758 1312 165 30 invånare
948 1313 104 30 såvitt
1076 1314 107 38 gäller
1208 1314 379 39 avlöningskostnaden
1613 1314 54 30 för
1693 1324 53 19 or-

254 1362 134 30 dinarie
412 1363 254 40 polispersonal
692 1365 112 29 skulle
830 1365 83 39 utgå
938 1366 79 29 med
1045 1366 123 30 endast
1194 1367 40 29 25
1260 1369 154 37 procent.
1439 1367 179 39 Förslaget
1645 1367 101 30 moti-

256 1416 141 29 verades
411 1416 11 29 i
436 1416 187 30 huvudsak
637 1418 77 29 med
729 1418 211 39 hänvisning
954 1419 52 29 till
1021 1419 42 30 de
1079 1419 144 39 tidigare
1238 1420 147 30 berörda
1399 1420 218 30 reformerna
1633 1420 112 39 ifråga

254 1477 58 20 om
330 1469 434 41 polisdistriktsindelning
783 1472 65 29 och
869 1472 181 30 mobilitet.
1069 1490 45 3 —
1133 1473 280 30 Promemorians
1434 1473 132 40 förslag
1584 1483 57 20 om
1662 1474 84 29 änd-

254 1521 76 39 ring
349 1531 41 21 av
410 1523 432 40 statsbidragsgrunderna
861 1525 73 29 fick
952 1525 11 29 i
981 1525 57 30 det
1058 1528 93 27 stora
1170 1526 78 30 hela
1266 1528 49 28 ett
1333 1526 168 40 välvilligt
1520 1527 224 38 mottagande

255 1583 41 21 av
316 1575 359 31 remissinstanserna.

297 1628 70 29 När
391 1628 56 30 det
470 1629 107 39 gäller
600 1632 50 27 att
674 1632 35 28 ta
733 1630 165 40 ställning
921 1631 53 30 till
997 1632 68 29 den
1087 1632 266 39 betydelsefulla
1376 1633 124 39 frågan
1524 1642 57 20 om
1607 1633 137 29 statsbi-

254 1680 147 40 dragens
423 1682 230 39 utformning,
674 1684 37 28 är
731 1684 58 29 det
809 1693 42 21 av
871 1684 73 30 vikt
963 1686 50 28 att
1034 1685 162 38 klargöra
1215 1685 95 30 vilka
1330 1688 77 27 rent
1426 1686 218 39 principiella
1666 1695 78 30 syn-

253 1734 151 39 punkter
429 1744 75 21 som
529 1735 63 30 bör
617 1736 89 39 ligga
731 1737 52 29 till
807 1737 113 39 grund
945 1737 54 30 för
1024 1738 221 38 avgörandet.
1274 1738 83 30 1948
1382 1739 57 30 års
1464 1739 279 39 polisutredning

254 1787 175 34 framhöll,
450 1790 51 27 att
521 1798 83 20 man
626 1789 78 29 med
726 1790 255 39 statsbidragen
1002 1791 11 29 i
1034 1791 185 29 huvudsak
1241 1792 71 29 kan
1334 1801 79 20 avse
1433 1794 50 28 att
1505 1792 46 29 nå
1572 1792 57 30 två
1650 1792 93 30 olika

253 1840 80 34 mål,
361 1841 177 39 nämligen
566 1842 165 39 antingen
759 1852 43 20 en
830 1843 130 30 allmän
988 1843 198 40 fördelning
1214 1853 42 20 av
1281 1845 307 30 kostnadsbördan
1615 1845 128 29 mellan

254 1895 114 27 staten
386 1894 64 29 och
470 1895 256 30 kommunerna
747 1896 83 29 eller
849 1898 47 28 ett
916 1896 234 40 avhjälpande
1171 1907 40 20 av
1231 1897 173 31 bristerna
1422 1898 11 29 i
1453 1898 66 30 den
1541 1898 202 40 nuvarande

252 1946 386 39 polisorganisationen.
663 1949 237 39 Utredningen
923 1949 87 29 fann
1035 1950 55 29 för
1116 1950 52 29 sin
1192 1951 65 33 del,
1281 1953 51 28 att
1355 1951 58 29 det
1435 1951 203 39 visserligen
1663 1951 79 28 från

254 1999 217 31 sistnämnda
504 2002 180 38 synpunkt
715 2002 105 30 fanns
852 2002 118 40 giltiga
1003 2003 76 29 skäl
1110 2003 55 30 för
1197 2005 49 28 att
1278 2006 114 28 staten
1421 2004 106 30 borde
1559 2005 102 38 åtaga
1692 2003 51 39 sig

253 2052 111 30 ökade
385 2053 237 40 förpliktelser
643 2057 72 27 mot
736 2055 258 39 polisväsendet
1016 2066 81 19 men
1119 2059 49 27 att
1190 2056 251 39 motiveringen
1464 2057 54 30 för
1540 2056 204 31 statsbidra-

253 2113 64 31 gen
338 2106 11 29 i
370 2106 147 30 främsta
540 2109 152 28 rummet
712 2108 107 30 borde
840 2109 128 38 byggas
989 2109 45 39 på
1056 2109 57 30 det
1136 2109 245 35 förhållandet,
1402 2112 50 28 att
1474 2110 269 40 polisverksam-

252 2158 104 29 heten
380 2160 37 28 är
439 2161 48 28 ett
511 2163 216 36 gemensamt
751 2161 233 40 samhälleligt
1007 2162 158 34 intresse,
1188 2172 43 20 en
1254 2163 250 39 angelägenhet
1527 2173 42 20 av
1591 2163 74 30 vikt
1688 2163 55 29 för

252 2211 91 30 riket
361 2212 12 28 i
391 2212 78 30 dess
487 2213 128 30 helhet.
634 2214 66 29 Om
720 2214 255 39 statsbidragen
993 2215 44 39 på
1056 2215 96 30 detta
1171 2217 68 28 sätt
1257 2216 231 30 motiverades
1507 2217 78 29 med
1605 2217 137 38 hänsyn

253 2264 51 29 till
326 2265 263 35 statsintresset,
608 2267 117 29 kunde
745 2267 107 39 enligt
872 2268 251 39 utredningens
1143 2269 140 39 mening
1303 2269 75 30 icke
1398 2270 108 38 gärna
1527 2269 86 40 följa
1635 2272 108 27 annat

252 2318 44 28 än
318 2319 49 28 att
388 2318 120 39 bidrag
528 2319 106 30 borde
656 2320 81 38 utgå
757 2320 52 29 till
827 2321 98 38 varje
944 2321 244 39 polisdistrikt,
1209 2322 65 29 och
1295 2322 57 30 det
1371 2323 110 29 måste
1501 2323 118 29 vidare
1641 2331 103 21 anses

252 2370 126 39 skäligt
404 2372 50 28 att
480 2371 168 40 bidragen
675 2373 171 38 avvägdes
874 2373 47 34 så,
948 2375 50 28 att
1025 2374 41 29 de
1093 2374 92 30 olika
1212 2374 275 31 kommunernas
1514 2376 229 29 medlemmar

251 2423 214 39 betungades
483 2424 89 30 efter
592 2425 52 29 sin
668 2425 158 39 förmåga
845 2428 51 27 att
915 2426 84 30 bära
1017 2427 247 30 kostnaderna.
1284 2446 44 3 —
1347 2429 63 38 Jag
1430 2429 63 29 har
1513 2429 146 39 tidigare
1680 2438 63 19 un-

251 2476 60 29 der
333 2477 210 39 hänvisning
565 2478 52 29 till
639 2480 48 27 ett
710 2479 180 29 uttalande
912 2488 40 21 av
975 2479 178 30 allmänna
1175 2480 463 40 statsbidragsutredningen
1661 2482 82 28 häv-
