1882 2822
286 158 38 30 22
494 160 103 28 Andra
622 160 184 27 kammarens
829 161 119 25 andra
972 158 154 34 tillfälliga
1148 158 125 28 wtskolts
1298 157 151 28 utlåtande
1472 158 43 27 Nr
1538 160 27 25 6.

291 235 89 40 (icke
406 233 322 40 organbesiktigade)
760 233 104 32 köttet
892 233 52 31 får
971 232 73 33 fritt
1072 232 151 38 försäljas
1249 232 87 31 inom
1363 231 75 32 hela
1464 231 92 38 riket,
1584 235 81 28 även
1693 231 85 32 inonm

288 279 157 33 samhälle
467 279 72 31 med
558 278 165 32 slakthus-
745 278 58 32 och
823 277 381 38 köttbesiktningstvång
1226 276 70 32 med
1317 276 213 38 organtvång.
1551 275 67 33 Vid
1641 276 54 31 det
1716 275 61 32 för-

287 323 169 33 hållandet
483 325 49 30 att
559 323 138 32 sålunda
722 323 87 31 inom
837 322 37 32 de
901 321 180 32 samhällen
1106 321 11 31 i
1145 322 74 31 vårt
1244 320 87 38 land,
1361 320 58 32 där
1444 320 255 32 köttkontrollen
1728 320 51 31 får

288 379 92 21 anses
411 368 74 31 bäst
516 367 131 38 ordnad,
679 367 122 31 tillåtes
835 366 198 38 försäljning
1064 378 40 20 av
1135 366 175 36 köttvaror,
1343 376 67 21 som
1443 364 86 33 varit
1561 363 136 33 föremål
1729 364 51 31 för

289 417 103 27 sämre
418 411 143 33 kontroll
588 416 40 27 än
655 411 54 32 det
735 410 131 33 införda
891 410 114 37 köttet,
1034 410 87 32 torde
1147 408 197 39 hygieniska
1372 409 72 31 skäl
1471 408 70 32 icke
1568 409 114 31 kunna
1708 407 70 32 åbe-

289 468 93 26 ropas
406 468 68 20 som
498 456 71 32 stöd
594 456 51 31 för
669 459 46 29 ett
739 455 147 38 yrkande
909 455 43 38 på
973 458 169 34 strängare
1166 453 141 32 kontroll
1330 454 11 31 i
1367 453 86 31 form
1477 464 41 20 av
1543 451 238 40 allmängiltigt

290 502 205 37 organtvång
517 500 51 32 för
589 501 52 32 det
660 500 132 31 införda
811 500 113 37 köttet,
948 500 105 31 såsom
1073 511 40 20 av
1133 498 236 32 motionärerna
1390 496 196 39 föreslagits.
1606 497 54 31 En
1682 494 94 39 dylik

289 545 216 38 uppfattning
531 545 89 32 torde
647 544 98 32 också
768 547 50 30 att
844 544 95 32 döma
964 555 43 21 av
1035 543 59 32 den
1119 542 176 39 utredning
1319 542 11 31 i
1359 542 140 37 ärendet,
1527 553 66 20 som
1621 541 159 38 styrelsen

288 589 119 33 hunnit
438 589 188 37 verkställa,
658 601 81 20 vara
769 588 236 32 förhärskande
1035 587 99 32 bland
1163 585 393 33 hälsovårdsnämnderna
1585 586 12 31 i
1629 585 39 33 de
1698 597 81 20 sam-

288 633 119 39 hällen,
428 637 109 28 varest
555 633 136 32 införsel
711 645 41 20 av
772 633 107 32 färskt
897 632 72 32 kött
989 636 76 34 äger
1083 643 82 20 rum.
1185 631 67 31 Till
1271 630 119 39 belägg
1409 630 114 32 härför
1541 629 59 32 vill
1621 629 158 38 styrelsen

289 679 148 37 åberopa,
469 681 49 29 att
549 677 154 39 samtliga
731 676 348 33 hälsovårdsnämnder
1107 676 11 31 i
1148 676 37 32 de
1216 675 190 37 samhällen,
1436 678 108 28 varest
1573 673 136 32 införsel
1740 686 40 20 av

294 722 108 32 färskt
425 723 74 31 kött
524 734 40 20 av
591 722 197 37 nötkreatur,
817 721 61 38 får,
905 724 64 35 get,
995 720 74 32 svin
1095 720 79 32 eller
1198 719 76 32 häst
1299 719 86 32 skett
1412 720 37 30 år
1477 719 94 37 1926,
1599 718 44 38 på
1669 717 109 32 därom

289 779 41 20 av
356 767 159 38 styrelsen
544 767 71 32 med
643 766 176 38 anledning
846 778 40 19 av
914 764 211 33 förevarande
1154 764 119 31 motion
1300 763 187 32 framställd
1517 762 172 38 förfrågan
1717 762 62 31 för-

288 811 119 38 klarat,
432 811 68 32 dels
525 814 48 29 att
597 810 83 33 efter
704 811 36 31 år
765 811 82 31 1922
873 809 78 33 eller
975 809 60 32 den
1057 808 165 38 tidpunkt,
1248 808 41 32 då
1313 808 38 31 de
1375 807 187 32 nuvarande
1585 806 194 31 kontrollbe-

288 855 247 33 stämmelserna
555 855 51 32 för
625 855 131 32 införda
774 854 167 32 köttvaror
960 853 130 38 började
1108 852 177 38 tillämpas,
1307 852 102 37 några
1429 850 183 39 väsentliga
1631 850 148 32 anmärk-

290 900 117 38 ningar
431 904 68 28 mot
522 899 60 32 den
606 899 199 38 hygieniska
828 897 270 33 beskaffenheten
1124 909 41 19 av
1188 897 189 37 importerat
1402 895 107 33 färskt
1532 896 72 31 kött
1633 894 59 40 (av
1716 898 63 33 nöt,

291 945 60 37 får,
377 947 63 35 get,
466 944 73 32 svin
564 943 78 32 eller
665 942 91 40 häst)
786 942 70 32 icke
884 941 196 33 framställts
1105 941 55 32 vid
1185 940 60 32 den
1268 940 12 31 i
1306 940 60 31 den
1392 941 139 30 svenska
1554 938 226 32 införselorten

291 988 171 38 företagna
480 986 390 39 veterinärbesiktningen
890 986 59 32 och
970 986 68 32 dels
1060 989 48 28 att
1126 984 170 33 införande
1318 996 39 20 av
1378 983 203 38 organtvång
1601 983 51 32 för
1672 982 110 39 dylikt

289 1033 72 31 kött
382 1032 71 32 icke
474 1044 76 19 vore
571 1031 150 39 påkallat
742 1031 77 32 eller
841 1030 166 32 önskvärt.

334 1076 66 32 Vid
428 1076 37 32 de
492 1076 168 37 tillfällen,
687 1076 42 31 då
755 1075 96 38 fråga
876 1074 87 32 varit
989 1086 51 20 om
1066 1074 137 32 allmänt
1229 1072 171 32 införande
1427 1084 41 19 av
1494 1071 205 38 organtvång
1726 1070 54 31 vid

290 1121 61 32 den
375 1120 173 32 inhemska
570 1119 264 38 köttkontrollen,
860 1119 61 32 har
948 1118 125 38 förslag
1097 1118 112 31 härom
1233 1117 12 31 i
1270 1117 86 38 regel
1383 1119 81 29 mött
1490 1116 105 32 starkt
1620 1114 162 32 motstånd

291 1165 75 32 från
391 1164 271 33 lantmannahåll.
688 1164 78 32 Man
791 1163 59 32 har
875 1163 115 32 därvid
1017 1161 184 33 framhållit
1225 1161 99 32 bland
1351 1164 109 34 annat,
1486 1163 48 29 att
1558 1159 224 32 medförandet

291 1221 40 20 av
356 1220 141 27 organen
524 1208 105 33 skulle
655 1208 132 32 nedsöla
810 1208 114 31 köttet.
951 1206 151 38 Organen
1129 1206 106 32 skulle
1259 1205 136 32 särskilt
1420 1204 101 32 under
1548 1204 60 31 den
1634 1214 148 21 varmare

291 1253 143 33 årstiden
461 1252 64 33 lätt
552 1253 80 32 råka
660 1252 12 31 i
703 1252 236 37 förskämning,
970 1250 110 32 vilken
1109 1250 106 32 skulle
1244 1249 110 38 sprida
1383 1249 52 38 sig
1461 1248 53 32 till
1545 1248 106 37 själva
1679 1247 104 32 köttet

291 1310 27 20 o.
345 1309 25 20 s.
396 1310 31 19 v.
455 1296 336 38 Medicinalstyrelsen
815 1296 61 32 har
903 1295 51 32 för
981 1295 51 32 sin
1058 1294 50 33 del
1133 1294 71 32 icke
1228 1294 128 31 kunnat
1381 1292 132 33 ansluta
1537 1292 51 38 sig
1611 1292 53 32 till
1691 1291 92 32 dessa

292 1342 205 38 synpunkter
524 1344 80 29 utan
631 1340 97 32 hållit
758 1340 77 38 före,
864 1343 51 29 att
943 1339 71 32 med
1044 1339 71 32 litet
1142 1339 63 37 god
1232 1337 82 38 vilja
1342 1337 58 32 och
1430 1336 249 38 ordningssinne
1708 1335 73 32 från

291 1385 252 39 yrkesidkarnes
568 1385 74 32 sida
667 1385 104 37 några
797 1384 179 32 avsevärda
1002 1382 204 39 olägenheter
1232 1382 12 31 i
1272 1394 44 19 nu
1342 1381 137 32 berörda
1504 1380 181 32 hänseende
1712 1379 71 32 icke

291 1430 143 32 behövde
456 1429 135 32 vidlåda
614 1429 236 38 organtvånget
871 1427 56 32 vid
951 1427 71 32 dess
1044 1426 212 38 tillämpning
1277 1426 56 31 vid
1356 1425 61 32 den
1440 1424 171 32 inhemska
1632 1424 149 31 köttkon-

291 1474 126 32 trollen.
444 1473 94 33 Även
564 1473 11 31 i
604 1473 96 38 fråga
725 1484 50 20 om
805 1472 73 32 från
906 1471 148 32 utlandet
1079 1470 102 32 infört
1206 1470 71 32 kött
1302 1469 90 33 torde
1419 1481 45 19 nu
1490 1468 138 32 anförda
1655 1468 126 37 olägen-

290 1519 90 31 heter
400 1530 41 20 av
461 1520 46 30 ett
527 1517 177 32 eventuellt
723 1517 204 37 organtvång
946 1516 113 31 kunna
1078 1515 52 31 till
1152 1513 163 39 väsentlig
1336 1513 50 32 del
1409 1512 192 38 elimineras,
1625 1512 41 32 då
1689 1512 95 37 fråga

291 1562 71 33 icke
387 1567 36 27 är
447 1574 53 20 om
527 1562 61 32 allt
613 1562 51 31 för
689 1561 99 38 långa
812 1560 78 32 eller
915 1561 96 31 svåra
1034 1562 200 35 transporter
1258 1570 40 20 av
1324 1558 54 32 det
1403 1557 53 31 till
1481 1556 135 32 införsel
1643 1556 141 32 avsedda

291 1607 113 31 köttet.
427 1606 17 31 I
466 1606 123 32 sådana
611 1605 60 32 fall
695 1606 76 35 åter,
795 1605 41 31 då
856 1605 104 31 köttet
983 1604 101 31 måste
1107 1603 127 31 fraktas
1255 1602 78 37 lång
1352 1606 66 33 väg
1439 1600 77 32 eller
1537 1601 102 31 under
1660 1611 122 27 ogynn-

294 1662 124 21 samma
452 1649 230 33 förhållanden
714 1649 154 32 omlastas
901 1648 57 32 vid
991 1647 186 40 upprepade
1208 1646 161 31 tillfällen
1402 1645 69 31 före
1504 1645 192 31 ankomsten
1728 1644 52 31 till

293 1694 313 37 destinationsorten,
639 1693 90 33 torde
763 1693 53 31 det
846 1692 72 33 icke
951 1692 114 31 kunna
1096 1691 162 37 förnekas,
1292 1693 49 29 att
1372 1689 38 32 de
1442 1689 170 32 medförda
1641 1699 142 27 organen

293 1739 106 32 skulle
423 1739 114 31 kunna
563 1738 131 32 nedsöla
719 1737 105 32 köttet
849 1736 57 32 och
934 1736 138 38 bidraga
1096 1735 52 32 till
1175 1747 39 19 en
1240 1746 87 20 mera
1351 1733 126 38 hastigt
1501 1732 192 32 inträdande
1721 1732 62 31 för-

293 1783 175 38 skämning
498 1795 41 19 av
570 1782 188 32 detsamma.
789 1780 216 33 Beträffande
1039 1779 106 32 färskt
1177 1779 104 32 fruset
1311 1777 245 32 transoceanskt
1584 1777 73 32 kött
1691 1775 93 41 (från

293 1827 194 39 Argentina,
511 1826 161 38 Uruguay
695 1825 77 32 eller
794 1824 210 40 Australien)
1032 1824 88 31 torde
1144 1822 223 33 medförandet
1389 1834 43 20 av
1453 1832 140 27 organen
1616 1820 169 32 föranleda

294 1871 184 38 betydande
505 1870 215 38 olägenheter.
749 1869 232 38 Ihågkommas
1011 1868 99 31 måste
1137 1866 127 38 härvid,
1295 1869 48 29 att
1371 1865 103 32 under
1502 1864 188 33 nuvarande
1721 1864 62 32 för-

293 1915 175 33 hållanden
494 1914 135 32 införsel
654 1914 53 31 till
732 1914 74 31 vårt
829 1912 78 33 land
932 1924 43 20 av
999 1911 243 33 transoceanskt
1269 1910 105 33 fruset
1398 1910 73 31 kött
1495 1909 70 32 icke
1590 1908 90 34 torde
1705 1920 80 20 vara

294 1963 48 29 att
366 1959 148 39 påräkna
539 1959 11 31 i
577 1959 36 31 så
638 1961 66 29 stor
727 1957 104 38 skala,
858 1960 48 29 att
930 1955 158 33 införseln
1116 1955 73 32 sker
1214 1955 71 32 med
1312 1953 229 39 direktgående
1569 1953 115 38 fartyg
1711 1952 74 32 från

297 2003 218 39 Sydamerika
530 2003 80 32 eller
629 2001 201 38 Australien,
849 2004 80 29 utan
947 2000 90 33 torde
1055 1999 198 38 omlastning
1271 2011 41 19 av
1329 1998 106 32 köttet
1450 1999 11 31 i
1482 1998 86 37 regel
1585 1997 132 31 komma
1735 2000 48 29 att

294 2048 195 33 verkställas
515 2047 13 32 i
555 2047 132 38 engelsk
715 2046 108 37 hamn,
851 2044 117 33 varvid
997 2044 113 32 endast
1137 2055 38 20 en
1203 2042 237 39 jämförelsevis
1470 2041 131 39 mycket
1627 2041 81 32 liten
1734 2040 51 33 del

294 2105 41 20 av
358 2092 105 32 lasten
488 2091 177 32 destineras
689 2090 53 32 till
768 2089 142 38 Sverige.
934 2088 68 33 Vid
1025 2088 116 32 sådant
1166 2086 204 33 förhållande
1393 2085 89 33 torde
1508 2085 53 33 det
1584 2085 114 32 kunna
1722 2085 62 31 för-

293 2140 126 34 väntas,
445 2139 49 29 att
518 2135 38 32 de
580 2138 87 29 stora
690 2133 294 40 sydamerikanska
1006 2132 79 32 eller
1108 2130 199 34 australiska
1329 2129 338 39 exportslakterierna,
1694 2128 91 32 vilka

296 2181 72 33 icke
389 2185 55 27 äro
464 2178 238 34 underkastade
723 2178 206 38 organtvång
950 2175 209 34 beträffande
1180 2176 80 37 kött,
1284 2187 66 20 som
1372 2174 124 32 utföres
1519 2173 52 32 till
1593 2173 103 32 andra
1716 2172 66 31 län-

295 2226 64 38 der,
380 2225 72 32 icke
474 2224 93 33 skola
586 2223 72 32 visa
676 2223 116 32 altlför
814 2225 65 29 stor
899 2220 203 39 benägenhet
1123 2224 48 28 att
1192 2219 151 38 omlägga
1366 2218 72 32 sina
1459 2217 326 38 slaktningsmetoder

296 2271 51 30 för
372 2270 59 31 den
456 2267 238 39 jämförelsevis
719 2266 191 38 obetydliga
934 2264 161 33 utförseln
1120 2264 53 32 till
1200 2263 132 38 Sverige
1359 2266 81 29 utan
1466 2262 100 32 hellre
1592 2262 93 31 avstå
1711 2261 74 31 från

296 2315 113 31 denna.
433 2312 247 39 Organtvånget
704 2311 106 32 skulle
832 2310 140 33 sålunda
994 2309 12 32 i
1031 2309 87 32 detta
1143 2308 61 32 fall
1226 2308 111 31 kunna
1364 2306 167 32 förväntas
1555 2305 100 32 verka
1680 2304 106 33 direkt

295 2357 193 32 hämmande
510 2357 44 38 på
575 2355 224 39 varuutbytet.

340 2401 173 32 Ehuruväl
536 2399 159 39 styrelsen
718 2398 138 33 sålunda
877 2397 71 33 icke
974 2398 107 31 finner
1104 2396 175 39 anledning
1304 2396 162 39 föreligga
1488 2396 51 32 för
1561 2399 46 29 ett
1630 2396 156 38 generellt

296 2445 171 32 införande
492 2456 41 20 av
556 2444 205 38 organtvång
787 2443 50 31 för
861 2442 60 32 allt
945 2443 12 31 i
982 2441 132 39 Sverige
1138 2441 103 32 infört
1267 2441 106 32 färskt
1397 2441 81 37 kött,
1503 2440 88 32 torde
1615 2440 81 32 dock
1722 2440 62 32 för-

298 2489 197 33 hållandena
517 2489 12 32 i
554 2488 95 39 fråga
670 2499 53 21 om
745 2487 88 33 vissa
856 2486 113 32 länder
992 2498 80 20 vara
1097 2485 129 40 sådana,
1251 2488 48 29 att
1322 2484 209 33 beträffande
1556 2484 92 33 dessa
1672 2484 112 32 länder
