1910 2826
95 770 130 24 Utskottet.

277 169 40 30 62
716 172 262 28 Statsutskottets
1002 171 166 28 utlåtande
1191 179 38 19 nr
1253 172 20 27 5
1288 180 26 19 a.

280 246 163 39 upptagas
473 255 41 20 en
541 244 199 42 förslagsvis
765 244 188 32 betecknad
979 247 80 39 post
1084 244 53 31 till
1163 244 308 41 tilläggsförmåner
1498 246 33 28 åt
1556 243 222 41 befattnings-

278 294 122 31 havare
433 297 44 38 på
511 294 91 32 äldre
637 297 74 35 stat,
747 295 127 31 avsedd
908 295 53 30 för
994 294 255 42 dyrtidstillägg
1282 306 40 19 m.
1357 306 40 19 m.
1433 296 33 29 åt
1500 293 203 32 landsfiskal
1737 295 42 39 på

280 345 175 40 oreglerad
479 347 76 29 stat.

331 405 272 41 Anslagsposten
628 405 198 40 avlöningar
850 405 53 30 till
927 404 207 42 tjänstemän
1157 407 19 28 å
1201 404 168 31 ordinarie
1395 406 67 29 stat
1486 404 61 31 har
1572 403 208 42 uppräknats

280 455 9 30 i
312 455 186 42 anledning
518 466 40 20 av
580 455 64 31 den
667 456 170 30 allmänna
856 455 293 41 löneregleringen
1170 455 76 31 med
1270 455 90 31 1909
1374 455 60 31 700
1454 454 134 31 kronor.
1621 454 158 41 Anslags-

280 508 122 39 posten
422 506 200 41 avlöningar
640 506 53 30 till
714 505 255 32 icke-ordinarie
990 505 159 41 personal
1168 504 61 31 har
1248 504 93 41 höjts
1361 505 77 31 med
1460 504 92 31 1728
1565 504 61 31 000
1645 503 133 36 kronor,

281 567 98 20 varav
408 559 44 39 på
481 556 212 42 regleringen
723 568 40 19 av
792 556 351 41 befordringsgången
1172 556 53 30 för
1253 555 358 42 biträdespersonalen
1640 555 141 41 belöper

282 607 38 31 70
332 607 60 31 000
410 608 127 30 kronor
554 608 62 31 och
634 609 44 39 på
695 607 66 32 den
779 607 167 31 allmänna
964 606 294 42 löneregleringen
1277 606 91 31 1590
1380 606 61 31 000
1458 606 134 31 kronor.
1622 605 158 41 Anslags-

280 660 122 38 posten
421 658 55 31 till
496 658 119 41 rörligt
633 657 119 42 tillägg
770 657 61 31 har
849 657 205 32 nedräknats
1074 657 76 31 med
1169 657 61 31 270
1243 657 61 31 700
1322 656 132 31 kronor.

333 767 81 32 Med
439 767 238 42 tillstyrkande
702 778 40 20 av
766 767 126 41 Kungl.
917 767 120 41 Maj:ts
1062 767 128 41 förslag
1213 766 196 32 hemställer
1433 766 176 38 utskottet,

606 845 49 30 att
676 843 184 42 riksdagen
883 845 54 29 må

601 893 29 42 a)
662 893 166 42 medgiva,
863 895 50 30 att
941 893 12 31 i
986 893 157 41 gällande
1176 893 379 41 personalförteckning
1588 893 53 31 för
1669 892 115 32 lands-

548 944 182 32 fiskalerna
757 955 42 21 m.
823 944 32 31 fl.
883 945 54 30 må
959 943 80 32 med
1061 943 220 32 uteslutande
1303 954 41 21 av
1367 954 42 21 en
1431 943 202 32 landsfiskal
1655 943 11 31 i
1689 943 93 32 löne-

549 994 126 42 graden
709 994 25 31 A
752 995 40 31 22
825 996 170 39 upptagas
1027 993 198 42 ytterligare
1258 1005 42 20 en
1328 993 415 41 landsfiskalsbefattning
1766 993 11 31 i

549 1045 207 41 lönegraden
779 1045 31 31 A
823 1045 49 38 23,

600 1094 34 42 b)
655 1095 182 42 godkänna
858 1095 153 41 följande
1033 1094 251 42 avlöningsstat
1305 1095 53 31 för
1379 1093 286 33 landsfiskalerna
1680 1105 42 20 m.
1736 1094 43 37 fl.,

549 1148 50 29 att
620 1146 174 40 tillämpas
817 1145 72 32 tills
910 1145 118 32 vidare
1050 1145 75 31 från
1147 1145 65 31 och
1234 1144 79 32 med
1334 1144 206 42 budgetåret
1564 1145 151 39 1947/48:

1013 1266 294 36 Avlöningsstat.

553 1334 25 29 1.
602 1331 211 41 Avlöningar
839 1331 53 31 till
914 1331 208 42 tjänstemän
1145 1332 19 29 å
1186 1330 172 32 ordinarie
1382 1332 77 37 stat,

595 1381 197 42 JÖLSlAGSVIS
805 1377 40 51 morsa
858 1409 3 4 a
881 1408 14 5 a
907 1377 58 51 fonosk
977 1408 22 5 kB
1011 1377 41 51 BONE
1081 1407 5 6 2
1098 1408 5 5 8
1145 1407 60 6 NR
1218 1407 72 6 SGT
1320 1407 23 6 Vä
1356 1377 55 51 BöNs
1438 1407 8 5 a
1463 1381 128 31 kronor
1603 1381 19 31 5
1635 1381 62 32 260
1707 1381 63 32 000

552 1433 27 31 2.
603 1432 211 42 Avlöningar
836 1432 54 31 till
911 1431 259 32 icke-ordinarie
1192 1431 259 42 personal......
1546 1444 13 15 >
1606 1432 20 30 3
1644 1432 55 31 860
1717 1427 58 51 000

552 1484 28 31 3.
603 1483 161 32 Arvoden
786 1482 54 32 till
862 1482 334 32 landsfiskalselever
1218 1493 42 20 m.
1284 1482 166 32 f.........
1545 1494 12 16 >
1638 1482 59 31 178
1716 1477 60 50 000

552 1536 28 29 4.
604 1533 324 42 Tilläggsförmåner
971 1534 35 30 åt
1053 1532 337 42 befattningshavare
1438 1534 20 29 å

605 1583 92 32 äldre
721 1585 79 37 stat,
816 1583 637 41 förslägSVis....ssssrsrsrsrrre
1326 1579 79 50 renen
1413 1579 45 50 rna
1549 1595 11 15 >
1681 1583 19 30 3
1712 1583 62 31 000

551 1635 29 31 5.
604 1634 135 41 Rörligt
761 1634 128 41 tillägg,
907 1633 198 41 förslagsvis
1122 1659 331 6 s.sssesrsrrererere
1428 1629 29 50 na
1548 1646 12 14 >
1638 1633 62 31 546
1712 1633 62 31 300

1312 1692 140 32 Summa
1467 1692 128 32 kronor
1606 1693 20 30 9
1638 1693 60 31 847
1712 1692 62 31 300

803 1803 171 32 Särskilda
997 1802 278 41 uppbördsmedel:

553 1870 204 42 Ersättning
788 1870 75 31 från
897 1869 244 39 Trollhättans,
1183 1869 193 41 Karlskoga
1398 1869 65 32 och

604 1920 221 32 Askersunds
853 1920 590 32 städer......sssssssessrsersererr
1416 1916 29 51 aa
1463 1919 128 32 kronor
1657 1920 37 31 17
1708 1920 62 31 300

1026 1978 141 33 Summa
1181 1979 268 41 förslagsanslag
1463 1979 129 31 kronor
1602 1979 20 31 9
1635 1978 61 32 830
1707 1979 77 37 000;

605 2062 28 42 ce)
648 2063 53 31 till
716 2063 289 41 Landsfiskalerna
1020 2074 40 20 m.
1066 2064 57 40 fl.:
1139 2062 204 41 Avlöningar
1357 2062 53 32 för
1425 2062 205 41 budgetåret
1647 2062 137 39 1947/48

552 2114 118 31 anvisa
692 2115 50 30 ett
764 2113 267 42 förslagsanslag
1054 2124 40 21 av
1116 2113 94 31 9830
1221 2113 63 32 000
1305 2113 137 31 kronor.

337 2241 104 42 105:0)
474 2242 309 32 Landsfiskalerna
804 2251 44 23 m.
864 2242 49 32 fl.:
937 2241 266 33 Omkostnader.
1227 2240 18 32 I
1261 2240 152 42 enlighet
1429 2240 79 31 med
1523 2240 127 41 Kungl.
1667 2239 117 42 Maj:ts

286 2292 127 42 förslag
435 2292 122 42 (punkt
574 2293 69 37 221,
661 2303 25 20 s.
704 2292 62 31 345
784 2292 62 31 och
863 2291 88 41 346),
969 2291 107 32 vilket
1092 2290 141 32 innebär
1250 2302 42 21 en
1310 2302 39 20 av
1366 2291 239 41 belastningen
1622 2290 162 41 betingad

284 2344 216 41 uppräkning
519 2355 40 20 av
580 2343 153 41 anslaget
753 2343 78 32 med
851 2343 61 31 269
925 2343 61 31 000
1007 2342 134 38 kronor,
1162 2342 197 32 hemställer
1380 2341 176 38 utskottet,

580 2423 49 29 att
647 2420 182 41 riksdagen
848 2421 54 30 må
920 2419 54 32 till
993 2417 304 41 Landsfiskalerna
1316 2429 41 20 m.
1378 2418 50 40 fl.:
1464 2417 247 32 Omkostnader
1732 2418 52 30 för

536 2471 202 41 budgetåret
757 2470 137 35 1947/48
913 2470 119 31 anvisa
1050 2471 49 31 ett
1118 2469 267 41 förslagsanslag
1403 2480 40 20 av
1462 2469 20 30 2
1494 2469 61 31 063
1568 2469 61 31 000
1649 2469 133 31 kronor.
