2246 2622
451 180 19 29 2
890 185 252 35 Statsutskottets
1173 188 169 36 Utlåtande
1365 192 64 33 N:o
1453 196 52 30 37.

406 258 206 50 anledning
640 261 137 38 hvaraf
798 264 231 38 revisorerne
1057 266 101 38 velat
1185 269 116 37 uttala
1329 271 307 40 önskvärdheten
1664 276 42 36 af
1743 281 55 32 att
1825 275 175 57 samtliga

405 309 58 37 till
489 310 288 50 ifrågavarande
805 315 212 51 räkenskap
1045 318 166 38 hörande
1238 322 208 49 räkningar
1473 324 58 37 för
1558 326 204 39 framtiden
1790 332 126 47 måtte,
1951 335 48 45 på

405 366 72 32 sätt
503 362 62 37 vid
595 364 101 38 Göta
723 366 142 38 hofrätt
893 369 95 48 egde
1016 384 95 34 rum,
1140 372 115 37 varda
1283 373 42 37 af
1339 374 284 41 vederbörande
1643 380 232 48 tjensteman
1894 382 104 37 inom

403 412 190 39 hofrätten
621 415 206 51 bestyrkta.

528 466 18 36 I
586 467 174 39 häröfver
799 470 160 49 afgifvet
998 473 192 39 utlåtande
1231 477 41 36 af
1310 478 73 36 den
1419 481 46 35 14
1496 482 154 48 januari
1678 484 251 39 innevarande
1958 489 40 34 år

401 516 68 37 har
497 517 96 38 Svea
621 520 140 38 hofrätt
787 522 180 51 åberopat
994 530 53 31 ett
1076 526 42 36 af
1139 527 254 50 redogöraren
1420 532 58 36 för
1501 533 209 39 hofrättens
1730 533 266 57 expensmedel

400 568 12 36 i
440 570 153 37 ärendet
622 571 171 51 afgifvet,
822 575 63 36 vid
912 576 210 38 utlåtandet
1150 579 130 49 fogadt
1306 584 188 48 yttrande,
1524 585 151 39 hvartill
1704 588 187 38 hofrätten
1918 590 76 37 för-

399 619 122 39 klarat
548 622 60 49 sig
636 623 57 38 för
721 625 57 37 sin
806 626 60 37 del
893 626 83 38 icke
1004 629 116 37 hafva
1147 634 116 45 något
1293 638 54 32 att
1375 634 170 51 tillägga.

526 674 17 36 I
582 675 273 49 redogörarens
897 679 207 50 åberopade
1144 684 174 47 yttrande
1351 687 162 49 anföres,
1543 695 55 31 att
1626 691 47 36 då
1701 692 292 39 statskontorets

398 723 226 50 kungörelse
653 727 73 37 den
753 731 48 35 30
830 730 197 38 december
1058 735 110 47 1842,
1199 737 195 47 angående
1414 738 179 40 formulär
1613 743 56 36 för
1688 741 303 57 expensmedels-

396 775 215 51 räkningar,
640 779 153 38 hvilken
821 782 136 49 Kongl.
981 784 111 49 Maj:t
1113 786 71 36 den
1207 789 45 34 14
1269 788 322 53 derförutgångne
1606 796 205 37 november
1825 796 165 38 anbefalt

397 833 56 30 att
480 828 109 50 följas
618 829 63 38 vid
710 832 177 50 samtliga
913 835 115 37 rikets
1057 836 184 50 kollegier
1267 840 70 36 och
1365 842 250 52 embetsverk,
1646 860 81 23 som
1752 848 97 36 hade
1869 849 121 37 medel

394 879 57 36 till
478 893 184 36 expenser
689 889 55 31 att
771 884 211 51 disponera,
1011 888 82 37 icke
1121 889 172 39 lemnade
1321 896 127 46 någon
1476 896 191 38 föreskrift
1692 912 73 35 om,
1787 905 55 31 att
1862 900 45 37 de
1926 901 63 36 vid

394 931 307 52 räkenskaperna
727 936 137 49 fogade
892 939 277 39 verifikationer
1197 943 104 37 skola
1328 958 91 24 vara
1447 947 42 36 af
1511 951 126 46 någon
1662 951 227 48 tjensteman
1910 957 77 33 sär-

394 982 116 38 skildt
544 988 241 48 attesterade,
815 989 71 37 och
914 990 47 37 då
987 992 264 49 redogöraren,
1281 1009 80 23 som
1389 998 186 39 innehade
1604 1001 208 39 hofrättens
1841 1004 146 37 förord-

392 1035 122 37 nande
555 1037 34 49 ej
634 1038 145 38 mindre
808 1047 56 30 att
892 1048 192 43 emottaga
1112 1045 72 36 och
1211 1046 162 38 förvalta
1401 1053 279 48 expensmedel,
1710 1068 81 23 som
1819 1056 57 36 till
1904 1056 82 37 hof-

391 1091 122 33 rätten
547 1090 234 37 anordnades
809 1097 47 31 än
885 1093 71 37 ock
984 1100 55 30 att
1067 1096 212 50 ombesörja
1306 1100 265 52 upphandling
1599 1105 42 36 af
1666 1105 321 40 skrifmaterialier

393 1139 69 36 och
491 1140 70 36 ved
588 1142 194 37 äfvensom
811 1144 117 37 andra
955 1145 113 50 inköp
1098 1148 70 36 och
1196 1150 165 49 arbeten,
1391 1165 81 24 som
1500 1154 59 37 för
1586 1156 208 38 hofrättens
1822 1159 163 50 räkning

392 1190 250 51 erfordrades,
672 1207 138 35 genom
839 1196 58 36 sin
922 1197 232 39 underskrift
1178 1203 19 33 å
1223 1204 510 53 expensmedelsräkningen,
1755 1210 78 37 deri
1853 1211 130 50 hvarje

390 1242 238 39 verifikation
670 1246 241 50 åberopades,
954 1249 132 38 erkänt
1126 1251 227 50 giltigheten
1393 1256 43 36 af
1472 1258 176 49 samtliga
1690 1261 129 37 dervid
1848 1262 134 49 fogade

389 1294 291 51 verifikationer,
723 1301 40 34 så
803 1305 130 43 syntes
966 1301 110 37 dessa
1108 1316 138 35 genom
1275 1305 161 39 berörda
1463 1310 244 49 underskrift,
1737 1327 59 23 om
1825 1319 47 31 än
1900 1315 83 37 icke

389 1346 178 38 särskildt
593 1349 163 37 tecknad
784 1353 20 34 å
832 1351 131 50 hvarje
993 1354 245 48 verifikation,
1267 1370 89 24 vara
1384 1360 288 51 vederbörligen
1699 1364 203 50 bestyrkta.

514 1399 18 36 I
573 1400 140 38 sådana
746 1402 75 48 fall,
851 1403 47 37 då
924 1405 219 48 reqvisition
1170 1407 123 38 blifvit
1319 1411 112 48 gjord
1461 1413 89 37 eller
1577 1416 162 48 utgiften
1768 1418 112 48 eljest
1906 1419 74 36 för-

388 1450 159 37 orsakad
573 1465 140 35 genom
741 1467 123 25 annan
893 1456 247 49 tjenstemans
1169 1461 144 47 åtgärd,
1342 1463 98 37 hade
1468 1465 121 38 denne
1617 1481 140 34 genom
1781 1470 161 48 påskrift
1961 1474 20 33 å

385 1502 210 49 räkningen
624 1505 185 38 vitsordat
836 1506 87 39 dess
947 1509 199 49 rigtighet;
1168 1512 154 38 sålunda
1343 1528 89 24 vore
1451 1516 231 40 beträffande
1703 1517 276 57 statstelegram

387 1554 71 36 och
497 1555 280 39 telefonsamtal
817 1559 330 40 verifikationerna
1189 1564 121 37 dertill
1353 1568 178 37 särskildt
1572 1573 227 37 attesterade
1841 1574 41 36 af
1908 1574 72 37 den

384 1604 240 51 tjensteman,
665 1622 81 24 som
786 1613 49 46 på
876 1611 207 39 hofrättens
1124 1614 208 51 befallning
1365 1620 209 50 ombesörjt
1600 1623 263 49 telegrammet
1890 1626 90 37 eller

384 1656 107 37 hållit
531 1660 186 48 samtalet,
758 1661 159 39 likasom
959 1665 69 36 ock
1069 1666 205 49 räkningar
1315 1669 106 38 öfver
1448 1672 265 49 kungörelsers
1741 1676 196 38 införande
1966 1679 12 35 i

383 1708 107 38 Post-
518 1711 69 36 och
616 1711 145 39 Inrikes
789 1713 209 51 Tidningar
1024 1731 90 23 vore
1143 1721 228 37 attesterade
1400 1723 42 36 af
1465 1724 72 37 den
1556 1726 92 37 eller
1669 1727 46 37 de
1735 1725 241 57 tjenstemän,

384 1773 81 24 som
494 1761 152 38 dermed
675 1764 79 37 haft
783 1765 174 50 bestyret.

510 1814 337 51 Bokräkningarna
875 1832 87 24 vore
986 1820 177 38 försedda
1183 1823 83 37 med
1285 1825 277 48 godkännande
1583 1830 42 36 af
1641 1826 333 61 advokatfiskalen,

382 1876 82 24 som
492 1865 95 38 hade
616 1867 129 50 tillsyn
774 1869 106 38 öfver
907 1871 208 38 hofrättens
1144 1874 191 39 bibliotek.

510 1917 17 36 I
568 1919 117 36 andra
719 1920 74 47 fall,
823 1922 46 36 då
896 1924 252 49 redogöraren
1177 1927 89 49 sjelf
1289 1929 82 37 icke
1400 1931 144 37 kunnat
1573 1933 146 37 öfverse
1747 1941 54 31 ett
1828 1937 146 37 arbetes

381 1967 196 39 utförande
607 1970 91 37 eller
726 1972 90 49 sjelf
840 1980 166 44 mottaga
1035 1977 99 36 hvad
1164 1991 79 24 som
1274 1979 121 39 blifvit
1422 1984 241 48 reqvireradt,
1693 1986 96 38 hade
1821 1988 151 37 räknin-

380 2032 121 36 garna
529 2021 124 38 blifvit
682 2026 223 37 attesterade
934 2029 41 34 af
989 2028 207 38 hofrättens
1217 2031 264 51 vaktmästare,
1502 2035 153 38 hvilken
1674 2043 165 33 närmast
1856 2041 118 36 under

379 2072 255 49 redogöraren
671 2075 95 38 hade
794 2078 91 36 vård
914 2079 70 37 och
1011 2080 129 49 tillsyn
1169 2095 58 23 om
1257 2088 144 34 statens
1430 2088 184 47 egendom
1643 2089 99 38 inom
1771 2091 199 48 hofrätten,

381 2123 70 36 och
479 2125 117 37 under
624 2126 112 38 hvars
761 2134 100 43 ögon
882 2131 142 37 arbetet
1044 2132 124 37 blifvit
1188 2135 212 39 verkstäldt.
1456 2139 133 48 Någon
1606 2140 127 38 vidare
1751 2144 221 49 attestering

379 2175 42 35 af
456 2177 277 39 verifikationer
772 2180 55 37 till
869 2184 511 52 expensmedelsräkningen,
1425 2195 47 31 än
1511 2204 50 23 nu
1597 2196 41 31 är
1664 2194 168 48 nämndt,
1862 2195 107 49 hade,

378 2227 122 36 såvidt
526 2229 252 50 redogöraren
805 2233 123 38 kände
956 2235 90 38 eller
1072 2236 145 38 kunnat
1245 2240 138 49 spörja,
1413 2241 83 38 icke
1524 2243 119 37 heller
1670 2245 99 37 förut
1796 2252 66 43 egt
1887 2260 82 24 rum

376 2278 102 37 inom
508 2279 98 39 Svea
634 2282 153 39 hofrätt.
