1894 2844
109 1006 140 34 Departe-

126 1046 103 25 ments-

122 1078 108 33 chefen.

289 156 19 29 4
703 156 114 29 Första
838 157 223 33 lagutskottets
1081 157 165 30 utlåtande
1267 158 47 28 Nr
1339 158 51 31 46.

335 241 17 32 I
370 246 105 34 öppen
495 242 65 38 dag
577 242 119 39 ligger,
713 247 51 28 att
781 255 38 20 en
835 245 237 38 moratorielag
1090 245 53 32 för
1159 249 51 29 att
1227 246 112 32 kunna
1358 246 89 38 fylla
1466 247 50 32 sin
1534 247 138 38 uppgift
1690 249 105 31 måste

291 295 80 21 vara
395 284 83 32 fullt
501 285 164 38 avpassad
689 286 88 32 efter
798 287 41 32 de
861 287 92 32 olika
977 287 113 39 behov,
1112 299 73 21 som
1208 288 56 32 vid
1286 301 39 19 en
1349 288 126 33 kritisk
1499 289 159 33 situation
1683 289 112 34 kunna

291 326 120 33 tänkas
431 332 81 33 göra
532 327 53 38 sig
603 327 168 38 gällande.
811 328 18 31 I
851 330 325 32 överensstämmelse
1196 330 72 32 med
1290 330 104 33 denna
1415 331 224 39 uppfattning
1657 332 63 33 har
1738 333 59 38 jag

291 369 78 32 låtit
397 369 89 32 inom
517 370 260 38 departementet
805 373 154 36 upptaga
988 372 437 39 moratorielagstiftningen
1456 374 12 31 i
1499 374 71 32 dess
1601 374 112 33 helhet
1742 375 54 32 till

290 411 154 32 revision.
477 412 197 32 Emellertid
696 413 93 32 torde
811 414 122 37 frågan
956 425 51 20 om
1031 414 338 38 specialmoratorium
1392 427 82 21 vara
1495 428 43 20 av
1560 416 235 34 beskaffenhet

290 458 50 28 att
361 454 80 32 böra
465 455 126 32 erhålla
616 455 50 31 sin
689 455 132 38 lösning
843 459 80 28 utan
948 456 141 32 avbidan
1114 457 44 37 på
1180 457 226 33 slutförandet
1430 470 41 20 av
1493 459 227 37 nyssnämnda
1745 463 49 28 ut-

291 496 149 38 redning.

336 555 66 32 Det
428 555 12 31 i
469 555 177 39 anledning
673 555 104 32 härav
804 556 206 38 utarbetade,
1039 568 115 26 genom
1186 557 217 33 förenämnda
1431 558 206 39 proposition
1666 571 40 20 nr
1735 561 61 32 198

294 606 192 37 framlagda
511 606 163 38 förslaget
699 606 54 32 till
779 606 56 38 lag
862 618 51 20 om
939 607 141 32 anstånd
1106 607 12 31 i
1145 607 140 33 särskilt
1310 608 64 32 fall
1400 609 74 32 med
1501 609 97 38 gälds
1625 609 173 40 betalning

292 656 204 38 tillstyrktes
517 668 42 20 av
580 656 109 33 första
709 656 224 38 lagutskottet
957 656 79 40 (utl.
1056 670 40 19 nr
1117 656 58 40 29)
1203 658 59 32 och
1284 661 119 36 antogs
1426 671 41 20 av
1490 659 179 39 riksdagen
1694 659 102 40 (skri-

291 706 89 32 velse
394 719 40 19 nr
449 705 73 40 78),
537 707 148 32 varefter
700 707 96 37 lagen
810 707 199 34 utfärdades
1027 708 59 32 den
1104 710 40 31 14
1160 720 87 20 mars
1266 710 82 31 1932
1369 708 54 41 (8.
1440 709 89 33 F.S.
1545 722 38 20 nr
1598 709 74 40 45).
1711 710 85 32 Den-

293 769 41 20 na
352 757 67 38 lag,
440 757 111 32 vilken
571 757 115 32 trädde
705 758 11 31 i
734 757 96 32 kraft
848 761 119 35 genast
985 758 86 32 efter
1090 758 219 34 utfärdandet
1327 760 60 32 och
1407 760 108 38 gäller
1532 760 55 33 till
1605 761 60 32 den
1687 764 16 31 1
1725 761 72 38 juni

294 808 94 37 1932,
407 807 117 39 skiljer
542 808 52 38 sig
612 808 76 32 från
708 808 54 32 det
779 819 116 27 genom
914 809 216 32 förevarande
1149 810 206 38 proposition
1374 823 40 19 nr
1433 812 63 31 260
1516 811 191 39 framlagda
1727 812 69 38 lag-

293 857 164 39 förslaget
475 858 116 32 endast
610 858 199 32 därutinnan
828 862 50 29 att
897 859 71 33 dels
986 859 37 32 de
1042 859 85 33 båda
1145 860 12 31 i
1177 862 16 30 1
1214 859 18 39 8
1251 860 105 33 andra
1376 861 134 38 stycket
1529 861 268 33 förekommande

291 908 131 33 tiderna
440 912 85 29 satts
544 909 53 32 till
615 920 38 20 en
672 909 119 32 månad
809 909 12 31 i
839 910 98 37 lagen
955 921 73 21 men
1046 910 53 32 till
1117 914 50 28 tre
1186 910 157 33 månader
1361 911 12 32 i
1391 911 234 39 lagförslaget,
1645 912 71 33 dels
1735 914 60 31 ock

293 958 292 33 bestämmelserna
602 959 12 31 i
633 959 240 38 lagförslagets
895 960 18 31 6
933 959 18 39 $
973 960 163 33 saknades
1154 960 13 31 i
1184 961 109 38 lagen.

334 1008 54 32 Då
407 1021 45 19 nu
470 1009 129 38 förslag
617 1010 206 38 framlägges
842 1022 52 20 om
914 1010 217 39 förlängning
1147 1031 45 2 —
1210 1012 72 32 med
1302 1012 140 32 berörda
1458 1012 217 39 jämkningar
1691 1032 45 3 —
1754 1026 41 20 av

290 1059 97 38 lagen
408 1059 61 32 den
491 1061 40 30 14
548 1072 90 20 mars
659 1061 83 31 1932
763 1064 51 29 att
832 1061 93 38 gälla
945 1065 24 29 t.
988 1073 28 20 o.
1036 1074 41 20 m.
1099 1062 60 32 den
1181 1063 40 31 28
1242 1062 150 32 februari
1412 1064 96 38 1933,
1528 1063 100 32 anför
1646 1064 148 38 departe-

291 1110 224 32 mentschefen
535 1111 106 31 såsom
661 1110 124 33 allmän
804 1112 201 38 motivering
1022 1112 126 41 härför,
1168 1113 87 33 efter
1273 1116 50 29 att
1341 1113 43 33 ha
1402 1114 128 32 erinrat
1547 1126 52 20 om
1619 1114 59 33 sitt
1697 1127 96 20 ovan-

291 1161 143 31 nämnda
452 1161 183 39 uttalande,
656 1162 162 38 följande:

334 1219 75 32 Med
430 1219 61 33 den
512 1220 195 38 igångsatta
726 1221 221 38 utredningen
968 1222 104 38 avsåg
1092 1222 59 39 jag
1173 1226 50 29 att
1243 1223 37 31 få
1301 1226 123 34 utrönt,
1448 1235 50 20 om
1520 1223 59 33 och
1601 1224 12 31 i
1634 1224 64 32 vad
1718 1225 76 31 mån

290 1262 184 38 ändringar
492 1262 11 31 i
525 1264 84 31 1914
628 1263 55 33 års
704 1264 399 39 moratorielagstiftning
1122 1264 111 33 kunde
1255 1277 94 21 anses
1371 1265 179 39 påkallade
1571 1266 70 32 med
1665 1266 129 39 hänsyn

289 1304 28 37 ej
340 1304 128 32 mindre
490 1304 53 33 till
565 1305 59 32 den
646 1305 199 39 erfarenhet,
869 1318 68 21 som
959 1307 134 33 vunnits
1117 1307 139 32 rörande
1278 1307 278 39 lagstiftningens
1579 1308 216 39 tillämpning

288 1346 103 32 under
408 1346 146 38 tidigare
572 1347 46 38 år,
638 1352 40 27 än
697 1352 81 27 även
796 1348 53 32 till
868 1348 38 32 de
926 1348 236 38 förändringar
1181 1350 42 37 på
1242 1349 54 32 det
1314 1349 214 33 ekonomiska
1547 1350 158 38 området,
1725 1363 69 20 som

289 1388 99 32 sedan
414 1389 73 32 dess
511 1389 130 32 inträtt.
690 1388 147 33 Särskilt
862 1393 115 35 syntes
1003 1391 54 32 det
1081 1392 70 37 mig
1177 1391 178 38 angeläget
1379 1392 100 38 tillse,
1506 1404 51 21 om
1584 1392 208 33 framkomna

289 1430 169 32 önskemål
477 1431 138 32 rörande
634 1431 334 38 betalningsanstånd
988 1433 54 31 för
1059 1433 220 37 jordbrukare
1298 1438 87 28 samt
1405 1434 238 33 förhindrande
1663 1447 41 20 av
1724 1447 69 20 exe-

288 1472 118 33 kutiva
424 1472 176 33 auktioner
618 1473 19 32 å
655 1473 380 39 jordbruksegendomar
1052 1474 111 33 kunde
1182 1476 43 37 på
1245 1475 158 38 lämpligt
1422 1479 69 30 sätt
1509 1488 115 27 genom
1645 1476 148 39 lagstift-

288 1514 120 73 vingen
432 1514 204 39 tillgodoses,
660 1515 110 33 därest
792 1516 158 38 åtgärder
971 1517 12 31 i
1004 1517 101 32 sådan
1128 1517 151 39 riktning
1302 1518 108 32 skulle
1433 1518 72 33 visa
1530 1519 51 38 sig
1604 1519 188 32 ofrånkom-

301 1568 67 26 iga.

330 1598 17 32 I
368 1599 60 32 sitt
449 1599 61 32 den
532 1601 39 30 12
592 1599 88 38 april
702 1601 83 32 1932
807 1600 148 38 avgivna
973 1601 207 32 betänkande
1203 1602 168 38 angående
1393 1603 159 37 åtgärder
1574 1603 53 31 för
1649 1603 144 31 lindran-

289 1641 37 31 de
353 1653 42 20 av
420 1641 214 37 jordbrukets
661 1642 321 38 kreditsvårigheter
1013 1642 144 40 (statens
1186 1644 65 31 off.
1279 1644 218 38 utredningar
1527 1645 172 38 1932:12)
1733 1645 60 32 har

286 1683 402 38 Jordbruksutredningen
709 1684 57 32 vid
788 1685 165 38 prövning
975 1697 42 20 av
1039 1685 189 33 framförda
1251 1685 129 39 förslag
1403 1698 51 21 om
1477 1687 214 32 moratorium
1714 1687 80 32 eller

287 1724 157 33 liknande
461 1725 222 39 ingripanden
700 1726 167 32 förklarat
884 1727 52 37 sig
953 1727 87 32 hava
1055 1727 140 32 kommit
1212 1728 54 32 till
1284 1728 60 32 den
1362 1728 274 39 uppfattningen,
1656 1733 51 29 att
1724 1729 68 32 des-

288 1779 37 20 sa
345 1767 148 38 förslags
514 1767 221 33 realiserande
755 1768 106 32 skulle
882 1769 150 32 medföra
1053 1769 206 39 rubbningar
1278 1770 11 31 i
1310 1770 54 32 det
1385 1770 214 33 ekonomiska
1620 1771 171 33 samhälls-

287 1809 81 32 livet
390 1821 44 20 av
456 1809 293 39 svåröverskådlig
773 1813 52 29 art
847 1813 82 29 utan
953 1815 50 28 att
1026 1811 135 32 därmed
1183 1823 125 21 vunnes
1332 1813 111 37 någon
1466 1812 146 32 effektiv
1637 1813 59 32 och
1719 1825 72 20 var-

287 1850 97 39 aktig
408 1851 207 38 förbättring
639 1863 42 20 av
704 1852 243 33 vederbörande
972 1853 235 38 jordbrukares
1233 1854 215 33 ekonomiska
1475 1855 171 38 ställning.
1695 1855 97 32 Jord-

287 1892 326 39 bruksutredningen
639 1894 62 31 har
726 1894 115 32 därför
867 1898 109 29 ansett
1002 1895 158 38 åtgärder
1185 1908 43 19 av
1253 1896 62 32 här
1340 1897 146 32 avsedda
1513 1897 74 37 slag
1613 1897 73 32 icke
1714 1897 79 32 böra

286 1934 172 39 tillgripas
480 1940 86 28 samt
585 1935 11 32 i
617 1936 106 32 denna
745 1936 51 32 del
818 1937 116 32 endast
955 1937 163 38 framlagt
1140 1938 130 38 förslag
1292 1950 50 20 om
1364 1939 87 31 visst
1473 1939 111 38 skydd
1606 1939 53 32 för
1680 1939 111 38 gälde-

286 1982 60 27 när
368 1981 69 28 mot
458 1978 191 38 utmätning
671 1978 60 32 och
754 1978 299 33 konkursansökan
1076 1980 103 32 under
1201 1980 61 37 tid,
1286 1980 41 32 då
1351 1980 115 32 försök
1490 1984 50 29 att
1562 1981 229 38 åvägabringa

286 2019 338 33 underhandsackord
652 2020 54 31 för
731 2020 201 38 gäldenären
958 2021 103 32 under
1088 2021 199 33 medverkan
1316 2022 76 32 från
1422 2023 56 32 det
1505 2022 185 33 allmännas
1719 2024 72 31 sida

286 2061 156 37 påginge.
484 2060 68 33 Vid
572 2062 154 31 anmälan
746 2062 11 31 i
777 2063 179 32 statsrådet
976 2063 60 31 den
1058 2065 39 31 13
1117 2064 67 37 maj
1207 2064 83 32 1932
1312 2076 41 20 av
1372 2064 419 39 jordbruksutredningens

286 2103 209 32 betänkande
524 2103 61 32 har
614 2103 117 33 chefen
762 2104 54 32 för
844 2104 443 39 jordbruksdepartementet
1317 2106 200 39 framhållit,
1548 2107 100 32 bland
1679 2114 112 31 annat,

287 2148 49 29 att
359 2145 41 31 då
423 2145 56 32 det
500 2145 92 32 torde
614 2146 95 37 ligga
729 2146 12 31 i
762 2146 260 38 borgenärernas
1045 2151 74 34 eget
1141 2147 139 33 intresse
1304 2152 51 28 att
1376 2148 30 38 ej
1431 2152 158 29 motsätta
1612 2150 52 37 sig
1687 2149 103 32 erfor-

287 2187 123 37 derligt
436 2187 152 38 anstånd,
616 2187 397 39 lagstiftningsåtgärder
1038 2189 12 31 i
1077 2189 207 33 sistnämnda
1309 2191 161 31 avseende
1497 2190 72 33 icke
1597 2195 113 34 syntes
1738 2191 54 32 för

285 2229 207 32 närvarande
512 2229 80 33 böra
611 2229 232 38 ifrågasättas.

328 2270 68 33 Vid
414 2283 44 19 nu
473 2271 135 37 angivet
625 2271 209 33 förhållande
850 2272 60 32 och
927 2272 41 33 då
984 2273 30 38 ej
1030 2272 103 33 heller
1149 2273 95 39 eljest
1260 2274 102 38 något
1377 2286 92 21 mera
1484 2274 186 39 trängande
1687 2274 103 33 behov

285 2325 42 20 av
348 2313 145 38 ändring
514 2314 11 31 i
548 2314 84 32 1914
653 2314 54 32 års
730 2314 396 39 moratorielagstiftning
1146 2316 89 32 visat
1257 2316 52 38 sig
1332 2316 169 39 föreligga
1525 2328 97 27 synes
1645 2316 69 40 mig
1738 2317 53 32 för

285 2355 207 32 närvarande
515 2355 29 38 ej
568 2367 107 20 annan
699 2356 119 38 åtgärd
842 2356 160 38 påkallad
1025 2362 41 27 än
1090 2361 50 29 att
1163 2357 260 39 lagstiftningen
1448 2371 51 20 om
1524 2358 265 39 specialmorato-

286 2397 84 31 rium
393 2397 135 33 beredes
553 2397 156 39 förlängd
733 2398 168 38 giltighet.
949 2398 118 32 Ehuru
1092 2399 113 38 dylikt
1228 2400 215 32 moratorium
1469 2400 72 32 icke
1565 2400 113 33 vidare
1704 2401 87 32 lärer

284 2438 111 33 kunna
417 2439 248 38 ifrågakomma
686 2440 54 32 för
760 2440 82 38 dem,
864 2451 68 21 som
955 2440 134 34 erhållit
1110 2441 120 33 sådant
1251 2442 52 31 för
1324 2442 90 33 tiden
1435 2442 55 31 till
1511 2442 60 32 och
1591 2443 72 32 med
1685 2443 104 32 denna
