<?xml version="1.0" encoding="UTF-8"?>
<alto xmlns="http://www.loc.gov/standards/alto/ns-v3#" xmlns:xlink="http://www.w3.org/1999/xlink" xmlns:xsi="http://www.w3.org/2001/XMLSchema-instance" xsi:schemaLocation="http://www.loc.gov/standards/alto/ns-v3# http://www.loc.gov/alto/v3/alto-3-0.xsd">
	<Description>
		<MeasurementUnit>pixel</MeasurementUnit>
		<sourceImageInformation>
			<fileName>/tmp/tess_o58lo7s9_input.PNG</fileName>
		</sourceImageInformation>
		<OCRProcessing ID="OCR_0">
			<ocrProcessingStep>
				<processingSoftware>
					<softwareName>tesseract 5.3.0</softwareName>
				</processingSoftware>
			</ocrProcessingStep>
		</OCRProcessing>
	</Description>
	<Layout>
		<Page WIDTH="1914" HEIGHT="2832" PHYSICAL_IMG_NR="0" ID="page_0">
			<PrintSpace HPOS="0" VPOS="0" WIDTH="1914" HEIGHT="2832">
				<ComposedBlock ID="cblock_0" HPOS="265" VPOS="191" WIDTH="1083" HEIGHT="38">
					<TextBlock ID="block_0" HPOS="265" VPOS="191" WIDTH="1083" HEIGHT="38">
						<TextLine ID="line_0" HPOS="265" VPOS="191" WIDTH="1083" HEIGHT="38">
							<String ID="string_0" HPOS="265" VPOS="191" WIDTH="19" HEIGHT="30" WC="0.95" CONTENT="2"/><SP WIDTH="401" VPOS="191" HPOS="284"/>
							<String ID="string_1" HPOS="685" VPOS="194" WIDTH="326" HEIGHT="35" WC="0.90" CONTENT="Bevillningsutskottets"/><SP WIDTH="23" VPOS="194" HPOS="1011"/>
							<String ID="string_2" HPOS="1034" VPOS="194" WIDTH="176" HEIGHT="28" WC="0.95" CONTENT="betänkande"/><SP WIDTH="21" VPOS="194" HPOS="1210"/>
							<String ID="string_3" HPOS="1231" VPOS="194" WIDTH="46" HEIGHT="28" WC="0.95" CONTENT="Nr"/><SP WIDTH="24" VPOS="194" HPOS="1277"/>
							<String ID="string_4" HPOS="1301" VPOS="194" WIDTH="47" HEIGHT="27" WC="0.87" CONTENT="13."/>
						</TextLine>
					</TextBlock>
				</ComposedBlock>
				<ComposedBlock ID="cblock_1" HPOS="288" VPOS="277" WIDTH="1482" HEIGHT="96">
					<TextBlock ID="block_1" HPOS="288" VPOS="277" WIDTH="1482" HEIGHT="96">
						<TextLine ID="line_1" HPOS="706" VPOS="277" WIDTH="1064" HEIGHT="87">
							<String ID="string_5" HPOS="706" VPOS="315" WIDTH="91" HEIGHT="26" WC="0.95" CONTENT="1931"/><SP WIDTH="134" VPOS="315" HPOS="797"/>
							<String ID="string_6" HPOS="931" VPOS="315" WIDTH="92" HEIGHT="26" WC="0.95" CONTENT="1932"/><SP WIDTH="64" VPOS="315" HPOS="1023"/>
							<String ID="string_7" HPOS="1087" VPOS="282" WIDTH="3" HEIGHT="38" WC="0.76" CONTENT="|"/><SP WIDTH="67" VPOS="282" HPOS="1090"/>
							<String ID="string_8" HPOS="1157" VPOS="314" WIDTH="93" HEIGHT="27" WC="0.95" CONTENT="1933"/><SP WIDTH="64" VPOS="314" HPOS="1250"/>
							<String ID="string_9" HPOS="1314" VPOS="320" WIDTH="3" HEIGHT="32" WC="0.65" CONTENT="|"/><SP WIDTH="65" VPOS="320" HPOS="1317"/>
							<String ID="string_10" HPOS="1382" VPOS="314" WIDTH="93" HEIGHT="26" WC="0.95" CONTENT="1934"/><SP WIDTH="65" VPOS="314" HPOS="1475"/>
							<String ID="string_11" HPOS="1540" VPOS="320" WIDTH="2" HEIGHT="4" WC="0.71" CONTENT="I"/><SP WIDTH="67" VPOS="320" HPOS="1542"/>
							<String ID="string_12" HPOS="1609" VPOS="315" WIDTH="92" HEIGHT="25" WC="0.94" CONTENT="1935"/><SP WIDTH="62" VPOS="315" HPOS="1701"/>
							<String ID="string_13" HPOS="1763" VPOS="277" WIDTH="7" HEIGHT="87" WC="0.82" CONTENT="|"/>
						</TextLine>
						<TextLine ID="line_2" HPOS="288" VPOS="350" WIDTH="802" HEIGHT="23">
							<String ID="string_14" HPOS="288" VPOS="350" WIDTH="61" HEIGHT="23" WC="0.95" CONTENT="Stat."/><SP WIDTH="739" VPOS="350" HPOS="349"/>
							<String ID="string_15" HPOS="1088" VPOS="352" WIDTH="2" HEIGHT="20" WC="0.63" CONTENT="|"/>
						</TextLine>
					</TextBlock>
				</ComposedBlock>
				<ComposedBlock ID="cblock_2" HPOS="299" VPOS="384" WIDTH="1455" HEIGHT="66">
					<TextBlock ID="block_2" HPOS="299" VPOS="384" WIDTH="1455" HEIGHT="66">
						<TextLine ID="line_3" HPOS="299" VPOS="384" WIDTH="1455" HEIGHT="51">
							<String ID="string_16" HPOS="299" VPOS="393" WIDTH="29" HEIGHT="14" WC="0.61" CONTENT="nr"/><SP WIDTH="336" VPOS="393" HPOS="328"/>
							<String ID="string_17" HPOS="664" VPOS="401" WIDTH="75" HEIGHT="30" WC="0.92" CONTENT="1,000"/><SP WIDTH="7" VPOS="401" HPOS="739"/>
							<String ID="string_18" HPOS="746" VPOS="380" WIDTH="16" HEIGHT="60" WC="0.84" CONTENT="|"/><SP WIDTH="14" VPOS="380" HPOS="762"/>
							<String ID="string_19" HPOS="776" VPOS="401" WIDTH="75" HEIGHT="30" WC="0.84" CONTENT="1,000"/><SP WIDTH="11" VPOS="401" HPOS="851"/>
							<String ID="string_20" HPOS="862" VPOS="380" WIDTH="12" HEIGHT="60" WC="0.68" CONTENT="|"/><SP WIDTH="15" VPOS="380" HPOS="874"/>
							<String ID="string_21" HPOS="889" VPOS="401" WIDTH="74" HEIGHT="30" WC="0.68" CONTENT="1,000"/><SP WIDTH="38" VPOS="401" HPOS="963"/>
							<String ID="string_22" HPOS="1001" VPOS="384" WIDTH="89" HEIGHT="47" WC="0.9" CONTENT="1,000"/><SP WIDTH="-3" VPOS="384" HPOS="1090"/>
							<String ID="string_23" HPOS="1087" VPOS="380" WIDTH="12" HEIGHT="60" WC="0.74" CONTENT="|"/><SP WIDTH="14" VPOS="380" HPOS="1099"/>
							<String ID="string_24" HPOS="1113" VPOS="401" WIDTH="91" HEIGHT="34" WC="0.74" CONTENT="1,000"/><SP WIDTH="-4" VPOS="401" HPOS="1204"/>
							<String ID="string_25" HPOS="1200" VPOS="380" WIDTH="12" HEIGHT="60" WC="0.75" CONTENT="|"/><SP WIDTH="15" VPOS="380" HPOS="1212"/>
							<String ID="string_26" HPOS="1227" VPOS="384" WIDTH="89" HEIGHT="47" WC="0.70" CONTENT="1,000"/><SP WIDTH="23" VPOS="384" HPOS="1316"/>
							<String ID="string_27" HPOS="1339" VPOS="401" WIDTH="76" HEIGHT="29" WC="0.29" CONTENT="1,000"/><SP WIDTH="10" VPOS="401" HPOS="1415"/>
							<String ID="string_28" HPOS="1425" VPOS="380" WIDTH="12" HEIGHT="60" WC="0.80" CONTENT="|"/><SP WIDTH="16" VPOS="380" HPOS="1437"/>
							<String ID="string_29" HPOS="1453" VPOS="384" WIDTH="89" HEIGHT="46" WC="0.80" CONTENT="1,000"/><SP WIDTH="-5" VPOS="384" HPOS="1542"/>
							<String ID="string_30" HPOS="1537" VPOS="380" WIDTH="12" HEIGHT="60" WC="0.80" CONTENT="|"/><SP WIDTH="15" VPOS="380" HPOS="1549"/>
							<String ID="string_31" HPOS="1564" VPOS="401" WIDTH="76" HEIGHT="25" WC="0.80" CONTENT="1.000"/><SP WIDTH="10" VPOS="401" HPOS="1640"/>
							<String ID="string_32" HPOS="1650" VPOS="380" WIDTH="12" HEIGHT="60" WC="0.88" CONTENT="|"/><SP WIDTH="16" VPOS="380" HPOS="1662"/>
							<String ID="string_33" HPOS="1678" VPOS="400" WIDTH="76" HEIGHT="31" WC="0.90" CONTENT="1,000"/>
						</TextLine>
						<TextLine ID="line_4" HPOS="705" VPOS="435" WIDTH="9" HEIGHT="15">
							<String ID="string_34" HPOS="705" VPOS="435" WIDTH="9" HEIGHT="15" WC="0.81" CONTENT="3"/>
						</TextLine>
					</TextBlock>
				</ComposedBlock>
				<ComposedBlock ID="cblock_3" HPOS="680" VPOS="435" WIDTH="1051" HEIGHT="139">
					<TextBlock ID="block_3" HPOS="680" VPOS="435" WIDTH="1051" HEIGHT="139">
						<TextLine ID="line_5" HPOS="680" VPOS="435" WIDTH="1051" HEIGHT="48">
							<String ID="string_35" HPOS="680" VPOS="444" WIDTH="23" HEIGHT="15" WC="0.5" CONTENT="m3"/><SP WIDTH="48" VPOS="444" HPOS="703"/>
							<String ID="string_36" HPOS="751" VPOS="440" WIDTH="2" HEIGHT="8" WC="0.71" CONTENT="I"/><SP WIDTH="39" VPOS="440" HPOS="753"/>
							<String ID="string_37" HPOS="792" VPOS="438" WIDTH="37" HEIGHT="23" WC="0.82" CONTENT="kr,"/><SP WIDTH="75" VPOS="438" HPOS="829"/>
							<String ID="string_38" HPOS="904" VPOS="435" WIDTH="35" HEIGHT="24" WC="0.71" CONTENT="m?"/><SP WIDTH="38" VPOS="435" HPOS="939"/>
							<String ID="string_39" HPOS="977" VPOS="448" WIDTH="2" HEIGHT="35" WC="0.92" CONTENT="|"/><SP WIDTH="39" VPOS="448" HPOS="979"/>
							<String ID="string_40" HPOS="1018" VPOS="438" WIDTH="37" HEIGHT="21" WC="0.95" CONTENT="kr."/><SP WIDTH="33" VPOS="438" HPOS="1055"/>
							<String ID="string_41" HPOS="1088" VPOS="436" WIDTH="3" HEIGHT="44" WC="0.83" CONTENT="|"/><SP WIDTH="38" VPOS="436" HPOS="1091"/>
							<String ID="string_42" HPOS="1129" VPOS="436" WIDTH="35" HEIGHT="23" WC="0.43" CONTENT="m?"/><SP WIDTH="39" VPOS="436" HPOS="1164"/>
							<String ID="string_43" HPOS="1203" VPOS="436" WIDTH="2" HEIGHT="28" WC="0.70" CONTENT="|"/><SP WIDTH="38" VPOS="436" HPOS="1205"/>
							<String ID="string_44" HPOS="1243" VPOS="437" WIDTH="37" HEIGHT="22" WC="0.91" CONTENT="kr."/><SP WIDTH="76" VPOS="437" HPOS="1280"/>
							<String ID="string_45" HPOS="1356" VPOS="435" WIDTH="35" HEIGHT="24" WC="0.86" CONTENT="m?"/><SP WIDTH="77" VPOS="435" HPOS="1391"/>
							<String ID="string_46" HPOS="1468" VPOS="437" WIDTH="36" HEIGHT="24" WC="0.90" CONTENT="kr,"/><SP WIDTH="75" VPOS="437" HPOS="1504"/>
							<String ID="string_47" HPOS="1579" VPOS="435" WIDTH="36" HEIGHT="23" WC="0.73" CONTENT="m?"/><SP WIDTH="79" VPOS="435" HPOS="1615"/>
							<String ID="string_48" HPOS="1694" VPOS="437" WIDTH="37" HEIGHT="22" WC="0.96" CONTENT="kr."/>
						</TextLine>
						<TextLine ID="line_6" HPOS="1428" VPOS="495" WIDTH="228" HEIGHT="79">
							<String ID="string_49" HPOS="1428" VPOS="496" WIDTH="3" HEIGHT="48" WC="0.83" CONTENT="|"/><SP WIDTH="109" VPOS="496" HPOS="1431"/>
							<String ID="string_50" HPOS="1540" VPOS="495" WIDTH="2" HEIGHT="79" WC="0.86" CONTENT="|"/><SP WIDTH="111" VPOS="495" HPOS="1542"/>
							<String ID="string_51" HPOS="1653" VPOS="497" WIDTH="3" HEIGHT="47" WC="0.76" CONTENT="|"/>
						</TextLine>
					</TextBlock>
				</ComposedBlock>
				<ComposedBlock ID="cblock_4" HPOS="1219" VPOS="556" WIDTH="527" HEIGHT="40">
					<TextBlock ID="block_4" HPOS="1219" VPOS="556" WIDTH="527" HEIGHT="40">
						<TextLine ID="line_7" HPOS="1219" VPOS="556" WIDTH="527" HEIGHT="40">
							<String ID="string_52" HPOS="1219" VPOS="565" WIDTH="76" HEIGHT="31" WC="0.92" CONTENT="1,624"/><SP WIDTH="22" VPOS="565" HPOS="1295"/>
							<String ID="string_53" HPOS="1317" VPOS="552" WIDTH="15" HEIGHT="48" WC="0.71" CONTENT="|"/><SP WIDTH="25" VPOS="552" HPOS="1332"/>
							<String ID="string_54" HPOS="1357" VPOS="565" WIDTH="52" HEIGHT="25" WC="0.71" CONTENT="210"/><SP WIDTH="19" VPOS="565" HPOS="1409"/>
							<String ID="string_55" HPOS="1428" VPOS="552" WIDTH="15" HEIGHT="48" WC="0.36" CONTENT="|"/><SP WIDTH="0" VPOS="552" HPOS="1443"/>
							<String ID="string_56" HPOS="1443" VPOS="565" WIDTH="100" HEIGHT="31" WC="0.36" CONTENT="2134"/><SP WIDTH="-1" VPOS="565" HPOS="1543"/>
							<String ID="string_57" HPOS="1542" VPOS="552" WIDTH="12" HEIGHT="48" WC="0.22" CONTENT="&gt;"/><SP WIDTH="27" VPOS="552" HPOS="1554"/>
							<String ID="string_58" HPOS="1581" VPOS="565" WIDTH="53" HEIGHT="25" WC="0.74" CONTENT="220"/><SP WIDTH="20" VPOS="565" HPOS="1634"/>
							<String ID="string_59" HPOS="1654" VPOS="556" WIDTH="92" HEIGHT="40" WC="0.74" CONTENT="|2,677"/>
						</TextLine>
					</TextBlock>
				</ComposedBlock>
				<GraphicalElement ID="cblock_5" HPOS="263" VPOS="265" WIDTH="1507" HEIGHT="9"></GraphicalElement >
				<GraphicalElement ID="cblock_6" HPOS="1292" VPOS="276" WIDTH="471" HEIGHT="4"></GraphicalElement >
				<GraphicalElement ID="cblock_7" HPOS="645" VPOS="376" WIDTH="1117" HEIGHT="4"></GraphicalElement >
				<GraphicalElement ID="cblock_8" HPOS="1652" VPOS="383" WIDTH="3" HEIGHT="101"></GraphicalElement >
				<ComposedBlock ID="cblock_9" HPOS="274" VPOS="530" WIDTH="819" HEIGHT="67">
					<TextBlock ID="block_5" HPOS="274" VPOS="530" WIDTH="819" HEIGHT="67">
						<TextLine ID="line_8" HPOS="291" VPOS="530" WIDTH="335" HEIGHT="30">
							<String ID="string_60" HPOS="291" VPOS="530" WIDTH="49" HEIGHT="26" WC="0.95" CONTENT="712"/><SP WIDTH="22" VPOS="530" HPOS="340"/>
							<String ID="string_61" HPOS="362" VPOS="526" WIDTH="18" HEIGHT="39" WC="0.96" CONTENT="|"/><SP WIDTH="10" VPOS="526" HPOS="380"/>
							<String ID="string_62" HPOS="390" VPOS="530" WIDTH="125" HEIGHT="30" WC="0.95" CONTENT="Timmer,"/><SP WIDTH="28" VPOS="530" HPOS="515"/>
							<String ID="string_63" HPOS="543" VPOS="531" WIDTH="83" HEIGHT="24" WC="0.23" CONTENT="mast"/>
						</TextLine>
						<TextLine ID="line_9" HPOS="274" VPOS="564" WIDTH="819" HEIGHT="33">
							<String ID="string_64" HPOS="274" VPOS="564" WIDTH="85" HEIGHT="26" WC="0.57" CONTENT="0.713!"/><SP WIDTH="31" VPOS="564" HPOS="359"/>
							<String ID="string_65" HPOS="390" VPOS="560" WIDTH="14" HEIGHT="42" WC="0.73" CONTENT="—"/><SP WIDTH="18" VPOS="560" HPOS="404"/>
							<String ID="string_66" HPOS="422" VPOS="566" WIDTH="43" HEIGHT="24" WC="0.83" CONTENT="trä"/><SP WIDTH="13" VPOS="566" HPOS="465"/>
							<String ID="string_67" HPOS="478" VPOS="565" WIDTH="46" HEIGHT="25" WC="0.83" CONTENT="och"/><SP WIDTH="12" VPOS="565" HPOS="524"/>
							<String ID="string_68" HPOS="536" VPOS="564" WIDTH="92" HEIGHT="33" WC="0.79" CONTENT="spiror!"/><SP WIDTH="52" VPOS="564" HPOS="628"/>
							<String ID="string_69" HPOS="680" VPOS="564" WIDTH="51" HEIGHT="25" WC="0.88" CONTENT="275"/><SP WIDTH="21" VPOS="564" HPOS="731"/>
							<String ID="string_70" HPOS="752" VPOS="565" WIDTH="94" HEIGHT="32" WC="0.0" CONTENT="&#39;4,182"/><SP WIDTH="19" VPOS="565" HPOS="846"/>
							<String ID="string_71" HPOS="865" VPOS="560" WIDTH="14" HEIGHT="42" WC="0.96" CONTENT="|"/><SP WIDTH="27" VPOS="560" HPOS="879"/>
							<String ID="string_72" HPOS="906" VPOS="564" WIDTH="51" HEIGHT="25" WC="0.89" CONTENT="149"/><SP WIDTH="36" VPOS="564" HPOS="957"/>
							<String ID="string_73" HPOS="993" VPOS="565" WIDTH="100" HEIGHT="30" WC="0.77" CONTENT="|1,759"/><SP WIDTH="-10" VPOS="565" HPOS="1093"/>
							<String ID="string_74" HPOS="1083" VPOS="560" WIDTH="14" HEIGHT="42" WC="0.0" CONTENT="&#39;"/>
						</TextLine>
					</TextBlock>
				</ComposedBlock>
				<ComposedBlock ID="cblock_10" HPOS="387" VPOS="582" WIDTH="1383" HEIGHT="218">
					<TextBlock ID="block_6" HPOS="387" VPOS="582" WIDTH="1156" HEIGHT="86">
						<TextLine ID="line_10" HPOS="387" VPOS="582" WIDTH="1156" HEIGHT="86">
							<String ID="string_75" HPOS="387" VPOS="617" WIDTH="96" HEIGHT="24" WC="0.96" CONTENT="Därav"/><SP WIDTH="18" VPOS="617" HPOS="483"/>
							<String ID="string_76" HPOS="501" VPOS="616" WIDTH="79" HEIGHT="25" WC="0.92" CONTENT="från:"/><SP WIDTH="510" VPOS="616" HPOS="580"/>
							<String ID="string_77" HPOS="1090" VPOS="582" WIDTH="3" HEIGHT="86" WC="0.90" CONTENT="|"/><SP WIDTH="337" VPOS="582" HPOS="1093"/>
							<String ID="string_78" HPOS="1430" VPOS="640" WIDTH="1" HEIGHT="12" WC="0.82" CONTENT="|"/><SP WIDTH="109" VPOS="640" HPOS="1431"/>
							<String ID="string_79" HPOS="1540" VPOS="583" WIDTH="3" HEIGHT="37" WC="0.89" CONTENT="|"/>
						</TextLine>
					</TextBlock>
					<TextBlock ID="block_7" HPOS="400" VPOS="632" WIDTH="1370" HEIGHT="168">
						<TextLine ID="line_11" HPOS="404" VPOS="632" WIDTH="1365" HEIGHT="51">
							<String ID="string_80" HPOS="404" VPOS="652" WIDTH="97" HEIGHT="31" WC="0.89" CONTENT="Norge"/><SP WIDTH="28" VPOS="652" HPOS="501"/>
							<String ID="string_81" HPOS="529" VPOS="671" WIDTH="95" HEIGHT="5" WC="0.51" CONTENT="........"/><SP WIDTH="61" VPOS="671" HPOS="624"/>
							<String ID="string_82" HPOS="685" VPOS="649" WIDTH="47" HEIGHT="27" WC="0.87" CONTENT="175"/><SP WIDTH="36" VPOS="649" HPOS="732"/>
							<String ID="string_83" HPOS="768" VPOS="650" WIDTH="76" HEIGHT="30" WC="0.87" CONTENT="|2,397"/><SP WIDTH="21" VPOS="650" HPOS="844"/>
							<String ID="string_84" HPOS="865" VPOS="628" WIDTH="16" HEIGHT="59" WC="0.93" CONTENT="|"/><SP WIDTH="27" VPOS="628" HPOS="881"/>
							<String ID="string_85" HPOS="908" VPOS="650" WIDTH="48" HEIGHT="26" WC="0.92" CONTENT="126"/><SP WIDTH="38" VPOS="650" HPOS="956"/>
							<String ID="string_86" HPOS="994" VPOS="650" WIDTH="75" HEIGHT="31" WC="0.89" CONTENT="|1,472"/><SP WIDTH="21" VPOS="650" HPOS="1069"/>
							<String ID="string_87" HPOS="1090" VPOS="628" WIDTH="16" HEIGHT="59" WC="0.93" CONTENT="|"/><SP WIDTH="27" VPOS="628" HPOS="1106"/>
							<String ID="string_88" HPOS="1133" VPOS="650" WIDTH="49" HEIGHT="26" WC="0.72" CONTENT="1386"/><SP WIDTH="38" VPOS="650" HPOS="1182"/>
							<String ID="string_89" HPOS="1220" VPOS="651" WIDTH="74" HEIGHT="32" WC="0.55" CONTENT="|1,857"/><SP WIDTH="21" VPOS="651" HPOS="1294"/>
							<String ID="string_90" HPOS="1315" VPOS="628" WIDTH="19" HEIGHT="59" WC="0.94" CONTENT="|"/><SP WIDTH="25" VPOS="628" HPOS="1334"/>
							<String ID="string_91" HPOS="1359" VPOS="650" WIDTH="49" HEIGHT="26" WC="0.90" CONTENT="184"/><SP WIDTH="38" VPOS="650" HPOS="1408"/>
							<String ID="string_92" HPOS="1446" VPOS="632" WIDTH="97" HEIGHT="49" WC="0.84" CONTENT="|1,276"/><SP WIDTH="-3" VPOS="632" HPOS="1543"/>
							<String ID="string_93" HPOS="1540" VPOS="628" WIDTH="15" HEIGHT="59" WC="0.96" CONTENT="|"/><SP WIDTH="28" VPOS="628" HPOS="1555"/>
							<String ID="string_94" HPOS="1583" VPOS="651" WIDTH="50" HEIGHT="25" WC="0.89" CONTENT="169"/><SP WIDTH="21" VPOS="651" HPOS="1633"/>
							<String ID="string_95" HPOS="1654" VPOS="644" WIDTH="115" HEIGHT="36" WC="0.86" CONTENT="|1,946"/><SP WIDTH="-15" VPOS="644" HPOS="1769"/>
							<String ID="string_96" HPOS="1754" VPOS="628" WIDTH="19" HEIGHT="59" WC="0.95" CONTENT="|"/>
						</TextLine>
						<TextLine ID="line_12" HPOS="404" VPOS="684" WIDTH="1340" HEIGHT="27">
							<String ID="string_97" HPOS="404" VPOS="686" WIDTH="121" HEIGHT="24" WC="0.94" CONTENT="Finland"/><SP WIDTH="16" VPOS="686" HPOS="525"/>
							<String ID="string_98" HPOS="541" VPOS="665" WIDTH="11" HEIGHT="54" WC="0.39" CONTENT="="/><SP WIDTH="11" VPOS="665" HPOS="552"/>
							<String ID="string_99" HPOS="563" VPOS="706" WIDTH="61" HEIGHT="4" WC="0.70" CONTENT="......"/><SP WIDTH="76" VPOS="706" HPOS="624"/>
							<String ID="string_100" HPOS="700" VPOS="685" WIDTH="31" HEIGHT="25" WC="0.87" CONTENT="17"/><SP WIDTH="22" VPOS="685" HPOS="731"/>
							<String ID="string_101" HPOS="753" VPOS="666" WIDTH="18" HEIGHT="54" WC="0.87" CONTENT="|"/><SP WIDTH="23" VPOS="666" HPOS="771"/>
							<String ID="string_102" HPOS="794" VPOS="684" WIDTH="51" HEIGHT="26" WC="0.74" CONTENT="255"/><SP WIDTH="19" VPOS="684" HPOS="845"/>
							<String ID="string_103" HPOS="864" VPOS="666" WIDTH="18" HEIGHT="54" WC="0.74" CONTENT="|"/><SP WIDTH="43" VPOS="666" HPOS="882"/>
							<String ID="string_104" HPOS="925" VPOS="685" WIDTH="32" HEIGHT="26" WC="0.63" CONTENT="16"/><SP WIDTH="19" VPOS="685" HPOS="957"/>
							<String ID="string_105" HPOS="976" VPOS="666" WIDTH="14" HEIGHT="54" WC="0.83" CONTENT="|"/><SP WIDTH="29" VPOS="666" HPOS="990"/>
							<String ID="string_106" HPOS="1019" VPOS="685" WIDTH="50" HEIGHT="25" WC="0.90" CONTENT="208"/><SP WIDTH="97" VPOS="685" HPOS="1069"/>
							<String ID="string_107" HPOS="1166" VPOS="686" WIDTH="16" HEIGHT="24" WC="0.14" CONTENT="5)"/><SP WIDTH="79" VPOS="686" HPOS="1182"/>
							<String ID="string_108" HPOS="1261" VPOS="685" WIDTH="32" HEIGHT="26" WC="0.38" CONTENT="BT"/><SP WIDTH="81" VPOS="685" HPOS="1293"/>
							<String ID="string_109" HPOS="1374" VPOS="685" WIDTH="34" HEIGHT="25" WC="0.41" CONTENT="838)"/><SP WIDTH="62" VPOS="685" HPOS="1408"/>
							<String ID="string_110" HPOS="1470" VPOS="685" WIDTH="49" HEIGHT="25" WC="0.21" CONTENT="421"/><SP WIDTH="21" VPOS="685" HPOS="1519"/>
							<String ID="string_111" HPOS="1540" VPOS="666" WIDTH="17" HEIGHT="54" WC="0.21" CONTENT="|"/><SP WIDTH="43" VPOS="666" HPOS="1557"/>
							<String ID="string_112" HPOS="1600" VPOS="685" WIDTH="56" HEIGHT="26" WC="0.67" CONTENT="50)"/><SP WIDTH="40" VPOS="685" HPOS="1656"/>
							<String ID="string_113" HPOS="1696" VPOS="684" WIDTH="48" HEIGHT="26" WC="0.94" CONTENT="661"/>
						</TextLine>
						<TextLine ID="line_13" HPOS="400" VPOS="704" WIDTH="1370" HEIGHT="96">
							<String ID="string_114" HPOS="400" VPOS="720" WIDTH="228" HEIGHT="31" WC="0.95" CONTENT="Sovjetunionen"/><SP WIDTH="11" VPOS="720" HPOS="628"/>
							<String ID="string_115" HPOS="639" VPOS="701" WIDTH="21" HEIGHT="54" WC="0.89" CONTENT="|"/><SP WIDTH="16" VPOS="701" HPOS="660"/>
							<String ID="string_116" HPOS="676" VPOS="701" WIDTH="11" HEIGHT="54" WC="0.64" CONTENT="—"/><SP WIDTH="12" VPOS="701" HPOS="687"/>
							<String ID="string_117" HPOS="699" VPOS="720" WIDTH="32" HEIGHT="25" WC="0.91" CONTENT="82"/><SP WIDTH="21" VPOS="720" HPOS="731"/>
							<String ID="string_118" HPOS="752" VPOS="716" WIDTH="92" HEIGHT="34" WC="0.91" CONTENT="|1,530"/><SP WIDTH="97" VPOS="716" HPOS="844"/>
							<String ID="string_119" HPOS="941" VPOS="720" WIDTH="15" HEIGHT="25" WC="0.49" CONTENT="6)"/><SP WIDTH="80" VPOS="720" HPOS="956"/>
							<String ID="string_120" HPOS="1036" VPOS="720" WIDTH="33" HEIGHT="25" WC="0.77" CONTENT="79)"/><SP WIDTH="82" VPOS="720" HPOS="1069"/>
							<String ID="string_121" HPOS="1151" VPOS="720" WIDTH="31" HEIGHT="25" WC="0.82" CONTENT="14)"/><SP WIDTH="63" VPOS="720" HPOS="1182"/>
							<String ID="string_122" HPOS="1245" VPOS="720" WIDTH="50" HEIGHT="26" WC="0.36" CONTENT="210)"/><SP WIDTH="80" VPOS="720" HPOS="1295"/>
							<String ID="string_123" HPOS="1375" VPOS="720" WIDTH="33" HEIGHT="25" WC="0.43" CONTENT="48)"/><SP WIDTH="62" VPOS="720" HPOS="1408"/>
							<String ID="string_124" HPOS="1470" VPOS="704" WIDTH="73" HEIGHT="41" WC="0.0" CONTENT="47)"/><SP WIDTH="57" VPOS="704" HPOS="1543"/>
							<String ID="string_125" HPOS="1600" VPOS="734" WIDTH="32" HEIGHT="3" WC="0.0" CONTENT="—"/><SP WIDTH="82" VPOS="734" HPOS="1632"/>
							<String ID="string_126" HPOS="1714" VPOS="733" WIDTH="30" HEIGHT="4" WC="0.48" CONTENT="—"/><SP WIDTH="23" VPOS="733" HPOS="1744"/>
							<String ID="string_127" HPOS="1767" VPOS="704" WIDTH="3" HEIGHT="96" WC="0.96" CONTENT="|"/>
						</TextLine>
					</TextBlock>
				</ComposedBlock>
				<ComposedBlock ID="cblock_11" HPOS="1131" VPOS="565" WIDTH="53" HEIGHT="24">
					<TextBlock ID="block_8" HPOS="1131" VPOS="565" WIDTH="53" HEIGHT="24">
						<TextLine ID="line_14" HPOS="1131" VPOS="565" WIDTH="53" HEIGHT="24">
							<String ID="string_128" HPOS="1131" VPOS="565" WIDTH="53" HEIGHT="24" WC="0.95" CONTENT="155"/>
						</TextLine>
					</TextBlock>
				</ComposedBlock>
				<GraphicalElement ID="cblock_12" HPOS="1203" VPOS="508" WIDTH="3" HEIGHT="100"></GraphicalElement >
				<GraphicalElement ID="cblock_13" HPOS="863" VPOS="281" WIDTH="4" HEIGHT="403"></GraphicalElement >
				<GraphicalElement ID="cblock_14" HPOS="638" VPOS="309" WIDTH="4" HEIGHT="454"></GraphicalElement >
				<GraphicalElement ID="cblock_15" HPOS="865" VPOS="704" WIDTH="3" HEIGHT="140"></GraphicalElement >
				<ComposedBlock ID="cblock_16" HPOS="926" VPOS="805" WIDTH="820" HEIGHT="29">
					<TextBlock ID="block_9" HPOS="926" VPOS="805" WIDTH="820" HEIGHT="29">
						<TextLine ID="line_15" HPOS="926" VPOS="805" WIDTH="820" HEIGHT="29">
							<String ID="string_129" HPOS="926" VPOS="805" WIDTH="31" HEIGHT="25" WC="0.44" CONTENT="701"/><SP WIDTH="64" VPOS="805" HPOS="957"/>
							<String ID="string_130" HPOS="1021" VPOS="805" WIDTH="49" HEIGHT="25" WC="0.71" CONTENT="739"/><SP WIDTH="79" VPOS="805" HPOS="1070"/>
							<String ID="string_131" HPOS="1149" VPOS="805" WIDTH="34" HEIGHT="25" WC="0.81" CONTENT="39"/><SP WIDTH="19" VPOS="805" HPOS="1183"/>
							<String ID="string_132" HPOS="1202" VPOS="801" WIDTH="14" HEIGHT="42" WC="0.48" CONTENT="|"/><SP WIDTH="28" VPOS="801" HPOS="1216"/>
							<String ID="string_133" HPOS="1244" VPOS="806" WIDTH="53" HEIGHT="25" WC="0.52" CONTENT="3838"/><SP WIDTH="78" VPOS="806" HPOS="1297"/>
							<String ID="string_134" HPOS="1375" VPOS="805" WIDTH="35" HEIGHT="25" WC="0.91" CONTENT="33"/><SP WIDTH="19" VPOS="805" HPOS="1410"/>
							<String ID="string_135" HPOS="1429" VPOS="808" WIDTH="2" HEIGHT="16" WC="0.89" CONTENT="|"/><SP WIDTH="39" VPOS="808" HPOS="1431"/>
							<String ID="string_136" HPOS="1470" VPOS="805" WIDTH="51" HEIGHT="26" WC="0.89" CONTENT="305"/><SP WIDTH="20" VPOS="805" HPOS="1521"/>
							<String ID="string_137" HPOS="1541" VPOS="801" WIDTH="14" HEIGHT="42" WC="0.91" CONTENT="|"/><SP WIDTH="27" VPOS="801" HPOS="1555"/>
							<String ID="string_138" HPOS="1582" VPOS="805" WIDTH="50" HEIGHT="25" WC="0.64" CONTENT="121"/><SP WIDTH="22" VPOS="805" HPOS="1632"/>
							<String ID="string_139" HPOS="1654" VPOS="805" WIDTH="92" HEIGHT="29" WC="0.64" CONTENT="|1,234"/>
						</TextLine>
					</TextBlock>
				</ComposedBlock>
				<GraphicalElement ID="cblock_17" HPOS="362" VPOS="282" WIDTH="3" HEIGHT="604"></GraphicalElement >
				<GraphicalElement ID="cblock_18" HPOS="1315" VPOS="495" WIDTH="4" HEIGHT="465"></GraphicalElement >
				<GraphicalElement ID="cblock_19" HPOS="751" VPOS="386" WIDTH="5" HEIGHT="604"></GraphicalElement >
				<GraphicalElement ID="cblock_20" HPOS="1428" VPOS="383" WIDTH="4" HEIGHT="609"></GraphicalElement >
				<ComposedBlock ID="cblock_21" HPOS="290" VPOS="804" WIDTH="1480" HEIGHT="188">
					<TextBlock ID="block_10" HPOS="290" VPOS="804" WIDTH="1480" HEIGHT="188">
						<TextLine ID="line_16" HPOS="290" VPOS="804" WIDTH="557" HEIGHT="34">
							<String ID="string_140" HPOS="290" VPOS="804" WIDTH="51" HEIGHT="25" WC="0.96" CONTENT="716"/><SP WIDTH="20" VPOS="804" HPOS="341"/>
							<String ID="string_141" HPOS="361" VPOS="800" WIDTH="17" HEIGHT="43" WC="0.93" CONTENT="|"/><SP WIDTH="9" VPOS="800" HPOS="378"/>
							<String ID="string_142" HPOS="387" VPOS="805" WIDTH="172" HEIGHT="33" WC="0.92" CONTENT="Pappersved"/><SP WIDTH="26" VPOS="805" HPOS="559"/>
							<String ID="string_143" HPOS="585" VPOS="826" WIDTH="28" HEIGHT="5" WC="0.87" CONTENT="..."/><SP WIDTH="87" VPOS="826" HPOS="613"/>
							<String ID="string_144" HPOS="700" VPOS="805" WIDTH="35" HEIGHT="25" WC="0.87" CONTENT="67"/><SP WIDTH="17" VPOS="805" HPOS="735"/>
							<String ID="string_145" HPOS="752" VPOS="801" WIDTH="16" HEIGHT="41" WC="0.87" CONTENT="|"/><SP WIDTH="28" VPOS="801" HPOS="768"/>
							<String ID="string_146" HPOS="796" VPOS="805" WIDTH="51" HEIGHT="25" WC="0.93" CONTENT="798"/>
						</TextLine>
						<TextLine ID="line_17" HPOS="386" VPOS="856" WIDTH="1270" HEIGHT="50">
							<String ID="string_147" HPOS="386" VPOS="857" WIDTH="97" HEIGHT="24" WC="0.95" CONTENT="Därav"/><SP WIDTH="21" VPOS="857" HPOS="483"/>
							<String ID="string_148" HPOS="504" VPOS="857" WIDTH="76" HEIGHT="24" WC="0.96" CONTENT="från:"/><SP WIDTH="285" VPOS="857" HPOS="580"/>
							<String ID="string_149" HPOS="865" VPOS="856" WIDTH="2" HEIGHT="50" WC="0.86" CONTENT="|"/><SP WIDTH="336" VPOS="856" HPOS="867"/>
							<String ID="string_150" HPOS="1203" VPOS="872" WIDTH="3" HEIGHT="16" WC="0.68" CONTENT="I"/><SP WIDTH="448" VPOS="872" HPOS="1206"/>
							<String ID="string_151" HPOS="1654" VPOS="864" WIDTH="2" HEIGHT="4" WC="0.43" CONTENT="|"/>
						</TextLine>
						<TextLine ID="line_18" HPOS="404" VPOS="884" WIDTH="1366" HEIGHT="39">
							<String ID="string_152" HPOS="404" VPOS="892" WIDTH="97" HEIGHT="31" WC="0.87" CONTENT="Norge"/><SP WIDTH="28" VPOS="892" HPOS="501"/>
							<String ID="string_153" HPOS="529" VPOS="912" WIDTH="96" HEIGHT="4" WC="0.16" CONTENT="........."/><SP WIDTH="74" VPOS="912" HPOS="625"/>
							<String ID="string_154" HPOS="699" VPOS="891" WIDTH="33" HEIGHT="26" WC="0.96" CONTENT="56"/><SP WIDTH="18" VPOS="891" HPOS="732"/>
							<String ID="string_155" HPOS="750" VPOS="885" WIDTH="17" HEIGHT="44" WC="0.94" CONTENT="|"/><SP WIDTH="27" VPOS="885" HPOS="767"/>
							<String ID="string_156" HPOS="794" VPOS="891" WIDTH="50" HEIGHT="25" WC="0.94" CONTENT="673"/><SP WIDTH="80" VPOS="891" HPOS="844"/>
							<String ID="string_157" HPOS="924" VPOS="891" WIDTH="33" HEIGHT="26" WC="0.49" CONTENT="39:"/><SP WIDTH="61" VPOS="891" HPOS="957"/>
							<String ID="string_158" HPOS="1018" VPOS="890" WIDTH="50" HEIGHT="26" WC="0.93" CONTENT="379"/><SP WIDTH="80" VPOS="890" HPOS="1068"/>
							<String ID="string_159" HPOS="1148" VPOS="891" WIDTH="33" HEIGHT="26" WC="0.86" CONTENT="39"/><SP WIDTH="23" VPOS="891" HPOS="1181"/>
							<String ID="string_160" HPOS="1204" VPOS="886" WIDTH="15" HEIGHT="44" WC="0.0" CONTENT=":"/><SP WIDTH="25" VPOS="886" HPOS="1219"/>
							<String ID="string_161" HPOS="1244" VPOS="891" WIDTH="51" HEIGHT="26" WC="0.92" CONTENT="338"/><SP WIDTH="80" VPOS="891" HPOS="1295"/>
							<String ID="string_162" HPOS="1375" VPOS="891" WIDTH="33" HEIGHT="26" WC="0.91" CONTENT="30"/><SP WIDTH="21" VPOS="891" HPOS="1408"/>
							<String ID="string_163" HPOS="1429" VPOS="907" WIDTH="2" HEIGHT="13" WC="0.76" CONTENT="|"/><SP WIDTH="39" VPOS="907" HPOS="1431"/>
							<String ID="string_164" HPOS="1470" VPOS="891" WIDTH="51" HEIGHT="26" WC="0.85" CONTENT="258"/><SP WIDTH="79" VPOS="891" HPOS="1521"/>
							<String ID="string_165" HPOS="1600" VPOS="891" WIDTH="34" HEIGHT="25" WC="0.72" CONTENT="30"/><SP WIDTH="20" VPOS="891" HPOS="1634"/>
							<String ID="string_166" HPOS="1654" VPOS="892" WIDTH="3" HEIGHT="13" WC="0.72" CONTENT="&#39;"/><SP WIDTH="39" VPOS="892" HPOS="1657"/>
							<String ID="string_167" HPOS="1696" VPOS="891" WIDTH="50" HEIGHT="25" WC="0.79" CONTENT="274"/><SP WIDTH="21" VPOS="891" HPOS="1746"/>
							<String ID="string_168" HPOS="1767" VPOS="884" WIDTH="3" HEIGHT="12" WC="0.79" CONTENT="|"/>
						</TextLine>
						<TextLine ID="line_19" HPOS="403" VPOS="907" WIDTH="1367" HEIGHT="77">
							<String ID="string_169" HPOS="403" VPOS="926" WIDTH="222" HEIGHT="25" WC="0.48" CONTENT="Finland..."/><SP WIDTH="75" VPOS="926" HPOS="625"/>
							<String ID="string_170" HPOS="700" VPOS="926" WIDTH="30" HEIGHT="24" WC="0.0" CONTENT="11"/><SP WIDTH="15" VPOS="926" HPOS="730"/>
							<String ID="string_171" HPOS="745" VPOS="903" WIDTH="20" HEIGHT="61" WC="0.0" CONTENT="|"/><SP WIDTH="30" VPOS="903" HPOS="765"/>
							<String ID="string_172" HPOS="795" VPOS="925" WIDTH="160" HEIGHT="26" WC="0.7" CONTENT="128500o—"/><SP WIDTH="22" VPOS="925" HPOS="955"/>
							<String ID="string_173" HPOS="977" VPOS="907" WIDTH="3" HEIGHT="77" WC="0.84" CONTENT="|"/><SP WIDTH="56" VPOS="907" HPOS="980"/>
							<String ID="string_174" HPOS="1036" VPOS="940" WIDTH="31" HEIGHT="2" WC="0.46" CONTENT="SS"/><SP WIDTH="83" VPOS="940" HPOS="1067"/>
							<String ID="string_175" HPOS="1150" VPOS="940" WIDTH="30" HEIGHT="3" WC="0.36" CONTENT="So"/><SP WIDTH="82" VPOS="940" HPOS="1180"/>
							<String ID="string_176" HPOS="1262" VPOS="941" WIDTH="31" HEIGHT="3" WC="0.60" CONTENT="-"/><SP WIDTH="99" VPOS="941" HPOS="1293"/>
							<String ID="string_177" HPOS="1392" VPOS="925" WIDTH="39" HEIGHT="27" WC="0.76" CONTENT="8)"/><SP WIDTH="57" VPOS="925" HPOS="1431"/>
							<String ID="string_178" HPOS="1488" VPOS="926" WIDTH="31" HEIGHT="25" WC="0.13" CONTENT="47)"/><SP WIDTH="81" VPOS="926" HPOS="1519"/>
							<String ID="string_179" HPOS="1600" VPOS="925" WIDTH="33" HEIGHT="25" WC="0.88" CONTENT="53"/><SP WIDTH="63" VPOS="925" HPOS="1633"/>
							<String ID="string_180" HPOS="1696" VPOS="926" WIDTH="50" HEIGHT="25" WC="0.1" CONTENT="560"/><SP WIDTH="21" VPOS="926" HPOS="1746"/>
							<String ID="string_181" HPOS="1767" VPOS="916" WIDTH="3" HEIGHT="44" WC="0.1" CONTENT="/"/>
						</TextLine>
						<TextLine ID="line_20" HPOS="400" VPOS="944" WIDTH="1346" HEIGHT="48">
							<String ID="string_182" HPOS="400" VPOS="961" WIDTH="228" HEIGHT="31" WC="0.96" CONTENT="Sovjetunionen"/><SP WIDTH="73" VPOS="961" HPOS="628"/>
							<String ID="string_183" HPOS="701" VPOS="974" WIDTH="30" HEIGHT="4" WC="0.89" CONTENT="—"/><SP WIDTH="81" VPOS="974" HPOS="731"/>
							<String ID="string_184" HPOS="812" VPOS="974" WIDTH="31" HEIGHT="3" WC="0.67" CONTENT="—"/><SP WIDTH="23" VPOS="974" HPOS="843"/>
							<String ID="string_185" HPOS="866" VPOS="977" WIDTH="1" HEIGHT="3" WC="0.0" CONTENT=","/><SP WIDTH="56" VPOS="977" HPOS="867"/>
							<String ID="string_186" HPOS="923" VPOS="960" WIDTH="34" HEIGHT="26" WC="0.87" CONTENT="301"/><SP WIDTH="61" VPOS="960" HPOS="957"/>
							<String ID="string_187" HPOS="1018" VPOS="960" WIDTH="51" HEIGHT="26" WC="0.83" CONTENT="360"/><SP WIDTH="21" VPOS="960" HPOS="1069"/>
							<String ID="string_188" HPOS="1090" VPOS="972" WIDTH="2" HEIGHT="20" WC="0.83" CONTENT="|"/><SP WIDTH="57" VPOS="972" HPOS="1092"/>
							<String ID="string_189" HPOS="1149" VPOS="975" WIDTH="32" HEIGHT="3" WC="0.88" CONTENT="—"/><SP WIDTH="23" VPOS="975" HPOS="1181"/>
							<String ID="string_190" HPOS="1204" VPOS="944" WIDTH="2" HEIGHT="40" WC="0.51" CONTENT="|"/><SP WIDTH="56" VPOS="944" HPOS="1206"/>
							<String ID="string_191" HPOS="1262" VPOS="975" WIDTH="32" HEIGHT="3" WC="0.51" CONTENT="—"/><SP WIDTH="22" VPOS="975" HPOS="1294"/>
							<String ID="string_192" HPOS="1316" VPOS="976" WIDTH="2" HEIGHT="14" WC="0.43" CONTENT="|"/><SP WIDTH="58" VPOS="976" HPOS="1318"/>
							<String ID="string_193" HPOS="1376" VPOS="975" WIDTH="30" HEIGHT="2" WC="0.25" CONTENT="o—"/><SP WIDTH="83" VPOS="975" HPOS="1406"/>
							<String ID="string_194" HPOS="1489" VPOS="975" WIDTH="29" HEIGHT="3" WC="0.76" CONTENT="—"/><SP WIDTH="23" VPOS="975" HPOS="1518"/>
							<String ID="string_195" HPOS="1541" VPOS="972" WIDTH="3" HEIGHT="20" WC="0.83" CONTENT="|"/><SP WIDTH="56" VPOS="972" HPOS="1544"/>
							<String ID="string_196" HPOS="1600" VPOS="960" WIDTH="34" HEIGHT="25" WC="0.90" CONTENT="38"/><SP WIDTH="20" VPOS="960" HPOS="1634"/>
							<String ID="string_197" HPOS="1654" VPOS="955" WIDTH="13" HEIGHT="41" WC="0.89" CONTENT="|"/><SP WIDTH="29" VPOS="955" HPOS="1667"/>
							<String ID="string_198" HPOS="1696" VPOS="960" WIDTH="50" HEIGHT="26" WC="0.89" CONTENT="400"/>
						</TextLine>
					</TextBlock>
				</ComposedBlock>
				<ComposedBlock ID="cblock_22" HPOS="265" VPOS="1026" WIDTH="1507" HEIGHT="94">
					<TextBlock ID="block_11" HPOS="265" VPOS="1026" WIDTH="1507" HEIGHT="94">
						<TextLine ID="line_21" HPOS="319" VPOS="1026" WIDTH="1453" HEIGHT="43">
							<String ID="string_199" HPOS="319" VPOS="1026" WIDTH="181" HEIGHT="32" WC="0.91" CONTENT="Utförseln"/><SP WIDTH="19" VPOS="1026" HPOS="500"/>
							<String ID="string_200" HPOS="519" VPOS="1038" WIDTH="40" HEIGHT="20" WC="0.96" CONTENT="av"/><SP WIDTH="21" VPOS="1038" HPOS="559"/>
							<String ID="string_201" HPOS="580" VPOS="1038" WIDTH="127" HEIGHT="20" WC="0.93" CONTENT="samma"/><SP WIDTH="19" VPOS="1038" HPOS="707"/>
							<String ID="string_202" HPOS="726" VPOS="1027" WIDTH="158" HEIGHT="42" WC="0.91" CONTENT="varuslag"/><SP WIDTH="19" VPOS="1027" HPOS="884"/>
							<String ID="string_203" HPOS="903" VPOS="1028" WIDTH="147" HEIGHT="41" WC="0.96" CONTENT="uppgick"/><SP WIDTH="18" VPOS="1028" HPOS="1050"/>
							<String ID="string_204" HPOS="1068" VPOS="1030" WIDTH="81" HEIGHT="29" WC="0.93" CONTENT="åren"/><SP WIDTH="21" VPOS="1030" HPOS="1149"/>
							<String ID="string_205" HPOS="1170" VPOS="1028" WIDTH="207" HEIGHT="31" WC="0.90" CONTENT="1933—1935"/><SP WIDTH="19" VPOS="1028" HPOS="1377"/>
							<String ID="string_206" HPOS="1396" VPOS="1028" WIDTH="54" HEIGHT="30" WC="0.96" CONTENT="till"/><SP WIDTH="21" VPOS="1028" HPOS="1450"/>
							<String ID="string_207" HPOS="1471" VPOS="1028" WIDTH="153" HEIGHT="41" WC="0.92" CONTENT="följande"/><SP WIDTH="20" VPOS="1028" HPOS="1624"/>
							<String ID="string_208" HPOS="1644" VPOS="1028" WIDTH="128" HEIGHT="30" WC="0.92" CONTENT="kvanti-"/>
						</TextLine>
						<TextLine ID="line_22" HPOS="265" VPOS="1077" WIDTH="1149" HEIGHT="43">
							<String ID="string_209" HPOS="265" VPOS="1078" WIDTH="89" HEIGHT="30" WC="0.92" CONTENT="teter"/><SP WIDTH="21" VPOS="1078" HPOS="354"/>
							<String ID="string_210" HPOS="375" VPOS="1077" WIDTH="64" HEIGHT="31" WC="0.96" CONTENT="och"/><SP WIDTH="20" VPOS="1077" HPOS="439"/>
							<String ID="string_211" HPOS="459" VPOS="1078" WIDTH="126" HEIGHT="31" WC="0.96" CONTENT="värden"/><SP WIDTH="27" VPOS="1078" HPOS="585"/>
							<String ID="string_212" HPOS="612" VPOS="1078" WIDTH="95" HEIGHT="41" WC="0.96" CONTENT="(1935"/><SP WIDTH="23" VPOS="1078" HPOS="707"/>
							<String ID="string_213" HPOS="730" VPOS="1080" WIDTH="53" HEIGHT="30" WC="0.96" CONTENT="års"/><SP WIDTH="23" VPOS="1080" HPOS="783"/>
							<String ID="string_214" HPOS="806" VPOS="1078" WIDTH="119" HEIGHT="31" WC="0.96" CONTENT="siffror"/><SP WIDTH="21" VPOS="1078" HPOS="925"/>
							<String ID="string_215" HPOS="946" VPOS="1080" WIDTH="57" HEIGHT="29" WC="0.96" CONTENT="äro"/><SP WIDTH="22" VPOS="1080" HPOS="1003"/>
							<String ID="string_216" HPOS="1025" VPOS="1079" WIDTH="122" HEIGHT="30" WC="0.96" CONTENT="endast"/><SP WIDTH="21" VPOS="1079" HPOS="1147"/>
							<String ID="string_217" HPOS="1168" VPOS="1078" WIDTH="246" HEIGHT="42" WC="0.96" CONTENT="preliminära):"/>
						</TextLine>
					</TextBlock>
				</ComposedBlock>
				<ComposedBlock ID="cblock_23" HPOS="264" VPOS="1137" WIDTH="1490" HEIGHT="185">
					<TextBlock ID="block_12" HPOS="264" VPOS="1137" WIDTH="1490" HEIGHT="185">
						<TextLine ID="line_23" HPOS="856" VPOS="1137" WIDTH="813" HEIGHT="27">
							<String ID="string_218" HPOS="856" VPOS="1137" WIDTH="118" HEIGHT="27" WC="0.94" CONTENT="1933"/><SP WIDTH="221" VPOS="1137" HPOS="974"/>
							<String ID="string_219" HPOS="1195" VPOS="1138" WIDTH="119" HEIGHT="26" WC="0.95" CONTENT="1934"/><SP WIDTH="234" VPOS="1138" HPOS="1314"/>
							<String ID="string_220" HPOS="1548" VPOS="1137" WIDTH="121" HEIGHT="26" WC="0.84" CONTENT="193535"/>
						</TextLine>
						<TextLine ID="line_24" HPOS="300" VPOS="1188" WIDTH="1454" HEIGHT="33">
							<String ID="string_221" HPOS="300" VPOS="1189" WIDTH="72" HEIGHT="25" WC="0.96" CONTENT="Stat."/><SP WIDTH="19" VPOS="1189" HPOS="372"/>
							<String ID="string_222" HPOS="391" VPOS="1198" WIDTH="34" HEIGHT="16" WC="0.66" CONTENT="nr"/><SP WIDTH="336" VPOS="1198" HPOS="425"/>
							<String ID="string_223" HPOS="761" VPOS="1189" WIDTH="76" HEIGHT="29" WC="0.90" CONTENT="1,000"/><SP WIDTH="19" VPOS="1189" HPOS="837"/>
							<String ID="string_224" HPOS="856" VPOS="1189" WIDTH="40" HEIGHT="25" WC="0.85" CONTENT="m?"/><SP WIDTH="36" VPOS="1189" HPOS="896"/>
							<String ID="string_225" HPOS="932" VPOS="1189" WIDTH="75" HEIGHT="32" WC="0.52" CONTENT="1,000"/><SP WIDTH="19" VPOS="1189" HPOS="1007"/>
							<String ID="string_226" HPOS="1026" VPOS="1190" WIDTH="40" HEIGHT="25" WC="0.85" CONTENT="kr."/><SP WIDTH="38" VPOS="1190" HPOS="1066"/>
							<String ID="string_227" HPOS="1104" VPOS="1189" WIDTH="76" HEIGHT="31" WC="0.79" CONTENT="1,000"/><SP WIDTH="19" VPOS="1189" HPOS="1180"/>
							<String ID="string_228" HPOS="1199" VPOS="1189" WIDTH="39" HEIGHT="26" WC="0.88" CONTENT="m?"/><SP WIDTH="37" VPOS="1189" HPOS="1238"/>
							<String ID="string_229" HPOS="1275" VPOS="1189" WIDTH="76" HEIGHT="30" WC="0.33" CONTENT="1,000"/><SP WIDTH="18" VPOS="1189" HPOS="1351"/>
							<String ID="string_230" HPOS="1369" VPOS="1190" WIDTH="41" HEIGHT="24" WC="0.90" CONTENT="kr."/><SP WIDTH="38" VPOS="1190" HPOS="1410"/>
							<String ID="string_231" HPOS="1448" VPOS="1189" WIDTH="76" HEIGHT="32" WC="0.87" CONTENT="1,000"/><SP WIDTH="18" VPOS="1189" HPOS="1524"/>
							<String ID="string_232" HPOS="1542" VPOS="1188" WIDTH="40" HEIGHT="27" WC="0.86" CONTENT="m?"/><SP WIDTH="37" VPOS="1188" HPOS="1582"/>
							<String ID="string_233" HPOS="1619" VPOS="1188" WIDTH="77" HEIGHT="31" WC="0.54" CONTENT="1,000"/><SP WIDTH="18" VPOS="1188" HPOS="1696"/>
							<String ID="string_234" HPOS="1714" VPOS="1190" WIDTH="40" HEIGHT="24" WC="0.96" CONTENT="kr."/>
						</TextLine>
						<TextLine ID="line_25" HPOS="265" VPOS="1239" WIDTH="1275" HEIGHT="39">
							<String ID="string_235" HPOS="265" VPOS="1239" WIDTH="61" HEIGHT="31" WC="0.96" CONTENT="712"/><SP WIDTH="23" VPOS="1239" HPOS="326"/>
							<String ID="string_236" HPOS="349" VPOS="1239" WIDTH="65" HEIGHT="31" WC="0.96" CONTENT="och"/><SP WIDTH="24" VPOS="1239" HPOS="414"/>
							<String ID="string_237" HPOS="438" VPOS="1239" WIDTH="60" HEIGHT="31" WC="0.51" CONTENT="713"/><SP WIDTH="16" VPOS="1239" HPOS="498"/>
							<String ID="string_238" HPOS="514" VPOS="1264" WIDTH="235" HEIGHT="5" WC="0.0" CONTENT="oososssmmsnvs."/><SP WIDTH="50" VPOS="1264" HPOS="749"/>
							<String ID="string_239" HPOS="799" VPOS="1240" WIDTH="60" HEIGHT="31" WC="0.96" CONTENT="130"/><SP WIDTH="87" VPOS="1240" HPOS="859"/>
							<String ID="string_240" HPOS="946" VPOS="1240" WIDTH="91" HEIGHT="38" WC="0.92" CONTENT="1,656"/><SP WIDTH="89" VPOS="1240" HPOS="1037"/>
							<String ID="string_241" HPOS="1126" VPOS="1240" WIDTH="60" HEIGHT="31" WC="0.96" CONTENT="162"/><SP WIDTH="112" VPOS="1240" HPOS="1186"/>
							<String ID="string_242" HPOS="1298" VPOS="1240" WIDTH="94" HEIGHT="38" WC="0.90" CONTENT="2,153"/><SP WIDTH="88" VPOS="1240" HPOS="1392"/>
							<String ID="string_243" HPOS="1480" VPOS="1240" WIDTH="60" HEIGHT="31" WC="0.96" CONTENT="108"/>
						</TextLine>
						<TextLine ID="line_26" HPOS="264" VPOS="1290" WIDTH="1275" HEIGHT="32">
							<String ID="string_244" HPOS="264" VPOS="1290" WIDTH="62" HEIGHT="31" WC="0.56" CONTENT="TÅG"/><SP WIDTH="15" VPOS="1290" HPOS="326"/>
							<String ID="string_245" HPOS="341" VPOS="1314" WIDTH="408" HEIGHT="5" WC="0.0" CONTENT="ooseerrrsrrrrerrrsen"/><SP WIDTH="-165" VPOS="1314" HPOS="749"/>
							<String ID="string_246" HPOS="584" VPOS="1284" WIDTH="93" HEIGHT="48" WC="0.0" CONTENT="seriens"/><SP WIDTH="9" VPOS="1284" HPOS="677"/>
							<String ID="string_247" HPOS="686" VPOS="1284" WIDTH="66" HEIGHT="48" WC="0.0" CONTENT="nerna"/><SP WIDTH="65" VPOS="1284" HPOS="752"/>
							<String ID="string_248" HPOS="817" VPOS="1290" WIDTH="42" HEIGHT="31" WC="0.96" CONTENT="32"/><SP WIDTH="117" VPOS="1290" HPOS="859"/>
							<String ID="string_249" HPOS="976" VPOS="1291" WIDTH="61" HEIGHT="31" WC="0.94" CONTENT="328"/><SP WIDTH="109" VPOS="1291" HPOS="1037"/>
							<String ID="string_250" HPOS="1146" VPOS="1291" WIDTH="36" HEIGHT="30" WC="0.66" CONTENT="71"/><SP WIDTH="147" VPOS="1291" HPOS="1182"/>
							<String ID="string_251" HPOS="1329" VPOS="1290" WIDTH="63" HEIGHT="32" WC="0.96" CONTENT="690"/><SP WIDTH="107" VPOS="1290" HPOS="1392"/>
							<String ID="string_252" HPOS="1499" VPOS="1290" WIDTH="40" HEIGHT="32" WC="0.95" CONTENT="83"/>
						</TextLine>
					</TextBlock>
				</ComposedBlock>
				<ComposedBlock ID="cblock_24" HPOS="265" VPOS="1372" WIDTH="1509" HEIGHT="1159">
					<TextBlock ID="block_13" HPOS="265" VPOS="1372" WIDTH="1508" HEIGHT="652">
						<TextLine ID="line_27" HPOS="317" VPOS="1372" WIDTH="1455" HEIGHT="43">
							<String ID="string_253" HPOS="317" VPOS="1373" WIDTH="120" HEIGHT="41" WC="0.96" CONTENT="Enligt"/><SP WIDTH="21" VPOS="1373" HPOS="437"/>
							<String ID="string_254" HPOS="458" VPOS="1373" WIDTH="64" HEIGHT="31" WC="0.96" CONTENT="vad"/><SP WIDTH="22" VPOS="1373" HPOS="522"/>
							<String ID="string_255" HPOS="544" VPOS="1372" WIDTH="168" HEIGHT="32" WC="0.96" CONTENT="utskottet"/><SP WIDTH="20" VPOS="1372" HPOS="712"/>
							<String ID="string_256" HPOS="732" VPOS="1373" WIDTH="167" HEIGHT="32" WC="0.95" CONTENT="inhämtat"/><SP WIDTH="20" VPOS="1373" HPOS="899"/>
							<String ID="string_257" HPOS="919" VPOS="1374" WIDTH="43" HEIGHT="31" WC="0.96" CONTENT="ha"/><SP WIDTH="22" VPOS="1374" HPOS="962"/>
							<String ID="string_258" HPOS="984" VPOS="1384" WIDTH="122" HEIGHT="31" WC="0.96" CONTENT="genom"/><SP WIDTH="22" VPOS="1384" HPOS="1106"/>
							<String ID="string_259" HPOS="1128" VPOS="1385" WIDTH="42" HEIGHT="20" WC="0.95" CONTENT="en"/><SP WIDTH="20" VPOS="1385" HPOS="1170"/>
							<String ID="string_260" HPOS="1190" VPOS="1374" WIDTH="55" HEIGHT="30" WC="0.93" CONTENT="till"/><SP WIDTH="21" VPOS="1374" HPOS="1245"/>
							<String ID="string_261" HPOS="1266" VPOS="1374" WIDTH="418" HEIGHT="41" WC="0.89" CONTENT="handelsdepartementet"/><SP WIDTH="22" VPOS="1374" HPOS="1684"/>
							<String ID="string_262" HPOS="1706" VPOS="1374" WIDTH="66" HEIGHT="31" WC="0.96" CONTENT="den"/>
						</TextLine>
						<TextLine ID="line_28" HPOS="266" VPOS="1423" WIDTH="1506" HEIGHT="42">
							<String ID="string_263" HPOS="266" VPOS="1423" WIDTH="39" HEIGHT="31" WC="0.96" CONTENT="19"/><SP WIDTH="22" VPOS="1423" HPOS="305"/>
							<String ID="string_264" HPOS="327" VPOS="1423" WIDTH="178" HEIGHT="32" WC="0.96" CONTENT="december"/><SP WIDTH="24" VPOS="1423" HPOS="505"/>
							<String ID="string_265" HPOS="529" VPOS="1424" WIDTH="80" HEIGHT="31" WC="0.96" CONTENT="1935"/><SP WIDTH="22" VPOS="1424" HPOS="609"/>
							<String ID="string_266" HPOS="631" VPOS="1423" WIDTH="194" HEIGHT="32" WC="0.95" CONTENT="inkommen"/><SP WIDTH="22" VPOS="1423" HPOS="825"/>
							<String ID="string_267" HPOS="847" VPOS="1424" WIDTH="253" HEIGHT="41" WC="0.95" CONTENT="framställning"/><SP WIDTH="20" VPOS="1424" HPOS="1100"/>
							<String ID="string_268" HPOS="1120" VPOS="1424" WIDTH="156" HEIGHT="41" WC="0.93" CONTENT="åtgärder"/><SP WIDTH="23" VPOS="1424" HPOS="1276"/>
							<String ID="string_269" HPOS="1299" VPOS="1424" WIDTH="168" HEIGHT="41" WC="0.92" CONTENT="påkallats"/><SP WIDTH="21" VPOS="1424" HPOS="1467"/>
							<String ID="string_270" HPOS="1488" VPOS="1424" WIDTH="77" HEIGHT="31" WC="0.96" CONTENT="med"/><SP WIDTH="21" VPOS="1424" HPOS="1565"/>
							<String ID="string_271" HPOS="1586" VPOS="1424" WIDTH="186" HEIGHT="41" WC="0.96" CONTENT="anledning"/>
						</TextLine>
						<TextLine ID="line_29" HPOS="266" VPOS="1474" WIDTH="1505" HEIGHT="42">
							<String ID="string_272" HPOS="266" VPOS="1474" WIDTH="113" HEIGHT="38" WC="0.96" CONTENT="därav,"/><SP WIDTH="27" VPOS="1474" HPOS="379"/>
							<String ID="string_273" HPOS="406" VPOS="1476" WIDTH="49" HEIGHT="29" WC="0.96" CONTENT="att"/><SP WIDTH="26" VPOS="1476" HPOS="455"/>
							<String ID="string_274" HPOS="481" VPOS="1476" WIDTH="49" HEIGHT="30" WC="0.93" CONTENT="ett"/><SP WIDTH="26" VPOS="1476" HPOS="530"/>
							<String ID="string_275" HPOS="556" VPOS="1474" WIDTH="206" HEIGHT="42" WC="0.92" CONTENT="sydsvenskt"/><SP WIDTH="27" VPOS="1474" HPOS="762"/>
							<String ID="string_276" HPOS="789" VPOS="1475" WIDTH="202" HEIGHT="41" WC="0.96" CONTENT="aktiebolag,"/><SP WIDTH="27" VPOS="1475" HPOS="991"/>
							<String ID="string_277" HPOS="1018" VPOS="1486" WIDTH="74" HEIGHT="20" WC="0.96" CONTENT="som"/><SP WIDTH="25" VPOS="1486" HPOS="1092"/>
							<String ID="string_278" HPOS="1117" VPOS="1475" WIDTH="158" HEIGHT="31" WC="0.96" CONTENT="bedriver"/><SP WIDTH="24" VPOS="1475" HPOS="1275"/>
							<String ID="string_279" HPOS="1299" VPOS="1475" WIDTH="222" HEIGHT="41" WC="0.96" CONTENT="tillverkning"/><SP WIDTH="26" VPOS="1475" HPOS="1521"/>
							<String ID="string_280" HPOS="1547" VPOS="1486" WIDTH="40" HEIGHT="20" WC="0.93" CONTENT="av"/><SP WIDTH="26" VPOS="1486" HPOS="1587"/>
							<String ID="string_281" HPOS="1613" VPOS="1486" WIDTH="158" HEIGHT="30" WC="0.91" CONTENT="pappers-"/>
						</TextLine>
						<TextLine ID="line_30" HPOS="265" VPOS="1525" WIDTH="1506" HEIGHT="42">
							<String ID="string_282" HPOS="265" VPOS="1536" WIDTH="123" HEIGHT="27" WC="0.95" CONTENT="massa,"/><SP WIDTH="26" VPOS="1536" HPOS="388"/>
							<String ID="string_283" HPOS="414" VPOS="1526" WIDTH="109" HEIGHT="31" WC="0.96" CONTENT="under"/><SP WIDTH="24" VPOS="1526" HPOS="523"/>
							<String ID="string_284" HPOS="547" VPOS="1527" WIDTH="37" HEIGHT="29" WC="0.96" CONTENT="år"/><SP WIDTH="28" VPOS="1527" HPOS="584"/>
							<String ID="string_285" HPOS="612" VPOS="1525" WIDTH="81" HEIGHT="32" WC="0.96" CONTENT="1935"/><SP WIDTH="25" VPOS="1525" HPOS="693"/>
							<String ID="string_286" HPOS="718" VPOS="1526" WIDTH="199" HEIGHT="41" WC="0.93" CONTENT="importerat"/><SP WIDTH="26" VPOS="1526" HPOS="917"/>
							<String ID="string_287" HPOS="943" VPOS="1526" WIDTH="223" HEIGHT="41" WC="0.90" CONTENT="pappersved."/><SP WIDTH="37" VPOS="1526" HPOS="1166"/>
							<String ID="string_288" HPOS="1203" VPOS="1526" WIDTH="19" HEIGHT="31" WC="0.96" CONTENT="I"/><SP WIDTH="24" VPOS="1526" HPOS="1222"/>
							<String ID="string_289" HPOS="1246" VPOS="1526" WIDTH="159" HEIGHT="41" WC="0.96" CONTENT="yttrande"/><SP WIDTH="26" VPOS="1526" HPOS="1405"/>
							<String ID="string_290" HPOS="1431" VPOS="1528" WIDTH="80" HEIGHT="29" WC="0.96" CONTENT="över"/><SP WIDTH="27" VPOS="1528" HPOS="1511"/>
							<String ID="string_291" HPOS="1538" VPOS="1526" WIDTH="111" HEIGHT="31" WC="0.93" CONTENT="denna"/><SP WIDTH="26" VPOS="1526" HPOS="1649"/>
							<String ID="string_292" HPOS="1675" VPOS="1527" WIDTH="96" HEIGHT="30" WC="0.91" CONTENT="fram-"/>
						</TextLine>
						<TextLine ID="line_31" HPOS="266" VPOS="1575" WIDTH="1506" HEIGHT="43">
							<String ID="string_293" HPOS="266" VPOS="1576" WIDTH="166" HEIGHT="42" WC="0.95" CONTENT="ställning"/><SP WIDTH="22" VPOS="1576" HPOS="432"/>
							<String ID="string_294" HPOS="454" VPOS="1575" WIDTH="201" HEIGHT="33" WC="0.96" CONTENT="meddelade"/><SP WIDTH="22" VPOS="1575" HPOS="655"/>
							<String ID="string_295" HPOS="677" VPOS="1576" WIDTH="138" HEIGHT="42" WC="0.96" CONTENT="bolaget"/><SP WIDTH="24" VPOS="1576" HPOS="815"/>
							<String ID="string_296" HPOS="839" VPOS="1577" WIDTH="161" HEIGHT="41" WC="0.96" CONTENT="följande."/><SP WIDTH="35" VPOS="1577" HPOS="1000"/>
							<String ID="string_297" HPOS="1035" VPOS="1577" WIDTH="146" HEIGHT="41" WC="0.96" CONTENT="Bolaget"/><SP WIDTH="22" VPOS="1577" HPOS="1181"/>
							<String ID="string_298" HPOS="1203" VPOS="1577" WIDTH="87" HEIGHT="31" WC="0.96" CONTENT="hade"/><SP WIDTH="23" VPOS="1577" HPOS="1290"/>
							<String ID="string_299" HPOS="1313" VPOS="1577" WIDTH="109" HEIGHT="31" WC="0.96" CONTENT="under"/><SP WIDTH="23" VPOS="1577" HPOS="1422"/>
							<String ID="string_300" HPOS="1445" VPOS="1577" WIDTH="41" HEIGHT="31" WC="0.96" CONTENT="de"/><SP WIDTH="24" VPOS="1577" HPOS="1486"/>
							<String ID="string_301" HPOS="1510" VPOS="1577" WIDTH="85" HEIGHT="31" WC="0.96" CONTENT="sista"/><SP WIDTH="23" VPOS="1577" HPOS="1595"/>
							<String ID="string_302" HPOS="1618" VPOS="1577" WIDTH="49" HEIGHT="31" WC="0.96" CONTENT="tio"/><SP WIDTH="25" VPOS="1577" HPOS="1667"/>
							<String ID="string_303" HPOS="1692" VPOS="1579" WIDTH="80" HEIGHT="29" WC="0.96" CONTENT="åren"/>
						</TextLine>
						<TextLine ID="line_32" HPOS="266" VPOS="1627" WIDTH="1505" HEIGHT="41">
							<String ID="string_304" HPOS="266" VPOS="1627" WIDTH="59" HEIGHT="31" WC="0.96" CONTENT="vid"/><SP WIDTH="23" VPOS="1627" HPOS="325"/>
							<String ID="string_305" HPOS="348" VPOS="1628" WIDTH="86" HEIGHT="30" WC="0.96" CONTENT="flera"/><SP WIDTH="21" VPOS="1628" HPOS="434"/>
							<String ID="string_306" HPOS="455" VPOS="1627" WIDTH="162" HEIGHT="31" WC="0.96" CONTENT="tillfällen"/><SP WIDTH="21" VPOS="1627" HPOS="617"/>
							<String ID="string_307" HPOS="638" VPOS="1627" WIDTH="75" HEIGHT="31" WC="0.95" CONTENT="haft"/><SP WIDTH="22" VPOS="1627" HPOS="713"/>
							<String ID="string_308" HPOS="735" VPOS="1629" WIDTH="92" HEIGHT="30" WC="0.96" CONTENT="svårt"/><SP WIDTH="24" VPOS="1629" HPOS="827"/>
							<String ID="string_309" HPOS="851" VPOS="1630" WIDTH="49" HEIGHT="28" WC="0.96" CONTENT="att"/><SP WIDTH="21" VPOS="1630" HPOS="900"/>
							<String ID="string_310" HPOS="921" VPOS="1628" WIDTH="96" HEIGHT="31" WC="0.96" CONTENT="täcka"/><SP WIDTH="22" VPOS="1628" HPOS="1017"/>
							<String ID="string_311" HPOS="1039" VPOS="1628" WIDTH="61" HEIGHT="30" WC="0.96" CONTENT="sitt"/><SP WIDTH="21" VPOS="1628" HPOS="1100"/>
							<String ID="string_312" HPOS="1121" VPOS="1627" WIDTH="113" HEIGHT="31" WC="0.96" CONTENT="behov"/><SP WIDTH="23" VPOS="1627" HPOS="1234"/>
							<String ID="string_313" HPOS="1257" VPOS="1639" WIDTH="40" HEIGHT="19" WC="0.93" CONTENT="av"/><SP WIDTH="22" VPOS="1639" HPOS="1297"/>
							<String ID="string_314" HPOS="1319" VPOS="1627" WIDTH="214" HEIGHT="41" WC="0.91" CONTENT="pappersved"/><SP WIDTH="23" VPOS="1627" HPOS="1533"/>
							<String ID="string_315" HPOS="1556" VPOS="1638" WIDTH="77" HEIGHT="20" WC="0.96" CONTENT="men"/><SP WIDTH="24" VPOS="1638" HPOS="1633"/>
							<String ID="string_316" HPOS="1657" VPOS="1627" WIDTH="114" HEIGHT="31" WC="0.96" CONTENT="oaktat"/>
						</TextLine>
						<TextLine ID="line_33" HPOS="267" VPOS="1677" WIDTH="1505" HEIGHT="42">
							<String ID="string_317" HPOS="267" VPOS="1678" WIDTH="228" HEIGHT="41" WC="0.96" CONTENT="fördelaktiga"/><SP WIDTH="25" VPOS="1678" HPOS="495"/>
							<String ID="string_318" HPOS="520" VPOS="1678" WIDTH="116" HEIGHT="31" WC="0.96" CONTENT="anbud"/><SP WIDTH="26" VPOS="1678" HPOS="636"/>
							<String ID="string_319" HPOS="662" VPOS="1678" WIDTH="75" HEIGHT="31" WC="0.96" CONTENT="från"/><SP WIDTH="25" VPOS="1678" HPOS="737"/>
							<String ID="string_320" HPOS="762" VPOS="1678" WIDTH="164" HEIGHT="31" WC="0.96" CONTENT="länderna"/><SP WIDTH="25" VPOS="1678" HPOS="926"/>
							<String ID="string_321" HPOS="951" VPOS="1680" WIDTH="43" HEIGHT="39" WC="0.96" CONTENT="på"/><SP WIDTH="25" VPOS="1680" HPOS="994"/>
							<String ID="string_322" HPOS="1019" VPOS="1678" WIDTH="105" HEIGHT="31" WC="0.96" CONTENT="andra"/><SP WIDTH="26" VPOS="1678" HPOS="1124"/>
							<String ID="string_323" HPOS="1150" VPOS="1678" WIDTH="99" HEIGHT="31" WC="0.95" CONTENT="sidan"/><SP WIDTH="26" VPOS="1678" HPOS="1249"/>
							<String ID="string_324" HPOS="1275" VPOS="1677" WIDTH="183" HEIGHT="42" WC="0.78" CONTENT="Östersjön"/><SP WIDTH="25" VPOS="1677" HPOS="1458"/>
							<String ID="string_325" HPOS="1483" VPOS="1678" WIDTH="212" HEIGHT="31" WC="0.93" CONTENT="konsekvent"/><SP WIDTH="27" VPOS="1678" HPOS="1695"/>
							<String ID="string_326" HPOS="1722" VPOS="1689" WIDTH="50" HEIGHT="20" WC="0.93" CONTENT="av-"/>
						</TextLine>
						<TextLine ID="line_34" HPOS="266" VPOS="1728" WIDTH="1506" HEIGHT="42">
							<String ID="string_327" HPOS="266" VPOS="1731" WIDTH="85" HEIGHT="29" WC="0.96" CONTENT="stått"/><SP WIDTH="19" VPOS="1731" HPOS="351"/>
							<String ID="string_328" HPOS="370" VPOS="1729" WIDTH="76" HEIGHT="31" WC="0.96" CONTENT="från"/><SP WIDTH="18" VPOS="1729" HPOS="446"/>
							<String ID="string_329" HPOS="464" VPOS="1729" WIDTH="134" HEIGHT="41" WC="0.96" CONTENT="import."/><SP WIDTH="31" VPOS="1729" HPOS="598"/>
							<String ID="string_330" HPOS="629" VPOS="1728" WIDTH="69" HEIGHT="31" WC="0.96" CONTENT="Vid"/><SP WIDTH="19" VPOS="1728" HPOS="698"/>
							<String ID="string_331" HPOS="717" VPOS="1729" WIDTH="106" HEIGHT="30" WC="0.96" CONTENT="slutet"/><SP WIDTH="18" VPOS="1729" HPOS="823"/>
							<String ID="string_332" HPOS="841" VPOS="1740" WIDTH="40" HEIGHT="19" WC="0.96" CONTENT="av"/><SP WIDTH="20" VPOS="1740" HPOS="881"/>
							<String ID="string_333" HPOS="901" VPOS="1731" WIDTH="35" HEIGHT="28" WC="0.96" CONTENT="år"/><SP WIDTH="20" VPOS="1731" HPOS="936"/>
							<String ID="string_334" HPOS="956" VPOS="1728" WIDTH="80" HEIGHT="32" WC="0.96" CONTENT="1935"/><SP WIDTH="18" VPOS="1728" HPOS="1036"/>
							<String ID="string_335" HPOS="1054" VPOS="1729" WIDTH="117" HEIGHT="31" WC="0.96" CONTENT="visade"/><SP WIDTH="19" VPOS="1729" HPOS="1171"/>
							<String ID="string_336" HPOS="1190" VPOS="1729" WIDTH="57" HEIGHT="31" WC="0.96" CONTENT="det"/><SP WIDTH="20" VPOS="1729" HPOS="1247"/>
							<String ID="string_337" HPOS="1267" VPOS="1729" WIDTH="53" HEIGHT="41" WC="0.96" CONTENT="sig"/><SP WIDTH="18" VPOS="1729" HPOS="1320"/>
							<String ID="string_338" HPOS="1338" VPOS="1729" WIDTH="191" HEIGHT="31" WC="0.96" CONTENT="emellertid"/><SP WIDTH="18" VPOS="1729" HPOS="1529"/>
							<String ID="string_339" HPOS="1547" VPOS="1729" WIDTH="158" HEIGHT="41" WC="0.96" CONTENT="omöjligt"/><SP WIDTH="18" VPOS="1729" HPOS="1705"/>
							<String ID="string_340" HPOS="1723" VPOS="1731" WIDTH="49" HEIGHT="29" WC="0.96" CONTENT="att"/>
						</TextLine>
						<TextLine ID="line_35" HPOS="267" VPOS="1778" WIDTH="1506" HEIGHT="43">
							<String ID="string_341" HPOS="267" VPOS="1780" WIDTH="76" HEIGHT="31" WC="0.96" CONTENT="från"/><SP WIDTH="23" VPOS="1780" HPOS="343"/>
							<String ID="string_342" HPOS="366" VPOS="1779" WIDTH="157" HEIGHT="42" WC="0.93" CONTENT="bolagets"/><SP WIDTH="22" VPOS="1779" HPOS="523"/>
							<String ID="string_343" HPOS="545" VPOS="1778" WIDTH="289" HEIGHT="42" WC="0.91" CONTENT="inköpsområden"/><SP WIDTH="22" VPOS="1778" HPOS="834"/>
							<String ID="string_344" HPOS="856" VPOS="1779" WIDTH="97" HEIGHT="31" WC="0.96" CONTENT="täcka"/><SP WIDTH="22" VPOS="1779" HPOS="953"/>
							<String ID="string_345" HPOS="975" VPOS="1779" WIDTH="57" HEIGHT="31" WC="0.96" CONTENT="det"/><SP WIDTH="22" VPOS="1779" HPOS="1032"/>
							<String ID="string_346" HPOS="1054" VPOS="1779" WIDTH="234" HEIGHT="41" WC="0.95" CONTENT="föreliggande"/><SP WIDTH="23" VPOS="1779" HPOS="1288"/>
							<String ID="string_347" HPOS="1311" VPOS="1779" WIDTH="156" HEIGHT="31" WC="0.96" CONTENT="behovet."/><SP WIDTH="34" VPOS="1779" HPOS="1467"/>
							<String ID="string_348" HPOS="1501" VPOS="1780" WIDTH="69" HEIGHT="30" WC="0.96" CONTENT="För"/><SP WIDTH="22" VPOS="1780" HPOS="1570"/>
							<String ID="string_349" HPOS="1592" VPOS="1781" WIDTH="49" HEIGHT="29" WC="0.93" CONTENT="att"/><SP WIDTH="24" VPOS="1781" HPOS="1641"/>
							<String ID="string_350" HPOS="1665" VPOS="1779" WIDTH="108" HEIGHT="32" WC="0.92" CONTENT="säker-"/>
						</TextLine>
						<TextLine ID="line_36" HPOS="266" VPOS="1829" WIDTH="1506" HEIGHT="42">
							<String ID="string_351" HPOS="266" VPOS="1831" WIDTH="102" HEIGHT="31" WC="0.96" CONTENT="ställa"/><SP WIDTH="23" VPOS="1831" HPOS="368"/>
							<String ID="string_352" HPOS="391" VPOS="1831" WIDTH="128" HEIGHT="30" WC="0.96" CONTENT="driften"/><SP WIDTH="22" VPOS="1831" HPOS="519"/>
							<String ID="string_353" HPOS="541" VPOS="1830" WIDTH="88" HEIGHT="31" WC="0.96" CONTENT="hade"/><SP WIDTH="22" VPOS="1830" HPOS="629"/>
							<String ID="string_354" HPOS="651" VPOS="1829" WIDTH="137" HEIGHT="42" WC="0.96" CONTENT="bolaget"/><SP WIDTH="23" VPOS="1829" HPOS="788"/>
							<String ID="string_355" HPOS="811" VPOS="1830" WIDTH="116" HEIGHT="31" WC="0.93" CONTENT="därför"/><SP WIDTH="23" VPOS="1830" HPOS="927"/>
							<String ID="string_356" HPOS="950" VPOS="1830" WIDTH="145" HEIGHT="41" WC="0.91" CONTENT="nödgats"/><SP WIDTH="23" VPOS="1830" HPOS="1095"/>
							<String ID="string_357" HPOS="1118" VPOS="1832" WIDTH="75" HEIGHT="29" WC="0.95" CONTENT="rent"/><SP WIDTH="22" VPOS="1832" HPOS="1193"/>
							<String ID="string_358" HPOS="1215" VPOS="1830" WIDTH="169" HEIGHT="41" WC="0.95" CONTENT="tillfälligt"/><SP WIDTH="23" VPOS="1830" HPOS="1384"/>
							<String ID="string_359" HPOS="1407" VPOS="1830" WIDTH="184" HEIGHT="41" WC="0.93" CONTENT="importera"/><SP WIDTH="23" VPOS="1830" HPOS="1591"/>
							<String ID="string_360" HPOS="1614" VPOS="1841" WIDTH="158" HEIGHT="30" WC="0.91" CONTENT="pappers-"/>
						</TextLine>
						<TextLine ID="line_37" HPOS="268" VPOS="1880" WIDTH="1504" HEIGHT="38">
							<String ID="string_361" HPOS="268" VPOS="1882" WIDTH="65" HEIGHT="31" WC="0.96" CONTENT="ved"/><SP WIDTH="27" VPOS="1882" HPOS="333"/>
							<String ID="string_362" HPOS="360" VPOS="1882" WIDTH="55" HEIGHT="30" WC="0.96" CONTENT="till"/><SP WIDTH="28" VPOS="1882" HPOS="415"/>
							<String ID="string_363" HPOS="443" VPOS="1892" WIDTH="42" HEIGHT="20" WC="0.96" CONTENT="en"/><SP WIDTH="27" VPOS="1892" HPOS="485"/>
							<String ID="string_364" HPOS="512" VPOS="1880" WIDTH="169" HEIGHT="32" WC="0.96" CONTENT="kvantitet"/><SP WIDTH="26" VPOS="1880" HPOS="681"/>
							<String ID="string_365" HPOS="707" VPOS="1891" WIDTH="42" HEIGHT="20" WC="0.92" CONTENT="av"/><SP WIDTH="26" VPOS="1891" HPOS="749"/>
							<String ID="string_366" HPOS="775" VPOS="1880" WIDTH="114" HEIGHT="38" WC="0.89" CONTENT="25,000"/><SP WIDTH="26" VPOS="1880" HPOS="889"/>
							<String ID="string_367" HPOS="915" VPOS="1880" WIDTH="79" HEIGHT="32" WC="0.91" CONTENT="kbm"/><SP WIDTH="27" VPOS="1880" HPOS="994"/>
							<String ID="string_368" HPOS="1021" VPOS="1881" WIDTH="68" HEIGHT="31" WC="0.96" CONTENT="löst"/><SP WIDTH="27" VPOS="1881" HPOS="1089"/>
							<String ID="string_369" HPOS="1116" VPOS="1883" WIDTH="93" HEIGHT="35" WC="0.96" CONTENT="mått,"/><SP WIDTH="29" VPOS="1883" HPOS="1209"/>
							<String ID="string_370" HPOS="1238" VPOS="1881" WIDTH="237" HEIGHT="31" WC="0.96" CONTENT="motsvarande"/><SP WIDTH="27" VPOS="1881" HPOS="1475"/>
							<String ID="string_371" HPOS="1502" VPOS="1880" WIDTH="133" HEIGHT="31" WC="0.96" CONTENT="mindre"/><SP WIDTH="28" VPOS="1880" HPOS="1635"/>
							<String ID="string_372" HPOS="1663" VPOS="1882" WIDTH="42" HEIGHT="29" WC="0.96" CONTENT="än"/><SP WIDTH="29" VPOS="1882" HPOS="1705"/>
							<String ID="string_373" HPOS="1734" VPOS="1881" WIDTH="38" HEIGHT="30" WC="0.96" CONTENT="10"/>
						</TextLine>
						<TextLine ID="line_38" HPOS="269" VPOS="1931" WIDTH="1504" HEIGHT="43">
							<String ID="string_374" HPOS="269" VPOS="1934" WIDTH="141" HEIGHT="40" WC="0.96" CONTENT="procent"/><SP WIDTH="28" VPOS="1934" HPOS="410"/>
							<String ID="string_375" HPOS="438" VPOS="1943" WIDTH="40" HEIGHT="20" WC="0.96" CONTENT="av"/><SP WIDTH="27" VPOS="1943" HPOS="478"/>
							<String ID="string_376" HPOS="505" VPOS="1932" WIDTH="156" HEIGHT="41" WC="0.93" CONTENT="bolagets"/><SP WIDTH="28" VPOS="1932" HPOS="661"/>
							<String ID="string_377" HPOS="689" VPOS="1931" WIDTH="278" HEIGHT="42" WC="0.92" CONTENT="totalinmätning"/><SP WIDTH="27" VPOS="1931" HPOS="967"/>
							<String ID="string_378" HPOS="994" VPOS="1932" WIDTH="53" HEIGHT="30" WC="0.96" CONTENT="för"/><SP WIDTH="27" VPOS="1932" HPOS="1047"/>
							<String ID="string_379" HPOS="1074" VPOS="1933" WIDTH="72" HEIGHT="29" WC="0.96" CONTENT="året"/><SP WIDTH="26" VPOS="1933" HPOS="1146"/>
							<String ID="string_380" HPOS="1172" VPOS="1942" WIDTH="41" HEIGHT="20" WC="0.96" CONTENT="av"/><SP WIDTH="28" VPOS="1942" HPOS="1213"/>
							<String ID="string_381" HPOS="1241" VPOS="1931" WIDTH="106" HEIGHT="31" WC="0.96" CONTENT="sådan"/><SP WIDTH="27" VPOS="1931" HPOS="1347"/>
							<String ID="string_382" HPOS="1374" VPOS="1931" WIDTH="73" HEIGHT="31" WC="0.96" CONTENT="ved."/><SP WIDTH="39" VPOS="1931" HPOS="1447"/>
							<String ID="string_383" HPOS="1486" VPOS="1931" WIDTH="77" HEIGHT="31" WC="0.95" CONTENT="Den"/><SP WIDTH="28" VPOS="1931" HPOS="1563"/>
							<String ID="string_384" HPOS="1591" VPOS="1931" WIDTH="182" HEIGHT="31" WC="0.96" CONTENT="utländska"/>
						</TextLine>
						<TextLine ID="line_39" HPOS="267" VPOS="1982" WIDTH="1101" HEIGHT="42">
							<String ID="string_385" HPOS="267" VPOS="1983" WIDTH="260" HEIGHT="41" WC="0.92" CONTENT="pappersveden"/><SP WIDTH="21" VPOS="1983" HPOS="527"/>
							<String ID="string_386" HPOS="548" VPOS="1982" WIDTH="89" HEIGHT="31" WC="0.93" CONTENT="hade"/><SP WIDTH="24" VPOS="1982" HPOS="637"/>
							<String ID="string_387" HPOS="661" VPOS="1982" WIDTH="153" HEIGHT="41" WC="0.91" CONTENT="betingat"/><SP WIDTH="22" VPOS="1982" HPOS="814"/>
							<String ID="string_388" HPOS="836" VPOS="1982" WIDTH="105" HEIGHT="41" WC="0.96" CONTENT="högre"/><SP WIDTH="23" VPOS="1982" HPOS="941"/>
							<String ID="string_389" HPOS="964" VPOS="1982" WIDTH="71" HEIGHT="41" WC="0.96" CONTENT="pris"/><SP WIDTH="24" VPOS="1982" HPOS="1035"/>
							<String ID="string_390" HPOS="1059" VPOS="1984" WIDTH="43" HEIGHT="29" WC="0.96" CONTENT="än"/><SP WIDTH="23" VPOS="1984" HPOS="1102"/>
							<String ID="string_391" HPOS="1125" VPOS="1982" WIDTH="66" HEIGHT="31" WC="0.96" CONTENT="den"/><SP WIDTH="24" VPOS="1982" HPOS="1191"/>
							<String ID="string_392" HPOS="1215" VPOS="1982" WIDTH="153" HEIGHT="31" WC="0.96" CONTENT="svenska."/>
						</TextLine>
					</TextBlock>
					<TextBlock ID="block_14" HPOS="267" VPOS="2031" WIDTH="1507" HEIGHT="500">
						<TextLine ID="line_40" HPOS="320" VPOS="2031" WIDTH="1453" HEIGHT="43">
							<String ID="string_393" HPOS="320" VPOS="2033" WIDTH="379" HEIGHT="41" WC="0.95" CONTENT="Kommerskollegium,"/><SP WIDTH="35" VPOS="2033" HPOS="699"/>
							<String ID="string_394" HPOS="734" VPOS="2043" WIDTH="73" HEIGHT="20" WC="0.96" CONTENT="som"/><SP WIDTH="35" VPOS="2043" HPOS="807"/>
							<String ID="string_395" HPOS="842" VPOS="2032" WIDTH="125" HEIGHT="31" WC="0.95" CONTENT="hördes"/><SP WIDTH="35" VPOS="2032" HPOS="967"/>
							<String ID="string_396" HPOS="1002" VPOS="2032" WIDTH="12" HEIGHT="30" WC="0.95" CONTENT="i"/><SP WIDTH="35" VPOS="2032" HPOS="1014"/>
							<String ID="string_397" HPOS="1049" VPOS="2032" WIDTH="149" HEIGHT="37" WC="0.93" CONTENT="ärendet,"/><SP WIDTH="27" VPOS="2032" HPOS="1198"/>
							<String ID="string_398" HPOS="1225" VPOS="2032" WIDTH="155" HEIGHT="31" WC="0.91" CONTENT="erinrade"/><SP WIDTH="25" VPOS="2032" HPOS="1380"/>
							<String ID="string_399" HPOS="1405" VPOS="2031" WIDTH="11" HEIGHT="30" WC="0.96" CONTENT="i"/><SP WIDTH="26" VPOS="2031" HPOS="1416"/>
							<String ID="string_400" HPOS="1442" VPOS="2031" WIDTH="175" HEIGHT="31" WC="0.96" CONTENT="utlåtande"/><SP WIDTH="26" VPOS="2031" HPOS="1617"/>
							<String ID="string_401" HPOS="1643" VPOS="2031" WIDTH="66" HEIGHT="31" WC="0.96" CONTENT="den"/><SP WIDTH="25" VPOS="2031" HPOS="1709"/>
							<String ID="string_402" HPOS="1734" VPOS="2031" WIDTH="39" HEIGHT="30" WC="0.96" CONTENT="24"/>
						</TextLine>
						<TextLine ID="line_41" HPOS="267" VPOS="2082" WIDTH="1506" HEIGHT="44">
							<String ID="string_403" HPOS="267" VPOS="2085" WIDTH="135" HEIGHT="41" WC="0.96" CONTENT="januari"/><SP WIDTH="22" VPOS="2085" HPOS="402"/>
							<String ID="string_404" HPOS="424" VPOS="2085" WIDTH="89" HEIGHT="37" WC="0.96" CONTENT="1936,"/><SP WIDTH="22" VPOS="2085" HPOS="513"/>
							<String ID="string_405" HPOS="535" VPOS="2086" WIDTH="50" HEIGHT="29" WC="0.96" CONTENT="att"/><SP WIDTH="21" VPOS="2086" HPOS="585"/>
							<String ID="string_406" HPOS="606" VPOS="2084" WIDTH="94" HEIGHT="31" WC="0.96" CONTENT="såväl"/><SP WIDTH="22" VPOS="2084" HPOS="700"/>
							<String ID="string_407" HPOS="722" VPOS="2084" WIDTH="78" HEIGHT="30" WC="0.96" CONTENT="1931"/><SP WIDTH="23" VPOS="2084" HPOS="800"/>
							<String ID="string_408" HPOS="823" VPOS="2085" WIDTH="54" HEIGHT="29" WC="0.93" CONTENT="års"/><SP WIDTH="21" VPOS="2085" HPOS="877"/>
							<String ID="string_409" HPOS="898" VPOS="2083" WIDTH="316" HEIGHT="41" WC="0.91" CONTENT="skogssakkunniga"/><SP WIDTH="21" VPOS="2083" HPOS="1214"/>
							<String ID="string_410" HPOS="1235" VPOS="2094" WIDTH="73" HEIGHT="20" WC="0.96" CONTENT="som"/><SP WIDTH="23" VPOS="2094" HPOS="1308"/>
							<String ID="string_411" HPOS="1331" VPOS="2082" WIDTH="80" HEIGHT="31" WC="0.96" CONTENT="1933"/><SP WIDTH="22" VPOS="2082" HPOS="1411"/>
							<String ID="string_412" HPOS="1433" VPOS="2084" WIDTH="53" HEIGHT="29" WC="0.93" CONTENT="års"/><SP WIDTH="22" VPOS="2084" HPOS="1486"/>
							<String ID="string_413" HPOS="1508" VPOS="2082" WIDTH="265" HEIGHT="41" WC="0.91" CONTENT="skogsindustri-"/>
						</TextLine>
						<TextLine ID="line_42" HPOS="268" VPOS="2132" WIDTH="1505" HEIGHT="44">
							<String ID="string_414" HPOS="268" VPOS="2135" WIDTH="212" HEIGHT="41" WC="0.96" CONTENT="sakkunniga"/><SP WIDTH="19" VPOS="2135" HPOS="480"/>
							<String ID="string_415" HPOS="499" VPOS="2135" WIDTH="11" HEIGHT="30" WC="0.96" CONTENT="i"/><SP WIDTH="19" VPOS="2135" HPOS="510"/>
							<String ID="string_416" HPOS="529" VPOS="2135" WIDTH="145" HEIGHT="41" WC="0.96" CONTENT="avgivna"/><SP WIDTH="16" VPOS="2135" HPOS="674"/>
							<String ID="string_417" HPOS="690" VPOS="2134" WIDTH="239" HEIGHT="32" WC="0.96" CONTENT="betänkanden"/><SP WIDTH="23" VPOS="2134" HPOS="929"/>
							<String ID="string_418" HPOS="952" VPOS="2134" WIDTH="153" HEIGHT="41" WC="0.96" CONTENT="(Statens"/><SP WIDTH="20" VPOS="2134" HPOS="1105"/>
							<String ID="string_419" HPOS="1125" VPOS="2134" WIDTH="181" HEIGHT="41" WC="0.95" CONTENT="offentliga"/><SP WIDTH="19" VPOS="2134" HPOS="1306"/>
							<String ID="string_420" HPOS="1325" VPOS="2133" WIDTH="221" HEIGHT="42" WC="0.95" CONTENT="utredningar"/><SP WIDTH="20" VPOS="2133" HPOS="1546"/>
							<String ID="string_421" HPOS="1566" VPOS="2133" WIDTH="92" HEIGHT="31" WC="0.11" CONTENT="1933:"/><SP WIDTH="15" VPOS="2133" HPOS="1658"/>
							<String ID="string_422" HPOS="1673" VPOS="2133" WIDTH="19" HEIGHT="30" WC="0.11" CONTENT="2"/><SP WIDTH="19" VPOS="2133" HPOS="1692"/>
							<String ID="string_423" HPOS="1711" VPOS="2132" WIDTH="62" HEIGHT="31" WC="0.96" CONTENT="och"/>
						</TextLine>
						<TextLine ID="line_43" HPOS="270" VPOS="2184" WIDTH="1503" HEIGHT="43">
							<String ID="string_424" HPOS="270" VPOS="2186" WIDTH="91" HEIGHT="31" WC="0.96" CONTENT="1935:"/><SP WIDTH="15" VPOS="2186" HPOS="361"/>
							<String ID="string_425" HPOS="376" VPOS="2186" WIDTH="53" HEIGHT="41" WC="0.96" CONTENT="36)"/><SP WIDTH="29" VPOS="2186" HPOS="429"/>
							<String ID="string_426" HPOS="458" VPOS="2186" WIDTH="115" HEIGHT="31" WC="0.96" CONTENT="berört"/><SP WIDTH="25" VPOS="2186" HPOS="573"/>
							<String ID="string_427" HPOS="598" VPOS="2186" WIDTH="119" HEIGHT="41" WC="0.96" CONTENT="frågan"/><SP WIDTH="25" VPOS="2186" HPOS="717"/>
							<String ID="string_428" HPOS="742" VPOS="2196" WIDTH="54" HEIGHT="20" WC="0.93" CONTENT="om"/><SP WIDTH="24" VPOS="2196" HPOS="796"/>
							<String ID="string_429" HPOS="820" VPOS="2185" WIDTH="293" HEIGHT="41" WC="0.90" CONTENT="virkesimporten,"/><SP WIDTH="27" VPOS="2185" HPOS="1113"/>
							<String ID="string_430" HPOS="1140" VPOS="2185" WIDTH="85" HEIGHT="31" WC="0.96" CONTENT="dock"/><SP WIDTH="25" VPOS="2185" HPOS="1225"/>
							<String ID="string_431" HPOS="1250" VPOS="2187" WIDTH="81" HEIGHT="29" WC="0.96" CONTENT="utan"/><SP WIDTH="25" VPOS="2187" HPOS="1331"/>
							<String ID="string_432" HPOS="1356" VPOS="2186" WIDTH="50" HEIGHT="29" WC="0.93" CONTENT="att"/><SP WIDTH="24" VPOS="2186" HPOS="1406"/>
							<String ID="string_433" HPOS="1430" VPOS="2184" WIDTH="126" HEIGHT="41" WC="0.91" CONTENT="påyrka"/><SP WIDTH="24" VPOS="2184" HPOS="1556"/>
							<String ID="string_434" HPOS="1580" VPOS="2186" WIDTH="105" HEIGHT="39" WC="0.93" CONTENT="några"/><SP WIDTH="24" VPOS="2186" HPOS="1685"/>
							<String ID="string_435" HPOS="1709" VPOS="2185" WIDTH="64" HEIGHT="29" WC="0.92" CONTENT="sär-"/>
						</TextLine>
						<TextLine ID="line_44" HPOS="267" VPOS="2234" WIDTH="1507" HEIGHT="44">
							<String ID="string_436" HPOS="267" VPOS="2238" WIDTH="114" HEIGHT="31" WC="0.96" CONTENT="skilda"/><SP WIDTH="14" VPOS="2238" HPOS="381"/>
							<String ID="string_437" HPOS="395" VPOS="2237" WIDTH="156" HEIGHT="41" WC="0.96" CONTENT="åtgärder"/><SP WIDTH="16" VPOS="2237" HPOS="551"/>
							<String ID="string_438" HPOS="567" VPOS="2237" WIDTH="161" HEIGHT="31" WC="0.95" CONTENT="däremot."/><SP WIDTH="17" VPOS="2237" HPOS="728"/>
							<String ID="string_439" HPOS="745" VPOS="2236" WIDTH="119" HEIGHT="41" WC="0.96" CONTENT="Enligt"/><SP WIDTH="17" VPOS="2236" HPOS="864"/>
							<String ID="string_440" HPOS="881" VPOS="2237" WIDTH="80" HEIGHT="30" WC="0.96" CONTENT="1933"/><SP WIDTH="15" VPOS="2237" HPOS="961"/>
							<String ID="string_441" HPOS="976" VPOS="2238" WIDTH="53" HEIGHT="29" WC="0.93" CONTENT="års"/><SP WIDTH="17" VPOS="2238" HPOS="1029"/>
							<String ID="string_442" HPOS="1046" VPOS="2235" WIDTH="486" HEIGHT="42" WC="0.90" CONTENT="skogsindustrisakkunnigas"/><SP WIDTH="14" VPOS="2235" HPOS="1532"/>
							<String ID="string_443" HPOS="1546" VPOS="2234" WIDTH="228" HEIGHT="41" WC="0.96" CONTENT="beräkningar"/>
						</TextLine>
						<TextLine ID="line_45" HPOS="267" VPOS="2285" WIDTH="1507" HEIGHT="44">
							<String ID="string_444" HPOS="267" VPOS="2288" WIDTH="89" HEIGHT="31" WC="0.96" CONTENT="hade"/><SP WIDTH="21" VPOS="2288" HPOS="356"/>
							<String ID="string_445" HPOS="377" VPOS="2289" WIDTH="169" HEIGHT="40" WC="0.96" CONTENT="importen"/><SP WIDTH="22" VPOS="2289" HPOS="546"/>
							<String ID="string_446" HPOS="568" VPOS="2299" WIDTH="41" HEIGHT="19" WC="0.93" CONTENT="av"/><SP WIDTH="20" VPOS="2299" HPOS="609"/>
							<String ID="string_447" HPOS="629" VPOS="2287" WIDTH="182" HEIGHT="31" WC="0.92" CONTENT="rundvirke"/><SP WIDTH="20" VPOS="2287" HPOS="811"/>
							<String ID="string_448" HPOS="831" VPOS="2307" WIDTH="43" HEIGHT="3" WC="0.92" CONTENT="—"/><SP WIDTH="20" VPOS="2307" HPOS="874"/>
							<String ID="string_449" HPOS="894" VPOS="2287" WIDTH="11" HEIGHT="31" WC="0.96" CONTENT="i"/><SP WIDTH="20" VPOS="2287" HPOS="905"/>
							<String ID="string_450" HPOS="925" VPOS="2287" WIDTH="179" HEIGHT="31" WC="0.96" CONTENT="huvudsak"/><SP WIDTH="21" VPOS="2287" HPOS="1104"/>
							<String ID="string_451" HPOS="1125" VPOS="2287" WIDTH="75" HEIGHT="30" WC="0.96" CONTENT="från"/><SP WIDTH="20" VPOS="2287" HPOS="1200"/>
							<String ID="string_452" HPOS="1220" VPOS="2286" WIDTH="114" HEIGHT="41" WC="0.92" CONTENT="Norge"/><SP WIDTH="27" VPOS="2286" HPOS="1334"/>
							<String ID="string_453" HPOS="1361" VPOS="2285" WIDTH="201" HEIGHT="42" WC="0.92" CONTENT="(flottledes)"/><SP WIDTH="28" VPOS="2285" HPOS="1562"/>
							<String ID="string_454" HPOS="1590" VPOS="2288" WIDTH="87" HEIGHT="28" WC="0.96" CONTENT="samt"/><SP WIDTH="22" VPOS="2288" HPOS="1677"/>
							<String ID="string_455" HPOS="1699" VPOS="2285" WIDTH="75" HEIGHT="30" WC="0.96" CONTENT="från"/>
						</TextLine>
						<TextLine ID="line_46" HPOS="268" VPOS="2336" WIDTH="1506" HEIGHT="43">
							<String ID="string_456" HPOS="268" VPOS="2339" WIDTH="150" HEIGHT="31" WC="0.96" CONTENT="Finland"/><SP WIDTH="24" VPOS="2339" HPOS="418"/>
							<String ID="string_457" HPOS="442" VPOS="2339" WIDTH="62" HEIGHT="31" WC="0.96" CONTENT="och"/><SP WIDTH="26" VPOS="2339" HPOS="504"/>
							<String ID="string_458" HPOS="530" VPOS="2338" WIDTH="272" HEIGHT="41" WC="0.93" CONTENT="Sovjetunionen"/><SP WIDTH="23" VPOS="2338" HPOS="802"/>
							<String ID="string_459" HPOS="825" VPOS="2357" WIDTH="43" HEIGHT="3" WC="0.91" CONTENT="—"/><SP WIDTH="23" VPOS="2357" HPOS="868"/>
							<String ID="string_460" HPOS="891" VPOS="2338" WIDTH="107" HEIGHT="31" WC="0.96" CONTENT="under"/><SP WIDTH="24" VPOS="2338" HPOS="998"/>
							<String ID="string_461" HPOS="1022" VPOS="2340" WIDTH="81" HEIGHT="29" WC="0.93" CONTENT="åren"/><SP WIDTH="25" VPOS="2340" HPOS="1103"/>
							<String ID="string_462" HPOS="1128" VPOS="2337" WIDTH="207" HEIGHT="31" WC="0.88" CONTENT="1928—1932"/><SP WIDTH="25" VPOS="2337" HPOS="1335"/>
							<String ID="string_463" HPOS="1360" VPOS="2336" WIDTH="73" HEIGHT="32" WC="0.96" CONTENT="icke"/><SP WIDTH="25" VPOS="2336" HPOS="1433"/>
							<String ID="string_464" HPOS="1458" VPOS="2338" WIDTH="143" HEIGHT="39" WC="0.96" CONTENT="uppgått"/><SP WIDTH="25" VPOS="2338" HPOS="1601"/>
							<String ID="string_465" HPOS="1626" VPOS="2336" WIDTH="54" HEIGHT="31" WC="0.96" CONTENT="till"/><SP WIDTH="24" VPOS="2336" HPOS="1680"/>
							<String ID="string_466" HPOS="1704" VPOS="2346" WIDTH="70" HEIGHT="20" WC="0.96" CONTENT="mer"/>
						</TextLine>
						<TextLine ID="line_47" HPOS="270" VPOS="2386" WIDTH="1504" HEIGHT="45">
							<String ID="string_467" HPOS="270" VPOS="2391" WIDTH="42" HEIGHT="29" WC="0.96" CONTENT="än"/><SP WIDTH="23" VPOS="2391" HPOS="312"/>
							<String ID="string_468" HPOS="335" VPOS="2390" WIDTH="67" HEIGHT="30" WC="0.96" CONTENT="1.27"/><SP WIDTH="24" VPOS="2390" HPOS="402"/>
							<String ID="string_469" HPOS="426" VPOS="2391" WIDTH="140" HEIGHT="40" WC="0.96" CONTENT="procent"/><SP WIDTH="22" VPOS="2391" HPOS="566"/>
							<String ID="string_470" HPOS="588" VPOS="2400" WIDTH="41" HEIGHT="20" WC="0.96" CONTENT="av"/><SP WIDTH="21" VPOS="2400" HPOS="629"/>
							<String ID="string_471" HPOS="650" VPOS="2389" WIDTH="65" HEIGHT="31" WC="0.97" CONTENT="den"/><SP WIDTH="21" VPOS="2389" HPOS="715"/>
							<String ID="string_472" HPOS="736" VPOS="2389" WIDTH="106" HEIGHT="31" WC="0.93" CONTENT="totala"/><SP WIDTH="21" VPOS="2389" HPOS="842"/>
							<String ID="string_473" HPOS="863" VPOS="2388" WIDTH="348" HEIGHT="41" WC="0.91" CONTENT="nettoavverkningen"/><SP WIDTH="22" VPOS="2388" HPOS="1211"/>
							<String ID="string_474" HPOS="1233" VPOS="2388" WIDTH="63" HEIGHT="31" WC="0.95" CONTENT="och"/><SP WIDTH="21" VPOS="2388" HPOS="1296"/>
							<String ID="string_475" HPOS="1317" VPOS="2388" WIDTH="54" HEIGHT="30" WC="0.95" CONTENT="till"/><SP WIDTH="23" VPOS="2388" HPOS="1371"/>
							<String ID="string_476" HPOS="1394" VPOS="2388" WIDTH="66" HEIGHT="30" WC="0.94" CONTENT="1.31"/><SP WIDTH="24" VPOS="2388" HPOS="1460"/>
							<String ID="string_477" HPOS="1484" VPOS="2389" WIDTH="142" HEIGHT="38" WC="0.96" CONTENT="procent"/><SP WIDTH="21" VPOS="2389" HPOS="1626"/>
							<String ID="string_478" HPOS="1647" VPOS="2398" WIDTH="40" HEIGHT="20" WC="0.95" CONTENT="av"/><SP WIDTH="22" VPOS="2398" HPOS="1687"/>
							<String ID="string_479" HPOS="1709" VPOS="2386" WIDTH="65" HEIGHT="30" WC="0.97" CONTENT="den"/>
						</TextLine>
						<TextLine ID="line_48" HPOS="269" VPOS="2436" WIDTH="1505" HEIGHT="44">
							<String ID="string_480" HPOS="269" VPOS="2440" WIDTH="193" HEIGHT="31" WC="0.96" CONTENT="beräknade"/><SP WIDTH="40" VPOS="2440" HPOS="462"/>
							<String ID="string_481" HPOS="502" VPOS="2439" WIDTH="217" HEIGHT="32" WC="0.95" CONTENT="industriella"/><SP WIDTH="39" VPOS="2439" HPOS="719"/>
							<String ID="string_482" HPOS="758" VPOS="2439" WIDTH="264" HEIGHT="31" WC="0.96" CONTENT="konsumtionen"/><SP WIDTH="39" VPOS="2439" HPOS="1022"/>
							<String ID="string_483" HPOS="1061" VPOS="2450" WIDTH="40" HEIGHT="20" WC="0.91" CONTENT="av"/><SP WIDTH="40" VPOS="2450" HPOS="1101"/>
							<String ID="string_484" HPOS="1141" VPOS="2439" WIDTH="197" HEIGHT="41" WC="0.91" CONTENT="sågtimmer"/><SP WIDTH="29" VPOS="2439" HPOS="1338"/>
							<String ID="string_485" HPOS="1367" VPOS="2438" WIDTH="63" HEIGHT="30" WC="0.95" CONTENT="och"/><SP WIDTH="29" VPOS="2438" HPOS="1430"/>
							<String ID="string_486" HPOS="1459" VPOS="2437" WIDTH="179" HEIGHT="31" WC="0.95" CONTENT="massaved"/><SP WIDTH="29" VPOS="2437" HPOS="1638"/>
							<String ID="string_487" HPOS="1667" VPOS="2436" WIDTH="107" HEIGHT="31" WC="0.95" CONTENT="under"/>
						</TextLine>
						<TextLine ID="line_49" HPOS="268" VPOS="2486" WIDTH="1506" HEIGHT="45">
							<String ID="string_488" HPOS="268" VPOS="2502" WIDTH="129" HEIGHT="19" WC="0.96" CONTENT="samma"/><SP WIDTH="24" VPOS="2502" HPOS="397"/>
							<String ID="string_489" HPOS="421" VPOS="2493" WIDTH="43" HEIGHT="28" WC="0.94" CONTENT="år."/><SP WIDTH="36" VPOS="2493" HPOS="464"/>
							<String ID="string_490" HPOS="500" VPOS="2491" WIDTH="76" HEIGHT="30" WC="0.95" CONTENT="Vad"/><SP WIDTH="24" VPOS="2491" HPOS="576"/>
							<String ID="string_491" HPOS="600" VPOS="2490" WIDTH="139" HEIGHT="31" WC="0.93" CONTENT="särskilt"/><SP WIDTH="23" VPOS="2490" HPOS="739"/>
							<String ID="string_492" HPOS="762" VPOS="2490" WIDTH="258" HEIGHT="41" WC="0.91" CONTENT="pappersveden"/><SP WIDTH="24" VPOS="2490" HPOS="1020"/>
							<String ID="string_493" HPOS="1044" VPOS="2489" WIDTH="145" HEIGHT="41" WC="0.92" CONTENT="anginge"/><SP WIDTH="25" VPOS="2489" HPOS="1189"/>
							<String ID="string_494" HPOS="1214" VPOS="2489" WIDTH="93" HEIGHT="41" WC="0.96" CONTENT="finge"/><SP WIDTH="25" VPOS="2489" HPOS="1307"/>
							<String ID="string_495" HPOS="1332" VPOS="2488" WIDTH="107" HEIGHT="41" WC="0.93" CONTENT="enligt"/><SP WIDTH="24" VPOS="2488" HPOS="1439"/>
							<String ID="string_496" HPOS="1463" VPOS="2486" WIDTH="311" HEIGHT="41" WC="0.91" CONTENT="kommerskollegii"/>
						</TextLine>
					</TextBlock>
				</ComposedBlock>
			</PrintSpace>
		</Page>
	</Layout>
</alto>
