2228 2642
398 218 37 29 12
861 224 363 33 Konstitutionsutskottets
1254 229 152 30 Utlåtande
1430 232 56 28 N:o
1509 233 27 27 6.

395 295 80 36 skäl
501 295 57 38 för
584 298 56 35 sin
668 298 233 38 vördsamma
928 302 217 38 hemställan
1172 304 183 47 framhöll,
1382 312 55 31 att
1464 307 69 38 den
1552 308 41 37 af
1607 309 276 50 fyringeniören
1907 312 92 38 före-

394 346 129 48 slagna
549 349 247 46 provisoriska
822 352 255 47 anordningen
1104 355 59 35 till
1191 369 44 22 en
1262 357 157 36 kostnad
1447 358 41 36 af
1512 360 101 36 cirka
1635 363 129 42 13,000
1784 363 138 36 kronor
1939 365 59 35 till

395 397 94 36 allra
515 404 132 30 största
674 399 106 37 delen
807 401 109 37 äfven
944 404 118 36 skulle
1088 405 150 37 komma
1265 413 53 30 att
1343 408 87 48 ingå
1457 410 10 34 i
1496 410 68 36 den
1593 410 42 36 af
1658 412 250 49 lotsstyrelsen
1927 414 71 36 för-

395 447 138 37 ordade
560 449 201 45 dyrbarare
788 453 281 48 anläggningen.
1118 456 81 37 Den
1227 458 53 35 uti
1307 458 241 38 förenämnda
1575 461 190 38 skrifvelse
1791 464 206 47 åberopade

394 496 70 37 och
504 499 215 38 densamma
757 503 12 35 i
804 502 148 38 afskrift
984 506 148 45 bilagda
1160 507 369 40 öfverenskommelse
1555 525 61 23 om
1643 515 189 36 samtrafik
1859 517 137 35 mellan

394 547 45 37 de
479 549 94 37 båda
612 552 160 47 bolagen
808 567 66 22 var
909 556 185 46 uppgjord
1131 559 74 34 dels
1238 559 116 36 under
1380 560 266 50 förutsättning
1672 564 41 35 af
1736 565 261 47 medgifvande

392 597 84 38 från
503 601 120 35 finska
649 608 167 31 senatens
835 604 79 36 sida
933 612 55 29 att
1004 607 173 45 gällande
1201 610 175 35 kontrakt
1395 613 157 35 emellan
1572 619 150 31 senaten
1742 616 67 35 och
1829 616 168 47 ängbåts-

392 649 148 47 bolaget
577 652 81 36 icke
697 653 83 36 lade
819 655 132 37 hinder
985 657 10 35 i
1027 664 127 41 vägen,
1183 660 73 35 dels
1283 661 118 36 under
1428 663 121 35 vilkor
1576 663 40 36 af
1640 671 55 29 att
1720 665 165 38 farleden
1913 668 81 36 från

392 699 221 39 hafsbandet
647 704 58 34 till
742 703 253 49 Saltsjöbaden
1032 708 119 37 blefve
1179 710 339 39 tillfredsställande
1545 716 196 45 utprickad
1769 717 68 36 och
1864 718 130 49 belyst.

492 751 82 37 Med
621 753 259 39 återställande
925 757 41 35 af
1005 760 237 36 remissakten
1287 761 274 39 öfverlemnade
1605 762 389 56 kommerskollegium

386 801 138 46 jemväl
551 802 241 39 förenämnda
817 805 83 37 från
923 808 423 51 jernvägsaktiebolaget
1372 808 251 59 Stockholm—
1639 808 158 59 Saltsjön
1816 819 178 36 inkomna

390 851 191 38 skrifvelse
619 855 121 36 tillika
779 857 82 35 med
902 858 124 37 dertill
1062 860 165 38 hörande
1262 863 341 38 kontraktsafskrift
1635 873 95 30 samt
1756 868 153 38 anförde
1936 870 58 37 för

391 915 91 33 egen
521 903 58 37 del
615 905 11 35 i
654 906 297 47 underdånighet
977 910 69 35 den
1079 914 41 33 19
1150 913 163 46 oktober,
1341 919 55 31 att
1422 916 211 48 kollegium,
1662 931 78 23 som
1767 925 144 42 antoge,
1939 927 54 30 att

390 952 81 37 dess
511 954 191 38 utlåtande
740 957 181 46 påkallats
957 960 153 37 allenast
1146 963 121 36 såvidt
1300 965 152 37 ärendet
1486 967 107 36 rörde
1621 968 179 37 handelns
1828 971 69 35 och
1925 972 68 47 sjö-

388 1002 139 38 fartens
553 1006 190 46 intressen,
770 1021 44 23 ur
841 1011 236 46 synpunkten
1106 1012 108 37 deraf
1237 1014 132 46 ansåge
1396 1016 62 36 det
1484 1031 88 22 vara
1591 1020 217 45 uppenbart,
1832 1026 54 30 att
1905 1029 88 40 öpp-

388 1054 139 36 nandet
565 1055 58 37 för
663 1058 137 36 allmän
839 1061 111 35 trafik
987 1061 39 36 af
1058 1062 71 36 den
1164 1063 215 49 ifrågasatta
1410 1067 255 49 inloppsleden
1692 1071 56 35 till
1775 1070 214 38 Stockholm

388 1105 120 36 skulle
547 1107 127 36 kunna
713 1109 114 36 blifva
866 1112 59 34 till
962 1111 185 38 afsevärdt
1183 1128 97 34 gagn
1307 1115 58 37 för
1392 1119 155 35 trafiken
1577 1120 30 47 ej
1637 1121 97 35 blott
1760 1121 45 48 på
1832 1122 158 37 Finland

388 1160 90 31 utan
518 1156 106 38 äfven
665 1158 47 48 på
751 1158 161 38 Gotland
954 1163 67 35 och
1061 1164 117 36 andra
1217 1171 105 40 orter,
1362 1167 176 38 hvarmed
1575 1171 222 37 vintertiden
1830 1173 161 47 sjöfarts-

387 1204 244 40 förbindelser
670 1209 84 36 med
794 1209 217 40 Stockholm
1046 1214 125 37 kunde
1207 1229 66 33 ega
1303 1230 97 32 rum;
1429 1220 69 35 och
1526 1227 123 41 syntes
1678 1222 200 48 kollegium
1906 1225 84 36 med

386 1256 170 38 afseende
582 1258 21 36 å
629 1260 201 37 innehållet
856 1261 42 37 af
921 1264 246 47 nyssberörda
1194 1267 106 36 skrift
1323 1267 82 37 från
1421 1270 423 49 jernvägsaktiebolaget
1864 1273 126 38 Stock-

386 1307 140 36 holm—
537 1307 165 49 Saltsjön
742 1311 61 36 det
842 1326 89 23 vara
971 1316 171 45 önskligt,
1170 1323 54 30 att
1264 1318 69 36 den
1372 1319 207 49 föreslagna
1618 1324 219 36 trafikleden
1877 1326 113 37 måtte

385 1357 129 36 kunna
540 1359 151 37 komma
717 1362 57 35 till
801 1364 241 47 användning
1067 1367 114 35 redan
1211 1369 117 36 under
1355 1370 48 35 då
1429 1371 250 38 instundande
1705 1376 130 35 vinter.

487 1408 141 38 Genom
669 1411 113 49 nådig
807 1415 127 35 remiss
963 1415 70 37 den
1063 1420 43 33 23
1137 1419 153 36 oktober
1317 1420 196 38 anbefalde
1540 1422 132 48 Kongl.
1699 1424 101 49 Maj:t
1826 1428 162 46 general-

384 1459 250 49 tullstyrelsen
671 1468 63 38 att,
769 1463 39 36 så
833 1465 218 48 skyndsamt
1078 1468 63 36 ske
1168 1469 132 45 kunde,
1328 1471 191 37 inkomma
1545 1474 84 35 med
1658 1475 248 47 underdånigt
1933 1484 55 29 ut-

384 1510 148 36 låtande
559 1512 11 34 i
598 1512 161 46 ärendet,
785 1514 13 35 i
824 1516 203 47 anledning
1053 1518 135 37 hvaraf
1212 1522 398 49 generaltullstyrelsen
1638 1525 71 37 den
1738 1530 19 33 7
1777 1524 209 57 november,

383 1561 85 35 med
496 1561 298 40 öfverlemnande
820 1564 41 37 af
884 1572 53 30 ett
964 1566 82 37 från
1074 1568 342 51 öfverinspektoren
1443 1574 62 36 vid
1530 1574 233 39 Stockholms
1781 1579 206 36 tullbevak-

383 1612 319 48 ningsinspektion
737 1614 209 39 infordradt
982 1619 67 36 och
1086 1620 71 36 den
1187 1625 44 33 25
1260 1623 154 36 oktober
1441 1624 154 47 afgifvet
1619 1628 184 47 yttrande,
1830 1628 156 39 anförde

382 1661 172 47 följande.

482 1713 17 36 I
525 1715 116 36 likhet
667 1717 85 36 med
778 1718 251 49 lotsstyrelsen
1057 1720 115 37 måste
1196 1724 397 49 generaltullstyrelsen
1613 1741 87 24 anse
1719 1729 61 36 det
1798 1731 78 36 icke
1894 1732 92 35 böra

381 1762 269 49 ifrågakomma
685 1772 54 31 att
774 1768 181 49 tillfälligt
987 1770 68 36 och
1082 1772 155 37 allenast
1262 1775 56 35 till
1345 1774 146 38 förmån
1517 1776 58 37 för
1602 1784 53 30 ett
1682 1780 190 37 utländskt
1899 1781 86 49 ång-

380 1813 257 51 fartygsbolag
673 1817 96 37 förse
796 1819 69 36 den
894 1820 39 35 så
960 1820 144 37 kallade
1131 1821 271 51 Gillingeleden
1430 1827 82 36 med
1539 1827 103 49 fyrar
1670 1831 69 34 och
1765 1831 218 48 sjömärken,

381 1870 91 30 utan
500 1871 62 38 att,
588 1866 59 36 för
675 1868 71 36 den
773 1869 173 37 händelse
974 1871 121 36 denna
1122 1873 60 36 led
1210 1875 192 47 pröfvades
1431 1891 88 22 vara
1537 1878 59 37 för
1615 1879 174 48 sjöfarten
1812 1883 171 48 behöflig,

380 1915 139 37 sådana
544 1916 241 49 fullständiga
811 1920 253 47 anordningar
1091 1923 115 38 borde
1233 1926 12 35 i
1272 1927 164 48 antydda
1463 1928 233 39 hänseenden
1723 1932 177 49 vidtagas,
1928 1940 55 30 att

379 1965 108 37 leden
524 1968 124 36 kunde
684 1968 59 37 för
769 1971 135 36 allmän
932 1973 111 35 trafik
1070 1975 181 47 upplåtas.
1302 1977 72 36 Det
1401 1985 123 42 syntes
1551 1982 115 35 likväl
1692 1984 177 47 styrelsen
1897 1985 85 36 med

368 2015 74 47 fog
482 2018 126 36 kunna
647 2019 240 49 ifrågasättas,
928 2023 183 37 huruvida
1151 2026 202 50 anledning
1389 2029 124 37 kunde
1551 2045 89 22 vara
1670 2031 59 37 för
1754 2033 147 38 handen
1928 2041 54 30 att

378 2068 199 37 verkställa
616 2070 116 48 några
772 2072 126 49 dylika
938 2074 261 47 anordningar,
1239 2078 113 36 innan
1394 2078 283 50 fullständigare
1708 2085 199 46 utredning
1933 2094 46 28 än

379 2131 80 23 som
492 2119 46 36 då
569 2119 163 48 förelåge
763 2122 278 39 åstadkommits
1069 2125 136 47 derom,
1233 2134 53 30 att
1312 2129 312 39 isförhållandena
1651 2134 151 37 utanför
1829 2137 69 35 och
1927 2138 52 34 uti

378 2168 246 39 omförmälda
650 2172 60 36 led
737 2174 188 48 verkligen
953 2189 87 23 vore
1067 2190 257 35 gynsammare
1351 2187 46 28 än
1425 2183 148 36 utanför
1600 2184 70 35 och
1698 2185 10 34 i
1736 2184 244 39 Sandhamns-

378 2220 70 35 och
487 2220 417 50 Hufvudskärslederna,
946 2227 69 35 och
1055 2233 53 30 att
1148 2228 154 38 sålunda
1342 2231 115 46 utsigt
1495 2232 225 48 förefunnes,
1752 2242 53 30 att
1844 2250 134 34 genom

376 2270 126 37 ledens
546 2274 196 46 öppnande
785 2276 127 48 uppnå
955 2277 61 37 det
1056 2277 150 38 dermed
1246 2281 12 35 i
1296 2280 154 38 främsta
1489 2291 160 30 rummet
1689 2286 154 46 afsedda
1877 2288 96 50 syfte
