1884 2788
425 172 124 29 Första
573 170 246 40 lagutskottets
844 170 178 30 utlåtande
1044 179 44 20 nr
1109 170 42 29 25
1173 169 39 30 år
1236 169 84 29 1958
1609 167 19 30 T

167 254 49 30 På
236 255 112 39 grund
368 263 42 21 av
427 254 10 29 i
456 254 187 30 huvudsak
663 262 48 20 nu
731 253 202 30 redovisade
953 253 76 30 skäl
1048 252 147 30 föreslår
1213 252 42 30 de
1275 251 222 40 sakkunniga
1516 251 109 30 sådan

122 305 271 40 komplettering
418 313 43 21 av
486 304 42 30 34
555 303 15 38 $
598 303 393 40 tillsynsförordningen
1016 305 51 27 att
1091 302 57 30 vid
1175 302 111 30 första
1312 301 318 41 sjövärdighetsbe-

124 355 157 40 siktning
306 355 89 30 efter
422 355 58 29 det
507 356 48 28 ett
584 354 193 34 utländskt,
807 353 133 30 klassat
968 353 116 39 fartyg
1111 352 156 40 övergått
1294 352 11 30 i
1337 352 127 30 svensk
1491 353 65 38 ägo
1584 361 41 20 en

124 405 263 40 undersökning
410 414 43 21 av
479 405 169 39 fartygets
674 404 95 30 klass
794 404 72 29 inte
891 403 55 30 får
971 403 178 40 godtagas,
1175 412 56 20 om
1256 403 72 30 inte
1353 402 152 40 fartyget
1530 402 96 29 inom

122 456 71 30 viss
214 456 51 30 tid
287 455 186 39 undergått
495 455 265 41 undersökning
782 454 54 30 för
858 454 202 30 erhållande
1082 463 41 20 av
1145 453 95 30 klass
1262 453 55 30 för
1338 462 47 31 ny
1406 453 131 40 period.

163 506 50 30 De
236 506 222 39 sakkunniga
480 506 112 29 riktar
615 505 164 40 slutligen
802 504 361 40 uppmärksamheten
1184 504 45 40 på
1250 506 51 28 att
1322 505 49 28 ett
1392 503 236 40 upphävande

122 565 44 21 av
187 556 82 31 1936
289 556 56 30 års
364 556 56 39 lag
439 565 103 30 synes
562 555 84 31 böra
665 555 183 30 föranleda
867 564 43 20 en
929 555 149 39 ändring
1097 554 11 30 i
1128 555 233 38 kungörelsen
1383 554 67 30 den
1472 553 40 30 14
1532 562 97 21 mars

127 606 82 31 1947
245 606 58 34 (nr
331 607 58 36 82)
424 606 180 40 angående
632 606 147 30 allmänt
807 605 271 40 importförbud.
1108 605 117 39 Enligt
1255 605 15 29 1
1303 604 15 37 $
1348 604 114 40 tredje
1491 604 136 39 stycket

123 658 155 29 nämnda
302 657 209 39 kungörelse
534 657 81 39 äger
638 656 115 31 denna
776 656 177 39 nämligen
976 656 31 39 ej
1036 655 223 40 tillämpning
1281 654 223 30 beträffande
1526 662 105 23 varu-

125 707 83 40 slag,
230 708 54 29 för
304 707 108 30 vilket
433 707 261 40 importförbud
714 706 84 30 eller
818 705 320 40 införselreglering
1160 705 106 39 gäller
1288 705 107 39 enligt
1416 704 213 40 författning

125 759 176 39 upptagen
323 757 21 31 å
366 757 66 30 den
455 758 57 30 vid
535 756 234 40 kungörelsen
791 756 126 39 fogade
938 755 140 40 bilagan
1102 756 29 30 2.
1156 755 83 31 1936
1263 755 56 30 års
1342 755 66 40 lag,
1432 764 76 21 som
1530 755 100 29 finns

127 809 173 38 upptagen
319 807 106 30 bland
446 806 301 41 författningarna
766 807 11 30 i
795 806 150 40 bilagan,
965 806 98 30 torde
1082 805 84 31 böra
1186 805 83 40 utgå
1288 815 41 20 ur
1349 805 125 31 denna.

698 986 396 44 Departementschefen

168 1084 65 30 Vid
268 1083 313 40 lagrådsremissen
617 1084 63 29 har
715 1083 254 40 föredragande
1006 1083 396 40 departementschefen,
1440 1082 193 30 statsrådet

125 1134 126 40 Lange,
271 1134 52 30 till
343 1143 43 21 en
404 1134 127 39 början
550 1134 131 30 erinrat
701 1143 56 20 om
777 1134 230 39 bakgrunden
1029 1133 52 30 till
1104 1133 82 30 1936
1206 1133 57 30 års
1283 1133 55 39 lag
1358 1135 91 28 samt
1469 1132 160 40 återgivit

125 1185 42 29 de
189 1185 240 39 sakkunnigas
452 1184 208 40 motivering
682 1184 55 30 för
758 1183 166 40 förslaget
947 1193 57 20 om
1026 1184 232 40 upphävande
1280 1193 42 20 av
1343 1183 111 40 lagen,
1476 1183 156 29 varefter

125 1235 387 39 departementschefen
535 1235 133 30 anfört:

168 1284 117 30 Under
312 1284 386 40 remissbehandlingen
726 1294 42 20 av
795 1283 41 31 de
865 1284 241 40 sakkunnigas
1134 1283 132 41 förslag
1291 1285 64 29 har
1383 1284 147 30 allmänt
1559 1283 67 30 till-

127 1335 131 39 styrkts
285 1337 50 28 att
363 1334 83 31 1936
473 1334 57 30 års
558 1335 55 39 lag
639 1335 191 39 upphäves.
857 1335 52 29 En
936 1336 145 28 motsatt
1109 1335 140 39 mening
1275 1334 132 30 hävdas
1435 1335 124 30 endast
1586 1343 44 21 av

126 1384 332 40 Rederiföreningen
479 1385 55 30 för
554 1384 137 30 mindre
711 1384 115 40 fartyg
847 1394 75 20 som
942 1385 131 29 önskar
1093 1384 127 30 förbud
1240 1387 72 28 mot
1332 1384 141 31 förvärv
1492 1385 135 29 utifrån

125 1443 43 21 av
188 1434 116 41 fartyg
325 1444 75 20 som
422 1436 39 29 är
482 1444 75 20 mer
579 1436 44 29 än
647 1435 38 30 15
707 1435 38 30 år
768 1435 115 39 gamla
905 1435 83 29 eller
1008 1435 65 30 har
1095 1435 190 30 maskineri
1310 1445 74 20 som
1406 1435 224 31 överskrider

126 1484 114 31 denna
264 1484 232 40 åldersgräns.

169 1535 67 30 För
256 1544 84 31 egen
359 1535 55 30 del
434 1535 118 30 finner
570 1535 61 40 jag
649 1537 50 28 att
719 1535 42 31 de
782 1535 86 35 skäl,
890 1544 75 21 som
984 1535 165 31 anfördes
1168 1536 59 30 vid
1247 1536 212 40 antagandet
1479 1546 43 20 av
1543 1537 83 29 1936

126 1585 57 31 års
205 1585 65 40 lag,
293 1585 77 31 icke
391 1585 121 40 längre
537 1586 39 29 är
597 1585 165 31 bärande.
787 1586 112 30 Sedan
923 1586 101 40 lagen
1045 1586 156 31 infördes
1224 1586 65 31 har
1312 1587 147 31 allmänt
1482 1588 67 29 sett
1572 1588 58 30 det

126 1636 149 30 svenska
298 1635 316 40 handelstonnaget
639 1635 200 41 föryngrats
863 1636 178 40 betydligt.
1066 1637 67 29 För
1156 1637 218 30 närvarande
1399 1638 140 39 utgöres
1564 1638 64 29 cir-

125 1686 45 30 ka
200 1686 40 30 80
270 1688 143 38 procent
444 1696 43 20 av
515 1686 297 31 handelsflottans
844 1686 264 40 sammanlagda
1138 1687 270 40 bruttotonnage
1439 1697 42 21 av
1510 1688 117 40 fartyg

126 1736 112 29 under
262 1737 41 30 20
328 1737 38 29 år
390 1737 65 29 och
481 1737 101 39 drygt
606 1736 137 31 hälften
769 1746 42 21 av
834 1739 167 38 tonnaget
1024 1740 258 37 representeras
1308 1748 42 20 av
1375 1738 116 40 fartyg
1516 1739 112 29 under

128 1786 39 30 10
194 1786 47 31 år.
267 1787 65 39 Jag
358 1788 38 29 är
421 1787 205 40 visserligen
653 1787 182 30 medveten
861 1797 57 20 om
943 1790 51 28 att
1021 1787 250 41 föryngringen
1297 1789 53 30 till
1374 1789 172 40 väsentlig
1573 1790 57 29 del

126 1834 102 31 faller
250 1836 96 30 inom
369 1836 57 30 det
451 1838 111 29 större
586 1838 166 38 tonnaget
776 1838 64 29 och
865 1840 50 28 att
939 1838 58 30 det
1021 1838 136 30 mindre
1181 1839 65 29 och
1271 1839 209 31 medelstora
1505 1842 123 28 tonna-

126 1889 55 35 get
202 1887 75 29 icke
299 1886 159 40 förnyats
481 1887 11 30 i
512 1887 178 30 önskvärd
714 1888 75 30 takt
812 1890 85 28 utan
920 1888 220 30 fortfarande
1162 1889 11 29 i
1195 1889 195 40 betydande
1414 1890 214 40 omfattning

127 1937 38 28 är
182 1939 50 27 att
249 1946 83 21 anse
350 1947 75 20 som
443 1938 182 39 överårigt.
643 1939 64 29 Det
725 1940 38 29 är
780 1938 193 30 emellertid
991 1941 50 27 att
1059 1939 124 30 märka
1200 1941 50 28 att
1270 1941 82 29 1936
1371 1941 56 29 års
1446 1941 55 39 lag
1518 1941 110 40 knap-

125 1989 79 36 past
226 1987 70 30 kan
317 1988 169 30 tillmätas
510 1987 114 40 någon
647 1989 111 29 större
780 1988 176 40 betydelse
977 1998 81 21 vare
1081 1989 51 40 sig
1153 1989 54 30 för
1230 1990 250 41 föryngringen
1501 2000 44 21 av
1567 1992 65 29 vår

126 2036 251 32 handelsflotta
397 2038 11 29 i
430 2038 80 30 dess
531 2038 117 30 helhet
670 2039 83 29 eller
774 2040 64 29 när
860 2039 57 30 det
939 2040 107 38 gäller
1067 2041 51 29 att
1139 2040 245 31 åstadkomma
1405 2051 43 20 en
1468 2041 160 40 behövlig

127 2086 174 39 förnyelse
323 2097 42 20 av
387 2088 57 30 det
465 2088 137 30 mindre
624 2091 176 38 tonnaget.
825 2089 121 31 Såsom
968 2090 41 30 de
1032 2090 221 40 sakkunniga
1274 2090 145 41 påvisat,
1441 2093 65 29 har
1529 2093 99 39 lagen

127 2136 111 41 aldrig
256 2137 195 40 tillämpats
474 2139 38 29 så
534 2141 50 27 att
607 2139 66 30 den
694 2138 179 31 inneburit
894 2140 114 39 någon
1030 2141 150 40 egentlig
1202 2143 100 38 spärr
1323 2145 73 27 mot
1418 2142 146 31 införsel
1586 2153 44 20 av

126 2187 95 29 äldre
244 2187 125 39 fartyg.
393 2188 115 39 Lagen
531 2188 64 30 har
618 2189 157 29 däremot
799 2197 124 31 genom
946 2190 42 29 de
1010 2191 126 29 villkor
1159 2192 79 28 med
1262 2193 169 29 avseende
1453 2193 45 39 på
1521 2194 112 38 sjösä-

127 2236 177 36 kerheten,
326 2247 74 20 som
421 2239 112 28 under
555 2248 122 20 senare
698 2239 49 29 tid
769 2239 136 31 knutits
925 2240 54 29 till
1000 2240 227 39 dispenserna
1250 2241 79 30 från
1350 2242 280 30 förvärvsförbu-

127 2286 67 35 det,
221 2287 77 30 haft
326 2287 175 40 betydelse
530 2288 54 30 för
613 2291 49 27 att
691 2290 179 29 motverka
899 2291 51 28 att
979 2290 240 40 undermåliga
1248 2291 114 40 fartyg
1390 2292 144 30 tillförts
1562 2293 66 29 den

129 2337 147 29 svenska
294 2337 288 31 handelsflottan.

173 2391 194 39 Självfallet
384 2390 63 30 bör
467 2392 86 28 även
571 2390 11 29 i
602 2389 272 40 fortsättningen
895 2390 110 39 regler
1025 2390 118 30 finnas
1163 2391 78 29 med
1262 2392 89 39 syfte
1371 2394 51 28 att
1442 2393 187 39 förebygga

128 2444 49 27 att
200 2451 41 20 ur
263 2441 424 39 sjösäkerhetssynpunkt
710 2439 281 40 mindervärdiga
1015 2440 114 40 fartyg
1153 2441 182 31 införlivas
1359 2444 77 29 med
1460 2444 61 29 vår
1544 2445 90 29 han-
