1862 2770
457 162 286 30 Statsutskottets
768 163 179 30 utlåtande
972 173 43 20 nr
1041 164 62 29 118
1126 164 40 30 år
1191 165 84 30 1959
1606 166 14 29 1

806 423 60 40 Nr
889 424 73 40 118

339 524 184 30 Utlåtande
551 525 10 29 i
585 525 192 40 anledning
800 535 43 20 av
872 526 123 29 väckta
1020 525 174 31 motioner
1219 536 56 20 om
1303 526 188 40 utredning
1515 527 103 40 angå-

558 575 86 30 ende
667 576 69 30 viss
758 576 272 40 komplettering
1049 586 43 20 av
1111 577 203 37 riksstaten,
1335 586 46 20 m.
1403 586 47 21 m.

1382 644 74 35 (4:e
1476 645 93 35 avd.)

159 743 14 29 I
189 742 59 30 två
263 742 226 40 likalydande
504 743 184 35 motioner,
705 744 125 30 väckta
847 744 67 31 den
932 754 64 20 ena
1014 745 96 29 inom
1128 745 111 30 första
1257 746 207 29 kammaren
1481 755 42 21 av
1539 747 81 29 herr

113 792 155 40 Ewerlöf
287 802 45 20 m.
355 793 38 39 fl.
422 793 46 33 (1:
485 793 58 35 31)
569 794 65 30 och
656 794 67 30 den
746 794 111 31 andra
878 795 95 30 inom
996 795 110 30 andra
1128 796 207 30 kammaren
1357 806 43 20 av
1420 796 81 30 herr
1522 797 97 39 Hjal-

111 852 143 21 marson
277 852 46 21 m.
346 843 39 40 fl.
414 844 137 34 (11:30)
582 845 64 29 har
669 845 210 36 hemställts,
903 848 50 28 att
976 846 188 40 riksdagen
1188 847 11 29 i
1224 847 167 31 skrivelse
1414 847 52 30 till
1491 848 126 40 Kungl.

115 894 106 39 Maj:t
247 894 108 30 måtte
382 894 141 30 anhålla
549 895 73 30 dels
649 897 50 29 att
727 896 126 40 Kungl.
880 896 106 39 Maj:t
1011 896 81 30 ville
1118 898 87 29 utan
1232 897 170 40 dröjsmål
1429 898 188 30 verkställa

112 944 190 40 utredning
322 954 57 20 om
400 954 43 21 en
465 945 109 30 sådan
596 946 272 40 komplettering
890 956 42 20 av
952 947 191 30 riksstaten
1165 950 50 27 att
1236 957 42 20 en
1303 947 208 43 fullständig
1531 957 86 31 upp-

113 994 167 40 ställning
297 996 81 29 över
394 995 165 36 intäkter,
576 996 202 36 kostnader,
796 997 186 40 tillgångar
999 997 65 30 och
1082 998 144 29 skulder
1242 999 137 30 lämnas
1397 998 89 31 efter
1505 999 113 30 sunda

112 1044 410 40 redovisningstekniska
541 1045 187 41 principer,
748 1047 73 30 dels
841 1049 50 29 att
910 1048 125 39 Kungl.
1057 1048 105 39 Maj:t
1181 1048 109 30 måtte
1308 1048 53 30 till
1380 1049 238 30 innevarande

112 1095 143 40 riksdag
274 1095 118 30 lämna
415 1096 178 40 uppgifter
612 1106 57 20 om
691 1098 176 29 storleken
887 1107 43 21 av
951 1100 132 28 statens
1104 1099 66 29 och
1190 1099 42 30 de
1253 1099 179 40 statsägda
1452 1099 164 41 bolagens

112 1146 285 39 pensionsskuld.

157 1246 229 31 Beträffande
406 1248 42 31 de
470 1248 75 30 skäl
567 1258 73 21 som
662 1249 263 30 motionärerna
947 1249 117 30 anfört
1085 1250 52 30 till
1160 1250 78 31 stöd
1259 1250 54 31 för
1336 1251 77 32 sina
1434 1252 182 39 yrkanden

113 1297 98 30 torde
231 1297 36 30 få
286 1297 166 31 hänvisas
471 1298 53 30 till
545 1299 180 30 motionen
744 1300 46 30 II:
806 1300 52 30 30.

156 1398 88 30 Över
266 1398 221 30 motionerna
507 1399 74 36 har,
604 1399 88 30 efter
716 1400 122 29 därom
860 1400 11 29 i
891 1400 216 40 vederbörlig
1130 1402 150 39 ordning
1303 1402 100 39 gjord
1427 1402 190 31 framställ-

113 1447 93 41 ning,
226 1449 187 39 yttranden
433 1449 146 39 avgivits
597 1459 43 20 av
656 1450 419 39 riksräkenskapsverket
1093 1451 65 30 och
1176 1452 265 30 statskontoret.
1460 1453 50 30 De
1528 1453 88 30 båda

113 1498 285 31 ämbetsverkens
417 1499 188 39 yttranden
624 1500 65 29 har
708 1500 11 29 i
739 1501 149 30 avskrift
908 1500 115 41 fogats
1041 1501 52 30 till
1116 1502 96 30 detta
1232 1502 180 31 utlåtande
1433 1503 116 30 såsom
1568 1504 50 29 bi-

108 1551 98 39 lagor
229 1550 203 39 (Bilagorna
450 1550 28 29 A
497 1551 66 29 och
580 1550 60 35 B).

159 1650 186 30 Utskottet.
376 1651 5 30 I
403 1650 230 31 förevarande
654 1651 92 31 båda
766 1652 173 31 motioner
960 1652 64 31 har
1045 1654 111 39 gjorts
1181 1655 171 39 gällande,
1373 1657 52 28 att
1447 1655 66 30 den
1535 1658 85 28 stat-

111 1700 69 40 liga
202 1700 274 41 budgeteringen
498 1702 64 29 och
583 1702 270 40 redovisningen
874 1703 72 30 inte
969 1704 38 29 är
1029 1704 180 30 utformad
1232 1705 45 39 på
1299 1707 48 28 ett
1369 1706 69 30 sätt
1461 1715 74 21 som
1558 1714 59 32 ger

112 1750 204 40 tillräckligt
334 1751 169 40 underlag
522 1751 54 30 för
594 1752 208 40 riksdagens
820 1753 114 31 beslut
951 1763 57 21 om
1026 1754 146 40 utgifter
1189 1755 66 30 och
1272 1755 205 31 inkomster.
1496 1757 122 32 Motio-

112 1802 151 29 närerna
284 1801 273 30 dokumenterar
575 1803 95 29 detta
689 1803 191 39 påstående
898 1812 124 31 genom
1042 1804 213 41 hänvisning
1274 1806 52 29 till
1344 1806 94 30 vissa
1457 1807 160 39 gällande

112 1851 142 40 statliga
280 1851 432 41 redovisningsprinciper,
740 1853 126 30 främst
894 1854 66 29 den
992 1864 25 20 s.
1045 1855 33 28 k.
1106 1855 510 41 kassabokföringsprincipen.

113 1901 79 29 Med
216 1911 43 20 en
284 1901 222 42 tillämpning
531 1912 42 20 av
596 1902 115 30 denna
736 1903 136 40 princip
898 1904 177 30 redovisas
1098 1905 83 37 inte,
1206 1906 108 39 enligt
1338 1906 280 31 motionärernas

111 1951 240 40 uppfattning,
376 1952 259 40 verkningarna
662 1953 112 30 under
801 1954 211 30 kommande
1038 1955 39 30 år
1102 1964 43 21 av
1169 1956 42 29 de
1238 1956 238 39 förpliktelser
1502 1960 113 27 staten

112 2002 112 29 under
246 2004 49 27 ett
317 2002 170 40 budgetår
509 2003 135 30 ikläder
670 2003 61 40 sig.
755 2005 109 29 Dessa
888 2004 237 40 förpliktelser
1150 2006 71 29 kan
1243 2015 83 21 vara
1349 2007 170 39 juridiskt
1541 2008 76 30 bin-

110 2052 125 34 dande,
261 2052 116 30 såsom
401 2053 283 39 pensionsrätten
710 2054 55 29 för
791 2054 41 30 de
858 2056 275 37 statsanställda,
1158 2056 83 31 eller
1265 2057 180 39 grundade
1471 2058 44 39 på
1540 2058 76 30 fak-

111 2101 102 36 tiska,
239 2102 77 30 icke
338 2103 182 39 rättsligen
544 2104 239 39 förpliktande
809 2105 196 39 åtaganden
1029 2105 80 31 från
1134 2107 294 30 statsmakternas
1453 2108 85 38 sida,
1564 2109 53 30 så-

111 2161 76 20 som
208 2152 379 40 folkpensioneringen.
608 2155 67 29 För
698 2156 50 28 att
769 2154 85 30 råda
873 2155 59 30 bot
951 2155 45 40 på
1015 2156 41 31 de
1076 2156 127 30 brister
1223 2166 75 21 som
1319 2158 107 39 enligt
1446 2159 171 30 motionä-

111 2211 121 21 rernas
258 2202 227 41 uppfattning
510 2204 147 29 sålunda
682 2204 157 31 vidlåder
862 2205 67 29 den
955 2206 202 30 nuvarande
1183 2207 139 40 statliga
1347 2208 268 40 redovisningen

112 2252 203 30 hemställes
337 2262 56 19 om
417 2262 42 20 en
484 2253 187 41 utredning
695 2263 56 20 om
775 2264 43 19 en
841 2255 271 40 komplettering
1135 2265 42 20 av
1200 2256 201 31 riksstaten.
1426 2258 65 30 Vid
1515 2259 100 29 sidan

112 2301 110 30 härav
240 2301 214 31 framställes
472 2303 157 38 yrkande
648 2304 10 28 i
678 2304 91 39 syfte
788 2307 50 26 att
856 2305 236 30 innevarande
1112 2306 57 30 års
1190 2306 143 40 riksdag
1353 2307 113 30 skulle
1485 2308 132 30 erhålla

111 2351 179 40 uppgifter
313 2361 56 20 om
392 2354 132 28 statens
548 2353 65 29 och
635 2353 41 30 de
701 2354 178 40 statsägda
902 2355 165 39 bolagens
1090 2356 284 38 pensionsskuld.

157 2403 12 28 I
197 2402 60 29 sitt
284 2402 138 39 mycket
450 2402 166 41 utförliga
643 2404 163 38 yttrande
834 2404 139 39 påvisar
999 2405 418 41 riksräkenskapsverket
1444 2408 171 31 hurusom

111 2451 263 39 statsbudgeten
396 2453 153 39 ständigt
566 2453 89 30 varit
675 2454 66 29 och
760 2454 218 31 fortfarande
997 2456 38 29 är
1054 2455 146 31 föremål
1219 2456 55 31 för
1292 2467 42 20 en
1353 2458 175 31 successiv
1545 2468 73 21 om-

147 2519 10 25 1
204 2519 114 29 Bihang
336 2518 45 24 till
401 2519 169 30 riksdagens
590 2520 148 30 protokoll
758 2521 75 24 1959.
852 2522 16 23 6
886 2522 83 23 saml.
987 2525 37 23 Nr
1043 2523 48 23 118
