1856 2768
259 164 39 29 22
602 164 285 30 Statsutskottets
912 164 178 30 utlåtande
1115 174 42 20 nr
1185 165 60 28 118
1270 165 39 29 år
1334 165 83 30 1959

1598 333 118 40 Bilaga
1736 335 25 28 B

266 576 65 30 Till
350 577 212 36 Riksdagens
580 579 218 28 statsutskott

307 670 110 29 Sedan
444 670 124 38 Kungl.
594 671 106 38 Maj:t
725 679 120 31 genom
873 671 123 30 remiss
1022 671 64 30 den
1113 671 40 29 25
1180 671 152 29 februari
1361 671 81 29 1959
1468 671 167 31 anbefallt
1661 673 101 28 stats-

262 712 161 29 kontoret
445 715 48 27 att
513 712 52 30 till
589 713 91 29 Eder
701 713 118 38 avgiva
838 713 163 39 yttrande
1021 714 80 29 över
1122 713 95 29 inom
1239 713 183 38 riksdagen
1445 713 126 30 väckta
1590 713 172 29 motioner

267 753 45 33 (1:
328 754 37 29 31
392 754 64 29 och
480 755 44 29 II:
541 754 57 33 30)
629 764 56 20 om
710 755 185 39 utredning
919 755 178 39 angående
1121 755 69 30 viss
1215 755 269 39 komplettering
1508 764 40 20 av
1572 755 188 29 riksstaten

262 805 44 20 m.
328 805 56 26 m.,
407 796 54 29 får
482 796 257 31 ämbetsverket
761 797 124 29 anföra
906 797 166 39 följande.

306 838 255 30 Statskontoret
581 839 66 29 har
668 839 110 29 under
797 839 93 29 hand
912 839 84 39 tagit
1017 840 52 28 del
1091 849 40 19 av
1152 839 56 29 det
1226 839 163 40 yttrande
1409 840 79 29 över
1508 839 65 30 här
1590 839 172 37 ifrågava-

262 880 107 30 rande
389 881 181 33 motioner,
592 890 74 20 som
686 881 144 39 avgivits
852 891 41 20 av
913 881 426 39 riksräkenskapsverket.
1360 883 72 28 Den
1454 881 216 38 redogörelse
1690 891 72 20 ver-

261 922 58 30 ket
346 923 131 31 lämnat
504 922 54 31 för
586 923 56 30 det
671 923 248 30 reformarbete
946 923 221 30 beträffande
1194 924 183 38 budgeten,
1406 933 72 20 som
1506 923 117 39 pågått
1652 924 110 28 under

264 965 194 33 1900-talet,
482 966 36 29 är
541 965 114 39 ägnad
679 968 50 27 att
751 965 116 39 belysa
891 965 222 40 principerna
1136 966 10 29 i
1170 966 56 29 det
1252 966 137 38 statliga
1413 966 142 38 budget-
1577 966 65 29 och
1665 966 97 29 redo-

260 1006 324 40 visningssystemet
611 1008 64 28 och
701 1007 232 30 strävandena
958 1011 48 26 att
1032 1008 162 29 utveckla
1217 1008 64 29 och
1306 1008 171 30 förbättra
1502 1008 93 30 detta
1621 1010 140 37 system.

262 1049 79 29 Som
361 1049 415 40 riksräkenskapsverket
795 1050 204 35 framhållit,
1021 1050 106 39 ligger
1147 1050 56 29 det
1222 1050 10 29 i
1252 1051 125 29 sakens
1397 1052 113 34 natur,
1531 1052 49 27 att
1600 1050 94 29 detta
1712 1060 50 19 re-

262 1091 210 30 formarbete
500 1091 159 30 bedrives
687 1092 229 39 fortlöpande,
944 1092 11 29 i
981 1092 146 30 främsta
1157 1094 150 27 rummet
1335 1100 121 30 genom
1485 1092 40 29 de
1554 1094 206 37 statsorgan,

262 1143 74 20 som
354 1135 60 28 äro
430 1134 223 29 verksamma
671 1134 44 39 på
731 1134 165 29 området.
915 1134 427 39 Riksräkenskapsverket
1360 1135 64 29 har
1441 1134 141 30 särskilt
1599 1134 162 30 hänvisat

261 1175 44 39 på
324 1184 42 20 en
387 1175 105 39 nyhet
512 1176 10 28 i
540 1176 61 29 det
623 1176 140 38 statliga
784 1176 408 39 förvaltningsväsendet,
1216 1186 73 20 som
1312 1176 242 39 utvecklingen
1575 1176 45 39 på
1641 1186 120 20 senare

261 1217 50 29 tid
333 1218 237 38 framtvingat,
594 1218 175 39 nämligen
792 1218 40 30 de
855 1228 25 20 s.
903 1219 33 29 k.
958 1218 567 39 beställningsbemyndigandena,
1548 1219 64 29 och
1638 1219 125 29 under-

263 1260 128 31 strukit
408 1260 117 29 vikten
544 1270 41 20 av
603 1263 50 29 att
672 1260 149 30 särskild
838 1260 222 40 redovisning
1080 1261 53 29 för
1151 1261 101 29 dessa
1269 1261 135 30 lämnas
1421 1260 57 29 vid
1496 1260 100 31 sidan
1615 1270 42 20 av
1675 1261 87 29 riks-

262 1304 123 27 staten.
409 1303 51 28 En
484 1303 134 29 samlad
641 1302 215 40 redogörelse
877 1302 63 30 bör
962 1303 105 38 enligt
1090 1303 269 30 statskontorets
1384 1303 140 38 mening
1546 1303 44 38 på
1612 1305 150 27 motsva-

261 1344 107 30 rande
388 1345 67 29 sätt
474 1345 137 29 lämnas
630 1345 55 29 för
704 1354 157 20 ansvars-
880 1345 65 29 och
964 1345 357 39 borgensåtaganden,
1341 1345 44 37 bl.
1405 1355 28 20 a.
1453 1345 40 29 de
1513 1346 159 28 alltmera
1691 1354 71 20 om-

261 1386 158 30 fattande
441 1387 137 39 statliga
603 1387 340 39 kreditgarantierna
969 1387 66 39 (jfr
1056 1388 83 29 SOU
1165 1387 154 31 1952:45
1342 1397 25 20 s.
1389 1387 94 33 201).

302 1429 51 29 Av
373 1429 433 39 riksräkenskapsverkets
824 1429 164 39 yttrande
1007 1429 156 39 framgår
1183 1429 106 30 också
1309 1429 65 29 den
1395 1429 162 34 skillnad,
1579 1439 74 20 som
1674 1429 88 30 före-

260 1471 107 39 ligger
391 1471 64 29 och
480 1471 110 30 måste
615 1471 256 40 upprätthållas
895 1472 128 29 mellan
1048 1471 190 30 riksstaten
1264 1481 73 20 som
1362 1481 41 19 en
1431 1471 330 39 hushållningsplan

261 1514 64 29 och
344 1521 238 31 prognoserna
602 1514 149 29 rörande
771 1514 65 29 den
858 1513 166 31 framtida
1045 1513 255 39 utvecklingen,
1321 1513 154 39 speciellt
1495 1514 9 28 i
1525 1513 99 39 fråga
1642 1523 58 20 om
1722 1513 40 29 de

260 1556 230 29 ekonomiska
507 1556 178 39 följderna
703 1556 92 30 såväl
814 1556 55 29 för
886 1556 41 29 de
945 1557 176 28 närmaste
1138 1556 82 29 åren
1239 1565 74 20 som
1331 1556 44 38 på
1394 1556 118 38 längre
1529 1556 69 29 sikt
1616 1565 41 20 av
1675 1556 87 29 riks-

262 1598 129 39 dagens
409 1598 112 30 beslut
545 1598 69 39 (jfr
633 1607 29 20 a.
683 1608 29 19 a.
732 1608 25 20 s.
777 1597 72 31 74).
870 1598 226 30 Sistnämnda
1114 1606 190 31 prognoser
1322 1598 121 29 kunna
1462 1598 75 29 icke
1556 1598 177 29 inarbetas
1752 1598 9 28 i

261 1640 190 30 riksstaten
472 1642 85 28 utan
578 1640 86 30 böra
685 1640 126 30 liksom
833 1640 125 30 hittills
980 1640 178 30 utarbetas
1183 1640 64 29 och
1270 1640 177 30 redovisas
1469 1640 191 30 fristående
1682 1640 79 29 från

261 1682 124 30 denna.
407 1684 11 28 I
439 1682 93 30 detta
551 1682 171 30 avseende
740 1682 97 30 torde
856 1682 191 30 emellertid
1065 1701 44 2 —
1128 1691 74 21 som
1221 1682 416 38 riksräkenskapsverket
1656 1682 106 29 fram-

261 1725 99 29 hållit
384 1743 40 2 —
444 1734 41 20 en
507 1724 212 40 förbättring
739 1725 120 29 kunna
882 1725 60 29 ske
965 1734 41 20 av
1025 1724 126 30 hittills
1172 1725 163 29 lämnade
1354 1724 193 30 översikter
1567 1734 41 20 av
1631 1724 66 29 den
1721 1724 41 29 fi-

262 1767 170 29 nansiella
461 1767 243 39 utvecklingen
738 1767 65 38 (jfr
832 1767 89 29 stkts
947 1767 162 39 yttrande
1139 1767 65 28 den
1236 1768 12 27 1
1280 1766 87 39 april
1399 1766 114 30 1959).
1542 1766 219 39 Möjligheter

262 1810 117 30 finnas
397 1810 115 34 också,
531 1812 61 32 att,
612 1820 57 19 om
688 1810 37 30 så
743 1819 100 21 anses
862 1810 178 36 önskvärt,
1060 1810 76 29 med
1158 1810 224 38 utnyttjande
1403 1819 40 20 av
1463 1809 208 39 exempelvis
1690 1809 73 29 hål-

261 1851 278 30 kortsmaskiner
566 1851 164 31 bearbeta
758 1851 438 39 redovisningsmaterialet
1225 1851 63 28 och
1317 1851 200 38 därigenom
1547 1851 109 39 skapa
1685 1851 77 29 lätt-

261 1893 200 39 förståeliga
488 1893 369 38 sammanställningar
883 1894 81 29 över
991 1893 299 39 statsutgifternas
1318 1893 134 39 sakliga
1478 1892 215 40 uppdelning
1718 1892 44 40 på

261 1936 93 30 olika
375 1935 173 30 ändamål.

303 1977 227 30 Beträffande
555 1978 269 29 statskontorets
850 1977 9 29 i
884 1977 434 39 riksräkenskapsverkets
1341 1977 163 40 yttrande
1528 1977 233 30 omförmälda

261 2020 103 30 skuld
391 2020 52 29 till
471 2020 338 39 riksgäldskontoret
837 2020 57 29 må
921 2021 158 32 nämnas,
1108 2022 49 27 att
1185 2019 337 39 riksgäldskontoret
1550 2019 74 30 före
1652 2019 109 30 andra

260 2062 230 38 världskriget
514 2061 112 30 under
651 2064 48 27 ett
725 2061 140 30 särskilt
891 2062 107 29 konto
1025 2061 203 30 redovisade
1254 2071 42 20 en
1322 2062 269 29 statskontorets
1616 2061 144 30 fordran

260 2104 63 30 hos
342 2104 349 39 riksgäldskontoret.
712 2104 133 29 Medlen
866 2104 43 38 på
930 2104 94 29 detta
1043 2104 108 29 konto
1172 2103 161 39 utgjorde
1353 2104 226 30 statsverkets
1599 2103 163 30 kassabe-

260 2146 208 38 hållningar,
491 2155 74 20 som
586 2145 78 30 icke
685 2146 213 31 omedelbart
918 2146 125 29 behövt
1064 2148 98 36 tagas
1184 2145 9 28 i
1215 2145 154 39 anspråk
1391 2145 53 31 för
1466 2147 110 28 avsett
1597 2145 163 30 ändamål

266 2188 132 30 (såsom
417 2190 21 27 t.
457 2197 49 21 ex.
525 2188 113 29 medel
660 2188 163 30 anvisade
842 2187 20 30 å
879 2187 374 39 reservationsanslag)
1276 2188 64 29 och
1357 2188 45 38 på
1419 2188 112 39 grund
1548 2188 110 29 härav
1673 2188 89 29 kun-

261 2233 59 26 nat
348 2230 165 38 tillfälligt
541 2230 207 39 disponeras
774 2239 40 20 av
840 2230 350 38 riksgäldskontoret.
1217 2230 51 29 Då
1295 2230 112 29 under
1433 2230 111 37 kriget
1572 2230 189 29 avsevärda

259 2272 124 39 belopp
406 2271 110 30 måste
541 2272 173 39 upplånas
738 2279 122 31 genom
884 2271 339 39 riksgäldskontoret
1247 2272 64 29 och
1336 2272 118 30 ställas
1480 2272 49 29 till
1555 2272 206 39 förfogande

262 2325 72 21 som
362 2315 148 30 tillskott
533 2315 52 30 till
611 2315 280 40 driftbudgetens
917 2314 242 40 finansiering,
1184 2315 77 29 blev
1285 2316 123 29 kontot
1434 2315 162 39 negativt,
1622 2315 32 29 d.
1679 2325 30 19 v.
1736 2325 25 20 s.

261 2357 268 29 statskontorets
551 2356 145 29 fordran
717 2355 160 39 övergick
898 2356 51 29 till
970 2366 40 19 en
1032 2357 103 29 skuld
1156 2357 51 28 till
1229 2356 348 39 riksgäldskontoret.
1600 2356 48 29 På
1667 2356 93 29 detta

260 2398 106 30 konto
392 2398 45 30 ha
463 2398 132 30 således
622 2398 250 29 sammanförts
898 2398 86 29 både
1010 2399 270 28 statskontorets
1306 2398 199 39 fordringar
1529 2398 64 29 och
1619 2398 142 29 skulder

259 2442 173 36 gentemot
457 2440 349 38 riksgäldskontoret.
831 2440 49 29 Bl.
908 2449 28 20 a.
962 2440 77 29 med
1064 2440 137 38 hänsyn
1225 2439 117 30 härtill
1368 2449 101 30 synes
1493 2440 267 38 redovisningen

260 2482 83 30 böra
367 2482 60 30 ske
451 2482 42 39 på
517 2482 126 30 sådant
667 2482 78 33 sätt,
769 2484 49 27 att
840 2481 175 30 överblick
1038 2481 149 30 erhålles
1211 2483 79 28 över
1314 2482 41 29 de
1378 2482 291 39 bakomliggande
1693 2482 69 30 för-
