<?xml version="1.0" encoding="UTF-8"?>
<alto xmlns="http://www.loc.gov/standards/alto/ns-v3#" xmlns:xlink="http://www.w3.org/1999/xlink" xmlns:xsi="http://www.w3.org/2001/XMLSchema-instance" xsi:schemaLocation="http://www.loc.gov/standards/alto/ns-v3# http://www.loc.gov/alto/v3/alto-3-0.xsd">
	<Description>
		<MeasurementUnit>pixel</MeasurementUnit>
		<sourceImageInformation>
			<fileName>/tmp/tess_89gepywp_input.PNG</fileName>
		</sourceImageInformation>
		<OCRProcessing ID="OCR_0">
			<ocrProcessingStep>
				<processingSoftware>
					<softwareName>tesseract 5.3.0</softwareName>
				</processingSoftware>
			</ocrProcessingStep>
		</OCRProcessing>
	</Description>
	<Layout>
		<Page WIDTH="1872" HEIGHT="2846" PHYSICAL_IMG_NR="0" ID="page_0">
			<PrintSpace HPOS="0" VPOS="0" WIDTH="1872" HEIGHT="2846">
				<ComposedBlock ID="cblock_0" HPOS="287" VPOS="161" WIDTH="1104" HEIGHT="40">
					<TextBlock ID="block_0" HPOS="287" VPOS="161" WIDTH="1104" HEIGHT="40">
						<TextLine ID="line_0" HPOS="287" VPOS="161" WIDTH="1104" HEIGHT="40">
							<String ID="string_0" HPOS="287" VPOS="161" WIDTH="18" HEIGHT="29" WC="0.96" CONTENT="6"/><SP WIDTH="362" VPOS="161" HPOS="305"/>
							<String ID="string_1" HPOS="667" VPOS="165" WIDTH="116" HEIGHT="32" WC="0.93" CONTENT="Andra"/><SP WIDTH="26" VPOS="165" HPOS="783"/>
							<String ID="string_2" HPOS="809" VPOS="167" WIDTH="238" HEIGHT="34" WC="0.92" CONTENT="lagutskottets"/><SP WIDTH="26" VPOS="167" HPOS="1047"/>
							<String ID="string_3" HPOS="1073" VPOS="167" WIDTH="175" HEIGHT="32" WC="0.96" CONTENT="utlåtande"/><SP WIDTH="26" VPOS="167" HPOS="1248"/>
							<String ID="string_4" HPOS="1274" VPOS="168" WIDTH="48" HEIGHT="29" WC="0.95" CONTENT="Nr"/><SP WIDTH="21" VPOS="168" HPOS="1322"/>
							<String ID="string_5" HPOS="1343" VPOS="170" WIDTH="48" HEIGHT="29" WC="0.95" CONTENT="45."/>
						</TextLine>
					</TextBlock>
				</ComposedBlock>
				<ComposedBlock ID="cblock_1" HPOS="289" VPOS="249" WIDTH="1507" HEIGHT="294">
					<TextBlock ID="block_1" HPOS="289" VPOS="249" WIDTH="1507" HEIGHT="191">
						<TextLine ID="line_1" HPOS="334" VPOS="249" WIDTH="1462" HEIGHT="42">
							<String ID="string_6" HPOS="334" VPOS="249" WIDTH="115" HEIGHT="30" WC="0.96" CONTENT="Andra"/><SP WIDTH="19" VPOS="249" HPOS="449"/>
							<String ID="string_7" HPOS="468" VPOS="250" WIDTH="220" HEIGHT="35" WC="0.93" CONTENT="lagutskottet"/><SP WIDTH="18" VPOS="250" HPOS="688"/>
							<String ID="string_8" HPOS="706" VPOS="250" WIDTH="182" HEIGHT="37" WC="0.91" CONTENT="tillstyrkte"/><SP WIDTH="20" VPOS="250" HPOS="888"/>
							<String ID="string_9" HPOS="908" VPOS="251" WIDTH="10" HEIGHT="30" WC="0.96" CONTENT="i"/><SP WIDTH="18" VPOS="251" HPOS="918"/>
							<String ID="string_10" HPOS="936" VPOS="251" WIDTH="56" HEIGHT="30" WC="0.96" CONTENT="sitt"/><SP WIDTH="21" VPOS="251" HPOS="992"/>
							<String ID="string_11" HPOS="1013" VPOS="251" WIDTH="176" HEIGHT="31" WC="0.95" CONTENT="utlåtande"/><SP WIDTH="24" VPOS="251" HPOS="1189"/>
							<String ID="string_12" HPOS="1213" VPOS="251" WIDTH="52" HEIGHT="39" WC="0.96" CONTENT="(nr"/><SP WIDTH="22" VPOS="251" HPOS="1265"/>
							<String ID="string_13" HPOS="1287" VPOS="252" WIDTH="65" HEIGHT="39" WC="0.96" CONTENT="16),"/><SP WIDTH="17" VPOS="252" HPOS="1352"/>
							<String ID="string_14" HPOS="1369" VPOS="256" WIDTH="47" HEIGHT="28" WC="0.96" CONTENT="att"/><SP WIDTH="20" VPOS="256" HPOS="1416"/>
							<String ID="string_15" HPOS="1436" VPOS="254" WIDTH="156" HEIGHT="29" WC="0.96" CONTENT="definitiv"/><SP WIDTH="21" VPOS="254" HPOS="1592"/>
							<String ID="string_16" HPOS="1613" VPOS="255" WIDTH="52" HEIGHT="36" WC="0.96" CONTENT="lag"/><SP WIDTH="21" VPOS="255" HPOS="1665"/>
							<String ID="string_17" HPOS="1686" VPOS="256" WIDTH="110" HEIGHT="29" WC="0.96" CONTENT="skulle"/>
						</TextLine>
						<TextLine ID="line_2" HPOS="289" VPOS="300" WIDTH="1506" HEIGHT="42">
							<String ID="string_18" HPOS="289" VPOS="303" WIDTH="142" HEIGHT="33" WC="0.90" CONTENT="antagas"/><SP WIDTH="22" VPOS="303" HPOS="431"/>
							<String ID="string_19" HPOS="453" VPOS="300" WIDTH="65" HEIGHT="30" WC="0.96" CONTENT="och"/><SP WIDTH="21" VPOS="300" HPOS="518"/>
							<String ID="string_20" HPOS="539" VPOS="304" WIDTH="48" HEIGHT="26" WC="0.96" CONTENT="att"/><SP WIDTH="19" VPOS="304" HPOS="587"/>
							<String ID="string_21" HPOS="606" VPOS="301" WIDTH="111" HEIGHT="30" WC="0.96" CONTENT="denna"/><SP WIDTH="23" VPOS="301" HPOS="717"/>
							<String ID="string_22" HPOS="740" VPOS="301" WIDTH="109" HEIGHT="30" WC="0.96" CONTENT="skulle"/><SP WIDTH="17" VPOS="301" HPOS="849"/>
							<String ID="string_23" HPOS="866" VPOS="301" WIDTH="130" HEIGHT="31" WC="0.95" CONTENT="erhålla"/><SP WIDTH="26" VPOS="301" HPOS="996"/>
							<String ID="string_24" HPOS="1022" VPOS="312" WIDTH="133" HEIGHT="21" WC="0.96" CONTENT="samma"/><SP WIDTH="23" VPOS="312" HPOS="1155"/>
							<String ID="string_25" HPOS="1178" VPOS="302" WIDTH="151" HEIGHT="31" WC="0.96" CONTENT="innehåll"/><SP WIDTH="24" VPOS="302" HPOS="1329"/>
							<String ID="string_26" HPOS="1353" VPOS="313" WIDTH="72" HEIGHT="21" WC="0.96" CONTENT="som"/><SP WIDTH="24" VPOS="313" HPOS="1425"/>
							<String ID="string_27" HPOS="1449" VPOS="305" WIDTH="66" HEIGHT="29" WC="0.96" CONTENT="den"/><SP WIDTH="20" VPOS="305" HPOS="1515"/>
							<String ID="string_28" HPOS="1535" VPOS="306" WIDTH="159" HEIGHT="35" WC="0.93" CONTENT="gällande"/><SP WIDTH="26" VPOS="306" HPOS="1694"/>
							<String ID="string_29" HPOS="1720" VPOS="315" WIDTH="75" HEIGHT="27" WC="0.92" CONTENT="pro-"/>
						</TextLine>
						<TextLine ID="line_3" HPOS="289" VPOS="351" WIDTH="1507" HEIGHT="41">
							<String ID="string_30" HPOS="289" VPOS="351" WIDTH="167" HEIGHT="30" WC="0.91" CONTENT="visoriska"/><SP WIDTH="23" VPOS="351" HPOS="456"/>
							<String ID="string_31" HPOS="479" VPOS="351" WIDTH="269" HEIGHT="37" WC="0.94" CONTENT="lagstiftningen."/><SP WIDTH="37" VPOS="351" HPOS="748"/>
							<String ID="string_32" HPOS="785" VPOS="351" WIDTH="220" HEIGHT="32" WC="0.96" CONTENT="Reservation"/><SP WIDTH="27" VPOS="351" HPOS="1005"/>
							<String ID="string_33" HPOS="1032" VPOS="352" WIDTH="162" HEIGHT="32" WC="0.96" CONTENT="anfördes"/><SP WIDTH="25" VPOS="352" HPOS="1194"/>
							<String ID="string_34" HPOS="1219" VPOS="363" WIDTH="52" HEIGHT="26" WC="0.96" CONTENT="av,"/><SP WIDTH="26" VPOS="363" HPOS="1271"/>
							<String ID="string_35" HPOS="1297" VPOS="354" WIDTH="105" HEIGHT="30" WC="0.95" CONTENT="bland"/><SP WIDTH="20" VPOS="354" HPOS="1402"/>
							<String ID="string_36" HPOS="1422" VPOS="355" WIDTH="119" HEIGHT="35" WC="0.96" CONTENT="andra,"/><SP WIDTH="26" VPOS="355" HPOS="1541"/>
							<String ID="string_37" HPOS="1567" VPOS="356" WIDTH="78" HEIGHT="29" WC="0.95" CONTENT="herr"/><SP WIDTH="25" VPOS="356" HPOS="1645"/>
							<String ID="string_38" HPOS="1670" VPOS="355" WIDTH="126" HEIGHT="37" WC="0.96" CONTENT="Sigfrid"/>
						</TextLine>
						<TextLine ID="line_4" HPOS="294" VPOS="401" WIDTH="1402" HEIGHT="39">
							<String ID="string_39" HPOS="294" VPOS="401" WIDTH="160" HEIGHT="31" WC="0.96" CONTENT="Hansson"/><SP WIDTH="15" VPOS="401" HPOS="454"/>
							<String ID="string_40" HPOS="469" VPOS="401" WIDTH="108" HEIGHT="37" WC="0.96" CONTENT="jämte"/><SP WIDTH="17" VPOS="401" HPOS="577"/>
							<String ID="string_41" HPOS="594" VPOS="402" WIDTH="77" HEIGHT="37" WC="0.96" CONTENT="fyra"/><SP WIDTH="17" VPOS="402" HPOS="671"/>
							<String ID="string_42" HPOS="688" VPOS="403" WIDTH="110" HEIGHT="30" WC="0.96" CONTENT="andra"/><SP WIDTH="14" VPOS="403" HPOS="798"/>
							<String ID="string_43" HPOS="812" VPOS="404" WIDTH="197" HEIGHT="35" WC="0.96" CONTENT="ledamöter,"/><SP WIDTH="19" VPOS="404" HPOS="1009"/>
							<String ID="string_44" HPOS="1028" VPOS="403" WIDTH="92" HEIGHT="31" WC="0.96" CONTENT="vilka"/><SP WIDTH="18" VPOS="403" HPOS="1120"/>
							<String ID="string_45" HPOS="1138" VPOS="405" WIDTH="130" HEIGHT="35" WC="0.96" CONTENT="yrkade"/><SP WIDTH="17" VPOS="405" HPOS="1268"/>
							<String ID="string_46" HPOS="1285" VPOS="404" WIDTH="97" HEIGHT="30" WC="0.96" CONTENT="bifall"/><SP WIDTH="17" VPOS="404" HPOS="1382"/>
							<String ID="string_47" HPOS="1399" VPOS="406" WIDTH="50" HEIGHT="29" WC="0.96" CONTENT="till"/><SP WIDTH="22" VPOS="406" HPOS="1449"/>
							<String ID="string_48" HPOS="1471" VPOS="406" WIDTH="225" HEIGHT="30" WC="0.96" CONTENT="motionerna."/>
						</TextLine>
					</TextBlock>
					<TextBlock ID="block_2" HPOS="294" VPOS="452" WIDTH="1501" HEIGHT="91">
						<TextLine ID="line_5" HPOS="337" VPOS="452" WIDTH="1458" HEIGHT="39">
							<String ID="string_49" HPOS="337" VPOS="452" WIDTH="194" HEIGHT="37" WC="0.96" CONTENT="Riksdagen"/><SP WIDTH="22" VPOS="452" HPOS="531"/>
							<String ID="string_50" HPOS="553" VPOS="453" WIDTH="98" HEIGHT="31" WC="0.96" CONTENT="biföll"/><SP WIDTH="21" VPOS="453" HPOS="651"/>
							<String ID="string_51" HPOS="672" VPOS="454" WIDTH="182" HEIGHT="30" WC="0.96" CONTENT="utskottets"/><SP WIDTH="19" VPOS="454" HPOS="854"/>
							<String ID="string_52" HPOS="873" VPOS="453" WIDTH="137" HEIGHT="36" WC="0.92" CONTENT="förslag."/><SP WIDTH="22" VPOS="453" HPOS="1010"/>
							<String ID="string_53" HPOS="1032" VPOS="471" WIDTH="44" HEIGHT="3" WC="0.92" CONTENT="—"/><SP WIDTH="21" VPOS="471" HPOS="1076"/>
							<String ID="string_54" HPOS="1097" VPOS="454" WIDTH="70" HEIGHT="37" WC="0.96" CONTENT="Lag"/><SP WIDTH="24" VPOS="454" HPOS="1167"/>
							<String ID="string_55" HPOS="1191" VPOS="455" WIDTH="10" HEIGHT="29" WC="0.96" CONTENT="i"/><SP WIDTH="21" VPOS="455" HPOS="1201"/>
							<String ID="string_56" HPOS="1222" VPOS="456" WIDTH="115" HEIGHT="30" WC="0.96" CONTENT="ämnet"/><SP WIDTH="24" VPOS="456" HPOS="1337"/>
							<String ID="string_57" HPOS="1361" VPOS="455" WIDTH="202" HEIGHT="31" WC="0.96" CONTENT="utfärdades"/><SP WIDTH="18" VPOS="455" HPOS="1563"/>
							<String ID="string_58" HPOS="1581" VPOS="457" WIDTH="150" HEIGHT="30" WC="0.96" CONTENT="därefter"/><SP WIDTH="23" VPOS="457" HPOS="1731"/>
							<String ID="string_59" HPOS="1754" VPOS="466" WIDTH="41" HEIGHT="21" WC="0.95" CONTENT="av"/>
						</TextLine>
						<TextLine ID="line_6" HPOS="294" VPOS="502" WIDTH="925" HEIGHT="41">
							<String ID="string_60" HPOS="294" VPOS="503" WIDTH="121" HEIGHT="36" WC="0.96" CONTENT="Kungl."/><SP WIDTH="18" VPOS="503" HPOS="415"/>
							<String ID="string_61" HPOS="433" VPOS="502" WIDTH="101" HEIGHT="38" WC="0.96" CONTENT="Maj:t"/><SP WIDTH="17" VPOS="502" HPOS="534"/>
							<String ID="string_62" HPOS="551" VPOS="504" WIDTH="65" HEIGHT="30" WC="0.96" CONTENT="den"/><SP WIDTH="19" VPOS="504" HPOS="616"/>
							<String ID="string_63" HPOS="635" VPOS="504" WIDTH="37" HEIGHT="30" WC="0.96" CONTENT="16"/><SP WIDTH="19" VPOS="504" HPOS="672"/>
							<String ID="string_64" HPOS="691" VPOS="504" WIDTH="70" HEIGHT="37" WC="0.96" CONTENT="maj"/><SP WIDTH="22" VPOS="504" HPOS="761"/>
							<String ID="string_65" HPOS="783" VPOS="505" WIDTH="81" HEIGHT="29" WC="0.95" CONTENT="1930"/><SP WIDTH="26" VPOS="505" HPOS="864"/>
							<String ID="string_66" HPOS="890" VPOS="504" WIDTH="57" HEIGHT="39" WC="0.95" CONTENT="(nu"/><SP WIDTH="16" VPOS="504" HPOS="947"/>
							<String ID="string_67" HPOS="963" VPOS="504" WIDTH="159" HEIGHT="37" WC="0.95" CONTENT="gällande"/><SP WIDTH="16" VPOS="504" HPOS="1122"/>
							<String ID="string_68" HPOS="1138" VPOS="504" WIDTH="81" HEIGHT="38" WC="0.95" CONTENT="lag)."/>
						</TextLine>
					</TextBlock>
				</ComposedBlock>
				<ComposedBlock ID="cblock_2" HPOS="278" VPOS="595" WIDTH="1518" HEIGHT="1395">
					<TextBlock ID="block_3" HPOS="286" VPOS="595" WIDTH="1509" HEIGHT="190">
						<TextLine ID="line_7" HPOS="336" VPOS="595" WIDTH="1457" HEIGHT="40">
							<String ID="string_69" HPOS="336" VPOS="595" WIDTH="64" HEIGHT="30" WC="0.96" CONTENT="Vid"/><SP WIDTH="19" VPOS="595" HPOS="400"/>
							<String ID="string_70" HPOS="419" VPOS="596" WIDTH="83" HEIGHT="30" WC="0.94" CONTENT="1935"/><SP WIDTH="18" VPOS="596" HPOS="502"/>
							<String ID="string_71" HPOS="520" VPOS="595" WIDTH="55" HEIGHT="31" WC="0.93" CONTENT="års"/><SP WIDTH="19" VPOS="595" HPOS="575"/>
							<String ID="string_72" HPOS="594" VPOS="596" WIDTH="139" HEIGHT="36" WC="0.93" CONTENT="riksdag"/><SP WIDTH="17" VPOS="596" HPOS="733"/>
							<String ID="string_73" HPOS="750" VPOS="597" WIDTH="220" HEIGHT="29" WC="0.90" CONTENT="hemställdes"/><SP WIDTH="18" VPOS="597" HPOS="970"/>
							<String ID="string_74" HPOS="988" VPOS="597" WIDTH="9" HEIGHT="29" WC="0.96" CONTENT="i"/><SP WIDTH="18" VPOS="597" HPOS="997"/>
							<String ID="string_75" HPOS="1015" VPOS="596" WIDTH="57" HEIGHT="31" WC="0.96" CONTENT="två"/><SP WIDTH="18" VPOS="596" HPOS="1072"/>
							<String ID="string_76" HPOS="1090" VPOS="597" WIDTH="221" HEIGHT="37" WC="0.96" CONTENT="likalydande"/><SP WIDTH="19" VPOS="597" HPOS="1311"/>
							<String ID="string_77" HPOS="1330" VPOS="599" WIDTH="180" HEIGHT="36" WC="0.96" CONTENT="motioner,"/><SP WIDTH="19" VPOS="599" HPOS="1510"/>
							<String ID="string_78" HPOS="1529" VPOS="599" WIDTH="27" HEIGHT="29" WC="0.74" CONTENT="1:"/><SP WIDTH="24" VPOS="599" HPOS="1556"/>
							<String ID="string_79" HPOS="1580" VPOS="600" WIDTH="60" HEIGHT="29" WC="0.96" CONTENT="178"/><SP WIDTH="18" VPOS="600" HPOS="1640"/>
							<String ID="string_80" HPOS="1658" VPOS="608" WIDTH="42" HEIGHT="20" WC="0.93" CONTENT="av"/><SP WIDTH="19" VPOS="608" HPOS="1700"/>
							<String ID="string_81" HPOS="1719" VPOS="600" WIDTH="74" HEIGHT="29" WC="0.91" CONTENT="her-"/>
						</TextLine>
						<TextLine ID="line_8" HPOS="287" VPOS="647" WIDTH="1508" HEIGHT="39">
							<String ID="string_82" HPOS="287" VPOS="654" WIDTH="57" HEIGHT="22" WC="0.95" CONTENT="rar"/><SP WIDTH="26" VPOS="654" HPOS="344"/>
							<String ID="string_83" HPOS="370" VPOS="647" WIDTH="159" HEIGHT="30" WC="0.95" CONTENT="Theodor"/><SP WIDTH="26" VPOS="647" HPOS="529"/>
							<String ID="string_84" HPOS="555" VPOS="647" WIDTH="134" HEIGHT="30" WC="0.96" CONTENT="Nilsson"/><SP WIDTH="24" VPOS="647" HPOS="689"/>
							<String ID="string_85" HPOS="713" VPOS="648" WIDTH="65" HEIGHT="30" WC="0.96" CONTENT="och"/><SP WIDTH="25" VPOS="648" HPOS="778"/>
							<String ID="string_86" HPOS="803" VPOS="647" WIDTH="106" HEIGHT="31" WC="0.96" CONTENT="Jacob"/><SP WIDTH="28" VPOS="647" HPOS="909"/>
							<String ID="string_87" HPOS="937" VPOS="648" WIDTH="161" HEIGHT="30" WC="0.96" CONTENT="Hansson"/><SP WIDTH="24" VPOS="648" HPOS="1098"/>
							<String ID="string_88" HPOS="1122" VPOS="652" WIDTH="88" HEIGHT="27" WC="0.95" CONTENT="samt"/><SP WIDTH="24" VPOS="652" HPOS="1210"/>
							<String ID="string_89" HPOS="1234" VPOS="648" WIDTH="44" HEIGHT="30" WC="0.79" CONTENT="II:"/><SP WIDTH="16" VPOS="648" HPOS="1278"/>
							<String ID="string_90" HPOS="1294" VPOS="649" WIDTH="63" HEIGHT="30" WC="0.79" CONTENT="345"/><SP WIDTH="24" VPOS="649" HPOS="1357"/>
							<String ID="string_91" HPOS="1381" VPOS="658" WIDTH="42" HEIGHT="21" WC="0.96" CONTENT="av"/><SP WIDTH="23" VPOS="658" HPOS="1423"/>
							<String ID="string_92" HPOS="1446" VPOS="649" WIDTH="80" HEIGHT="30" WC="0.96" CONTENT="herr"/><SP WIDTH="24" VPOS="649" HPOS="1526"/>
							<String ID="string_93" HPOS="1550" VPOS="649" WIDTH="245" HEIGHT="37" WC="0.96" CONTENT="Frankenberg"/>
						</TextLine>
						<TextLine ID="line_9" HPOS="288" VPOS="697" WIDTH="1506" HEIGHT="38">
							<String ID="string_94" HPOS="288" VPOS="707" WIDTH="44" HEIGHT="20" WC="0.90" CONTENT="m."/><SP WIDTH="20" VPOS="707" HPOS="332"/>
							<String ID="string_95" HPOS="352" VPOS="697" WIDTH="47" HEIGHT="36" WC="0.89" CONTENT="fl.,"/><SP WIDTH="22" VPOS="697" HPOS="399"/>
							<String ID="string_96" HPOS="421" VPOS="701" WIDTH="48" HEIGHT="27" WC="0.95" CONTENT="att"/><SP WIDTH="19" VPOS="701" HPOS="469"/>
							<String ID="string_97" HPOS="488" VPOS="698" WIDTH="184" HEIGHT="36" WC="0.96" CONTENT="riksdagen"/><SP WIDTH="15" VPOS="698" HPOS="672"/>
							<String ID="string_98" HPOS="687" VPOS="697" WIDTH="106" HEIGHT="32" WC="0.96" CONTENT="måtte"/><SP WIDTH="18" VPOS="697" HPOS="793"/>
							<String ID="string_99" HPOS="811" VPOS="698" WIDTH="141" HEIGHT="36" WC="0.96" CONTENT="besluta,"/><SP WIDTH="18" VPOS="698" HPOS="952"/>
							<String ID="string_100" HPOS="970" VPOS="702" WIDTH="48" HEIGHT="27" WC="0.90" CONTENT="alt"/><SP WIDTH="18" VPOS="702" HPOS="1018"/>
							<String ID="string_101" HPOS="1036" VPOS="699" WIDTH="461" HEIGHT="36" WC="0.91" CONTENT="undantagsbestämmelsen"/><SP WIDTH="19" VPOS="699" HPOS="1497"/>
							<String ID="string_102" HPOS="1516" VPOS="701" WIDTH="147" HEIGHT="30" WC="0.90" CONTENT="rörande"/><SP WIDTH="20" VPOS="701" HPOS="1663"/>
							<String ID="string_103" HPOS="1683" VPOS="701" WIDTH="111" HEIGHT="29" WC="0.90" CONTENT="famil-"/>
						</TextLine>
						<TextLine ID="line_10" HPOS="286" VPOS="747" WIDTH="425" HEIGHT="38">
							<String ID="string_104" HPOS="286" VPOS="747" WIDTH="189" HEIGHT="37" WC="0.91" CONTENT="jebagerier"/><SP WIDTH="20" VPOS="747" HPOS="475"/>
							<String ID="string_105" HPOS="495" VPOS="749" WIDTH="111" HEIGHT="30" WC="0.96" CONTENT="skulle"/><SP WIDTH="16" VPOS="749" HPOS="606"/>
							<String ID="string_106" HPOS="622" VPOS="748" WIDTH="89" HEIGHT="37" WC="0.96" CONTENT="utgå."/>
						</TextLine>
					</TextBlock>
					<TextBlock ID="block_4" HPOS="287" VPOS="799" WIDTH="1509" HEIGHT="240">
						<TextLine ID="line_11" HPOS="332" VPOS="799" WIDTH="1464" HEIGHT="41">
							<String ID="string_107" HPOS="332" VPOS="799" WIDTH="215" HEIGHT="31" WC="0.96" CONTENT="Motionerna"/><SP WIDTH="21" VPOS="799" HPOS="547"/>
							<String ID="string_108" HPOS="568" VPOS="800" WIDTH="235" HEIGHT="30" WC="0.96" CONTENT="behandlades"/><SP WIDTH="21" VPOS="800" HPOS="803"/>
							<String ID="string_109" HPOS="824" VPOS="810" WIDTH="41" HEIGHT="20" WC="0.96" CONTENT="av"/><SP WIDTH="23" VPOS="810" HPOS="865"/>
							<String ID="string_110" HPOS="888" VPOS="801" WIDTH="110" HEIGHT="30" WC="0.96" CONTENT="andra"/><SP WIDTH="21" VPOS="801" HPOS="998"/>
							<String ID="string_111" HPOS="1019" VPOS="800" WIDTH="222" HEIGHT="36" WC="0.93" CONTENT="lagutskottet"/><SP WIDTH="26" VPOS="800" HPOS="1241"/>
							<String ID="string_112" HPOS="1267" VPOS="799" WIDTH="107" HEIGHT="39" WC="0.91" CONTENT="(utlåt."/><SP WIDTH="23" VPOS="799" HPOS="1374"/>
							<String ID="string_113" HPOS="1397" VPOS="811" WIDTH="40" HEIGHT="20" WC="0.95" CONTENT="nr"/><SP WIDTH="24" VPOS="811" HPOS="1437"/>
							<String ID="string_114" HPOS="1461" VPOS="800" WIDTH="69" HEIGHT="40" WC="0.94" CONTENT="24),"/><SP WIDTH="23" VPOS="800" HPOS="1530"/>
							<String ID="string_115" HPOS="1553" VPOS="811" WIDTH="75" HEIGHT="21" WC="0.96" CONTENT="som"/><SP WIDTH="20" VPOS="811" HPOS="1628"/>
							<String ID="string_116" HPOS="1648" VPOS="802" WIDTH="148" HEIGHT="37" WC="0.96" CONTENT="begärde"/>
						</TextLine>
						<TextLine ID="line_12" HPOS="287" VPOS="851" WIDTH="1508" HEIGHT="37">
							<String ID="string_117" HPOS="287" VPOS="851" WIDTH="158" HEIGHT="35" WC="0.96" CONTENT="yttrande"/><SP WIDTH="22" VPOS="851" HPOS="445"/>
							<String ID="string_118" HPOS="467" VPOS="851" WIDTH="81" HEIGHT="30" WC="0.96" CONTENT="över"/><SP WIDTH="18" VPOS="851" HPOS="548"/>
							<String ID="string_119" HPOS="566" VPOS="851" WIDTH="177" HEIGHT="30" WC="0.96" CONTENT="desamma"/><SP WIDTH="23" VPOS="851" HPOS="743"/>
							<String ID="string_120" HPOS="766" VPOS="860" WIDTH="41" HEIGHT="21" WC="0.95" CONTENT="av"/><SP WIDTH="20" VPOS="860" HPOS="807"/>
							<String ID="string_121" HPOS="827" VPOS="851" WIDTH="273" HEIGHT="37" WC="0.96" CONTENT="socialstyrelsen"/><SP WIDTH="24" VPOS="851" HPOS="1100"/>
							<String ID="string_122" HPOS="1124" VPOS="852" WIDTH="64" HEIGHT="30" WC="0.93" CONTENT="och"/><SP WIDTH="26" VPOS="852" HPOS="1188"/>
							<String ID="string_123" HPOS="1214" VPOS="852" WIDTH="374" HEIGHT="36" WC="0.92" CONTENT="kommerskollegium."/><SP WIDTH="38" VPOS="852" HPOS="1588"/>
							<String ID="string_124" HPOS="1626" VPOS="852" WIDTH="169" HEIGHT="30" WC="0.95" CONTENT="Utskottet"/>
						</TextLine>
						<TextLine ID="line_13" HPOS="288" VPOS="899" WIDTH="1503" HEIGHT="39">
							<String ID="string_125" HPOS="288" VPOS="901" WIDTH="159" HEIGHT="29" WC="0.90" CONTENT="iämnade"/><SP WIDTH="19" VPOS="901" HPOS="447"/>
							<String ID="string_126" HPOS="466" VPOS="899" WIDTH="171" HEIGHT="37" WC="0.96" CONTENT="därjämte"/><SP WIDTH="19" VPOS="899" HPOS="637"/>
							<String ID="string_127" HPOS="656" VPOS="901" WIDTH="152" HEIGHT="36" WC="0.93" CONTENT="Sveriges"/><SP WIDTH="19" VPOS="901" HPOS="808"/>
							<String ID="string_128" HPOS="827" VPOS="901" WIDTH="409" HEIGHT="37" WC="0.91" CONTENT="bageriidkareförening,"/><SP WIDTH="22" VPOS="901" HPOS="1236"/>
							<String ID="string_129" HPOS="1258" VPOS="902" WIDTH="146" HEIGHT="30" WC="0.91" CONTENT="svenska"/><SP WIDTH="20" VPOS="902" HPOS="1404"/>
							<String ID="string_130" HPOS="1424" VPOS="902" WIDTH="367" HEIGHT="31" WC="0.91" CONTENT="livsmedelsarbetare-"/>
						</TextLine>
						<TextLine ID="line_14" HPOS="288" VPOS="951" WIDTH="1505" HEIGHT="38">
							<String ID="string_131" HPOS="288" VPOS="951" WIDTH="185" HEIGHT="32" WC="0.96" CONTENT="förbundet"/><SP WIDTH="18" VPOS="951" HPOS="473"/>
							<String ID="string_132" HPOS="491" VPOS="952" WIDTH="66" HEIGHT="30" WC="0.96" CONTENT="och"/><SP WIDTH="15" VPOS="952" HPOS="557"/>
							<String ID="string_133" HPOS="572" VPOS="952" WIDTH="218" HEIGHT="31" WC="0.93" CONTENT="Stockholms"/><SP WIDTH="18" VPOS="952" HPOS="790"/>
							<String ID="string_134" HPOS="808" VPOS="952" WIDTH="426" HEIGHT="37" WC="0.91" CONTENT="bageriindustriförening"/><SP WIDTH="18" VPOS="952" HPOS="1234"/>
							<String ID="string_135" HPOS="1252" VPOS="953" WIDTH="134" HEIGHT="30" WC="0.96" CONTENT="tillfälle"/><SP WIDTH="18" VPOS="953" HPOS="1386"/>
							<String ID="string_136" HPOS="1404" VPOS="956" WIDTH="48" HEIGHT="28" WC="0.96" CONTENT="att"/><SP WIDTH="21" VPOS="956" HPOS="1452"/>
							<String ID="string_137" HPOS="1473" VPOS="956" WIDTH="90" HEIGHT="33" WC="0.96" CONTENT="yttra"/><SP WIDTH="21" VPOS="956" HPOS="1563"/>
							<String ID="string_138" HPOS="1584" VPOS="953" WIDTH="48" HEIGHT="36" WC="0.96" CONTENT="sig"/><SP WIDTH="19" VPOS="953" HPOS="1632"/>
							<String ID="string_139" HPOS="1651" VPOS="954" WIDTH="9" HEIGHT="29" WC="0.93" CONTENT="i"/><SP WIDTH="19" VPOS="954" HPOS="1660"/>
							<String ID="string_140" HPOS="1679" VPOS="954" WIDTH="114" HEIGHT="30" WC="0.90" CONTENT="anled-"/>
						</TextLine>
						<TextLine ID="line_15" HPOS="287" VPOS="1002" WIDTH="384" HEIGHT="37">
							<String ID="string_141" HPOS="287" VPOS="1002" WIDTH="81" HEIGHT="37" WC="0.96" CONTENT="ning"/><SP WIDTH="18" VPOS="1002" HPOS="368"/>
							<String ID="string_142" HPOS="386" VPOS="1012" WIDTH="42" HEIGHT="21" WC="0.96" CONTENT="av"/><SP WIDTH="16" VPOS="1012" HPOS="428"/>
							<String ID="string_143" HPOS="444" VPOS="1003" WIDTH="227" HEIGHT="30" WC="0.95" CONTENT="motionerna."/>
						</TextLine>
					</TextBlock>
					<TextBlock ID="block_5" HPOS="325" VPOS="1052" WIDTH="996" HEIGHT="38">
						<TextLine ID="line_16" HPOS="325" VPOS="1052" WIDTH="996" HEIGHT="38">
							<String ID="string_144" HPOS="325" VPOS="1052" WIDTH="281" HEIGHT="37" WC="0.95" CONTENT="Socialstyrelsen"/><SP WIDTH="21" VPOS="1052" HPOS="606"/>
							<String ID="string_145" HPOS="627" VPOS="1054" WIDTH="145" HEIGHT="30" WC="0.96" CONTENT="anförde"/><SP WIDTH="22" VPOS="1054" HPOS="772"/>
							<String ID="string_146" HPOS="794" VPOS="1054" WIDTH="10" HEIGHT="30" WC="0.96" CONTENT="i"/><SP WIDTH="22" VPOS="1054" HPOS="804"/>
							<String ID="string_147" HPOS="826" VPOS="1054" WIDTH="56" HEIGHT="30" WC="0.96" CONTENT="sitt"/><SP WIDTH="19" VPOS="1054" HPOS="882"/>
							<String ID="string_148" HPOS="901" VPOS="1055" WIDTH="160" HEIGHT="35" WC="0.96" CONTENT="yttrande"/><SP WIDTH="15" VPOS="1055" HPOS="1061"/>
							<String ID="string_149" HPOS="1076" VPOS="1055" WIDTH="106" HEIGHT="29" WC="0.96" CONTENT="bland"/><SP WIDTH="20" VPOS="1055" HPOS="1182"/>
							<String ID="string_150" HPOS="1202" VPOS="1057" WIDTH="119" HEIGHT="27" WC="0.95" CONTENT="annat:"/>
						</TextLine>
					</TextBlock>
					<TextBlock ID="block_6" HPOS="278" VPOS="1103" WIDTH="1515" HEIGHT="716">
						<TextLine ID="line_17" HPOS="326" VPOS="1103" WIDTH="1464" HEIGHT="39">
							<String ID="string_151" HPOS="326" VPOS="1103" WIDTH="51" HEIGHT="30" WC="0.96" CONTENT="En"/><SP WIDTH="23" VPOS="1103" HPOS="377"/>
							<String ID="string_152" HPOS="400" VPOS="1104" WIDTH="136" HEIGHT="36" WC="0.95" CONTENT="allsidig"/><SP WIDTH="22" VPOS="1104" HPOS="536"/>
							<String ID="string_153" HPOS="558" VPOS="1105" WIDTH="65" HEIGHT="30" WC="0.96" CONTENT="och"/><SP WIDTH="24" VPOS="1105" HPOS="623"/>
							<String ID="string_154" HPOS="647" VPOS="1104" WIDTH="79" HEIGHT="31" WC="0.96" CONTENT="fullt"/><SP WIDTH="25" VPOS="1104" HPOS="726"/>
							<String ID="string_155" HPOS="751" VPOS="1104" WIDTH="193" HEIGHT="38" WC="0.96" CONTENT="tillförlitlig"/><SP WIDTH="26" VPOS="1104" HPOS="944"/>
							<String ID="string_156" HPOS="970" VPOS="1105" WIDTH="73" HEIGHT="30" WC="0.96" CONTENT="bild"/><SP WIDTH="25" VPOS="1105" HPOS="1043"/>
							<String ID="string_157" HPOS="1068" VPOS="1115" WIDTH="42" HEIGHT="20" WC="0.96" CONTENT="av"/><SP WIDTH="23" VPOS="1115" HPOS="1110"/>
							<String ID="string_158" HPOS="1133" VPOS="1106" WIDTH="56" HEIGHT="29" WC="0.96" CONTENT="det"/><SP WIDTH="26" VPOS="1106" HPOS="1189"/>
							<String ID="string_159" HPOS="1215" VPOS="1106" WIDTH="201" HEIGHT="30" WC="0.95" CONTENT="nuvarande"/><SP WIDTH="25" VPOS="1106" HPOS="1416"/>
							<String ID="string_160" HPOS="1441" VPOS="1105" WIDTH="89" HEIGHT="37" WC="0.95" CONTENT="läget"/><SP WIDTH="24" VPOS="1105" HPOS="1530"/>
							<String ID="string_161" HPOS="1554" VPOS="1106" WIDTH="70" HEIGHT="30" WC="0.96" CONTENT="kan"/><SP WIDTH="28" VPOS="1106" HPOS="1624"/>
							<String ID="string_162" HPOS="1652" VPOS="1106" WIDTH="138" HEIGHT="36" WC="0.96" CONTENT="givetvis"/>
						</TextLine>
						<TextLine ID="line_18" HPOS="280" VPOS="1146" WIDTH="1511" HEIGHT="39">
							<String ID="string_163" HPOS="280" VPOS="1147" WIDTH="120" HEIGHT="29" WC="0.95" CONTENT="endast"/><SP WIDTH="20" VPOS="1147" HPOS="400"/>
							<String ID="string_164" HPOS="420" VPOS="1146" WIDTH="148" HEIGHT="31" WC="0.96" CONTENT="erhållas"/><SP WIDTH="21" VPOS="1146" HPOS="568"/>
							<String ID="string_165" HPOS="589" VPOS="1155" WIDTH="122" HEIGHT="29" WC="0.96" CONTENT="genom"/><SP WIDTH="22" VPOS="1155" HPOS="711"/>
							<String ID="string_166" HPOS="733" VPOS="1157" WIDTH="43" HEIGHT="20" WC="0.96" CONTENT="en"/><SP WIDTH="20" VPOS="1157" HPOS="776"/>
							<String ID="string_167" HPOS="796" VPOS="1147" WIDTH="216" HEIGHT="31" WC="0.96" CONTENT="omfattande"/><SP WIDTH="20" VPOS="1147" HPOS="1012"/>
							<String ID="string_168" HPOS="1032" VPOS="1148" WIDTH="259" HEIGHT="37" WC="0.96" CONTENT="undersökning"/><SP WIDTH="21" VPOS="1148" HPOS="1291"/>
							<String ID="string_169" HPOS="1312" VPOS="1148" WIDTH="9" HEIGHT="30" WC="0.96" CONTENT="i"/><SP WIDTH="23" VPOS="1148" HPOS="1321"/>
							<String ID="string_170" HPOS="1344" VPOS="1149" WIDTH="115" HEIGHT="29" WC="0.96" CONTENT="ämnet"/><SP WIDTH="24" VPOS="1149" HPOS="1459"/>
							<String ID="string_171" HPOS="1483" VPOS="1148" WIDTH="164" HEIGHT="31" WC="0.96" CONTENT="liknande"/><SP WIDTH="20" VPOS="1148" HPOS="1647"/>
							<String ID="string_172" HPOS="1667" VPOS="1149" WIDTH="64" HEIGHT="29" WC="0.96" CONTENT="den"/><SP WIDTH="22" VPOS="1149" HPOS="1731"/>
							<String ID="string_173" HPOS="1753" VPOS="1148" WIDTH="38" HEIGHT="31" WC="0.96" CONTENT="år"/>
						</TextLine>
						<TextLine ID="line_19" HPOS="284" VPOS="1188" WIDTH="1507" HEIGHT="38">
							<String ID="string_174" HPOS="284" VPOS="1189" WIDTH="81" HEIGHT="29" WC="0.92" CONTENT="1925"/><SP WIDTH="27" VPOS="1189" HPOS="365"/>
							<String ID="string_175" HPOS="392" VPOS="1188" WIDTH="190" HEIGHT="37" WC="0.91" CONTENT="företagna."/><SP WIDTH="46" VPOS="1188" HPOS="582"/>
							<String ID="string_176" HPOS="628" VPOS="1190" WIDTH="136" HEIGHT="36" WC="0.88" CONTENT="Mycket"/><SP WIDTH="26" VPOS="1190" HPOS="764"/>
							<String ID="string_177" HPOS="790" VPOS="1190" WIDTH="88" HEIGHT="30" WC="0.95" CONTENT="talar"/><SP WIDTH="27" VPOS="1190" HPOS="878"/>
							<String ID="string_178" HPOS="905" VPOS="1190" WIDTH="190" HEIGHT="30" WC="0.95" CONTENT="emellertid"/><SP WIDTH="28" VPOS="1190" HPOS="1095"/>
							<String ID="string_179" HPOS="1123" VPOS="1190" WIDTH="54" HEIGHT="30" WC="0.96" CONTENT="för"/><SP WIDTH="28" VPOS="1190" HPOS="1177"/>
							<String ID="string_180" HPOS="1205" VPOS="1193" WIDTH="49" HEIGHT="27" WC="0.96" CONTENT="att"/><SP WIDTH="29" VPOS="1193" HPOS="1254"/>
							<String ID="string_181" HPOS="1283" VPOS="1190" WIDTH="267" HEIGHT="31" WC="0.96" CONTENT="förhållandena"/><SP WIDTH="27" VPOS="1190" HPOS="1550"/>
							<String ID="string_182" HPOS="1577" VPOS="1191" WIDTH="10" HEIGHT="30" WC="0.95" CONTENT="i"/><SP WIDTH="28" VPOS="1191" HPOS="1587"/>
							<String ID="string_183" HPOS="1615" VPOS="1194" WIDTH="84" HEIGHT="27" WC="0.96" CONTENT="stort"/><SP WIDTH="29" VPOS="1194" HPOS="1699"/>
							<String ID="string_184" HPOS="1728" VPOS="1193" WIDTH="63" HEIGHT="28" WC="0.96" CONTENT="sett"/>
						</TextLine>
						<TextLine ID="line_20" HPOS="283" VPOS="1230" WIDTH="1510" HEIGHT="40">
							<String ID="string_185" HPOS="283" VPOS="1230" WIDTH="118" HEIGHT="30" WC="0.95" CONTENT="kunna"/><SP WIDTH="26" VPOS="1230" HPOS="401"/>
							<String ID="string_186" HPOS="427" VPOS="1231" WIDTH="270" HEIGHT="31" WC="0.95" CONTENT="karakteriseras"/><SP WIDTH="28" VPOS="1231" HPOS="697"/>
							<String ID="string_187" HPOS="725" VPOS="1231" WIDTH="45" HEIGHT="37" WC="0.96" CONTENT="på"/><SP WIDTH="27" VPOS="1231" HPOS="770"/>
							<String ID="string_188" HPOS="797" VPOS="1232" WIDTH="146" HEIGHT="36" WC="0.96" CONTENT="ungefär"/><SP WIDTH="27" VPOS="1232" HPOS="943"/>
							<String ID="string_189" HPOS="970" VPOS="1242" WIDTH="135" HEIGHT="21" WC="0.96" CONTENT="samma"/><SP WIDTH="26" VPOS="1242" HPOS="1105"/>
							<String ID="string_190" HPOS="1131" VPOS="1234" WIDTH="66" HEIGHT="29" WC="0.96" CONTENT="sätt"/><SP WIDTH="27" VPOS="1234" HPOS="1197"/>
							<String ID="string_191" HPOS="1224" VPOS="1242" WIDTH="75" HEIGHT="21" WC="0.96" CONTENT="som"/><SP WIDTH="26" VPOS="1242" HPOS="1299"/>
							<String ID="string_192" HPOS="1325" VPOS="1233" WIDTH="127" HEIGHT="30" WC="0.96" CONTENT="skedde"/><SP WIDTH="28" VPOS="1233" HPOS="1452"/>
							<String ID="string_193" HPOS="1480" VPOS="1233" WIDTH="9" HEIGHT="29" WC="0.96" CONTENT="i"/><SP WIDTH="26" VPOS="1233" HPOS="1489"/>
							<String ID="string_194" HPOS="1515" VPOS="1234" WIDTH="200" HEIGHT="36" WC="0.95" CONTENT="anslutning"/><SP WIDTH="28" VPOS="1234" HPOS="1715"/>
							<String ID="string_195" HPOS="1743" VPOS="1234" WIDTH="50" HEIGHT="30" WC="0.96" CONTENT="till"/>
						</TextLine>
						<TextLine ID="line_21" HPOS="283" VPOS="1271" WIDTH="1508" HEIGHT="41">
							<String ID="string_196" HPOS="283" VPOS="1272" WIDTH="67" HEIGHT="30" WC="0.96" CONTENT="den"/><SP WIDTH="21" VPOS="1272" HPOS="350"/>
							<String ID="string_197" HPOS="371" VPOS="1271" WIDTH="38" HEIGHT="32" WC="0.96" CONTENT="år"/><SP WIDTH="22" VPOS="1271" HPOS="409"/>
							<String ID="string_198" HPOS="431" VPOS="1274" WIDTH="83" HEIGHT="30" WC="0.95" CONTENT="1925"/><SP WIDTH="24" VPOS="1274" HPOS="514"/>
							<String ID="string_199" HPOS="538" VPOS="1274" WIDTH="209" HEIGHT="30" WC="0.96" CONTENT="verkställda"/><SP WIDTH="22" VPOS="1274" HPOS="747"/>
							<String ID="string_200" HPOS="769" VPOS="1275" WIDTH="314" HEIGHT="35" WC="0.96" CONTENT="undersökningen."/><SP WIDTH="23" VPOS="1275" HPOS="1083"/>
							<String ID="string_201" HPOS="1106" VPOS="1275" WIDTH="53" HEIGHT="30" WC="0.96" CONTENT="En"/><SP WIDTH="23" VPOS="1275" HPOS="1159"/>
							<String ID="string_202" HPOS="1182" VPOS="1275" WIDTH="107" HEIGHT="36" WC="0.96" CONTENT="viktig"/><SP WIDTH="21" VPOS="1275" HPOS="1289"/>
							<String ID="string_203" HPOS="1310" VPOS="1275" WIDTH="150" HEIGHT="31" WC="0.96" CONTENT="skillnad"/><SP WIDTH="22" VPOS="1275" HPOS="1460"/>
							<String ID="string_204" HPOS="1482" VPOS="1275" WIDTH="183" HEIGHT="37" WC="0.96" CONTENT="föreligger"/><SP WIDTH="20" VPOS="1275" HPOS="1665"/>
							<String ID="string_205" HPOS="1685" VPOS="1276" WIDTH="106" HEIGHT="30" WC="0.96" CONTENT="likväl"/>
						</TextLine>
						<TextLine ID="line_22" HPOS="284" VPOS="1315" WIDTH="1506" HEIGHT="39">
							<String ID="string_206" HPOS="284" VPOS="1316" WIDTH="79" HEIGHT="29" WC="0.96" CONTENT="med"/><SP WIDTH="15" VPOS="1316" HPOS="363"/>
							<String ID="string_207" HPOS="378" VPOS="1316" WIDTH="136" HEIGHT="36" WC="0.95" CONTENT="hänsyn"/><SP WIDTH="16" VPOS="1316" HPOS="514"/>
							<String ID="string_208" HPOS="530" VPOS="1316" WIDTH="52" HEIGHT="30" WC="0.95" CONTENT="till"/><SP WIDTH="17" VPOS="1316" HPOS="582"/>
							<String ID="string_209" HPOS="599" VPOS="1317" WIDTH="65" HEIGHT="29" WC="0.96" CONTENT="den"/><SP WIDTH="15" VPOS="1317" HPOS="664"/>
							<String ID="string_210" HPOS="679" VPOS="1315" WIDTH="37" HEIGHT="31" WC="0.96" CONTENT="år"/><SP WIDTH="19" VPOS="1315" HPOS="716"/>
							<String ID="string_211" HPOS="735" VPOS="1318" WIDTH="84" HEIGHT="29" WC="0.95" CONTENT="1926"/><SP WIDTH="17" VPOS="1318" HPOS="819"/>
							<String ID="string_212" HPOS="836" VPOS="1317" WIDTH="162" HEIGHT="36" WC="0.96" CONTENT="vidtagna"/><SP WIDTH="17" VPOS="1317" HPOS="998"/>
							<String ID="string_213" HPOS="1015" VPOS="1317" WIDTH="259" HEIGHT="37" WC="0.96" CONTENT="lagändringen,"/><SP WIDTH="18" VPOS="1317" HPOS="1274"/>
							<String ID="string_214" HPOS="1292" VPOS="1318" WIDTH="199" HEIGHT="36" WC="0.96" CONTENT="varigenom"/><SP WIDTH="17" VPOS="1318" HPOS="1491"/>
							<String ID="string_215" HPOS="1508" VPOS="1318" WIDTH="94" HEIGHT="30" WC="0.96" CONTENT="tiden"/><SP WIDTH="17" VPOS="1318" HPOS="1602"/>
							<String ID="string_216" HPOS="1619" VPOS="1318" WIDTH="55" HEIGHT="30" WC="0.93" CONTENT="för"/><SP WIDTH="16" VPOS="1318" HPOS="1674"/>
							<String ID="string_217" HPOS="1690" VPOS="1319" WIDTH="100" HEIGHT="35" WC="0.92" CONTENT="bage-"/>
						</TextLine>
						<TextLine ID="line_23" HPOS="284" VPOS="1358" WIDTH="1505" HEIGHT="37">
							<String ID="string_218" HPOS="284" VPOS="1358" WIDTH="177" HEIGHT="31" WC="0.91" CONTENT="riarbetets"/><SP WIDTH="20" VPOS="1358" HPOS="461"/>
							<String ID="string_219" HPOS="481" VPOS="1359" WIDTH="126" HEIGHT="36" WC="0.93" CONTENT="början"/><SP WIDTH="18" VPOS="1359" HPOS="607"/>
							<String ID="string_220" HPOS="625" VPOS="1359" WIDTH="308" HEIGHT="36" WC="0.91" CONTENT="tillbakaflyttades"/><SP WIDTH="20" VPOS="1359" HPOS="933"/>
							<String ID="string_221" HPOS="953" VPOS="1359" WIDTH="80" HEIGHT="31" WC="0.96" CONTENT="från"/><SP WIDTH="18" VPOS="1359" HPOS="1033"/>
							<String ID="string_222" HPOS="1051" VPOS="1360" WIDTH="44" HEIGHT="30" WC="0.95" CONTENT="kl."/><SP WIDTH="20" VPOS="1360" HPOS="1095"/>
							<String ID="string_223" HPOS="1115" VPOS="1361" WIDTH="19" HEIGHT="29" WC="0.96" CONTENT="6"/><SP WIDTH="18" VPOS="1361" HPOS="1134"/>
							<String ID="string_224" HPOS="1152" VPOS="1360" WIDTH="49" HEIGHT="30" WC="0.96" CONTENT="till"/><SP WIDTH="17" VPOS="1360" HPOS="1201"/>
							<String ID="string_225" HPOS="1218" VPOS="1361" WIDTH="46" HEIGHT="30" WC="0.95" CONTENT="kl."/><SP WIDTH="19" VPOS="1361" HPOS="1264"/>
							<String ID="string_226" HPOS="1283" VPOS="1361" WIDTH="18" HEIGHT="29" WC="0.92" CONTENT="5"/><SP WIDTH="19" VPOS="1361" HPOS="1301"/>
							<String ID="string_227" HPOS="1320" VPOS="1360" WIDTH="23" HEIGHT="30" WC="0.92" CONTENT="f."/><SP WIDTH="18" VPOS="1360" HPOS="1343"/>
							<String ID="string_228" HPOS="1361" VPOS="1370" WIDTH="45" HEIGHT="20" WC="0.89" CONTENT="m."/><SP WIDTH="20" VPOS="1370" HPOS="1406"/>
							<String ID="string_229" HPOS="1426" VPOS="1360" WIDTH="66" HEIGHT="30" WC="0.96" CONTENT="Vid"/><SP WIDTH="16" VPOS="1360" HPOS="1492"/>
							<String ID="string_230" HPOS="1508" VPOS="1361" WIDTH="69" HEIGHT="29" WC="0.96" CONTENT="den"/><SP WIDTH="22" VPOS="1361" HPOS="1577"/>
							<String ID="string_231" HPOS="1599" VPOS="1361" WIDTH="82" HEIGHT="29" WC="0.90" CONTENT="1925"/><SP WIDTH="20" VPOS="1361" HPOS="1681"/>
							<String ID="string_232" HPOS="1701" VPOS="1360" WIDTH="88" HEIGHT="30" WC="0.92" CONTENT="före-"/>
						</TextLine>
						<TextLine ID="line_24" HPOS="283" VPOS="1400" WIDTH="1508" HEIGHT="38">
							<String ID="string_233" HPOS="283" VPOS="1403" WIDTH="104" HEIGHT="34" WC="0.95" CONTENT="tagna"/><SP WIDTH="16" VPOS="1403" HPOS="387"/>
							<String ID="string_234" HPOS="403" VPOS="1401" WIDTH="228" HEIGHT="36" WC="0.96" CONTENT="utredningen"/><SP WIDTH="17" VPOS="1401" HPOS="631"/>
							<String ID="string_235" HPOS="648" VPOS="1402" WIDTH="116" HEIGHT="29" WC="0.95" CONTENT="kunde"/><SP WIDTH="20" VPOS="1402" HPOS="764"/>
							<String ID="string_236" HPOS="784" VPOS="1402" WIDTH="74" HEIGHT="29" WC="0.95" CONTENT="icke"/><SP WIDTH="19" VPOS="1402" HPOS="858"/>
							<String ID="string_237" HPOS="877" VPOS="1400" WIDTH="147" HEIGHT="38" WC="0.96" CONTENT="påvisas,"/><SP WIDTH="20" VPOS="1400" HPOS="1024"/>
							<String ID="string_238" HPOS="1044" VPOS="1405" WIDTH="48" HEIGHT="27" WC="0.93" CONTENT="att"/><SP WIDTH="19" VPOS="1405" HPOS="1092"/>
							<String ID="string_239" HPOS="1111" VPOS="1402" WIDTH="201" HEIGHT="36" WC="0.91" CONTENT="bagerierna"/><SP WIDTH="19" VPOS="1402" HPOS="1312"/>
							<String ID="string_240" HPOS="1331" VPOS="1405" WIDTH="85" HEIGHT="27" WC="0.96" CONTENT="utan"/><SP WIDTH="18" VPOS="1405" HPOS="1416"/>
							<String ID="string_241" HPOS="1434" VPOS="1402" WIDTH="140" HEIGHT="31" WC="0.96" CONTENT="särskilt"/><SP WIDTH="18" VPOS="1402" HPOS="1574"/>
							<String ID="string_242" HPOS="1592" VPOS="1402" WIDTH="171" HEIGHT="30" WC="0.96" CONTENT="anställda"/><SP WIDTH="18" VPOS="1402" HPOS="1763"/>
							<String ID="string_243" HPOS="1781" VPOS="1402" WIDTH="10" HEIGHT="30" WC="0.96" CONTENT="i"/>
						</TextLine>
						<TextLine ID="line_25" HPOS="280" VPOS="1442" WIDTH="1509" HEIGHT="38">
							<String ID="string_244" HPOS="280" VPOS="1444" WIDTH="190" HEIGHT="29" WC="0.96" CONTENT="allmänhet"/><SP WIDTH="14" VPOS="1444" HPOS="470"/>
							<String ID="string_245" HPOS="484" VPOS="1442" WIDTH="145" HEIGHT="38" WC="0.96" CONTENT="började"/><SP WIDTH="16" VPOS="1442" HPOS="629"/>
							<String ID="string_246" HPOS="645" VPOS="1443" WIDTH="52" HEIGHT="30" WC="0.96" CONTENT="sin"/><SP WIDTH="15" VPOS="1443" HPOS="697"/>
							<String ID="string_247" HPOS="712" VPOS="1443" WIDTH="297" HEIGHT="37" WC="0.96" CONTENT="brödförsäljning"/><SP WIDTH="17" VPOS="1443" HPOS="1009"/>
							<String ID="string_248" HPOS="1026" VPOS="1444" WIDTH="142" HEIGHT="36" WC="0.96" CONTENT="tidigare"/><SP WIDTH="16" VPOS="1444" HPOS="1168"/>
							<String ID="string_249" HPOS="1184" VPOS="1446" WIDTH="45" HEIGHT="29" WC="0.96" CONTENT="än"/><SP WIDTH="15" VPOS="1446" HPOS="1229"/>
							<String ID="string_250" HPOS="1244" VPOS="1444" WIDTH="118" HEIGHT="36" WC="0.96" CONTENT="övriga"/><SP WIDTH="15" VPOS="1444" HPOS="1362"/>
							<String ID="string_251" HPOS="1377" VPOS="1444" WIDTH="165" HEIGHT="36" WC="0.96" CONTENT="bagerier."/><SP WIDTH="17" VPOS="1444" HPOS="1542"/>
							<String ID="string_252" HPOS="1559" VPOS="1445" WIDTH="151" HEIGHT="30" WC="0.93" CONTENT="Numera"/><SP WIDTH="14" VPOS="1445" HPOS="1710"/>
							<String ID="string_253" HPOS="1724" VPOS="1447" WIDTH="65" HEIGHT="27" WC="0.92" CONTENT="tor-"/>
						</TextLine>
						<TextLine ID="line_26" HPOS="278" VPOS="1486" WIDTH="1512" HEIGHT="37">
							<String ID="string_254" HPOS="278" VPOS="1487" WIDTH="43" HEIGHT="29" WC="0.96" CONTENT="de"/><SP WIDTH="19" VPOS="1487" HPOS="321"/>
							<String ID="string_255" HPOS="340" VPOS="1487" WIDTH="77" HEIGHT="29" WC="0.96" CONTENT="med"/><SP WIDTH="20" VPOS="1487" HPOS="417"/>
							<String ID="string_256" HPOS="437" VPOS="1487" WIDTH="131" HEIGHT="35" WC="0.96" CONTENT="ganska"/><SP WIDTH="21" VPOS="1487" HPOS="568"/>
							<String ID="string_257" HPOS="589" VPOS="1487" WIDTH="68" HEIGHT="35" WC="0.95" CONTENT="hög"/><SP WIDTH="20" VPOS="1487" HPOS="657"/>
							<String ID="string_258" HPOS="677" VPOS="1487" WIDTH="85" HEIGHT="35" WC="0.96" CONTENT="grad"/><SP WIDTH="21" VPOS="1487" HPOS="762"/>
							<String ID="string_259" HPOS="783" VPOS="1496" WIDTH="42" HEIGHT="20" WC="0.96" CONTENT="av"/><SP WIDTH="19" VPOS="1496" HPOS="825"/>
							<String ID="string_260" HPOS="844" VPOS="1487" WIDTH="159" HEIGHT="30" WC="0.96" CONTENT="säkerhet"/><SP WIDTH="20" VPOS="1487" HPOS="1003"/>
							<String ID="string_261" HPOS="1023" VPOS="1487" WIDTH="119" HEIGHT="30" WC="0.96" CONTENT="kunna"/><SP WIDTH="20" VPOS="1487" HPOS="1142"/>
							<String ID="string_262" HPOS="1162" VPOS="1489" WIDTH="108" HEIGHT="34" WC="0.96" CONTENT="sägas,"/><SP WIDTH="23" VPOS="1489" HPOS="1270"/>
							<String ID="string_263" HPOS="1293" VPOS="1490" WIDTH="49" HEIGHT="27" WC="0.93" CONTENT="att"/><SP WIDTH="20" VPOS="1490" HPOS="1342"/>
							<String ID="string_264" HPOS="1362" VPOS="1486" WIDTH="338" HEIGHT="37" WC="0.91" CONTENT="familjebagerierna"/><SP WIDTH="16" VPOS="1486" HPOS="1700"/>
							<String ID="string_265" HPOS="1716" VPOS="1487" WIDTH="74" HEIGHT="30" WC="0.96" CONTENT="icke"/>
						</TextLine>
						<TextLine ID="line_27" HPOS="281" VPOS="1528" WIDTH="1509" HEIGHT="38">
							<String ID="string_266" HPOS="281" VPOS="1529" WIDTH="8" HEIGHT="29" WC="0.96" CONTENT="i"/><SP WIDTH="27" VPOS="1529" HPOS="289"/>
							<String ID="string_267" HPOS="316" VPOS="1528" WIDTH="113" HEIGHT="37" WC="0.96" CONTENT="någon"/><SP WIDTH="28" VPOS="1528" HPOS="429"/>
							<String ID="string_268" HPOS="457" VPOS="1538" WIDTH="95" HEIGHT="21" WC="0.95" CONTENT="mera"/><SP WIDTH="26" VPOS="1538" HPOS="552"/>
							<String ID="string_269" HPOS="578" VPOS="1529" WIDTH="167" HEIGHT="30" WC="0.96" CONTENT="avsevärd"/><SP WIDTH="26" VPOS="1529" HPOS="745"/>
							<String ID="string_270" HPOS="771" VPOS="1529" WIDTH="209" HEIGHT="36" WC="0.96" CONTENT="omfattning"/><SP WIDTH="29" VPOS="1529" HPOS="980"/>
							<String ID="string_271" HPOS="1009" VPOS="1529" WIDTH="100" HEIGHT="36" WC="0.96" CONTENT="börja"/><SP WIDTH="26" VPOS="1529" HPOS="1109"/>
							<String ID="string_272" HPOS="1135" VPOS="1530" WIDTH="130" HEIGHT="30" WC="0.96" CONTENT="arbetet"/><SP WIDTH="26" VPOS="1530" HPOS="1265"/>
							<String ID="string_273" HPOS="1291" VPOS="1529" WIDTH="144" HEIGHT="37" WC="0.96" CONTENT="tidigare"/><SP WIDTH="27" VPOS="1529" HPOS="1435"/>
							<String ID="string_274" HPOS="1462" VPOS="1531" WIDTH="45" HEIGHT="28" WC="0.96" CONTENT="än"/><SP WIDTH="30" VPOS="1531" HPOS="1507"/>
							<String ID="string_275" HPOS="1537" VPOS="1530" WIDTH="10" HEIGHT="29" WC="0.93" CONTENT="i"/><SP WIDTH="26" VPOS="1530" HPOS="1547"/>
							<String ID="string_276" HPOS="1573" VPOS="1530" WIDTH="217" HEIGHT="36" WC="0.91" CONTENT="bagerilagen"/>
						</TextLine>
						<TextLine ID="line_28" HPOS="280" VPOS="1571" WIDTH="1510" HEIGHT="38">
							<String ID="string_277" HPOS="280" VPOS="1571" WIDTH="171" HEIGHT="36" WC="0.92" CONTENT="medgives"/><SP WIDTH="19" VPOS="1571" HPOS="451"/>
							<String ID="string_278" HPOS="470" VPOS="1571" WIDTH="81" HEIGHT="30" WC="0.96" CONTENT="eller"/><SP WIDTH="21" VPOS="1571" HPOS="551"/>
							<String ID="string_279" HPOS="572" VPOS="1571" WIDTH="45" HEIGHT="30" WC="0.96" CONTENT="kl."/><SP WIDTH="22" VPOS="1571" HPOS="617"/>
							<String ID="string_280" HPOS="639" VPOS="1571" WIDTH="18" HEIGHT="30" WC="0.92" CONTENT="5"/><SP WIDTH="22" VPOS="1571" HPOS="657"/>
							<String ID="string_281" HPOS="679" VPOS="1571" WIDTH="23" HEIGHT="30" WC="0.81" CONTENT="f."/><SP WIDTH="22" VPOS="1571" HPOS="702"/>
							<String ID="string_282" HPOS="724" VPOS="1581" WIDTH="45" HEIGHT="20" WC="0.91" CONTENT="m."/><SP WIDTH="21" VPOS="1581" HPOS="769"/>
							<String ID="string_283" HPOS="790" VPOS="1589" WIDTH="102" HEIGHT="3" WC="0.65" CONTENT="——"/><SP WIDTH="15" VPOS="1589" HPOS="892"/>
							<String ID="string_284" HPOS="907" VPOS="1589" WIDTH="45" HEIGHT="3" WC="0.82" CONTENT="—"/><SP WIDTH="21" VPOS="1589" HPOS="952"/>
							<String ID="string_285" HPOS="973" VPOS="1571" WIDTH="156" HEIGHT="37" WC="0.91" CONTENT="Påpekas"/><SP WIDTH="20" VPOS="1571" HPOS="1129"/>
							<String ID="string_286" HPOS="1149" VPOS="1571" WIDTH="56" HEIGHT="31" WC="0.90" CONTENT="må"/><SP WIDTH="19" VPOS="1571" HPOS="1205"/>
							<String ID="string_287" HPOS="1224" VPOS="1572" WIDTH="195" HEIGHT="35" WC="0.90" CONTENT="härutöver,"/><SP WIDTH="21" VPOS="1572" HPOS="1419"/>
							<String ID="string_288" HPOS="1440" VPOS="1575" WIDTH="49" HEIGHT="26" WC="0.96" CONTENT="att"/><SP WIDTH="22" VPOS="1575" HPOS="1489"/>
							<String ID="string_289" HPOS="1511" VPOS="1572" WIDTH="67" HEIGHT="30" WC="0.96" CONTENT="den"/><SP WIDTH="21" VPOS="1572" HPOS="1578"/>
							<String ID="string_290" HPOS="1599" VPOS="1572" WIDTH="129" HEIGHT="37" WC="0.96" CONTENT="ökning"/><SP WIDTH="20" VPOS="1572" HPOS="1728"/>
							<String ID="string_291" HPOS="1748" VPOS="1580" WIDTH="42" HEIGHT="21" WC="0.95" CONTENT="av"/>
						</TextLine>
						<TextLine ID="line_29" HPOS="280" VPOS="1612" WIDTH="1511" HEIGHT="38">
							<String ID="string_292" HPOS="280" VPOS="1612" WIDTH="347" HEIGHT="37" WC="0.88" CONTENT="familjebagerierna,"/><SP WIDTH="24" VPOS="1612" HPOS="627"/>
							<String ID="string_293" HPOS="651" VPOS="1622" WIDTH="75" HEIGHT="21" WC="0.96" CONTENT="som"/><SP WIDTH="22" VPOS="1622" HPOS="726"/>
							<String ID="string_294" HPOS="748" VPOS="1623" WIDTH="101" HEIGHT="27" WC="0.96" CONTENT="synes"/><SP WIDTH="22" VPOS="1623" HPOS="849"/>
							<String ID="string_295" HPOS="871" VPOS="1614" WIDTH="45" HEIGHT="30" WC="0.96" CONTENT="ha"/><SP WIDTH="25" VPOS="1614" HPOS="916"/>
							<String ID="string_296" HPOS="941" VPOS="1615" WIDTH="56" HEIGHT="35" WC="0.96" CONTENT="ägt"/><SP WIDTH="23" VPOS="1615" HPOS="997"/>
							<String ID="string_297" HPOS="1020" VPOS="1624" WIDTH="79" HEIGHT="20" WC="0.93" CONTENT="rum"/><SP WIDTH="21" VPOS="1624" HPOS="1099"/>
							<String ID="string_298" HPOS="1120" VPOS="1613" WIDTH="21" HEIGHT="31" WC="0.90" CONTENT="å"/><SP WIDTH="21" VPOS="1613" HPOS="1141"/>
							<String ID="string_299" HPOS="1162" VPOS="1614" WIDTH="91" HEIGHT="30" WC="0.96" CONTENT="vissa"/><SP WIDTH="25" VPOS="1614" HPOS="1253"/>
							<String ID="string_300" HPOS="1278" VPOS="1617" WIDTH="90" HEIGHT="27" WC="0.96" CONTENT="orter"/><SP WIDTH="23" VPOS="1617" HPOS="1368"/>
							<String ID="string_301" HPOS="1391" VPOS="1615" WIDTH="109" HEIGHT="29" WC="0.96" CONTENT="under"/><SP WIDTH="24" VPOS="1615" HPOS="1500"/>
							<String ID="string_302" HPOS="1524" VPOS="1623" WIDTH="120" HEIGHT="21" WC="0.95" CONTENT="senare"/><SP WIDTH="24" VPOS="1623" HPOS="1644"/>
							<String ID="string_303" HPOS="1668" VPOS="1614" WIDTH="47" HEIGHT="36" WC="0.95" CONTENT="år,"/><SP WIDTH="25" VPOS="1614" HPOS="1715"/>
							<String ID="string_304" HPOS="1740" VPOS="1614" WIDTH="51" HEIGHT="30" WC="0.96" CONTENT="till"/>
						</TextLine>
						<TextLine ID="line_30" HPOS="279" VPOS="1656" WIDTH="1510" HEIGHT="36">
							<String ID="string_305" HPOS="279" VPOS="1665" WIDTH="42" HEIGHT="20" WC="0.96" CONTENT="en"/><SP WIDTH="22" VPOS="1665" HPOS="321"/>
							<String ID="string_306" HPOS="343" VPOS="1656" WIDTH="54" HEIGHT="29" WC="0.96" CONTENT="del"/><SP WIDTH="22" VPOS="1656" HPOS="397"/>
							<String ID="string_307" HPOS="419" VPOS="1656" WIDTH="97" HEIGHT="30" WC="0.96" CONTENT="torde"/><SP WIDTH="23" VPOS="1656" HPOS="516"/>
							<String ID="string_308" HPOS="539" VPOS="1656" WIDTH="120" HEIGHT="30" WC="0.96" CONTENT="kunna"/><SP WIDTH="20" VPOS="1656" HPOS="659"/>
							<String ID="string_309" HPOS="679" VPOS="1656" WIDTH="106" HEIGHT="30" WC="0.95" CONTENT="sättas"/><SP WIDTH="22" VPOS="1656" HPOS="785"/>
							<String ID="string_310" HPOS="807" VPOS="1656" WIDTH="9" HEIGHT="29" WC="0.95" CONTENT="i"/><SP WIDTH="22" VPOS="1656" HPOS="816"/>
							<String ID="string_311" HPOS="838" VPOS="1657" WIDTH="170" HEIGHT="30" WC="0.96" CONTENT="samband"/><SP WIDTH="23" VPOS="1657" HPOS="1008"/>
							<String ID="string_312" HPOS="1031" VPOS="1657" WIDTH="79" HEIGHT="30" WC="0.96" CONTENT="med"/><SP WIDTH="21" VPOS="1657" HPOS="1110"/>
							<String ID="string_313" HPOS="1131" VPOS="1657" WIDTH="66" HEIGHT="30" WC="0.97" CONTENT="den"/><SP WIDTH="17" VPOS="1657" HPOS="1197"/>
							<String ID="string_314" HPOS="1214" VPOS="1657" WIDTH="110" HEIGHT="29" WC="0.96" CONTENT="under"/><SP WIDTH="24" VPOS="1657" HPOS="1324"/>
							<String ID="string_315" HPOS="1348" VPOS="1657" WIDTH="98" HEIGHT="30" WC="0.95" CONTENT="dessa"/><SP WIDTH="22" VPOS="1657" HPOS="1446"/>
							<String ID="string_316" HPOS="1468" VPOS="1656" WIDTH="39" HEIGHT="31" WC="0.96" CONTENT="år"/><SP WIDTH="25" VPOS="1656" HPOS="1507"/>
							<String ID="string_317" HPOS="1532" VPOS="1656" WIDTH="163" HEIGHT="36" WC="0.93" CONTENT="rådande,"/><SP WIDTH="23" VPOS="1656" HPOS="1695"/>
							<String ID="string_318" HPOS="1718" VPOS="1666" WIDTH="71" HEIGHT="21" WC="0.91" CONTENT="om-"/>
						</TextLine>
						<TextLine ID="line_31" HPOS="281" VPOS="1698" WIDTH="1510" HEIGHT="37">
							<String ID="string_319" HPOS="281" VPOS="1698" WIDTH="156" HEIGHT="30" WC="0.96" CONTENT="fattande"/><SP WIDTH="27" VPOS="1698" HPOS="437"/>
							<String ID="string_320" HPOS="464" VPOS="1699" WIDTH="281" HEIGHT="34" WC="0.96" CONTENT="arbetslösheten,"/><SP WIDTH="27" VPOS="1699" HPOS="745"/>
							<String ID="string_321" HPOS="772" VPOS="1698" WIDTH="114" HEIGHT="30" WC="0.96" CONTENT="vilken"/><SP WIDTH="27" VPOS="1698" HPOS="886"/>
							<String ID="string_322" HPOS="913" VPOS="1699" WIDTH="97" HEIGHT="29" WC="0.95" CONTENT="torde"/><SP WIDTH="29" VPOS="1699" HPOS="1010"/>
							<String ID="string_323" HPOS="1039" VPOS="1699" WIDTH="162" HEIGHT="30" WC="0.96" CONTENT="föranlett"/><SP WIDTH="26" VPOS="1699" HPOS="1201"/>
							<String ID="string_324" HPOS="1227" VPOS="1702" WIDTH="46" HEIGHT="27" WC="0.96" CONTENT="ett"/><SP WIDTH="27" VPOS="1702" HPOS="1273"/>
							<String ID="string_325" HPOS="1300" VPOS="1700" WIDTH="107" HEIGHT="29" WC="0.96" CONTENT="större"/><SP WIDTH="29" VPOS="1700" HPOS="1407"/>
							<String ID="string_326" HPOS="1436" VPOS="1699" WIDTH="95" HEIGHT="30" WC="0.96" CONTENT="antal"/><SP WIDTH="27" VPOS="1699" HPOS="1531"/>
							<String ID="string_327" HPOS="1558" VPOS="1708" WIDTH="162" HEIGHT="27" WC="0.96" CONTENT="personer"/><SP WIDTH="27" VPOS="1708" HPOS="1720"/>
							<String ID="string_328" HPOS="1747" VPOS="1700" WIDTH="44" HEIGHT="30" WC="0.96" CONTENT="än"/>
						</TextLine>
						<TextLine ID="line_32" HPOS="280" VPOS="1739" WIDTH="1511" HEIGHT="40">
							<String ID="string_329" HPOS="280" VPOS="1739" WIDTH="97" HEIGHT="37" WC="0.96" CONTENT="eljest"/><SP WIDTH="26" VPOS="1739" HPOS="377"/>
							<String ID="string_330" HPOS="403" VPOS="1741" WIDTH="109" HEIGHT="29" WC="0.96" CONTENT="skulle"/><SP WIDTH="27" VPOS="1741" HPOS="512"/>
							<String ID="string_331" HPOS="539" VPOS="1741" WIDTH="88" HEIGHT="29" WC="0.96" CONTENT="varit"/><SP WIDTH="25" VPOS="1741" HPOS="627"/>
							<String ID="string_332" HPOS="652" VPOS="1741" WIDTH="96" HEIGHT="30" WC="0.95" CONTENT="fallet"/><SP WIDTH="25" VPOS="1741" HPOS="748"/>
							<String ID="string_333" HPOS="773" VPOS="1743" WIDTH="48" HEIGHT="27" WC="0.96" CONTENT="att"/><SP WIDTH="26" VPOS="1743" HPOS="821"/>
							<String ID="string_334" HPOS="847" VPOS="1741" WIDTH="84" HEIGHT="29" WC="0.96" CONTENT="söka"/><SP WIDTH="26" VPOS="1741" HPOS="931"/>
							<String ID="string_335" HPOS="957" VPOS="1741" WIDTH="106" HEIGHT="29" WC="0.96" CONTENT="vinna"/><SP WIDTH="28" VPOS="1741" HPOS="1063"/>
							<String ID="string_336" HPOS="1091" VPOS="1741" WIDTH="52" HEIGHT="29" WC="0.96" CONTENT="sin"/><SP WIDTH="27" VPOS="1741" HPOS="1143"/>
							<String ID="string_337" HPOS="1170" VPOS="1742" WIDTH="154" HEIGHT="29" WC="0.96" CONTENT="utkomst"/><SP WIDTH="28" VPOS="1742" HPOS="1324"/>
							<String ID="string_338" HPOS="1352" VPOS="1741" WIDTH="114" HEIGHT="31" WC="0.96" CONTENT="såsom"/><SP WIDTH="20" VPOS="1741" HPOS="1466"/>
							<String ID="string_339" HPOS="1486" VPOS="1749" WIDTH="87" HEIGHT="29" WC="0.96" CONTENT="egna"/><SP WIDTH="26" VPOS="1749" HPOS="1573"/>
							<String ID="string_340" HPOS="1599" VPOS="1741" WIDTH="192" HEIGHT="38" WC="0.96" CONTENT="företagare"/>
						</TextLine>
						<TextLine ID="line_33" HPOS="281" VPOS="1782" WIDTH="471" HEIGHT="37">
							<String ID="string_341" HPOS="281" VPOS="1782" WIDTH="94" HEIGHT="30" WC="0.93" CONTENT="inom"/><SP WIDTH="22" VPOS="1782" HPOS="375"/>
							<String ID="string_342" HPOS="397" VPOS="1782" WIDTH="355" HEIGHT="37" WC="0.90" CONTENT="bagerihanteringen."/>
						</TextLine>
					</TextBlock>
					<TextBlock ID="block_7" HPOS="278" VPOS="1824" WIDTH="1512" HEIGHT="166">
						<TextLine ID="line_34" HPOS="325" VPOS="1824" WIDTH="1465" HEIGHT="39">
							<String ID="string_343" HPOS="325" VPOS="1825" WIDTH="66" HEIGHT="30" WC="0.96" CONTENT="För"/><SP WIDTH="27" VPOS="1825" HPOS="391"/>
							<String ID="string_344" HPOS="418" VPOS="1826" WIDTH="66" HEIGHT="29" WC="0.96" CONTENT="den"/><SP WIDTH="25" VPOS="1826" HPOS="484"/>
							<String ID="string_345" HPOS="509" VPOS="1825" WIDTH="165" HEIGHT="30" WC="0.92" CONTENT="händelse"/><SP WIDTH="25" VPOS="1825" HPOS="674"/>
							<String ID="string_346" HPOS="699" VPOS="1824" WIDTH="337" HEIGHT="38" WC="0.90" CONTENT="familjebagerierna"/><SP WIDTH="29" VPOS="1824" HPOS="1036"/>
							<String ID="string_347" HPOS="1065" VPOS="1825" WIDTH="108" HEIGHT="31" WC="0.93" CONTENT="skulle"/><SP WIDTH="26" VPOS="1825" HPOS="1173"/>
							<String ID="string_348" HPOS="1199" VPOS="1826" WIDTH="195" HEIGHT="36" WC="0.91" CONTENT="inbegripas"/><SP WIDTH="21" VPOS="1826" HPOS="1394"/>
							<String ID="string_349" HPOS="1415" VPOS="1827" WIDTH="110" HEIGHT="30" WC="0.96" CONTENT="under"/><SP WIDTH="29" VPOS="1827" HPOS="1525"/>
							<String ID="string_350" HPOS="1554" VPOS="1827" WIDTH="108" HEIGHT="36" WC="0.96" CONTENT="lagen,"/><SP WIDTH="29" VPOS="1827" HPOS="1662"/>
							<String ID="string_351" HPOS="1691" VPOS="1836" WIDTH="99" HEIGHT="21" WC="0.96" CONTENT="anser"/>
						</TextLine>
						<TextLine ID="line_35" HPOS="279" VPOS="1867" WIDTH="1509" HEIGHT="39">
							<String ID="string_352" HPOS="279" VPOS="1867" WIDTH="50" HEIGHT="37" WC="0.96" CONTENT="sig"/><SP WIDTH="26" VPOS="1867" HPOS="329"/>
							<String ID="string_353" HPOS="355" VPOS="1868" WIDTH="165" HEIGHT="35" WC="0.96" CONTENT="styrelsen"/><SP WIDTH="24" VPOS="1868" HPOS="520"/>
							<String ID="string_354" HPOS="544" VPOS="1868" WIDTH="85" HEIGHT="29" WC="0.96" CONTENT="böra"/><SP WIDTH="24" VPOS="1868" HPOS="629"/>
							<String ID="string_355" HPOS="653" VPOS="1867" WIDTH="197" HEIGHT="36" WC="0.96" CONTENT="framhålla,"/><SP WIDTH="25" VPOS="1867" HPOS="850"/>
							<String ID="string_356" HPOS="875" VPOS="1870" WIDTH="48" HEIGHT="28" WC="0.96" CONTENT="att"/><SP WIDTH="24" VPOS="1870" HPOS="923"/>
							<String ID="string_357" HPOS="947" VPOS="1877" WIDTH="43" HEIGHT="21" WC="0.96" CONTENT="en"/><SP WIDTH="27" VPOS="1877" HPOS="990"/>
							<String ID="string_358" HPOS="1017" VPOS="1867" WIDTH="215" HEIGHT="36" WC="0.96" CONTENT="någorlunda"/><SP WIDTH="24" VPOS="1867" HPOS="1232"/>
							<String ID="string_359" HPOS="1256" VPOS="1869" WIDTH="145" HEIGHT="30" WC="0.95" CONTENT="effektiv"/><SP WIDTH="23" VPOS="1869" HPOS="1401"/>
							<String ID="string_360" HPOS="1424" VPOS="1870" WIDTH="118" HEIGHT="35" WC="0.96" CONTENT="tillsyn"/><SP WIDTH="25" VPOS="1870" HPOS="1542"/>
							<String ID="string_361" HPOS="1567" VPOS="1879" WIDTH="42" HEIGHT="20" WC="0.93" CONTENT="av"/><SP WIDTH="27" VPOS="1879" HPOS="1609"/>
							<String ID="string_362" HPOS="1636" VPOS="1870" WIDTH="152" HEIGHT="36" WC="0.91" CONTENT="yrkesin-"/>
						</TextLine>
						<TextLine ID="line_36" HPOS="279" VPOS="1909" WIDTH="1509" HEIGHT="39">
							<String ID="string_363" HPOS="279" VPOS="1909" WIDTH="218" HEIGHT="36" WC="0.92" CONTENT="spektionens"/><SP WIDTH="24" VPOS="1909" HPOS="497"/>
							<String ID="string_364" HPOS="521" VPOS="1909" WIDTH="342" HEIGHT="37" WC="0.91" CONTENT="befattningshavare"/><SP WIDTH="24" VPOS="1909" HPOS="863"/>
							<String ID="string_365" HPOS="887" VPOS="1910" WIDTH="95" HEIGHT="30" WC="0.96" CONTENT="inom"/><SP WIDTH="26" VPOS="1910" HPOS="982"/>
							<String ID="string_366" HPOS="1008" VPOS="1911" WIDTH="56" HEIGHT="29" WC="0.96" CONTENT="det"/><SP WIDTH="27" VPOS="1911" HPOS="1064"/>
							<String ID="string_367" HPOS="1091" VPOS="1909" WIDTH="145" HEIGHT="32" WC="0.96" CONTENT="sålunda"/><SP WIDTH="27" VPOS="1909" HPOS="1236"/>
							<String ID="string_368" HPOS="1263" VPOS="1912" WIDTH="150" HEIGHT="30" WC="0.93" CONTENT="utökade"/><SP WIDTH="24" VPOS="1912" HPOS="1413"/>
							<String ID="string_369" HPOS="1437" VPOS="1911" WIDTH="351" HEIGHT="37" WC="0.90" CONTENT="tillämpningsområ-"/>
						</TextLine>
						<TextLine ID="line_37" HPOS="278" VPOS="1951" WIDTH="1299" HEIGHT="39">
							<String ID="string_370" HPOS="278" VPOS="1952" WIDTH="56" HEIGHT="29" WC="0.96" CONTENT="det"/><SP WIDTH="20" VPOS="1952" HPOS="334"/>
							<String ID="string_371" HPOS="354" VPOS="1952" WIDTH="73" HEIGHT="29" WC="0.96" CONTENT="icke"/><SP WIDTH="20" VPOS="1952" HPOS="427"/>
							<String ID="string_372" HPOS="447" VPOS="1953" WIDTH="37" HEIGHT="28" WC="0.96" CONTENT="är"/><SP WIDTH="22" VPOS="1953" HPOS="484"/>
							<String ID="string_373" HPOS="506" VPOS="1951" WIDTH="120" HEIGHT="37" WC="0.96" CONTENT="möjlig"/><SP WIDTH="21" VPOS="1951" HPOS="626"/>
							<String ID="string_374" HPOS="647" VPOS="1953" WIDTH="78" HEIGHT="29" WC="0.96" CONTENT="med"/><SP WIDTH="22" VPOS="1953" HPOS="725"/>
							<String ID="string_375" HPOS="747" VPOS="1953" WIDTH="200" HEIGHT="29" WC="0.95" CONTENT="nuvarande"/><SP WIDTH="16" VPOS="1953" HPOS="947"/>
							<String ID="string_376" HPOS="963" VPOS="1952" WIDTH="141" HEIGHT="37" WC="0.95" CONTENT="tillgång"/><SP WIDTH="21" VPOS="1952" HPOS="1104"/>
							<String ID="string_377" HPOS="1125" VPOS="1952" WIDTH="43" HEIGHT="37" WC="0.93" CONTENT="på"/><SP WIDTH="22" VPOS="1952" HPOS="1168"/>
							<String ID="string_378" HPOS="1190" VPOS="1953" WIDTH="387" HEIGHT="37" WC="0.91" CONTENT="inspektionspersonal."/>
						</TextLine>
					</TextBlock>
				</ComposedBlock>
				<ComposedBlock ID="cblock_3" HPOS="276" VPOS="2018" WIDTH="1512" HEIGHT="513">
					<TextBlock ID="block_8" HPOS="323" VPOS="2018" WIDTH="788" HEIGHT="38">
						<TextLine ID="line_38" HPOS="323" VPOS="2018" WIDTH="788" HEIGHT="38">
							<String ID="string_379" HPOS="323" VPOS="2018" WIDTH="369" HEIGHT="37" WC="0.95" CONTENT="Kommerskollegium"/><SP WIDTH="21" VPOS="2018" HPOS="692"/>
							<String ID="string_380" HPOS="713" VPOS="2020" WIDTH="135" HEIGHT="36" WC="0.96" CONTENT="yttrade"/><SP WIDTH="19" VPOS="2020" HPOS="848"/>
							<String ID="string_381" HPOS="867" VPOS="2020" WIDTH="106" HEIGHT="30" WC="0.96" CONTENT="bland"/><SP WIDTH="19" VPOS="2020" HPOS="973"/>
							<String ID="string_382" HPOS="992" VPOS="2023" WIDTH="119" HEIGHT="27" WC="0.96" CONTENT="annat:"/>
						</TextLine>
					</TextBlock>
					<TextBlock ID="block_9" HPOS="277" VPOS="2068" WIDTH="1511" HEIGHT="213">
						<TextLine ID="line_39" HPOS="324" VPOS="2068" WIDTH="1464" HEIGHT="40">
							<String ID="string_383" HPOS="324" VPOS="2068" WIDTH="66" HEIGHT="31" WC="0.96" CONTENT="För"/><SP WIDTH="22" VPOS="2068" HPOS="390"/>
							<String ID="string_384" HPOS="412" VPOS="2077" WIDTH="83" HEIGHT="28" WC="0.96" CONTENT="egen"/><SP WIDTH="23" VPOS="2077" HPOS="495"/>
							<String ID="string_385" HPOS="518" VPOS="2070" WIDTH="55" HEIGHT="29" WC="0.95" CONTENT="del"/><SP WIDTH="22" VPOS="2070" HPOS="573"/>
							<String ID="string_386" HPOS="595" VPOS="2069" WIDTH="59" HEIGHT="30" WC="0.95" CONTENT="vill"/><SP WIDTH="20" VPOS="2069" HPOS="654"/>
							<String ID="string_387" HPOS="674" VPOS="2070" WIDTH="186" HEIGHT="36" WC="0.96" CONTENT="kollegium"/><SP WIDTH="21" VPOS="2070" HPOS="860"/>
							<String ID="string_388" HPOS="881" VPOS="2070" WIDTH="30" HEIGHT="36" WC="0.96" CONTENT="ej"/><SP WIDTH="25" VPOS="2070" HPOS="911"/>
							<String ID="string_389" HPOS="936" VPOS="2070" WIDTH="157" HEIGHT="36" WC="0.96" CONTENT="förneka,"/><SP WIDTH="23" VPOS="2070" HPOS="1093"/>
							<String ID="string_390" HPOS="1116" VPOS="2073" WIDTH="48" HEIGHT="28" WC="0.96" CONTENT="att"/><SP WIDTH="21" VPOS="2073" HPOS="1164"/>
							<String ID="string_391" HPOS="1185" VPOS="2071" WIDTH="67" HEIGHT="30" WC="0.96" CONTENT="den"/><SP WIDTH="24" VPOS="2071" HPOS="1252"/>
							<String ID="string_392" HPOS="1276" VPOS="2071" WIDTH="54" HEIGHT="30" WC="0.93" CONTENT="för"/><SP WIDTH="21" VPOS="2071" HPOS="1330"/>
							<String ID="string_393" HPOS="1351" VPOS="2072" WIDTH="94" HEIGHT="30" WC="0.92" CONTENT="hem-"/><SP WIDTH="18" VPOS="2072" HPOS="1445"/>
							<String ID="string_394" HPOS="1463" VPOS="2072" WIDTH="66" HEIGHT="30" WC="0.93" CONTENT="och"/><SP WIDTH="24" VPOS="2072" HPOS="1529"/>
							<String ID="string_395" HPOS="1553" VPOS="2071" WIDTH="235" HEIGHT="37" WC="0.57" CONTENT="familiebage-"/>
						</TextLine>
						<TextLine ID="line_40" HPOS="278" VPOS="2110" WIDTH="1509" HEIGHT="41">
							<String ID="string_396" HPOS="278" VPOS="2110" WIDTH="112" HEIGHT="31" WC="0.92" CONTENT="rierna"/><SP WIDTH="25" VPOS="2110" HPOS="390"/>
							<String ID="string_397" HPOS="415" VPOS="2111" WIDTH="184" HEIGHT="37" WC="0.92" CONTENT="medgivna"/><SP WIDTH="25" VPOS="2111" HPOS="599"/>
							<String ID="string_398" HPOS="624" VPOS="2112" WIDTH="147" HEIGHT="30" WC="0.96" CONTENT="friheten"/><SP WIDTH="24" VPOS="2112" HPOS="771"/>
							<String ID="string_399" HPOS="795" VPOS="2112" WIDTH="9" HEIGHT="30" WC="0.96" CONTENT="i"/><SP WIDTH="24" VPOS="2112" HPOS="804"/>
							<String ID="string_400" HPOS="828" VPOS="2111" WIDTH="97" HEIGHT="38" WC="0.96" CONTENT="fråga"/><SP WIDTH="23" VPOS="2111" HPOS="925"/>
							<String ID="string_401" HPOS="948" VPOS="2122" WIDTH="57" HEIGHT="20" WC="0.93" CONTENT="om"/><SP WIDTH="27" VPOS="2122" HPOS="1005"/>
							<String ID="string_402" HPOS="1032" VPOS="2113" WIDTH="227" HEIGHT="30" WC="0.90" CONTENT="arbetstidens"/><SP WIDTH="23" VPOS="2113" HPOS="1259"/>
							<String ID="string_403" HPOS="1282" VPOS="2113" WIDTH="225" HEIGHT="38" WC="0.92" CONTENT="förläggande"/><SP WIDTH="24" VPOS="2113" HPOS="1507"/>
							<String ID="string_404" HPOS="1531" VPOS="2113" WIDTH="176" HEIGHT="32" WC="0.93" CONTENT="måhända"/><SP WIDTH="24" VPOS="2113" HPOS="1707"/>
							<String ID="string_405" HPOS="1731" VPOS="2123" WIDTH="56" HEIGHT="21" WC="0.92" CONTENT="va-"/>
						</TextLine>
						<TextLine ID="line_41" HPOS="279" VPOS="2154" WIDTH="1509" HEIGHT="38">
							<String ID="string_406" HPOS="279" VPOS="2154" WIDTH="42" HEIGHT="29" WC="0.96" CONTENT="rit"/><SP WIDTH="24" VPOS="2154" HPOS="321"/>
							<String ID="string_407" HPOS="345" VPOS="2154" WIDTH="112" HEIGHT="35" WC="0.95" CONTENT="ägnad"/><SP WIDTH="26" VPOS="2154" HPOS="457"/>
							<String ID="string_408" HPOS="483" VPOS="2157" WIDTH="49" HEIGHT="27" WC="0.96" CONTENT="att"/><SP WIDTH="24" VPOS="2157" HPOS="532"/>
							<String ID="string_409" HPOS="556" VPOS="2155" WIDTH="117" HEIGHT="29" WC="0.96" CONTENT="stärka"/><SP WIDTH="24" VPOS="2155" HPOS="673"/>
							<String ID="string_410" HPOS="697" VPOS="2155" WIDTH="99" HEIGHT="30" WC="0.93" CONTENT="dessa"/><SP WIDTH="24" VPOS="2155" HPOS="796"/>
							<String ID="string_411" HPOS="820" VPOS="2155" WIDTH="170" HEIGHT="36" WC="0.91" CONTENT="bageriers"/><SP WIDTH="27" VPOS="2155" HPOS="990"/>
							<String ID="string_412" HPOS="1017" VPOS="2155" WIDTH="161" HEIGHT="37" WC="0.96" CONTENT="ställning"/><SP WIDTH="26" VPOS="2155" HPOS="1178"/>
							<String ID="string_413" HPOS="1204" VPOS="2156" WIDTH="9" HEIGHT="29" WC="0.96" CONTENT="i"/><SP WIDTH="21" VPOS="2156" HPOS="1213"/>
							<String ID="string_414" HPOS="1234" VPOS="2156" WIDTH="262" HEIGHT="31" WC="0.96" CONTENT="konkurrensen"/><SP WIDTH="25" VPOS="2156" HPOS="1496"/>
							<String ID="string_415" HPOS="1521" VPOS="2157" WIDTH="80" HEIGHT="29" WC="0.96" CONTENT="med"/><SP WIDTH="27" VPOS="2157" HPOS="1601"/>
							<String ID="string_416" HPOS="1628" VPOS="2157" WIDTH="41" HEIGHT="30" WC="0.96" CONTENT="de"/><SP WIDTH="25" VPOS="2157" HPOS="1669"/>
							<String ID="string_417" HPOS="1694" VPOS="2167" WIDTH="94" HEIGHT="20" WC="0.96" CONTENT="mera"/>
						</TextLine>
						<TextLine ID="line_42" HPOS="278" VPOS="2196" WIDTH="1508" HEIGHT="41">
							<String ID="string_418" HPOS="278" VPOS="2196" WIDTH="273" HEIGHT="35" WC="0.72" CONTENT="yrkesbetonade"/><SP WIDTH="17" VPOS="2196" HPOS="551"/>
							<String ID="string_419" HPOS="568" VPOS="2196" WIDTH="201" HEIGHT="37" WC="0.92" CONTENT="bagerierna"/><SP WIDTH="20" VPOS="2196" HPOS="769"/>
							<String ID="string_420" HPOS="789" VPOS="2198" WIDTH="64" HEIGHT="29" WC="0.96" CONTENT="och"/><SP WIDTH="19" VPOS="2198" HPOS="853"/>
							<String ID="string_421" HPOS="872" VPOS="2197" WIDTH="9" HEIGHT="29" WC="0.96" CONTENT="i"/><SP WIDTH="18" VPOS="2197" HPOS="881"/>
							<String ID="string_422" HPOS="899" VPOS="2197" WIDTH="37" HEIGHT="30" WC="0.96" CONTENT="så"/><SP WIDTH="19" VPOS="2197" HPOS="936"/>
							<String ID="string_423" HPOS="955" VPOS="2197" WIDTH="108" HEIGHT="30" WC="0.96" CONTENT="måtto"/><SP WIDTH="21" VPOS="2197" HPOS="1063"/>
							<String ID="string_424" HPOS="1084" VPOS="2198" WIDTH="172" HEIGHT="30" WC="0.96" CONTENT="inneburit"/><SP WIDTH="20" VPOS="2198" HPOS="1256"/>
							<String ID="string_425" HPOS="1276" VPOS="2208" WIDTH="42" HEIGHT="21" WC="0.96" CONTENT="en"/><SP WIDTH="19" VPOS="2208" HPOS="1318"/>
							<String ID="string_426" HPOS="1337" VPOS="2199" WIDTH="9" HEIGHT="29" WC="0.96" CONTENT="i"/><SP WIDTH="19" VPOS="2199" HPOS="1346"/>
							<String ID="string_427" HPOS="1365" VPOS="2199" WIDTH="259" HEIGHT="36" WC="0.96" CONTENT="lagstiftningen"/><SP WIDTH="19" VPOS="2199" HPOS="1624"/>
							<String ID="string_428" HPOS="1643" VPOS="2200" WIDTH="30" HEIGHT="36" WC="0.93" CONTENT="ej"/><SP WIDTH="22" VPOS="2200" HPOS="1673"/>
							<String ID="string_429" HPOS="1695" VPOS="2199" WIDTH="91" HEIGHT="38" WC="0.92" CONTENT="åsyf-"/>
						</TextLine>
						<TextLine ID="line_43" HPOS="277" VPOS="2238" WIDTH="603" HEIGHT="43">
							<String ID="string_430" HPOS="277" VPOS="2239" WIDTH="65" HEIGHT="42" WC="0.95" CONTENT="tad"/><SP WIDTH="13" VPOS="2239" HPOS="342"/>
							<String ID="string_431" HPOS="355" VPOS="2239" WIDTH="180" HEIGHT="35" WC="0.96" CONTENT="olägenhet"/><SP WIDTH="20" VPOS="2239" HPOS="535"/>
							<String ID="string_432" HPOS="555" VPOS="2238" WIDTH="55" HEIGHT="31" WC="0.96" CONTENT="för"/><SP WIDTH="20" VPOS="2238" HPOS="610"/>
							<String ID="string_433" HPOS="630" VPOS="2239" WIDTH="98" HEIGHT="30" WC="0.96" CONTENT="dessa"/><SP WIDTH="23" VPOS="2239" HPOS="728"/>
							<String ID="string_434" HPOS="751" VPOS="2248" WIDTH="129" HEIGHT="21" WC="0.96" CONTENT="senare."/>
						</TextLine>
					</TextBlock>
					<TextBlock ID="block_10" HPOS="276" VPOS="2281" WIDTH="1510" HEIGHT="250">
						<TextLine ID="line_44" HPOS="322" VPOS="2281" WIDTH="1463" HEIGHT="40">
							<String ID="string_435" HPOS="322" VPOS="2281" WIDTH="92" HEIGHT="29" WC="0.95" CONTENT="Även"/><SP WIDTH="33" VPOS="2281" HPOS="414"/>
							<String ID="string_436" HPOS="447" VPOS="2290" WIDTH="57" HEIGHT="21" WC="0.96" CONTENT="om"/><SP WIDTH="29" VPOS="2290" HPOS="504"/>
							<String ID="string_437" HPOS="533" VPOS="2281" WIDTH="91" HEIGHT="30" WC="0.96" CONTENT="vissa"/><SP WIDTH="29" VPOS="2281" HPOS="624"/>
							<String ID="string_438" HPOS="653" VPOS="2282" WIDTH="292" HEIGHT="36" WC="0.96" CONTENT="omständigheter"/><SP WIDTH="30" VPOS="2282" HPOS="945"/>
							<String ID="string_439" HPOS="975" VPOS="2283" WIDTH="83" HEIGHT="36" WC="0.96" CONTENT="tyda"/><SP WIDTH="32" VPOS="2283" HPOS="1058"/>
							<String ID="string_440" HPOS="1090" VPOS="2281" WIDTH="44" HEIGHT="38" WC="0.96" CONTENT="på"/><SP WIDTH="29" VPOS="2281" HPOS="1134"/>
							<String ID="string_441" HPOS="1163" VPOS="2285" WIDTH="49" HEIGHT="28" WC="0.93" CONTENT="att"/><SP WIDTH="33" VPOS="2285" HPOS="1212"/>
							<String ID="string_442" HPOS="1245" VPOS="2283" WIDTH="300" HEIGHT="37" WC="0.92" CONTENT="hembageriernas"/><SP WIDTH="32" VPOS="2283" HPOS="1545"/>
							<String ID="string_443" HPOS="1577" VPOS="2285" WIDTH="208" HEIGHT="36" WC="0.92" CONTENT="undantags-"/>
						</TextLine>
						<TextLine ID="line_45" HPOS="280" VPOS="2322" WIDTH="1505" HEIGHT="40">
							<String ID="string_444" HPOS="280" VPOS="2322" WIDTH="162" HEIGHT="36" WC="0.96" CONTENT="ställning"/><SP WIDTH="19" VPOS="2322" HPOS="442"/>
							<String ID="string_445" HPOS="461" VPOS="2323" WIDTH="11" HEIGHT="30" WC="0.96" CONTENT="i"/><SP WIDTH="18" VPOS="2323" HPOS="472"/>
							<String ID="string_446" HPOS="490" VPOS="2323" WIDTH="68" HEIGHT="30" WC="0.96" CONTENT="viss"/><SP WIDTH="21" VPOS="2323" HPOS="558"/>
							<String ID="string_447" HPOS="579" VPOS="2322" WIDTH="81" HEIGHT="31" WC="0.96" CONTENT="mån"/><SP WIDTH="20" VPOS="2322" HPOS="660"/>
							<String ID="string_448" HPOS="680" VPOS="2327" WIDTH="130" HEIGHT="33" WC="0.96" CONTENT="gynnat"/><SP WIDTH="18" VPOS="2327" HPOS="810"/>
							<String ID="string_449" HPOS="828" VPOS="2325" WIDTH="100" HEIGHT="29" WC="0.96" CONTENT="dessa"/><SP WIDTH="22" VPOS="2325" HPOS="928"/>
							<String ID="string_450" HPOS="950" VPOS="2323" WIDTH="45" HEIGHT="37" WC="0.93" CONTENT="på"/><SP WIDTH="21" VPOS="2323" HPOS="995"/>
							<String ID="string_451" HPOS="1016" VPOS="2325" WIDTH="322" HEIGHT="36" WC="0.92" CONTENT="yrkesbageriernas"/><SP WIDTH="23" VPOS="2325" HPOS="1338"/>
							<String ID="string_452" HPOS="1361" VPOS="2326" WIDTH="203" HEIGHT="36" WC="0.96" CONTENT="bekostnad,"/><SP WIDTH="20" VPOS="2326" HPOS="1564"/>
							<String ID="string_453" HPOS="1584" VPOS="2325" WIDTH="110" HEIGHT="32" WC="0.93" CONTENT="håller"/><SP WIDTH="20" VPOS="2325" HPOS="1694"/>
							<String ID="string_454" HPOS="1714" VPOS="2327" WIDTH="71" HEIGHT="30" WC="0.93" CONTENT="kol-"/>
						</TextLine>
						<TextLine ID="line_46" HPOS="276" VPOS="2365" WIDTH="1510" HEIGHT="40">
							<String ID="string_455" HPOS="276" VPOS="2365" WIDTH="126" HEIGHT="36" WC="0.91" CONTENT="legium"/><SP WIDTH="17" VPOS="2365" HPOS="402"/>
							<String ID="string_456" HPOS="419" VPOS="2366" WIDTH="89" HEIGHT="29" WC="0.96" CONTENT="dock"/><SP WIDTH="22" VPOS="2366" HPOS="508"/>
							<String ID="string_457" HPOS="530" VPOS="2366" WIDTH="84" HEIGHT="35" WC="0.96" CONTENT="före,"/><SP WIDTH="25" VPOS="2366" HPOS="614"/>
							<String ID="string_458" HPOS="639" VPOS="2369" WIDTH="48" HEIGHT="27" WC="0.96" CONTENT="att"/><SP WIDTH="22" VPOS="2369" HPOS="687"/>
							<String ID="string_459" HPOS="709" VPOS="2367" WIDTH="66" HEIGHT="29" WC="0.93" CONTENT="den"/><SP WIDTH="24" VPOS="2367" HPOS="775"/>
							<String ID="string_460" HPOS="799" VPOS="2367" WIDTH="287" HEIGHT="35" WC="0.91" CONTENT="underlägsenhet"/><SP WIDTH="25" VPOS="2367" HPOS="1086"/>
							<String ID="string_461" HPOS="1111" VPOS="2367" WIDTH="9" HEIGHT="30" WC="0.93" CONTENT="i"/><SP WIDTH="22" VPOS="2367" HPOS="1120"/>
							<String ID="string_462" HPOS="1142" VPOS="2368" WIDTH="398" HEIGHT="36" WC="0.91" CONTENT="konkurrensavseende,"/><SP WIDTH="25" VPOS="2368" HPOS="1540"/>
							<String ID="string_463" HPOS="1565" VPOS="2378" WIDTH="75" HEIGHT="21" WC="0.93" CONTENT="som"/><SP WIDTH="22" VPOS="2378" HPOS="1640"/>
							<String ID="string_464" HPOS="1662" VPOS="2368" WIDTH="124" HEIGHT="37" WC="0.90" CONTENT="ifråga-"/>
						</TextLine>
						<TextLine ID="line_47" HPOS="277" VPOS="2408" WIDTH="1508" HEIGHT="38">
							<String ID="string_465" HPOS="277" VPOS="2408" WIDTH="151" HEIGHT="30" WC="0.96" CONTENT="varande"/><SP WIDTH="18" VPOS="2408" HPOS="428"/>
							<String ID="string_466" HPOS="446" VPOS="2408" WIDTH="296" HEIGHT="36" WC="0.96" CONTENT="lagbestämmelse"/><SP WIDTH="22" VPOS="2408" HPOS="742"/>
							<String ID="string_467" HPOS="764" VPOS="2409" WIDTH="149" HEIGHT="30" WC="0.95" CONTENT="medfört"/><SP WIDTH="18" VPOS="2409" HPOS="913"/>
							<String ID="string_468" HPOS="931" VPOS="2409" WIDTH="55" HEIGHT="30" WC="0.96" CONTENT="för"/><SP WIDTH="21" VPOS="2409" HPOS="986"/>
							<String ID="string_469" HPOS="1007" VPOS="2410" WIDTH="41" HEIGHT="29" WC="0.96" CONTENT="de"/><SP WIDTH="20" VPOS="2410" HPOS="1048"/>
							<String ID="string_470" HPOS="1068" VPOS="2419" WIDTH="128" HEIGHT="26" WC="0.96" CONTENT="senare,"/><SP WIDTH="20" VPOS="2419" HPOS="1196"/>
							<String ID="string_471" HPOS="1216" VPOS="2410" WIDTH="173" HEIGHT="36" WC="0.94" CONTENT="knappast"/><SP WIDTH="19" VPOS="2410" HPOS="1389"/>
							<String ID="string_472" HPOS="1408" VPOS="2411" WIDTH="70" HEIGHT="29" WC="0.96" CONTENT="kan"/><SP WIDTH="21" VPOS="2411" HPOS="1478"/>
							<String ID="string_473" HPOS="1499" VPOS="2420" WIDTH="83" HEIGHT="21" WC="0.96" CONTENT="vara"/><SP WIDTH="22" VPOS="2420" HPOS="1582"/>
							<String ID="string_474" HPOS="1604" VPOS="2421" WIDTH="41" HEIGHT="20" WC="0.91" CONTENT="av"/><SP WIDTH="21" VPOS="2421" HPOS="1645"/>
							<String ID="string_475" HPOS="1666" VPOS="2413" WIDTH="119" HEIGHT="28" WC="0.91" CONTENT="nämn-"/>
						</TextLine>
						<TextLine ID="line_48" HPOS="279" VPOS="2449" WIDTH="1506" HEIGHT="40">
							<String ID="string_476" HPOS="279" VPOS="2449" WIDTH="84" HEIGHT="30" WC="0.96" CONTENT="värd"/><SP WIDTH="23" VPOS="2449" HPOS="363"/>
							<String ID="string_477" HPOS="386" VPOS="2450" WIDTH="173" HEIGHT="36" WC="0.95" CONTENT="betydelse"/><SP WIDTH="22" VPOS="2450" HPOS="559"/>
							<String ID="string_478" HPOS="581" VPOS="2450" WIDTH="54" HEIGHT="30" WC="0.96" CONTENT="för"/><SP WIDTH="21" VPOS="2450" HPOS="635"/>
							<String ID="string_479" HPOS="656" VPOS="2451" WIDTH="108" HEIGHT="29" WC="0.95" CONTENT="dessa."/><SP WIDTH="47" VPOS="2451" HPOS="764"/>
							<String ID="string_480" HPOS="811" VPOS="2451" WIDTH="63" HEIGHT="30" WC="0.96" CONTENT="Det"/><SP WIDTH="24" VPOS="2451" HPOS="874"/>
							<String ID="string_481" HPOS="898" VPOS="2451" WIDTH="104" HEIGHT="36" WC="0.96" CONTENT="ligger"/><SP WIDTH="25" VPOS="2451" HPOS="1002"/>
							<String ID="string_482" HPOS="1027" VPOS="2452" WIDTH="171" HEIGHT="36" WC="0.95" CONTENT="nämligen"/><SP WIDTH="23" VPOS="2452" HPOS="1198"/>
							<String ID="string_483" HPOS="1221" VPOS="2452" WIDTH="9" HEIGHT="29" WC="0.96" CONTENT="i"/><SP WIDTH="23" VPOS="2452" HPOS="1230"/>
							<String ID="string_484" HPOS="1253" VPOS="2452" WIDTH="124" HEIGHT="30" WC="0.96" CONTENT="sakens"/><SP WIDTH="22" VPOS="2452" HPOS="1377"/>
							<String ID="string_485" HPOS="1399" VPOS="2456" WIDTH="112" HEIGHT="32" WC="0.96" CONTENT="natur,"/><SP WIDTH="24" VPOS="2456" HPOS="1511"/>
							<String ID="string_486" HPOS="1535" VPOS="2457" WIDTH="49" HEIGHT="26" WC="0.93" CONTENT="att"/><SP WIDTH="22" VPOS="2457" HPOS="1584"/>
							<String ID="string_487" HPOS="1606" VPOS="2454" WIDTH="179" HEIGHT="35" WC="0.90" CONTENT="hembage-"/>
						</TextLine>
						<TextLine ID="line_49" HPOS="277" VPOS="2490" WIDTH="1508" HEIGHT="41">
							<String ID="string_488" HPOS="277" VPOS="2490" WIDTH="111" HEIGHT="31" WC="0.92" CONTENT="rierna"/><SP WIDTH="23" VPOS="2490" HPOS="388"/>
							<String ID="string_489" HPOS="411" VPOS="2492" WIDTH="78" HEIGHT="30" WC="0.96" CONTENT="med"/><SP WIDTH="22" VPOS="2492" HPOS="489"/>
							<String ID="string_490" HPOS="511" VPOS="2492" WIDTH="53" HEIGHT="30" WC="0.96" CONTENT="sin"/><SP WIDTH="20" VPOS="2492" HPOS="564"/>
							<String ID="string_491" HPOS="584" VPOS="2493" WIDTH="136" HEIGHT="36" WC="0.96" CONTENT="mycket"/><SP WIDTH="23" VPOS="2493" HPOS="720"/>
							<String ID="string_492" HPOS="743" VPOS="2494" WIDTH="211" HEIGHT="35" WC="0.96" CONTENT="begränsade"/><SP WIDTH="22" VPOS="2494" HPOS="954"/>
							<String ID="string_493" HPOS="976" VPOS="2494" WIDTH="209" HEIGHT="30" WC="0.96" CONTENT="arbetskraft"/><SP WIDTH="17" VPOS="2494" HPOS="1185"/>
							<String ID="string_494" HPOS="1202" VPOS="2495" WIDTH="66" HEIGHT="29" WC="0.95" CONTENT="och"/><SP WIDTH="21" VPOS="2495" HPOS="1268"/>
							<String ID="string_495" HPOS="1289" VPOS="2495" WIDTH="50" HEIGHT="29" WC="0.96" CONTENT="till"/><SP WIDTH="24" VPOS="2495" HPOS="1339"/>
							<String ID="string_496" HPOS="1363" VPOS="2494" WIDTH="88" HEIGHT="37" WC="0.96" CONTENT="följd"/><SP WIDTH="24" VPOS="2494" HPOS="1451"/>
							<String ID="string_497" HPOS="1475" VPOS="2496" WIDTH="108" HEIGHT="29" WC="0.96" CONTENT="härav"/><SP WIDTH="21" VPOS="2496" HPOS="1583"/>
							<String ID="string_498" HPOS="1604" VPOS="2496" WIDTH="97" HEIGHT="35" WC="0.91" CONTENT="ringa"/><SP WIDTH="22" VPOS="2496" HPOS="1701"/>
							<String ID="string_499" HPOS="1723" VPOS="2495" WIDTH="62" HEIGHT="30" WC="0.89" CONTENT="till-"/>
						</TextLine>
					</TextBlock>
				</ComposedBlock>
			</PrintSpace>
		</Page>
	</Layout>
</alto>
