2219 2679
448 159 40 31 32
898 156 255 31 Statsutskottets
1183 154 173 33 Utlåtande
1378 154 64 31 N:o
1468 155 51 29 83.

513 244 33 50 7)
576 244 176 50 samtliga
780 244 56 36 till
862 242 244 37 kanalverket
1134 241 166 37 hörande
1328 239 225 38 materialier
1582 239 69 37 och
1670 238 333 46 instrumentalier,

405 299 144 36 möbler
577 298 70 36 och
676 297 115 36 andra
818 297 149 36 lösören
995 295 41 37 af
1059 294 101 37 hvad
1188 295 83 48 slag
1298 293 46 37 de
1370 306 92 23 vara
1489 295 127 34 måtte.

509 350 100 37 Från
635 350 115 49 köpet
777 348 240 50 undantogos
1046 348 45 36 de
1118 346 245 38 kanalverket
1391 345 193 50 tillhöriga
1613 343 175 50 Sveriges
1814 343 189 37 allmänna

405 402 309 53 hypoteksbanks
742 404 23 34 4
792 406 159 45 procent
978 400 259 49 obligationer,
1267 399 107 36 hvari
1392 398 263 37 kanalverkets
1674 395 328 51 reparationsfond

404 455 251 39 redovisades.

511 509 52 36 De
605 508 40 36 af
682 507 141 49 Kungl.
865 506 108 49 Maj:t
1014 505 70 37 och
1124 504 145 37 kronan
1311 504 55 36 till
1406 502 266 49 kanalbolaget
1700 504 49 47 på
1776 501 227 49 perpetuellt

407 561 155 38 arrende
602 560 182 49 upplåtna
825 559 70 37 och
935 558 85 37 med
1060 557 243 37 kanalverket
1345 555 235 50 oskiljaktigt
1608 553 178 38 förenade
1813 554 191 46 hemman,

407 614 91 38 verk
526 613 71 37 och
624 612 219 49 lägenheter
871 611 88 37 eller
987 610 126 37 därför
1139 608 168 38 lämnadt
1334 608 180 49 vederlag
1540 606 196 51 utgjordes
1766 606 55 36 af:

510 665 401 38 åttondelshemmanet
939 663 126 37 Hulan
1092 662 63 37 vid
1185 661 106 38 Carls
1320 661 102 50 graf;

509 718 417 48 fjärdedelshemmanet
954 716 276 48 Hjulkvarnen;

508 770 74 37 fem
610 768 237 38 sextondelar
874 768 12 36 i
913 768 214 36 hemmanet
1156 765 109 37 Stora
1293 764 155 50 Hojum;

508 836 47 23 en
591 821 182 50 fjärdedel
813 821 12 36 i
865 821 213 36 hemmanet
1108 818 136 38 Olidan
1272 822 96 32 samt
1396 817 74 37 den
1496 816 196 49 rättighet,
1722 815 141 49 Kungl.
1893 813 108 50 Maj:t

406 875 70 37 och
515 875 147 36 kronan
699 874 40 36 af
763 872 169 38 enskilda
959 872 150 49 tillköpt
1137 871 61 49 sig
1226 875 54 31 att
1308 870 118 49 draga
1453 869 160 36 kanalen
1641 868 107 36 öfver
1776 867 228 37 Trollhätte-

405 929 159 48 bergen;

509 982 65 33 två
610 978 265 50 mjölkvarnar,
906 977 72 36 den
1007 989 69 24 ena
1103 974 64 38 vid
1197 974 106 38 Carls
1332 974 90 49 graf
1446 973 70 37 och
1545 973 72 36 den
1646 972 115 36 andra
1789 971 64 37 vid
1881 971 122 37 Troll-

406 1033 150 44 hättan;

510 1098 47 22 en
584 1082 184 49 finbladig
796 1088 69 42 såg
893 1081 84 37 med
1005 1080 45 37 de
1078 1079 310 50 husbyggnader,
1418 1092 81 23 som
1528 1077 155 49 åtföljde
1711 1079 118 46 sågen
1858 1076 69 37 och
1956 1075 49 36 de

407 1139 65 34 två
499 1136 228 44 kvarnarna;

511 1202 46 22 en
584 1188 105 35 kalk-
719 1187 71 52 och
818 1200 46 22 en
892 1190 227 43 cementugn
1147 1189 96 31 samt
1271 1183 272 44 krutbodarna;

513 1240 46 35 1,
587 1239 143 36 mantal
756 1238 222 36 Åkerström
1005 1237 85 36 med
1118 1235 225 37 tillhörande
1371 1234 229 50 mjölkvarn;
1631 1237 96 32 samt

510 1292 84 36 hela
635 1290 282 37 Kafledammen
956 1289 65 36 vid
1058 1288 237 37 Trollhättan
1322 1287 86 36 med
1436 1286 179 37 stranden
1643 1285 166 36 därifrån
1836 1284 57 36 till
1921 1283 81 36 öfra

408 1344 124 36 ändan
561 1344 40 36 af
626 1344 145 36 slussen
798 1343 12 36 i
837 1342 175 36 Polhems
1039 1341 123 36 kanal.

511 1395 239 37 Beträffande
792 1395 108 36 dessa
940 1394 185 47 hemman,
1154 1392 95 36 verk
1282 1392 70 36 och
1379 1391 221 48 lägenheter
1627 1389 69 36 har
1720 1389 69 48 jag
1817 1388 186 35 mhämtat

407 1448 177 54 följande.

511 1499 415 38 Åttondelshemmanet
954 1498 126 36 Hulan
1107 1497 65 36 vid
1201 1496 105 37 Carls
1334 1495 90 49 graf
1457 1500 41 31 är
1535 1494 59 36 för
1633 1492 239 37 närvarande
1909 1505 96 35 upp-

409 1554 90 35 låtet
526 1553 58 35 till
611 1551 242 49 boställsjord
882 1553 37 33 åt
947 1549 358 49 kanalinspektoren
1334 1548 64 35 vid
1426 1545 371 49 Brinkebergskulle.

511 1603 434 50 Fjärdedelshemmanet
980 1602 275 49 Hjulkvarnen,
1284 1601 152 47 beläget
1463 1599 64 36 vid
1556 1598 99 37 Göta
1683 1597 55 36 älf
1763 1596 71 37 och
1862 1596 12 35 i
1902 1600 102 32 öster

408 1657 231 48 begränsadt
682 1656 40 35 af
755 1655 212 36 hemmanet
996 1653 210 47 Stafvered,
1236 1658 41 31 är
1304 1650 287 38 utarrenderadt
1617 1652 50 47 på
1694 1649 112 49 tjugu
1837 1651 51 44 år,
1916 1647 87 36 räk-

408 1709 92 36 nadt
527 1709 85 36 från
641 1708 72 36 den
744 1710 18 33 1
793 1706 204 37 november
1031 1707 110 46 1902,
1170 1705 56 36 till
1255 1704 255 48 aktiebolaget
1537 1702 193 49 Nydqvist
1759 1701 31 36 &
1816 1700 123 37 Holm.

512 1760 146 37 Genom
695 1760 87 48 laga
818 1759 152 47 skiften,
1000 1771 80 23 som
1109 1760 40 34 år
1180 1759 95 34 1867
1305 1756 198 37 fastställts
1533 1755 40 36 af
1597 1754 108 37 Väne
1733 1752 270 50 ägodelnings-

408 1817 87 43 rätt,
524 1812 115 37 hafva
668 1811 63 38 /1,
764 1811 141 36 mantal
934 1810 110 36 Stora
1071 1810 141 48 Hojum
1240 1809 70 36 och
1340 1809 47 38 '/«
1415 1807 142 36 mantal
1585 1805 136 38 Olidan
1749 1805 151 37 undfått
1929 1804 72 36 den

408 1865 120 47 mark,
558 1867 20 33 å
606 1863 155 37 hvilken
790 1863 160 36 kanalen
978 1862 179 48 framgår,
1186 1861 85 36 med
1299 1860 85 36 dess
1413 1860 140 35 slussar
1580 1858 86 36 från
1688 1858 238 36 'Trollhättan
1945 1855 57 36 till

408 1917 177 36 nedersta
612 1916 146 36 slussen
785 1915 65 36 vid
878 1914 99 36 Göta
1005 1914 55 35 älf
1084 1917 96 33 samt
1207 1912 118 36 utmål
1353 1911 70 37 och
1451 1916 53 31 ett
1533 1911 110 36 smalt
1671 1909 151 37 område
1851 1911 20 33 å
1900 1913 104 31 ömse

409 1969 103 36 sidor
548 1982 60 23 om
645 1967 172 48 kanalen,
850 1966 263 36 hvarförutom
1146 1964 110 37 Stora
1283 1964 141 49 Hojum
1451 1963 146 48 tillagts
1625 1966 54 32 ett
1707 1960 202 50 ägoskifte,
1938 1959 66 36 be-

408 2022 103 47 läget
540 2025 101 32 öster
675 2033 60 23 om
762 2032 86 23 men
883 2018 83 36 icke
994 2018 105 36 invid
1128 2017 171 36 kanalen.
1355 2016 54 36 Af
1433 2015 62 36 det
1524 2014 162 47 område,
1716 2027 80 22 som
1824 2012 180 36 tilldelats

410 2073 108 36 dessa
545 2072 174 37 hemman
746 2071 105 36 invid
879 2070 160 36 kanalen
1068 2069 70 37 och
1166 2082 81 23 som
1279 2067 320 49 hufvudsakligen
1627 2071 42 31 är
1697 2070 54 31 att
1771 2077 89 24 anse
1879 2066 124 34 såsom

408 2125 118 36 utmål
553 2125 57 35 till
637 2124 173 46 kanalen,
840 2127 64 32 äro
931 2122 102 36 vissa
1061 2122 102 36 delar
1191 2120 247 50 disponerade
1466 2119 56 37 till
1546 2117 379 49 boställslägenheter
1944 2115 62 37 för

408 2178 13 35 i
462 2175 265 38 kanalverkets
755 2175 119 49 tjänst
903 2174 183 37 anställda
1112 2186 181 38 personer
1321 2172 70 37 och
1419 2174 120 47 några
1567 2171 103 36 delar
1696 2167 305 39 utarrenderade.

409 2229 73 37 Det
509 2229 212 36 hemmanet
750 2227 110 38 Stora
887 2227 140 49 Hojum
1055 2226 157 49 tillagda
1239 2224 208 50 ägoskiftet
1475 2228 144 32 österut
1647 2227 41 32 är
1715 2219 288 39 utarrenderadt

409 2284 123 34 såsom
556 2279 404 51 jordbruksfastighet.
