2166 2622
698 211 256 32 Statsutskottets
975 210 165 32 memorial
1162 210 53 32 Nr
1235 212 73 30 239.
1777 212 16 30 1

899 564 66 39 Nr
994 564 110 40 239.

618 697 125 27 Ankom
768 697 49 27 till
840 697 187 36 riksdagens
1051 696 105 28 kansli
1179 696 62 28 den
1267 696 36 27 17
1327 696 71 37 juni
1424 695 78 28 1920
1526 696 41 27 kl.
1592 692 40 41 !/;
1647 696 37 28 12
1707 696 21 28 f.
1753 705 40 19 m.

510 813 190 37 Memorial
743 814 183 49 angående
967 814 200 49 beviljande
1192 814 66 49 för
1290 815 242 35 innevarande
1559 814 61 36 års
1647 814 147 49 riksdag

612 887 44 23 av
684 875 85 35 visst
797 875 125 48 belopp
951 874 56 37 till
1021 874 286 49 gratifikationer
1326 874 36 36 dt
1381 874 213 48 tjänstemän
1613 874 61 36 hos
1692 881 103 29 stats-

610 935 170 36 utskottet.

303 1036 86 37 Med
430 1036 147 50 hänsyn
617 1036 58 37 till
703 1042 104 32 arten
836 1037 70 36 och
934 1037 276 48 omfattningen
1238 1050 47 23 av
1313 1036 62 37 det
1402 1036 140 49 arbete,
1571 1049 81 24 som
1679 1036 118 37 under

199 1088 254 37 innevarande
492 1088 156 50 riksdag
675 1089 114 37 åvilat
816 1089 204 37 utskottets
1048 1089 122 36 kansli
1197 1089 67 36 har
1290 1088 184 37 utskottet
1502 1094 124 31 ansett
1655 1089 140 48 skäligt

201 1145 53 31 att
294 1140 12 36 i
346 1140 117 37 likhet
504 1141 84 36 med
628 1141 72 36 vad
740 1141 65 36 vid
832 1141 216 49 upprepade
1075 1140 173 37 tillfällen
1277 1140 158 50 tidigare
1463 1140 112 48 skett,
1604 1147 125 30 senast
1756 1143 41 34 år

201 1193 111 43 1918,
356 1192 57 36 för
452 1192 203 37 utdelande
695 1206 47 23 av
783 1193 298 49 gratifikationer
1116 1193 56 35 till
1201 1192 71 37 den
1300 1192 69 37 hos
1395 1192 188 37 utskottet
1612 1192 184 37 anställda

199 1243 347 49 kanslipersonalen
573 1250 54 31 ett
655 1244 150 36 särskilt
831 1244 138 49 belopp
998 1244 127 37 ställes
1153 1244 56 36 till
1236 1244 199 37 utskottets
1465 1244 235 48 förfogande.

303 1295 190 37 Utskottet
522 1296 55 36 får
605 1296 127 37 därför
759 1296 207 47 hemställa,

702 1404 55 31 att
785 1404 54 31 ett
865 1399 137 49 belopp
1031 1412 46 23 av
1098 1399 112 47 3,000
1230 1398 138 37 kronor
1387 1400 60 34 må
1465 1398 57 37 för
1540 1398 256 37 innevarande

600 1453 39 33 år
678 1450 151 37 anvisas
870 1456 55 30 att
966 1464 45 22 av
1052 1450 282 37 statsutskottet
1373 1450 57 36 till
1462 1450 269 49 grafikationer
1759 1453 37 33 åt

601 1502 230 46 tjänstemän
857 1502 68 37 hos
944 1502 184 37 utskottet
1147 1502 193 36 användas
1359 1507 133 32 utöver
1511 1502 46 37 de
1576 1502 58 36 för
1653 1516 143 23 samma

600 1554 172 37 ändamål
787 1555 118 47 enligt
916 1554 530 49 avlöningsbestämmelserna
1460 1553 187 50 utgående
1662 1554 132 36 medel.

303 1655 16 36 I
360 1656 177 36 händelse
580 1670 45 22 av
657 1656 105 37 bifall
790 1657 56 36 till
873 1657 73 36 vad
974 1657 185 37 utskottet
1188 1656 158 37 sålunda
1372 1657 202 47 hemställt,
1604 1657 106 36 torde
1737 1662 58 31 ut-

200 1707 141 36 skottet
383 1707 36 36 få
460 1707 61 49 sig
560 1707 212 49 uppdraget
814 1714 52 30 att
908 1708 130 36 därom
1080 1708 169 37 meddela
1285 1708 237 49 fullmäktige
1550 1708 11 36 i
1589 1708 205 49 riksgälds-

200 1758 172 36 kontoret
400 1759 279 36 underrättelse.

305 1827 218 36 Stockholm
552 1827 70 36 den
656 1830 44 33 17
726 1828 84 47 juni
841 1829 108 35 1920.

719 1931 51 35 På
799 1931 303 36 statsutskottets
1132 1936 160 42 vägnar:

741 2015 36 36 S.
808 2017 45 35 H.
883 2015 371 37 KVARNZELIUS.

243 2323 116 36 Bihang
382 2323 44 28 till
448 2323 168 36 riksdagens
633 2323 146 36 protokoll
803 2324 89 27 1920.
940 2325 17 25 6
979 2323 81 28 saml.
1109 2323 58 28 104
1190 2323 72 32 häft.
1303 2323 60 32 (Nr
1384 2323 88 32 239)
1663 2331 50 20 1971
1729 2332 25 18 20
