2184 2618
341 136 19 30 2
565 135 116 31 Andra
707 134 204 31 kammarens
935 133 104 30 andra
1065 131 168 39 tillfälliga
1257 131 133 31 utskotts
1413 129 168 32 utlåtande
1606 128 52 31 Nr
1683 131 50 28 10.

342 226 177 35 föreställt
546 225 65 46 sig.
658 225 70 34 Det
757 223 101 35 torde
887 222 80 35 icke
997 234 84 24 vara
1109 220 165 48 lämpligt
1303 220 87 35 eller
1419 232 63 23 ens
1511 218 150 48 möjligt,
1693 230 54 23 om
1781 231 82 23 man
1885 219 62 35 vill

342 279 110 36 vinna
494 278 160 41 resultat,
700 289 73 22 som
817 276 126 34 kunna
985 281 85 40 göra
1109 274 159 47 anspråk
1296 275 47 44 på
1373 272 284 47 tillförlitlighet,
1689 274 63 41 att,
1785 274 119 35 såsom
1934 272 11 35 i

341 333 184 36 motionen
568 331 220 42 förutsättes,
833 329 212 35 föranstalta
1088 340 46 23 en
1176 327 151 35 isolerad
1366 326 273 46 undersökning
1668 326 152 34 rörande
1850 327 95 34 kost-

341 387 162 34 naderna
545 384 56 35 för
642 382 468 47 brödsädesproduktionen
1151 384 85 32 utan
1275 380 321 46 hänsynstagande
1624 378 58 36 till
1706 378 241 47 jordbrukets

341 438 289 37 driftkostnader
659 437 12 35 i
700 437 61 35 det
800 436 92 35 hela.
951 435 191 35 Utskottet
1183 434 110 35 håller
1322 433 124 35 därför
1475 433 86 42 före,
1593 437 52 31 att
1675 444 45 23 en
1748 432 200 48 utredning

342 505 44 23 av
428 493 66 33 här
532 490 135 48 åsyftat
705 491 76 47 slag
819 490 75 42 bör,
941 489 54 35 för
1034 492 52 31 att
1124 487 97 36 bliva
1252 499 44 23 av
1325 487 123 41 värde,
1480 486 160 47 allsidigt
1670 485 151 36 omfatta
1850 485 97 36 kost-

341 546 160 35 naderna
544 544 54 36 för
636 544 100 35 såväl
764 543 272 47 producerande
1071 554 43 23 av
1144 541 154 35 brödsäd
1328 552 75 23 som
1436 539 295 47 frambringande
1761 551 44 23 av
1835 539 114 35 andra

338 598 410 48 jordbruksprodukter.
807 590 97 42 Över
946 596 124 34 huvud
1106 595 101 35 torde
1236 606 84 23 vara
1350 592 224 47 nödvändigt
1604 593 56 35 för
1689 593 147 46 frågans
1867 593 81 34 full-

343 652 166 47 ständiga
550 651 259 46 klarläggande
839 653 54 32 att
922 649 12 35 i
963 652 51 32 ett
1043 649 260 45 sammanhang
1331 650 86 43 taga
1448 647 142 45 hänsyn
1621 646 56 35 till
1706 647 69 34 alla
1806 647 43 34 de
1880 658 69 23 mo-

345 710 108 40 ment,
485 718 72 23 som
589 704 126 36 därvid
744 704 125 35 kunna
900 703 145 36 komma
1074 701 12 35 i
1115 701 251 36 betraktande.

451 759 134 35 Vidare
614 770 108 35 synes
751 759 60 34 det
840 757 180 35 utskottet
1048 755 217 47 uppenbart,
1298 758 52 32 att
1380 753 162 35 hållbara
1565 753 385 47 beräkningsgrunder

344 813 12 35 i
384 812 277 47 ifrågavarande
705 811 178 36 avseende
912 810 81 35 icke
1037 810 127 34 kunna
1202 811 116 40 ernås,
1363 820 56 23 om
1459 818 82 23 man
1570 808 108 44 utgår
1708 807 80 34 från
1817 819 50 22 nu
1898 809 53 32 rå-

344 867 117 35 dande
500 865 182 36 onormala
720 866 66 34 och
816 864 56 35 för
901 863 118 46 övrigt
1048 863 13 34 i
1091 863 72 46 hög
1191 862 89 47 grad
1310 861 181 36 växlande
1520 859 281 48 konjunkturer.
1862 860 90 35 Där-

344 920 55 36 för
441 920 101 35 torde
584 918 30 48 ej
659 918 114 35 heller
815 918 69 34 den
925 920 122 43 utväg,
1093 928 74 23 som
1207 928 42 23 av
1279 914 267 36 motionärerna
1574 913 12 35 i
1615 913 151 34 främsta
1795 918 157 30 rummet

345 973 172 43 anvisats,
558 972 183 47 nämligen
779 975 53 32 att
860 973 119 33 staten
1009 970 91 47 själv
1129 981 128 35 genom
1287 968 74 47 lejd
1391 966 225 37 arbetskraft
1644 966 165 35 brukade
1839 969 112 44 några

345 1027 284 36 kronohemman
671 1026 95 35 inom
811 1023 99 47 varje
951 1024 71 44 län,
1067 1035 86 24 vara
1182 1023 69 35 den
1281 1022 55 35 för
1365 1021 206 35 ändamålet
1600 1019 183 47 lämpliga,
1815 1020 45 34 då
1890 1021 62 34 det

344 1080 83 36 icke
465 1080 115 35 skulle
611 1092 84 23 vara
735 1078 140 48 möjligt
910 1081 52 32 att
991 1079 45 44 på
1065 1077 121 35 denna
1215 1081 68 41 väg
1310 1075 97 35 inom
1440 1073 231 47 överskådlig
1698 1072 55 36 tid
1783 1076 47 32 nå
1861 1073 91 35 fram

349 1134 55 35 till
433 1136 114 44 några
575 1133 164 35 resultat.

453 1187 126 35 Andra
621 1186 67 36 och
730 1197 97 24 mera
869 1184 190 47 praktiska
1101 1186 154 44 utvägar
1296 1188 46 29 än
1385 1182 43 35 de
1467 1181 11 35 i
1518 1180 182 36 motionen
1746 1180 204 47 föreslagna

348 1243 112 33 måste
502 1240 123 35 därför
667 1239 141 35 anlitas.
866 1237 188 36 Utskottet
1096 1236 65 36 vill
1199 1237 55 35 för
1282 1235 56 37 sin
1367 1236 69 42 del,
1467 1238 89 32 utan
1584 1237 53 32 att
1666 1233 209 47 därigenom
1909 1236 44 44 på

347 1297 109 44 något
498 1298 70 31 sätt
609 1293 87 48 vilja
738 1291 184 48 föregripa
964 1291 86 35 eller
1093 1290 111 35 binda
1239 1302 44 22 en
1312 1288 183 37 eventuell
1522 1287 208 47 utredning,
1763 1289 114 33 såsom
1910 1299 46 23 en

347 1348 158 36 tänkbar
545 1350 112 44 utväg
691 1346 155 46 påpeka,
877 1347 53 33 att
958 1343 127 48 nödigt
1114 1343 163 36 material
1305 1342 211 47 därigenom
1547 1341 124 35 kunde
1701 1340 169 44 erhållas,
1903 1344 52 32 att

347 1401 170 36 blivande
553 1399 229 47 sakkunnige
811 1402 93 32 satte
934 1398 55 46 sig
1018 1398 12 34 i
1059 1397 219 36 förbindelse
1307 1396 82 35 mel
1414 1394 242 48 jordbrukare
1685 1394 12 35 i
1726 1393 98 36 olika
1855 1395 101 34 delar

348 1467 45 24 av
421 1454 127 35 landet
576 1455 67 34 och
672 1453 81 35 från
783 1453 103 35 dessa
915 1450 263 36 införskaffade
1207 1452 37 33 så
1273 1448 239 47 fullständiga
1550 1448 66 35 och
1637 1459 211 35 noggranna
1869 1447 86 35 bok-

350 1508 291 48 föringsresultat
683 1519 72 23 som
799 1505 152 48 möjligt,
995 1504 167 47 gällande
1205 1503 54 36 för
1300 1515 46 23 en
1389 1502 74 36 viss
1499 1501 124 47 period
1653 1501 76 35 före
1758 1500 195 44 kristiden,

349 1561 220 47 exempelvis
616 1559 285 47 tioårsperioden
953 1559 271 34 1905—1914.
1292 1557 57 34 En
1399 1554 363 46 materialinsamling
1804 1566 43 24 av
1890 1555 66 34 här

350 1615 152 35 berörda
544 1615 78 46 slag
663 1614 65 34 bör
771 1611 157 48 givetvis
971 1611 152 35 omfatta
1151 1610 140 35 landets
1321 1609 70 35 alla
1420 1608 109 44 delar,
1561 1607 127 37 varvid
1717 1608 144 47 hänsyn
1891 1608 64 35 bör

350 1674 102 41 tagas
491 1668 53 35 till
574 1668 70 35 alla
673 1667 76 46 slag
778 1678 44 23 av
846 1664 192 49 jordbruk,
1069 1667 98 32 stora
1196 1664 67 34 och
1292 1662 216 36 medelstora
1537 1662 99 35 såväl
1666 1674 75 22 som
1772 1661 183 47 egentliga

350 1721 185 36 småbruk.
594 1720 59 36 Av
682 1732 45 23 en
755 1719 75 36 viss
859 1718 80 36 vikt
968 1723 38 30 är
1035 1723 103 38 även,
1169 1720 53 32 att
1245 1716 192 48 jordbruk,
1465 1727 71 24 som
1560 1717 55 33 stå
1635 1717 45 44 på
1700 1714 96 36 olika
1817 1714 138 36 kultur-

352 1774 97 44 nivå,
481 1775 36 35 få
545 1774 99 48 tjäna
672 1773 56 36 till
755 1773 120 46 grund
905 1772 56 35 för
989 1772 66 34 här
1084 1770 164 47 åsyftade
1275 1768 257 48 beräkningar.

460 1827 179 47 Slutligen
667 1827 64 35 vill
759 1826 182 35 utskottet
970 1825 92 35 fästa
1089 1823 372 48 uppmärksamheten
1491 1823 121 45 därpå,
1645 1825 51 31 att
1726 1822 59 34 det
1806 1821 81 35 icke
1908 1833 50 23 nu

352 1882 102 35 torde
483 1894 85 23 vara
602 1880 141 48 möjligt
771 1882 52 33 att
853 1882 97 44 yttra
979 1878 55 47 sig
1063 1890 68 30 om,
1164 1876 180 36 huruvida
1373 1877 73 34 den
1474 1876 213 46 ifrågasatta
1716 1875 244 46 utredningen

353 1936 186 46 angående
568 1934 243 36 kostnaderna
841 1934 56 34 för
927 1932 271 35 framställande
1227 1943 43 23 av
1286 1929 404 49 jordbruksprodukter
1705 1929 93 34 skall
1814 1928 147 35 komma

353 1992 54 33 att
435 1989 123 47 läggas
587 1988 57 35 till
672 1987 119 47 grund
820 1986 55 36 för
906 1985 161 36 maximi-
1110 1985 66 35 och
1219 1983 231 46 minimipris,
1481 1986 87 32 utan
1597 1983 93 34 lärer
1719 1982 59 35 det
1809 1982 35 35 få
1874 1982 85 35 bero

354 2044 45 45 på
429 2043 44 34 då
501 2042 158 35 rådande
688 2039 326 37 tidsförhållanden
1044 2039 66 35 och
1139 2038 112 35 andra
1266 2038 44 35 då
1326 2037 296 35 förekommande
1637 2035 321 48 omständigheter,

353 2108 57 23 om
441 2095 125 48 dylika
595 2094 116 47 priser
739 2093 61 36 vid
828 2093 103 35 tiden
961 2093 54 35 för
1042 2091 265 47 utredningens
1336 2090 225 36 slutförande
1591 2092 56 32 må
1668 2101 103 23 anses
1795 2088 166 47 önskliga

353 2149 67 36 och
450 2148 145 49 möjliga
626 2151 54 33 att
707 2150 126 34 åsätta.

463 2203 49 35 På
542 2202 120 47 grund
692 2214 44 22 av
765 2201 71 35 vad
864 2200 153 36 sålunda
1046 2199 140 35 anförts
1215 2198 55 34 får
1297 2197 180 36 utskottet
1508 2196 199 43 hemställa,
