1908 2790
345 195 188 31 Allmänna
555 197 401 40 beredningsutskottets
978 199 179 30 utlåtande
1179 209 43 20 nr
1243 201 42 29 39
1306 200 39 30 år
1368 201 83 29 1966
1629 202 13 28 1

825 542 66 40 Nr
911 543 58 40 39

355 650 183 30 Utlåtande
561 651 12 29 i
593 652 191 39 anledning
806 662 43 20 av
871 653 124 30 väckta
1018 654 173 29 motioner
1214 663 55 20 om
1294 655 68 29 viss
1386 654 259 40 specialutbild-

550 713 87 40 ning
648 714 57 39 för
718 714 238 39 journalister.

198 817 13 29 I
228 818 44 29 de
290 818 234 40 likalydande,
543 820 52 30 till
615 821 180 30 allmänna
812 822 385 40 beredningsutskottet
1215 823 192 30 hänvisade
1425 823 220 30 motionerna

155 870 29 29 I:
201 870 63 30 625
290 880 43 21 av
357 871 81 30 herr
463 873 254 37 Kristiansson,
741 874 96 37 Axel,
864 876 66 29 och
954 875 82 30 herr
1063 876 167 39 Wikberg
1254 877 65 29 och
1343 877 49 29 II:
1408 877 62 29 777
1496 887 43 20 av
1563 878 82 28 herr

153 924 164 30 Hansson
336 925 11 29 i
366 925 139 39 Skegrie
523 935 46 20 m.
583 926 38 40 fl.
640 927 213 34 hemställes,

196 979 52 28 att
272 978 189 39 riksdagen
483 979 108 30 måtte
615 980 12 29 i
652 980 167 30 skrivelse
843 981 53 30 till
920 982 126 39 Kungl.
1071 982 107 40 Maj:t
1203 983 142 29 anhålla
1369 992 56 20 om
1452 983 191 40 skyndsam

153 1031 172 40 prövning
349 1032 65 29 och
437 1032 131 40 förslag
590 1033 225 31 beträffande
837 1035 443 40 utbildningsmöjligheter
1304 1036 54 29 för
1381 1037 229 38 journalister
1634 1037 10 29 i

151 1084 94 39 syfte
265 1086 51 28 att
336 1085 120 39 uppnå
473 1095 44 20 en
537 1085 200 31 förbättrad
753 1087 477 31 informationsverksamhet
1251 1089 13 29 i
1284 1089 100 39 fråga
1405 1098 56 21 om
1481 1090 164 39 jordbru-

153 1137 59 29 ket
233 1138 66 29 och
319 1138 365 40 jordbrukspolitiken
707 1141 10 28 i
738 1140 155 39 enlighet
914 1141 81 29 med
1015 1142 198 29 motionens
1235 1142 103 39 syfte.

198 1190 13 29 I
232 1191 221 30 motionerna
473 1192 205 30 framhålles
697 1193 120 29 vikten
838 1203 43 21 av
899 1196 52 27 att
972 1195 256 39 medborgarna
1248 1196 38 29 är
1307 1196 153 39 allsidigt
1481 1197 65 29 och
1566 1197 79 29 kor-

154 1243 77 30 rekt
253 1243 236 32 informerade
512 1254 56 20 om
592 1246 204 30 samhällets
820 1247 207 30 funktioner
1048 1248 11 29 i
1082 1248 95 29 olika
1199 1249 204 30 avseenden.
1427 1250 14 29 I
1465 1249 99 40 fråga
1587 1259 58 20 om

151 1297 376 40 jordbrukspolitiken,
546 1308 75 20 som
638 1299 179 31 beskrives
836 1310 75 20 som
929 1301 11 29 i
956 1301 128 39 många
1100 1302 226 30 hänseenden
1344 1303 301 39 svåröverskådlig

155 1351 65 29 och
236 1351 63 30 lätt
316 1353 50 28 att
382 1351 210 35 missförstå,
607 1362 107 20 anser
729 1353 262 31 motionärerna
1005 1356 52 28 att
1075 1355 185 29 samhället
1278 1355 53 30 för
1348 1356 218 30 närvarande
1583 1357 61 38 gör

153 1405 126 37 ytterst
302 1404 197 40 obetydliga
521 1405 152 30 insatser
696 1406 56 29 för
774 1408 50 27 att
849 1407 57 29 för
928 1407 256 39 medborgarna
1207 1408 157 30 förklara
1385 1409 44 29 de
1453 1409 192 30 förhållan-

152 1456 69 30 den
240 1466 76 21 som
332 1457 189 30 motiverar
538 1458 69 29 hur
625 1458 116 30 denna
758 1459 126 39 politik
901 1460 157 30 bedrives
1078 1461 66 29 och
1160 1461 81 29 dess
1260 1462 156 39 verkliga
1433 1462 166 30 innehåll.

198 1510 123 29 Denna
336 1511 194 39 väsentliga
545 1511 393 41 informationsuppgift
956 1522 102 30 synes
1075 1514 108 39 enligt
1199 1515 262 29 motionärerna
1477 1515 11 29 i
1505 1516 139 39 mycket

156 1564 72 27 stor
256 1563 245 40 utsträckning
528 1564 90 30 åvila
646 1565 232 39 dagspressen
904 1567 65 28 och
996 1567 11 28 i
1033 1567 71 29 viss
1130 1567 85 30 mån
1244 1567 236 40 fackpressen.
1507 1568 138 40 Möjlig-

153 1616 147 29 heterna
316 1616 56 29 för
388 1616 248 40 dagspressens
653 1618 229 39 journalister
897 1621 52 27 att
966 1620 81 29 med
1064 1620 160 39 måttliga
1240 1621 268 30 arbetsinsatser
1526 1622 120 29 skaffa

154 1669 52 39 sig
231 1669 205 40 kunskaper
461 1679 56 21 om
540 1671 367 40 jordbrukspolitiken
933 1673 40 29 är
997 1673 195 30 emellertid
1216 1674 224 39 begränsade.
1468 1675 176 30 Eftersom

154 1722 231 40 dagspressen
409 1723 205 31 förutsättes
639 1724 153 40 fullgöra
814 1735 43 20 en
881 1726 148 39 uppgift,
1055 1735 74 21 som
1155 1728 186 29 samhället
1364 1728 105 39 självt
1493 1728 152 30 försum-

153 1785 78 20 mar
251 1776 46 39 på
318 1776 94 30 detta
434 1777 151 34 område,
609 1787 103 30 synes
734 1778 56 30 det
812 1779 263 30 motionärerna
1095 1780 185 30 motiverat
1303 1783 50 28 att
1375 1781 184 30 samhället
1582 1791 63 20 un-

152 1828 170 31 derlättar
345 1829 56 29 för
423 1830 231 39 dagspressen
677 1833 50 27 att
749 1831 142 31 bedriva
914 1841 44 20 en
980 1832 156 39 objektiv
1158 1833 66 29 och
1248 1834 112 39 saklig
1380 1834 265 30 informations-

152 1882 235 29 verksamhet.
408 1883 51 28 En
478 1883 64 38 väg
561 1885 50 28 att
630 1883 46 30 nå
695 1884 95 29 detta
807 1885 71 29 mål
898 1885 38 28 är
956 1887 49 27 att
1026 1886 274 29 statsmakterna
1320 1887 137 29 lämnar
1476 1887 167 30 effektiva

153 1934 123 39 bidrag
292 1935 53 29 till
364 1935 243 39 utbildningen
625 1945 44 20 av
686 1937 41 29 de
744 1937 230 38 journalister
991 1947 74 20 som
1082 1948 124 20 svarar
1224 1939 55 29 för
1296 1939 349 31 informationsverk-

154 1988 182 29 samheten
354 1988 11 29 i
385 1988 208 30 hithörande
614 1988 127 40 frågor.

198 2041 52 28 En
271 2040 109 30 sådan
401 2041 442 40 utbildningsverksamhet
865 2044 112 29 skulle
999 2043 202 41 förslagsvis
1223 2045 121 30 kunna
1364 2046 127 39 knytas
1511 2047 52 29 till
1585 2047 60 29 nå-

153 2095 57 37 got
232 2104 42 19 av
295 2094 41 30 de
358 2095 329 30 statsunderstödda
707 2096 388 39 journalistinstituten.
1118 2097 13 29 I
1154 2097 112 30 första
1287 2099 93 28 hand
1403 2099 96 29 torde
1522 2100 123 29 därvid

152 2147 238 29 veckokurser
408 2147 55 29 för
480 2147 249 31 kvalificerade
749 2149 65 29 och
833 2149 141 30 erfarna
992 2149 230 39 journalister
1241 2151 84 29 böra
1343 2151 142 30 komma
1504 2153 10 28 i
1535 2153 109 38 fråga.

154 2199 117 30 Under
291 2200 102 29 dessa
410 2200 125 29 kurser
553 2201 113 29 skulle
685 2203 157 37 experter
863 2202 79 29 från
962 2202 93 30 olika
1073 2203 72 29 håll
1165 2203 118 30 lämna
1303 2204 155 39 objektiv
1477 2205 168 30 informa-

154 2252 73 29 tion
247 2261 56 20 om
322 2252 40 29 de
381 2252 146 30 berörda
546 2253 166 39 frågorna
730 2254 65 29 och
813 2254 300 40 lättöverskådligt
1133 2255 409 32 informationsmaterial
1564 2258 81 29 stäl-

155 2305 51 29 las
234 2304 52 29 till
313 2304 216 39 förfogande.
557 2305 198 39 Stipendier
781 2306 112 30 skulle
918 2307 104 29 täcka
1049 2307 41 29 de
1118 2308 205 39 deltagande
1349 2309 296 39 journalisternas

156 2357 189 29 kostnader
362 2358 65 28 och
443 2359 130 28 ersätta
589 2358 79 29 dem
686 2358 54 29 för
758 2358 154 30 förlorad
930 2359 287 40 arbetsförtjänst
1236 2361 110 29 under
1363 2362 66 29 den
1446 2362 49 29 tid
1513 2363 131 29 kursen

152 2410 119 39 pågår.

199 2463 227 29 Beträffande
443 2463 251 39 motiveringen
713 2464 9 29 i
739 2464 110 38 övrigt
868 2464 54 29 får
939 2465 170 29 utskottet
1126 2466 146 30 hänvisa
1287 2467 53 29 till
1359 2467 131 30 motion
1509 2469 44 29 II:
1572 2468 73 30 777.

199 2516 176 29 Utskottet
392 2516 64 29 har
472 2516 174 30 inhämtat
663 2517 161 39 yttrande
841 2518 82 29 över
938 2518 220 30 motionerna
1175 2519 79 29 från
1273 2520 154 39 Sveriges
1445 2521 200 30 lantbruks-

154 2577 136 39 Bihang
310 2577 52 30 till
379 2577 205 39 riksdagens
603 2578 178 39 protokoll
802 2580 94 28 1966.
918 2580 37 28 11
976 2580 100 29 saml.
1095 2581 50 29 Nr
1163 2581 42 29 39
