2234 2628
675 164 365 41 Bevillningsutskottets
1063 163 197 32 betänkande
1284 164 51 30 Nr
1357 164 51 30 23.
1778 163 19 30 9

240 242 188 47 hetsvara,
471 242 215 49 säkerligen
723 248 90 30 utan
843 247 54 31 att
932 243 5 34 i
966 241 208 37 nämnvärd
1203 244 87 34 mån
1318 247 139 43 utgöra
1485 247 117 42 något
1631 242 121 48 skydd
1783 242 58 37 för

241 293 73 37 den
342 293 201 36 inhemska
571 293 386 49 fläskproduktionen.

369 344 139 37 Vidare
549 345 68 36 har
651 346 186 35 utskottet
864 345 150 36 erhållit
1040 345 291 48 upplysningar,
1360 358 80 23 som
1469 344 90 49 giva
1587 344 62 36 vid
1679 345 160 47 handen,

240 403 55 29 att
335 410 155 22 numera
531 396 92 49 inga
664 397 237 48 svårigheter
933 401 102 31 möta
1065 402 55 30 att
1148 396 113 36 vinna
1291 397 220 46 avsättning
1538 396 216 36 utomlands
1783 397 58 36 för

241 448 106 46 fläsk,
381 461 80 22 som
490 448 81 36 icke
600 448 202 36 förbrukas
829 448 103 36 inom
962 448 139 46 landet,
1131 453 99 30 samt
1258 453 53 30 att
1339 448 45 35 de
1411 448 130 48 priser,
1571 460 80 23 som
1681 448 158 37 erhållas

240 499 62 35 vid
332 507 145 39 export,
507 504 63 30 äro
599 499 229 36 åtminstone
857 499 151 36 relativt
1035 499 358 35 tillfredsställande.

371 549 49 36 Så
448 563 81 22 som
559 550 285 36 förhållandena
871 553 48 45 på
948 549 63 36 det
1038 550 12 35 i
1079 550 237 36 motionerna
1344 550 160 36 berörda
1524 550 168 36 området
1712 564 44 22 av
1775 553 66 33 vår

240 601 139 48 import
420 601 70 35 och
531 607 134 42 export
707 601 157 36 sålunda
892 614 113 35 synas
1033 601 177 36 utveckla
1238 601 72 48 sig,
1340 601 105 36 torde
1475 614 86 22 man
1589 602 100 35 hava
1716 603 124 46 grund

241 652 58 35 för
337 657 54 31 att
431 652 144 49 hoppas
618 654 47 47 på
707 665 46 23 en
787 653 242 48 småningom
1058 652 224 36 inträdande
1309 652 146 36 lättnad
1480 653 11 35 i
1520 653 44 36 de
1593 653 246 48 svårigheter,

241 703 85 36 med
353 703 103 37 vilka
480 703 225 50 jordbruket
734 704 58 36 för
819 704 235 36 närvarande
1082 704 68 35 har
1178 710 55 29 att
1260 704 148 49 kämpa.

368 807 16 35 I
413 807 194 36 motionen
636 820 45 23 nr
712 809 70 34 105
811 807 12 35 i
852 808 115 35 andra
994 807 222 36 kammaren
1245 807 96 36 hava
1369 807 58 36 för
1446 807 71 37 den
1537 808 66 36 där
1623 808 217 48 föreslagna

240 858 271 49 förhöjningen
539 872 48 22 av
615 859 199 36 tullsatsen
843 859 58 36 för
930 858 129 36 färska
1086 864 119 43 päron
1234 859 70 36 och
1333 859 135 48 äpplen
1493 859 143 36 anförts
1657 859 79 36 dels
1756 872 84 23 ena-

240 909 123 36 handa
391 909 81 36 skäl
501 922 81 24 som
612 910 11 35 i
653 910 45 36 de
726 910 199 47 motioner,
955 915 89 31 över
1072 911 102 35 vilka
1200 910 187 36 utskottet
1414 923 98 23 ovan
1530 915 119 43 yttrat
1668 911 71 48 sig,
1761 910 78 37 dels

240 960 70 36 ock
338 973 47 23 en
413 961 60 36 del
500 960 118 36 andra
646 961 174 46 motiver,
851 964 123 33 såsom
1002 961 325 49 penningvärdets
1355 961 77 47 fall,
1453 961 45 36 de
1518 962 102 48 höga
1634 961 205 49 järnvägs-

239 1011 191 37 frakterna
465 1012 104 36 inom
600 1012 158 48 Sverige
786 1012 71 36 och
886 1012 45 37 de
959 1025 254 36 gynnsamma
1241 1013 488 49 transportmöjligheterna
1755 1013 84 37 från

240 1063 247 37 Kalifornien.

368 1168 61 35 Av
470 1168 123 36 denna
634 1168 230 49 motivering
905 1174 180 31 ävensom
1127 1182 44 22 ur
1213 1168 267 48 avfattningen
1508 1181 47 24 av
1583 1169 255 37 motionärens

240 1219 234 47 hemställan,
516 1233 100 23 ovan
658 1220 139 47 införd,
840 1233 115 36 synes
997 1221 158 47 framgå,
1198 1225 54 31 att
1293 1220 68 36 här
1388 1226 40 30 är
1456 1220 107 49 fråga
1592 1233 60 23 om
1681 1220 83 37 icke
1791 1234 46 23 en

239 1270 168 49 tillfällig
447 1277 89 30 utan
569 1284 48 23 en
645 1272 175 47 varaktig
848 1272 163 49 ändring
1037 1272 12 35 i
1077 1272 195 36 tulltaxan.
1327 1271 85 37 Med
1440 1272 147 49 hänsyn
1616 1272 126 36 därtill
1766 1272 73 36 till-

239 1322 92 36 låter
366 1323 61 47 sig
453 1323 187 36 utskottet
668 1328 54 31 att
751 1324 139 47 angiva
919 1323 58 36 sin
1006 1323 183 49 ställning
1216 1323 58 36 till
1302 1323 122 37 denna
1452 1324 144 36 motion
1624 1337 137 34 genom
1791 1337 47 23 en

238 1373 230 49 hänvisning
508 1375 57 35 till
592 1375 75 36 vad
694 1375 184 36 utskottet
906 1375 125 36 anfört
1057 1375 162 36 rörande
1248 1375 44 36 de
1321 1388 97 23 ovan
1445 1375 235 36 behandlade
1709 1375 130 36 motio-

239 1438 118 23 nerna
373 1426 57 35 för
445 1426 62 36 det
522 1425 76 48 fall,
616 1431 54 31 att
684 1427 86 36 med
786 1426 192 36 desamma
989 1426 191 49 åsyftades
1190 1427 200 48 varaktiga
1401 1426 434 49 ändringar
1606 1421 20 59 i
1639 1426 196 49 tulltaxan.

369 1528 72 37 Till
479 1529 85 36 stöd
594 1530 58 36 för
681 1542 99 24 ovan
809 1530 208 49 återgivna,
1046 1530 12 36 i
1087 1530 192 36 motionen
1309 1544 43 22 nr
1383 1532 71 35 180
1483 1530 11 36 i
1523 1530 117 36 andra
1669 1530 168 37 kamma-

239 1593 66 23 ren
333 1580 235 37 framställda
600 1581 171 50 yrkande
804 1595 61 23 om
893 1582 259 48 provisoriska
1179 1582 273 49 tilläggstullar
1479 1582 232 37 beträffande
1735 1583 102 48 jord-

239 1631 154 37 brukets
424 1633 158 49 »övriga
608 1633 203 49 varuslag»
843 1633 97 36 hava
969 1634 277 36 motionärerna
1275 1634 127 36 anfört
1429 1634 182 48 följande:

372 1691 180 42 »>Slutligen
586 1693 34 32 få
650 1692 34 32 vi
708 1693 200 32 beträffande
949 1712 22 4 —
1005 1711 30 5 —
1063 1712 30 3 —
1129 1687 45 52 -—-
1200 1712 35 3 —
1259 1693 211 32 tullsatserna
1492 1693 43 42 på
1557 1693 94 39 fläsk,
1675 1693 81 33 ister
1778 1694 60 33 och

239 1735 83 38 flott,
346 1735 85 39 kött,
456 1738 51 30 ost
531 1736 62 32 och
618 1741 88 27 smör
740 1741 84 27 även
847 1736 60 32 här
930 1736 138 32 hänvisa
1090 1736 53 32 till
1165 1737 61 32 den
1249 1737 196 41 depression,
1469 1748 70 21 som
1562 1737 52 32 för
1636 1739 203 31 närvarande

239 1779 134 40 trycker
406 1779 75 32 hela
512 1781 76 31 vårt
623 1779 180 42 näringsliv
827 1780 60 32 och
911 1791 70 21 som
1005 1785 83 27 även
1112 1781 192 31 återverkar
1326 1781 43 41 på
1391 1781 246 32 förhållandena
1660 1781 48 32 uti
1731 1782 108 32 hithö-

238 1822 100 32 rande
373 1823 194 32 animaliska
600 1824 197 41 produkters
830 1824 252 41 framställning,
1117 1824 118 32 liksom
1259 1825 19 31 å
1300 1825 90 31 vissa
1413 1825 101 31 andra
1533 1825 210 40 jordbrukets
1766 1836 73 31 pro-

239 1866 282 41 duktionsgrenar.
579 1867 51 32 Då
667 1867 200 33 beträffande
906 1868 95 31 dessa
1037 1867 180 43 produkter
1253 1868 76 41 inga
1367 1869 36 31 så
1440 1868 129 32 kallade
1592 1868 168 41 glidtullar
1783 1874 56 28 äro

238 1909 149 41 gällande
412 1911 60 32 och
495 1911 91 32 vilka
609 1911 52 32 för
684 1911 110 41 övrigt
816 1911 52 32 till
891 1911 82 42 följd
996 1922 41 21 av
1060 1911 51 33 sin
1134 1912 112 32 alltför
1268 1911 240 42 komplicerade
1530 1914 98 30 natur
1650 1912 73 33 icke
1737 1913 103 32 heller

238 1953 60 32 här
336 1954 105 32 skulle
480 1965 95 22 anses
612 1966 82 21 vara
729 1955 194 39 önskvärda,
949 1956 37 31 så
1008 1955 93 32 torde
1125 1955 52 32 för
1199 1956 184 31 bevarande
1407 1956 60 32 och
1491 1955 126 33 ökande
1642 1967 41 20 av
1706 1957 61 32 den
1789 1957 50 32 hit

238 1997 143 32 hörande
404 1998 239 41 produktionen
666 1999 122 32 sådana
810 1999 224 41 provisoriska
1056 1999 119 41 tillägg
1198 2000 19 31 å
1239 1999 168 41 befintliga
1428 1999 174 33 vikttullar
1624 2000 81 32 böra
1715 2000 123 41 ifråga-

239 2041 140 38 komma,
403 2052 70 22 som
496 2043 73 31 med
592 2042 128 41 hänsyn
742 2043 51 32 till
817 2042 279 41 omständigheter
1120 2043 60 32 och
1203 2043 143 32 bekanta
1368 2043 340 33 valutaförhållanden
1730 2045 108 32 kunna

238 2085 145 32 befinnas
405 2086 119 40 nödiga
558 2086 61 32 och
651 2086 140 41 nyttiga.
837 2086 51 32 Då
910 2098 43 20 nu
977 2086 181 32 emellertid
1180 2086 197 32 härutinnan
1400 2086 162 33 särskilda
1585 2087 161 33 motioner
1768 2088 70 32 lära

238 2128 132 32 komma
407 2131 50 31 att
494 2130 125 32 väckas
653 2129 87 33 inom
770 2130 177 41 riksdagen
979 2131 73 31 med
1076 2131 208 41 upptagande
1308 2141 41 21 av
1372 2130 38 32 de
1433 2131 179 38 tullsatser,
1636 2141 70 22 som
1729 2132 109 32 kunna

238 2172 145 32 befinnas
417 2173 166 42 lämpliga,
618 2173 88 32 hava
739 2174 34 31 vi
795 2174 199 32 härutinnan
1016 2174 98 41 ingen
1137 2185 106 21 annan
1266 2174 130 32 erinran
1419 2176 50 30 att
1492 2179 89 36 göra,
1607 2179 41 27 än
1672 2176 50 31 att
1745 2176 94 32 dessa

238 2215 11 31 i
272 2216 37 31 så
331 2216 59 32 fall
414 2217 141 32 avsedda
587 2217 225 42 provisoriska
843 2218 236 40 tilläggstullar
1111 2219 105 31 måtte
1239 2218 132 32 komma
1393 2218 48 32 uti
1463 2218 152 42 lämpligt
1637 2218 202 33 förhållande

239 2259 93 32 såväl
354 2260 51 32 till
424 2261 212 41 jordbrukets
658 2261 107 33 behov
788 2272 70 22 som
881 2261 51 33 till
955 2261 172 41 samtidigt
1148 2262 152 40 gällande
1322 2261 270 33 industritullar».

240 2312 127 43 Bihang
390 2314 48 31 till
460 2314 186 41 riksdagens
667 2315 155 39 protokoll
847 2315 94 31 1921.
1009 2315 21 31 7
1053 2315 89 31 saml.
1190 2316 41 30 19
1254 2314 78 41 häft.
1377 2314 68 41 (Nr
1467 2316 66 36 23)
1776 2316 19 31 2

1886 813 152 27 Motionen

1906 848 43 26 II:
1959 848 59 27 105.

1883 1175 158 25 Utskottets

1892 1210 138 31 yttrande.

1883 1537 154 27 Motionen

1901 1572 37 27 II
1946 1573 75 26 :180.
