1876 2792
520 143 389 30 Jordbruksutskottets
933 143 179 31 utlåtande
1133 153 43 20 nr
1202 145 27 29 1.
1606 145 19 29 5

118 227 79 30 med
220 226 137 39 hänsyn
380 227 52 29 till
455 227 56 29 det
535 227 289 30 statsfinansiella
847 227 89 39 läget
958 228 11 29 i
991 228 108 29 likhet
1122 229 79 28 med
1224 229 395 38 departementschefen,

120 280 50 27 att
196 277 156 39 anslaget
377 277 62 30 bör
465 277 54 30 för
545 278 101 29 nästa
671 277 169 39 budgetår
867 279 128 29 sänkas
1020 279 79 29 med
1126 279 41 29 50
1182 279 62 29 000
1271 279 130 29 kronor
1427 280 111 28 under
1564 280 56 29 det

119 328 124 40 belopp
264 338 73 19 som
357 328 162 39 beviljats
539 329 54 29 för
613 329 235 29 innevarande
867 329 169 38 budgetår
1055 329 82 29 eller
1158 329 133 30 således
1310 330 52 29 till
1383 330 62 29 200
1461 330 61 29 000
1542 331 79 28 kro-

118 388 74 21 nor.
212 380 12 28 I
244 379 150 39 enlighet
414 380 144 29 härmed
577 380 202 29 hemställer
798 380 180 34 utskottet,

474 483 49 28 att
544 482 187 38 riksdagen
753 482 66 33 må,
841 482 79 29 med
942 482 97 29 bifall
1062 483 51 28 till
1137 483 125 38 Kungl.
1285 482 124 39 Maj:ts
1431 482 190 30 framställ-

429 532 84 39 ning
531 535 90 27 samt
639 533 79 29 med
737 533 117 38 avslag
872 533 20 29 å
910 534 40 29 de
969 533 223 39 likalydande
1211 533 220 30 motionerna
1451 534 27 28 I:
1497 534 37 29 77
1555 533 65 30 och

429 584 44 28 II:
493 584 70 33 125,
586 584 52 28 till
659 584 212 39 Främjande
894 594 42 20 av
956 584 186 39 forskning
1164 585 44 39 på
1229 585 226 39 jordbrukets
1478 584 142 29 område

428 644 45 20 m.
497 644 45 20 m.
567 634 55 30 för
644 634 203 39 budgetåret
874 634 149 36 1948/49
1048 635 120 29 anvisa
1192 637 48 27 ett
1264 634 357 39 reservationsanslag

428 695 42 20 av
489 685 63 29 200
567 685 62 29 000
650 685 140 29 kronor.

160 819 75 33 9:0)
261 819 134 29 Statens
415 820 356 35 växtskyddsanstalt:
794 820 221 35 Avlöningar,
1037 820 285 39 förslagsanslag.
1347 820 126 39 Kungl.
1496 820 124 39 Maj:ts

116 870 263 39 framställning
408 871 111 29 under
548 871 160 40 punkten
739 871 38 30 10
813 871 42 34 (s.
887 871 124 34 9—15)
1046 871 193 30 innefattar
1267 889 45 3 —
1340 871 155 30 förutom
1524 872 97 29 hem-

118 920 127 30 ställan
263 921 52 29 till
335 921 186 38 riksdagen
541 923 50 27 att
610 921 159 39 medgiva
788 922 189 38 ändringar
996 922 10 28 i
1026 922 432 39 personalförteckningen
1477 922 54 29 för
1552 924 68 27 sta-

117 972 77 28 tens
214 971 346 39 växtskyddsanstalt
581 972 64 29 och
667 972 185 38 godkänna
872 973 134 28 ändrad
1027 973 253 38 avlöningsstat
1364 972 255 39 anslagsanvis-

116 1021 85 40 ning
224 1022 52 29 till
301 1022 204 38 avlöningar
528 1023 79 28 med
632 1022 63 29 406
711 1022 61 29 800
797 1023 140 33 kronor,
962 1023 106 29 vilket
1093 1023 124 39 belopp
1242 1023 79 29 med
1346 1022 40 30 90
1402 1022 62 30 200
1488 1023 130 29 kronor

116 1072 189 39 överstiger
329 1073 245 29 motsvarande
600 1073 185 39 anvisning
809 1073 54 30 för
888 1073 236 30 innevarande
1149 1073 179 39 budgetår.

162 1123 97 29 Efter
278 1123 216 39 redogörelse
514 1124 54 29 för
586 1133 43 20 en
649 1133 42 20 av
709 1124 357 39 lantbruksstyrelsen
1085 1124 11 29 i
1117 1124 139 29 samråd
1276 1124 79 29 med
1376 1123 168 39 styrelsen
1563 1123 55 29 för

116 1175 393 38 växtskyddsanstalten
539 1175 67 29 den
636 1175 41 29 22
708 1175 138 38 augusti
879 1174 81 30 1947
992 1175 144 38 avgiven
1167 1174 188 39 utredning
1385 1175 147 28 rörande
1563 1174 56 29 be-

115 1224 103 30 hovet
241 1234 42 20 av
304 1225 127 29 filialer
454 1225 52 29 till
529 1226 392 38 växtskyddsanstalten
944 1235 44 19 m.
1012 1235 45 19 m.
1081 1226 164 29 ävensom
1269 1234 43 20 en
1334 1235 42 19 av
1398 1225 220 38 anstaltssty-

115 1275 114 29 relsen
252 1276 67 29 den
343 1276 41 29 29
409 1276 138 38 augusti
574 1276 81 29 1947
681 1277 44 39 på
748 1279 73 36 eget
845 1276 151 29 initiativ
1019 1276 191 29 verkställd
1234 1275 188 39 utredning
1446 1276 78 28 med
1548 1275 70 29 för-

116 1326 74 39 slag
215 1326 177 38 angående
417 1327 93 29 vissa
535 1326 247 39 förändringar
806 1327 11 29 i
843 1327 193 29 anstaltens
1061 1326 239 39 organisation
1325 1326 65 29 och
1415 1325 203 38 utrustning

115 1377 11 29 i
151 1377 66 29 vad
244 1377 107 39 angår
375 1377 370 30 huvudinstitutionen
770 1377 108 40 jämte
905 1378 11 28 i
942 1377 143 29 ärendet
1111 1377 147 38 avgivna
1284 1376 333 30 remissutlåtanden

114 1427 65 29 har
202 1427 384 41 departementschefen
611 1428 128 29 anfört.

162 1479 142 28 >Ehuru
334 1488 42 19 en
406 1479 90 29 ökad
526 1479 210 29 effektivitet
766 1488 41 20 av
835 1478 219 38 forsknings-
1083 1478 64 29 och
1177 1477 366 40 upplysningsarbetet
1573 1476 44 39 på

114 1528 251 39 växtskyddets
391 1529 141 29 område
558 1530 37 28 är
621 1529 11 29 i
656 1529 68 38 hög
750 1530 82 37 grad
859 1529 84 29 värd
970 1531 49 27 att
1045 1528 208 29 eftersträva
1280 1537 101 29 synes
1407 1527 70 38 mig
1504 1528 113 38 spörs-

114 1579 107 29 målet
247 1589 56 19 om
329 1580 287 29 verksamhetens
643 1580 237 38 organisation
906 1580 75 29 icke
1009 1580 94 28 ännu
1130 1589 84 20 vara
1240 1581 115 36 moget
1382 1579 54 29 för
1462 1588 42 19 en
1533 1578 84 29 slut-

115 1629 97 40 giltig
236 1630 148 38 lösning.
411 1630 135 39 Frågan
572 1640 56 20 om
653 1630 504 39 växtskyddsverksamhetens
1183 1630 180 29 ordnande
1389 1630 11 28 i
1426 1629 190 29 framtiden

114 1680 64 29 har
202 1680 39 39 ju
270 1681 168 29 samband
466 1681 93 29 såväl
585 1681 80 29 med
691 1681 282 38 organisationen
1000 1691 41 20 av
1067 1681 308 30 försöksväsendet
1401 1682 95 28 inom
1521 1682 96 39 jord-

113 1731 126 29 bruket
267 1741 73 19 som
367 1732 78 29 med
471 1732 230 38 forskningen
727 1732 56 29 vid
810 1732 391 38 lantbrukshögskolan.
1230 1732 48 29 På
1303 1732 89 29 båda
1418 1732 100 29 dessa
1545 1741 72 20 om-

113 1781 108 29 råden
241 1782 45 29 ha
305 1783 228 38 utredningar
552 1783 211 33 verkställts,
783 1783 93 29 vilka
897 1784 60 28 äro
976 1783 147 29 föremål
1143 1783 55 28 för
1217 1783 172 39 prövning
1407 1783 95 28 inom
1521 1783 96 39 jord-

112 1832 398 39 bruksdepartementet.
534 1833 116 29 Under
672 1834 100 28 dessa
794 1833 297 38 omständigheter
1114 1834 64 28 har
1199 1833 60 39 jag
1281 1835 113 27 ansett
1417 1833 200 29 förevaran-

113 1883 41 29 de
196 1884 170 38 spörsmål
408 1884 147 29 rörande
595 1884 505 38 växtskyddsverksamhetens
1130 1884 238 38 organisation
1399 1884 82 29 böra
1510 1886 106 36 ytter-

114 1933 106 38 ligare
263 1935 187 37 övervägas
492 1934 108 29 innan
644 1935 131 37 förslag
817 1935 122 28 härom
972 1934 235 29 underställas
1239 1934 197 38 riksdagen.
1480 1935 12 28 I
1526 1934 89 39 syfte

112 1985 50 27 alt
188 1984 245 30 åstadkomma
458 1986 48 27 ett
530 1984 113 30 bättre
669 1984 146 30 resultat
841 1994 42 20 av
907 1984 132 30 arbetet
1065 1994 104 29 synas
1194 1985 72 38 mig
1290 1985 192 29 emellertid
1507 1985 109 29 redan

111 2042 48 20 nu
188 2034 131 30 sådana
344 2035 132 28 smärre
502 2035 240 39 utbyggnader
767 2045 41 20 av
832 2035 501 39 växtskyddsorganisationen
1357 2035 122 30 kunna
1505 2035 111 30 vidta-

112 2091 70 31 gas,
202 2085 94 29 vilka
316 2085 76 29 icke
411 2085 159 30 medföra
589 2086 11 28 i
620 2086 202 29 nuvarande
841 2086 74 38 läge
935 2086 200 38 betänkliga
1153 2086 267 29 merkostnader
1439 2085 55 30 för
1514 2087 102 28 stats-

110 2135 130 29 verket.
266 2135 211 38 Härigenom
503 2136 111 29 skulle
638 2136 40 39 ju
704 2136 105 29 också
829 2136 41 29 de
895 2136 182 29 önskemål
1104 2136 143 29 komma
1272 2137 50 28 att
1350 2136 11 29 i
1390 2135 113 38 någon
1529 2135 83 29 mån

109 2184 211 38 tillgodoses,
343 2185 94 29 vilka
459 2185 243 30 framkommit
724 2186 11 29 i
757 2186 168 29 samband
947 2186 78 29 med
1050 2186 257 37 behandlingen
1331 2195 42 20 av
1393 2186 220 28 motionerna

112 2234 28 29 1:
158 2234 40 29 54
223 2235 64 28 och
316 2235 45 28 II:
379 2235 40 29 79
448 2237 89 27 samt
562 2235 29 29 1:
610 2235 61 29 103
698 2236 64 28 och
787 2235 44 29 II:
862 2236 60 29 192
948 2236 52 28 till
1028 2235 82 29 1947
1137 2236 56 29 års
1217 2236 143 37 riksdag
1393 2235 222 38 (jordbruks-

109 2284 93 29 utsk.
230 2284 61 29 utl.
315 2293 42 20 nr
381 2285 58 33 53)
469 2285 177 38 angående
665 2286 187 37 utredning
876 2295 56 19 om
956 2286 161 37 åtgärder
1140 2286 52 29 till
1216 2285 212 37 förbättring
1451 2295 41 19 av
1516 2286 96 28 växt-

110 2334 412 38 skyddsverksamheten.
547 2335 77 29 Med
646 2335 137 38 hänsyn
805 2335 51 29 till
880 2336 41 28 de
943 2335 98 29 ringa
1065 2335 445 38 befordringsmöjligheter
1537 2343 74 21 som

110 2384 55 29 för
187 2385 219 29 närvarande
430 2385 52 29 stå
505 2385 66 29 den
593 2385 10 29 i
627 2385 231 38 växtskyddet
883 2385 309 39 specialutbildade
1215 2385 208 39 personalen
1448 2385 51 29 till
1522 2385 90 29 buds
