1880 2790
260 135 39 30 40
654 135 389 31 Jordbruksutskottets
1068 136 178 30 utlåtande
1268 146 43 20 nr
1337 137 28 30 1.

614 219 38 33 b)
682 219 52 29 till
753 219 229 31 Bestridande
1001 220 79 30 med
1099 220 178 30 allmänna
1299 220 114 30 medel
1432 230 42 20 av
1496 221 90 30 vissa
1607 221 80 29 med
1711 221 54 29 be-

572 269 224 40 tesreglering
825 270 168 39 förenade
1023 271 189 29 kostnader
1241 273 48 27 ett
1318 271 275 40 förslagsanslag
1625 281 41 20 av
1703 272 60 29 100

570 320 140 29 kronor.

299 446 96 34 61:0)
423 447 125 35 Bidrag
576 447 53 29 till
662 448 276 35 markkartering
973 449 64 28 och
1068 449 290 35 grundkalkning,
1394 450 367 38 reservationsanslag.

260 496 66 29 För
349 496 229 30 utlämnande
601 497 53 29 till
682 497 449 40 hushållningssällskapen
1158 507 42 20 av
1225 498 122 39 bidrag
1369 498 53 29 till
1446 498 317 39 markkarterings-

260 547 269 29 verksamheten
554 547 64 29 har
645 547 55 30 för
726 548 237 29 innevarande
992 548 169 39 budgetår
1190 550 129 28 avsetts
1345 550 48 28 ett
1420 549 125 39 belopp
1575 559 42 20 av
1644 549 41 30 50
1701 549 62 29 000

260 597 140 34 kronor,
420 598 95 29 vilka
533 598 111 29 medel
665 599 177 38 upptagits
862 599 112 29 under
992 599 308 39 förslagsanslaget
1320 599 52 29 till
1395 599 122 40 bidrag
1536 600 52 29 till
1608 600 154 29 hushåll-

260 647 315 41 ningssällskapen.
599 649 127 29 Vidare
748 649 64 29 har
835 649 19 29 å
878 649 191 30 riksstaten
1096 650 54 29 för
1174 650 147 39 löpande
1345 650 170 39 budgetår
1537 650 155 30 anvisats
1716 652 47 27 ett

261 699 274 39 förslagsanslag
556 709 42 20 av
620 700 63 29 275
699 700 62 30 000
783 700 131 30 kronor
936 701 53 29 till
1011 701 251 39 fraktlindring
1284 702 55 28 för
1361 702 95 29 kalk.

304 749 126 39 Kungl.
460 749 104 39 Maj:t
589 750 64 29 har
680 750 111 29 under
816 751 160 38 punkten
1003 751 37 29 77
1073 751 42 33 (s.
1145 751 189 34 121—126)
1366 751 180 39 föreslagit
1576 752 187 38 riksdagen

260 801 49 27 att
332 799 55 30 för
409 801 102 28 nästa
530 800 169 39 budgetår
719 801 52 29 till
790 801 122 39 bidrag
933 801 52 29 till
1007 802 282 39 markkartering
1309 802 65 29 och
1395 802 286 40 grundkalkning
1705 812 59 20 an-

261 851 73 29 visa
354 852 48 28 ett
422 852 357 39 reservationsanslag
798 862 42 20 av
860 852 63 30 300
939 853 62 29 000
1022 854 139 28 kronor.

305 901 12 28 I
337 901 96 30 detta
455 902 255 38 sammanhang
729 902 63 29 har
814 903 171 29 utskottet
1008 903 52 29 till
1080 903 212 39 behandling
1312 903 155 30 förehaft
1488 904 158 38 följande
1669 905 94 28 inom

260 951 188 39 riksdagen
468 953 133 32 väckta,
623 953 53 29 till
697 953 170 29 utskottet
889 953 191 30 hänvisade
1105 954 181 34 motioner,
1308 954 178 39 nämligen

306 1002 34 33 1)
371 1002 28 29 I:
419 1003 61 29 129
504 1012 41 20 av
563 1003 80 29 herr
662 1003 189 39 Hallagård
868 1014 46 20 m.
932 1004 50 39 fl.,
1001 1004 223 39 likalydande
1245 1005 79 29 med
1344 1004 46 29 II:
1407 1005 62 29 225
1491 1015 42 20 av
1551 1006 81 28 herr
1652 1006 112 29 Sund-

262 1054 107 28 ström
395 1063 45 20 m.
463 1054 49 39 fl.,
535 1055 73 28 vari
631 1055 207 34 hemställts,
862 1057 50 28 att
936 1056 187 38 riksdagen
1146 1056 107 30 måtte
1277 1056 146 34 besluta,
1449 1058 50 28 att
1522 1056 242 40 bidragsverk-

263 1104 180 29 samheten
467 1105 52 28 till
542 1105 252 39 fraktlindring
817 1106 55 29 för
896 1106 84 29 kalk
1004 1107 57 29 må
1085 1107 114 38 fortgå
1223 1107 106 38 enligt
1354 1116 47 19 nu
1427 1107 159 38 gällande
1613 1108 151 38 grunder

263 1156 89 27 samt
374 1156 50 28 att
447 1155 186 39 riksdagen
655 1155 108 30 måtte
785 1156 54 29 för
861 1157 96 29 detta
979 1157 162 29 ändamål
1164 1157 54 29 för
1240 1157 205 39 budgetåret
1470 1157 149 36 1948/49
1643 1159 120 28 anvisa

261 1207 47 27 ett
328 1205 274 40 förslagsanslag
622 1215 42 20 av
684 1206 61 29 275
762 1206 61 29 000
843 1207 146 34 kronor;

304 1255 35 34 2)
371 1256 28 29 1:
419 1256 61 29 130
506 1266 41 19 av
568 1256 80 29 herr
669 1256 151 37 Nilsson,
841 1257 98 36 Bror,
960 1257 65 29 och
1045 1257 81 29 herr
1147 1257 199 37 Niklasson,
1368 1257 224 39 likalydande
1615 1259 79 29 med
1717 1259 45 28 II:

261 1306 62 29 224
350 1316 42 20 av
418 1307 81 28 herr
522 1307 149 29 Persson
696 1307 12 28 i
731 1307 134 38 Norrby
888 1316 46 21 m.
962 1307 50 39 fl.,
1036 1308 74 29 vari
1136 1308 207 33 hemställts,
1369 1310 50 27 att
1444 1308 188 39 riksdagen
1656 1309 107 29 måtte

259 1356 146 34 besluta,

304 1411 49 27 att
374 1408 428 39 grundkalkningsbidrag
819 1409 58 29 må
893 1409 84 38 utgå
994 1409 105 38 enligt
1118 1410 41 28 de
1178 1410 11 28 i
1210 1410 263 39 propositionen
1492 1410 150 39 angivna
1661 1418 103 31 grun-

260 1458 117 33 derna,
401 1459 90 29 dock
517 1461 48 27 att
589 1459 67 29 alla
683 1459 294 39 brukningsdelar
1001 1460 110 29 under
1135 1460 40 29 50
1200 1460 124 29 hektar
1348 1460 58 30 må
1431 1460 93 30 bliva
1549 1461 214 38 berättigade

258 1508 52 29 till
329 1508 133 40 bidrag,
482 1509 64 30 och

303 1561 49 27 att
375 1559 124 39 bidrag
518 1560 57 29 må
595 1560 92 38 utgå,
708 1561 86 28 även
813 1569 55 20 om
889 1561 283 39 markkartering
1193 1561 82 29 eller
1298 1561 190 30 fältförsök
1510 1571 43 21 av
1572 1562 93 30 olika
1688 1562 73 30 skäl

259 1609 29 39 ej
308 1610 71 29 kan
396 1609 139 35 företes,
556 1611 10 28 i
583 1611 41 28 de
644 1610 73 34 fall,
735 1611 44 29 då
794 1611 260 38 jordbrukaren
1072 1612 78 28 med
1171 1612 75 29 stöd
1265 1621 41 20 av
1324 1612 200 30 erfarenhet
1542 1613 71 29 kan
1631 1613 130 39 styrka,

258 1662 49 27 att
330 1661 198 29 kalkbehov
549 1661 199 39 föreligger;

304 1711 35 34 3)
370 1712 29 29 I:
417 1712 63 29 200
498 1722 41 20 av
554 1712 80 29 herr
653 1712 138 37 Osvald,
810 1712 224 39 likalydande
1052 1714 78 28 med
1153 1714 44 28 II:
1214 1713 63 30 324
1295 1723 42 20 av
1353 1714 81 29 herr
1452 1714 179 40 Sandberg
1648 1724 45 21 m.
1713 1715 49 39 fl.,

259 1763 73 28 vari
353 1763 208 33 hemställts,
583 1765 50 27 att
654 1763 187 39 riksdagen
864 1764 109 29 måtte
994 1764 145 34 besluta,

304 1815 49 27 att
377 1813 123 39 bidrag
523 1823 41 19 ur
585 1814 57 29 det
665 1823 42 20 av
728 1814 124 39 Kungl.
876 1814 106 39 Maj:t
1003 1814 198 39 föreslagna
1224 1815 155 39 anslaget
1404 1815 55 29 för
1480 1816 284 38 markkartering

261 1863 63 29 och
343 1864 286 39 grundkalkning
647 1864 57 29 må
722 1865 121 30 kunna
861 1865 178 30 utlämnas
1058 1866 87 29 efter
1163 1866 70 29 viss
1251 1866 303 40 behovsprövning
1572 1869 86 27 utan
1678 1867 85 29 hän-

260 1923 62 29 syn
339 1914 53 28 till
411 1914 271 39 brukningsdels
702 1915 144 34 storlek;

303 1966 49 27 att
383 1964 146 30 behovet
559 1975 41 19 av
629 1965 171 39 kalkning
830 1965 89 30 skall
948 1975 84 20 vara
1063 1967 112 38 styrkt
1206 1974 123 31 genom
1362 1967 284 39 markkartering
1679 1968 82 29 eller

259 2014 208 30 kalkförsök
486 2015 81 29 eller
588 2015 44 40 på
651 2017 108 27 annat
779 2016 67 30 sätt
865 2025 42 20 av
928 2016 200 39 sakkunnig
1146 2017 177 39 personal;

303 2067 59 31 att,
386 2066 63 28 där
469 2066 110 29 behov
602 2076 42 19 av
664 2066 84 29 kalk
767 2066 97 30 blivit
888 2067 123 38 styrkt,
1033 2067 121 39 bidrag
1176 2068 57 29 må
1256 2068 122 29 kunna
1399 2068 178 30 utlämnas
1598 2068 164 30 oberoen-

259 2115 40 29 de
326 2125 42 20 av
394 2125 57 20 om
477 2116 215 39 kalkningen
719 2116 187 30 betecknas
936 2127 74 19 som
1037 2118 285 39 grundkalkning
1347 2118 83 29 eller
1457 2119 302 30 underhållskalk-

259 2166 97 38 ning;

304 2218 49 28 att
375 2216 123 40 bidrag
517 2218 122 28 endast
661 2217 58 30 må
738 2218 82 38 utgå
839 2218 52 29 till
915 2218 171 39 kalkning
1104 2219 45 39 på
1169 2219 90 39 jord,
1282 2229 74 20 som
1377 2220 38 29 är
1435 2220 174 30 dränerad
1630 2221 45 39 på
1695 2220 68 30 till-

259 2266 269 31 fredsställande
548 2269 66 28 sätt
633 2268 84 29 eller
736 2278 74 20 som
831 2269 168 29 dräneras
1017 2269 74 29 före
1111 2270 82 29 eller
1210 2270 11 29 i
1241 2270 169 30 samband
1429 2271 80 29 med
1528 2271 231 38 kalkningen;

260 2320 90 27 samt

300 2371 49 28 att
370 2369 157 39 anslaget
544 2369 54 30 för
619 2369 314 39 kalkningsbidrag
950 2371 169 38 upptages
1136 2371 80 29 med
1236 2371 62 29 300
1314 2371 62 30 000
1394 2371 141 35 kronor,
1557 2372 32 29 d.
1609 2381 30 20 v.
1660 2381 24 19 s.
1704 2372 55 28 för

257 2420 283 38 markkartering
559 2420 64 29 och
644 2420 171 39 kalkning
836 2420 233 39 sammanlagt
1092 2421 63 30 400
1170 2421 62 30 000
1253 2422 140 29 kronor.
