1880 2790
250 144 38 29 T4
662 150 377 32 Jordbruksutskottets
1063 152 177 31 utlåtande
1264 163 41 20 nr
1331 154 28 29 1.

251 227 138 30 medlen
409 228 111 29 skulle
538 229 123 29 tillåta.
681 229 261 31 ämbetsverket
961 240 102 20 anser
1085 232 51 38 sig
1155 232 89 29 dock
1262 232 84 30 böra
1365 233 216 38 ifrågasätta,
1604 243 56 20 om
1680 234 75 29 icke

251 269 10 28 i
281 270 203 29 nuvarande
504 270 74 39 läge
600 271 253 39 beskärningar
875 282 41 20 av
934 276 237 36 programmet
1192 275 121 28 kunna
1334 275 197 38 övervägas.
1555 276 126 29 Vidare
1704 285 52 29 sy-

252 319 61 21 nes
336 311 83 30 böra
439 314 172 37 upptagas
631 313 52 28 till
702 314 181 38 prövning,
904 323 55 20 om
980 315 76 29 icke
1079 315 92 30 vissa
1192 326 41 19 av
1253 317 40 28 de
1316 317 79 29 med
1418 317 166 39 anslagen
1605 318 150 30 avsedda

252 353 209 29 ändamålen
488 355 122 29 kunna
638 355 199 38 tillgodoses
866 364 122 30 genom
1018 357 190 30 anvisande
1240 367 42 21 av
1309 359 112 29 medel
1451 359 80 29 från
1558 360 196 38 inflytande

250 394 445 40 prisutjämningsavgifter
717 397 20 29 å
758 399 168 28 trävaror.

297 436 257 31 Statskontoret
586 439 204 29 framhåller
820 440 295 39 angelägenheten
1144 451 42 20 av
1214 444 50 27 att
1293 442 161 39 åtgärder
1484 443 37 30 så
1554 446 97 27 snart
1681 453 73 20 som

251 478 138 39 möjligt
415 479 158 39 vidtagas
600 480 55 29 för
683 481 276 39 möjliggörande
986 492 42 20 av
1054 484 67 28 den
1148 493 42 20 av
1215 484 187 39 riksdagen
1429 486 156 29 önskade
1612 486 143 39 uppdel-

250 520 129 38 ningen
404 531 41 20 av
469 522 157 38 anslaget
648 522 10 29 i
680 525 47 27 ett
750 523 195 40 avlönings-
969 525 64 29 och
1057 527 48 27 ett
1127 526 363 40 omkostnadsanslag.

294 595 140 30 Statens
457 596 214 30 lönenämnd
692 598 64 30 har
779 599 11 28 i
816 599 307 31 remissutlåtande
1147 601 66 29 den
1237 601 18 30 3
1279 602 144 30 oktober
1448 602 82 30 1947
1555 613 43 20 av
1622 613 133 21 samma

252 646 76 29 skäl
348 656 74 20 som
441 648 252 30 statskontoret
710 649 75 30 icke
803 650 136 30 kunnat
956 651 138 30 biträda
1115 652 166 39 förslaget
1298 662 57 20 om
1375 654 243 39 uppflyttning
1636 655 10 28 i
1664 655 92 29 löne-

252 698 84 36 grad
357 707 42 20 av
414 698 92 30 vissa
523 699 110 29 förste
652 700 326 39 assistenttjänster.
998 702 131 30 Härvid
1149 703 64 30 har
1230 704 178 29 nämnden
1425 705 114 30 tillika
1556 706 131 29 erinrat
1706 707 50 28 att

251 747 41 30 de
321 748 57 29 vid
406 749 251 30 domänverket
683 751 174 30 anställda
883 752 324 39 överjägmästarna
1234 754 116 30 såsom
1378 756 177 29 närmaste
1584 756 172 39 medhjäl-

251 806 82 30 pare
356 799 45 29 ha
427 799 208 31 biträdande
657 801 213 39 jägmästare
894 803 11 29 i
928 803 166 39 lönegrad
1119 804 46 30 Ca
1190 805 52 29 25.
1266 805 26 29 Å
1317 806 110 30 andra
1451 806 100 30 sidan
1575 807 64 29 har
1663 808 92 29 löne-

251 849 177 29 nämnden
446 850 76 30 icke
542 851 78 29 haft
641 852 104 39 något
764 854 50 28 att
833 853 115 30 erinra
968 856 72 28 mot
1061 857 51 27 att
1130 855 41 30 de
1189 855 207 31 biträdande
1415 857 339 40 länsskogvaktarna

249 898 191 31 hänfördes
461 900 52 30 till
534 901 166 39 lönegrad
721 903 45 30 Ca
788 903 49 30 13.
863 904 167 39 Slutligen
1050 906 64 29 har
1134 907 178 29 nämnden
1333 907 11 29 i
1364 908 189 39 anledning
1574 918 43 20 av
1637 909 118 39 skogs-

251 950 188 37 styrelsens
459 951 133 40 förslag
615 962 56 20 om
691 953 199 31 inrättande
910 964 42 21 av
971 965 43 20 en
1034 956 502 42 kontorsbiträdesbefattning
1557 959 12 29 i
1592 959 46 30 Ca
1659 959 18 29 8
1698 960 57 30 vid

250 999 384 41 skogsvårdsstyrelsen
659 1003 11 29 i
694 1003 228 32 Norrbottens
945 1006 58 29 län
1027 1007 206 34 framhållit,
1258 1010 50 28 att
1332 1009 107 39 enligt
1464 1010 198 30 nämndens
1685 1020 70 20 me-

250 1050 84 39 ning
360 1052 75 29 skäl
459 1052 116 31 talade
600 1054 55 29 för
680 1054 185 31 införande
894 1066 42 20 av
961 1066 42 20 en
1030 1058 156 38 reglerad
1211 1059 315 40 befordringsgång
1553 1061 56 30 för
1637 1062 118 38 skogs-

248 1100 338 40 vårdsstyrelsernas
608 1104 159 31 biträden
789 1107 79 29 med
892 1107 108 30 skriv-
1021 1109 65 28 och
1112 1109 304 39 kontorsgöromål
1439 1111 10 29 i
1472 1111 206 40 anslutning
1701 1112 53 29 till

249 1151 66 29 vad
336 1161 74 20 som
432 1153 106 38 gäller
559 1155 55 29 för
635 1158 245 29 motsvarande
902 1158 346 40 befattningshavare
1271 1161 57 29 vid
1351 1161 66 29 den
1439 1162 102 29 civila
1562 1162 83 30 eller
1665 1163 90 29 mili-

248 1201 76 30 tära
351 1204 367 40 statsförvaltningens
745 1208 85 28 verk
855 1208 64 29 och
942 1210 253 38 myndigheter.

292 1253 13 28 I
328 1262 42 20 en
394 1254 263 41 framställning
680 1257 66 30 den
771 1258 18 29 6
815 1259 193 38 september
1035 1260 82 29 1947
1141 1261 64 29 har
1231 1262 277 39 skogsstyrelsen
1532 1264 147 29 anhållit
1704 1266 50 28 att

246 1301 55 30 för
326 1304 300 39 understödjande
651 1315 41 21 av
724 1307 540 41 fortbildningskurser
1298 1312 73 29 för
1405 1313 87 29 viss
1527 1313 227 31 förman
1709 1297 49 55 s-

247 1355 223 36 personal
496 1355 82 30 hos
606 1357 601 41 skogsvårdsstyrelserna
1233 1361 36 30 få
1286 1362 186 39 disponera
1488 1364 149 40 tillhopa
1653 1365 101 39 högst

248 1403 38 29 75
302 1403 63 30 000
389 1405 139 34 kronor,
554 1408 50 27 att
628 1407 82 38 utgå
731 1408 11 28 i
766 1408 111 30 första
900 1409 93 30 hand
1018 1410 80 30 från
1122 1411 41 30 de
1186 1411 64 30 hos
1274 1413 252 30 statskontoret
1550 1415 203 30 redovisade

247 1454 480 41 skogsvårdsavgiftsmedlen
751 1460 89 27 samt
863 1459 11 29 i
896 1460 66 30 den
984 1461 83 29 mån
1089 1462 154 29 nämnda
1266 1463 112 29 medel
1401 1464 75 29 icke
1500 1464 151 40 försloge
1673 1465 80 30 från

246 1503 229 32 förevarande
503 1507 131 38 anslag.
663 1508 66 28 Till
757 1509 76 29 stöd
862 1509 54 29 för
943 1510 307 40 framställningen
1278 1513 64 29 har
1371 1514 277 39 skogsstyrelsen
1677 1516 76 29 åbe-

245 1557 100 36 ropat
370 1556 160 34 särskild,
553 1557 96 29 inom
673 1557 501 43 länsjägmästareföreningen
1196 1563 192 30 verkställd
1411 1565 188 39 utredning
1622 1566 10 29 i
1656 1567 98 28 ären-

246 1604 67 31 det.
333 1605 51 30 Av
402 1606 114 30 denna
535 1608 189 38 utredning
742 1609 57 29 må
817 1609 64 29 här
900 1610 171 39 återgivas
1091 1611 168 40 följande.

288 1662 239 40 Utredningen
542 1665 65 29 har
623 1666 204 35 framhållit,
846 1670 50 27 att
913 1668 443 40 skogsvårdsstyrelsernas
1373 1672 379 32 biträdesverksamhet

245 1706 169 28 avseende
430 1706 253 31 beståndsvård
700 1709 111 29 under
828 1718 120 22 senare
968 1711 38 29 år
1023 1712 83 29 ökat
1122 1713 139 38 mycket
1279 1714 122 30 starkt.
1418 1715 137 30 Bristen
1573 1716 45 40 på
1635 1717 118 38 skogs-

244 1748 257 32 skoleutbildad
525 1752 162 38 personal
711 1753 63 28 och
798 1753 67 29 den
889 1754 111 29 starkt
1024 1756 281 39 säsongmässiga
1330 1757 249 40 anhopningen
1604 1769 43 20 av
1669 1760 83 30 ifrå-

243 1790 196 36 gavarande
458 1791 411 41 biträdesförrättningar
889 1795 88 30 hade
995 1797 163 34 medfört,
1177 1800 50 27 att
1245 1808 42 19 en
1307 1799 61 30 allt
1388 1801 109 29 större
1516 1801 54 29 del
1591 1811 43 20 av
1651 1801 101 29 dessa

243 1832 142 29 arbeten
406 1833 110 30 måste
539 1835 137 30 utföras
699 1845 41 20 av
759 1845 176 30 personer,
959 1847 73 21 som
1055 1839 89 30 efter
1165 1841 176 38 praktiskt
1363 1842 116 30 arbete
1502 1843 11 29 i
1538 1844 130 38 skogen
1694 1853 58 20 en-

244 1876 78 29 dast
341 1878 199 38 genomgått
558 1887 43 20 en
622 1879 139 30 kortare
781 1881 86 29 kurs
887 1881 63 30 hos
969 1882 259 31 vederbörande
1251 1885 370 38 skogsvårdsstyrelse.
1643 1887 108 29 Dessa

243 1916 159 31 förmäns
423 1918 141 30 arbeten
589 1920 181 38 uppfyllde
790 1921 76 30 icke
887 1922 98 30 alltid
1008 1924 41 29 de
1071 1924 90 38 höga
1183 1925 96 34 krav,
1304 1935 74 20 som
1400 1927 105 29 borde
1526 1928 122 29 kunna
1671 1928 81 29 stäl-

244 1959 51 31 las
309 1961 44 39 på
369 1969 41 21 en
426 1962 214 40 förrättning
657 1963 118 30 utförd
792 1972 123 31 genom
932 1966 402 40 skogsvårdsstyrelsens
1350 1969 146 39 försorg.
1515 1969 93 30 Även
1624 1971 11 28 i
1651 1971 99 38 fråga

242 2009 55 21 om
325 2002 41 29 de
395 2003 223 37 nyanställda
645 2004 210 31 förmännen
882 2007 78 29 med
987 2008 406 41 skogsskoleutbildning
1419 2012 111 38 gällde
1558 2013 11 29 i
1597 2013 71 29 viss
1698 2015 53 27 ut-

243 2043 214 40 sträckning,
481 2047 50 28 att
555 2046 42 30 de
620 2047 111 30 skulle
751 2047 134 31 behöva
905 2050 200 38 ytterligare
1128 2052 161 39 praktisk
1311 2054 253 39 undervisning
1587 2055 11 29 i
1622 2056 129 38 stämp-

244 2088 82 30 ling.

286 2096 75 62 Den
387 2130 172 38 personal,
589 2140 74 20 som
690 2131 189 32 beräknats
904 2143 82 21 vara
1011 2135 11 29 i
1050 2136 214 30 omedelbart
1290 2137 111 31 behov
1428 2148 41 20 av
1494 2139 71 30 viss
1591 2140 160 29 fortbild-

241 2172 94 39 ning,
359 2174 64 29 har
447 2175 225 39 uppskattats
693 2175 51 29 till
766 2176 96 30 cirka
887 2177 62 30 360
972 2179 155 37 stycken.
1151 2180 238 39 Utredningen
1411 2181 64 30 har
1496 2182 182 39 föreslagit
1700 2184 50 28 att

241 2214 59 29 två
327 2214 73 39 slag
427 2224 42 20 av
496 2216 126 29 kurser
650 2217 111 30 skulle
788 2218 143 30 komma
956 2219 53 30 till
1037 2220 103 30 stånd
1168 2222 178 38 nämligen
1373 2223 73 29 dels
1476 2224 182 39 gallrings-
1685 2224 64 29 och

241 2256 288 38 röjningskurser
549 2258 56 30 för
627 2259 198 40 utbildning
845 2261 12 29 i
877 2261 141 30 enklare
1040 2263 149 39 gallring
1210 2266 91 28 samt
1325 2265 11 29 i
1358 2265 142 39 röjning
1521 2266 65 29 och
1606 2263 144 47 hygges-

240 2299 178 39 rensning,
438 2300 73 30 dels
534 2301 335 39 stämplingskurser
887 2304 55 29 för
960 2304 200 40 utbildning
1182 2306 11 29 i
1211 2315 96 21 mera
1328 2307 177 30 krävande
1527 2305 223 47 stämplings-

241 2341 127 30 arbete.
387 2342 348 39 Gallringskurserna
752 2345 112 30 skulle
882 2346 36 29 få
934 2355 42 20 en
992 2347 105 38 längd
1114 2357 42 20 av
1172 2348 77 38 fyra
1268 2348 20 30 å
1306 2349 70 29 fem
1394 2351 126 28 veckor
1536 2351 65 29 och
1621 2351 128 37 stämp-

240 2383 266 39 lingskurserna
531 2387 51 28 tre
605 2386 19 29 å
646 2386 78 39 fyra
743 2387 126 30 veckor
889 2389 78 29 med
989 2391 48 27 ett
1058 2390 171 30 elevantal
1250 2391 11 29 i
1281 2391 107 39 bägge
1409 2392 108 30 fallen
1539 2403 42 20 av
1605 2393 38 29 15
1665 2392 20 30 å
1708 2392 40 30 20

242 2426 154 38 stycken.
422 2428 67 29 För
510 2429 57 29 det
589 2429 154 30 aktuella
765 2430 146 30 behovet
933 2431 112 30 skulle
1068 2432 120 30 därför
1210 2433 178 30 erfordras
1412 2434 19 29 8
1454 2435 295 39 gallringskurser
