1910 2848
279 158 19 28 4
728 158 260 31 Statsutskottets
1010 160 165 31 utlåtande
1197 162 47 28 Nr
1269 166 70 27 165.

949 451 60 40 Nr
1036 453 90 40 165.

687 558 116 28 Ankom
828 559 47 28 till
897 560 172 34 riksdagens
1092 561 97 28 kansli
1211 562 56 28 den
1293 563 16 26 8
1332 562 68 34 juni
1424 564 79 27 1934
1527 563 39 28 kl.
1592 565 38 26 12
1653 574 39 18 m.

505 644 183 34 Utlåtande
710 648 12 30 i
744 646 180 39 anledning
947 659 41 21 av
1010 648 131 39 Kungl.
1166 650 119 38 Maj:ts
1308 653 206 35 proposition
1537 652 171 37 angående
1732 664 56 20 an-

725 697 72 37 slag
826 698 54 32 till
903 698 271 39 socialstyrelsen
1197 712 42 21 m.
1262 712 43 21 m.
1329 701 102 39 jämte
1454 712 39 21 en
1517 704 11 30 i
1553 704 110 30 ämnet
1688 704 100 31 väckt

725 750 136 31 motion.

1597 803 72 40 (3:e
1689 804 94 40 avd.)

326 894 20 32 I
368 894 61 33 den
449 895 53 32 till
522 897 182 39 riksdagen
726 899 148 40 avlåtna,
897 900 62 32 den
980 902 19 31 3
1020 901 136 38 januari
1179 903 84 32 1934
1286 902 229 39 dagtecknade
1538 904 249 38 propositionen

284 943 59 40 (nr
374 945 36 40 1)
444 947 172 38 angående
647 949 220 33 statsverkets
895 950 156 34 tillstånd
1081 952 60 33 och
1171 952 105 33 behov
1305 953 55 33 för
1379 954 201 39 budgetåret
1603 952 182 42 1934/1935

279 995 63 32 har
360 996 126 39 Kungl.
504 998 105 38 Maj:t
633 997 205 41 (punkterna
856 1002 18 31 2
893 1002 60 32 och
971 1003 18 31 3
1009 1014 43 21 av
1070 1003 56 32 det
1144 1003 57 33 vid
1219 1005 247 37 propositionen
1486 1005 124 39 fogade
1628 1006 159 39 utdraget

279 1058 44 20 av
349 1048 368 39 statsrådsprotokollet
743 1055 77 28 över
847 1052 250 34 socialärenden
1125 1054 53 32 för
1205 1055 145 33 nämnda
1378 1056 82 40 dag)
1495 1057 178 38 föreslagit
1701 1057 83 32 riks-

280 1097 110 38 dagen
411 1102 58 35 att,
490 1099 12 32 i
522 1100 148 33 avbidan
690 1102 43 38 på
754 1102 148 33 särskild
923 1104 207 38 proposition
1152 1105 11 32 i
1187 1109 119 35 ämnet,
1328 1106 13 32 i
1364 1106 182 33 riksstaten
1570 1107 54 33 för
1645 1103 139 48 budget-

277 1148 75 32 året
374 1146 182 42 1934/1935
579 1150 73 33 dels
672 1151 148 34 beräkna
843 1153 57 33 det
922 1154 166 33 ordinarie
1111 1155 305 41 förslagsanslaget
1437 1158 53 31 till
1514 1158 271 39 socialstyrelsen

276 1197 55 33 till
352 1199 196 34 oförändrat
566 1201 121 40 belopp
708 1204 141 37 330,600
868 1204 130 41 kronor,
1020 1205 72 33 dels
1113 1206 53 32 till
1189 1207 285 39 socialstyrelsens
1495 1209 213 33 verksamhet
1730 1209 54 32 be-

278 1248 109 33 räkna
405 1253 48 29 ett
470 1255 96 29 extra
584 1252 272 41 förslagsanslag
874 1266 42 21 av
937 1256 140 38 217,000
1096 1256 130 41 kronor,
1247 1257 72 33 dels
1338 1259 61 32 ock
1419 1259 54 32 till
1491 1260 93 32 vissa
1604 1260 180 32 kostnader

276 1299 56 32 för
357 1300 495 43 arbetslöshetsförsäkringens
878 1306 207 38 organistion
1113 1319 42 22 m.
1182 1320 42 20 m.
1251 1308 149 33 beräkna
1424 1313 48 29 ett
1498 1314 97 28 extra
1622 1310 160 39 förslags-

277 1350 122 39 ånslag
420 1363 41 20 av
480 1353 119 38 50,000
620 1353 130 34 kronor.

322 1400 193 35 Sedermera
531 1403 64 32 har
612 1404 127 39 Kungl.
759 1405 104 39 Maj:t
879 1406 12 32 i
909 1419 39 20 en
964 1407 53 32 till
1038 1408 182 39 riksdagen
1237 1409 144 40 avlåten,
1403 1410 61 33 den
1485 1412 39 32 12
1544 1411 134 38 januari
1698 1413 85 31 1934

277 1451 212 39 dagtecknad
514 1455 216 38 proposition,
756 1468 40 19 nr
820 1458 53 37 41,
899 1457 104 33 under
1028 1458 208 40 åberopande
1262 1472 42 20 av
1328 1460 111 39 bilagt
1462 1461 127 39 utdrag
1615 1474 42 20 av
1683 1467 98 28 stats-

276 1502 282 38 rådsprotokollet
573 1509 79 28 över
669 1505 248 34 socialärenden
935 1508 53 32 för
1006 1509 209 33 sistnämnda
1234 1510 76 40 dag,
1332 1511 178 39 föreslagit
1528 1512 182 39 riksdagen
1732 1517 51 29 att

321 1551 72 34 dels
418 1554 148 38 uppföra
596 1555 56 33 det
679 1557 166 33 ordinarie
875 1558 306 40 förslagsanslaget
1207 1560 54 32 till
1290 1562 271 38 socialstyrelsen
1591 1564 74 32 med
1694 1564 86 32 oför-

275 1602 124 34 ändrat
420 1603 119 41 belopp
562 1617 43 21 av
627 1607 139 37 330,600
789 1607 137 40 kronor;

320 1653 72 34 dels
420 1655 53 32 till
499 1656 287 39 socialstyrelsens
815 1659 214 35 verksamhet
1058 1661 54 32 för
1141 1661 198 39 budgetåret
1370 1660 183 43 1934/1935
1586 1665 117 33 anvisa
1733 1669 49 29 ett

274 1707 97 29 extra
394 1704 270 42 förslagsanslag
684 1719 42 21 av
747 1709 141 38 217,000
909 1709 136 40 kronor;

320 1754 72 33 dels
416 1755 52 33 till
491 1756 93 33 vissa
608 1757 180 34 kostnader
814 1759 55 33 för
894 1760 492 42 arbetslöshetsförsäkringens
1413 1765 229 38 organisation
1668 1779 42 20 m.
1736 1779 43 20 m.

273 1804 56 33 för
345 1804 139 34 berörda
499 1807 167 39 budgetår
684 1809 116 33 anvisa
818 1814 49 28 ett
884 1814 94 29 extra
996 1811 270 41 förslagsanslag
1284 1825 42 21 av
1346 1815 117 38 50,000
1483 1815 138 39 kronor;

318 1855 72 33 dels
410 1856 61 33 ock
489 1858 182 38 godkänna
692 1871 42 20 av
755 1859 366 40 departementschefen
1143 1863 221 34 omförmälda
1387 1866 145 37 grunder
1556 1866 54 33 för
1633 1868 145 31 använd-

273 1906 125 39 ningen
421 1919 41 20 av
485 1908 210 34 sistnämnda
718 1910 130 39 anslag.

316 2004 241 41 Anslaget
592 2008 87 33 till
713 2010 449 39 socialstyrelsens
1195 2015 312 34 verksamhet
1544 2022 38 28 är
1609 2018 53 32 för
1688 2019 87 32 inne-

270 2057 150 32 varande
438 2057 166 39 budgetår
621 2060 142 38 uppfört
781 2061 75 33 med
879 2063 139 38 182,000
1038 2063 132 34 kronor.

316 2105 121 40 Enligt
458 2108 128 39 Kungl.
610 2110 118 38 Maj:ts
750 2111 132 39 förslag
904 2112 88 33 skall
1013 2114 90 33 inom
1125 2115 269 39 socialstyrelsen
1417 2118 143 33 inrättas
1584 2131 40 20 en
1646 2131 129 27 gemen-

271 2168 73 21 sam
374 2158 82 38 byrå
481 2159 54 38 för
561 2160 254 40 handläggning
845 2174 41 21 av
914 2164 144 33 ärenden
1087 2166 138 33 rörande
1252 2167 434 42 arbetslöshetsförsäkring
1715 2171 61 32 och

269 2208 330 41 arbetsförmedling.
640 2211 125 33 Chefen
783 2212 54 34 för
854 2213 106 34 denna
977 2214 86 40 byrå
1081 2216 108 33 skulle
1205 2217 53 32 till
1275 2218 52 32 sin
1344 2218 93 39 hjälp
1455 2220 129 33 erhålla
1603 2221 57 32 två
1677 2221 98 39 byrå-

270 2258 186 34 direktörer
482 2261 74 32 med
583 2263 142 38 uppgift
752 2267 51 29 att
830 2264 106 33 under
963 2265 225 39 byråchefens
1216 2268 232 34 överinseende
1475 2274 103 29 utöva
1608 2271 61 33 den
1701 2277 73 27 när-

270 2313 108 29 maste
403 2310 177 40 ledningen
607 2324 43 21 av
675 2325 60 20 var
761 2314 51 32 sin
840 2326 43 21 av
909 2315 126 39 byråns
1062 2317 59 32 två
1147 2317 362 41 verksamhetsgrenar.
1560 2321 213 39 Byråchefen

269 2358 111 34 skulle
404 2361 150 38 placeras
579 2362 13 32 i
618 2362 201 40 lönegraden
844 2365 29 32 B
900 2367 41 32 30
967 2367 60 32 och
1054 2367 316 38 byrådirektörerna
1396 2370 12 32 i
1433 2371 202 39 lönegraden
1663 2373 28 32 B
1721 2374 51 32 28.

267 2409 162 35 Förutom
445 2411 206 39 byråchefen
667 2414 59 32 och
742 2414 317 39 byrådirektörerna
1078 2417 108 34 skulle
1203 2419 169 33 erfordras
1392 2421 53 32 för
1464 2422 308 39 försäkringsverk-

268 2461 171 33 samheten
454 2463 56 32 två
525 2463 203 38 tjänstemän
742 2465 11 32 i
768 2465 202 39 lönegraden
985 2467 29 32 B
1030 2468 42 32 24
1090 2469 60 31 och
1165 2481 39 20 en
1219 2470 202 38 tjänsteman
1437 2472 12 31 i
1466 2471 201 40 lönegraden
1684 2474 28 32 B
1730 2475 40 31 21
