1894 2786
438 179 125 42 Tredje
581 178 254 43 lagutskottets
851 176 186 35 utlåtande
1054 188 42 21 nr
1114 178 43 31 10
1174 176 39 33 år
1231 177 89 31 1958
1604 176 20 29 3

178 260 413 44 Departementschefen.
610 258 251 35 Kostnaderna
879 257 54 34 för
952 255 268 44 ifrågavarande
1239 254 227 34 kommittéer
1484 253 66 34 och
1569 258 54 28 ut-

134 315 185 42 redningar
339 317 38 31 är
397 326 45 21 av
462 314 67 33 den
550 317 66 35 art,
637 317 54 29 att
711 312 43 33 de
774 311 62 34 bör
856 311 137 41 slutligt
1012 310 121 42 gäldas
1153 321 45 21 av
1216 307 259 44 kyrkofonden.

183 368 184 33 Utskottet
388 367 64 34 har
473 367 76 33 icke
571 366 118 34 funnit
711 364 188 43 anledning
921 364 52 34 till
996 364 137 33 erinran
1155 367 76 29 mot
1252 361 132 42 Kungl.
1405 360 129 42 Maj:ts
1556 359 67 34 för-

135 422 73 42 slag
229 421 66 34 och
316 420 54 34 får
392 420 104 34 alltså
517 419 197 39 hemställa,

497 478 55 28 att
576 472 186 42 riksdagen
787 472 112 33 måtte
925 470 121 34 bifalla
1070 468 263 44 propositionen
1357 468 11 33 i
1393 467 230 34 förevarande

452 526 67 34 del.

296 663 34 34 3.
357 661 235 35 Inrättande
613 671 50 23 av
683 658 201 36 särskilda
904 656 560 44 studentprästbefattningar

179 762 19 32 I
221 760 172 35 samband
416 760 80 33 med
519 771 92 22 ovan
634 757 234 35 omförmälda
889 755 231 44 proposition,
1142 767 41 21 nr
1205 758 55 36 54,
1281 754 63 34 har
1367 754 178 33 utskottet
1567 752 57 34 be-

134 815 149 34 handlat
309 826 43 21 en
378 814 96 33 inom
501 812 203 42 riksdagens
733 810 109 34 andra
868 811 182 33 kammare
1077 821 45 21 av
1148 808 78 34 herr
1251 807 251 42 Svenungsson
1527 806 97 41 m.fl.

135 868 108 33 väckt
260 866 148 40 motion,
425 879 42 20 nr
485 869 55 30 42.

179 921 19 32 I
219 920 181 34 motionen
421 918 201 35 hemställes

183 977 30 30 1.
240 978 76 28 »att
336 972 187 42 riksdagen
543 972 113 33 måtte
677 971 138 33 besluta
835 982 58 21 om
913 968 204 35 inrättande
1138 980 45 21 av
1204 967 170 34 särskilda
1393 965 232 43 prästbefatt-

136 1026 124 42 ningar
284 1026 11 33 i
318 1025 171 43 Uppsala,
514 1024 115 40 Lund,
654 1024 206 34 Stockholm
885 1023 66 33 och
977 1022 181 41 Göteborg
1180 1020 81 35 med
1286 1019 142 44 uppgift
1453 1019 54 33 för
1531 1019 94 33 inne-

135 1080 156 33 havaren
311 1084 55 28 att
385 1079 116 33 såsom
521 1078 245 42 studentpräst
785 1076 80 34 med
883 1074 369 43 heltidstjänstgöring
1270 1076 90 40 ägna
1380 1073 51 42 sig
1450 1073 38 33 åt
1507 1072 119 33 arbete

137 1132 59 34 vid
216 1132 198 43 respektive
433 1131 209 34 universitet
662 1130 66 34 och
746 1130 207 42 högskolor»
976 1133 93 29 samt

182 1189 32 29 2.
240 1190 88 34 »att,
345 1184 11 34 i
373 1184 184 34 avvaktan
573 1185 46 41 på
636 1182 278 35 verkställandet
932 1194 46 21 av
995 1181 100 34 detta
1112 1181 127 39 beslut,
1256 1179 371 42 studentprästnämn-

137 1238 108 34 derna
271 1238 10 33 i
307 1238 103 33 Lund
437 1238 66 33 och
530 1237 181 41 Göteborg
736 1236 113 33 måtte
875 1235 152 34 tilldelas
1054 1234 121 42 anslag
1201 1246 40 21 ur
1266 1232 247 44 kyrkofonden
1539 1231 89 34 efter

136 1304 136 21 samma
286 1290 174 43 principer
476 1302 75 22 som
566 1291 106 41 gäller
687 1289 53 33 för
755 1289 121 42 anslag
889 1289 54 33 till
958 1288 42 34 de
1017 1288 94 34 äldre
1127 1285 497 44 studentprästnämnderna.»

181 1344 231 34 Beträffande
439 1343 257 42 motiveringen
723 1343 55 33 får
805 1343 189 38 utskottet,
1029 1341 3 33 i
1059 1342 68 33 den
1154 1341 83 33 mån
1264 1339 216 43 redogörelse
1508 1338 118 35 därför

136 1397 30 43 ej
186 1398 137 33 lämnas
341 1397 63 33 här
421 1396 129 40 nedan,
566 1396 149 34 hänvisa
732 1396 53 33 till
803 1396 193 33 motionen.

182 1449 92 35 Över
294 1450 181 33 motionen
495 1450 65 33 har
579 1449 11 33 i
610 1449 67 33 den
697 1448 150 42 ordning
868 1448 15 39 $
906 1451 43 30 46
970 1446 354 43 riksdagsordningen
1343 1445 211 34 föreskriver
1573 1449 55 29 ut-

136 1503 169 34 låtanden
325 1503 197 33 inhämtats
543 1502 79 33 från
641 1501 328 42 kammarkollegiet
990 1501 65 33 och
1077 1500 269 33 statskontoret.

607 1627 154 39 Frågans
778 1626 149 39 tidigare
945 1624 218 40 behandling

183 1710 18 33 I
224 1709 165 34 skrivelse
415 1709 55 42 (nr
494 1709 33 41 9)
554 1708 52 33 till
629 1707 133 42 Kungl.
784 1706 111 42 Maj:t
917 1705 209 35 hemställde
1151 1708 88 31 1948
1262 1705 54 33 års
1338 1704 212 42 kyrkomöte
1574 1707 55 29 att

138 1763 122 42 anslag
288 1762 113 33 måtte
431 1761 149 42 beviljas
610 1761 52 33 till
693 1772 44 21 en
767 1772 48 30 ny
845 1757 473 44 stiftsadjunktsbefattning
1346 1757 11 33 i
1388 1757 166 33 vartdera
1584 1768 44 21 av

136 1816 160 42 Uppsala
316 1815 66 33 och
403 1814 224 34 Stockholms
648 1813 90 34 stift.
758 1812 298 42 Befattningarna
1077 1811 110 35 skulle
1208 1822 85 22 vara
1314 1810 156 34 avsedda
1490 1809 138 34 huvud-

138 1868 155 42 sakligen
310 1867 53 34 för
382 1867 120 34 arbete
520 1867 108 33 bland
645 1865 240 35 universitets-
902 1866 67 33 och
986 1863 392 44 högskolestuderande.

183 1921 19 33 I
225 1920 218 43 proposition
471 1920 56 42 (nr
553 1923 63 30 169
640 1919 162 43 punkten
826 1919 34 40 2)
888 1918 52 34 till
968 1921 87 30 1949
1080 1918 55 32 års
1159 1916 142 42 riksdag
1324 1916 150 42 föreslog
1497 1915 132 42 Kungl.

137 1974 112 42 Maj:t
267 1974 185 41 riksdagen
472 1978 55 28 att
545 1972 163 43 medgiva
727 1977 55 28 att
800 1984 40 21 ur
857 1970 248 44 kyrkofonden
1122 1971 113 32 måtte
1254 1970 86 41 utgå
1359 1969 121 42 anslag
1498 1968 53 33 för
1570 1981 58 20 av-

137 2027 151 33 lönande
309 2038 44 21 av
373 2026 104 42 högst
497 2025 79 43 fyra
595 2025 53 33 för
669 2024 225 34 verksamhet
915 2024 108 33 bland
1043 2023 239 34 universitets-
1303 2023 65 33 och
1388 2022 241 42 högskolestu-

138 2079 152 33 derande
314 2092 46 20 m.
374 2079 37 33 fl.
435 2078 176 34 anställda
633 2081 148 39 präster.
803 2076 269 43 Propositionen
1096 2075 237 34 behandlades
1357 2087 45 21 av
1425 2075 112 33 första
1559 2075 70 41 lag-

139 2133 178 33 utskottet
349 2131 200 42 (utlåtande
578 2143 41 20 nr
648 2131 72 41 36),
749 2143 75 21 som
854 2130 185 42 avstyrkte
1068 2128 281 44 propositionens
1378 2127 140 42 förslag.
1547 2127 83 33 Mot

138 2185 196 33 utskottets
354 2185 212 32 hemställan
586 2183 220 34 reserverade
828 2183 51 42 sig
899 2183 78 33 åtta
998 2195 45 20 av
1063 2182 195 34 utskottets
1278 2181 206 34 ledamöter.
1505 2181 125 32 Första

140 2238 206 33 kammaren
364 2237 98 33 biföll
484 2237 82 41 (den
585 2240 38 29 21
645 2235 85 42 maj;
748 2236 175 42 protokoll
942 2247 42 21 nr
1004 2238 40 30 19
1063 2247 27 21 s.
1109 2235 56 41 81)
1188 2235 195 33 utskottets
1401 2234 140 39 förslag,
1558 2245 70 21 me-

139 2290 70 33 dan
236 2290 111 33 andra
372 2290 207 32 kammaren
609 2289 40 42 (s.
677 2289 46 38 d.;
750 2289 174 41 protokoll
952 2300 42 20 nr
1023 2291 40 30 19
1091 2300 26 20 s.
1144 2288 57 37 84)
1233 2287 97 33 biföll
1357 2286 272 33 reservationen.

139 2343 127 33 Första
282 2343 236 41 lagutskottet
535 2342 137 42 företog
688 2342 9 32 i
715 2340 188 43 anledning
919 2342 112 32 härav
1048 2339 347 42 sammanjämkning
1412 2351 46 21 av
1475 2339 42 33 de
1535 2338 94 40 skilj-

141 2395 120 42 aktiga
282 2395 228 42 meningarna
530 2395 47 42 på
597 2395 59 34 det
678 2398 84 36 sätt,
784 2399 54 29 att
858 2395 179 33 utskottet
1057 2393 208 34 hemställde
1290 2392 194 42 (memorial
1506 2404 41 21 nr
1568 2392 58 37 47)

141 2454 55 28 att
213 2450 188 33 kamrarna
418 2450 81 33 med
518 2448 213 42 frångående
749 2460 45 21 av
811 2447 76 34 sina
904 2447 148 42 tidigare
1071 2447 137 33 fattade
1227 2446 115 34 beslut
1360 2446 113 33 måtte
1492 2445 137 35 besluta

142 2507 55 29 att
213 2502 173 42 medgiva,
403 2506 55 30 att
472 2502 112 34 medel
603 2514 39 21 ur
657 2501 245 43 kyrkofonden
920 2501 51 33 till
989 2505 53 29 ett
1059 2500 127 43 belopp
1203 2512 44 21 av
1264 2500 103 42 högst
1384 2503 19 29 6
1419 2503 66 29 000
1502 2499 127 33 kronor
