1856 2798
387 149 405 42 Bevillningsutskottets
816 148 219 32 betänkande
1057 157 42 20 nr
1122 148 19 29 5
1162 147 40 30 år
1226 147 84 29 1955
1563 142 40 31 29

101 237 419 41 gångsbestämmelserna
547 235 86 39 följa
661 243 63 30 pro
752 233 113 39 primo
893 234 50 28 att
972 230 263 39 investeringar,
1264 238 74 20 som
1366 228 105 29 redan
1500 227 100 30 verk-

99 289 114 31 ställts
238 288 111 29 innan
372 286 262 40 propositionen
658 283 286 40 offentliggjorts,
972 283 110 29 under
1108 282 81 38 inga
1216 280 244 30 förhållanden
1488 278 112 30 skulle

101 339 160 39 beläggas
279 338 78 29 med
375 335 342 39 investeringsavgift
734 334 65 30 och
817 343 62 30 pro
900 332 151 30 secundo
1071 333 49 28 att
1140 331 110 39 avgift
1266 329 109 30 heller
1394 329 75 30 icke
1487 328 113 30 skulle

101 391 83 38 utgå
202 390 54 29 för
276 387 252 39 investeringar
546 386 110 30 under
678 385 93 34 1955,
790 384 93 30 vilka
904 383 85 40 ägde
1008 392 79 21 rum
1106 382 44 40 på
1170 381 112 40 grund
1302 390 41 21 av
1364 379 101 34 avtal,
1488 379 113 29 beslut

101 442 82 28 eller
204 440 112 39 dylikt
338 448 42 20 av
402 439 109 29 sådan
533 439 113 32 natur,
668 438 51 29 att
740 436 169 38 företaget
930 435 11 29 i
962 434 180 29 realiteten
1165 432 76 30 icke
1264 431 89 30 hade
1376 431 113 39 någon
1512 429 89 39 möj-

103 492 105 38 lighet
235 493 50 27 att
313 490 165 39 ompröva
506 488 41 29 de
576 487 180 30 beslutade
785 485 82 30 eller
893 484 158 31 avtalade
1079 483 219 40 åtgärderna.
1326 482 49 29 De
1403 481 198 38 föreslagna

102 539 503 41 övergångsbestämmelserna
635 537 226 40 tillgodosåge
887 536 76 29 icke
990 535 52 30 till
1069 534 88 30 fullo
1185 534 103 29 dessa
1314 533 52 30 till
1395 541 101 30 synes
1525 531 77 29 obe-

102 592 179 36 stridligen
306 590 135 37 rimliga
467 589 285 38 skälighetskrav.
777 587 152 29 Förvärv
954 596 42 20 av
1020 585 209 30 inventarier
1254 584 108 29 under
1386 583 94 30 tiden
1506 581 98 30 1—15

101 642 143 40 januari
267 642 82 29 1955
369 641 117 29 kunde
507 639 147 30 sålunda
675 637 181 31 föranleda
876 635 339 41 avgiftsskyldighet,
1235 634 121 30 oaktat
1377 633 226 30 förvärvaren

104 694 75 29 icke
202 692 79 30 haft
301 692 114 39 någon
436 691 182 38 möjlighet
640 691 50 28 att
712 689 166 39 ompröva
901 688 149 29 beslutet
1071 695 56 20 om
1150 685 94 30 detta
1266 685 149 33 förvärv,
1438 684 166 29 eftersom

102 743 263 41 propositionen
383 752 57 20 om
456 739 343 41 investeringsavgift
814 738 275 39 offentliggjorts
1105 737 89 30 först
1211 738 67 29 den
1298 736 38 29 16
1354 734 151 40 januari.
1523 734 82 29 För-

105 795 140 29 bunden
274 793 110 30 vände
414 793 51 38 sig
492 792 149 29 bestämt
667 792 74 28 mot
766 788 215 31 retroaktiva
1007 786 405 39 beskattningsåtgärder
1440 794 43 20 av
1509 784 95 29 detta

102 845 82 39 slag,
207 854 76 20 som
304 844 55 30 för
379 844 67 29 den
468 843 106 29 därav
594 842 145 29 berörde
761 840 111 30 måste
893 839 149 31 framstå
1064 847 76 21 som
1160 837 181 40 högeligen
1364 835 176 31 orättvisa.
1561 852 44 4 —

105 897 152 28 Bortsett
282 894 78 30 från
387 893 299 30 retroaktiviteten
712 890 223 31 beträffande
960 888 337 31 inventarieförvärv
1323 887 110 29 under
1461 885 96 30 tiden
1587 885 14 28 1

104 946 85 29 —15
209 945 142 39 januari
374 944 82 30 1955
477 944 89 29 hade
586 941 320 33 bestämmelserna,
929 940 104 31 såvitt
1054 939 110 40 gällde
1187 939 62 29 där
1272 937 146 30 berörda
1440 936 73 34 fall,
1537 936 67 29 fått

105 1006 42 20 en
170 995 324 31 tillfredsställande
516 993 228 38 utformning.
767 991 147 30 Utanför
937 989 329 31 bestämmelsernas
1290 987 315 40 tillämpningsom-

105 1047 81 29 råde
206 1046 82 30 fölle
307 1045 188 30 emellertid
516 1044 173 36 åtskilliga
709 1043 72 34 fall,
800 1043 61 28 där
880 1051 81 20 man
979 1041 78 30 med
1075 1041 80 29 fullt
1174 1042 35 27 ut
1228 1040 71 29 lika
1318 1039 109 30 starkt
1445 1038 59 37 fog
1521 1038 87 28 kun-

106 1099 41 28 de
173 1099 81 37 göra
280 1096 169 39 gällande,
474 1097 50 28 att
546 1104 42 21 en
611 1093 240 40 omprövning,
876 1091 197 39 inhibering
1097 1090 82 30 eller
1203 1091 48 28 ett
1275 1088 263 41 uppskjutande
1563 1097 42 20 av

104 1146 356 40 investeringsåtgärd
479 1146 87 29 efter
585 1144 283 40 propositionens
887 1141 317 40 offentliggörande
1223 1141 76 29 icke
1319 1149 79 21 vore
1419 1138 190 40 praktiskt-

106 1198 225 29 ekonomiskt
359 1197 82 29 eller
470 1196 11 29 i
511 1196 92 29 vissa
632 1195 62 29 fall
725 1204 61 21 ens
816 1193 149 39 lagligen
995 1192 137 39 möjligt
1162 1193 51 28 att
1241 1190 255 30 åstadkomma.
1528 1189 81 30 Som

107 1249 156 39 exempel
288 1249 63 28 har
375 1247 197 30 förbunden
596 1246 134 29 lämnat
754 1254 43 20 en
819 1243 218 39 redogörelse
1061 1243 55 29 för
1140 1242 41 30 de
1207 1242 162 29 närmare
1395 1239 211 39 omständig-

107 1301 144 28 heterna
276 1298 148 30 rörande
447 1298 41 29 de
512 1297 113 29 beslut
648 1297 65 28 och
736 1296 92 29 avtal
849 1312 45 4 —
917 1294 79 29 med
1018 1293 198 30 förbunden
1241 1301 75 20 som
1338 1291 226 29 intressenter
1587 1289 20 32 å

108 1360 64 21 ena
192 1350 101 29 sidan
310 1368 44 3 —
374 1358 73 20 som
467 1348 141 30 träffats
626 1356 57 20 om
702 1345 237 41 uppförandet
958 1354 41 21 av
1020 1353 41 20 en
1080 1344 71 30 viss
1169 1341 199 31 industriell
1388 1340 218 40 anläggning,

109 1401 8 29 i
135 1401 107 29 vilket
260 1400 61 29 fall
338 1399 106 38 enligt
460 1397 405 41 propositionsförslaget
883 1393 343 40 investeringsavgift
1243 1394 11 29 i
1274 1395 71 27 stor
1364 1391 245 37 utsträckning

109 1451 113 31 skulle
240 1450 92 39 utgå.
412 1448 117 40 Enligt
547 1448 216 30 förbundens
783 1446 141 39 mening
944 1445 106 30 borde
1068 1443 343 40 investeringsavgift
1430 1442 77 29 icke
1526 1441 81 39 utgå

108 1502 55 30 för
183 1500 345 33 inventarieförvärv,
549 1499 115 29 därest
683 1499 157 29 leverans
862 1497 91 30 skett
973 1497 82 29 eller
1075 1495 170 38 skriftligt
1264 1494 92 30 avtal
1376 1503 56 20 om
1453 1493 157 29 leverans

112 1552 140 29 träffats
272 1551 74 29 före
365 1551 66 29 den
452 1549 39 30 16
509 1548 139 41 januari
673 1548 93 29 1955.
785 1548 53 29 Då
855 1548 57 29 det
930 1547 12 29 i
960 1545 111 39 övrigt
1090 1545 98 30 torde
1210 1544 167 39 föreligga
1396 1542 212 39 svårigheter

109 1604 51 29 att
184 1604 11 29 i
218 1599 505 41 övergångsbestämmelserna
745 1599 161 28 närmare
930 1598 45 28 än
1000 1605 75 21 som
1099 1596 91 31 skett
1215 1595 10 29 i
1251 1594 261 40 propositionen
1536 1600 74 31 reg-

111 1654 71 29 lera
203 1653 41 28 de
266 1652 92 29 olika
381 1651 61 30 fall
466 1660 74 20 som
563 1650 117 29 kunde
702 1649 137 39 uppstå,
862 1649 118 38 syntes
1004 1647 199 39 lämpligast
1226 1655 82 20 vara
1330 1647 50 28 att
1402 1643 208 40 bemyndiga

112 1702 369 30 riksskattenämnden
506 1701 80 29 eller
611 1702 108 28 annat
745 1699 158 39 lämpligt
926 1706 108 31 organ
1059 1699 49 28 att
1133 1696 158 30 meddela
1318 1696 140 39 dispens
1483 1695 12 29 i
1521 1694 89 30 före-

111 1754 211 29 kommande
349 1753 72 29 fall.
447 1751 220 40 Vägledande
695 1751 53 29 för
774 1749 258 40 dispensbeslut
1056 1748 106 29 borde
1188 1747 122 30 därvid
1336 1755 93 25 vara,
1456 1747 50 28 att
1530 1745 80 29 från

112 1803 341 39 investeringsavgift
470 1803 217 37 undanloges
709 1801 131 31 sådana
857 1799 262 38 investeringar,
1138 1807 86 25 som,
1244 1798 111 29 ehuru
1376 1797 40 29 de
1434 1796 77 29 icke
1529 1795 82 30 fölle

112 1856 110 28 under
245 1855 41 28 de
310 1854 10 28 i
343 1851 502 41 övergångsbestämmelserna
869 1850 143 30 särskilt
1035 1848 176 39 reglerade
1235 1847 117 34 fallen,
1376 1847 105 29 likväl
1506 1846 105 29 borde

112 1905 129 29 befrias
263 1904 79 30 från
364 1903 118 39 avgift,
504 1904 82 28 enär
608 1903 40 28 de
673 1902 85 38 ägde
781 1901 125 30 sådant
928 1900 170 29 samband
1120 1899 79 29 med
1223 1898 74 29 före
1319 1898 66 28 den
1411 1897 37 29 16
1470 1896 142 39 januari

115 1956 82 29 1955
219 1955 152 30 träffade
392 1952 256 41 dispositioner,
671 1953 50 29 att
741 1950 299 39 investeringarna
1059 1950 76 28 icke
1157 1949 118 29 kunde
1295 1948 213 40 uppskjutas
1530 1947 82 30 eller

113 2006 187 29 inhiberas.

156 2106 156 30 Svenska
331 2103 458 40 omnibusägareförbundet
809 2102 211 34 hemställer,
1041 2103 49 28 att
1110 2100 301 40 nyinvesteringar
1430 2109 41 20 av
1492 2099 123 29 bussar

114 2158 92 28 inom
232 2157 66 29 den
321 2156 135 39 privata
479 2155 258 39 yrkesmässiga
762 2153 240 30 busstrafiken
1026 2152 218 37 undantages
1269 2151 79 29 från
1373 2149 242 39 investerings-

114 2207 118 38 avgift.
257 2206 120 29 Denna
400 2206 119 32 trafik,
543 2205 203 29 framhålles
769 2205 44 29 bl.
836 2213 40 23 a.,
900 2204 123 38 avsåge
1046 2203 9 28 i
1078 2202 70 30 lika
1171 2203 69 38 hög
1262 2203 83 37 grad
1369 2211 73 20 som
1466 2202 149 28 motsva-

114 2257 106 29 rande
243 2256 131 38 statligt
394 2256 82 29 eller
496 2254 221 30 kommunalt
737 2253 162 30 bedriven
921 2252 109 29 trafik
1051 2254 49 27 att
1123 2251 267 29 tillhandahålla
1412 2250 53 29 för
1485 2250 132 28 befolk-

116 2307 126 37 ningen
268 2305 215 37 oumbärliga
510 2304 220 39 nyttigheter.
755 2303 124 29 Därtill
905 2303 140 28 komme
1071 2303 49 28 att
1145 2302 66 28 den
1236 2300 257 39 yrkesmässiga
1520 2300 97 28 buss-

117 2357 151 29 trafiken
295 2364 121 30 genom
443 2354 309 30 bestämmelserna
779 2354 8 29 i
815 2352 249 38 förordningen
1091 2352 178 37 angående
1296 2350 234 39 yrkesmässig
1556 2350 62 28 bil-

117 2407 107 29 trafik
245 2405 50 30 till
317 2406 51 29 sin
390 2405 213 38 omfattning
623 2405 106 28 redan
753 2413 46 19 nu
820 2412 79 21 vore
921 2404 135 36 strängt
1074 2401 168 39 reglerad.
1264 2401 50 29 Av
1334 2400 170 38 väsentlig
1525 2400 93 38 bety-

115 2458 93 30 delse
226 2457 53 28 för
296 2455 254 39 bedömningen
568 2464 41 20 av
626 2455 230 29 tendenserna
874 2454 9 28 i
903 2453 97 38 fråga
1018 2462 55 20 om
1091 2452 301 39 nyinvesteringar
1410 2450 92 30 inom
1520 2451 98 28 buss-
