1864 2786
263 131 40 29 40
552 132 404 42 Bevillningsutskottets
980 137 219 31 betänkande
1221 149 42 19 nr
1286 140 19 29 5
1326 140 39 30 år
1389 141 83 29 1955

268 216 130 38 styrkts
416 216 9 29 i
444 226 40 19 en
502 226 199 31 gemensam
719 220 259 41 framställning
995 221 79 30 från
1091 222 322 34 Bilverkstädernas
1431 226 239 35 riksförbund,
1688 228 77 30 Sve-

266 264 89 39 riges
389 266 529 41 automobilimportörförbund,
959 271 155 39 Sveriges
1153 273 510 42 automobilindustriförening
1700 278 64 29 och

267 314 154 40 Sveriges
444 317 527 33 automobilhandlareförbund.
996 321 224 31 Sistnämnda
1243 323 237 39 organisation
1503 326 64 30 bar
1590 327 174 39 därjämte

265 365 11 28 i
296 364 99 40 fråga
412 375 57 20 om
489 367 66 29 den
573 368 164 30 tekniska
757 370 262 40 utformningen
1041 381 42 21 av
1103 372 310 32 bestämmelserna
1432 376 108 29 riktat
1561 377 109 30 kritik
1691 381 72 27 mot

266 414 166 40 förslaget
457 418 50 28 att
531 418 272 40 avgiftsbelägga
825 420 199 39 begagnade
1047 422 127 30 fordon
1199 424 163 30 ävensom
1387 426 103 38 yrkat
1514 427 45 39 på
1584 428 180 39 undantag

265 464 79 30 från
364 466 220 40 avgiftsplikt
607 468 54 30 för
684 469 131 30 sådana
838 470 135 35 fordon,
996 472 222 31 beträffande
1238 474 93 30 vilka
1354 476 198 30 ordersedel
1572 473 190 49 bevisligen

262 515 158 31 tecknats
440 516 62 30 sist
520 518 66 30 den
608 518 37 30 15
664 518 142 39 januari
827 521 81 30 1955
928 522 165 29 ävensom
1112 522 11 30 i
1142 523 61 30 fall
1222 524 44 30 då
1284 526 159 29 ansökan
1461 535 57 21 om
1537 527 224 41 registrering

263 565 82 29 eller
367 566 269 32 interimslicens
660 569 188 40 bevisligen
872 573 199 38 upprättats
1095 576 118 27 senast
1237 576 153 30 nämnda
1414 577 76 39 dag.
1515 577 126 40 Kungl.
1664 579 98 29 auto-

262 617 270 35 mobilklubben,
553 619 275 33 Motorförarnas
848 622 418 40 helnykterhetsförbund
1285 626 64 30 och
1368 627 286 33 Motormännens
1673 630 88 31 riks-

263 665 152 31 förbund
434 667 65 30 har
518 668 10 29 i
548 677 42 20 en
610 677 200 31 gemensam
831 671 104 31 skrift
953 672 11 29 i
984 673 110 30 likhet
1114 675 79 29 med
1212 675 42 30 de
1274 677 240 38 nyssnämnda
1533 679 228 38 organisatio-

261 725 109 21 nerna
390 717 117 30 anfört
527 720 112 28 starkt
659 720 150 30 kritiska
829 723 219 38 synpunkter
1065 724 46 39 på
1132 724 174 41 förslaget.
1326 726 14 29 I
1360 736 44 20 en
1422 727 96 30 inom
1540 728 221 31 sistnämnda

260 766 256 39 organisations
533 768 177 39 juridiska
728 771 185 40 avdelning
931 774 189 38 upprättad
1137 776 235 38 promemoria
1389 777 160 31 förordas
1568 779 94 30 vissa
1682 780 78 30 lätt-

258 816 107 30 nader
386 817 11 28 i
419 817 99 40 fråga
540 828 56 20 om
619 821 322 40 gränsdragningen
962 824 128 29 mellan
1114 825 204 40 skatteplikt
1339 828 65 29 och
1427 828 234 36 skattefrihet,
1683 840 76 21 var-

256 865 109 38 jämte
384 868 106 38 yrkas
510 869 44 39 på
573 869 201 31 införandet
794 881 42 21 av
855 882 43 19 en
918 873 131 31 allmän
1067 875 328 42 dispensmöjlighet
1415 878 56 31 för
1491 879 175 32 särskilda
1686 881 71 29 fall.

259 917 13 29 I
293 917 299 42 framställningar
614 921 79 30 från
716 922 153 31 Svenska
891 926 500 39 motorcykelfabrikanternas
1412 930 161 41 förening
1594 933 65 28 och
1681 932 77 30 Sve-

256 966 90 39 riges
364 969 442 41 motorcykelimportörers
826 972 151 32 förbund
996 974 202 32 hemställes
1216 978 50 29 att
1284 979 237 40 motorcyklar
1539 981 219 40 undantages

256 1016 80 31 från
354 1018 215 40 skatteplikt.
589 1021 401 34 Veterinärmedicinska
1009 1025 206 40 föreningen
1233 1027 57 31 vid
1309 1028 371 41 veterinärhögskolan
1699 1041 59 21 an-

256 1066 54 29 för
333 1068 162 38 speciella
518 1071 220 39 synpunkter
759 1073 45 39 på
827 1073 180 41 förslaget;
1033 1076 161 31 enskilda
1216 1087 166 30 personer
1405 1079 64 31 har
1492 1080 175 40 därjämte
1691 1081 66 30 till-

256 1117 123 30 skrivit
396 1119 180 31 utskottet.

298 1218 324 33 Bilverkstädernas
645 1222 229 41 riksförbund
895 1234 45 21 m.
961 1226 39 39 fl.
1023 1227 103 30 anför
1147 1228 44 30 bl.
1214 1239 40 24 a.,
1278 1232 50 28 att
1352 1230 45 30 då
1418 1231 69 30 den
1509 1232 174 30 särskilda
1705 1232 50 30 in-

255 1269 348 41 vesteringsavgiften
629 1273 46 39 på
701 1275 241 30 motorfordon
970 1277 115 30 direkt
1112 1277 136 31 riktade
1277 1279 51 40 sig
1355 1283 73 27 mot
1456 1281 300 32 konsumenterna

254 1318 90 30 hade
364 1320 68 29 den
453 1321 211 32 karaktären
685 1332 44 22 av
749 1334 42 20 en
812 1325 460 34 konsumtionshämmande
1293 1331 332 40 omsättningsskatt
1644 1333 46 39 på
1712 1343 43 20 en

256 1369 154 38 speciellt
431 1371 119 31 utvald
573 1381 84 22 vara
680 1373 52 30 till
755 1374 138 31 förmån
915 1376 54 30 för
991 1386 119 21 annan
1132 1379 238 32 konsumtion.
1394 1381 75 30 Den
1492 1383 96 29 bleve
1612 1384 143 29 särskilt

254 1418 161 31 kännbar
433 1428 123 32 genom
576 1423 50 30 att
645 1423 115 40 någon
779 1426 227 39 avdragsrätt,
1028 1429 64 28 när
1110 1429 58 30 det
1189 1430 110 38 gällde
1319 1431 67 29 den
1405 1432 176 33 ordinarie
1602 1433 153 31 beskatt-

254 1468 138 40 ningen,
413 1469 11 30 i
445 1471 41 30 de
509 1472 103 30 flesta
631 1473 63 30 fall
716 1474 30 39 ej
772 1474 161 41 förelåge.
956 1477 67 30 Till
1046 1479 151 30 skillnad
1220 1482 73 28 mot
1315 1481 67 30 den
1404 1482 178 31 allmänna
1606 1484 147 30 investe-

253 1519 252 41 ringsavgiften
524 1522 94 40 finge
637 1525 68 29 den
724 1525 174 31 särskilda
913 1527 387 42 investeringsavgiften
1320 1532 107 30 också
1446 1534 199 29 omedelbar
1665 1535 88 39 pris-

253 1569 153 39 höjande
422 1571 110 31 effekt
549 1575 175 36 gentemot
739 1575 308 33 konsumenterna.
1065 1579 98 30 Bilen
1180 1589 80 21 vore
1275 1581 11 29 i
1304 1582 67 39 dag
1387 1583 103 38 ingen
1507 1584 142 38 lyxvara
1666 1586 86 29 utan

252 1620 42 29 de
309 1619 75 39 just
402 1621 12 29 i
431 1622 101 30 dessa
549 1623 107 40 dagar
675 1626 370 32 avtalsförhandlande
1064 1630 153 30 arbetar-
1236 1632 65 28 och
1319 1628 434 51 tjänstemannagrupper-

252 1678 44 21 na
313 1679 81 21 vore
410 1672 42 29 de
470 1675 88 28 mest
575 1674 196 39 betydande
786 1676 217 41 bilköparna.
1024 1679 78 30 Med
1122 1680 140 31 erinran
1280 1692 57 20 om
1355 1683 197 30 ovissheten
1571 1694 59 21 om
1650 1687 101 29 stats-

251 1720 202 31 makternas
480 1722 160 40 åtgärder
663 1725 46 39 på
733 1727 228 31 förevarande
985 1730 142 31 område
1153 1732 138 34 uttalas,
1316 1734 51 28 att
1392 1734 57 29 det
1474 1734 55 30 för
1554 1735 196 31 branschen

250 1779 80 20 vore
349 1772 161 39 omöjligt
529 1775 49 28 att
596 1774 143 31 bedriva
759 1786 42 20 en
820 1777 160 31 rationell
999 1780 185 40 planering
1202 1791 42 21 av
1261 1783 278 31 verksamheten.
1561 1786 82 30 Man
1662 1787 88 29 kun-

250 1819 42 30 de
309 1820 44 30 bl.
372 1831 30 20 a.
420 1822 146 31 hänvisa
584 1824 53 30 till
656 1826 52 29 att
728 1826 93 30 såväl
839 1828 257 41 tillverknings-
1115 1840 75 21 som
1210 1832 357 42 importplaneringen
1585 1836 165 30 berördes

249 1878 41 21 av
308 1870 89 31 båda
415 1873 42 29 de
475 1873 198 40 föreslagna
693 1875 436 43 investeringsavgifterna,
1148 1882 119 30 varför
1286 1884 462 42 sysselsättningssvårighe-

248 1920 51 29 ter
319 1921 65 29 och
404 1922 269 41 lagerökningar
694 1927 97 29 torde
813 1927 47 29 bli
880 1928 268 42 ofrånkomliga.
1172 1932 250 31 Bilindustrien
1443 1944 80 21 vore
1546 1944 124 31 genom
1694 1938 53 29 sin

246 1970 161 32 struktur
425 1973 64 29 och
508 1975 41 29 de
568 1976 113 30 starkt
699 1977 214 39 begränsade
931 1979 425 42 lagringsmöjligheterna
1374 1986 143 29 särskilt
1536 1987 138 41 känslig
1693 1988 54 30 för

248 2020 210 32 variationer
476 2023 11 29 i
504 2026 269 40 omsättningen.
795 2028 52 29 En
865 2030 171 40 väsentlig
1055 2032 159 40 nedgång
1232 2034 10 28 i
1262 2034 213 40 efterfrågan
1496 2037 110 30 måste
1627 2038 120 30 därför

247 2071 214 31 omedelbart
481 2075 171 30 resultera
673 2076 11 29 i
705 2077 292 42 permitteringar.
1019 2081 226 40 Tidpunkten
1268 2084 54 30 för
1344 2085 201 32 införandet
1568 2097 43 20 av
1632 2088 115 30 denna

246 2120 109 39 avgift
370 2131 82 21 vore
470 2126 221 39 synnerligen
708 2127 176 41 olämplig,
902 2130 43 30 då
962 2132 198 39 företagens
1178 2133 257 41 tillverknings-
1454 2137 64 29 och
1536 2137 210 41 importpro-

246 2178 97 30 gram
363 2172 55 30 för
438 2173 39 30 år
499 2175 82 30 1955
602 2177 109 29 redan
731 2178 186 33 fastställts
938 2181 65 29 och
1023 2182 176 31 bindande
1219 2185 92 29 avtal
1332 2186 153 31 träffats.
1508 2183 237 49 Organisatio-

244 2229 110 22 nerna
377 2224 129 30 uttalar
529 2225 128 36 vidare,
680 2229 50 29 att
752 2228 57 30 det
829 2239 81 21 vore
934 2232 141 30 särskilt
1100 2233 213 32 förvånande
1338 2237 50 29 att
1411 2246 82 20 man
1516 2238 116 30 denna
1656 2240 89 39 gång

244 2272 87 29 även
351 2273 244 41 avgiftsbelagt
615 2277 141 31 förvärv
778 2288 43 21 av
841 2280 198 40 begagnade
1061 2284 137 30 fordon.
1221 2285 69 29 När
1313 2295 42 20 en
1377 2287 178 39 begagnad
1578 2289 48 30 bil
1649 2290 94 38 bytte

244 2321 101 38 ägare
362 2322 169 32 innebure
549 2326 94 31 detta
660 2327 12 29 i
690 2329 64 28 och
772 2329 54 30 för
845 2330 51 39 sig
913 2331 105 40 ingen
1034 2333 197 40 belastning
1249 2344 43 21 av
1309 2336 136 30 landets
1464 2339 93 29 reala
1576 2349 166 20 resurser.

243 2371 76 30 Med
340 2372 139 41 hänsyn
501 2375 51 29 till
572 2376 215 33 branschens
807 2380 168 31 karaktär
995 2383 118 30 kunde
1133 2384 114 30 denna
1270 2387 244 40 utsträckning
1536 2398 43 21 av
1601 2390 142 38 avgifts-

242 2421 134 38 plikten
396 2424 30 38 ej
447 2424 107 31 heller
575 2436 101 21 anses
696 2438 83 21 vara
797 2431 106 39 nödig
920 2432 271 41 komplettering
1211 2435 54 30 för
1284 2438 50 28 att
1354 2436 183 32 förhindra
1556 2441 49 28 ett
1626 2440 112 39 kring-
