1864 2798
395 159 406 41 Bevillningsutskottets
824 158 219 32 betänkande
1065 167 44 21 nr
1131 158 19 29 5
1171 157 40 30 år
1234 156 85 30 1955
1572 151 39 31 27

109 248 189 31 framtiden
319 248 141 29 komme
480 248 50 28 att
552 246 60 30 ske
634 245 139 39 mycket
795 242 205 35 restriktivt,
1024 243 64 29 när
1109 242 57 29 det
1190 240 112 40 gällde
1325 240 133 38 byggen
1480 237 56 30 för
1559 236 52 29 in-

108 299 182 31 dustriella
311 297 174 31 ändamål.
505 297 124 29 Denna
649 294 283 40 detaljreglering
953 293 94 39 finge
1067 292 12 29 i
1100 294 73 27 stor
1194 289 246 38 utsträckning
1462 287 149 31 återhål-

108 350 102 30 lande
225 349 213 39 verkningar
453 350 87 28 även
556 347 20 30 å
591 344 430 39 maskinanskaffningen.
1041 342 168 39 Slutligen
1226 350 80 21 vore
1323 341 58 29 det
1398 341 50 28 att
1465 339 146 32 förutse,

109 402 50 29 att
179 410 42 20 en
240 400 88 30 hård
349 398 235 40 begränsning
604 406 43 21 av
666 395 279 39 kreditvolymen
966 395 140 29 komme
1128 394 50 29 att
1199 392 112 29 riktas
1332 391 75 39 just
1428 391 73 28 mot
1522 388 90 30 före-

109 454 120 36 tagens
252 450 264 38 investeringar.
541 448 119 30 Redan
686 454 124 32 genom
834 447 115 29 denna
973 442 352 40 kreditbegränsning
1348 441 89 29 hade
1462 449 83 20 man
1569 448 42 20 en

111 501 135 40 garanti
266 501 55 30 för
343 502 51 28 att
415 501 66 29 den
503 498 161 31 enskilda
684 495 501 40 investeringsverksamheten
1207 494 72 28 inte
1302 492 117 31 kunde
1443 490 109 30 svälla
1573 490 39 28 ut

110 552 11 29 i
140 552 118 30 alltför
279 552 69 38 hög
368 551 93 39 grad.
483 550 66 30 Det
571 551 117 37 syntes
710 548 45 30 då
775 548 112 29 under
910 547 132 30 sådana
1064 544 246 31 förhållanden
1332 541 207 32 omotiverat
1562 541 51 28 att

110 602 200 40 ytterligare
329 601 159 30 försvåra
506 601 66 29 och
590 600 144 38 fördyra
752 599 115 29 denna
885 597 223 30 verksamhet
1129 603 124 31 genom
1273 593 190 39 uttagande
1484 601 43 20 av
1546 591 68 29 den

111 653 199 39 föreslagna
324 661 69 30 nya
408 649 399 40 investeringsavgiften.
824 649 54 29 En
896 648 109 30 sådan
1022 646 121 39 åtgärd
1159 654 82 21 vore
1258 644 113 39 ägnad
1388 643 110 30 väcka
1515 642 99 29 desto

111 705 111 28 större
237 702 277 40 betänkligheter
533 710 74 21 som
625 700 41 30 de
683 699 258 38 ofrånkomliga
961 696 368 38 skadeverkningarna
1347 695 107 29 därav
1472 691 142 31 särskilt

111 755 140 30 komme
270 754 53 29 att
345 753 77 39 giva
443 752 50 39 sig
513 752 54 29 till
585 752 119 29 känna
724 750 45 40 på
790 750 42 29 de
852 749 12 29 i
885 748 203 30 nuvarande
1108 747 76 39 läge
1203 747 92 28 mest
1315 744 166 39 ömtåliga
1502 742 113 30 områ-

111 805 90 30 dena
223 814 43 20 av
290 801 388 34 samhällsekonomien,
702 800 280 39 varutillgången
1006 798 65 30 och
1094 797 293 30 valutareserven.
1412 794 76 29 Den
1512 793 104 29 efter-

113 855 271 30 strävansvärda
399 851 412 42 produktionsökningen
826 868 45 3 —
885 850 95 30 såväl
997 849 11 29 i
1024 850 66 29 vad
1108 849 67 29 den
1193 856 100 21 avser
1309 844 307 31 hemmamarkna-

112 906 69 29 den
203 915 75 20 som
299 906 167 38 exporten
486 921 45 3 —--
550 903 142 30 komme
712 900 249 39 oundvikligen
984 901 50 29 att
1056 899 160 29 hämmas
1239 898 12 28 i
1275 897 67 29 den
1365 896 83 29 mån
1468 895 149 29 investe-

113 955 253 40 ringsavgiften
391 954 111 30 skulle
526 953 184 30 förorsaka
733 951 166 31 minskad
922 950 217 39 benägenhet
1163 950 51 28 att
1237 947 157 39 fullfölja
1418 945 199 30 önskvärda

114 1004 474 41 rationaliseringsåtgärder.
616 1003 74 30 Och
714 1003 12 28 i
752 1003 68 29 den
845 1002 83 29 mån
954 1000 252 38 investeringar
1233 999 11 28 i
1272 998 95 29 detta
1393 997 90 38 syfte
1510 995 107 30 likväl

113 1058 140 29 komme
274 1056 54 30 till
350 1056 113 33 stånd,
484 1055 97 31 bleve
601 1054 182 29 resultatet
805 1062 43 20 en
871 1051 132 39 ökning
1026 1060 41 20 av
1089 1050 239 30 kostnaderna
1349 1048 55 29 för
1427 1048 189 29 desamma.

114 1108 75 29 Den
210 1104 514 40 rationaliseringshämmande
747 1103 157 30 effekten
924 1102 97 30 bleve
1045 1100 141 31 särskilt
1209 1099 161 30 stötande
1391 1098 11 29 i
1426 1098 41 29 de
1489 1096 131 30 talrika

115 1158 72 34 fall,
208 1158 63 29 där
288 1156 257 39 investeringen
564 1154 202 39 betingades
786 1163 42 21 av
847 1154 58 29 det
924 1151 154 32 aktuella
1098 1149 316 38 konkurrensläget
1434 1148 82 30 eller
1535 1155 83 21 man

116 1210 86 28 även
224 1208 80 30 från
327 1207 292 30 statsmakternas
642 1205 75 30 sida
737 1203 244 31 understrukit
1000 1202 120 31 vikten
1142 1211 43 20 av
1205 1199 253 39 investeringar
1481 1198 12 29 i
1514 1197 105 29 ratio-

116 1258 313 39 naliseringssyfte.
456 1257 121 30 Såsom
603 1256 155 39 exempel
784 1254 112 40 härpå
920 1254 118 29 kunde
1066 1252 141 30 anföras
1236 1251 41 31 de
1305 1248 236 40 föreliggande
1569 1247 51 29 in-

115 1309 352 39 vesteringsbehoven
486 1307 96 29 inom
600 1306 112 30 textil-
731 1305 65 30 och
814 1303 336 31 läderindustrierna
1169 1304 91 28 samt
1279 1301 146 29 behovet
1445 1309 42 20 av
1507 1299 113 38 åtgär-

117 1361 60 29 der
195 1360 55 29 för
268 1359 212 38 förbättring
498 1367 42 21 av
556 1356 308 39 virkestillgången
884 1355 96 30 inom
998 1354 128 33 landet,
1147 1352 143 31 särskilt
1309 1351 11 29 i
1337 1351 67 30 vad
1423 1350 111 39 gällde
1553 1348 67 29 till-

117 1410 251 39 varatagandet
388 1418 43 21 av
450 1409 57 29 det
528 1417 41 20 ur
589 1407 128 39 många
737 1406 219 39 synpunkter
976 1402 268 41 betydelsefulla
1264 1401 207 30 klenvirket.
1491 1418 44 3 —
1555 1400 67 28 Det

117 1461 106 30 borde
244 1460 121 30 vidare
385 1459 154 33 beaktas,
565 1459 50 28 att
638 1456 253 39 investeringar
914 1465 43 20 av
978 1455 57 29 det
1059 1454 72 39 slag
1152 1462 122 21 varom
1296 1452 64 29 här
1384 1460 81 20 vore
1489 1450 100 38 fråga
1610 1449 11 28 i

118 1511 91 39 regel
224 1510 131 30 krävde
372 1509 167 30 avsevärd
557 1508 50 29 tid
623 1507 55 30 för
694 1506 251 40 planläggning
958 1505 66 30 och
1041 1504 197 30 utförande.
1256 1503 54 29 Då
1327 1504 40 28 de
1386 1501 123 38 avsåge
1525 1508 98 21 mera

118 1561 196 39 betydande
335 1558 248 40 utvidgningar
604 1558 65 29 och
688 1556 264 40 omläggningar
973 1565 42 20 av
1035 1554 141 33 driften,
1197 1553 102 30 rörde
1320 1553 57 29 det
1398 1551 51 39 sig
1469 1550 74 31 ofta
1565 1559 57 20 om

119 1611 232 39 tidsperioder
371 1610 45 40 på
438 1609 84 30 3—5
544 1608 39 30 år
604 1608 82 30 eller
708 1607 119 39 längre
850 1607 60 29 tid.
934 1606 66 29 Det
1020 1614 81 21 vore
1122 1605 11 28 i
1154 1603 193 31 allmänhet
1368 1602 77 29 icke
1468 1611 41 20 ur
1534 1600 89 30 före-

120 1660 287 41 tagsekonomisk
433 1659 180 40 synpunkt
639 1658 201 39 försvarligt
868 1657 50 29 att
944 1655 196 41 uppskjuta
1167 1653 242 40 fullföljandet
1436 1662 42 19 av
1505 1651 119 39 dylika

121 1711 210 40 långsiktiga
355 1710 406 39 investeringsprogram,
785 1709 112 28 ehuru
920 1708 66 29 den
1008 1704 304 39 kostnadsökning
1334 1702 290 38 investeringsav-

122 1762 109 40 giften
250 1762 181 29 medförde
450 1760 184 30 minskade
654 1758 274 39 anläggningens
948 1756 215 31 räntabilitet
1184 1755 65 30 och
1269 1752 356 32 konkurrensförmå-

122 1822 51 30 ga.
202 1813 7 28 I
230 1812 204 30 nuvarande
453 1811 85 38 läge,
560 1810 44 29 då
624 1810 66 29 den
713 1810 128 28 största
864 1807 221 40 anspänning
1107 1806 80 30 från
1207 1804 217 30 industriens
1447 1803 74 29 sida
1544 1810 80 22 vore

122 1862 199 39 nödvändig
343 1862 56 29 för
423 1862 50 29 att
496 1861 177 29 bemästra
695 1869 42 19 en
761 1859 138 29 alltmer
923 1857 205 30 hårdnande
1151 1856 233 32 konkurrens,
1409 1852 216 41 uppammad

123 1921 123 31 genom
269 1912 154 39 ständigt
443 1911 202 38 fortgående
666 1909 323 37 rationaliseringar
1011 1907 64 30 och
1098 1916 69 29 nya
1188 1899 438 47 framställningsmetoder

124 1964 95 29 inom
242 1963 41 29 de
306 1962 189 29 utländska
517 1960 288 30 konkurrerande
829 1957 248 33 industrierna,
1101 1965 80 21 vore
1204 1955 211 39 tidpunkten
1439 1954 54 29 för
1516 1953 110 30 vidta-

125 2014 110 39 gande
254 2023 42 20 av
315 2012 160 39 åtgärder
492 2012 79 29 med
590 2010 118 39 dylika
725 2008 248 39 biverkningar
993 2006 274 41 uppenbarligen
1286 2005 140 39 mycket
1446 2003 135 39 oläglig.

169 2063 227 30 Belräffande
424 2063 67 28 den
516 2061 198 37 föreslagna
742 2057 405 39 investeringsavgiftens
1174 2055 221 38 utformning
1421 2053 205 30 framhåller

124 2113 347 31 Industriförbundet
494 2113 60 32 att,
578 2111 106 39 enligt
706 2111 66 29 vad
796 2119 74 20 som
894 2110 221 28 konstateras
1137 2109 11 28 i
1171 2104 456 41 statsverkspropositionen

132 2165 73 31 (bil.
229 2165 26 33 1,
278 2164 195 29 Inkomster
495 2162 19 29 å
536 2161 271 38 driftbudgeten,
829 2170 25 20 s.
880 2159 72 34 13),
973 2158 275 29 kommunernas
1271 2155 251 39 utgiftspolitik
1542 2153 85 30 kän-

127 2215 232 29 netecknades
390 2223 41 19 av
459 2212 221 39 synnerligen
709 2210 119 30 starka
856 2208 408 40 expansionstendenser.
1294 2207 80 28 Man
1404 2205 89 29 hade
1521 2203 107 39 enligt

128 2264 363 30 Industriförbundets
509 2262 141 39 mening
668 2262 136 28 kunnat
821 2260 163 29 förvänta
1000 2261 50 27 att
1069 2267 41 21 en
1129 2255 343 40 investeringsavgift
1489 2255 10 28 i
1517 2255 112 28 första

128 2316 151 28 rummet
304 2314 112 29 skulle
440 2312 174 39 ulnyltjas
639 2320 73 22 som
734 2312 48 27 ett
804 2310 113 29 medel
940 2310 50 28 att
1014 2307 151 40 påverka
1188 2307 276 28 kommunernas
1489 2304 140 38 utgifts-

129 2365 133 39 polilik,
283 2365 94 28 detta
399 2363 77 29 med
496 2362 97 29 desto
613 2362 109 28 större
744 2361 76 28 skäl
840 2369 74 20 som
936 2368 41 19 en
997 2357 259 37 inskränkning
1277 2365 40 20 av
1339 2356 41 28 de
1400 2353 230 30 kommunala

130 2415 298 37 invesleringarna
453 2413 75 28 icke
554 2412 8 28 i
589 2411 193 29 nämnvärd
810 2410 83 39 grad
917 2409 117 29 kunde
1059 2409 144 36 antagas
1229 2406 158 29 medföra
1415 2404 215 38 rubbningar

131 2467 7 27 i
170 2465 269 40 produktionen.
474 2463 51 30 En
557 2460 337 40 avgiftsbeläggning
925 2469 40 20 av
996 2459 41 29 de
1068 2457 229 30 kommunala
1330 2455 300 38 investeringarna
