1864 2796
388 181 406 41 Bevillningsutskottets
818 178 217 32 betänkande
1058 186 43 21 nr
1124 177 19 29 5
1164 176 40 30 år
1227 175 84 30 1955
1566 170 37 30 11

99 271 197 41 uppskjuta
317 271 86 27 utan
423 267 119 30 alltför
564 265 151 39 menliga
734 262 221 39 verkningar,
977 260 173 30 samlades
1170 259 83 39 ihop
1273 257 53 30 till
1346 254 199 41 avgiftsfria
1566 253 38 30 år

99 322 66 30 och
190 319 229 42 exploderade
446 317 44 30 då
516 317 11 29 i
553 326 43 19 en
620 315 139 39 mycket
785 313 97 30 stark
906 308 460 41 investeringsbenägenhet,
1394 315 75 21 som
1494 304 111 30 måste

99 381 122 31 pressa
242 368 248 32 arbetskrafts-
511 367 64 29 och
597 365 367 30 materialresurserna
985 361 91 30 intill
1098 360 83 30 eller
1204 360 80 29 över
1306 359 160 38 gränsen.
1489 354 117 31 Under

100 423 102 29 dessa
221 421 38 30 år
278 420 118 29 kunde
414 418 166 39 farhågor
598 417 54 30 för
672 417 48 28 ett
738 413 168 31 framtida
924 410 261 32 återinförande
1203 419 42 20 av
1262 404 345 41 investeringsavgift

101 475 23 28 t.
146 482 30 20 o.
198 481 45 20 m.
266 470 182 31 föranleda
467 466 266 42 igångsättande
755 474 42 22 av
815 463 263 38 investeringar,
1100 470 76 20 som
1196 459 101 40 eljest
1319 457 113 31 skulle
1454 456 46 29 ha
1521 464 86 31 upp-

102 522 157 40 skjutits.
280 521 65 30 Vid
364 529 43 21 en
426 519 119 30 ostörd
566 513 433 42 investeringsutveckling
1019 511 200 41 uppvägdes
1240 509 193 30 tendensen
1453 507 53 29 till
1526 502 82 47 öka-

102 574 42 29 de
161 572 254 38 investeringar
433 570 97 29 inom
547 578 43 20 en
607 567 231 39 näringsgren
855 574 42 20 av
914 574 43 20 en
976 572 96 20 mera
1089 560 180 31 restriktiv
1286 557 206 39 inställning
1512 557 96 29 inom

103 633 43 20 en
173 631 127 21 annan.
327 622 123 29 Denna
476 617 365 41 utjämningstendens
865 615 136 29 komme
1026 615 48 27 att
1098 611 182 30 försvinna
1304 609 12 29 i
1342 611 47 28 ett
1414 609 128 36 system
1567 615 41 21 av

104 672 281 32 återkommande
406 670 127 30 fiskala
549 667 239 39 ingripanden.
806 666 53 29 En
877 662 280 32 återkommande
1175 657 339 39 investeringsavgift
1533 657 77 30 ska-

104 725 87 37 pade
216 723 119 30 därför
359 722 12 29 i
396 721 111 36 själva
531 719 118 29 verket
674 715 287 37 förutsättningar
985 714 55 29 för
1066 721 69 28 nya
1159 710 229 39 ingripanden
1412 717 42 22 av
1479 716 132 21 samma

105 776 74 38 slag
197 774 11 29 i
228 783 43 20 en
291 771 158 41 stigande
470 770 97 30 serie.

151 853 66 29 Det
235 850 154 30 rådande
408 844 401 33 samhällsekonomiska
828 843 98 39 läget,
946 841 222 30 konstateras
1187 838 12 29 i
1217 838 41 30 de
1277 835 224 40 likalydande
1530 842 35 21 m
1580 843 33 20 o-

106 902 238 30 tionerna
380 900 29 29 1:
430 897 82 32 387
548 897 87 30 och
670 896 57 29 I1:
747 894 97 34 477,
880 892 80 32 ville
978 891 261 30 motionärerna
1258 885 258 33 karakterisera
1537 893 74 21 som

106 963 43 21 en
171 951 304 40 högkonjunktur,
497 949 62 29 där
580 945 359 42 uppmärksamheten
961 942 158 30 närmast
1139 940 106 30 borde
1265 938 113 31 riktas
1399 938 74 29 mot
1495 937 41 29 de
1557 944 56 21 ex-

106 1002 148 41 pansiva
268 1001 140 39 dragen.
423 999 110 30 Dessa
548 997 118 30 kunde
681 996 90 30 dock
785 996 72 29 inte
872 1002 101 22 anses
987 1001 84 21 vara
1085 1001 43 20 av
1141 990 110 30 sådan
1266 990 53 29 art
1334 988 66 29 och
1415 987 130 39 styrka,
1561 986 52 28 att

109 1064 42 21 en
172 1052 286 31 inflationsartad
480 1049 200 38 utveckling
699 1047 72 29 inte
794 1046 112 30 skulle
927 1045 122 29 kunna
1069 1042 195 30 bemästras
1285 1041 86 28 utan
1393 1039 41 29 de
1455 1046 48 21 nu
1524 1036 90 30 före-

111 1105 121 39 slagna
258 1102 307 41 punktskatterna.
592 1099 166 29 Tvärtom
785 1097 118 39 syntes
928 1095 96 34 visst,
1052 1094 50 29 att
1128 1094 102 29 dessa
1256 1090 94 39 finge
1377 1087 237 39 övervägande

110 1155 159 38 skadliga
292 1152 212 38 verkningar
526 1150 45 41 på
594 1149 113 40 grund
731 1158 43 20 av
796 1147 100 29 deras
921 1145 146 30 allmänt
1091 1139 384 40 kostnadsförhöjande
1499 1139 115 28 natur.

110 1206 50 30 De
178 1204 234 31 riskmoment
430 1203 55 29 för
503 1210 42 21 en
564 1198 270 32 inflationistisk
853 1195 209 39 utveckling,
1084 1203 76 21 som
1178 1192 142 39 nuläget
1338 1189 171 40 inrymde,
1528 1189 89 29 kun-

111 1257 41 30 de
171 1256 65 30 och
254 1255 105 31 borde
378 1252 150 31 framför
546 1252 61 29 allt
626 1250 195 30 bemästras
840 1249 80 29 med
938 1246 120 37 andra,
1077 1243 166 41 generellt
1262 1241 175 32 verkande
1457 1239 161 39 åtgärder

112 1317 42 20 av
175 1304 357 32 kreditåtstramande
552 1303 115 33 natur,
689 1298 243 33 innefattande
954 1297 44 30 bl.
1021 1306 30 20 a.
1074 1296 132 30 sådana
1229 1303 75 20 som
1326 1290 213 33 åtstramade
1561 1299 56 20 av-

112 1354 371 41 betalningskrediten.
524 1353 66 29 För
631 1352 50 29 att
721 1359 43 22 en
803 1347 226 42 exceptionell
1058 1344 202 40 utveckling
1288 1343 113 30 skulle
1434 1341 183 33 undvikas,

113 1407 150 31 krävdes
286 1405 190 40 självfallet
498 1405 50 29 att
569 1402 166 40 lämpliga
757 1400 161 40 åtgärder
941 1398 175 39 tillgrepes
1139 1395 11 30 i
1173 1395 60 30 tid.
1257 1394 259 30 Motionärerna
1538 1391 80 30 ville

113 1459 180 30 dessutom
313 1455 235 39 understryka
568 1452 296 40 angelägenheten
882 1459 42 21 av
943 1450 50 29 att
1012 1447 253 40 skyndsamma
1284 1444 160 39 åtgärder
1462 1442 156 38 vidtoges

114 1510 11 29 i
145 1508 91 40 syfte
256 1508 52 29 att
329 1505 181 31 stimulera
530 1513 42 20 en
593 1502 133 39 ökning
745 1511 42 21 av
807 1500 198 41 sparandet,
1026 1498 44 30 då
1090 1497 142 38 nuläget
1253 1496 117 39 syntes
1392 1494 39 30 så
1451 1493 93 29 klart
1563 1492 56 29 be-

115 1560 75 39 lysa
215 1559 50 29 att
291 1558 66 29 den
382 1554 231 32 ekonomiska
637 1552 171 42 politiken
833 1551 11 29 i
870 1550 98 39 fråga
993 1559 57 21 om
1076 1546 251 38 inställningen
1353 1544 53 30 till
1432 1542 188 41 sparandet

115 1609 111 30 under
252 1608 80 29 hela
358 1604 283 40 efterkrigstiden
669 1603 140 30 företett
836 1599 178 39 allvarliga
1042 1599 136 29 brister.
1206 1596 260 30 Motionärerna
1493 1593 127 38 ansåge

116 1659 93 39 förty
228 1658 72 31 inte
318 1656 225 39 vidtagandet
559 1664 42 21 av
620 1663 42 20 en
682 1653 110 30 sådan
812 1649 226 42 exceptionell
1058 1647 123 41 åtgärd
1200 1656 74 21 som
1293 1645 202 30 införandet
1514 1653 43 20 av
1576 1652 44 21 en

117 1707 342 40 investeringsavgift
482 1706 64 30 och
569 1704 142 31 bilaccis
735 1702 204 32 motiverad.
962 1701 65 29 Det
1050 1698 204 32 nuvarande
1278 1695 229 32 ekonomiska
1532 1695 90 38 läget

118 1761 112 30 skilde
248 1759 52 39 sig
316 1759 11 29 i
344 1758 139 39 mycket
499 1757 68 38 hög
585 1757 83 38 grad
688 1754 81 31 från
786 1755 67 29 den
870 1754 154 28 extrema
1041 1749 307 39 överkonjunktur
1366 1747 80 30 med
1464 1756 42 20 en
1526 1745 97 29 stark

118 1809 240 42 prisstegring,
385 1818 75 20 som
487 1807 157 29 utmärkt
670 1805 39 30 år
737 1804 94 34 1951,
858 1803 43 31 då
927 1803 97 29 förra
1050 1802 133 39 gången
1211 1799 109 30 sådan
1347 1796 109 40 avgift
1482 1795 139 31 införts.

118 1862 72 29 Mot
208 1859 201 31 införandet
428 1867 43 21 av
488 1857 120 39 dylika
628 1855 147 40 avgifter
793 1854 118 30 kunde
930 1853 154 29 förutom
1103 1859 89 22 ovan
1212 1849 151 39 angivna
1382 1847 76 30 skäl
1477 1848 48 28 ett
1543 1845 80 30 fler-

119 1912 48 29 tal
189 1911 110 29 andra
321 1907 296 39 omständigheter
640 1906 154 29 anföras.
815 1905 49 29 De
886 1903 149 30 verkade
1058 1898 384 39 kostnadsförhöjande
1466 1898 86 29 utan
1574 1897 50 28 alt

118 1961 46 30 ha
188 1958 211 40 exempelvis
420 1958 247 38 räntevapnets
692 1953 239 32 åtstramande
955 1952 111 30 effekt
1089 1951 45 39 på
1157 1948 294 39 kreditvolymen;
1477 1947 42 29 de
1542 1954 81 22 vore

120 2011 172 39 osmidiga
315 2010 64 29 och
401 2010 121 29 kunde
545 2007 52 29 till
623 2006 152 30 skillnad
799 2005 80 29 från
904 2003 130 30 kredit-
1057 2003 65 29 och
1146 1998 327 43 penningpolitiken
1498 1998 127 38 näppe-

120 2061 93 39 ligen
236 2059 153 30 varieras
413 2058 88 29 efter
526 2057 108 39 lägets
660 2054 263 39 förändringar;
952 2053 42 29 de
1019 2051 177 31 drabbade
1220 2049 161 30 orättvist
1405 2047 65 30 och
1496 2047 131 38 slump-

124 2114 101 29 artat.
249 2111 167 39 Åtgärder
437 2119 42 19 av
499 2118 47 20 nu
568 2108 196 38 föreslagen
786 2108 60 38 typ
868 2104 152 40 skapade
1042 2113 41 20 en
1106 2101 138 39 skadlig
1265 2099 170 31 atmosfär
1457 2108 42 21 av
1521 2097 108 31 oviss-

124 2164 59 28 het
201 2162 65 30 och
285 2161 182 39 otrygghet
485 2159 95 29 inom
600 2156 327 42 produktionslivet.
947 2156 65 28 Det
1031 2163 95 20 mera
1146 2150 211 41 långsiktiga
1376 2148 253 40 kalkylerings-

125 2213 65 30 och
212 2210 336 42 planeringsarbetet
570 2209 95 29 bleve
688 2206 174 39 allvarligt
882 2205 126 29 rubbat
1031 2204 65 30 och
1120 2202 183 30 försvårat.
1327 2201 74 28 Inte
1424 2199 109 30 minst
1556 2199 73 28 mot

124 2262 230 38 bakgrunden
377 2270 41 20 av
440 2260 41 29 de
505 2259 112 30 starkt
639 2256 213 31 motiverade
874 2250 537 41 rationaliseringssträvandena
1433 2249 96 29 inom
1552 2257 78 30 pro-

127 2311 252 32 duktionslivet
408 2318 81 21 vore
519 2309 41 28 de
589 2308 199 37 föreslagna
817 2304 324 38 skatteåtgärderna
1170 2303 11 28 i
1210 2302 67 37 hög
1307 2301 83 38 grad
1419 2298 211 38 betänkliga,

127 2363 105 38 något
256 2370 73 20 som
355 2359 141 30 särskilt
521 2356 262 31 understrukits
807 2356 80 29 från
911 2353 236 30 industrihåll.

173 2463 13 28 I
224 2461 254 30 motionen
518 2459 55 29 II:
597 2458 83 29 467
722 2458 63 28 har
806 2456 218 29 motionären
1045 2452 196 31 framhållit
1263 2451 44 30 bl.
1329 2461 29 20 a.
1381 2449 166 39 följande.
1580 2448 51 29 En

129 2510 342 40 investeringsavgilt
489 2510 110 29 måste
617 2518 81 20 vara
717 2518 42 19 en
776 2505 276 41 engångsåtgärd
1070 2514 56 20 om
1145 2504 66 28 den
1231 2501 166 38 tillfälligt
1416 2500 111 31 skulle
1545 2500 88 28 kun-
