1882 2822
256 170 113 30 Andra
379 169 200 31 kammarens
588 169 119 31 andra
720 168 164 38 tillfälliga
895 169 136 30 utskotts
1041 169 166 31 utlåtande
1220 178 39 21 nr
1270 171 35 35 8;
1318 168 128 39 bilagor.
1557 168 38 30 15

107 260 143 30 havarna
269 259 203 32 fortfarande
489 260 8 30 i
516 259 63 32 viss
596 260 225 38 utsträckning
839 259 98 32 anlita
956 259 254 38 droghandlares
1228 258 190 31 medverkan
1437 258 53 31 vid
1510 260 87 29 över-

109 305 138 38 tagande
266 316 39 20 av
327 304 122 39 apotek,
472 304 92 31 torde
584 304 250 38 sammanhänga
856 305 70 30 med
948 304 281 37 droghandlarnas
1249 304 146 37 speciella
1418 303 180 30 kännedom

109 360 49 21 om
179 349 319 38 apoteksbransehen,
520 350 181 37 varigenom
725 349 88 32 dessa
837 349 109 31 kunna
969 350 49 30 stå
1041 349 50 30 till
1114 349 103 37 tjänst
1240 349 72 30 med
1335 348 182 31 värdefulla
1540 347 57 31 råd

109 395 55 31 och
188 394 222 38 anvisningar.
445 394 61 32 Det
529 394 91 31 torde
643 394 70 31 med
737 394 124 38 hänsyn
885 395 47 29 till
954 394 63 30 vad
1041 393 138 31 sålunda
1202 394 125 30 anförts
1349 403 77 22 vara
1450 393 148 38 felaktigt

109 445 49 26 att
185 441 182 35 förutsätta,
395 443 47 28 att
469 439 202 38 förefintliga
700 439 210 31 förbindelser
936 439 118 30 mellan
1082 438 263 38 droghandlarna
1370 439 56 30 och
1454 438 144 38 apotcks-

110 486 218 30 innehavarna
352 485 99 30 skulle
475 485 139 37 påverka
638 484 253 38 prissättningen
916 494 38 20 av
978 484 236 38 droghandelns
1240 494 104 20 varor.

194 531 14 28 I
231 530 88 31 detta
339 530 230 37 sammanhang
590 530 49 30 må
661 529 110 31 vidare
792 529 123 31 erinras
935 539 50 20 om
1008 528 39 32 de
1068 529 170 30 alternativ
1260 529 49 30 till
1331 539 38 20 en
1390 528 209 38 monopolise-

111 575 74 38 ring
207 586 37 20 av
269 574 231 38 droghandeln,
524 585 66 21 som
615 574 102 31 under
743 573 347 39 remissbehandlingen
1114 584 39 20 av
1177 573 347 38 apotekssakkunnigas
1551 572 48 31 be-

110 620 161 31 tänkande
288 619 196 32 framfördes
501 620 73 30 från
592 620 224 37 näringslivets
831 619 76 30 sida.
927 619 143 31 Sålunda
1089 619 205 37 ifrågasattes
1311 618 40 32 bl.
1369 628 26 20 a.
1414 618 187 30 införandet

110 676 39 19 av
169 665 227 38 licensgivning
415 675 38 20 av
473 664 333 38 Medicinalstyrelsen
828 665 51 29 för
899 663 161 32 utövande
1081 674 39 20 av
1141 664 205 37 grosshandel
1366 664 71 31 med
1457 662 143 39 apotcks-

111 720 95 21 varor
226 712 149 29 ävensom
397 720 38 20 en
455 719 223 29 noggrannare
698 709 139 31 kontroll
858 711 72 29 över
951 709 38 32 de
1010 708 182 32 levererade
1214 718 153 21 varornas
1387 708 212 31 beskaffenhet

111 756 58 30 och
189 755 223 38 prissättning.

196 800 208 31 Beträffande
421 799 394 31 läkemedelsindustriens
830 798 226 31 förhållanden
1072 799 85 30 rikta
1172 798 232 30 motionärerna
1420 796 99 31 kritik
1536 803 64 27 mot

113 845 60 31 den
192 845 130 37 reklam,
342 855 64 20 som
425 843 257 32 översvämmade
700 843 199 31 marknaden
918 843 77 30 från
1015 843 58 30 ”en
1092 843 63 31 viss
1172 843 71 31 del”
1262 853 39 20 av
1320 841 279 32 läkemedelsindu-

114 890 107 30 strien.
258 890 68 30 Den
350 889 159 38 egentliga
532 888 381 37 läkemedolsindustrien,
937 888 108 30 d.v.s.
1069 888 209 31 tillverkarna
1300 897 39 21 av
1363 887 237 38 apoteksvaror,

111 934 148 31 bedriver
276 934 177 31 emellertid
468 953 42 3 —
527 944 49 20 om
594 944 72 20 man
684 933 126 31 bortser
827 933 73 30 från
917 933 100 38 några
1035 933 132 31 enstaka
1187 937 150 35 preparat
1355 952 39 3 —
1413 933 68 30 icke
1497 933 105 37 någon

112 980 48 30 till
178 979 213 31 allmänheten
411 978 108 31 riktad
537 977 208 39 propaganda
765 979 51 29 för
834 978 69 30 sina
922 978 104 30 alster.
1046 978 231 38 Annonsering
1295 978 197 31 beträffande
1512 977 90 31 dessa

112 1025 211 30 förekommer
339 1023 205 31 uteslutande
562 1024 8 30 i
589 1023 61 30 den
668 1023 193 31 medicinska
879 1023 57 30 och
954 1023 245 31 farmacevtiska
1219 1023 210 37 fackpressen.
1451 1024 151 29 Däremot

113 1070 60 29 har
193 1069 129 31 särskilt
346 1069 135 37 tidigare
504 1068 157 31 bedrivits
684 1078 39 21 en
745 1068 126 37 mycket
894 1067 204 32 omfattande
1122 1068 54 30 och
1201 1068 136 37 mången
1362 1068 84 38 gång
1470 1077 132 28 synner-

113 1115 82 38 ligen
218 1114 218 37 ovederhäftig
458 1114 57 30 och
538 1112 213 32 vilseledande
775 1113 118 30 reklam
916 1112 51 31 för
989 1123 22 20 s.
1035 1113 29 30 k.
1091 1113 63 30 fria
1178 1112 182 36 läkemedel,
1383 1113 99 30 såsom
1507 1112 95 30 tand-

113 1159 135 37 krämer,
276 1162 199 34 munvatten,
505 1158 168 31 hårvatten
700 1158 57 30 och
785 1158 199 30 fruktsalter.
1014 1158 59 30 Om
1102 1157 52 31 det
1181 1159 36 29 är
1243 1157 106 31 denna
1379 1157 127 41 reklam,
1537 1167 66 20 som

113 1205 124 37 åsyftas
263 1215 38 20 av
329 1204 244 37 motionärerna,
602 1203 115 30 härrör
744 1202 177 30 emellertid
948 1202 114 34 denna,
1091 1213 65 20 som
1184 1206 134 33 antytts,
1347 1202 65 31 ieke
1441 1203 71 29 från
1542 1201 61 31 den

113 1249 85 38 slags
223 1248 339 37 läkemedelsindustri,
589 1258 74 21 vars
687 1247 218 39 socialisering
929 1248 239 30 motionärerna
1195 1246 92 32 torde
1314 1247 115 38 åsyfta.
1457 1248 65 30 För
1549 1247 54 30 det

113 1295 138 37 intresse,
275 1304 66 20 som
365 1293 100 30 därav
486 1294 52 29 må
561 1292 161 39 erbjudas,
747 1293 33 30 få
803 1292 299 38 organisationerna
1125 1293 8 30 i
1157 1293 87 30 detta
1267 1291 228 39 sammanhang
1520 1302 83 27 upp-

113 1339 195 38 lysningsvis
329 1338 153 38 meddela,
505 1341 47 28 att
572 1348 39 21 en
633 1338 137 31 särskild
791 1338 144 36 stiftelse,
958 1338 375 37 Reklamgranskningen
1358 1337 50 30 för
1430 1338 64 30 fria
1517 1337 86 31 läke-

113 1384 111 37 medel,
257 1384 151 31 inrättats
438 1394 38 20 av
509 1383 144 37 Sveriges
684 1382 290 36 industriförbund,
1009 1382 146 38 Sveriges
1186 1382 241 34 läkarförbund,
1462 1382 141 30 Svenska

113 1405 296 65 reklamförbundet
432 1429 57 30 och
515 1427 142 32 Svenska
681 1427 496 38 tidningsutgivareföreningen.
1204 1426 182 32 Stiftelsens
1407 1427 136 38 uppgift
1567 1428 38 29 är

112 1475 42 30 bl.
180 1484 27 20 a.
234 1479 49 26 att
310 1474 8 30 i
345 1472 204 32 uteslutande
571 1472 110 32 socialt
705 1472 85 37 syfte
816 1471 129 31 bekosta
972 1472 56 30 och
1056 1472 66 30 låta
1149 1472 108 30 utföra
1285 1472 215 38 övervakning
1527 1482 39 20 av
1594 1472 10 30 i

114 1519 129 38 Sverige
269 1518 255 31 förekommande
550 1518 121 29 reklam
696 1517 51 30 för
771 1526 106 28 varor,
903 1517 83 30 vilka
1011 1536 42 3 —-
1078 1520 77 27 utan
1181 1521 46 26 att
1255 1518 114 36 utgöra
1386 1497 217 57 'apoteksvara

113 1583 41 3 —
174 1563 155 38 utbjudas
348 1564 101 30 såsom
471 1562 182 37 läkemedel,
675 1567 82 26 samt
779 1567 49 26 att
849 1562 10 29 i
879 1561 152 31 händelse
1053 1561 89 37 dylik
1163 1561 119 30 reklam
1305 1561 144 30 befinnes
1471 1561 133 38 felaktig

115 1609 77 30 eller
220 1607 210 32 missvisande
458 1607 73 31 söka
559 1606 170 31 förhindra
755 1605 90 38 dylik
873 1605 126 31 reklam.
1040 1605 176 37 Stiftelsen,
1245 1615 73 21 vars
1345 1605 194 31 ordförande
1567 1606 36 30 är

113 1653 217 38 justitierådet
346 1652 38 30 N.
402 1652 104 31 Gärde
523 1652 58 30 och
598 1651 66 30 vice
680 1650 195 32 ordförande
891 1650 312 39 generaldirektören
1223 1651 97 37 Tlugo
1339 1650 180 38 Landelius,
1539 1661 65 20 som

113 1698 103 31 tillika
234 1700 37 29 är
288 1696 195 32 ordförande
499 1697 8 30 i
525 1695 367 39 specialitetshämnden,
912 1696 57 30 har
986 1696 140 37 uppnått
1143 1695 126 38 mycket
1288 1695 81 39 goda
1389 1696 130 31 resultat
1539 1697 65 29 sär-

114 1744 72 31 skilt
206 1743 60 31 vad
284 1743 101 37 angår
403 1742 158 31 reklamen
581 1742 9 30 i
609 1741 92 38 dags-
720 1741 57 30 och
795 1741 235 37 veckopressen.
1049 1738 90 33 Även
1158 1741 8 30 i
1186 1741 93 37 fråga
1297 1750 47 21 om
1366 1741 99 30 andra
1487 1742 119 30 former

114 1798 41 21 av
177 1788 117 31 reklam
320 1787 88 31 torde
430 1787 52 32 det
505 1787 110 31 kunna
639 1786 166 30 förväntas
828 1789 46 28 att
896 1795 114 28 genom
1032 1785 175 31 stiftelsens
1229 1786 196 30 verksamhet
1449 1796 39 20 en
1512 1786 92 30 önsk-

114 1832 80 31 värd
213 1832 149 38 sanering
380 1832 34 30 så
432 1831 197 38 småningom
648 1830 80 31 skall
746 1831 110 30 kunna
875 1831 126 29 komma
1020 1830 48 30 till
1089 1830 105 30 stånd.
1216 1829 139 38 Stadgar
1376 1831 49 29 för
1444 1831 160 30 stiftelsen

113 1883 82 27 samt
216 1877 196 38 redogörelse
434 1877 52 29 för
507 1876 72 30 dess
599 1875 201 31 verksamhet
820 1875 101 30 under
940 1876 36 29 år
998 1875 80 29 1942
1100 1874 134 38 bifogas.

198 1931 50 30 Då
272 1930 240 30 motionärerna
537 1930 8 30 i
570 1928 152 31 samband
746 1928 73 30 med
843 1928 49 30 sin
917 1928 99 30 kritik
1041 1938 39 20 av
1105 1927 348 31 läkemedelsreklamen
1479 1927 125 35 anföra,

115 1980 47 27 att
186 1986 35 20 en
247 1975 169 37 fördvring
439 1975 68 30 ofta
532 1973 155 37 inträder,
712 1972 41 31 då
777 1973 82 30 vissa
882 1972 173 32 läkemedel
1080 1973 98 37 säljas
1202 1973 8 29 i
1236 1971 370 38 specialförpackningar

115 2021 57 30 och
196 2019 112 31 härvid
330 2019 134 38 åberopa
485 2019 77 30 visst
584 2019 141 36 exempel
746 2028 66 20 som
835 2017 104 31 ”bevis
961 2018 52 29 för
1035 2017 83 30 vilka
1140 2017 219 35 orimligheter
1381 2016 59 30 den
1467 2017 59 28 fria
1552 2027 52 19 en-

115 2065 328 38 grosprissättningen
465 2064 62 30 kan
551 2063 70 31 leda
644 2063 78 37 till”,
747 2063 34 30 få
803 2062 296 38 organisationerna
1124 2061 173 31 framhålla
1321 2066 44 26 att
1391 2060 211 38 fördyringen

114 2110 53 30 vid
191 2109 197 37 försäljning
410 2109 9 29 i
438 2107 378 38 specialförpackningar
838 2108 9 30 i
867 2107 117 31 sådana
1008 2107 56 30 fall
1086 2117 64 20 som
1173 2106 51 30 det
1247 2106 177 37 åberopade
1447 2105 158 37 exemplet

114 2155 116 30 varken
254 2155 93 30 beror
370 2155 39 36 på
433 2152 337 31 reklamkostnaderna
794 2152 77 31 eller
894 2152 41 37 på
959 2152 59 30 den
1044 2152 63 29 fria
1132 2151 365 37 engrosprissättningen
1525 2154 80 26 utan

114 2200 137 30 framför
269 2199 55 31 allt
344 2200 39 36 på
401 2198 39 31 de
459 2199 51 29 för
528 2197 171 38 apotekens
718 2196 355 38 utförsäljningspriser
1091 2196 144 36 gällande
1254 2197 135 35 säregna
1408 2195 196 38 grunderna,

114 2245 84 30 vilka
217 2245 55 29 äro
294 2244 62 30 helt
376 2243 80 30 olika
475 2243 60 29 när
554 2242 54 31 det
627 2242 99 37 gäller
745 2241 208 37 specialiteter
972 2241 57 29 och
1050 2239 350 36 hemmaberedningar.

197 2297 108 35 Några
322 2296 186 37 ytterligare
525 2295 122 36 sakliga
665 2298 169 33 argument
851 2295 109 29 utöver
977 2294 39 30 de
1033 2294 59 29 här
1109 2304 78 19 ovan
1204 2293 168 34 återgivna
1392 2293 39 29 ha
1450 2292 154 29 motionä-

114 2351 95 20 rerna
233 2341 66 30 ieke
324 2341 108 32 anfört
455 2340 51 30 till
530 2340 71 30 stöd
626 2339 52 30 för
701 2339 57 30 sitt
783 2338 163 31 uttalande
971 2348 47 20 om
1046 2336 182 38 betydelsen
1256 2347 38 19 av
1321 2336 283 30 läikemedelsindu-

115 2385 115 31 strieons
252 2384 279 37 monopolisering.
557 2382 308 37 Organisationerna
888 2382 90 30 finna
1002 2382 54 30 det
1081 2382 260 34 förvånansvärt,
1366 2384 44 27 att
1434 2380 168 36 yrkanden

115 2440 46 20 om
184 2428 244 35 förstatligande
443 2438 38 19 av
499 2426 367 32 likemedelsindustrien
883 2425 197 31 framställas
1096 2426 41 37 på
1150 2426 33 30 så
1197 2435 96 26 svaga
1312 2425 148 36 grunder.
1491 2425 112 30 Denna

114 2474 140 31 industri
276 2473 146 31 befinner
441 2472 48 39 sig
510 2472 9 30 i
541 2472 124 38 kraftig
685 2471 193 38 utveckling,
901 2471 56 30 och
979 2480 113 29 genom
1114 2474 44 27 att
1179 2470 198 31 marknaden
1401 2470 134 30 tillförts
1557 2470 47 29 åt-
