1868 2788
268 165 39 29 10
687 158 309 29 Bankoutskottets
1018 156 177 30 utlåtande
1217 166 41 19 nr
1282 156 47 28 11.

266 257 105 28 bland
393 256 205 36 riksdagens
620 256 222 36 tjänstemän,
866 264 74 20 som
962 255 74 29 icke
1057 264 79 20 vore
1158 255 133 28 bosatta
1314 254 9 28 i
1346 252 201 30 Stockholm
1569 252 83 28 eller
1673 251 79 29 dess

268 301 159 28 förorter.

312 345 401 29 "Talmanskonferensen
743 344 153 30 uttalade
926 344 55 29 vid
1013 344 53 29 sin
1095 343 211 36 behandling
1335 352 43 19 av
1408 342 164 35 förslaget
1603 341 51 28 till
1686 350 66 26 nya

267 389 455 36 avlöningsbestämmelser,
741 391 50 27 att
809 389 124 36 frågan
950 398 55 19 om
1023 388 194 29 beredande
1236 397 41 19 av
1295 386 172 30 särskilda
1486 386 266 36 tjänstgörings-

269 435 259 28 traktamenten
553 435 34 28 åt
613 434 92 29 vissa
733 434 140 29 utanför
901 433 199 30 Stockholm
1127 433 83 28 eller
1236 432 79 29 dess
1343 432 148 28 förorter
1520 430 232 29 stationerade

269 479 215 35 tjänstemän
509 478 104 29 borde
639 480 170 35 upptagas
835 478 52 28 till
915 478 138 36 förnyat
1078 476 247 37 övervägande.
1352 476 65 29 Det
1444 475 231 36 ifrågasattes,
1702 476 50 27 att

269 524 129 28 sådana
428 523 258 29 traktamenten
715 522 110 29 skulle
854 522 82 36 utgå
965 522 106 35 enligt
1100 530 133 20 samma
1262 520 160 37 grunder,
1455 529 72 19 som
1558 519 111 36 gällde
1699 519 53 29 för

268 567 513 36 tjänstgöringstraktamenten
804 567 35 29 åt
866 566 304 36 statstjänstemän
1195 566 110 28 under
1330 565 234 36 tjänstgöring
1590 564 19 29 å
1635 573 117 19 annan

267 615 53 26 ort
341 613 95 28 inom
458 612 88 29 riket
566 612 38 29 är
626 611 357 36 stationeringsorten.

312 656 292 29 Bankoutskottet
625 658 129 34 upptog
774 656 9 28 i
805 656 59 29 sitt
883 655 179 30 utlåtande
1083 664 41 19 nr
1144 655 38 29 37
1204 654 51 29 till
1280 654 78 29 1951
1383 653 56 29 års
1460 653 141 36 riksdag
1622 653 129 36 förslag

268 702 51 28 till
344 701 263 28 bestämmelser
631 700 176 37 angående
835 699 496 37 tjänstgöringstraktamente,
1357 698 94 29 vilka
1477 706 116 20 vunno
1618 697 134 29 riksda-

267 753 83 28 gens
368 745 100 29 bifall
489 745 73 34 och,
585 745 114 29 såsom
719 745 165 36 framgått
905 753 43 20 av
968 744 56 29 det
1044 744 215 36 föregående,
1282 744 135 35 intogos
1439 742 114 29 såsom
1574 744 48 27 ett
1643 742 108 29 första

269 790 117 36 stycke
404 790 9 28 i
432 791 17 28 4
471 791 13 35 8
503 799 42 19 av
563 789 510 36 Avlöningsbestämmelserna.

312 843 76 29 Med
409 843 67 29 den
497 842 127 37 lydelse
645 843 18 29 4
688 842 13 37 8
726 843 107 28 första
856 842 134 36 stycket
1011 841 500 36 Avlöningsbestämmelserna
1534 840 145 29 sålunda
1702 849 50 20 er-

268 888 99 29 hållit
387 888 115 32 borde,
524 896 101 28 synes
644 896 66 26 oss,
732 896 45 20 nu
798 886 265 37 ifrågavarande
1085 886 214 36 stadganden
1320 886 177 35 tillämpas
1518 885 45 34 så,
1585 886 50 27 att
1655 884 96 36 varje

267 932 206 36 riksdagens
493 932 223 35 tjänsteman,
734 933 133 27 oavsett
885 940 57 20 om
962 931 69 28 han
1049 931 113 28 tillika
1182 931 38 28 är
1240 930 303 36 statstjänsteman
1564 929 82 29 eller
1666 929 84 33 icke,

269 977 86 28 skall
378 985 83 20 vara
483 976 192 36 berättigad
698 976 138 36 åtnjula
861 975 496 36 tjänstgöringstraktamente,
1382 974 116 29 därest
1522 974 69 28 han
1616 974 74 28 icke
1714 974 38 28 är

269 1020 212 29 stationerad
505 1021 8 28 i
536 1020 198 30 Stockholm
757 1020 82 29 eller
860 1020 79 29 dess
962 1020 157 29 förorter.
1142 1019 225 29 Beträffande
1390 1028 42 19 en
1455 1018 74 29 icke
1553 1018 198 36 statstjäns-

268 1067 117 27 teman
407 1065 71 28 kan
501 1065 166 35 möjligen
691 1065 112 36 någon
826 1065 128 28 tvekan
977 1064 83 29 råda
1083 1073 56 19 om
1165 1064 209 36 riktigheten
1397 1063 117 34 härav,
1539 1063 43 29 då
1604 1062 70 29 han
1698 1062 54 29 får

267 1118 101 20 anses
388 1109 109 29 sakna
517 1109 309 36 stationeringsort.
847 1109 67 28 För
934 1108 107 30 sådan
1060 1108 214 36 tjänsteman
1295 1108 94 29 torde
1411 1108 114 28 såsom
1543 1107 209 36 paragrafen

268 1163 45 20 nu
341 1154 38 28 är
406 1154 140 28 skriven
573 1154 346 35 stationeringsorten
946 1153 190 29 emellertid
1164 1153 35 29 få
1226 1153 112 28 tolkas
1366 1152 114 29 såsom
1508 1152 65 29 den
1598 1154 63 31 ort,
1690 1152 61 28 där

267 1199 69 28 han
353 1199 39 28 är
409 1198 125 29 bosatt.
561 1198 4 28 I
583 1200 143 27 motsatt
746 1198 70 34 fall,
836 1198 103 29 alltså
958 1206 54 20 om
1032 1197 69 29 han
1121 1197 111 29 skulle
1251 1206 101 19 anses
1373 1196 211 29 stationerad
1604 1196 10 28 i
1635 1195 117 30 Stock-

268 1243 92 28 holm
385 1243 83 28 eller
491 1242 77 29 dess
593 1242 157 34 förorter,
776 1242 111 29 skulle
912 1241 204 36 stadgandet
1140 1250 57 19 om
1221 1241 347 36 kanslideputerades
1591 1241 160 35 befogen-

267 1288 57 28 het
345 1289 51 27 att
419 1287 173 28 fastställa
615 1286 394 36 traktamentsbeloppet
1031 1285 54 29 för
1109 1294 138 20 »annan
1269 1285 247 36 tjänsteman>,
1541 1285 30 29 d.
1594 1294 30 20 v.
1650 1294 24 20 s.
1699 1285 53 28 för

267 1340 42 20 en
331 1331 75 29 icke
430 1331 313 36 statstjänsteman,
767 1330 148 29 framstå
939 1330 113 29 såsom
1076 1339 42 20 en
1141 1330 283 35 meningslöshet,
1450 1330 165 28 eftersom
1639 1330 113 35 någon

267 1375 304 29 traktamentsrätt
598 1375 43 29 då
670 1375 79 29 över
776 1375 118 29 huvud
924 1375 75 29 icke
1028 1374 111 29 skulle
1168 1374 120 29 kunna
1317 1374 214 37 uppkomma
1561 1374 54 28 för
1644 1374 108 29 sådan

267 1420 226 35 tjänsteman.
509 1419 65 29 Om
591 1419 158 29 avsikten
765 1420 88 28 varit
869 1421 51 27 att
937 1419 199 29 Stockholm
1156 1419 53 28 för
1226 1419 74 29 icke
1319 1418 304 36 statstjänstemän
1641 1418 111 29 skulle

267 1473 101 20 anses
392 1465 116 28 såsom
532 1464 310 36 stationeringsort,
867 1463 106 29 borde
996 1463 92 29 detta
1113 1463 156 34 sålunda,
1295 1472 102 27 synes
1419 1463 57 29 det
1499 1472 66 25 oss,
1588 1463 45 29 ha
1655 1463 96 28 kom-

267 1509 63 29 mit
351 1509 52 28 till
425 1509 140 36 uttryck
587 1509 7 28 i
618 1508 347 36 författningstexten
986 1507 81 29 eller
1088 1507 104 30 också
1213 1507 105 30 borde
1339 1517 42 20 en
1403 1508 229 36 formulering
1652 1507 98 34 valts,

267 1553 106 36 enligt
396 1553 119 28 vilken
540 1552 183 29 förmånen
746 1554 50 27 att
821 1552 140 36 åtnjuta
987 1551 488 37 tjänstgöringstraktamente
1501 1552 114 29 direkt
1643 1552 109 29 förbe-

266 1597 110 30 hölles
396 1596 314 37 statstjänstemän.

312 1653 12 28 I
344 1653 189 37 praktiken
552 1652 56 34 ha,
628 1651 107 37 enligt
753 1651 64 29 vad
838 1651 32 29 vi
890 1650 186 34 inhämtat,
1096 1651 41 29 de
1156 1649 269 38 ifrågavarande
1442 1649 312 30 bestämmelserna

266 1698 194 36 tillämpats
481 1698 127 36 ytterst
628 1695 204 30 restriktivt.
854 1695 133 30 Hittills
1008 1695 63 29 har
1092 1694 148 31 sålunda
1261 1694 493 37 tjänstgöringstraktamente

266 1751 42 19 av
328 1740 329 37 kanslideputerade
677 1740 197 29 tillerkänts
895 1739 147 29 allenast
1064 1739 212 29 sekreterare
1298 1739 64 29 och
1384 1739 133 29 notarie
1538 1738 78 29 med
1639 1739 112 28 sekre-

268 1786 252 37 terargöromål
539 1786 63 30 hos
623 1785 110 29 första
752 1785 64 29 och
835 1785 111 28 andra
965 1784 237 36 lagutskotten
1221 1787 91 27 samt
1329 1782 202 38 ytterligare
1550 1793 41 20 en
1609 1783 146 36 tjänste-

268 1840 81 20 man
368 1840 42 20 av
428 1830 220 30 sistnämnda
666 1829 155 37 kategori
838 1829 63 30 hos
919 1828 439 34 konstitutionsutskottet,
1375 1828 94 30 vilka
1487 1828 162 36 samtliga
1665 1827 91 29 varit

269 1875 306 37 statstjänstemän
597 1875 78 29 med
697 1874 305 36 stationeringsort
1022 1872 143 30 utanför
1186 1872 202 30 Stockholm
1409 1873 66 29 och
1495 1873 77 29 dess
1595 1872 159 29 förorter.

266 1920 92 30 Även
378 1920 207 29 kamrarnas
605 1919 214 29 sekreterare
837 1920 92 28 samt
947 1918 242 29 sekreterarna
1206 1918 65 28 och
1288 1917 203 29 notarierna
1509 1918 76 28 med
1604 1917 149 30 sekrete-

267 1964 216 37 rargöromål
504 1964 62 30 hos
588 1964 41 29 de
649 1963 117 36 övriga
786 1963 161 37 ständiga
968 1963 180 29 utskotten
1168 1962 98 30 torde
1286 1962 120 29 kunna
1425 1961 158 37 påräkna
1603 1963 150 28 motsva-

267 2010 108 29 rande
401 2008 151 34 förmån,
578 2009 117 29 därest
720 2008 76 30 icke
821 2007 203 30 Stockholm
1050 2007 82 29 eller
1157 2007 78 30 dess
1261 2006 151 30 förorter
1437 2006 55 30 för
1517 2007 78 28 dem
1620 2005 134 37 utgjort

266 2053 316 37 stationeringsort.
607 2053 65 29 Det
695 2052 64 29 har
782 2052 124 29 härvid
931 2051 110 37 gjorts
1065 2051 171 37 gällande,
1260 2053 51 28 att
1334 2051 160 30 avsikten
1518 2051 77 29 med
1620 2050 133 29 föreva-

266 2098 106 28 rande
389 2097 263 29 bestämmelser
670 2097 88 28 varit
775 2096 74 36 just
866 2096 77 34 den,
964 2105 72 20 som
1055 2096 57 28 vid
1132 2095 266 36 tillämpningen
1418 2095 109 36 följts.

313 2152 12 28 I
346 2152 19 28 4
388 2151 14 34 $
425 2151 110 30 andra
554 2150 136 37 stycket
709 2150 139 37 stadgas
868 2150 130 33 vidare,
1018 2151 50 29 att
1087 2150 70 30 rätt
1175 2149 52 29 till
1248 2149 194 36 ersättning
1461 2150 11 28 i
1491 2150 69 30 viss
1580 2149 173 30 utsträck-

266 2196 83 36 ning
368 2196 56 29 för
443 2205 95 20 resor
556 2196 52 28 till
628 2195 65 29 och
711 2194 78 29 från
808 2195 187 36 riksdagen
1014 2194 88 29 skall
1121 2194 198 29 tillkomma
1338 2193 248 36 »tjänsteman,
1604 2203 74 20 som
1698 2203 55 20 av-

267 2250 53 20 ses
342 2241 10 28 i
374 2240 112 29 första
507 2240 167 36 stycket».
695 2239 144 30 Oavsett
859 2239 117 29 vilken
997 2238 159 37 tolkning
1176 2247 81 20 man
1278 2246 58 29 ger
1356 2237 36 32 åt
1411 2238 311 29 bestämmelserna
1743 2239 10 28 i

267 2285 112 29 första
398 2284 136 37 stycket
553 2285 82 29 eller
654 2284 67 29 hur
739 2284 100 29 dessa
858 2283 189 37 tillämpas,
1065 2283 107 30 borde
1190 2284 78 28 med
1287 2292 47 19 nu
1354 2282 150 37 angivna
1524 2282 229 37 formulering

265 2337 42 20 av
325 2329 109 28 andra
455 2328 132 36 stycket
606 2329 65 28 och
689 2328 9 29 i
718 2328 177 28 avsaknad
916 2337 42 19 av
978 2327 148 29 särskild
1149 2327 441 36 undantagsbestämmelse
1610 2326 141 29 kretsen

265 2381 42 20 av
325 2373 40 28 de
384 2373 224 35 tjänstemän,
629 2381 73 20 som
723 2372 95 29 skola
838 2372 140 36 åtnjuta
997 2371 498 37 tjänstgöringstraktamente,
1516 2372 64 29 och
1600 2380 43 20 av
1661 2371 88 34 dem,

268 2427 74 20 som
367 2418 101 30 skola
492 2417 140 36 åtnjuta
656 2417 271 36 reseersättning
951 2417 107 36 enligt
1081 2416 111 30 andra
1215 2416 136 37 stycket
1373 2426 84 20 vara
1481 2416 169 31 identiskt
1673 2417 81 28 den-

266 2471 145 21 samma.
430 2463 78 29 Men
527 2462 37 29 så
583 2462 37 29 är
638 2461 75 31 icke
731 2461 107 30 fallet.
856 2461 207 38 Ytterligare
1080 2470 41 21 en
1138 2460 217 37 tjänsteman
1371 2478 44 3 —
1431 2461 240 30 sekreteraren
1689 2461 62 29 hos
