2209 2681
429 167 19 31 2
808 166 361 43 Bevillningsutskottets
1191 167 208 33 Betänkande
1422 166 62 33 N:o
1507 168 52 31 25.

386 244 60 39 till
474 245 261 37 minuthandel
763 245 86 37 med
878 246 92 37 eller
997 246 264 51 utskänkning
1289 247 40 37 af
1344 246 201 49 brännvin,
1568 246 107 50 skall,
1697 247 11 36 i
1728 247 74 37 den
1822 247 166 50 ordning

388 298 124 37 nedan
553 303 100 44 sägs,
696 298 178 50 erläggas
915 313 47 23 en
995 300 161 37 särskild
1185 300 125 49 afgift,
1339 299 195 38 beräknad
1563 300 96 37 efter
1687 300 121 37 sextio
1837 305 63 32 öre
1928 300 59 37 för

387 351 133 50 hvarje
548 351 97 37 liter.

513 404 75 37 För
615 404 160 50 punsch,
806 418 81 23 som
914 418 44 23 ur
985 404 98 38 riket
1111 405 158 48 utföres,
1299 405 176 50 erlägges
1504 405 82 37 icke
1616 406 289 49 stämpelafgift.

1141 530 20 34 2
1192 527 33 49 &.

514 613 164 64 Punsch,
722 626 81 24 som
831 612 12 37 1
874 615 18 34 1
923 613 20 50 $
972 614 109 49 afses,
1124 617 61 35 må
1225 615 83 37 icke
1345 614 114 51 säljas
1488 620 116 32 annat
1631 620 49 32 än
1707 616 12 36 i
1747 616 114 37 slutet
1888 616 97 47 kärl;

386 665 70 37 och
485 668 61 34 må
573 665 66 37 vid
665 665 231 50 försäljning
923 666 83 37 icke
1035 668 194 36 användas
1258 668 117 36 andra
1403 667 82 37 kärl
1513 673 48 31 än

517 718 80 35 dels
627 719 151 43 buteljer
806 731 62 22 om
896 731 47 23 en
971 719 208 48 sjättedels,
1209 733 47 23 en
1283 720 215 48 tredjedels,
1520 733 47 22 en
1587 720 89 47 half,
1697 723 64 33 två
1781 720 204 49 tredjedels

387 768 92 38 eller
508 782 47 24 en
583 768 106 40 liters
716 769 124 50 rymd,

516 821 81 37 dels
638 823 87 35 krus
767 822 92 36 eller
891 835 26 23 s.
951 823 35 36 k.
1023 825 255 43 damejeanner
1319 836 61 24 om
1421 828 70 43 tre,
1534 823 78 37 fem
1654 823 92 37 eller
1786 824 53 37 tio
1881 824 105 37 liters

387 873 111 50 rymd
526 874 72 36 och

516 926 78 36 dels
623 928 136 35 ankare
782 926 72 37 och
875 927 65 44 fat
967 940 61 23 om
1057 928 64 48 tio,
1151 928 123 49 tjugu,
1305 927 115 50 fyrtio
1449 927 92 37 eller
1568 927 132 37 femtio
1729 928 107 36 liters
1864 929 121 48 rymd.

515 978 75 37 Vid
625 978 287 38 bestämmande
949 979 41 37 af
1015 979 152 38 kärlens
1195 980 111 49 rymd
1334 983 60 34 må
1424 979 176 37 afseende
1629 980 33 49 ej
1693 979 117 38 fästas
1840 980 144 44 därvid,

387 1035 56 33 att
470 1031 163 50 rymden
661 1031 124 37 öfver-
814 1031 92 37 eller
933 1031 243 51 understiger
1205 1035 133 34 måttet

515 1084 58 36 för
616 1085 111 44 butelj
768 1097 60 23 om
862 1097 46 24 en
936 1085 208 49 sjättedels,
1174 1098 47 24 en
1248 1085 207 49 tredjedels
1484 1084 90 37 eller
1602 1097 48 24 en
1678 1084 83 37 half
1784 1084 88 37 liter
1900 1085 85 37 med

387 1136 100 36 intill
514 1139 65 33 två
607 1137 198 47 centiliter,

516 1189 58 36 för
603 1190 111 42 butelj
741 1202 61 23 om
830 1192 64 33 två
922 1189 206 48 tredjedels
1156 1189 92 37 eller
1275 1203 47 22 en
1350 1189 87 37 liter
1465 1189 85 36 med
1574 1189 99 36 intill
1693 1189 75 36 fem
1788 1189 196 43 centiliter,

516 1240 59 37 för
603 1242 86 36 krus
717 1240 90 37 eller
834 1242 255 43 damejeanner
1117 1241 87 37 med
1231 1241 99 37 intill
1357 1241 54 36 tio
1441 1240 189 38 centiliter
1658 1241 70 36 och

515 1293 60 36 för
603 1295 137 35 ankare
769 1293 90 37 eller
881 1294 66 44 fat
974 1294 85 35 med
1083 1293 157 37 bråkdel
1269 1294 40 36 af
1334 1307 46 23 en
1408 1292 96 38 liter.

1147 1417 21 34 3
1186 1414 42 50 $.

514 1507 22 32 1
566 1514 103 24 mom.
724 1501 144 50 Hvarje
897 1501 94 48 kärl,
1021 1501 265 37 innehållande
1314 1501 158 49 punsch,
1507 1502 60 36 för
1593 1500 155 37 hvilken
1777 1501 122 49 enligt
1928 1503 18 34 i
1969 1502 18 47 8

388 1554 115 49 afgift
543 1554 69 37 bör
654 1553 189 49 erläggas,
886 1553 106 48 skall,
1035 1554 47 36 då
1123 1567 118 24 varan
1278 1554 201 47 utlämnas,
1508 1567 92 22 vara
1628 1553 147 37 försedt
1806 1553 86 36 med
1921 1553 65 37 be-

385 1605 380 58 läggningsstämpel
790 1579 338 80 (punschstämpel)
1160 1608 20 34 å
1208 1605 65 37 det
1299 1605 150 50 belopp,
1480 1618 79 24 som
1590 1605 96 37 efter
1714 1605 142 37 kärlets
1876 1605 112 50 rymd

388 1672 130 23 svarar
545 1662 80 32 mot
654 1658 74 36 den
755 1657 13 36 i
795 1658 167 36 nämnda
991 1657 20 50 $
1042 1658 148 48 afgifna
1220 1657 124 49 afgift.

515 1713 27 34 2
569 1723 102 23 mom.
728 1709 74 37 Vid
843 1709 229 49 försäljning
1112 1710 59 36 till
1211 1709 191 49 förtäring
1442 1712 49 47 på
1533 1709 126 36 stället
1700 1712 60 33 må
1800 1708 123 37 kärlet
1951 1709 31 48 ej

388 1768 146 44 öppnas
564 1762 92 36 eller
684 1761 72 38 den
785 1761 91 37 därå
905 1762 236 49 anbringade
1170 1762 159 49 stämpel
1356 1737 150 77 rubbas,
1535 1761 81 36 förr
1644 1765 48 32 än
1720 1760 123 37 kärlet
1862 1760 125 37 blifvit

388 1815 58 36 till
473 1815 171 49 köparen
673 1814 290 37 öfverlämnadt.

1145 1937 21 35 4
1191 1911 38 80 $.

516 2022 338 50 Punschstämplar
882 2023 106 36 skola
1016 2035 90 23 vara
1135 2027 55 31 att
1218 2021 109 49 tillgå
1356 2022 40 36 af
1420 2021 168 49 följande
1617 2020 94 49 slag,
1741 2020 195 49 nämligen

518 2074 33 49 a)
594 2074 59 38 för
693 2075 176 49 buteljer,
912 2074 90 37 krus
1043 2074 71 37 och
1155 2050 267 73 damejeanner
1463 2073 157 37 afsedda
1661 2072 111 37 enkla
1805 2072 183 49 stämplar

388 2128 21 35 å
440 2128 58 47 10,
529 2129 59 46 20,
619 2128 61 46 30,
709 2128 48 35 40
791 2127 70 37 och
892 2128 47 35 60
968 2132 64 31 öre
1061 2132 99 31 samt
1190 2128 97 46 1,80,
1318 2128 21 34 3
1369 2126 69 36 och
1468 2127 20 34 6
1517 2126 154 47 kronor,

518 2178 37 50 b)
584 2179 60 37 för
673 2179 140 37 ankare
843 2179 70 37 och
942 2179 55 36 fat
1026 2179 154 36 afsedda
1208 2178 323 49 dubbelstämplar
1559 2178 21 35 å
1610 2179 33 46 6,
1675 2179 58 45 12,
1764 2178 48 35 24
1841 2176 68 37 och
1939 2178 46 34 30

388 2232 158 45 kronor;
586 2231 183 37 skolande
807 2232 47 36 de
886 2231 130 49 bägge
1045 2231 113 47 delar,
1189 2231 138 36 hvaraf
1350 2230 135 49 hvarje
1514 2229 305 49 dubbelstämpel
1848 2229 137 40 består,
