2192 2620
401 198 20 30 4
612 200 107 29 Andra
742 199 202 30 Kammarens
971 199 175 38 Tillfälliga
1174 199 134 30 Utskotts
1333 199 73 35 (N:o
1431 198 35 35 5)
1494 197 166 31 Utlåtande
1682 198 59 30 N:o
1765 199 28 28 2.

402 276 309 48 hypotekslånen,
753 279 54 32 att
847 275 167 47 löptiden
1058 280 40 30 är
1137 275 66 35 allt
1239 275 56 35 för
1318 275 99 47 lång.
1475 274 130 47 Enligt
1634 274 249 36 motionärens
1913 274 99 35 åsikt

402 330 88 36 böra
519 329 128 48 dylika
675 330 62 34 lån
765 330 111 35 hafva
905 341 47 23 en
978 329 119 46 löptid
1126 329 39 34 af
1192 331 47 33 24
1269 330 21 33 å
1321 330 47 33 25
1399 330 49 34 år.

561 383 191 36 Utskottet
780 382 65 36 vill
873 383 13 34 i
915 382 205 47 anledning
1150 382 107 35 däraf
1282 381 187 48 påminna,
1501 385 54 32 att
1583 381 337 48 hypoteksbanken
1945 382 67 35 allt

403 438 114 34 sedan
546 439 40 33 år
617 439 100 33 1890
746 435 293 37 tillhandahållit
1067 436 64 35 lån
1152 437 83 34 med
1255 438 20 32 6
1297 439 152 43 procent
1466 435 181 44 annuitet,
1663 435 135 36 hvaraf
1814 438 22 32 4
1858 439 155 43 procent

402 494 117 39 ränta,
564 490 129 35 hvilka
735 491 62 34 lån
840 490 278 35 slutamorteras
1151 492 47 43 på
1227 489 172 46 omkring
1429 491 46 34 27
1508 491 50 41 år,
1590 489 144 35 således
1758 488 63 36 lån
1849 489 85 35 med
1963 500 48 23 en

401 544 117 46 löptid
563 549 92 30 nära
695 543 403 36 öfverensstämmande
1139 543 84 34 med
1260 543 72 34 den
1375 542 39 35 af
1448 542 232 36 motionären
1709 545 117 33 såsom
1856 542 156 46 lämplig

403 597 244 35 betecknade.
704 597 135 35 Denna
866 597 152 47 lånetyp
1049 596 67 35 har
1145 596 206 35 emellertid
1370 595 156 36 kommit
1544 595 58 36 till
1622 595 242 47 användning
1880 596 133 34 endast

403 650 13 35 i
444 650 150 48 mycket
621 650 106 47 ringa
755 650 272 46 utsträckning.
1087 650 165 35 Oaktadt
1279 649 63 35 lån
1371 650 40 34 af
1427 651 121 33 denna
1568 652 66 45 typ
1655 649 97 35 ända
1772 650 115 34 sedan
1910 651 101 33 1890

403 704 145 35 kunnat
576 705 68 35 hos
671 703 154 36 banken
849 703 169 44 erhållas,
1051 703 167 47 uppgick
1246 703 264 47 ursprungliga
1538 703 176 46 beloppet
1743 702 39 35 af
1806 703 63 35 vid
1899 702 114 35 slutet

404 757 39 35 af
484 759 40 33 år
569 760 100 33 1902
714 758 219 35 utestående
977 756 129 48 dylika
1139 758 62 33 lån
1230 757 57 34 till
1314 756 95 36 blott
1438 758 211 42 4,902,900
1678 756 147 35 kronor.
1883 756 129 35 Under

404 813 39 33 år
487 813 99 33 1903
631 811 150 44 erhöllo,
826 810 117 47 enligt
983 811 97 35 hvad
1124 810 181 35 utskottet
1336 809 194 44 inhämtat,
1561 810 451 47 hypoteksföreningarna

403 865 81 34 från
525 864 336 48 hypoteksbanken
894 864 57 35 till
992 876 75 35 nya
1096 866 23 32 4
1149 867 152 43 procent
1329 863 62 35 lån
1420 863 171 47 omkring
1624 865 208 42 7,500,000
1861 863 148 44 kronor,

404 918 133 35 hvaraf
567 918 31 47 ej
630 917 85 36 fullt
745 920 168 41 500,000
960 918 55 34 kr.
1047 918 188 34 användes
1264 917 57 35 till
1348 917 62 35 lån
1439 917 84 34 med
1554 919 21 32 2
1606 920 153 43 procent
1787 917 225 46 amortering

405 974 93 32 samt
540 972 210 34 återstoden
783 970 58 36 till
887 972 62 34 lån
982 971 84 34 med
1099 977 37 36 !/>
1171 974 153 43 procent
1352 970 234 46 amortering.
1645 969 271 36 Erfarenheten
1944 971 69 34 har

405 1025 141 36 således
575 1025 108 43 visat,
713 1027 54 33 att
793 1024 64 35 lån
886 1025 83 33 med
996 1026 20 32 2
1043 1027 153 43 procent
1215 1023 223 47 amortering
1463 1029 61 29 äro
1555 1023 40 34 af
1615 1023 273 47 jordbrukaren
1924 1023 88 36 vida

403 1078 142 35 mindre
588 1078 189 47 omtyckta
819 1083 47 29 än
908 1077 127 47 dylika
1077 1078 85 34 med
1203 1077 101 46 lägre
1347 1076 223 46 amortering
1613 1076 69 35 och
1722 1076 130 47 längre
1880 1077 129 46 löptid.

405 1132 262 35 Motsvarande
697 1131 210 35 erfarenhet
939 1131 67 34 har
1044 1142 84 23 man
1163 1130 96 47 gjort
1287 1130 13 35 i
1327 1130 180 35 utlandet.

566 1185 112 35 Hvad
707 1187 78 33 åter
812 1187 133 32 räntan
974 1186 127 44 angår,
1126 1183 116 47 gäller
1274 1183 225 36 fortfarande
1528 1183 57 35 för
1614 1183 113 44 äldre,
1757 1182 78 36 före
1868 1186 46 32 16
1935 1183 72 48 maj

409 1240 111 42 1890,
564 1238 145 47 utgifna
742 1239 62 34 lån
840 1240 20 32 5
905 1237 89 35 eller
1027 1240 76 40 43/,
1132 1240 162 43 procent,
1325 1249 84 23 men
1438 1239 40 33 så
1507 1239 102 32 snart
1637 1237 72 34 den
1738 1239 47 44 på
1814 1237 107 35 dessa
1949 1238 63 34 lån

405 1291 173 36 hvilande
607 1291 313 47 kapitalrabatten
947 1290 123 36 blifvit
1089 1290 281 35 slutamorterad
1391 1290 131 48 (under
1542 1293 40 32 år
1605 1292 99 33 1908
1725 1289 57 36 för
1804 1293 20 32 5
1845 1294 166 43 procent-

405 1345 135 47 lånen),
571 1346 142 46 nedgår
756 1344 40 36 af
835 1345 56 46 sig
921 1343 87 49 själf
1031 1347 134 32 räntan
1193 1343 56 35 för
1278 1344 171 46 samtliga
1477 1344 108 34 dessa
1613 1343 62 35 lån
1704 1343 57 35 till
1791 1346 23 32 4
1843 1347 163 43 procent.

405 1398 81 36 Allt
514 1399 115 35 sedan
657 1399 161 34 nämnda
847 1399 72 46 dag
947 1398 67 34 har
1042 1397 206 35 emellertid
1276 1396 336 49 hypoteksbanken
1636 1396 293 37 tillhandahållit
1947 1398 63 34 lån

405 1453 83 34 med
531 1455 23 32 4
598 1455 152 43 procent
790 1455 118 32 ränta.
965 1451 233 46 Visserligen
1233 1451 68 34 har
1328 1450 150 35 banken
1506 1450 127 35 tidtals
1664 1450 39 34 af
1727 1450 283 36 förhållandena

406 1508 46 44 på
480 1506 72 34 den
582 1506 185 35 allmänna
796 1504 399 47 penningmarknaden
1211 1504 159 46 nödgats
1391 1507 53 32 att
1463 1503 63 36 vid
1545 1504 260 34 utlämnandet
1824 1504 39 35 af
1880 1504 129 47 dylika

405 1559 62 35 lån
496 1562 87 43 taga
614 1571 46 23 en
689 1558 266 47 kapitalrabatt
983 1558 40 35 af
1051 1560 17 33 1
1100 1558 58 35 till
1187 1560 23 32 4
1239 1560 164 44 procent,
1433 1557 240 47 hvarigenom
1705 1556 176 36 effektiva
1909 1557 99 35 låne-

405 1615 132 32 räntan
580 1612 104 47 stigit
726 1624 45 23 en
800 1611 156 36 bråkdel
985 1611 102 36 öfver
1117 1614 23 32 4
1169 1616 163 42 procent.
1388 1611 138 35 Härtill
1555 1611 167 35 kommer
1749 1610 259 47 förvaltnings-

404 1665 181 47 bidraget,
616 1666 185 35 växlande
831 1666 66 35 hos
927 1665 45 35 de
1002 1664 101 36 olika
1132 1665 261 46 föreningarna
1426 1664 136 35 mellan
1594 1671 55 35 1/3)
1665 1665 69 34 och
1765 1670 55 34 2/1,
1840 1667 165 43 procent,

404 1718 144 36 hvilket
583 1719 230 36 sistnämnda
854 1719 132 46 bidrag
1024 1718 96 35 dock
1162 1721 109 44 utgår
1302 1718 94 36 blott
1423 1718 119 35 under
1569 1720 125 44 någon
1723 1717 61 35 del
1813 1719 40 34 af
1876 1718 131 35 lånens

404 1772 128 47 löptid.
591 1773 72 35 För
702 1773 231 35 närvarande
971 1772 143 35 lämnar
1142 1771 336 49 hypoteksbanken
1505 1771 63 35 lån
1597 1771 56 35 till
1684 1774 22 31 4
1727 1774 155 44 procent
1900 1775 106 31 ränta

404 1831 86 30 utan
517 1828 125 44 någon
667 1826 274 46 kapitalrabatt.
1001 1825 127 36 Såsom
1157 1825 140 35 bekant
1326 1831 41 29 är
1393 1828 133 32 räntan
1556 1828 20 32 å
1604 1824 305 47 inteckningslån
1938 1825 66 35 hos

405 1880 185 34 allmänna
633 1880 129 34 kassor
803 1879 57 35 för
901 1880 232 34 närvarande
1170 1879 97 46 lägst
1310 1882 70 39 4!/;
1415 1881 163 44 procent,
1610 1878 147 35 hvadan
1786 1879 111 34 lånen
1925 1878 82 35 från

405 1933 333 47 hypoteksbanken
768 1932 107 36 ställa
904 1932 56 47 sig
989 1933 187 34 afsevärdt
1203 1932 180 46 billigare.
1440 1932 59 35 Då
1523 1932 43 47 ju
1596 1931 203 47 anledning
1828 1931 31 48 ej
1886 1932 121 35 finnes

405 1990 53 31 att
486 1990 148 43 antaga,
666 1990 53 32 att
748 1986 178 35 kassorna
942 1986 104 35 skola
1061 1986 169 35 befinnas
1245 1985 129 47 villiga
1391 1988 52 32 att
1460 1985 190 46 öfvertaga
1666 1985 44 35 de
1726 1986 66 35 hos
1808 1985 199 48 hypoteks-

404 2039 149 36 banken
594 2040 180 35 belånade
815 2039 312 47 inteckningarna
1170 2039 57 35 till
1269 2052 47 22 en
1357 2042 106 32 ränta
1504 2039 103 46 lägre
1650 2044 48 29 än
1727 2039 71 35 den
1828 2039 179 35 kassorna

404 2104 133 35 genom
581 2094 172 45 utlåning
795 2095 47 45 på
885 2096 114 32 annat
1037 2093 77 35 håll
1156 2092 128 36 kunna
1326 2092 151 46 betinga
1511 2091 68 47 sig,
1611 2092 120 35 skulle
1757 2092 248 35 motionärens

404 2146 138 47 förslag
585 2147 94 35 efter
707 2147 49 35 all
790 2147 237 35 sannolikhet
1055 2147 85 34 leda
1169 2147 152 43 därhän,
1353 2149 53 32 att
1430 2145 222 48 jordbruket
1679 2146 99 46 finge
1807 2145 123 35 betala
1959 2156 47 22 en

403 2203 105 32 ränta
549 2200 202 46 väsentligt
792 2201 115 45 högre
951 2205 46 30 än
1040 2201 84 43 den,
1169 2200 57 35 till
1268 2200 154 34 hvilken
1463 2199 62 34 lån
1554 2199 129 35 kunna
1711 2200 67 34 hos
1807 2197 199 48 hypoteks-

403 2253 148 35 banken
612 2254 167 35 erhållas.
855 2254 74 35 Det
984 2253 121 47 ligger
1163 2253 12 35 i
1231 2253 134 36 sakens
1420 2256 120 40 natur,
1599 2256 64 40 att,
1718 2254 46 33 då
1820 2251 186 35 allmänna
