2216 2622
210 1283 23 23 I:
253 1282 111 28 66—069.

179 1320 44 23 II:
236 1320 145 25 218—221.

446 201 19 30 6
831 200 405 32 Konstitutionsutskoettets
1258 200 162 32 utlåtande
1443 200 53 31 Nr
1517 203 51 28 25.

505 285 281 36 Motionärerna
812 285 112 36 hafva
946 285 143 49 jämväl
1116 285 201 47 hemställt,
1348 290 52 31 att
1428 285 185 36 utskottet
1640 285 12 35 i
1680 285 179 36 händelse
1884 285 41 36 af
1939 285 58 37 bi-

403 337 66 36 fall
509 337 57 36 till
607 337 108 36 dessa
751 337 331 48 framställningar,
1111 339 116 34 måtte
1255 337 155 48 vidtaga
1438 337 46 36 de
1508 336 246 49 jämkningar
1781 337 11 36 i
1820 337 175 36 formule-

402 389 135 48 ringen
577 389 41 35 af
655 388 117 36 andra
811 389 219 49 paragrafer
1060 389 12 35 i
1099 389 68 36 här
1196 388 249 37 omhandlade
1473 388 276 48 förordningar,
1777 388 127 36 hvilka
1933 388 64 37 det

402 441 122 36 finner
550 440 52 36 bli
630 453 46 23 en
705 440 94 49 följd
826 441 41 35 af
891 440 45 37 de
964 440 233 36 framställda
1224 440 230 49 yrkandena.

506 492 72 36 Till
606 492 83 36 stöd
718 491 59 37 för
804 492 63 36 sitt
896 492 143 48 förslag
1065 492 113 36 hafva
1206 492 277 36 motionärerna
1512 491 122 37 anfört
1663 491 180 48 följande:

506 544 93 36 »Det
639 548 41 31 är
721 547 67 33 vår
829 543 113 37 afsikt
971 549 54 30 att
1052 543 253 37 innevarande
1331 543 168 49 riksdag,
1529 543 72 36 den
1629 543 91 36 sista
1747 543 12 36 i
1788 556 45 23 en
1861 545 135 34 treårs-

401 595 143 49 period,
572 598 48 46 på
656 600 86 44 nytt
775 595 203 36 framställa
1007 595 44 36 de
1078 595 207 49 yrkanden,
1313 595 58 36 för
1399 595 129 36 hvilka
1555 597 83 34 vårt
1664 595 99 49 parti
1790 594 114 37 redan
1932 594 64 36 vid

401 647 91 36 flera
532 647 228 48 föregående
799 646 172 37 tillfällen
1012 647 102 48 gjort
1154 647 62 49 sig
1252 647 56 36 till
1335 647 194 46 målsman,
1559 659 60 23 om
1647 646 229 37 omedelbart
1905 646 94 36 fort-

401 698 148 49 gående
576 701 48 47 på
652 698 407 49 demokratiseringens
1086 703 75 44 väg
1189 712 138 36 genom
1350 711 45 24 en
1414 698 167 48 verkligt
1601 699 233 36 demokratisk
1846 698 151 49 författ-

401 752 256 47 ningsrevision
694 763 81 23 som
811 750 185 49 grundval
1032 750 58 37 för
1116 754 85 32 vårt
1230 750 197 37 samhälles
1455 749 221 49 utveckling
1704 750 12 36 i
1744 749 134 49 folklig
1904 749 93 36 rikt-

401 802 105 49 ning.
563 801 88 37 Som
679 807 55 32 ett
762 802 234 48 nödvändigt
1023 802 60 36 led
1102 802 12 36 i
1133 802 123 36 denna
1285 801 338 48 demokratisering
1651 801 175 36 framstår
1848 801 150 36 krafvet

401 856 48 46 på
477 854 102 36 vissa
606 854 322 49 genomgripande
957 853 206 49 ändringar
1191 854 113 36 äfven
1331 854 12 35 i
1371 854 387 47 kommunallagarna.
1800 852 84 37 Med
1904 853 93 35 hän-

401 905 157 48 visning
598 906 57 35 till
696 919 46 22 en
783 905 191 37 blifvande
1003 906 135 36 allmän
1166 906 230 47 motivering
1423 905 216 48 framlägga
1666 905 37 35 vi
1730 904 115 37 redan
1872 918 51 22 nu
1951 904 47 36 de

400 957 195 49 yrkanden
614 957 12 36 i
646 957 110 36 dessa
777 957 209 46 afseenden,
1008 970 79 23 som
1107 960 118 34 måste
1245 957 225 36 framställas
1490 957 80 36 före
1590 957 71 36 den
1681 956 118 36 första
1818 956 181 36 motions-

401 1008 123 37 tidens
552 1011 148 46 utgång
729 1009 59 36 för
816 1014 52 31 att
894 1009 129 36 kunna
1051 1009 56 35 till
1133 1009 233 47 behandling
1392 1014 221 43 upptagas.»

505 1061 83 35 Den
629 1060 40 36 af
706 1061 276 35 motionärerna
1024 1060 225 36 omnämnda
1282 1060 186 36 allmänna
1496 1059 275 48 motiveringen
1799 1059 199 36 återfinnes

401 1112 12 36 i
442 1112 72 36 den
542 1112 41 35 af
612 1112 87 36 herr
738 1112 185 48 Branting
963 1125 49 22 m.
1041 1112 36 35 fl.
1120 1111 146 49 afgifna
1306 1112 192 36 motionen
1526 1125 43 22 nr
1598 1113 71 34 341
1699 1111 13 35 i
1740 1111 127 36 Andra
1894 1111 105 36 kam-

401 1177 128 23 maren
558 1164 68 36 och
654 1163 139 37 tillåter
819 1164 60 47 sig
905 1163 186 36 utskottet
1118 1168 55 31 att
1201 1163 159 37 hänvisa
1387 1163 57 36 till
1472 1163 227 36 densamma.

504 1266 18 36 I
550 1266 235 36 motionerna
811 1279 45 23 nr
884 1267 59 46 66,
974 1267 59 45 67,
1065 1267 45 35 68
1139 1266 71 36 och
1240 1267 46 35 69
1315 1265 12 36 i
1355 1266 134 36 Första
1516 1266 217 36 kammaren
1753 1265 70 37 och
1847 1265 44 36 de
1911 1264 85 37 med

401 1318 109 36 dessa
550 1317 240 50 likalydande
830 1318 232 36 motionerna
1089 1331 96 35 resp.
1216 1331 46 22 nr
1290 1318 84 46 218,
1406 1319 86 46 219,
1522 1319 74 35 220
1625 1317 70 37 och
1724 1319 74 34 221
1827 1317 12 36 i
1867 1316 132 36 Andra

401 1370 213 36 kammaren
657 1369 114 36 hafva
811 1370 86 35 herr
936 1370 113 35 Ernst
1084 1370 180 36 Beckman
1300 1383 47 22 m.
1376 1368 37 39 fd.
1455 1369 13 36 i
1496 1369 134 36 Första
1670 1369 216 35 kammaren
1927 1368 71 36 och

401 1422 86 36 herr
515 1422 127 47 Staaff
664 1435 48 22 m.
739 1421 37 35 f.
805 1421 12 35 i
844 1420 130 37 Andra
1001 1421 217 36 kammaren
1245 1421 191 36 hemställt

506 1474 75 35 dels
608 1474 12 34 i
647 1472 233 37 motionerna
908 1486 45 22 nr
974 1475 45 34 67
1049 1473 12 35 i
1079 1472 132 37 Första
1234 1472 216 37 kammaren
1470 1472 70 37 och
1559 1485 45 23 nr
1624 1473 72 34 219
1718 1472 12 35 i
1749 1471 128 36 Andra
1894 1471 105 36 kam-

401 1537 128 25 maren
549 1529 74 32 »att
650 1524 217 49 Riksdagen
895 1527 115 33 måtte
1039 1525 57 35 för
1114 1524 58 36 sin
1192 1524 60 36 del
1275 1524 145 36 besluta
1440 1524 140 36 sådana
1600 1523 206 49 ändringar
1824 1523 12 36 i
1855 1523 145 36 förord-

401 1577 144 47 ningen
573 1590 60 23 om
673 1576 377 48 kommunalstyrelse
1090 1579 48 45 på
1178 1576 141 47 landet,
1348 1581 55 31 att
1430 1580 157 32 rösträtt
1615 1575 58 37 för
1700 1575 115 48 bolag
1842 1575 69 36 och
1941 1575 59 36 för

402 1628 116 36 andra
542 1628 306 47 samfälligheter,
876 1628 58 36 för
962 1627 182 49 omyndig
1171 1632 98 31 samt
1298 1628 57 36 för
1383 1627 181 36 oskiftadt
1583 1627 47 36 bo
1650 1630 116 33 måtte
1786 1627 212 44 afskaffas;»

505 1681 76 35 dels
607 1680 12 35 i
639 1680 116 35 andra
774 1679 168 49 punkten
963 1680 40 35 af
1027 1679 234 36 motionerna
1289 1693 44 22 nr
1361 1681 46 34 68
1436 1679 12 36 i
1477 1680 132 35 Första
1628 1679 217 36 kammaren
1864 1678 70 36 och
1955 1691 47 22 nr

403 1733 75 35 220
506 1732 12 35 i
546 1731 128 36 Andra
706 1731 215 36 kammaren
949 1736 76 31 »att
1052 1730 219 49 Riksdagen
1299 1733 115 34 måtte
1443 1731 60 36 för
1530 1731 57 36 sin
1615 1730 60 37 del
1694 1730 147 37 besluta
1860 1729 140 36 sådana

403 1783 205 48 ändringar
636 1783 10 36 i
675 1783 270 47 förordningen
987 1795 61 23 om
1088 1783 376 48 kommunalstyrelse
1492 1782 12 36 i
1533 1782 94 47 stad,
1670 1787 55 31 att
1760 1786 154 32 rösträtt
1942 1781 59 35 för

402 1835 116 48 bolag
545 1835 69 36 och
643 1834 116 36 andra
783 1834 306 48 samfälligheter,
1118 1834 59 36 för
1206 1834 183 49 omyndig
1416 1839 99 31 samt
1539 1834 59 36 för
1618 1833 182 37 oskiftadt
1818 1833 48 36 bo
1885 1835 115 34 måtte

403 1886 215 45 afskaffas;»

506 1939 76 35 dels
599 1938 12 36 i
630 1937 117 37 andra
775 1938 166 48 punkten
971 1937 40 36 af
1034 1937 236 37 motionerna
1297 1951 45 22 nr
1362 1939 46 34 69
1437 1937 13 36 i
1476 1937 133 37 Första
1627 1937 219 36 kammaren
1866 1936 69 36 och
1954 1949 47 22 nr

403 1991 72 35 221
502 1989 19 36 i
538 1990 126 35 Andra
692 1990 215 35 kammaren
935 1995 75 30 »att
1038 1989 216 49 Riksdagen
1282 1991 114 34 måtte
1425 1989 59 36 för
1511 1989 58 36 sin
1598 1989 59 36 del
1684 1988 147 36 besluta
1859 1987 141 36 sådana

403 2041 204 48 ändringar
625 2042 12 35 1
657 2041 269 48 förordningen
963 2054 60 23 om
1051 2040 375 49 kommunalstyrelse
1453 2041 14 35 i
1496 2040 230 47 Stockholm,
1755 2045 53 30 att
1844 2044 156 31 rösträtt

403 2093 58 36 för
497 2093 114 48 bolag
647 2093 71 36 och
752 2093 57 36 för
837 2092 115 37 andra
980 2093 305 48 samfälligheter,
1314 2093 58 36 för
1400 2092 183 49 omyndig
1610 2096 97 32 samt
1735 2091 58 36 för
1821 2091 180 36 oskiftadt

401 2144 49 36 bo
479 2148 115 33 måtte
623 2145 215 44 afskaffas;»

506 2197 75 36 dels
621 2196 71 37 ock
719 2196 12 36 i
759 2196 119 48 tredje
907 2196 169 48 punkten
1103 2195 42 37 af
1168 2195 236 36 motionerna
1432 2209 45 22 nr
1506 2197 46 34 66
1582 2195 11 35 i
1620 2194 136 36 Första
1783 2194 217 36 kammaren

403 2247 70 36 och
500 2261 47 22 nr
575 2250 72 34 218
677 2248 11 36 i
717 2248 129 35 Andra
872 2247 215 37 kammaren
1114 2252 76 31 »att
1218 2247 218 48 Riksdagen
1464 2250 115 33 måtte
1608 2246 58 36 för
1694 2246 58 36 sin
1777 2246 58 36 del
1854 2245 147 36 besluta

403 2298 141 37 sådana
584 2299 136 49 tillägg
751 2300 13 36 i
796 2299 271 48 förordningen
1100 2298 196 49 angående
1323 2299 207 47 landsting,
1569 2297 10 49 $
1609 2300 34 45 5,
1672 2311 112 23 mom.
1816 2299 18 34 1
1866 2296 69 37 och
1964 2297 35 46 2,

403 2356 54 31 att
498 2350 64 36 vid
598 2352 59 35 val
695 2351 42 36 af
773 2351 301 48 landstingsmän
1115 2351 104 36 såväl
1246 2351 12 35 i
1287 2350 81 36 stad
1410 2363 82 23 som
1533 2352 48 47 på
1621 2350 128 35 landet
1776 2348 158 37 medlem
1963 2347 43 36 af
