1880 2794
97 1248 145 25 Utskottet.

296 155 42 30 32
748 155 290 35 Stutsutskottets
1051 156 183 36 utlåtande
1248 170 41 21 nr
1302 160 33 32 8.

343 232 83 35 Som
446 233 87 34 känt
553 234 107 42 pågår
681 234 102 34 sedan
806 247 43 22 en
870 235 88 43 följd
978 248 44 21 av
1043 237 38 32 år
1101 249 43 21 en
1166 238 252 42 undersökning
1439 239 63 33 och
1523 239 266 44 katalogisering

298 289 45 21 av
368 277 43 34 de
435 278 185 34 medeltida
644 280 359 43 pergamentsomslag,
1027 293 73 22 som
1125 285 124 39 utgöra
1273 282 93 36 band
1390 283 52 34 till
1468 287 102 30 1300-
1595 285 63 33 och
1686 289 100 30 1600-

298 321 297 43 talsräkenskaper
618 323 11 33 i
653 323 204 35 riksarkivet
881 325 63 33 och
966 325 304 36 kammararkivet.
1305 328 112 33 Detta
1440 328 116 35 arbete
1580 332 37 30 är
1640 342 44 20 av
1708 342 79 30 syn-

298 366 107 42 nerlig
428 366 173 43 betydelse
624 367 54 34 för
699 368 104 35 bland
827 374 108 29 annat
958 370 61 33 vår
1041 370 186 34 medeltida
1250 372 152 41 historia,
1426 372 185 43 belysande
1634 373 153 43 Sveriges

298 409 222 35 förbindelser
536 412 79 33 med
636 412 159 34 utlandet
814 413 110 34 under
941 414 206 34 medeltiden
1165 416 63 33 och
1248 428 43 22 av
1310 416 76 34 vikt
1405 416 51 34 för
1473 417 240 35 kännedomen
1731 431 56 21 om

297 455 42 33 de
356 455 145 34 svenska
516 455 295 36 institutionernas
828 458 47 33 liv
891 458 108 34 under
1016 459 112 33 denna
1146 460 61 34 tid.
1236 460 307 43 Undersökningen
1559 462 10 33 i
1586 461 96 43 fråga
1698 463 89 33 hade

297 499 91 34 varit
406 499 199 35 anförtrodd
623 501 38 35 åt
678 501 125 34 doktor
820 502 152 42 Schmid,
989 515 84 28 som,
1090 505 47 40 på
1154 507 69 30 sätt
1241 517 40 21 en
1300 505 191 43 sakkunnig
1508 506 202 43 myndighet
1728 520 58 21 an-

297 543 79 40 fört,
396 556 141 30 »genom
554 545 259 43 vetenskapliga
830 547 142 40 studier,
989 548 106 33 under
1112 549 125 42 många
1254 550 36 33 år
1306 548 186 36 förvärvad
1509 551 92 33 rutin
1619 551 63 34 och
1699 551 87 34 ihär-

297 588 57 42 dig
370 588 54 34 flit
442 589 88 33 visat
546 589 49 42 sig
612 593 64 39 äga
693 591 137 33 alldeles
848 591 165 34 särskilda
1029 591 287 45 förutsättningar
1333 598 53 30 att
1403 594 197 42 genomföra
1617 595 169 34 arbetet».

342 633 139 33 Doktor
500 633 137 34 Schmid
658 634 61 34 har
738 635 118 43 avlagt
877 636 316 44 disputationsprov
1212 637 10 33 i
1241 638 141 34 historia
1403 638 63 33 och
1485 639 142 34 besitter
1648 640 137 33 docent-

296 676 214 43 kompetens.
536 678 82 34 Hon
634 678 63 34 har
711 679 88 34 varit
815 681 179 42 sysselsatt
1008 681 77 44 med
1102 681 259 43 ifrågavarande
1377 683 290 44 undersökningar
1681 685 104 33 sedan

296 721 38 33 år
353 725 100 30 1930.

342 774 136 34 Genom
494 775 63 34 den
573 775 190 44 föreslagna
778 777 210 44 regleringen
1005 791 43 21 av
1064 779 483 42 anställningsförhållandena
1564 781 52 34 för
1632 782 43 33 de
1691 782 93 33 lärda

296 819 145 34 verkens
467 832 223 22 amanuenser
716 822 107 33 skulle
851 822 97 34 dessa
975 822 86 35 efter
1086 823 68 34 viss
1181 824 51 34 tid
1258 824 229 34 automatiskt
1513 825 196 43 uppflyttas
1734 826 51 33 till

295 863 206 42 lönegraden
522 864 52 34 Eo
588 868 56 38 20,
665 865 123 34 medan
810 866 126 34 doktor
957 866 138 36 Schmid
1116 868 134 34 erhållit
1272 881 41 21 en
1336 869 219 42 missgynnad
1576 870 208 43 undantags-

296 907 163 43 ställning
479 909 78 33 med
580 909 172 44 placering
774 910 11 33 i
807 911 206 42 lönegraden
1036 911 52 34 Eo
1104 915 53 31 16.
1192 912 104 34 Såväl
1320 913 148 35 arbetets
1490 919 53 28 art
1567 927 73 21 som
1662 915 124 33 doktor

296 951 157 35 Schmids
478 953 255 44 vetenskapliga
758 955 203 42 kompetens
987 968 101 30 synes
1114 957 189 34 emellertid
1328 957 177 36 föranleda
1528 958 53 34 till
1608 971 42 21 en
1675 960 109 42 place-

296 996 75 42 ring
393 996 10 34 1
428 1009 128 22 samma
580 998 242 44 löneställning
845 1012 74 21 som
941 1000 210 34 tillkommer
1174 1002 115 42 övriga
1312 1013 93 22 mera
1429 1002 239 34 kvalificerade
1692 1015 92 22 ama-

295 1052 144 22 nuenser
461 1042 57 33 vid
540 1042 42 33 de
604 1043 97 33 lärda
723 1043 138 40 verken,
883 1045 121 33 varvid
1027 1057 42 21 en
1091 1045 240 44 uppflyttning
1353 1047 212 34 omedelbart
1588 1047 52 34 till
1662 1048 120 42 högsta

294 1084 278 35 förekommande
592 1087 162 42 lönegrad
774 1088 79 34 med
874 1088 134 43 hänsyn
1027 1089 51 33 till
1100 1090 147 42 längden
1268 1103 43 20 av
1333 1091 125 33 doktor
1478 1091 156 34 Schmids
1654 1092 130 42 föregå-

294 1130 85 33 ende
399 1129 228 44 tjänstgöring
646 1143 97 31 synes
762 1133 262 34 välmotiverad.

339 1245 18 33 I
380 1246 196 43 anslutning
596 1246 54 34 till
672 1248 65 32 vad
760 1248 174 34 utskottet
954 1249 11 33 i
986 1249 59 33 det
1067 1249 204 43 föregående
1293 1251 110 33 under
1424 1252 156 42 punkten
1603 1253 68 42 3:0)
1696 1252 87 34 före-

293 1298 101 42 slagit
410 1299 97 33 torde
523 1300 70 33 dels
610 1300 10 33 i
636 1300 414 43 personalförteckningen
1067 1302 53 34 för
1136 1303 419 35 riksantikvarieämbetet
1572 1305 64 34 och
1652 1310 131 29 statens

293 1352 183 33 historiska
502 1365 158 21 museum
685 1354 82 33 böra
794 1354 166 42 uppföras
987 1356 60 32 två
1075 1360 98 30 extra
1199 1357 167 34 ordinarie
1392 1357 237 44 befattningar
1653 1359 11 33 i
1691 1359 90 34 löne-

293 1405 128 41 graden
443 1406 51 33 Eo
508 1409 54 37 21,
583 1406 71 34 dels
677 1407 62 33 ock
760 1408 258 42 anslagsposten
1041 1409 50 33 till
1115 1410 198 42 avlöningar
1335 1411 51 34 till
1409 1411 95 43 övrig
1524 1412 257 34 icke-ordinarie

293 1459 157 40 personal
465 1459 81 34 böra
563 1460 19 33 å
599 1472 65 22 ena
681 1460 94 34 sidan
791 1461 152 34 minskas
960 1462 76 33 med
1051 1463 10 32 i
1079 1468 81 28 runt
1179 1463 48 33 tal
1247 1467 39 29 12
1302 1467 65 30 900
1384 1464 136 41 kronor,
1537 1466 245 34 motsvarande

293 1511 163 43 avlöning
469 1512 50 33 till
534 1513 61 33 två
610 1525 237 28 amanuenser,
862 1523 19 24 å
897 1515 104 33 andra
1018 1515 96 33 sidan
1130 1516 83 33 ökas
1229 1517 76 33 med
1320 1518 10 32 i
1345 1522 82 29 runt
1442 1518 48 33 tal
1508 1522 40 29 13
1563 1522 65 30 600
1644 1519 137 40 kronor,

291 1566 243 32 motsvarande
550 1566 162 42 avlöning
727 1566 51 33 till
796 1569 61 31 två
876 1572 95 28 extra
988 1568 166 33 ordinarie
1170 1568 245 43 befattningar,
1432 1571 77 33 eller
1526 1571 143 34 sålunda
1685 1572 97 41 höjas

292 1618 79 33 med
393 1622 64 30 700
476 1619 125 33 kronor
617 1619 52 33 till
692 1623 62 30 153
770 1623 65 30 920
854 1620 136 34 kronor.

338 1672 75 33 Det
433 1671 11 34 i
464 1672 175 34 motionen
661 1672 28 34 I:
705 1676 41 30 86
769 1672 217 35 framställda
1006 1674 173 43 yrkandet
1200 1676 79 33 med
1300 1677 168 33 avseende
1490 1683 19 27 å
1532 1677 144 35 filosofie
1699 1678 82 34 dok-

292 1729 78 28 torn
393 1725 90 33 Toni
505 1724 156 35 Schmids
684 1726 239 44 löneställning
943 1727 62 34 har
1027 1728 173 34 utskottet
1223 1728 114 35 funnit
1360 1729 125 43 skäligt
1507 1730 207 44 tillmötesgå
1737 1732 44 42 på

292 1778 36 33 så
346 1782 84 38 sätt,
446 1784 53 28 att
515 1779 174 34 utskottet
703 1779 140 34 föreslår
859 1785 54 29 att
930 1781 122 34 doktor
1067 1781 141 34 Schmid
1225 1782 74 34 från
1317 1783 64 33 och
1397 1784 80 33 med
1494 1784 66 33 den
1565 1774 22 56 1
1613 1784 61 42 juli
1693 1788 86 30 1944

291 1830 143 35 erhåller
451 1831 171 43 placering
640 1833 114 33 såsom
772 1838 97 30 extra
888 1834 167 33 ordinarie
1072 1835 211 42 tjänsteman
1301 1836 10 33 i
1332 1839 42 31 18
1392 1837 216 42 lönegraden,
1630 1841 40 30 19
1690 1838 90 33 löne-

291 1884 135 34 klassen
444 1885 63 33 och
524 1890 53 29 att
594 1885 69 34 hon
680 1886 10 33 i
708 1886 106 34 likhet
831 1887 82 33 med
928 1887 119 43 övriga
1063 1900 225 22 amanuenser
1305 1889 59 33 vid
1381 1890 40 33 de
1439 1890 92 33 lärda
1549 1891 127 33 verken
1693 1891 88 34 efter

290 1950 41 20 en
348 1938 125 42 treårig
490 1939 275 42 anställningstid
782 1940 10 33 i
812 1943 42 30 18
872 1940 204 42 lönegraden
1094 1941 142 34 erhåller
1252 1942 240 44 uppflyttning
1508 1943 51 34 till
1576 1944 204 43 lönegraden

290 1990 53 34 Eo
357 1994 55 31 20.
438 1992 111 34 Detta
563 1991 143 35 innebär
721 1993 11 33 i
746 1992 214 35 förhållande
976 1994 51 33 till
1043 1994 130 43 Kungl.
1190 1994 124 43 Maj:ts
1329 1995 125 43 förslag
1468 1996 74 34 icke
1558 1998 114 41 någon
1686 1997 93 34 kost-

290 2044 214 43 nadsökning
521 2044 53 35 för
592 2049 100 30 nästa
709 2046 182 42 budgetår.

335 2098 183 34 Utskottet
537 2098 62 34 har
618 2099 11 33 i
650 2099 110 43 övrigt
779 2100 74 33 icke
874 2099 115 35 funnit
1007 2101 106 42 något
1135 2106 54 29 att
1209 2102 108 33 erinra
1338 2107 74 29 mot
1433 2104 66 33 vad
1520 2103 130 43 Kungl.
1671 2104 108 42 Maj:t

290 2151 110 34 under
419 2151 112 34 denna
549 2152 114 42 punkt
682 2152 182 44 föreslagit.

335 2205 120 33 Under
469 2205 216 43 åberopande
702 2218 43 21 av
761 2207 70 33 vad
847 2207 143 34 sålunda
1007 2207 131 34 anförts
1154 2208 52 33 får
1221 2209 172 34 utskottet
1409 2209 191 41 hemställa,

656 2273 53 29 att
734 2268 179 43 riksdagen
939 2270 69 41 må,
1032 2269 11 33 i
1069 2270 184 42 anledning
1278 2283 44 21 av
1348 2271 129 42 Kungl.
1503 2272 126 42 Maj:ts
1655 2272 124 43 förslag

609 2327 91 29 samt
717 2322 214 33 motionerna
949 2322 28 33 I:
995 2326 63 30 183
1076 2323 65 33 och
1159 2323 48 33 IT:
1223 2326 64 30 262
1306 2327 162 30 ävensom
1486 2325 178 34 motionen
1681 2326 29 33 I:
1724 2329 55 36 86,

654 2375 33 41 a)
715 2374 146 42 besluta,
883 2379 55 29 att
958 2375 12 33 i
990 2375 417 44 personalförteckningen
1428 2376 53 34 för
1502 2377 275 35 riksantikvarie-

608 2427 152 34 ämbetet
781 2428 65 33 och
868 2432 128 30 statens
1017 2428 182 35 historiska
1219 2441 157 22 museum
1397 2442 46 21 m.
1464 2443 45 21 m.
1532 2431 108 33 under
1662 2431 117 34 rubrik

608 2480 417 35 riksantikvarieämbetet
1046 2482 65 33 och
1133 2487 129 29 statens
1283 2483 182 34 historiska
1487 2496 156 22 museum
1665 2497 45 21 m.
1731 2497 46 20 m.
