1878 2802
274 166 63 30 148
710 162 296 35 Statsutskottets
1025 164 187 34 utlåtande
1232 177 42 21 nr
1293 167 34 32 8.

321 244 68 34 Vid
418 243 41 34 de
484 243 281 41 hittillsvarande,
792 244 136 35 särskilt
955 245 170 35 inrättade
1153 246 335 36 verkstadsskolorna
1517 247 53 34 för
1598 248 162 35 arbetslös

275 297 153 43 ungdom
451 297 113 34 kunna
588 297 152 35 eleverna
764 298 128 35 erhålla
915 299 133 42 statliga
1074 299 179 42 stipendier
1277 301 20 33 å
1322 312 73 31 upp
1418 301 50 33 till
1492 305 42 30 60
1559 301 127 35 kronor
1709 302 53 34 för

277 351 138 33 månad.
441 350 221 34 Beträffande
688 351 41 34 de
755 351 102 34 sedan
884 351 200 43 budgetåret
1112 352 153 43 1942/43
1293 353 171 34 inrättade
1489 355 148 34 centrala
1665 356 96 33 verk-

274 403 252 35 stadsskolorna
549 404 113 42 gäller,
685 409 52 29 att
760 404 354 43 stipendiegrunderna
1139 406 9 34 i
1172 405 129 44 princip
1326 409 57 31 äro
1408 408 172 33 desamma
1606 420 72 22 som
1703 408 57 34 vid

276 456 253 44 folkhögskolor
549 457 65 34 och
636 457 134 43 vanliga
792 457 221 43 yrkesskolor.
1036 458 129 43 Kungl.
1187 459 108 42 Maj:t
1318 459 64 34 har
1404 460 88 34 dock
1514 473 43 22 av
1581 460 181 44 riksdagen

275 510 239 42 bemyndigats
538 514 65 36 att,
629 510 61 34 där
713 509 252 35 förhållandena
990 512 77 34 med
1093 512 166 34 avseende
1283 513 20 33 å
1329 511 184 44 förefintlig
1539 513 221 34 arbetslöshet

276 563 77 34 eller
368 563 261 34 elevklientelets
646 563 218 35 ekonomiska
880 563 152 35 bärkraft
1048 576 82 23 vore
1144 564 165 35 likartade
1325 565 60 34 vid
1402 566 145 34 centrala
1566 566 194 35 verkstads-

276 616 113 34 skolor
410 616 62 34 och
493 616 360 40 arbetslöshetsskolor,
875 617 157 42 medgiva
1053 616 191 44 förhöjning
1266 631 45 21 av
1334 618 333 44 stipendiebeloppen
1691 632 70 31 upp

275 669 50 34 till
346 673 43 30 60
408 669 126 34 kronor
551 669 52 36 för
623 670 125 33 månad
769 673 86 31 även
875 670 59 34 vid
954 671 146 33 centrala
1121 670 303 36 verkstadsskolor.

320 722 18 33 I
359 722 212 34 motionerna
593 722 30 34 I:
639 726 43 30 90
704 723 63 33 och
788 723 49 33 II:
855 726 62 31 131
942 723 60 34 har
1023 723 187 35 hemställts
1233 736 56 21 om
1312 736 42 22 en
1376 724 140 43 höjning
1539 737 44 22 av
1605 725 155 34 maximi-

275 775 167 43 beloppen
461 775 51 34 för
530 776 186 42 stipendier
735 777 9 33 i
763 777 41 34 de
824 780 50 30 tre
895 776 292 43 behovsgraderna
1207 778 50 34 till
1277 778 192 42 respektive
1489 782 55 36 60,
1565 781 43 31 40
1632 779 62 33 och
1717 783 42 30 20

274 829 135 40 kronor,
433 829 103 34 såvitt
560 841 99 23 avser
679 829 306 43 folkhögskolorna.
1008 830 179 35 Utskottet
1211 830 126 34 erinrar
1360 831 10 34 i
1395 831 94 34 detta
1513 832 248 43 sammanhang

275 895 56 21 om
357 886 54 31 att
436 882 9 34 i
469 883 61 33 två
553 882 218 43 likalydande
793 883 179 40 motioner,
996 883 29 34 I:
1039 886 43 31 89
1109 883 62 34 och
1195 883 50 34 II:
1261 887 77 37 138,
1364 884 163 42 påyrkats
1554 896 41 22 en
1621 885 139 43 höjning

275 948 44 21 av
343 935 356 43 stipendiemaximum
722 936 48 33 till
794 939 43 31 60
861 936 127 34 kronor
1009 936 108 43 jämte
1141 942 49 30 ett
1214 937 134 34 särskilt
1374 937 249 44 dyrtidstillägg
1648 950 43 22 av
1718 942 41 31 15

273 988 138 40 kronor,
426 989 124 34 således
565 989 141 43 tillhopa
721 989 98 43 högst
834 993 43 30 75
892 989 134 40 kronor,
1041 989 51 34 för
1107 989 178 35 medellösa
1301 990 111 34 elever
1426 990 56 34 vid
1498 990 150 35 centrala
1662 991 97 34 verk-

272 1042 219 40 stadsskolor,
507 1041 353 35 arbetslöshetsskolor
876 1048 89 29 samt
981 1042 220 35 kommunala
1218 1043 63 34 och
1299 1043 152 34 enskilda
1468 1043 292 35 verkstadsskolor

273 1107 45 22 av
335 1095 160 34 liknande
512 1095 174 35 karaktär.
704 1096 117 42 Något
840 1095 198 36 motionsvis
1058 1096 90 42 gjort
1166 1096 151 43 yrkande
1336 1109 58 21 om
1412 1096 140 44 höjning
1571 1110 45 21 av
1636 1097 123 42 stipen-

274 1148 117 34 dierna
410 1148 57 34 vid
484 1148 219 34 kommunala
723 1149 62 33 och
804 1148 151 34 enskilda
974 1148 213 43 yrkesskolor
1205 1149 10 34 i
1235 1149 187 34 allmänhet
1441 1149 172 43 föreligger
1632 1150 126 35 således

274 1201 72 34 icke
365 1201 10 34 i
395 1213 111 22 annan
525 1202 80 33 mån
625 1204 44 31 än
688 1201 103 35 såvitt
811 1201 104 43 gäller
932 1201 290 34 verkstadsskolor
1241 1214 43 22 av
1302 1202 325 35 internatkaraktär.

318 1254 181 35 Utskottet
515 1257 120 31 ämnar
650 1254 73 34 icke
738 1255 10 33 i
764 1254 96 34 detta
876 1254 247 43 sammanhang
1139 1255 77 42 ingå
1232 1256 44 41 på
1292 1255 121 43 frågan
1431 1268 55 21 om
1503 1256 188 43 grunderna
1707 1256 52 34 för

273 1308 182 42 stipendier
473 1309 36 34 åt
529 1307 110 35 elever
658 1307 56 35 vid
735 1308 148 34 centrala
904 1307 290 35 verkstadsskolor
1212 1308 61 34 och
1295 1308 363 41 arbetslöshetsskolor,
1679 1313 80 31 enär

272 1361 130 45 Kungl.
428 1360 107 43 Maj:t
561 1360 75 35 icke
663 1361 9 34 i
700 1361 88 34 årets
815 1360 400 43 statsverksproposition
1242 1361 161 43 framlagt
1431 1361 177 35 definitiva
1637 1362 122 43 förslag

270 1426 57 21 om
343 1414 119 43 anslag
478 1413 51 34 för
545 1413 100 34 dessa
662 1413 169 34 ändamål.
849 1413 88 34 Med
953 1413 183 43 anledning
1153 1426 43 21 av
1212 1414 217 34 motionerna
1446 1414 29 33 I:
1490 1418 42 30 90
1550 1415 66 33 och
1632 1415 50 33 II:
1697 1418 61 31 131

272 1473 90 29 samt
380 1467 210 34 motionerna
609 1467 30 33 I:
654 1470 43 31 89
715 1467 64 34 och
797 1467 50 33 II:
864 1470 77 37 138,
958 1467 107 34 såvitt
1085 1468 172 33 desamma
1277 1479 82 23 avse
1377 1467 220 35 kommunala
1618 1468 63 34 och
1702 1479 56 23 en-

271 1520 109 34 skilda
401 1520 296 34 verkstadsskolor
715 1533 44 22 av
778 1520 330 40 internatkaraktär,
1128 1520 53 34 får
1202 1521 176 33 utskottet
1397 1521 192 40 framhålla,
1610 1527 55 29 att
1686 1521 74 34 skäl

270 1585 104 31 synas
398 1573 71 34 tala
493 1572 52 35 för
568 1585 42 21 en
634 1573 188 43 skyndsam
846 1576 147 40 översyn
1017 1585 45 21 av
1085 1573 193 43 grunderna
1302 1573 53 34 för
1379 1574 185 42 stipendier
1587 1575 40 33 åt
1650 1574 113 34 elever

272 1626 75 35 icke
362 1627 89 34 blott
468 1626 55 35 vid
541 1627 41 34 de
598 1626 12 34 i
626 1627 210 33 motionerna
854 1626 156 43 åsyftade
1026 1627 280 34 läroanstalterna
1322 1631 87 30 utan
1426 1631 85 30 även
1528 1627 58 35 vid
1604 1628 42 34 de
1661 1628 96 34 kom-

272 1680 140 34 munala
431 1680 62 33 och
512 1679 151 35 enskilda
683 1679 256 43 yrkesskolorna
959 1679 11 34 i
990 1679 195 35 allmänhet.
1205 1681 79 33 Den
1305 1681 197 33 nuvarande
1521 1680 236 44 maximering-

269 1745 43 22 en
337 1746 45 21 av
406 1733 331 43 stipendiebeloppen
760 1733 62 33 har
846 1732 202 35 oförändrad
1075 1733 90 34 varit
1188 1733 155 43 gällande
1368 1733 163 35 alltsedan
1556 1734 201 42 budgetåret

274 1786 169 43 1938/39,
461 1790 85 31 trots
567 1790 52 30 att
640 1785 367 35 levnadskostnaderna
1028 1798 74 22 som
1122 1786 126 34 bekant
1268 1786 109 34 under
1396 1787 95 34 tiden
1512 1787 182 43 undergått
1715 1800 41 22 en

269 1840 201 42 betydande
493 1839 153 42 höjning.
672 1839 56 33 En
754 1838 146 35 särskild
926 1839 180 43 anledning
1133 1844 55 29 att
1214 1852 45 21 nu
1288 1839 157 43 företaga
1470 1852 43 21 en
1540 1844 146 39 översyn
1714 1853 44 22 av

270 1892 362 43 stipendiegrunderna
657 1892 177 42 föreligger
859 1896 86 30 även
969 1893 44 41 på
1037 1892 111 43 grund
1173 1906 44 21 av
1240 1893 65 34 den
1330 1893 328 41 arbetslöshetskris,
1684 1906 74 22 som

268 1946 70 33 kan
360 1945 135 34 befaras
516 1945 138 35 inträda
678 1945 86 34 efter
784 1950 54 29 ett
860 1945 320 42 vapenstillestånd.
1202 1946 55 33 En
1280 1946 161 34 blivande
1464 1950 146 39 översyn
1635 1960 43 21 av
1701 1947 55 34 be-

270 1998 260 34 stämmelserna
560 2010 57 21 om
648 1998 190 42 tilldelning
869 2010 45 22 av
944 1998 184 42 stipendier
1160 1999 97 34 torde
1286 1999 85 34 böra
1404 1999 149 35 omfatta
1586 2001 97 33 såväl
1716 2012 41 22 en

271 2051 167 43 prövning
464 2063 44 21 av
532 2051 352 42 stipendiebeloppens
911 2051 157 43 lämpliga
1098 2051 122 34 storlek
1248 2064 73 22 som
1349 2052 66 34 ock
1442 2064 40 23 en
1510 2053 207 42 granskning
1744 2053 12 33 i

271 2104 109 43 övrigt
404 2116 44 22 av
470 2104 155 43 gällande
647 2105 154 42 grunder,
825 2104 202 43 exempelvis
1051 2104 119 43 frågan
1195 2117 55 21 om
1273 2116 42 22 en
1340 2105 264 43 differentiering
1629 2118 44 21 av
1698 2106 56 34 sti-

270 2158 308 42 pendiegrunderna
596 2157 54 34 för
666 2157 234 34 läroanstalter
918 2170 43 21 av
976 2157 90 35 olika
1082 2157 160 34 karaktär
1259 2158 79 34 med
1357 2158 165 35 avseende
1540 2159 21 33 å
1578 2158 177 35 kursernas

270 2211 116 43 längd,
406 2210 226 34 förekomsten
654 2223 43 21 av
718 2211 146 33 internat
884 2223 32 21 o.
936 2222 25 22 s.
982 2223 33 21 v.

315 2263 182 35 Utskottet
518 2263 62 34 har
600 2263 333 43 uppmärksammat,
956 2268 50 29 att
1028 2263 245 42 överstyrelsen
1295 2263 54 34 för
1371 2264 297 43 yrkesutbildning
1689 2264 65 34 för-

270 2317 112 34 klarat
408 2317 49 42 sig
479 2316 90 34 hava
594 2316 52 34 för
670 2316 112 34 avsikt
807 2319 65 36 att,
897 2316 37 33 så
958 2320 93 29 snart
1077 2315 49 43 sig
1152 2319 77 39 göra
1255 2316 95 40 låter,
1376 2320 150 39 upptaga
1553 2316 119 43 frågan
1698 2329 56 22 om

269 2370 104 42 höjda
401 2369 289 43 stipendiebelopp
717 2368 50 34 för
792 2368 384 43 yrkesundervisningen
1201 2369 50 33 till
1275 2370 238 42 övervägande
1539 2369 11 34 i
1578 2370 73 33 hela
1680 2370 74 34 dess

270 2423 93 34 vidd.
386 2422 178 35 Utskottet
587 2422 56 34 vill
665 2421 227 43 understryka
914 2421 115 34 vikten
1051 2433 45 22 av
1119 2425 52 31 att
1194 2422 35 33 så
1252 2421 76 35 sker
1351 2422 63 34 och
1438 2427 51 30 att
1509 2422 244 43 överstyrelsen

270 2476 121 35 därvid
415 2476 144 34 beaktar
581 2475 69 34 vad
675 2474 167 35 utskottet
866 2475 11 33 i
903 2474 55 34 det
981 2473 199 44 föregående
1204 2474 122 35 anfört.
1351 2475 69 34 För
1442 2474 312 44 folkhögskolornas
