<?xml version="1.0" encoding="UTF-8"?>
<alto xmlns="http://www.loc.gov/standards/alto/ns-v3#" xmlns:xlink="http://www.w3.org/1999/xlink" xmlns:xsi="http://www.w3.org/2001/XMLSchema-instance" xsi:schemaLocation="http://www.loc.gov/standards/alto/ns-v3# http://www.loc.gov/alto/v3/alto-3-0.xsd">
	<Description>
		<MeasurementUnit>pixel</MeasurementUnit>
		<sourceImageInformation>
			<fileName>/tmp/tess_9xd2yk25_input.PNG</fileName>
		</sourceImageInformation>
		<OCRProcessing ID="OCR_0">
			<ocrProcessingStep>
				<processingSoftware>
					<softwareName>tesseract 5.3.0</softwareName>
				</processingSoftware>
			</ocrProcessingStep>
		</OCRProcessing>
	</Description>
	<Layout>
		<Page WIDTH="1892" HEIGHT="2798" PHYSICAL_IMG_NR="0" ID="page_0">
			<PrintSpace HPOS="0" VPOS="0" WIDTH="1892" HEIGHT="2798">
				<ComposedBlock ID="cblock_0" HPOS="300" VPOS="142" WIDTH="1052" HEIGHT="35">
					<TextBlock ID="block_0" HPOS="300" VPOS="142" WIDTH="1052" HEIGHT="35">
						<TextLine ID="line_0" HPOS="300" VPOS="142" WIDTH="1052" HEIGHT="35">
							<String ID="string_0" HPOS="300" VPOS="145" WIDTH="64" HEIGHT="31" WC="0.96" CONTENT="128"/><SP WIDTH="371" VPOS="145" HPOS="364"/>
							<String ID="string_1" HPOS="735" VPOS="142" WIDTH="296" HEIGHT="35" WC="0.91" CONTENT="Statsutskottets"/><SP WIDTH="19" VPOS="142" HPOS="1031"/>
							<String ID="string_2" HPOS="1050" VPOS="143" WIDTH="186" HEIGHT="34" WC="0.96" CONTENT="utlåtande"/><SP WIDTH="20" VPOS="143" HPOS="1236"/>
							<String ID="string_3" HPOS="1256" VPOS="156" WIDTH="43" HEIGHT="21" WC="0.94" CONTENT="nr"/><SP WIDTH="19" VPOS="156" HPOS="1299"/>
							<String ID="string_4" HPOS="1318" VPOS="146" WIDTH="34" HEIGHT="31" WC="0.94" CONTENT="8."/>
						</TextLine>
					</TextBlock>
				</ComposedBlock>
				<ComposedBlock ID="cblock_1" HPOS="616" VPOS="222" WIDTH="1173" HEIGHT="194">
					<TextBlock ID="block_1" HPOS="616" VPOS="222" WIDTH="1173" HEIGHT="194">
						<TextLine ID="line_1" HPOS="663" VPOS="222" WIDTH="1125" HEIGHT="45">
							<String ID="string_5" HPOS="663" VPOS="227" WIDTH="53" HEIGHT="30" WC="0.96" CONTENT="att"/><SP WIDTH="28" VPOS="227" HPOS="716"/>
							<String ID="string_6" HPOS="744" VPOS="222" WIDTH="181" HEIGHT="43" WC="0.96" CONTENT="riksdagen"/><SP WIDTH="25" VPOS="222" HPOS="925"/>
							<String ID="string_7" HPOS="950" VPOS="223" WIDTH="58" HEIGHT="33" WC="0.95" CONTENT="må"/><SP WIDTH="28" VPOS="223" HPOS="1008"/>
							<String ID="string_8" HPOS="1036" VPOS="223" WIDTH="52" HEIGHT="35" WC="0.93" CONTENT="till"/><SP WIDTH="28" VPOS="223" HPOS="1088"/>
							<String ID="string_9" HPOS="1116" VPOS="222" WIDTH="200" HEIGHT="35" WC="0.91" CONTENT="Folkskolor"/><SP WIDTH="26" VPOS="222" HPOS="1316"/>
							<String ID="string_10" HPOS="1342" VPOS="236" WIDTH="47" HEIGHT="22" WC="0.92" CONTENT="m."/><SP WIDTH="27" VPOS="236" HPOS="1389"/>
							<String ID="string_11" HPOS="1416" VPOS="235" WIDTH="59" HEIGHT="23" WC="0.85" CONTENT="m.:"/><SP WIDTH="28" VPOS="235" HPOS="1475"/>
							<String ID="string_12" HPOS="1503" VPOS="223" WIDTH="129" HEIGHT="44" WC="0.95" CONTENT="Bidrag"/><SP WIDTH="28" VPOS="223" HPOS="1632"/>
							<String ID="string_13" HPOS="1660" VPOS="223" WIDTH="51" HEIGHT="36" WC="0.93" CONTENT="till"/><SP WIDTH="27" VPOS="223" HPOS="1711"/>
							<String ID="string_14" HPOS="1738" VPOS="224" WIDTH="50" HEIGHT="34" WC="0.91" CONTENT="in-"/>
						</TextLine>
						<TextLine ID="line_2" HPOS="616" VPOS="274" WIDTH="1173" HEIGHT="44">
							<String ID="string_15" HPOS="616" VPOS="274" WIDTH="222" HEIGHT="44" WC="0.92" CONTENT="ackordering"/><SP WIDTH="15" VPOS="274" HPOS="838"/>
							<String ID="string_16" HPOS="853" VPOS="288" WIDTH="44" HEIGHT="21" WC="0.96" CONTENT="av"/><SP WIDTH="14" VPOS="288" HPOS="897"/>
							<String ID="string_17" HPOS="911" VPOS="274" WIDTH="161" HEIGHT="36" WC="0.95" CONTENT="skolbarn"/><SP WIDTH="15" VPOS="274" HPOS="1072"/>
							<String ID="string_18" HPOS="1087" VPOS="276" WIDTH="12" HEIGHT="34" WC="0.93" CONTENT="i"/><SP WIDTH="14" VPOS="276" HPOS="1099"/>
							<String ID="string_19" HPOS="1113" VPOS="274" WIDTH="165" HEIGHT="42" WC="0.91" CONTENT="skolhem,"/><SP WIDTH="16" VPOS="274" HPOS="1278"/>
							<String ID="string_20" HPOS="1294" VPOS="277" WIDTH="234" HEIGHT="41" WC="0.91" CONTENT="arbetsstugor"/><SP WIDTH="15" VPOS="277" HPOS="1528"/>
							<String ID="string_21" HPOS="1543" VPOS="276" WIDTH="79" HEIGHT="35" WC="0.96" CONTENT="eller"/><SP WIDTH="14" VPOS="276" HPOS="1622"/>
							<String ID="string_22" HPOS="1636" VPOS="276" WIDTH="153" HEIGHT="35" WC="0.95" CONTENT="enskilda"/>
						</TextLine>
						<TextLine ID="line_3" HPOS="616" VPOS="327" WIDTH="1172" HEIGHT="46">
							<String ID="string_23" HPOS="616" VPOS="328" WIDTH="78" HEIGHT="34" WC="0.95" CONTENT="hem"/><SP WIDTH="29" VPOS="328" HPOS="694"/>
							<String ID="string_24" HPOS="723" VPOS="327" WIDTH="53" HEIGHT="35" WC="0.96" CONTENT="för"/><SP WIDTH="28" VPOS="327" HPOS="776"/>
							<String ID="string_25" HPOS="804" VPOS="329" WIDTH="203" HEIGHT="42" WC="0.93" CONTENT="budgetåret"/><SP WIDTH="31" VPOS="329" HPOS="1007"/>
							<String ID="string_26" HPOS="1038" VPOS="328" WIDTH="155" HEIGHT="44" WC="0.87" CONTENT="1944/45"/><SP WIDTH="30" VPOS="328" HPOS="1193"/>
							<String ID="string_27" HPOS="1223" VPOS="329" WIDTH="121" HEIGHT="35" WC="0.96" CONTENT="anvisa"/><SP WIDTH="28" VPOS="329" HPOS="1344"/>
							<String ID="string_28" HPOS="1372" VPOS="334" WIDTH="52" HEIGHT="30" WC="0.91" CONTENT="ett"/><SP WIDTH="29" VPOS="334" HPOS="1424"/>
							<String ID="string_29" HPOS="1453" VPOS="329" WIDTH="262" HEIGHT="44" WC="0.91" CONTENT="förslagsanslag"/><SP WIDTH="29" VPOS="329" HPOS="1715"/>
							<String ID="string_30" HPOS="1744" VPOS="343" WIDTH="44" HEIGHT="21" WC="0.96" CONTENT="av"/>
						</TextLine>
						<TextLine ID="line_4" HPOS="616" VPOS="381" WIDTH="333" HEIGHT="35">
							<String ID="string_31" HPOS="616" VPOS="384" WIDTH="20" HEIGHT="30" WC="0.94" CONTENT="2"/><SP WIDTH="14" VPOS="384" HPOS="636"/>
							<String ID="string_32" HPOS="650" VPOS="385" WIDTH="65" HEIGHT="31" WC="0.94" CONTENT="000"/><SP WIDTH="14" VPOS="385" HPOS="715"/>
							<String ID="string_33" HPOS="729" VPOS="385" WIDTH="66" HEIGHT="31" WC="0.96" CONTENT="000"/><SP WIDTH="19" VPOS="385" HPOS="795"/>
							<String ID="string_34" HPOS="814" VPOS="381" WIDTH="135" HEIGHT="35" WC="0.95" CONTENT="kronor."/>
						</TextLine>
					</TextBlock>
				</ComposedBlock>
				<ComposedBlock ID="cblock_2" HPOS="298" VPOS="487" WIDTH="1490" HEIGHT="309">
					<TextBlock ID="block_2" HPOS="298" VPOS="487" WIDTH="1490" HEIGHT="150">
						<TextLine ID="line_5" HPOS="345" VPOS="487" WIDTH="1442" HEIGHT="44">
							<String ID="string_35" HPOS="345" VPOS="488" WIDTH="111" HEIGHT="42" WC="0.91" CONTENT="166:0)"/><SP WIDTH="28" VPOS="488" HPOS="456"/>
							<String ID="string_36" HPOS="484" VPOS="487" WIDTH="222" HEIGHT="34" WC="0.89" CONTENT="Folkskolor"/><SP WIDTH="16" VPOS="487" HPOS="706"/>
							<String ID="string_37" HPOS="722" VPOS="498" WIDTH="46" HEIGHT="24" WC="0.39" CONTENT="m."/><SP WIDTH="16" VPOS="498" HPOS="768"/>
							<String ID="string_38" HPOS="784" VPOS="498" WIDTH="65" HEIGHT="24" WC="0.89" CONTENT="m.:"/><SP WIDTH="19" VPOS="498" HPOS="849"/>
							<String ID="string_39" HPOS="868" VPOS="488" WIDTH="141" HEIGHT="43" WC="0.95" CONTENT="Bidrag"/><SP WIDTH="17" VPOS="488" HPOS="1009"/>
							<String ID="string_40" HPOS="1026" VPOS="489" WIDTH="59" HEIGHT="34" WC="0.93" CONTENT="till"/><SP WIDTH="17" VPOS="489" HPOS="1085"/>
							<String ID="string_41" HPOS="1102" VPOS="488" WIDTH="404" HEIGHT="43" WC="0.90" CONTENT="skolhemsbyggnader"/><SP WIDTH="16" VPOS="488" HPOS="1506"/>
							<String ID="string_42" HPOS="1522" VPOS="490" WIDTH="69" HEIGHT="33" WC="0.96" CONTENT="och"/><SP WIDTH="17" VPOS="490" HPOS="1591"/>
							<String ID="string_43" HPOS="1608" VPOS="490" WIDTH="107" HEIGHT="33" WC="0.92" CONTENT="deras"/><SP WIDTH="17" VPOS="490" HPOS="1715"/>
							<String ID="string_44" HPOS="1732" VPOS="489" WIDTH="55" HEIGHT="33" WC="0.92" CONTENT="in-"/>
						</TextLine>
						<TextLine ID="line_6" HPOS="299" VPOS="540" WIDTH="1489" HEIGHT="44">
							<String ID="string_45" HPOS="299" VPOS="540" WIDTH="170" HEIGHT="43" WC="0.95" CONTENT="redning."/><SP WIDTH="23" VPOS="540" HPOS="469"/>
							<String ID="string_46" HPOS="492" VPOS="540" WIDTH="19" HEIGHT="34" WC="0.96" CONTENT="I"/><SP WIDTH="24" VPOS="540" HPOS="511"/>
							<String ID="string_47" HPOS="535" VPOS="540" WIDTH="152" HEIGHT="43" WC="0.96" CONTENT="enlighet"/><SP WIDTH="23" VPOS="540" HPOS="687"/>
							<String ID="string_48" HPOS="710" VPOS="541" WIDTH="78" HEIGHT="34" WC="0.96" CONTENT="med"/><SP WIDTH="26" VPOS="541" HPOS="788"/>
							<String ID="string_49" HPOS="814" VPOS="541" WIDTH="130" HEIGHT="43" WC="0.95" CONTENT="Kungl."/><SP WIDTH="24" VPOS="541" HPOS="944"/>
							<String ID="string_50" HPOS="968" VPOS="541" WIDTH="128" HEIGHT="43" WC="0.96" CONTENT="Maj:ts"/><SP WIDTH="23" VPOS="541" HPOS="1096"/>
							<String ID="string_51" HPOS="1119" VPOS="541" WIDTH="126" HEIGHT="43" WC="0.95" CONTENT="förslag"/><SP WIDTH="26" VPOS="541" HPOS="1245"/>
							<String ID="string_52" HPOS="1271" VPOS="541" WIDTH="128" HEIGHT="43" WC="0.96" CONTENT="(punkt"/><SP WIDTH="26" VPOS="541" HPOS="1399"/>
							<String ID="string_53" HPOS="1425" VPOS="544" WIDTH="77" HEIGHT="40" WC="0.93" CONTENT="174,"/><SP WIDTH="25" VPOS="544" HPOS="1502"/>
							<String ID="string_54" HPOS="1527" VPOS="554" WIDTH="26" HEIGHT="22" WC="0.82" CONTENT="s."/><SP WIDTH="25" VPOS="554" HPOS="1553"/>
							<String ID="string_55" HPOS="1578" VPOS="542" WIDTH="210" HEIGHT="42" WC="0.89" CONTENT="436—439),"/>
						</TextLine>
						<TextLine ID="line_7" HPOS="298" VPOS="594" WIDTH="1445" HEIGHT="43">
							<String ID="string_56" HPOS="298" VPOS="594" WIDTH="107" HEIGHT="34" WC="0.96" CONTENT="vilket"/><SP WIDTH="17" VPOS="594" HPOS="405"/>
							<String ID="string_57" HPOS="422" VPOS="594" WIDTH="141" HEIGHT="34" WC="0.96" CONTENT="innebär"/><SP WIDTH="17" VPOS="594" HPOS="563"/>
							<String ID="string_58" HPOS="580" VPOS="606" WIDTH="42" HEIGHT="22" WC="0.92" CONTENT="en"/><SP WIDTH="18" VPOS="606" HPOS="622"/>
							<String ID="string_59" HPOS="640" VPOS="594" WIDTH="276" HEIGHT="43" WC="0.90" CONTENT="anslagshöjning"/><SP WIDTH="16" VPOS="594" HPOS="916"/>
							<String ID="string_60" HPOS="932" VPOS="594" WIDTH="78" HEIGHT="34" WC="0.96" CONTENT="med"/><SP WIDTH="17" VPOS="594" HPOS="1010"/>
							<String ID="string_61" HPOS="1027" VPOS="598" WIDTH="67" HEIGHT="30" WC="0.96" CONTENT="250"/><SP WIDTH="15" VPOS="598" HPOS="1094"/>
							<String ID="string_62" HPOS="1109" VPOS="598" WIDTH="65" HEIGHT="30" WC="0.96" CONTENT="000"/><SP WIDTH="17" VPOS="598" HPOS="1174"/>
							<String ID="string_63" HPOS="1191" VPOS="594" WIDTH="138" HEIGHT="41" WC="0.96" CONTENT="kronor,"/><SP WIDTH="17" VPOS="594" HPOS="1329"/>
							<String ID="string_64" HPOS="1346" VPOS="594" WIDTH="196" HEIGHT="34" WC="0.96" CONTENT="hemställer"/><SP WIDTH="16" VPOS="594" HPOS="1542"/>
							<String ID="string_65" HPOS="1558" VPOS="595" WIDTH="185" HEIGHT="39" WC="0.95" CONTENT="utskottet,"/>
						</TextLine>
					</TextBlock>
					<TextBlock ID="block_3" HPOS="613" VPOS="645" WIDTH="1173" HEIGHT="151">
						<TextLine ID="line_8" HPOS="659" VPOS="645" WIDTH="1127" HEIGHT="45">
							<String ID="string_66" HPOS="659" VPOS="652" WIDTH="55" HEIGHT="29" WC="0.96" CONTENT="att"/><SP WIDTH="22" VPOS="652" HPOS="714"/>
							<String ID="string_67" HPOS="736" VPOS="647" WIDTH="181" HEIGHT="43" WC="0.96" CONTENT="riksdagen"/><SP WIDTH="23" VPOS="647" HPOS="917"/>
							<String ID="string_68" HPOS="940" VPOS="648" WIDTH="56" HEIGHT="33" WC="0.96" CONTENT="må"/><SP WIDTH="23" VPOS="648" HPOS="996"/>
							<String ID="string_69" HPOS="1019" VPOS="647" WIDTH="52" HEIGHT="34" WC="0.93" CONTENT="till"/><SP WIDTH="24" VPOS="647" HPOS="1071"/>
							<String ID="string_70" HPOS="1095" VPOS="645" WIDTH="201" HEIGHT="36" WC="0.91" CONTENT="Folkskolor"/><SP WIDTH="23" VPOS="645" HPOS="1296"/>
							<String ID="string_71" HPOS="1319" VPOS="659" WIDTH="46" HEIGHT="23" WC="0.86" CONTENT="m."/><SP WIDTH="23" VPOS="659" HPOS="1365"/>
							<String ID="string_72" HPOS="1388" VPOS="659" WIDTH="59" HEIGHT="22" WC="0.88" CONTENT="m.:"/><SP WIDTH="22" VPOS="659" HPOS="1447"/>
							<String ID="string_73" HPOS="1469" VPOS="646" WIDTH="130" HEIGHT="44" WC="0.95" CONTENT="Bidrag"/><SP WIDTH="25" VPOS="646" HPOS="1599"/>
							<String ID="string_74" HPOS="1624" VPOS="645" WIDTH="51" HEIGHT="36" WC="0.93" CONTENT="till"/><SP WIDTH="22" VPOS="645" HPOS="1675"/>
							<String ID="string_75" HPOS="1697" VPOS="646" WIDTH="89" HEIGHT="35" WC="0.91" CONTENT="skol-"/>
						</TextLine>
						<TextLine ID="line_9" HPOS="613" VPOS="698" WIDTH="1173" HEIGHT="44">
							<String ID="string_76" HPOS="613" VPOS="698" WIDTH="296" HEIGHT="44" WC="0.92" CONTENT="hemsbyggnader"/><SP WIDTH="20" VPOS="698" HPOS="909"/>
							<String ID="string_77" HPOS="929" VPOS="700" WIDTH="63" HEIGHT="33" WC="0.96" CONTENT="och"/><SP WIDTH="20" VPOS="700" HPOS="992"/>
							<String ID="string_78" HPOS="1012" VPOS="698" WIDTH="100" HEIGHT="36" WC="0.96" CONTENT="deras"/><SP WIDTH="18" VPOS="698" HPOS="1112"/>
							<String ID="string_79" HPOS="1130" VPOS="699" WIDTH="178" HEIGHT="43" WC="0.96" CONTENT="inredning"/><SP WIDTH="20" VPOS="699" HPOS="1308"/>
							<String ID="string_80" HPOS="1328" VPOS="699" WIDTH="55" HEIGHT="35" WC="0.96" CONTENT="för"/><SP WIDTH="19" VPOS="699" HPOS="1383"/>
							<String ID="string_81" HPOS="1402" VPOS="700" WIDTH="207" HEIGHT="42" WC="0.93" CONTENT="budgetåret"/><SP WIDTH="22" VPOS="700" HPOS="1609"/>
							<String ID="string_82" HPOS="1631" VPOS="699" WIDTH="155" HEIGHT="43" WC="0.91" CONTENT="1944/45"/>
						</TextLine>
						<TextLine ID="line_10" HPOS="614" VPOS="752" WIDTH="933" HEIGHT="44">
							<String ID="string_83" HPOS="614" VPOS="753" WIDTH="118" HEIGHT="34" WC="0.96" CONTENT="anvisa"/><SP WIDTH="18" VPOS="753" HPOS="732"/>
							<String ID="string_84" HPOS="750" VPOS="758" WIDTH="53" HEIGHT="29" WC="0.93" CONTENT="ett"/><SP WIDTH="18" VPOS="758" HPOS="803"/>
							<String ID="string_85" HPOS="821" VPOS="753" WIDTH="345" HEIGHT="43" WC="0.91" CONTENT="reservationsanslag"/><SP WIDTH="17" VPOS="753" HPOS="1166"/>
							<String ID="string_86" HPOS="1183" VPOS="765" WIDTH="45" HEIGHT="22" WC="0.96" CONTENT="av"/><SP WIDTH="19" VPOS="765" HPOS="1228"/>
							<String ID="string_87" HPOS="1247" VPOS="756" WIDTH="66" HEIGHT="31" WC="0.96" CONTENT="500"/><SP WIDTH="15" VPOS="756" HPOS="1313"/>
							<String ID="string_88" HPOS="1328" VPOS="756" WIDTH="65" HEIGHT="31" WC="0.96" CONTENT="000"/><SP WIDTH="19" VPOS="756" HPOS="1393"/>
							<String ID="string_89" HPOS="1412" VPOS="752" WIDTH="135" HEIGHT="35" WC="0.96" CONTENT="kronor."/>
						</TextLine>
					</TextBlock>
				</ComposedBlock>
				<ComposedBlock ID="cblock_3" HPOS="294" VPOS="858" WIDTH="1493" HEIGHT="205">
					<TextBlock ID="block_4" HPOS="294" VPOS="858" WIDTH="1493" HEIGHT="205">
						<TextLine ID="line_11" HPOS="344" VPOS="858" WIDTH="1443" HEIGHT="45">
							<String ID="string_90" HPOS="344" VPOS="861" WIDTH="111" HEIGHT="42" WC="0.89" CONTENT="167:0)"/><SP WIDTH="28" VPOS="861" HPOS="455"/>
							<String ID="string_91" HPOS="483" VPOS="859" WIDTH="222" HEIGHT="35" WC="0.92" CONTENT="Folkskolor"/><SP WIDTH="20" VPOS="859" HPOS="705"/>
							<String ID="string_92" HPOS="725" VPOS="871" WIDTH="48" HEIGHT="23" WC="0.91" CONTENT="m."/><SP WIDTH="20" VPOS="871" HPOS="773"/>
							<String ID="string_93" HPOS="793" VPOS="870" WIDTH="64" HEIGHT="24" WC="0.87" CONTENT="m.:"/><SP WIDTH="23" VPOS="870" HPOS="857"/>
							<String ID="string_94" HPOS="880" VPOS="859" WIDTH="142" HEIGHT="43" WC="0.96" CONTENT="Bidrag"/><SP WIDTH="20" VPOS="859" HPOS="1022"/>
							<String ID="string_95" HPOS="1042" VPOS="859" WIDTH="59" HEIGHT="35" WC="0.96" CONTENT="till"/><SP WIDTH="21" VPOS="859" HPOS="1101"/>
							<String ID="string_96" HPOS="1122" VPOS="859" WIDTH="242" HEIGHT="35" WC="0.88" CONTENT="anordnande"/><SP WIDTH="20" VPOS="859" HPOS="1364"/>
							<String ID="string_97" HPOS="1384" VPOS="870" WIDTH="48" HEIGHT="24" WC="0.96" CONTENT="av"/><SP WIDTH="20" VPOS="870" HPOS="1432"/>
							<String ID="string_98" HPOS="1452" VPOS="858" WIDTH="252" HEIGHT="44" WC="0.95" CONTENT="skolskjutsar"/><SP WIDTH="20" VPOS="858" HPOS="1704"/>
							<String ID="string_99" HPOS="1724" VPOS="860" WIDTH="63" HEIGHT="34" WC="0.96" CONTENT="för"/>
						</TextLine>
						<TextLine ID="line_12" HPOS="295" VPOS="911" WIDTH="1490" HEIGHT="45">
							<String ID="string_100" HPOS="295" VPOS="913" WIDTH="242" HEIGHT="43" WC="0.91" CONTENT="skolpliktiga"/><SP WIDTH="20" VPOS="913" HPOS="537"/>
							<String ID="string_101" HPOS="557" VPOS="913" WIDTH="105" HEIGHT="34" WC="0.94" CONTENT="barn."/><SP WIDTH="20" VPOS="913" HPOS="662"/>
							<String ID="string_102" HPOS="682" VPOS="912" WIDTH="130" HEIGHT="43" WC="0.96" CONTENT="Kungl."/><SP WIDTH="20" VPOS="912" HPOS="812"/>
							<String ID="string_103" HPOS="832" VPOS="912" WIDTH="109" HEIGHT="43" WC="0.95" CONTENT="Maj:t"/><SP WIDTH="18" VPOS="912" HPOS="941"/>
							<String ID="string_104" HPOS="959" VPOS="913" WIDTH="62" HEIGHT="33" WC="0.96" CONTENT="har"/><SP WIDTH="23" VPOS="913" HPOS="1021"/>
							<String ID="string_105" HPOS="1044" VPOS="912" WIDTH="127" HEIGHT="43" WC="0.96" CONTENT="(punkt"/><SP WIDTH="22" VPOS="912" HPOS="1171"/>
							<String ID="string_106" HPOS="1193" VPOS="916" WIDTH="77" HEIGHT="36" WC="0.93" CONTENT="175,"/><SP WIDTH="20" VPOS="916" HPOS="1270"/>
							<String ID="string_107" HPOS="1290" VPOS="924" WIDTH="26" HEIGHT="22" WC="0.92" CONTENT="s."/><SP WIDTH="21" VPOS="924" HPOS="1316"/>
							<String ID="string_108" HPOS="1337" VPOS="915" WIDTH="66" HEIGHT="31" WC="0.96" CONTENT="439"/><SP WIDTH="20" VPOS="915" HPOS="1403"/>
							<String ID="string_109" HPOS="1423" VPOS="912" WIDTH="65" HEIGHT="33" WC="0.96" CONTENT="och"/><SP WIDTH="19" VPOS="912" HPOS="1488"/>
							<String ID="string_110" HPOS="1507" VPOS="913" WIDTH="81" HEIGHT="41" WC="0.95" CONTENT="440)"/><SP WIDTH="24" VPOS="913" HPOS="1588"/>
							<String ID="string_111" HPOS="1612" VPOS="911" WIDTH="173" HEIGHT="43" WC="0.95" CONTENT="föreslagit"/>
						</TextLine>
						<TextLine ID="line_13" HPOS="294" VPOS="964" WIDTH="1489" HEIGHT="45">
							<String ID="string_112" HPOS="294" VPOS="967" WIDTH="180" HEIGHT="42" WC="0.96" CONTENT="riksdagen"/><SP WIDTH="16" VPOS="967" HPOS="474"/>
							<String ID="string_113" HPOS="490" VPOS="971" WIDTH="54" HEIGHT="29" WC="0.95" CONTENT="att"/><SP WIDTH="15" VPOS="971" HPOS="544"/>
							<String ID="string_114" HPOS="559" VPOS="966" WIDTH="54" HEIGHT="34" WC="0.95" CONTENT="till"/><SP WIDTH="16" VPOS="966" HPOS="613"/>
							<String ID="string_115" HPOS="629" VPOS="966" WIDTH="225" HEIGHT="34" WC="0.96" CONTENT="förevarande"/><SP WIDTH="16" VPOS="966" HPOS="854"/>
							<String ID="string_116" HPOS="870" VPOS="966" WIDTH="160" HEIGHT="33" WC="0.96" CONTENT="ändamål"/><SP WIDTH="16" VPOS="966" HPOS="1030"/>
							<String ID="string_117" HPOS="1046" VPOS="965" WIDTH="55" HEIGHT="34" WC="0.96" CONTENT="för"/><SP WIDTH="16" VPOS="965" HPOS="1101"/>
							<String ID="string_118" HPOS="1117" VPOS="965" WIDTH="203" HEIGHT="42" WC="0.91" CONTENT="budgetåret"/><SP WIDTH="20" VPOS="965" HPOS="1320"/>
							<String ID="string_119" HPOS="1340" VPOS="964" WIDTH="154" HEIGHT="44" WC="0.73" CONTENT="1944/45"/><SP WIDTH="19" VPOS="964" HPOS="1494"/>
							<String ID="string_120" HPOS="1513" VPOS="965" WIDTH="119" HEIGHT="33" WC="0.96" CONTENT="anvisa"/><SP WIDTH="16" VPOS="965" HPOS="1632"/>
							<String ID="string_121" HPOS="1648" VPOS="970" WIDTH="52" HEIGHT="29" WC="0.93" CONTENT="ett"/><SP WIDTH="16" VPOS="970" HPOS="1700"/>
							<String ID="string_122" HPOS="1716" VPOS="964" WIDTH="67" HEIGHT="34" WC="0.93" CONTENT="för-"/>
						</TextLine>
						<TextLine ID="line_14" HPOS="294" VPOS="1019" WIDTH="611" HEIGHT="44">
							<String ID="string_123" HPOS="294" VPOS="1020" WIDTH="206" HEIGHT="43" WC="0.91" CONTENT="slagsanslag"/><SP WIDTH="15" VPOS="1020" HPOS="500"/>
							<String ID="string_124" HPOS="515" VPOS="1032" WIDTH="45" HEIGHT="21" WC="0.96" CONTENT="av"/><SP WIDTH="15" VPOS="1032" HPOS="560"/>
							<String ID="string_125" HPOS="575" VPOS="1023" WIDTH="20" HEIGHT="30" WC="0.96" CONTENT="3"/><SP WIDTH="14" VPOS="1023" HPOS="595"/>
							<String ID="string_126" HPOS="609" VPOS="1023" WIDTH="65" HEIGHT="30" WC="0.96" CONTENT="300"/><SP WIDTH="13" VPOS="1023" HPOS="674"/>
							<String ID="string_127" HPOS="687" VPOS="1023" WIDTH="65" HEIGHT="30" WC="0.96" CONTENT="000"/><SP WIDTH="15" VPOS="1023" HPOS="752"/>
							<String ID="string_128" HPOS="767" VPOS="1019" WIDTH="138" HEIGHT="34" WC="0.96" CONTENT="kronor."/>
						</TextLine>
					</TextBlock>
				</ComposedBlock>
				<ComposedBlock ID="cblock_4" HPOS="292" VPOS="1098" WIDTH="1492" HEIGHT="205">
					<TextBlock ID="block_5" HPOS="292" VPOS="1098" WIDTH="1492" HEIGHT="205">
						<TextLine ID="line_15" HPOS="339" VPOS="1098" WIDTH="1445" HEIGHT="45">
							<String ID="string_129" HPOS="339" VPOS="1100" WIDTH="239" HEIGHT="35" WC="0.91" CONTENT="Förevarande"/><SP WIDTH="14" VPOS="1100" HPOS="578"/>
							<String ID="string_130" HPOS="592" VPOS="1101" WIDTH="128" HEIGHT="42" WC="0.95" CONTENT="anslag,"/><SP WIDTH="14" VPOS="1101" HPOS="720"/>
							<String ID="string_131" HPOS="734" VPOS="1112" WIDTH="73" HEIGHT="22" WC="0.96" CONTENT="som"/><SP WIDTH="13" VPOS="1112" HPOS="807"/>
							<String ID="string_132" HPOS="820" VPOS="1099" WIDTH="55" HEIGHT="35" WC="0.96" CONTENT="för"/><SP WIDTH="12" VPOS="1099" HPOS="875"/>
							<String ID="string_133" HPOS="887" VPOS="1099" WIDTH="206" HEIGHT="43" WC="0.93" CONTENT="budgetåret"/><SP WIDTH="15" VPOS="1099" HPOS="1093"/>
							<String ID="string_134" HPOS="1108" VPOS="1099" WIDTH="154" HEIGHT="43" WC="0.91" CONTENT="1942/43"/><SP WIDTH="15" VPOS="1099" HPOS="1262"/>
							<String ID="string_135" HPOS="1277" VPOS="1111" WIDTH="64" HEIGHT="22" WC="0.97" CONTENT="var"/><SP WIDTH="13" VPOS="1111" HPOS="1341"/>
							<String ID="string_136" HPOS="1354" VPOS="1098" WIDTH="143" HEIGHT="43" WC="0.96" CONTENT="uppfört"/><SP WIDTH="12" VPOS="1098" HPOS="1497"/>
							<String ID="string_137" HPOS="1509" VPOS="1098" WIDTH="81" HEIGHT="34" WC="0.96" CONTENT="med"/><SP WIDTH="13" VPOS="1098" HPOS="1590"/>
							<String ID="string_138" HPOS="1603" VPOS="1102" WIDTH="20" HEIGHT="30" WC="0.96" CONTENT="2"/><SP WIDTH="14" VPOS="1102" HPOS="1623"/>
							<String ID="string_139" HPOS="1637" VPOS="1102" WIDTH="65" HEIGHT="30" WC="0.96" CONTENT="500"/><SP WIDTH="15" VPOS="1102" HPOS="1702"/>
							<String ID="string_140" HPOS="1717" VPOS="1102" WIDTH="67" HEIGHT="30" WC="0.96" CONTENT="000"/>
						</TextLine>
						<TextLine ID="line_16" HPOS="292" VPOS="1150" WIDTH="1491" HEIGHT="46">
							<String ID="string_141" HPOS="292" VPOS="1154" WIDTH="138" HEIGHT="41" WC="0.96" CONTENT="kronor,"/><SP WIDTH="18" VPOS="1154" HPOS="430"/>
							<String ID="string_142" HPOS="448" VPOS="1157" WIDTH="38" HEIGHT="31" WC="0.96" CONTENT="är"/><SP WIDTH="17" VPOS="1157" HPOS="486"/>
							<String ID="string_143" HPOS="503" VPOS="1153" WIDTH="53" HEIGHT="34" WC="0.96" CONTENT="för"/><SP WIDTH="18" VPOS="1153" HPOS="556"/>
							<String ID="string_144" HPOS="574" VPOS="1153" WIDTH="214" HEIGHT="35" WC="0.96" CONTENT="närvarande"/><SP WIDTH="19" VPOS="1153" HPOS="788"/>
							<String ID="string_145" HPOS="807" VPOS="1152" WIDTH="142" HEIGHT="44" WC="0.96" CONTENT="uppfört"/><SP WIDTH="19" VPOS="1152" HPOS="949"/>
							<String ID="string_146" HPOS="968" VPOS="1152" WIDTH="80" HEIGHT="34" WC="0.96" CONTENT="med"/><SP WIDTH="20" VPOS="1152" HPOS="1048"/>
							<String ID="string_147" HPOS="1068" VPOS="1156" WIDTH="20" HEIGHT="30" WC="0.95" CONTENT="2"/><SP WIDTH="14" VPOS="1156" HPOS="1088"/>
							<String ID="string_148" HPOS="1102" VPOS="1156" WIDTH="65" HEIGHT="30" WC="0.95" CONTENT="600"/><SP WIDTH="15" VPOS="1156" HPOS="1167"/>
							<String ID="string_149" HPOS="1182" VPOS="1156" WIDTH="65" HEIGHT="30" WC="0.96" CONTENT="000"/><SP WIDTH="19" VPOS="1156" HPOS="1247"/>
							<String ID="string_150" HPOS="1266" VPOS="1152" WIDTH="137" HEIGHT="34" WC="0.96" CONTENT="kronor."/><SP WIDTH="19" VPOS="1152" HPOS="1403"/>
							<String ID="string_151" HPOS="1422" VPOS="1151" WIDTH="130" HEIGHT="43" WC="0.96" CONTENT="Kungl."/><SP WIDTH="20" VPOS="1151" HPOS="1552"/>
							<String ID="string_152" HPOS="1572" VPOS="1150" WIDTH="125" HEIGHT="43" WC="0.93" CONTENT="Maj:ts"/><SP WIDTH="19" VPOS="1150" HPOS="1697"/>
							<String ID="string_153" HPOS="1716" VPOS="1150" WIDTH="67" HEIGHT="35" WC="0.92" CONTENT="för-"/>
						</TextLine>
						<TextLine ID="line_17" HPOS="292" VPOS="1203" WIDTH="1491" HEIGHT="47">
							<String ID="string_154" HPOS="292" VPOS="1208" WIDTH="75" HEIGHT="42" WC="0.96" CONTENT="slag"/><SP WIDTH="12" VPOS="1208" HPOS="367"/>
							<String ID="string_155" HPOS="379" VPOS="1207" WIDTH="141" HEIGHT="34" WC="0.96" CONTENT="innebär"/><SP WIDTH="13" VPOS="1207" HPOS="520"/>
							<String ID="string_156" HPOS="533" VPOS="1207" WIDTH="102" HEIGHT="34" WC="0.96" CONTENT="alltså"/><SP WIDTH="14" VPOS="1207" HPOS="635"/>
							<String ID="string_157" HPOS="649" VPOS="1218" WIDTH="42" HEIGHT="22" WC="0.92" CONTENT="en"/><SP WIDTH="13" VPOS="1218" HPOS="691"/>
							<String ID="string_158" HPOS="704" VPOS="1205" WIDTH="275" HEIGHT="44" WC="0.91" CONTENT="anslagshöjning"/><SP WIDTH="12" VPOS="1205" HPOS="979"/>
							<String ID="string_159" HPOS="991" VPOS="1205" WIDTH="80" HEIGHT="34" WC="0.96" CONTENT="med"/><SP WIDTH="14" VPOS="1205" HPOS="1071"/>
							<String ID="string_160" HPOS="1085" VPOS="1209" WIDTH="66" HEIGHT="30" WC="0.96" CONTENT="700"/><SP WIDTH="14" VPOS="1209" HPOS="1151"/>
							<String ID="string_161" HPOS="1165" VPOS="1208" WIDTH="65" HEIGHT="31" WC="0.96" CONTENT="000"/><SP WIDTH="13" VPOS="1208" HPOS="1230"/>
							<String ID="string_162" HPOS="1243" VPOS="1205" WIDTH="139" HEIGHT="33" WC="0.96" CONTENT="kronor."/><SP WIDTH="13" VPOS="1205" HPOS="1382"/>
							<String ID="string_163" HPOS="1395" VPOS="1203" WIDTH="225" HEIGHT="35" WC="0.93" CONTENT="Beträffande"/><SP WIDTH="15" VPOS="1203" HPOS="1620"/>
							<String ID="string_164" HPOS="1635" VPOS="1204" WIDTH="148" HEIGHT="42" WC="0.90" CONTENT="anslags-"/>
						</TextLine>
						<TextLine ID="line_18" HPOS="293" VPOS="1257" WIDTH="972" HEIGHT="46">
							<String ID="string_165" HPOS="293" VPOS="1260" WIDTH="231" HEIGHT="43" WC="0.96" CONTENT="beräkningen"/><SP WIDTH="19" VPOS="1260" HPOS="524"/>
							<String ID="string_166" HPOS="543" VPOS="1260" WIDTH="62" HEIGHT="34" WC="0.93" CONTENT="har"/><SP WIDTH="19" VPOS="1260" HPOS="605"/>
							<String ID="string_167" HPOS="624" VPOS="1259" WIDTH="325" HEIGHT="42" WC="0.91" CONTENT="skolöverstyrelsen"/><SP WIDTH="17" VPOS="1259" HPOS="949"/>
							<String ID="string_168" HPOS="966" VPOS="1263" WIDTH="116" HEIGHT="38" WC="0.96" CONTENT="yttrat"/><SP WIDTH="18" VPOS="1263" HPOS="1082"/>
							<String ID="string_169" HPOS="1100" VPOS="1257" WIDTH="165" HEIGHT="43" WC="0.96" CONTENT="följande."/>
						</TextLine>
					</TextBlock>
				</ComposedBlock>
				<ComposedBlock ID="cblock_5" HPOS="285" VPOS="1318" WIDTH="1498" HEIGHT="847">
					<TextBlock ID="block_6" HPOS="288" VPOS="1318" WIDTH="1495" HEIGHT="403">
						<TextLine ID="line_19" HPOS="338" VPOS="1318" WIDTH="1445" HEIGHT="47">
							<String ID="string_170" HPOS="338" VPOS="1321" WIDTH="455" HEIGHT="44" WC="0.90" CONTENT="Skolskjutsverksamheten"/><SP WIDTH="24" VPOS="1321" HPOS="793"/>
							<String ID="string_171" HPOS="817" VPOS="1320" WIDTH="146" HEIGHT="43" WC="0.96" CONTENT="fortgick"/><SP WIDTH="22" VPOS="1320" HPOS="963"/>
							<String ID="string_172" HPOS="985" VPOS="1320" WIDTH="110" HEIGHT="34" WC="0.97" CONTENT="under"/><SP WIDTH="22" VPOS="1320" HPOS="1095"/>
							<String ID="string_173" HPOS="1117" VPOS="1320" WIDTH="59" HEIGHT="34" WC="0.96" CONTENT="det"/><SP WIDTH="23" VPOS="1320" HPOS="1176"/>
							<String ID="string_174" HPOS="1199" VPOS="1325" WIDTH="117" HEIGHT="30" WC="0.96" CONTENT="senast"/><SP WIDTH="22" VPOS="1325" HPOS="1316"/>
							<String ID="string_175" HPOS="1338" VPOS="1319" WIDTH="165" HEIGHT="35" WC="0.96" CONTENT="förflutna"/><SP WIDTH="23" VPOS="1319" HPOS="1503"/>
							<String ID="string_176" HPOS="1526" VPOS="1319" WIDTH="125" HEIGHT="34" WC="0.96" CONTENT="läsåret"/><SP WIDTH="23" VPOS="1319" HPOS="1651"/>
							<String ID="string_177" HPOS="1674" VPOS="1318" WIDTH="109" HEIGHT="35" WC="0.96" CONTENT="under"/>
						</TextLine>
						<TextLine ID="line_20" HPOS="290" VPOS="1363" WIDTH="1492" HEIGHT="45">
							<String ID="string_178" HPOS="290" VPOS="1367" WIDTH="11" HEIGHT="34" WC="0.95" CONTENT="i"/><SP WIDTH="14" VPOS="1367" HPOS="301"/>
							<String ID="string_179" HPOS="315" VPOS="1367" WIDTH="182" HEIGHT="34" WC="0.96" CONTENT="huvudsak"/><SP WIDTH="14" VPOS="1367" HPOS="497"/>
							<String ID="string_180" HPOS="511" VPOS="1378" WIDTH="132" HEIGHT="23" WC="0.96" CONTENT="samma"/><SP WIDTH="15" VPOS="1378" HPOS="643"/>
							<String ID="string_181" HPOS="658" VPOS="1365" WIDTH="202" HEIGHT="43" WC="0.96" CONTENT="betingelser"/><SP WIDTH="13" VPOS="1365" HPOS="860"/>
							<String ID="string_182" HPOS="873" VPOS="1377" WIDTH="73" HEIGHT="22" WC="0.96" CONTENT="som"/><SP WIDTH="13" VPOS="1377" HPOS="946"/>
							<String ID="string_183" HPOS="959" VPOS="1364" WIDTH="108" HEIGHT="35" WC="0.96" CONTENT="under"/><SP WIDTH="14" VPOS="1364" HPOS="1067"/>
							<String ID="string_184" HPOS="1081" VPOS="1364" WIDTH="58" HEIGHT="34" WC="0.96" CONTENT="det"/><SP WIDTH="15" VPOS="1364" HPOS="1139"/>
							<String ID="string_185" HPOS="1154" VPOS="1367" WIDTH="152" HEIGHT="31" WC="0.96" CONTENT="närmast"/><SP WIDTH="14" VPOS="1367" HPOS="1306"/>
							<String ID="string_186" HPOS="1320" VPOS="1363" WIDTH="214" HEIGHT="43" WC="0.96" CONTENT="föregående."/><SP WIDTH="14" VPOS="1363" HPOS="1534"/>
							<String ID="string_187" HPOS="1548" VPOS="1363" WIDTH="50" HEIGHT="34" WC="0.96" CONTENT="På"/><SP WIDTH="14" VPOS="1363" HPOS="1598"/>
							<String ID="string_188" HPOS="1612" VPOS="1364" WIDTH="110" HEIGHT="42" WC="0.96" CONTENT="grund"/><SP WIDTH="15" VPOS="1364" HPOS="1722"/>
							<String ID="string_189" HPOS="1737" VPOS="1375" WIDTH="45" HEIGHT="21" WC="0.96" CONTENT="av"/>
						</TextLine>
						<TextLine ID="line_21" HPOS="291" VPOS="1407" WIDTH="1492" HEIGHT="48">
							<String ID="string_190" HPOS="291" VPOS="1411" WIDTH="260" HEIGHT="44" WC="0.92" CONTENT="gummibristen"/><SP WIDTH="27" VPOS="1411" HPOS="551"/>
							<String ID="string_191" HPOS="578" VPOS="1410" WIDTH="157" HEIGHT="43" WC="0.92" CONTENT="vidtogos"/><SP WIDTH="27" VPOS="1410" HPOS="735"/>
							<String ID="string_192" HPOS="762" VPOS="1409" WIDTH="89" HEIGHT="35" WC="0.96" CONTENT="dock"/><SP WIDTH="26" VPOS="1409" HPOS="851"/>
							<String ID="string_193" HPOS="877" VPOS="1409" WIDTH="89" HEIGHT="34" WC="0.96" CONTENT="vissa"/><SP WIDTH="26" VPOS="1409" HPOS="966"/>
							<String ID="string_194" HPOS="992" VPOS="1408" WIDTH="285" HEIGHT="43" WC="0.96" CONTENT="inskränkningar"/><SP WIDTH="25" VPOS="1408" HPOS="1277"/>
							<String ID="string_195" HPOS="1302" VPOS="1408" WIDTH="218" HEIGHT="34" WC="0.96" CONTENT="beträffande"/><SP WIDTH="27" VPOS="1408" HPOS="1520"/>
							<String ID="string_196" HPOS="1547" VPOS="1407" WIDTH="236" HEIGHT="42" WC="0.96" CONTENT="skolskjutsar,"/>
						</TextLine>
						<TextLine ID="line_22" HPOS="293" VPOS="1451" WIDTH="1487" HEIGHT="43">
							<String ID="string_197" HPOS="293" VPOS="1469" WIDTH="76" HEIGHT="21" WC="0.96" CONTENT="som"/><SP WIDTH="17" VPOS="1469" HPOS="369"/>
							<String ID="string_198" HPOS="386" VPOS="1455" WIDTH="128" HEIGHT="35" WC="0.96" CONTENT="utförts"/><SP WIDTH="17" VPOS="1455" HPOS="514"/>
							<String ID="string_199" HPOS="531" VPOS="1455" WIDTH="146" HEIGHT="34" WC="0.96" CONTENT="medelst"/><SP WIDTH="17" VPOS="1455" HPOS="677"/>
							<String ID="string_200" HPOS="694" VPOS="1454" WIDTH="52" HEIGHT="34" WC="0.96" CONTENT="för"/><SP WIDTH="18" VPOS="1454" HPOS="746"/>
							<String ID="string_201" HPOS="764" VPOS="1453" WIDTH="198" HEIGHT="35" WC="0.96" CONTENT="ändamålet"/><SP WIDTH="16" VPOS="1453" HPOS="962"/>
							<String ID="string_202" HPOS="978" VPOS="1453" WIDTH="141" HEIGHT="34" WC="0.96" CONTENT="särskilt"/><SP WIDTH="15" VPOS="1453" HPOS="1119"/>
							<String ID="string_203" HPOS="1134" VPOS="1453" WIDTH="129" HEIGHT="34" WC="0.93" CONTENT="insatta"/><SP WIDTH="15" VPOS="1453" HPOS="1263"/>
							<String ID="string_204" HPOS="1278" VPOS="1452" WIDTH="213" HEIGHT="34" WC="0.91" CONTENT="omnibusar."/><SP WIDTH="17" VPOS="1452" HPOS="1491"/>
							<String ID="string_205" HPOS="1508" VPOS="1452" WIDTH="19" HEIGHT="33" WC="0.96" CONTENT="I"/><SP WIDTH="16" VPOS="1452" HPOS="1527"/>
							<String ID="string_206" HPOS="1543" VPOS="1451" WIDTH="98" HEIGHT="43" WC="0.96" CONTENT="fråga"/><SP WIDTH="16" VPOS="1451" HPOS="1641"/>
							<String ID="string_207" HPOS="1657" VPOS="1463" WIDTH="58" HEIGHT="22" WC="0.91" CONTENT="om"/><SP WIDTH="16" VPOS="1463" HPOS="1715"/>
							<String ID="string_208" HPOS="1731" VPOS="1451" WIDTH="49" HEIGHT="33" WC="0.91" CONTENT="in-"/>
						</TextLine>
						<TextLine ID="line_23" HPOS="289" VPOS="1496" WIDTH="1491" HEIGHT="47">
							<String ID="string_209" HPOS="289" VPOS="1501" WIDTH="178" HEIGHT="34" WC="0.92" CONTENT="rättandet"/><SP WIDTH="22" VPOS="1501" HPOS="467"/>
							<String ID="string_210" HPOS="489" VPOS="1512" WIDTH="45" HEIGHT="22" WC="0.96" CONTENT="av"/><SP WIDTH="22" VPOS="1512" HPOS="534"/>
							<String ID="string_211" HPOS="556" VPOS="1512" WIDTH="70" HEIGHT="31" WC="0.96" CONTENT="nya"/><SP WIDTH="23" VPOS="1512" HPOS="626"/>
							<String ID="string_212" HPOS="649" VPOS="1498" WIDTH="225" HEIGHT="43" WC="0.93" CONTENT="skolskjutsar"/><SP WIDTH="22" VPOS="1498" HPOS="874"/>
							<String ID="string_213" HPOS="896" VPOS="1498" WIDTH="169" HEIGHT="42" WC="0.91" CONTENT="iakttages"/><SP WIDTH="22" VPOS="1498" HPOS="1065"/>
							<String ID="string_214" HPOS="1087" VPOS="1497" WIDTH="78" HEIGHT="34" WC="0.96" CONTENT="med"/><SP WIDTH="22" VPOS="1497" HPOS="1165"/>
							<String ID="string_215" HPOS="1187" VPOS="1497" WIDTH="135" HEIGHT="43" WC="0.96" CONTENT="hänsyn"/><SP WIDTH="22" VPOS="1497" HPOS="1322"/>
							<String ID="string_216" HPOS="1344" VPOS="1497" WIDTH="52" HEIGHT="34" WC="0.96" CONTENT="till"/><SP WIDTH="23" VPOS="1497" HPOS="1396"/>
							<String ID="string_217" HPOS="1419" VPOS="1496" WIDTH="192" HEIGHT="34" WC="0.96" CONTENT="ovissheten"/><SP WIDTH="23" VPOS="1496" HPOS="1611"/>
							<String ID="string_218" HPOS="1634" VPOS="1508" WIDTH="56" HEIGHT="22" WC="0.96" CONTENT="om"/><SP WIDTH="24" VPOS="1508" HPOS="1690"/>
							<String ID="string_219" HPOS="1714" VPOS="1496" WIDTH="66" HEIGHT="33" WC="0.96" CONTENT="den"/>
						</TextLine>
						<TextLine ID="line_24" HPOS="288" VPOS="1540" WIDTH="1493" HEIGHT="46">
							<String ID="string_220" HPOS="288" VPOS="1544" WIDTH="209" HEIGHT="35" WC="0.96" CONTENT="kommande"/><SP WIDTH="19" VPOS="1544" HPOS="497"/>
							<String ID="string_221" HPOS="516" VPOS="1544" WIDTH="242" HEIGHT="42" WC="0.96" CONTENT="utvecklingen"/><SP WIDTH="21" VPOS="1544" HPOS="758"/>
							<String ID="string_222" HPOS="779" VPOS="1542" WIDTH="152" HEIGHT="42" WC="0.96" CONTENT="alltjämt"/><SP WIDTH="19" VPOS="1542" HPOS="931"/>
							<String ID="string_223" HPOS="950" VPOS="1554" WIDTH="43" HEIGHT="22" WC="0.96" CONTENT="en"/><SP WIDTH="21" VPOS="1554" HPOS="993"/>
							<String ID="string_224" HPOS="1014" VPOS="1541" WIDTH="69" HEIGHT="34" WC="0.96" CONTENT="viss"/><SP WIDTH="20" VPOS="1541" HPOS="1083"/>
							<String ID="string_225" HPOS="1103" VPOS="1541" WIDTH="288" HEIGHT="34" WC="0.95" CONTENT="återhållsamhet."/><SP WIDTH="21" VPOS="1541" HPOS="1391"/>
							<String ID="string_226" HPOS="1412" VPOS="1541" WIDTH="79" HEIGHT="34" WC="0.96" CONTENT="Den"/><SP WIDTH="22" VPOS="1541" HPOS="1491"/>
							<String ID="string_227" HPOS="1513" VPOS="1540" WIDTH="187" HEIGHT="34" WC="0.93" CONTENT="avsevärda"/><SP WIDTH="21" VPOS="1540" HPOS="1700"/>
							<String ID="string_228" HPOS="1721" VPOS="1540" WIDTH="60" HEIGHT="34" WC="0.91" CONTENT="ök-"/>
						</TextLine>
						<TextLine ID="line_25" HPOS="289" VPOS="1585" WIDTH="1492" HEIGHT="47">
							<String ID="string_229" HPOS="289" VPOS="1590" WIDTH="83" HEIGHT="42" WC="0.96" CONTENT="ning"/><SP WIDTH="18" VPOS="1590" HPOS="372"/>
							<String ID="string_230" HPOS="390" VPOS="1601" WIDTH="44" HEIGHT="22" WC="0.93" CONTENT="av"/><SP WIDTH="17" VPOS="1601" HPOS="434"/>
							<String ID="string_231" HPOS="451" VPOS="1588" WIDTH="252" HEIGHT="42" WC="0.92" CONTENT="statsbidragen"/><SP WIDTH="16" VPOS="1588" HPOS="703"/>
							<String ID="string_232" HPOS="719" VPOS="1587" WIDTH="52" HEIGHT="34" WC="0.96" CONTENT="till"/><SP WIDTH="19" VPOS="1587" HPOS="771"/>
							<String ID="string_233" HPOS="790" VPOS="1586" WIDTH="234" HEIGHT="43" WC="0.96" CONTENT="skolskjutsar,"/><SP WIDTH="18" VPOS="1586" HPOS="1024"/>
							<String ID="string_234" HPOS="1042" VPOS="1598" WIDTH="74" HEIGHT="22" WC="0.96" CONTENT="som"/><SP WIDTH="18" VPOS="1598" HPOS="1116"/>
							<String ID="string_235" HPOS="1134" VPOS="1585" WIDTH="219" HEIGHT="35" WC="0.96" CONTENT="förekommit"/><SP WIDTH="17" VPOS="1585" HPOS="1353"/>
							<String ID="string_236" HPOS="1370" VPOS="1586" WIDTH="106" HEIGHT="33" WC="0.96" CONTENT="under"/><SP WIDTH="18" VPOS="1586" HPOS="1476"/>
							<String ID="string_237" HPOS="1494" VPOS="1585" WIDTH="42" HEIGHT="33" WC="0.96" CONTENT="de"/><SP WIDTH="19" VPOS="1585" HPOS="1536"/>
							<String ID="string_238" HPOS="1555" VPOS="1596" WIDTH="116" HEIGHT="22" WC="0.95" CONTENT="senare"/><SP WIDTH="18" VPOS="1596" HPOS="1671"/>
							<String ID="string_239" HPOS="1689" VPOS="1585" WIDTH="92" HEIGHT="38" WC="0.96" CONTENT="åren,"/>
						</TextLine>
						<TextLine ID="line_26" HPOS="289" VPOS="1628" WIDTH="1491" HEIGHT="48">
							<String ID="string_240" HPOS="289" VPOS="1634" WIDTH="100" HEIGHT="34" WC="0.96" CONTENT="beror"/><SP WIDTH="21" VPOS="1634" HPOS="389"/>
							<String ID="string_241" HPOS="410" VPOS="1634" WIDTH="11" HEIGHT="34" WC="0.96" CONTENT="i"/><SP WIDTH="21" VPOS="1634" HPOS="421"/>
							<String ID="string_242" HPOS="442" VPOS="1633" WIDTH="101" HEIGHT="43" WC="0.96" CONTENT="högre"/><SP WIDTH="22" VPOS="1633" HPOS="543"/>
							<String ID="string_243" HPOS="565" VPOS="1633" WIDTH="84" HEIGHT="43" WC="0.96" CONTENT="grad"/><SP WIDTH="21" VPOS="1633" HPOS="649"/>
							<String ID="string_244" HPOS="670" VPOS="1633" WIDTH="46" HEIGHT="42" WC="0.93" CONTENT="på"/><SP WIDTH="21" VPOS="1633" HPOS="716"/>
							<String ID="string_245" HPOS="737" VPOS="1631" WIDTH="185" HEIGHT="44" WC="0.92" CONTENT="fördyrade"/><SP WIDTH="21" VPOS="1631" HPOS="922"/>
							<String ID="string_246" HPOS="943" VPOS="1630" WIDTH="295" HEIGHT="43" WC="0.92" CONTENT="skjutskostnader"/><SP WIDTH="21" VPOS="1630" HPOS="1238"/>
							<String ID="string_247" HPOS="1259" VPOS="1632" WIDTH="45" HEIGHT="31" WC="0.97" CONTENT="än"/><SP WIDTH="21" VPOS="1632" HPOS="1304"/>
							<String ID="string_248" HPOS="1325" VPOS="1629" WIDTH="45" HEIGHT="43" WC="0.96" CONTENT="på"/><SP WIDTH="23" VPOS="1629" HPOS="1370"/>
							<String ID="string_249" HPOS="1393" VPOS="1628" WIDTH="167" HEIGHT="43" WC="0.96" CONTENT="utökning"/><SP WIDTH="22" VPOS="1628" HPOS="1560"/>
							<String ID="string_250" HPOS="1582" VPOS="1641" WIDTH="44" HEIGHT="21" WC="0.96" CONTENT="av"/><SP WIDTH="23" VPOS="1641" HPOS="1626"/>
							<String ID="string_251" HPOS="1649" VPOS="1628" WIDTH="131" HEIGHT="34" WC="0.95" CONTENT="antalet"/>
						</TextLine>
						<TextLine ID="line_27" HPOS="288" VPOS="1677" WIDTH="353" HEIGHT="44">
							<String ID="string_252" HPOS="288" VPOS="1677" WIDTH="353" HEIGHT="44" WC="0.92" CONTENT="skjutsanordningar."/>
						</TextLine>
					</TextBlock>
					<TextBlock ID="block_7" HPOS="287" VPOS="1716" WIDTH="1493" HEIGHT="136">
						<TextLine ID="line_28" HPOS="334" VPOS="1716" WIDTH="1446" HEIGHT="48">
							<String ID="string_253" HPOS="334" VPOS="1723" WIDTH="139" HEIGHT="35" WC="0.95" CONTENT="Statens"/><SP WIDTH="17" VPOS="1723" HPOS="473"/>
							<String ID="string_254" HPOS="490" VPOS="1721" WIDTH="187" HEIGHT="35" WC="0.96" CONTENT="kostnader"/><SP WIDTH="15" VPOS="1721" HPOS="677"/>
							<String ID="string_255" HPOS="692" VPOS="1720" WIDTH="53" HEIGHT="35" WC="0.95" CONTENT="för"/><SP WIDTH="18" VPOS="1720" HPOS="745"/>
							<String ID="string_256" HPOS="763" VPOS="1720" WIDTH="42" HEIGHT="35" WC="0.96" CONTENT="de"/><SP WIDTH="17" VPOS="1720" HPOS="805"/>
							<String ID="string_257" HPOS="822" VPOS="1732" WIDTH="71" HEIGHT="32" WC="0.93" CONTENT="nya"/><SP WIDTH="17" VPOS="1732" HPOS="893"/>
							<String ID="string_258" HPOS="910" VPOS="1719" WIDTH="269" HEIGHT="42" WC="0.92" CONTENT="skolskjutsarna"/><SP WIDTH="17" VPOS="1719" HPOS="1179"/>
							<String ID="string_259" HPOS="1196" VPOS="1717" WIDTH="109" HEIGHT="35" WC="0.96" CONTENT="under"/><SP WIDTH="16" VPOS="1717" HPOS="1305"/>
							<String ID="string_260" HPOS="1321" VPOS="1717" WIDTH="202" HEIGHT="43" WC="0.93" CONTENT="budgetåret"/><SP WIDTH="20" VPOS="1717" HPOS="1523"/>
							<String ID="string_261" HPOS="1543" VPOS="1716" WIDTH="167" HEIGHT="44" WC="0.91" CONTENT="1942/43,"/><SP WIDTH="17" VPOS="1716" HPOS="1710"/>
							<String ID="string_262" HPOS="1727" VPOS="1716" WIDTH="53" HEIGHT="35" WC="0.97" CONTENT="för"/>
						</TextLine>
						<TextLine ID="line_29" HPOS="287" VPOS="1761" WIDTH="1491" HEIGHT="47">
							<String ID="string_263" HPOS="287" VPOS="1768" WIDTH="112" HEIGHT="34" WC="0.96" CONTENT="vilkas"/><SP WIDTH="22" VPOS="1768" HPOS="399"/>
							<String ID="string_264" HPOS="421" VPOS="1766" WIDTH="221" HEIGHT="35" WC="0.93" CONTENT="anordnande"/><SP WIDTH="21" VPOS="1766" HPOS="642"/>
							<String ID="string_265" HPOS="663" VPOS="1765" WIDTH="251" HEIGHT="43" WC="0.90" CONTENT="överstyrelsen"/><SP WIDTH="20" VPOS="1765" HPOS="914"/>
							<String ID="string_266" HPOS="934" VPOS="1763" WIDTH="166" HEIGHT="43" WC="0.96" CONTENT="medgivit"/><SP WIDTH="21" VPOS="1763" HPOS="1100"/>
							<String ID="string_267" HPOS="1121" VPOS="1762" WIDTH="219" HEIGHT="43" WC="0.96" CONTENT="statsbidrag,"/><SP WIDTH="21" VPOS="1762" HPOS="1340"/>
							<String ID="string_268" HPOS="1361" VPOS="1761" WIDTH="97" HEIGHT="35" WC="0.96" CONTENT="torde"/><SP WIDTH="20" VPOS="1761" HPOS="1458"/>
							<String ID="string_269" HPOS="1478" VPOS="1762" WIDTH="46" HEIGHT="43" WC="0.96" CONTENT="på"/><SP WIDTH="21" VPOS="1762" HPOS="1524"/>
							<String ID="string_270" HPOS="1545" VPOS="1761" WIDTH="167" HEIGHT="43" WC="0.96" CONTENT="grundval"/><SP WIDTH="23" VPOS="1761" HPOS="1712"/>
							<String ID="string_271" HPOS="1735" VPOS="1773" WIDTH="43" HEIGHT="22" WC="0.96" CONTENT="av"/>
						</TextLine>
						<TextLine ID="line_30" HPOS="287" VPOS="1806" WIDTH="1225" HEIGHT="46">
							<String ID="string_272" HPOS="287" VPOS="1811" WIDTH="255" HEIGHT="36" WC="0.96" CONTENT="vederbörande"/><SP WIDTH="20" VPOS="1811" HPOS="542"/>
							<String ID="string_273" HPOS="562" VPOS="1810" WIDTH="229" HEIGHT="42" WC="0.96" CONTENT="ansökningar"/><SP WIDTH="19" VPOS="1810" HPOS="791"/>
							<String ID="string_274" HPOS="810" VPOS="1809" WIDTH="119" HEIGHT="34" WC="0.96" CONTENT="kunna"/><SP WIDTH="19" VPOS="1809" HPOS="929"/>
							<String ID="string_275" HPOS="948" VPOS="1808" WIDTH="168" HEIGHT="34" WC="0.96" CONTENT="beräknas"/><SP WIDTH="21" VPOS="1808" HPOS="1116"/>
							<String ID="string_276" HPOS="1137" VPOS="1807" WIDTH="50" HEIGHT="34" WC="0.96" CONTENT="till"/><SP WIDTH="22" VPOS="1807" HPOS="1187"/>
							<String ID="string_277" HPOS="1209" VPOS="1810" WIDTH="65" HEIGHT="31" WC="0.96" CONTENT="276"/><SP WIDTH="16" VPOS="1810" HPOS="1274"/>
							<String ID="string_278" HPOS="1290" VPOS="1810" WIDTH="66" HEIGHT="31" WC="0.96" CONTENT="000"/><SP WIDTH="21" VPOS="1810" HPOS="1356"/>
							<String ID="string_279" HPOS="1377" VPOS="1806" WIDTH="135" HEIGHT="34" WC="0.96" CONTENT="kronor."/>
						</TextLine>
					</TextBlock>
					<TextBlock ID="block_8" HPOS="285" VPOS="1849" WIDTH="1492" HEIGHT="226">
						<TextLine ID="line_31" HPOS="332" VPOS="1849" WIDTH="1445" HEIGHT="50">
							<String ID="string_280" HPOS="332" VPOS="1857" WIDTH="70" HEIGHT="34" WC="0.96" CONTENT="För"/><SP WIDTH="19" VPOS="1857" HPOS="402"/>
							<String ID="string_281" HPOS="421" VPOS="1856" WIDTH="202" HEIGHT="43" WC="0.93" CONTENT="budgetåret"/><SP WIDTH="22" VPOS="1856" HPOS="623"/>
							<String ID="string_282" HPOS="645" VPOS="1854" WIDTH="155" HEIGHT="44" WC="0.92" CONTENT="1943/44"/><SP WIDTH="21" VPOS="1854" HPOS="800"/>
							<String ID="string_283" HPOS="821" VPOS="1853" WIDTH="63" HEIGHT="35" WC="0.92" CONTENT="har"/><SP WIDTH="20" VPOS="1853" HPOS="884"/>
							<String ID="string_284" HPOS="904" VPOS="1852" WIDTH="245" HEIGHT="43" WC="0.92" CONTENT="överstyrelsen"/><SP WIDTH="19" VPOS="1852" HPOS="1149"/>
							<String ID="string_285" HPOS="1168" VPOS="1851" WIDTH="122" HEIGHT="34" WC="0.96" CONTENT="hittills"/><SP WIDTH="24" VPOS="1851" HPOS="1290"/>
							<String ID="string_286" HPOS="1314" VPOS="1850" WIDTH="149" HEIGHT="44" WC="0.96" CONTENT="(augusti"/><SP WIDTH="23" VPOS="1850" HPOS="1463"/>
							<String ID="string_287" HPOS="1486" VPOS="1850" WIDTH="103" HEIGHT="43" WC="0.96" CONTENT="1943)"/><SP WIDTH="24" VPOS="1850" HPOS="1589"/>
							<String ID="string_288" HPOS="1613" VPOS="1849" WIDTH="164" HEIGHT="44" WC="0.96" CONTENT="medgivit"/>
						</TextLine>
						<TextLine ID="line_32" HPOS="285" VPOS="1894" WIDTH="1491" HEIGHT="50">
							<String ID="string_289" HPOS="285" VPOS="1901" WIDTH="208" HEIGHT="43" WC="0.96" CONTENT="statsbidrag"/><SP WIDTH="19" VPOS="1901" HPOS="493"/>
							<String ID="string_290" HPOS="512" VPOS="1900" WIDTH="54" HEIGHT="35" WC="0.96" CONTENT="till"/><SP WIDTH="21" VPOS="1900" HPOS="566"/>
							<String ID="string_291" HPOS="587" VPOS="1911" WIDTH="70" HEIGHT="31" WC="0.96" CONTENT="nya"/><SP WIDTH="21" VPOS="1911" HPOS="657"/>
							<String ID="string_292" HPOS="678" VPOS="1898" WIDTH="225" HEIGHT="42" WC="0.96" CONTENT="skolskjutsar"/><SP WIDTH="19" VPOS="1898" HPOS="903"/>
							<String ID="string_293" HPOS="922" VPOS="1897" WIDTH="52" HEIGHT="34" WC="0.95" CONTENT="till"/><SP WIDTH="21" VPOS="1897" HPOS="974"/>
							<String ID="string_294" HPOS="995" VPOS="1896" WIDTH="157" HEIGHT="42" WC="0.96" CONTENT="omkring"/><SP WIDTH="22" VPOS="1896" HPOS="1152"/>
							<String ID="string_295" HPOS="1174" VPOS="1898" WIDTH="63" HEIGHT="31" WC="0.96" CONTENT="104"/><SP WIDTH="15" VPOS="1898" HPOS="1237"/>
							<String ID="string_296" HPOS="1252" VPOS="1899" WIDTH="67" HEIGHT="30" WC="0.96" CONTENT="000"/><SP WIDTH="21" VPOS="1899" HPOS="1319"/>
							<String ID="string_297" HPOS="1340" VPOS="1895" WIDTH="135" HEIGHT="34" WC="0.93" CONTENT="kronor."/><SP WIDTH="32" VPOS="1895" HPOS="1475"/>
							<String ID="string_298" HPOS="1507" VPOS="1894" WIDTH="269" HEIGHT="34" WC="0.91" CONTENT="Kostnadssum-"/>
						</TextLine>
						<TextLine ID="line_33" HPOS="286" VPOS="1938" WIDTH="1490" HEIGHT="51">
							<String ID="string_299" HPOS="286" VPOS="1958" WIDTH="83" HEIGHT="22" WC="0.96" CONTENT="man"/><SP WIDTH="16" VPOS="1958" HPOS="369"/>
							<String ID="string_300" HPOS="385" VPOS="1945" WIDTH="53" HEIGHT="35" WC="0.96" CONTENT="för"/><SP WIDTH="14" VPOS="1945" HPOS="438"/>
							<String ID="string_301" HPOS="452" VPOS="1957" WIDTH="70" HEIGHT="32" WC="0.96" CONTENT="nya"/><SP WIDTH="17" VPOS="1957" HPOS="522"/>
							<String ID="string_302" HPOS="539" VPOS="1943" WIDTH="226" HEIGHT="43" WC="0.96" CONTENT="skolskjutsar"/><SP WIDTH="15" VPOS="1943" HPOS="765"/>
							<String ID="string_303" HPOS="780" VPOS="1942" WIDTH="110" HEIGHT="35" WC="0.96" CONTENT="under"/><SP WIDTH="15" VPOS="1942" HPOS="890"/>
							<String ID="string_304" HPOS="905" VPOS="1941" WIDTH="215" HEIGHT="35" WC="0.96" CONTENT="sistnämnda"/><SP WIDTH="16" VPOS="1941" HPOS="1120"/>
							<String ID="string_305" HPOS="1136" VPOS="1940" WIDTH="167" HEIGHT="43" WC="0.96" CONTENT="budgetår"/><SP WIDTH="15" VPOS="1940" HPOS="1303"/>
							<String ID="string_306" HPOS="1318" VPOS="1939" WIDTH="97" HEIGHT="34" WC="0.96" CONTENT="torde"/><SP WIDTH="16" VPOS="1939" HPOS="1415"/>
							<String ID="string_307" HPOS="1431" VPOS="1938" WIDTH="190" HEIGHT="35" WC="0.96" CONTENT="emellertid"/><SP WIDTH="15" VPOS="1938" HPOS="1621"/>
							<String ID="string_308" HPOS="1636" VPOS="1938" WIDTH="140" HEIGHT="34" WC="0.95" CONTENT="komma"/>
						</TextLine>
						<TextLine ID="line_34" HPOS="286" VPOS="1982" WIDTH="1491" HEIGHT="48">
							<String ID="string_309" HPOS="286" VPOS="1996" WIDTH="56" HEIGHT="30" WC="0.96" CONTENT="att"/><SP WIDTH="14" VPOS="1996" HPOS="342"/>
							<String ID="string_310" HPOS="356" VPOS="1990" WIDTH="94" HEIGHT="40" WC="0.96" CONTENT="ökas,"/><SP WIDTH="14" VPOS="1990" HPOS="450"/>
							<String ID="string_311" HPOS="464" VPOS="1992" WIDTH="81" HEIGHT="32" WC="0.96" CONTENT="enär"/><SP WIDTH="14" VPOS="1992" HPOS="545"/>
							<String ID="string_312" HPOS="559" VPOS="1988" WIDTH="109" HEIGHT="35" WC="0.96" CONTENT="under"/><SP WIDTH="14" VPOS="1988" HPOS="668"/>
							<String ID="string_313" HPOS="682" VPOS="1988" WIDTH="42" HEIGHT="34" WC="0.96" CONTENT="de"/><SP WIDTH="14" VPOS="1988" HPOS="724"/>
							<String ID="string_314" HPOS="738" VPOS="1990" WIDTH="174" HEIGHT="32" WC="0.96" CONTENT="närmaste"/><SP WIDTH="13" VPOS="1990" HPOS="912"/>
							<String ID="string_315" HPOS="925" VPOS="1985" WIDTH="209" HEIGHT="35" WC="0.96" CONTENT="månaderna"/><SP WIDTH="13" VPOS="1985" HPOS="1134"/>
							<String ID="string_316" HPOS="1147" VPOS="1984" WIDTH="70" HEIGHT="34" WC="0.93" CONTENT="kan"/><SP WIDTH="15" VPOS="1984" HPOS="1217"/>
							<String ID="string_317" HPOS="1232" VPOS="1988" WIDTH="144" HEIGHT="38" WC="0.92" CONTENT="antagas"/><SP WIDTH="15" VPOS="1988" HPOS="1376"/>
							<String ID="string_318" HPOS="1391" VPOS="1983" WIDTH="175" HEIGHT="34" WC="0.96" CONTENT="inkomma"/><SP WIDTH="14" VPOS="1983" HPOS="1566"/>
							<String ID="string_319" HPOS="1580" VPOS="1982" WIDTH="197" HEIGHT="44" WC="0.95" CONTENT="ytterligare"/>
						</TextLine>
						<TextLine ID="line_35" HPOS="286" VPOS="2030" WIDTH="758" HEIGHT="45">
							<String ID="string_320" HPOS="286" VPOS="2040" WIDTH="54" HEIGHT="29" WC="0.96" CONTENT="ett"/><SP WIDTH="17" VPOS="2040" HPOS="340"/>
							<String ID="string_321" HPOS="357" VPOS="2035" WIDTH="94" HEIGHT="33" WC="0.96" CONTENT="antal"/><SP WIDTH="18" VPOS="2035" HPOS="451"/>
							<String ID="string_322" HPOS="469" VPOS="2033" WIDTH="227" HEIGHT="42" WC="0.96" CONTENT="ansökningar"/><SP WIDTH="16" VPOS="2033" HPOS="696"/>
							<String ID="string_323" HPOS="712" VPOS="2044" WIDTH="57" HEIGHT="22" WC="0.95" CONTENT="om"/><SP WIDTH="17" VPOS="2044" HPOS="769"/>
							<String ID="string_324" HPOS="786" VPOS="2031" WIDTH="113" HEIGHT="43" WC="0.95" CONTENT="dylikt"/><SP WIDTH="16" VPOS="2031" HPOS="899"/>
							<String ID="string_325" HPOS="915" VPOS="2030" WIDTH="129" HEIGHT="43" WC="0.96" CONTENT="bidrag."/>
						</TextLine>
					</TextBlock>
					<TextBlock ID="block_9" HPOS="287" VPOS="2071" WIDTH="1487" HEIGHT="94">
						<TextLine ID="line_36" HPOS="332" VPOS="2071" WIDTH="1442" HEIGHT="50">
							<String ID="string_326" HPOS="332" VPOS="2079" WIDTH="89" HEIGHT="34" WC="0.96" CONTENT="Med"/><SP WIDTH="15" VPOS="2079" HPOS="421"/>
							<String ID="string_327" HPOS="436" VPOS="2078" WIDTH="136" HEIGHT="43" WC="0.96" CONTENT="ledning"/><SP WIDTH="17" VPOS="2078" HPOS="572"/>
							<String ID="string_328" HPOS="589" VPOS="2089" WIDTH="45" HEIGHT="22" WC="0.96" CONTENT="av"/><SP WIDTH="16" VPOS="2089" HPOS="634"/>
							<String ID="string_329" HPOS="650" VPOS="2077" WIDTH="42" HEIGHT="34" WC="0.96" CONTENT="de"/><SP WIDTH="15" VPOS="2077" HPOS="692"/>
							<String ID="string_330" HPOS="707" VPOS="2088" WIDTH="48" HEIGHT="23" WC="0.96" CONTENT="nu"/><SP WIDTH="14" VPOS="2088" HPOS="755"/>
							<String ID="string_331" HPOS="769" VPOS="2075" WIDTH="160" HEIGHT="35" WC="0.96" CONTENT="lämnade"/><SP WIDTH="15" VPOS="2075" HPOS="929"/>
							<String ID="string_332" HPOS="944" VPOS="2073" WIDTH="219" HEIGHT="44" WC="0.96" CONTENT="uppgifterna"/><SP WIDTH="16" VPOS="2073" HPOS="1163"/>
							<String ID="string_333" HPOS="1179" VPOS="2072" WIDTH="171" HEIGHT="35" WC="0.93" CONTENT="beräknar"/><SP WIDTH="15" VPOS="2072" HPOS="1350"/>
							<String ID="string_334" HPOS="1365" VPOS="2071" WIDTH="246" HEIGHT="44" WC="0.91" CONTENT="överstyrelsen"/><SP WIDTH="17" VPOS="2071" HPOS="1611"/>
							<String ID="string_335" HPOS="1628" VPOS="2071" WIDTH="146" HEIGHT="43" WC="0.91" CONTENT="anslags-"/>
						</TextLine>
						<TextLine ID="line_37" HPOS="287" VPOS="2118" WIDTH="1033" HEIGHT="47">
							<String ID="string_336" HPOS="287" VPOS="2124" WIDTH="150" HEIGHT="35" WC="0.96" CONTENT="behovet"/><SP WIDTH="14" VPOS="2124" HPOS="437"/>
							<String ID="string_337" HPOS="451" VPOS="2123" WIDTH="54" HEIGHT="34" WC="0.96" CONTENT="för"/><SP WIDTH="14" VPOS="2123" HPOS="505"/>
							<String ID="string_338" HPOS="519" VPOS="2122" WIDTH="207" HEIGHT="43" WC="0.93" CONTENT="budgetåret"/><SP WIDTH="18" VPOS="2122" HPOS="726"/>
							<String ID="string_339" HPOS="744" VPOS="2119" WIDTH="156" HEIGHT="44" WC="0.92" CONTENT="1944/45"/><SP WIDTH="18" VPOS="2119" HPOS="900"/>
							<String ID="string_340" HPOS="918" VPOS="2119" WIDTH="50" HEIGHT="35" WC="0.95" CONTENT="till"/><SP WIDTH="30" VPOS="2119" HPOS="968"/>
							<String ID="string_341" HPOS="998" VPOS="2123" WIDTH="7" HEIGHT="30" WC="0.96" CONTENT="3"/><SP WIDTH="15" VPOS="2123" HPOS="1005"/>
							<String ID="string_342" HPOS="1020" VPOS="2122" WIDTH="66" HEIGHT="30" WC="0.96" CONTENT="300"/><SP WIDTH="14" VPOS="2122" HPOS="1086"/>
							<String ID="string_343" HPOS="1100" VPOS="2122" WIDTH="66" HEIGHT="30" WC="0.96" CONTENT="000"/><SP WIDTH="15" VPOS="2122" HPOS="1166"/>
							<String ID="string_344" HPOS="1181" VPOS="2118" WIDTH="139" HEIGHT="33" WC="0.96" CONTENT="kronor."/>
						</TextLine>
					</TextBlock>
				</ComposedBlock>
				<ComposedBlock ID="cblock_6" HPOS="334" VPOS="2179" WIDTH="1033" HEIGHT="50">
					<TextBlock ID="block_10" HPOS="334" VPOS="2179" WIDTH="1033" HEIGHT="50">
						<TextLine ID="line_38" HPOS="334" VPOS="2179" WIDTH="1033" HEIGHT="50">
							<String ID="string_345" HPOS="334" VPOS="2184" WIDTH="390" HEIGHT="45" WC="0.92" CONTENT="Departementschefen"/><SP WIDTH="18" VPOS="2184" HPOS="724"/>
							<String ID="string_346" HPOS="742" VPOS="2183" WIDTH="63" HEIGHT="34" WC="0.96" CONTENT="har"/><SP WIDTH="18" VPOS="2183" HPOS="805"/>
							<String ID="string_347" HPOS="823" VPOS="2182" WIDTH="54" HEIGHT="35" WC="0.96" CONTENT="för"/><SP WIDTH="17" VPOS="2182" HPOS="877"/>
							<String ID="string_348" HPOS="894" VPOS="2193" WIDTH="83" HEIGHT="32" WC="0.96" CONTENT="egen"/><SP WIDTH="18" VPOS="2193" HPOS="977"/>
							<String ID="string_349" HPOS="995" VPOS="2181" WIDTH="54" HEIGHT="34" WC="0.96" CONTENT="del"/><SP WIDTH="20" VPOS="2181" HPOS="1049"/>
							<String ID="string_350" HPOS="1069" VPOS="2180" WIDTH="115" HEIGHT="35" WC="0.96" CONTENT="anfört"/><SP WIDTH="19" VPOS="2180" HPOS="1184"/>
							<String ID="string_351" HPOS="1203" VPOS="2179" WIDTH="164" HEIGHT="42" WC="0.95" CONTENT="följande."/>
						</TextLine>
					</TextBlock>
				</ComposedBlock>
				<ComposedBlock ID="cblock_7" HPOS="281" VPOS="2239" WIDTH="1495" HEIGHT="274">
					<TextBlock ID="block_11" HPOS="281" VPOS="2239" WIDTH="1495" HEIGHT="274">
						<TextLine ID="line_39" HPOS="330" VPOS="2239" WIDTH="1446" HEIGHT="52">
							<String ID="string_352" HPOS="330" VPOS="2246" WIDTH="380" HEIGHT="45" WC="0.91" CONTENT="Anslagsbelastningen"/><SP WIDTH="15" VPOS="2246" HPOS="710"/>
							<String ID="string_353" HPOS="725" VPOS="2245" WIDTH="110" HEIGHT="34" WC="0.95" CONTENT="under"/><SP WIDTH="15" VPOS="2245" HPOS="835"/>
							<String ID="string_354" HPOS="850" VPOS="2244" WIDTH="59" HEIGHT="35" WC="0.96" CONTENT="det"/><SP WIDTH="16" VPOS="2244" HPOS="909"/>
							<String ID="string_355" HPOS="925" VPOS="2247" WIDTH="113" HEIGHT="30" WC="0.93" CONTENT="senast"/><SP WIDTH="15" VPOS="2247" HPOS="1038"/>
							<String ID="string_356" HPOS="1053" VPOS="2242" WIDTH="279" HEIGHT="42" WC="0.91" CONTENT="tilländagångna"/><SP WIDTH="15" VPOS="2242" HPOS="1332"/>
							<String ID="string_357" HPOS="1347" VPOS="2240" WIDTH="204" HEIGHT="43" WC="0.96" CONTENT="budgetåret"/><SP WIDTH="16" VPOS="2240" HPOS="1551"/>
							<String ID="string_358" HPOS="1567" VPOS="2240" WIDTH="62" HEIGHT="34" WC="0.96" CONTENT="har"/><SP WIDTH="15" VPOS="2240" HPOS="1629"/>
							<String ID="string_359" HPOS="1644" VPOS="2239" WIDTH="132" HEIGHT="43" WC="0.96" CONTENT="utgjort"/>
						</TextLine>
						<TextLine ID="line_40" HPOS="285" VPOS="2284" WIDTH="1490" HEIGHT="46">
							<String ID="string_360" HPOS="285" VPOS="2294" WIDTH="95" HEIGHT="34" WC="0.95" CONTENT="cirka"/><SP WIDTH="18" VPOS="2294" HPOS="380"/>
							<String ID="string_361" HPOS="398" VPOS="2297" WIDTH="19" HEIGHT="30" WC="0.96" CONTENT="2"/><SP WIDTH="15" VPOS="2297" HPOS="417"/>
							<String ID="string_362" HPOS="432" VPOS="2296" WIDTH="64" HEIGHT="31" WC="0.96" CONTENT="918"/><SP WIDTH="14" VPOS="2296" HPOS="496"/>
							<String ID="string_363" HPOS="510" VPOS="2296" WIDTH="66" HEIGHT="30" WC="0.96" CONTENT="000"/><SP WIDTH="17" VPOS="2296" HPOS="576"/>
							<String ID="string_364" HPOS="593" VPOS="2292" WIDTH="137" HEIGHT="33" WC="0.96" CONTENT="kronor."/><SP WIDTH="18" VPOS="2292" HPOS="730"/>
							<String ID="string_365" HPOS="748" VPOS="2291" WIDTH="113" HEIGHT="33" WC="0.96" CONTENT="Detta"/><SP WIDTH="17" VPOS="2291" HPOS="861"/>
							<String ID="string_366" HPOS="878" VPOS="2288" WIDTH="123" HEIGHT="42" WC="0.96" CONTENT="belopp"/><SP WIDTH="18" VPOS="2288" HPOS="1001"/>
							<String ID="string_367" HPOS="1019" VPOS="2287" WIDTH="99" HEIGHT="34" WC="0.96" CONTENT="torde"/><SP WIDTH="18" VPOS="2287" HPOS="1118"/>
							<String ID="string_368" HPOS="1136" VPOS="2286" WIDTH="50" HEIGHT="35" WC="0.96" CONTENT="till"/><SP WIDTH="19" VPOS="2286" HPOS="1186"/>
							<String ID="string_369" HPOS="1205" VPOS="2289" WIDTH="110" HEIGHT="31" WC="0.95" CONTENT="större"/><SP WIDTH="18" VPOS="2289" HPOS="1315"/>
							<String ID="string_370" HPOS="1333" VPOS="2285" WIDTH="96" HEIGHT="34" WC="0.96" CONTENT="delen"/><SP WIDTH="18" VPOS="2285" HPOS="1429"/>
							<String ID="string_371" HPOS="1447" VPOS="2297" WIDTH="81" HEIGHT="22" WC="0.96" CONTENT="avse"/><SP WIDTH="18" VPOS="2297" HPOS="1528"/>
							<String ID="string_372" HPOS="1546" VPOS="2284" WIDTH="229" HEIGHT="42" WC="0.96" CONTENT="skolskjutsar"/>
						</TextLine>
						<TextLine ID="line_41" HPOS="283" VPOS="2328" WIDTH="1492" HEIGHT="51">
							<String ID="string_373" HPOS="283" VPOS="2338" WIDTH="111" HEIGHT="34" WC="0.96" CONTENT="under"/><SP WIDTH="18" VPOS="2338" HPOS="394"/>
							<String ID="string_374" HPOS="412" VPOS="2337" WIDTH="201" HEIGHT="42" WC="0.92" CONTENT="budgetåret"/><SP WIDTH="22" VPOS="2337" HPOS="613"/>
							<String ID="string_375" HPOS="635" VPOS="2333" WIDTH="167" HEIGHT="45" WC="0.91" CONTENT="1941/42."/><SP WIDTH="30" VPOS="2333" HPOS="802"/>
							<String ID="string_376" HPOS="832" VPOS="2334" WIDTH="80" HEIGHT="33" WC="0.96" CONTENT="Den"/><SP WIDTH="18" VPOS="2334" HPOS="912"/>
							<String ID="string_377" HPOS="930" VPOS="2331" WIDTH="149" HEIGHT="43" WC="0.96" CONTENT="kraftiga"/><SP WIDTH="19" VPOS="2331" HPOS="1079"/>
							<String ID="string_378" HPOS="1098" VPOS="2330" WIDTH="168" HEIGHT="43" WC="0.96" CONTENT="ökningen"/><SP WIDTH="21" VPOS="2330" HPOS="1266"/>
							<String ID="string_379" HPOS="1287" VPOS="2341" WIDTH="46" HEIGHT="22" WC="0.93" CONTENT="av"/><SP WIDTH="18" VPOS="2341" HPOS="1333"/>
							<String ID="string_380" HPOS="1351" VPOS="2329" WIDTH="297" HEIGHT="50" WC="0.91" CONTENT="medelsåtgången"/><SP WIDTH="19" VPOS="2329" HPOS="1648"/>
							<String ID="string_381" HPOS="1667" VPOS="2328" WIDTH="108" HEIGHT="34" WC="0.95" CONTENT="under"/>
						</TextLine>
						<TextLine ID="line_42" HPOS="284" VPOS="2372" WIDTH="1489" HEIGHT="51">
							<String ID="string_382" HPOS="284" VPOS="2383" WIDTH="44" HEIGHT="34" WC="0.96" CONTENT="de"/><SP WIDTH="18" VPOS="2383" HPOS="328"/>
							<String ID="string_383" HPOS="346" VPOS="2382" WIDTH="107" HEIGHT="34" WC="0.96" CONTENT="första"/><SP WIDTH="17" VPOS="2382" HPOS="453"/>
							<String ID="string_384" HPOS="470" VPOS="2381" WIDTH="174" HEIGHT="42" WC="0.96" CONTENT="krigsåren"/><SP WIDTH="18" VPOS="2381" HPOS="644"/>
							<String ID="string_385" HPOS="662" VPOS="2391" WIDTH="99" HEIGHT="31" WC="0.96" CONTENT="synes"/><SP WIDTH="17" VPOS="2391" HPOS="761"/>
							<String ID="string_386" HPOS="778" VPOS="2382" WIDTH="90" HEIGHT="30" WC="0.96" CONTENT="mest"/><SP WIDTH="18" VPOS="2382" HPOS="868"/>
							<String ID="string_387" HPOS="886" VPOS="2377" WIDTH="44" HEIGHT="34" WC="0.96" CONTENT="ha"/><SP WIDTH="18" VPOS="2377" HPOS="930"/>
							<String ID="string_388" HPOS="948" VPOS="2376" WIDTH="113" HEIGHT="35" WC="0.96" CONTENT="berott"/><SP WIDTH="18" VPOS="2376" HPOS="1061"/>
							<String ID="string_389" HPOS="1079" VPOS="2375" WIDTH="46" HEIGHT="43" WC="0.93" CONTENT="på"/><SP WIDTH="18" VPOS="2375" HPOS="1125"/>
							<String ID="string_390" HPOS="1143" VPOS="2373" WIDTH="267" HEIGHT="44" WC="0.92" CONTENT="prisstegringar."/><SP WIDTH="29" VPOS="2373" HPOS="1410"/>
							<String ID="string_391" HPOS="1439" VPOS="2373" WIDTH="68" HEIGHT="34" WC="0.96" CONTENT="Vid"/><SP WIDTH="18" VPOS="2373" HPOS="1507"/>
							<String ID="string_392" HPOS="1525" VPOS="2372" WIDTH="44" HEIGHT="35" WC="0.96" CONTENT="de"/><SP WIDTH="18" VPOS="2372" HPOS="1569"/>
							<String ID="string_393" HPOS="1587" VPOS="2384" WIDTH="47" HEIGHT="22" WC="0.93" CONTENT="nu"/><SP WIDTH="18" VPOS="2384" HPOS="1634"/>
							<String ID="string_394" HPOS="1652" VPOS="2372" WIDTH="121" HEIGHT="42" WC="0.92" CONTENT="ifråga-"/>
						</TextLine>
						<TextLine ID="line_43" HPOS="283" VPOS="2417" WIDTH="1492" HEIGHT="51">
							<String ID="string_395" HPOS="283" VPOS="2427" WIDTH="154" HEIGHT="34" WC="0.92" CONTENT="varande"/><SP WIDTH="20" VPOS="2427" HPOS="437"/>
							<String ID="string_396" HPOS="457" VPOS="2423" WIDTH="405" HEIGHT="45" WC="0.91" CONTENT="anslagsberäkningarna"/><SP WIDTH="21" VPOS="2423" HPOS="862"/>
							<String ID="string_397" HPOS="883" VPOS="2421" WIDTH="95" HEIGHT="36" WC="0.96" CONTENT="torde"/><SP WIDTH="20" VPOS="2421" HPOS="978"/>
							<String ID="string_398" HPOS="998" VPOS="2432" WIDTH="83" HEIGHT="22" WC="0.96" CONTENT="man"/><SP WIDTH="21" VPOS="2432" HPOS="1081"/>
							<String ID="string_399" HPOS="1102" VPOS="2419" WIDTH="74" HEIGHT="34" WC="0.96" CONTENT="icke"/><SP WIDTH="23" VPOS="2419" HPOS="1176"/>
							<String ID="string_400" HPOS="1199" VPOS="2419" WIDTH="81" HEIGHT="34" WC="0.96" CONTENT="böra"/><SP WIDTH="22" VPOS="2419" HPOS="1280"/>
							<String ID="string_401" HPOS="1302" VPOS="2418" WIDTH="108" HEIGHT="34" WC="0.96" CONTENT="räkna"/><SP WIDTH="19" VPOS="2418" HPOS="1410"/>
							<String ID="string_402" HPOS="1429" VPOS="2417" WIDTH="79" HEIGHT="50" WC="0.95" CONTENT="med"/><SP WIDTH="21" VPOS="2417" HPOS="1508"/>
							<String ID="string_403" HPOS="1529" VPOS="2420" WIDTH="107" HEIGHT="32" WC="0.95" CONTENT="större"/><SP WIDTH="21" VPOS="2420" HPOS="1636"/>
							<String ID="string_404" HPOS="1657" VPOS="2417" WIDTH="118" HEIGHT="43" WC="0.96" CONTENT="dylika"/>
						</TextLine>
						<TextLine ID="line_44" HPOS="281" VPOS="2460" WIDTH="1492" HEIGHT="53">
							<String ID="string_405" HPOS="281" VPOS="2470" WIDTH="344" HEIGHT="43" WC="0.92" CONTENT="kostnadsökningar."/><SP WIDTH="31" VPOS="2470" HPOS="625"/>
							<String ID="string_406" HPOS="656" VPOS="2468" WIDTH="58" HEIGHT="35" WC="0.96" CONTENT="Då"/><SP WIDTH="19" VPOS="2468" HPOS="714"/>
							<String ID="string_407" HPOS="733" VPOS="2465" WIDTH="188" HEIGHT="36" WC="0.95" CONTENT="emellertid"/><SP WIDTH="20" VPOS="2465" HPOS="921"/>
							<String ID="string_408" HPOS="941" VPOS="2477" WIDTH="70" HEIGHT="31" WC="0.96" CONTENT="nya"/><SP WIDTH="21" VPOS="2477" HPOS="1011"/>
							<String ID="string_409" HPOS="1032" VPOS="2463" WIDTH="226" HEIGHT="43" WC="0.96" CONTENT="skolskjutsar"/><SP WIDTH="20" VPOS="2463" HPOS="1258"/>
							<String ID="string_410" HPOS="1278" VPOS="2461" WIDTH="211" HEIGHT="40" WC="0.96" CONTENT="tillkommit,"/><SP WIDTH="21" VPOS="2461" HPOS="1489"/>
							<String ID="string_411" HPOS="1510" VPOS="2473" WIDTH="100" HEIGHT="31" WC="0.93" CONTENT="synes"/><SP WIDTH="20" VPOS="2473" HPOS="1610"/>
							<String ID="string_412" HPOS="1630" VPOS="2460" WIDTH="143" HEIGHT="35" WC="0.91" CONTENT="medels-"/>
						</TextLine>
					</TextBlock>
				</ComposedBlock>
			</PrintSpace>
		</Page>
	</Layout>
</alto>
