1892 2800
550 166 290 36 Statsutskottets
853 165 182 36 utlåtande
1048 177 42 22 nr
1102 167 34 32 8.
1551 165 43 31 95

465 248 33 42 c)
513 248 50 35 till
577 245 338 44 Skolöverstyrelsen:
926 243 209 44 Avlöningar
1147 244 54 34 för
1212 243 204 44 budgetåret
1430 242 157 43 1944/45

421 301 120 35 anvisa
559 304 51 31 ett
627 298 258 44 förslagsanslag
904 310 44 22 av
967 301 65 31 755
1047 301 65 31 500
1131 297 137 34 kronor.

466 354 51 34 II.
542 357 53 31 att
611 353 214 34 motionerna
842 352 30 34 I:
886 355 43 31 87
948 351 64 34 och
1029 351 51 34 II:
1096 353 63 31 186
1178 350 76 35 icke
1271 350 58 34 må
1347 362 43 22 av
1408 348 181 43 riksdagen

421 407 145 35 bifallas.

146 520 114 42 125:0)
290 516 381 43 Skolöverstyrelsen:
696 514 285 36 Omkostnader.
1002 514 19 33 I
1043 512 150 44 enlighet
1213 512 81 34 med
1314 511 130 42 Kungl.
1467 509 126 43 Maj:ts

101 573 126 43 förslag
247 572 127 43 (punkt
392 575 78 38 125,
487 584 27 21 s.
532 570 209 42 307—312),
758 569 111 34 vilket
884 567 144 35 innebär
1044 579 43 22 en
1104 565 275 43 anslagshöjning
1394 564 80 34 med
1494 567 16 30 1
1527 566 65 31 600

102 627 136 40 kronor,
254 625 199 35 hemställer
468 624 185 39 utskottet,

470 683 53 30 att
545 677 180 42 riksdagen
746 676 59 34 må
827 675 51 35 till
901 672 338 44 Skolöverstyrelsen:
1264 671 254 35 Omkostnader
1541 670 51 34 för

421 731 207 42 budgetåret
661 728 156 44 1944/45
850 728 119 34 anvisa
1000 732 52 30 ett
1082 725 260 43 förslagsanslag
1372 737 45 21 av
1450 726 63 31 151
1529 726 66 31 600

424 784 135 35 kronor.

470 942 262 44 Allmänna
759 940 298 43 läroverken
1084 950 60 30 m.
1171 949 61 30 m.

151 1054 115 43 126:0)
294 1053 201 35 Allmänna
509 1052 237 35 läroverken:
762 1049 247 42 Avlöningar.
1023 1046 226 36 Beträffande
1262 1046 69 33 vad
1345 1044 130 43 Kungl.
1489 1042 110 43 Maj:t

109 1108 127 43 (punkt
259 1108 81 43 126)
362 1106 174 43 föreslagit
557 1104 179 43 riksdagen
756 1104 12 34 i
787 1103 96 43 fråga
904 1115 58 21 om
983 1101 118 43 anslag
1120 1100 51 35 till
1192 1098 225 35 förevarande
1438 1096 161 35 ändamål

109 1166 163 30 ävensom
285 1160 221 35 beträffande
517 1159 218 34 motionerna
746 1157 53 34 II:
812 1159 54 37 18,
880 1156 32 34 I:
924 1158 46 32 59
984 1155 65 34 och
1061 1154 52 34 II:
1125 1156 56 37 88,
1194 1153 53 34 II:
1259 1155 79 38 348,
1351 1152 32 33 I:
1395 1153 80 38 241,
1488 1150 53 34 II:
1554 1152 43 31 13

107 1220 92 30 samt
217 1214 33 35 I:
264 1216 66 32 193
351 1214 63 34 och
434 1213 53 34 II:
500 1215 67 32 183
587 1211 139 43 avgiver
745 1210 174 35 utskottet
939 1220 117 23 senare
1078 1207 107 35 under
1205 1206 180 42 riksdagen
1406 1202 194 40 utlåtande,

109 1269 107 34 vilket
237 1268 145 34 härmed

475 1320 162 34 anmäles.

158 1429 114 43 127:0)
301 1428 202 34 Allmänna
534 1425 236 34 läroverken:
804 1422 285 35 Omkostnader.
1130 1420 18 33 I
1179 1418 150 43 enlighet
1360 1417 78 34 med
1469 1415 133 42 Kungl.

110 1482 126 43 Maj:ts
255 1481 127 43 förslag
403 1480 129 44 (punkt
553 1482 75 37 127,
648 1491 26 21 s.
694 1481 67 31 313
780 1477 64 34 och
864 1477 95 42 314),
977 1475 109 34 vilket
1104 1473 141 34 innebär
1264 1484 43 22 en
1322 1465 281 52 anslagshöjning

111 1549 44 21 av
174 1535 212 35 automatisk
404 1539 105 29 natur
529 1533 78 33 med
628 1535 42 30 22
685 1535 66 30 500
771 1531 136 41 kronor,
926 1528 196 35 hemställer
1140 1526 187 39 utskottet,

477 1592 56 29 att
556 1585 177 43 riksdagen
756 1585 58 33 må
836 1584 52 33 till
909 1581 184 36 Allmänna
1115 1578 214 36 läroverken:
1353 1574 252 38 Omkostnader

431 1640 53 35 för
502 1640 209 42 budgetåret
731 1636 156 44 1944/45
908 1635 119 35 anvisa
1047 1639 51 29 ett
1115 1632 261 43 förslagsanslag
1395 1643 44 22 av
1460 1633 65 30 152
1539 1632 65 31 500

432 1695 137 33 kronor.

160 1803 113 43 128:0)
303 1801 200 34 Allmänna
528 1799 236 35 läroverken:
792 1796 196 42 Bokinköp
1015 1796 68 33 och
1107 1791 269 43 bokbindning.
1412 1791 19 33 I
1457 1789 149 43 enlighet

114 1857 78 34 med
215 1855 131 42 Kungl.
370 1854 126 42 Maj:ts
519 1852 125 42 förslag
670 1850 127 43 (punkt
822 1853 77 36 128,
922 1861 26 21 s.
973 1851 65 31 314
1063 1847 64 34 och
1151 1846 95 42 315),
1270 1845 107 33 vilket
1400 1843 141 34 innebär
1565 1853 41 22 en

115 1908 277 44 anslagshöjning
411 1907 80 34 med
513 1909 42 30 25
570 1909 64 30 000
655 1905 140 39 kronor,
814 1902 198 34 hemställer
1032 1900 185 41 utskottet,

481 1964 56 29 att
556 1958 179 42 riksdagen
754 1957 58 33 må
831 1956 53 33 till
902 1952 186 36 Allmänna
1107 1950 214 36 läroverken:
1340 1948 183 43 Bokinköp
1543 1946 65 34 och

436 2009 232 44 bokbindning
686 2010 55 34 för
758 2009 208 42 budgetåret
985 2005 155 43 1944/45
1159 2004 119 34 anvisa
1297 2008 52 29 ett
1366 2001 241 34 reservations-

437 2066 118 42 anslag
574 2077 43 21 av
636 2068 41 30 50
692 2067 66 30 000
776 2063 135 33 kronor.

164 2183 114 42 129:0)
307 2182 202 34 Allmänna
539 2178 236 36 läroverken:
808 2177 142 41 Bidrag
979 2175 58 35 till
1068 2174 90 43 ljus-
1188 2173 68 33 och
1285 2170 265 35 vedkassorna.
1590 2167 18 33 I

118 2236 149 42 enlighet
290 2234 78 35 med
391 2234 131 42 Kungl.
547 2232 124 42 Maj:ts
695 2230 126 42 förslag
848 2228 126 44 (punkt
999 2230 77 36 129,
1100 2239 26 21 s.
1151 2226 96 41 315),
1270 2224 109 33 vilket
1402 2221 144 35 innebär
1568 2232 41 21 en

119 2287 277 44 anslagshöjning
426 2298 45 22 av
502 2284 213 35 automatisk
744 2288 105 28 natur
878 2281 80 35 med
990 2283 64 30 110
1069 2282 66 31 000
1165 2278 137 40 kronor,
1331 2274 196 35 hemställer
1557 2277 53 29 ut-

120 2342 142 39 skottet,

485 2396 53 30 att
555 2390 177 42 riksdagen
749 2389 57 33 må
821 2387 53 34 till
889 2386 186 34 Allmänna
1091 2382 213 36 läroverken:
1319 2379 128 43 Bidrag
1465 2379 50 34 till
1531 2377 79 44 ljus-

439 2444 65 34 och
523 2442 231 35 vedkassorna
773 2441 53 34 för
844 2439 205 43 budgetåret
1070 2436 155 43 1944/45
1246 2434 118 34 anvisa
1384 2437 51 30 ett
1455 2432 156 41 förslags-

441 2497 118 43 anslag
576 2508 44 22 av
638 2499 65 30 680
718 2498 66 31 000
802 2494 135 33 kronor.
