1878 2802
76 1162 143 25 Utskottet.

272 152 62 30 130
709 151 296 35 Statsutskottets
1024 153 187 34 utlåtande
1230 166 42 21 nr
1290 156 33 31 8.

270 230 113 34 nande
403 242 46 22 av
469 230 337 43 bespisningslokaler
824 232 118 34 kunde
962 233 93 42 utgå,
1074 233 247 34 maximerades
1339 234 53 34 till
1413 234 204 43 exempelvis
1640 238 121 37 16,000

271 274 135 41 kronor,
426 276 241 33 motsvarande
687 281 52 29 ett
758 276 210 43 statsbidrag
987 278 44 41 på
1051 280 122 37 12,000
1194 278 134 40 kronor,
1349 290 100 31 synes
1469 279 185 34 emellertid
1674 283 88 30 även

271 318 10 34 i
311 318 59 34 fall
401 319 80 34 med
511 320 140 34 relativt
681 320 88 42 höga
799 320 364 44 byggnadskostnader
1194 322 338 43 bespisningslokaler
1560 323 119 35 kunna
1709 323 52 35 för

270 364 152 33 nämnda
441 363 147 34 kostnad
608 364 258 35 åstadkommas
886 365 54 34 för
959 378 71 30 upp
1049 366 52 33 till
1124 370 65 30 100
1210 366 95 41 barn,
1326 367 109 34 vilket
1454 367 69 34 kan
1542 380 97 22 anses
1659 368 103 34 täcka

271 407 209 35 åtminstone
499 408 58 35 det
575 413 91 29 mest
684 409 186 43 angelägna
889 410 147 34 behovet
1053 410 53 34 för
1123 410 132 34 mindre
1273 411 63 33 och
1355 411 203 34 medelstora
1576 412 123 34 skolor.

317 470 392 42 Departementschefen
724 471 61 34 har
800 471 54 34 för
872 484 84 30 egen
973 472 52 34 del
1042 472 117 34 anfört
1176 472 162 42 följande.

315 523 69 34 Vid
407 523 283 43 genomförandet
714 536 44 22 av
781 529 167 38 systemet
971 525 78 33 med
1072 525 209 43 statsbidrag
1304 526 51 34 till
1379 526 199 43 byggnader
1600 526 55 35 för
1675 527 86 34 folk-

272 567 258 35 skoleväsendet
553 567 211 42 förutsattes,
788 574 54 30 att
866 569 302 43 byggnadsbidrag
1192 570 29 42 ej
1248 570 105 34 skulle
1378 572 84 41 utgå
1485 570 52 34 för
1560 571 128 34 lokaler
1711 571 52 34 för

271 612 383 43 skolbarnsbespisning.
682 613 51 33 På
748 613 108 42 grund
873 613 107 34 härav
996 614 61 33 har
1072 614 131 42 Kungl.
1220 614 109 42 Maj:t
1345 615 122 35 endast
1483 615 145 42 beviljat
1642 616 120 42 bidrag

271 656 52 34 för
344 656 180 43 inredning
546 669 44 21 av
613 669 26 22 s.
662 657 35 34 k.
720 657 209 34 frukostrum
952 658 63 34 och
1038 661 86 30 även
1149 658 96 34 detta
1269 658 11 34 i
1302 658 191 43 begränsad
1515 660 246 42 utsträckning.

270 701 65 42 Jag
355 701 96 33 delar
471 701 188 34 emellertid
680 702 64 33 den
765 702 11 33 i
797 702 242 34 ovannämnda
1059 702 229 42 promemoria
1307 703 156 34 uttalade
1483 703 279 43 uppfattningen,

271 746 53 33 att
345 745 300 43 byggnadsbidrag
666 746 62 33 bör
748 746 117 33 kunna
888 746 143 42 beviljas
1052 750 87 30 även
1161 746 53 34 för
1234 747 127 34 lokaler
1382 747 54 34 för
1457 747 304 43 skolbarnsbespis-

271 789 81 43 ning
367 790 11 33 i
394 790 64 33 här
474 789 260 43 ifrågavarande
749 790 148 43 mening.
925 791 19 32 I
961 790 94 43 fråga
1071 803 58 21 om
1147 791 43 34 de
1207 791 178 43 principer,
1402 804 72 21 som
1490 792 82 33 böra
1589 792 173 42 tillämpas

271 834 217 34 beträffande
510 834 296 43 byggnadsbidrag
826 835 52 33 till
900 835 128 34 sådana
1049 835 139 40 lokaler,
1210 836 148 33 ansluter
1379 836 59 42 jag
1458 836 69 42 mig
1546 836 11 33 i
1578 836 183 34 huvudsak

270 878 51 34 till
340 879 71 34 vad
430 891 73 22 som
522 879 129 33 anförts
676 879 5 33 i
699 879 262 42 promemorian.
991 879 119 34 Såsom
1129 879 72 34 däri
1219 879 217 44 framhållits,
1454 880 96 33 torde
1568 880 193 43 byggnads-

271 923 119 42 bidrag
411 923 11 33 i
443 923 88 43 regel
551 923 74 34 icke
645 923 84 34 böra
748 923 168 34 beräknas
936 923 53 34 för
1007 924 103 42 högre
1129 924 149 34 kostnad
1298 928 43 30 än
1364 928 123 36 16,000
1507 924 135 34 kronor.
1675 925 87 33 Med

270 967 134 43 hänsyn
422 968 113 33 härtill
552 968 98 34 torde
669 968 66 33 den
752 968 191 42 utvidgade
961 968 369 42 bidragstilldelningen
1348 968 75 34 icke
1441 969 138 33 komma
1597 973 54 29 att
1668 969 92 34 med-

270 1011 73 34 föra
368 1012 115 42 någon
507 1024 94 21 mera
625 1012 199 43 betydande
849 1012 128 43 ökning
1001 1024 44 22 av
1069 1012 226 34 statsverkets
1319 1012 151 35 kostnad
1493 1012 52 34 för
1569 1013 191 43 byggnads-

270 1056 121 43 bidrag
412 1056 53 34 till
485 1056 375 43 folkskolebyggnader.

316 1163 124 34 Såsom
455 1176 43 21 av
512 1164 64 33 den
591 1163 160 34 lämnade
764 1163 235 42 redogörelsen
1014 1163 151 43 framgår
1179 1163 206 34 förutsattes
1402 1163 58 34 vid
1476 1163 284 43 genomförandet

271 1229 44 21 av
335 1221 169 38 systemet
523 1217 77 33 med
620 1216 210 43 statsbidrag
849 1217 53 34 till
920 1217 197 42 byggnader
1137 1217 55 34 för
1212 1217 346 40 folkskoleväsendet,
1578 1222 56 29 att
1653 1217 106 43 bygg-

272 1270 208 43 nadsbidrag
496 1270 29 42 ej
543 1270 109 34 skulle
668 1271 86 41 utgå
769 1270 54 34 för
839 1270 129 34 lokaler
983 1270 52 34 för
1052 1270 387 43 skolbarnsbespisning.
1455 1271 52 34 På
1524 1271 110 43 grund
1652 1271 109 34 härav

271 1323 61 34 har
352 1323 134 43 Kungl.
506 1323 108 42 Maj:t
635 1323 145 35 allenast
799 1323 146 42 beviljat
964 1323 120 43 bidrag
1103 1324 53 33 till
1178 1324 179 43 inredning
1378 1336 44 22 av
1442 1336 26 22 s.
1488 1324 35 34 k.
1544 1324 217 34 frukostrum

272 1376 63 34 och
357 1380 90 30 även
468 1376 96 34 detta
584 1377 11 33 i
618 1377 188 42 begränsad
829 1377 251 42 utsträckning.
1104 1377 187 34 Utskottet
1313 1377 154 34 biträder
1490 1378 270 42 departements-

271 1428 136 35 chefens
425 1429 127 43 förslag
568 1434 56 30 att
641 1430 302 43 byggnadsbidrag
961 1430 62 34 bör
1039 1430 119 34 kunna
1177 1430 141 42 beviljas
1337 1430 133 42 jämväl
1489 1430 53 35 för
1560 1430 129 35 lokaler
1707 1430 53 35 för

272 1482 385 43 skolbarnsbespisning,
678 1483 121 34 varvid
821 1482 188 35 emellertid
1027 1504 45 4 —
1091 1484 46 42 på
1160 1487 73 30 sätt
1255 1483 375 43 departementschefen
1653 1484 106 34 föror-

272 1536 61 34 dat
352 1556 48 4 —
420 1536 111 43 dylikt
550 1536 121 43 bidrag
690 1537 11 33 i
721 1537 88 42 regel
829 1537 77 34 icke
926 1537 99 34 torde
1044 1537 86 34 böra
1149 1537 169 34 beräknas
1340 1537 55 34 för
1415 1537 106 43 högre
1540 1537 152 35 kostnad
1716 1541 44 30 än

274 1592 39 30 16
327 1592 67 31 000
409 1589 136 34 kronor.

316 1642 190 34 Utskottet
520 1642 60 34 har
596 1642 75 35 icke
686 1642 117 34 funnit
817 1644 109 41 något
944 1648 55 29 att
1014 1643 109 34 erinra
1139 1648 75 29 mot
1230 1648 55 30 att
1301 1643 154 43 anslaget
1472 1644 51 34 till
1540 1644 221 34 anordnande

273 1707 43 21 av
335 1695 377 43 skolbarnsbespisning
730 1696 10 33 i
759 1696 151 43 enlighet
931 1696 77 34 med
1029 1697 132 42 Kungl.
1182 1696 126 43 Maj:ts
1329 1696 128 44 förslag
1478 1696 53 35 för
1551 1701 101 31 nästa
1672 1697 87 34 bud-

270 1749 98 42 getår
383 1748 163 43 uppföres
563 1750 78 33 med
658 1754 53 29 ett
728 1749 122 43 belopp
867 1762 47 21 av
932 1753 19 30 2
966 1753 64 30 250
1044 1753 65 30 000
1126 1750 138 34 kronor.

338 1799 227 45 Åberopande
585 1802 60 34 det
663 1802 146 35 anförda
825 1802 200 35 hemställer
1042 1803 188 40 utskottet,

634 1860 56 29 att
708 1856 181 42 riksdagen
908 1857 58 33 må
985 1856 50 34 till
1053 1856 205 34 Folkskolor
1276 1869 46 22 m.
1341 1869 61 22 m.:
1420 1857 128 43 Bidrag
1568 1857 51 34 till
1636 1858 122 33 anord-

587 1910 114 33 nande
727 1921 45 22 av
797 1909 376 43 skolbarnsbespisning
1200 1909 54 35 för
1279 1910 208 42 budgetåret
1517 1910 155 43 1944/45
1701 1923 57 22 an-

588 1962 74 33 visa
676 1967 54 29 ett
743 1962 345 43 reservationsanslag
1103 1975 44 21 av
1163 1966 21 30 2
1198 1966 65 31 250
1278 1967 64 30 000
1359 1963 137 34 kronor.

316 2066 114 43 169:0)
459 2067 220 35 Folkskolor
702 2078 47 24 m.
771 2079 62 23 m.:
858 2068 144 43 Bidrag
1024 2069 58 34 till
1103 2070 366 42 byggnadsarbeten.
1501 2069 129 43 Kungl.
1653 2070 110 42 Maj:t

272 2119 60 35 har
349 2120 131 42 (punkt
496 2124 74 36 177,
584 2133 27 22 s.
625 2124 68 30 444
708 2122 64 33 och
786 2123 81 41 445)
886 2122 176 43 föreslagit
1075 2123 183 42 riksdagen
1274 2128 55 30 att
1344 2124 53 34 till
1413 2123 226 35 förevarande
1654 2124 104 34 ända-

271 2173 68 34 mål
362 2173 55 34 för
441 2173 205 43 budgetåret
671 2175 151 36 1944/45
846 2175 121 34 anvisa
990 2181 52 29 ett
1065 2175 264 44 förslagsanslag
1351 2190 45 21 av
1422 2181 97 30 1500
1533 2181 65 30 000
1621 2177 138 40 kronor,

270 2226 108 34 vilket
394 2226 143 35 innebär
553 2240 40 21 en
610 2227 280 44 anslagshöjning
907 2229 77 34 med
1003 2232 64 31 300
1081 2233 67 30 000
1166 2230 137 41 kronor,
1321 2230 164 43 betingad
1503 2243 43 22 av
1563 2231 67 34 den
1648 2232 110 33 ökade

270 2280 311 43 medelsåtgången.

315 2360 18 32 I
347 2359 170 35 samband
529 2359 143 35 härmed
685 2361 63 34 har
760 2361 178 34 utskottet
953 2361 51 35 till
1018 2362 209 43 behandling
1240 2362 151 35 förehaft

316 2413 72 34 dels
406 2425 43 22 en
466 2413 91 34 inom
575 2414 108 48 andra
699 2414 202 35 kammaren
921 2428 44 21 av
983 2415 74 34 herr
1074 2416 31 34 I.
1122 2416 149 34 Jansson
1288 2417 11 34 i
1318 2417 105 34 Kalix
1441 2430 47 22 nm.
1505 2417 38 40 fl.
1562 2418 107 35 väckt
1687 2430 71 22 mo-

272 2465 71 34 tion
362 2466 65 42 (II:
445 2466 92 43 106),
550 2467 72 34 vari
635 2467 205 42 hemställts,
856 2473 56 30 att
927 2468 178 44 riksdagen
1120 2469 79 35 ville
1212 2470 132 35 besluta
1361 2483 57 22 om
1434 2471 123 35 sådant
1572 2471 121 43 tillägg
1706 2471 51 34 till
