1882 2800
567 156 291 36 Statsutskottets
871 159 182 36 utlåtande
1068 173 40 22 nr
1122 164 33 31 8.
1567 168 41 30 49

119 232 187 43 anordning
331 237 37 30 är
392 236 106 32 under
522 247 45 21 nu
593 236 151 34 rådande
770 237 231 36 förhållanden
1028 240 72 34 icke
1125 242 158 33 tänkbar.
1309 243 71 34 Det
1406 255 99 30 synes
1533 245 73 33 icke

118 277 132 42 möjligt
277 282 53 30 att
356 278 52 33 för
433 280 212 33 närvarande
671 281 176 35 reflektera
874 283 44 41 på
944 296 72 21 mer
1043 287 41 30 än
1112 297 40 21 en
1180 286 165 34 ordinarie
1372 288 169 41 professur
1569 290 8 33 i

116 321 114 34 stället
264 321 51 34 för
350 322 63 34 den
449 324 190 42 personliga
674 325 181 42 professur,
879 339 77 22 vars
979 328 205 34 innehavare
1208 331 77 32 med
1309 335 170 39 utgängen
1504 345 44 21 av
1572 334 36 32 år

118 368 85 31 1943
223 365 122 36 inträtt
363 367 10 33 i
391 368 285 41 pensionsåldern.
695 370 67 34 Vid
781 371 123 34 sådant
921 372 211 35 förhållande
1151 386 97 21 anser
1264 375 68 42 jag,
1350 381 52 28 att
1422 377 67 32 vad
1507 377 99 34 kans-

117 410 67 33 lern
207 411 112 34 anfört
340 413 142 33 rörande
504 413 56 34 det
583 414 174 42 praktiska
781 415 144 35 behovet
949 429 44 21 av
1014 418 241 43 undervisning
1278 420 59 33 bör
1362 421 160 34 tillmätas
1546 435 56 21 av-

117 456 147 40 görande
288 456 184 42 betydelse.
497 457 169 35 Kanslern
691 459 61 34 har
776 461 165 42 nämligen
967 462 141 40 hävdat,
1132 469 51 29 att
1210 464 56 34 det
1292 465 74 33 med
1394 466 132 42 hänsyn
1552 467 51 33 till

116 500 405 44 personalrekryteringen
541 502 51 34 för
612 503 40 33 de
671 503 423 38 kulturminnesvårdande
1113 508 309 42 organisationerna
1442 514 37 30 är
1500 511 102 34 ända-

116 544 187 43 målsenligt
330 550 51 29 att
409 547 206 34 sammanslå
643 548 41 34 de
711 548 88 34 båda
826 554 304 32 examensämnena
1159 552 49 34 till
1235 557 62 30 ett.
1325 554 57 33 Då
1409 554 59 43 jag
1495 555 108 34 finner

115 589 109 33 denna
252 590 175 42 synpunkt
452 591 113 42 riktig,
592 592 184 42 tillstyrker
802 593 58 43 jag
885 594 158 43 förslaget
1071 608 55 21 om
1156 609 39 22 en
1226 598 104 33 sådan
1359 596 242 50 sammanslag-

113 633 90 42 ning.
222 634 66 34 Vid
308 635 121 34 sådant
448 635 209 35 förhållande
676 638 97 33 torde
792 641 85 30 även
897 638 64 34 den
982 639 199 43 ifrågasatta
1202 642 167 35 ordinarie
1388 643 213 42 professuren

114 677 82 34 böra
211 683 226 37 representera
455 679 369 45 folklivsforskningens
843 682 88 35 båda
949 683 248 43 huvudgrenar.
1214 686 18 33 I
1250 686 101 35 likhet
1370 688 78 33 med
1468 688 41 35 de
1526 689 74 33 sak-

110 721 152 43 kunniga
280 735 97 21 anser
393 723 59 43 jag
471 724 57 33 det
547 726 275 42 sammanslagna
839 730 116 31 ämnet
972 728 82 33 böra
1074 729 186 34 benämnas
1279 731 137 33 nordisk
1435 733 64 32 och
1516 732 87 42 jäm-

112 766 139 36 förande
268 767 321 45 folklivsforskning.
608 770 77 33 Den
705 770 104 35 första
828 771 167 35 ordinarie
1014 773 211 42 professuren
1246 775 89 34 inom
1355 777 94 33 detta
1470 780 129 31 ämnes-

113 812 137 33 område
274 812 60 33 bör
358 813 102 42 enligt
484 814 71 33 min
579 815 136 42 mening
738 815 165 43 förläggas
927 817 50 33 till
1002 817 116 35 Lunds
1143 818 208 41 universitet,
1376 820 61 34 där
1460 832 43 22 en
1527 834 72 30 per-

113 855 105 43 sonlig
244 856 166 42 professur
436 858 10 32 1
474 860 115 32 ämnet
616 859 103 33 redan
747 859 108 36 finnes
882 860 149 36 inrättad
1061 862 102 34 sedan
1192 863 80 34 flera
1301 865 37 33 år
1364 865 141 34 tillbaka
1536 866 63 34 och

109 900 60 33 där
187 900 302 35 kulturhistoriska
508 908 148 29 museets
677 904 183 42 samlingar
879 905 57 34 vid
958 906 95 33 sidan
1075 919 43 20 av
1137 907 337 37 folkminnesarkivet
1500 910 101 42 (Hyl-

109 944 434 44 tén-Cavalliusstiftelsen)
574 947 143 42 erbjuda
743 953 51 30 ett
810 949 183 34 värdefullt
1009 951 262 34 museimaterial
1287 952 90 34 inom
1394 954 208 42 etnologiens

112 989 146 34 område.
278 990 54 33 Av
352 990 56 34 det
428 1003 43 21 av
492 992 162 41 styrelsen
674 992 52 34 för
744 993 296 35 kulturhistoriska
1060 995 192 43 föreningen
1276 996 49 34 för
1344 998 96 34 södra
1463 998 136 43 Sverige

111 1033 145 43 avgivna
277 1035 176 41 yttrandet
473 1035 160 42 framgår,
654 1041 51 29 att
726 1037 194 43 föreningen
941 1042 37 30 är
998 1039 91 43 villig
1108 1044 51 30 att
1181 1041 97 33 ställa
1300 1041 299 36 kulturhistoriska

110 1083 145 29 museets
280 1079 181 42 samlingar
484 1080 50 34 till
559 1080 198 42 förfogande
782 1081 51 34 för
857 1083 63 33 den
945 1083 157 34 blivande
1127 1085 206 41 professorns
1358 1087 240 43 undervisning

110 1122 61 33 och
192 1123 173 42 övningar.
386 1123 18 33 I
426 1124 106 35 likhet
554 1125 76 34 med
652 1125 159 34 kanslern
833 1138 95 22 anser
948 1127 59 43 jag
1029 1128 126 40 vidare,
1177 1134 51 30 att
1251 1131 41 33 de
1314 1131 202 35 studerande
1539 1132 57 34 vid

109 1166 152 43 Uppsala
286 1168 198 34 universitet
508 1168 45 34 ha
576 1173 106 31 större
706 1170 210 43 möjligheter
940 1174 43 31 än
1008 1173 40 33 de
1074 1174 202 34 studerande
1300 1175 55 34 vid
1381 1175 118 35 Lunds
1524 1176 72 34 uni-

110 1211 137 35 versitet
268 1216 54 29 att
342 1213 109 33 såsom
473 1212 233 44 komplement
727 1214 49 34 till
798 1215 63 34 den
882 1216 240 44 undervisning
1143 1218 8 34 i
1175 1218 157 43 etnologi,
1354 1231 72 22 som
1449 1220 51 34 för
1522 1224 73 31 när-

110 1256 149 34 varande
283 1259 36 31 är
343 1257 175 34 anordnad
545 1258 56 33 vid
627 1258 233 36 förstnämnda
886 1260 209 41 universitet,
1121 1262 141 35 bedriva
1287 1264 125 34 studier
1438 1265 57 33 vid
1521 1278 75 21 nor-

109 1300 94 34 diska
234 1307 129 29 museet
391 1302 64 33 och
483 1302 134 43 deltaga
646 1303 11 33 i
686 1304 165 42 övningar
879 1304 57 35 vid
967 1305 169 36 institutet
1166 1306 53 35 för
1247 1307 309 45 folklivsforskning
1584 1310 10 34 i

108 1344 210 35 Stockholm.

152 1399 85 33 Med
259 1398 131 43 hänsyn
409 1399 49 34 till
481 1400 66 33 vad
568 1399 75 34 från
663 1401 154 42 Uppsala
838 1401 217 36 universitets
1077 1403 71 34 sida
1170 1404 129 35 anförts
1319 1405 49 34 till
1390 1405 132 35 förmån
1544 1406 51 35 för

108 1454 39 22 en
174 1442 262 44 differentiering
462 1456 44 21 av
532 1444 352 44 folklivsforskningen
911 1447 8 33 i
945 1447 62 33 två
1033 1447 75 33 från
1135 1449 166 33 varandra
1330 1450 106 34 skilda
1464 1454 130 31 ämnes-

107 1488 174 39 områden,
305 1487 97 34 torde
426 1488 93 33 inom
547 1490 272 33 ämnesområdet
844 1489 52 34 för
922 1490 66 34 den
1014 1503 44 21 av
1084 1492 69 42 mig
1179 1492 178 36 förordade
1383 1494 211 42 professuren

107 1531 7 33 i
141 1531 98 34 Lund
266 1531 186 43 etnologien
479 1532 81 34 böra
588 1532 161 35 tillmätas
773 1538 51 30 ett
849 1535 105 41 något
981 1538 103 32 större
1109 1540 174 39 utrymme
1308 1540 42 31 än
1377 1538 217 36 folkminnes-

104 1575 228 43 forskningen.
352 1576 66 42 Jag
437 1576 140 33 föreslår
597 1577 124 42 därför,
742 1582 53 29 att
815 1578 231 42 professurens
1067 1582 254 33 ämnesområde
1341 1583 185 41 preciseras
1545 1583 51 34 till

106 1624 52 30 att
202 1632 80 22 avse
316 1620 158 34 »nordisk
505 1621 64 33 och
600 1621 216 42 jämförande
847 1622 326 44 folklivsforskning,
1205 1625 134 34 särskilt
1370 1627 225 43 etnologisk».

104 1665 150 33 Härmed
278 1665 184 42 markeras,
487 1670 53 29 att
564 1678 41 21 en
628 1666 161 34 blivande
813 1667 205 35 innehavare
1042 1681 44 20 av
1108 1669 212 42 professuren
1344 1672 109 33 måste
1477 1672 119 42 styrka

104 1709 49 33 sin
193 1709 389 42 professorskompetens
620 1710 92 34 inom
742 1714 243 40 ämnesgrenen
1013 1714 160 42 etnologi,
1201 1726 77 21 men
1307 1720 63 35 att,
1398 1728 57 21 om
1484 1716 112 34 denna

105 1753 241 43 förutsättning
362 1757 36 30 är
414 1754 97 42 fylld,
528 1755 255 43 speciminering
799 1756 90 33 inom
907 1756 436 45 folkminnesforskningens
1361 1760 138 34 område
1516 1761 75 33 räk-

104 1810 59 21 nas
185 1798 166 43 likvärdig
371 1800 77 33 med
471 1799 255 43 speciminering
748 1801 90 33 inom
862 1804 116 31 ämnet
1001 1802 155 43 etnologi.
1179 1803 112 35 Skulle
1312 1804 10 33 i
1345 1804 108 34 sinom
1475 1805 49 34 tid
1547 1826 46 4 —

104 1842 105 34 vilket
233 1842 58 43 jag
315 1842 130 43 hoppas
470 1843 86 33 skall
581 1844 116 33 kunna
724 1845 45 32 bli
796 1844 94 35 fallet
914 1865 46 5 —
985 1858 41 21 en
1052 1849 172 38 professur
1249 1848 8 32 i
1283 1848 313 43 folklivsforskning

102 1886 138 33 komma
261 1892 54 29 att
336 1887 146 33 inrättas
503 1891 86 30 även
612 1888 11 32 i
644 1888 167 42 Uppsala,
831 1889 115 34 kunde
967 1890 43 33 då
1031 1891 265 41 tyngdpunkten
1317 1891 52 34 för
1390 1892 66 33 den
1477 1905 117 21 senare

102 1930 229 42 professurens
355 1932 256 33 ämnesområde
634 1933 183 41 lämpligen
840 1933 113 42 läggas
978 1934 44 41 på
1047 1934 434 43 folkminnesforskningen.
1505 1937 88 33 Här-

103 1975 133 42 igenom
266 1975 106 34 skulle
402 1976 42 32 de
474 1975 143 34 förvisso
648 1977 214 42 berättigade
892 1978 229 40 önskemålen,
1152 1983 53 30 att
1235 1979 265 43 bearbetningen
1531 1981 62 33 och

102 2019 306 43 kompletteringen
432 2032 45 21 av
502 2020 41 33 de
568 2021 72 32 rika
663 2021 435 43 folkminnessamlingarna
1123 2023 10 33 i
1158 2023 153 42 Uppsala
1337 2024 94 33 skola
1456 2024 34 35 få
1515 2025 78 34 stöd

101 2063 9 33 i
133 2075 41 22 en
197 2064 180 42 professur,
399 2064 118 34 kunna
540 2065 195 42 tillgodoses
759 2067 44 41 på
826 2071 51 29 ett
900 2067 104 42 enligt
1028 2067 70 33 min
1120 2068 138 42 mening
1281 2068 312 35 tillfredsställande

101 2111 79 30 sätt.

146 2161 66 33 Vid
237 2161 95 34 bifall
355 2162 51 33 till
430 2162 69 33 vad
524 2174 45 21 nu
593 2162 189 42 föreslagits
806 2163 60 33 bör
888 2164 66 33 den
978 2164 109 33 under
1110 2164 181 43 avdelning
1314 2166 28 33 I.
1367 2166 7 33 i
1399 2166 192 41 avlönings-

103 2209 109 29 staten
242 2206 167 41 uppförda
440 2206 176 42 delposten
646 2208 47 32 till
724 2208 54 32 lön
807 2208 62 33 och
899 2208 415 43 tjänstgöringpenningar
1343 2211 48 32 till
1423 2211 166 34 ordinarie

102 2249 206 41 tjänstemän
332 2250 82 33 ökas
439 2251 77 32 med
542 2251 62 32 den
630 2252 76 32 med
733 2251 229 42 vederbörliga
986 2253 286 42 pensionsavdrag
1296 2254 176 34 minskade
1498 2255 90 32 avlö-

103 2294 119 40 ningen
245 2294 47 32 till
315 2294 188 41 professorn
527 2295 7 32 i
558 2294 310 43 folklivsforskning
890 2295 76 34 eller
989 2297 75 32 med
1092 2297 273 39 (12,000
1256 2290 26 52 —
1301 2290 66 52 900
1383 2299 54 39 =)
1468 2302 119 35 11,100

102 2337 122 33 kronor
241 2343 87 27 samt
345 2337 174 42 delposten
538 2339 46 32 till
604 2338 227 42 ålderstillägg
848 2339 75 33 med
946 2343 97 35 1,000
1064 2340 131 33 kronor.
1215 2341 182 42 Samtidigt
1417 2342 171 33 bortfaller

102 2381 181 33 emellertid
312 2381 62 33 den
403 2382 107 33 under
538 2394 130 22 samma
697 2383 179 41 avdelning
902 2383 165 42 uppförda
1099 2384 249 42 anslagsposten
1379 2398 55 20 om
1467 2390 119 35 12,100

99 2425 122 33 kronor
242 2425 50 33 till
314 2426 161 41 avlöning
494 2426 51 32 till
568 2426 208 33 tiänsteman
798 2438 43 30 på
862 2427 300 42 indragningsstat.
1185 2429 121 41 Nagon
1328 2430 263 42 anslagsökning

101 2470 59 32 blir
182 2470 113 32 därför
317 2470 70 33 icke
406 2470 204 42 erforderlig.

140 2540 97 31 Bihang
253 2540 35 25 till
303 2540 140 31 riksdagens
459 2541 124 31 protokoll
600 2542 69 27 1944.
706 2544 14 21 6
734 2541 70 25 saml.
844 2543 37 24 Nr
900 2545 23 23 8,
1530 2550 14 20 4
