1896 2802
557 143 290 36 Statsutskottets
860 140 183 36 utlåtande
1056 152 42 22 nr
1111 141 34 34 8.
1537 138 62 31 119

154 228 118 35 Under
287 226 217 43 åberopande
520 237 44 22 av
579 224 70 34 vad
665 223 141 34 sålunda
823 221 142 40 anförts,
980 219 198 35 hemställer
1193 218 185 38 utskottet,

472 282 53 30 att
545 277 183 42 riksdagen
745 276 57 34 må

453 333 33 42 a)
514 331 184 43 godkänna
727 328 152 43 följande
909 326 249 43 avlöningsstat
1187 324 53 34 för
1268 321 333 44 folkskolinspektio-

429 397 78 28 nen,
539 389 54 30 att
624 383 173 42 tillämpas
829 381 70 35 tills
932 380 117 34 vidare
1080 378 77 34 från
1190 377 64 34 och
1285 377 81 34 med
1397 375 203 43 budgetåret

434 438 167 43 1944/45:

792 532 443 42 Avlöningsstat.

435 603 30 30 1.
488 597 210 43 Avlöningar
714 596 49 35 till
782 594 168 35 ordinarie
966 593 223 42 tjänstemän,
1205 591 66 42 för-

489 650 141 44 SÅägsVi8
668 672 596 12 seseesererrrrrrrr
1031 643 56 55 rer
1100 643 56 55 rer
1169 643 97 55 tta
1295 643 124 34 kronor
1444 645 64 31 553
1523 644 66 32 500

433 709 32 30 2.
489 703 208 43 Avlöningar
730 702 50 34 till
816 699 255 36 icke-ordinarie
1107 696 166 45 personal,

487 748 194 43 förslagsvis
712 768 551 13 sesserererrrr
1009 741 55 54 rer
1077 741 44 54 rr
1144 741 79 54 rent
1232 741 34 54 nt
1354 756 16 15 »
1466 742 41 31 91
1523 742 66 31 300

434 808 32 30 3.
490 802 132 43 Rörligt
640 800 128 44 tillägg,
787 798 193 44 förslagsvis
1008 822 256 9 .........---
1354 809 17 16 »
1466 796 43 31 83
1523 795 66 31 200

1129 867 142 34 Summa
1293 865 126 34 kronor
1443 867 65 31 728
1522 866 79 37 000;

478 953 36 42 b)
542 952 51 34 till
626 947 414 45 Folkskolinspektionen:
1072 944 211 42 Avlöningar
1314 943 54 35 för
1400 942 204 43 budgetåret

437 1005 154 45 1944/45
611 1004 122 35 anvisa
753 1007 52 29 ett
825 1000 263 44 förslagsanslag
1109 1011 44 21 av
1174 1001 65 31 728
1253 1001 66 30 000
1339 997 137 39 kronor;

218 1085 9 10 .
478 1059 32 42 c)
538 1058 51 34 till
612 1053 415 45 Folleskolinspektionen:
1050 1050 254 36 Omkostnader
1325 1049 53 35 för
1400 1048 205 43 budgetåret

438 1111 154 43 1944/45
609 1110 119 34 anvisa
744 1113 51 30 ett
810 1106 262 44 förslagsanslag
1087 1117 44 22 av
1147 1107 65 31 215
1227 1107 65 30 000
1307 1103 136 33 kronor.

642 1214 435 37 Folkskoleväsendet.

163 1304 113 42 157:0)
304 1300 222 36 Folkskolor
541 1310 49 25 m.
606 1308 62 24 m.:
687 1297 142 42 Bidrag
845 1295 59 35 till
920 1293 180 43 avlöning
1116 1292 40 35 åt
1171 1293 121 33 lärare
1309 1290 65 34 vid
1392 1288 216 36 folkskolor.

116 1357 130 43 Kungl.
265 1355 109 43 Maj:t
392 1354 64 34 har
478 1352 125 43 (punkt
624 1354 77 37 165,
721 1362 26 22 s.
767 1349 195 41 412—418)
985 1345 175 43 föreslagit
1178 1344 181 42 riksdagen
1379 1347 53 30 att
1451 1342 51 34 till
1520 1340 87 35 före-

117 1410 150 34 varande
304 1407 161 35 ändamål
501 1405 52 34 för
589 1404 205 42 budgetåret
832 1400 156 44 1944/45
1028 1399 119 34 anvisa
1182 1402 52 29 ett
1268 1395 261 44 förslagsanslag
1563 1406 45 22 av

120 1467 63 30 136
198 1466 66 31 000
278 1465 65 30 000
361 1461 138 33 kronor.

164 1534 18 33 I
198 1531 167 36 samband
378 1530 144 35 härmed
538 1529 62 33 har
615 1527 175 35 utskottet
805 1525 52 35 till
873 1523 207 42 behandling
1095 1521 150 35 förehaft

163 1585 70 36 dels
252 1586 62 34 två
334 1582 220 45 likalydande
573 1580 181 41 motioner,
772 1578 141 40 väckta,
934 1577 65 34 den
1019 1588 64 22 ena
1104 1575 93 34 inom
1216 1574 107 33 första
1343 1573 202 33 kammaren
1564 1583 45 22 av

117 1641 78 33 herr
211 1639 82 34 Ivar
309 1639 147 33 Persson
472 1648 46 22 m.
534 1634 37 43 fl.
592 1634 44 44 (1:
650 1634 57 42 88)
729 1632 65 35 och
811 1632 68 34 den
896 1631 106 34 andra
1020 1630 94 34 inom
1132 1627 107 35 andra
1254 1627 203 34 kammaren
1473 1637 44 22 av
1533 1624 77 34 herr

119 1694 47 34 H.
184 1693 44 34 R.
246 1690 123 36 Nilson
386 1691 11 33 i
415 1689 174 45 Spånstad
605 1700 47 22 m.
668 1685 38 44 fl.
727 1686 62 43 (II:
806 1686 95 41 137),
918 1684 73 34 vari
1008 1682 206 39 hemställts,
1232 1686 52 29 att
1301 1679 182 43 riksdagen
1499 1679 11 33 i
1527 1677 82 35 skri-

119 1747 90 34 velse
229 1746 53 34 till
302 1744 130 43 Kungl.
454 1742 108 43 Maj:t
581 1742 112 33 måtte
713 1738 193 41 hemställa,
927 1742 55 29 att
1002 1735 162 44 åtgärder
1183 1735 11 33 i
1215 1733 90 43 syfte
1327 1738 56 29 att
1402 1731 209 42 förverkliga

121 1801 42 34 de
184 1800 10 34 i
215 1799 174 34 motionen
409 1795 189 35 framförda
619 1793 220 35 önskemålen
858 1792 112 34 måtte
989 1790 173 41 vidtagas;

165 1851 71 36 dels
257 1852 64 34 ock
343 1864 43 21 en
408 1851 92 33 inom
523 1849 108 33 andra
651 1848 201 33 kammaren
874 1857 45 23 av
939 1845 78 33 herr
1037 1843 33 34 J.
1092 1841 183 42 Lundberg
1297 1841 11 33 i
1330 1839 154 43 Uppsala
1506 1850 47 22 a.
1573 1835 38 44 fl.

123 1906 104 34 väckt
248 1905 128 34 motion
402 1903 65 43 (II:
483 1902 93 42 129),
598 1900 73 34 vari
691 1898 208 39 hemställts,
920 1902 54 28 att
995 1895 180 42 riksdagen
1195 1894 11 34 i
1227 1893 161 34 skrivelse
1407 1892 53 33 till
1481 1890 130 42 Kungl.

120 1959 109 42 Maj:t
250 1959 109 33 måtte
381 1957 124 42 begära
527 1959 52 29 att
600 1951 331 42 folkskolestadgans
952 1962 46 20 nu
1020 1947 157 44 gällande
1197 1944 259 36 bestämmelser
1478 1944 134 38 ändras,

122 2013 37 34 så
179 2017 55 29 att
253 2011 41 34 de
312 2010 114 34 lokala
446 2007 279 43 skolstyrelserna
744 2005 35 33 få
798 2008 70 31 rätt
887 2008 55 29 att
969 2003 4 33 i
993 2000 138 35 samråd
1150 2000 79 34 med
1247 1996 366 43 folkskolinspektören

122 2070 87 30 även
229 2064 60 34 vid
307 2061 256 37 bibehållandet
582 2072 44 22 av
646 2063 42 31 39
709 2058 140 34 veckors
869 2056 102 34 lästid
990 2055 54 34 för
1062 2055 135 33 lärarna
1215 2051 159 43 medgiva
1393 2050 157 34 växellov
1571 2060 40 22 en

122 2120 67 41 dag
207 2118 10 33 i
235 2118 132 33 veckan
386 2119 63 30 när
466 2119 94 39 yttre
579 2111 237 36 förhållanden
835 2111 113 34 såsom
966 2110 102 41 långa
1087 2107 181 41 skolvägar
1286 2106 36 33 så
1340 2104 149 43 påkalla.

168 2169 223 36 Beträffande
412 2169 41 33 de
474 2167 83 40 skäl,
578 2178 73 22 som
673 2164 129 34 anförts
822 2164 52 33 till
896 2163 78 33 stöd
994 2161 52 34 för
1066 2161 41 33 de
1128 2157 201 36 motionsvis
1349 2156 121 44 gjorda
1489 2155 124 43 yrkan-

123 2226 100 38 dena,
242 2222 172 40 hänvisas,
443 2222 2 33 i
466 2221 65 33 den
551 2220 81 33 mån
652 2219 174 33 desamma
846 2216 30 41 ej
899 2215 133 41 framgå
1055 2226 43 21 av
1119 2213 67 33 den
1206 2212 110 33 nedan
1338 2209 160 35 lämnade
1518 2208 95 33 redo-

124 2277 152 43 görelsen
293 2276 51 32 till
362 2274 213 34 motionerna
592 2272 29 32 I:
637 2274 43 30 88
698 2270 64 33 och
778 2269 49 33 IT:
844 2272 76 29 129.

170 2364 129 42 Kungl.
316 2361 126 43 Maj:ts
458 2360 123 42 förslag
597 2358 141 34 innebär
753 2358 11 33 i
780 2353 332 45 anslagshänseende
1130 2365 41 22 en
1188 2351 141 42 höjning
1345 2362 44 22 av
1406 2348 210 35 automatisk

124 2423 102 29 natur
250 2416 77 34 med
353 2418 99 30 1000
467 2417 64 30 000
554 2412 137 34 kronor.
715 2406 391 46 Departementschefen
1128 2406 64 33 har
1215 2405 10 33 i
1248 2404 97 33 detta
1369 2401 247 43 sammanhang

127 2470 166 43 tillstyrkt
314 2473 54 30 att
388 2465 208 42 statsbidrag
615 2465 57 33 må
692 2464 81 41 utgå
793 2461 77 35 från
891 2459 226 36 förevarande
1137 2457 118 43 anslag
1274 2456 76 34 ined
1374 2459 19 29 3
1408 2459 65 30 000
1493 2454 125 34 kronor
