1894 2804
557 170 291 36 Statsutskottets
861 170 182 35 utlåtande
1057 182 41 22 nr
1112 173 32 31 8.
1538 173 59 29 121

108 251 88 43 gälla
215 251 68 34 tills
305 251 116 33 vidare
443 252 37 33 så
501 251 97 42 länge
620 250 255 42 tjänstebostad
894 250 31 42 ej
948 250 152 33 anvisats
1121 250 129 33 läraren
1273 250 63 33 och
1358 250 105 41 enligt
1484 249 115 33 veder-

109 296 151 34 börande
278 294 341 44 folkskolinspektörs
638 295 219 42 beprövande
876 294 30 42 ej
926 294 105 34 heller
1049 294 176 42 möjlighet
1244 293 181 34 förefinnes
1444 293 54 34 för
1516 294 84 33 lära-

109 352 59 22 ren
182 345 54 29 att
249 340 128 34 erhålla
391 339 158 43 nöjaktig
563 339 64 34 och
641 339 79 34 med
732 339 138 43 hänsyn
884 339 51 34 till
950 338 271 43 tjänstgörimgen
1236 338 61 34 vid
1312 338 119 33 skolan
1445 338 156 42 lämpligt

109 385 139 42 belägen
265 385 125 33 bostad
406 385 44 42 på
467 384 348 42 stationeringsorten.
844 384 109 33 Dessa
970 383 249 43 medgivanden
1236 382 77 34 från
1329 383 129 42 Kungl.
1475 382 126 42 Maj:ts

109 429 72 34 sida
194 428 155 35 medföra
363 429 110 34 ökade
486 428 186 35 kostnader
685 428 53 34 för
752 428 219 34 statsverket.
986 428 19 33 I
1019 428 42 34 de
1074 427 71 41 fall,
1160 427 43 34 då
1218 427 238 34 bostadsorten
1470 427 131 42 jämväl

109 477 38 31 är
162 473 147 35 hänförd
326 474 50 33 till
393 474 103 42 högre
512 473 211 43 hyresgrupp
740 476 45 30 än
801 473 349 42 stationeringsorten,
1167 472 156 34 medföra
1339 472 157 34 besluten
1514 475 87 30 även

108 519 108 34 ökade
236 518 186 34 kostnader
443 519 52 34 för
515 518 265 34 skoldistrikten.
812 517 172 34 Eftersom
1004 517 186 34 emellertid
1211 516 130 43 Kungl.
1363 516 125 42 Maj:ts
1508 516 92 33 med-

109 563 170 42 givanden
296 563 46 33 ha
358 563 50 34 sin
425 563 110 43 grund
552 563 10 34 i
580 567 53 30 att
650 562 256 34 skoldistrikten
924 562 73 34 icke
1014 561 153 43 fullgjort
1184 561 50 34 sin
1252 560 195 44 skyldighet
1465 566 55 29 att
1536 561 64 33 till-

109 607 207 34 handahålla
334 607 268 43 tjänstebostad,
621 619 99 31 synes
741 607 169 42 riktigast,
931 611 53 29 att
1004 606 76 34 hela
1099 605 335 43 kostnadsökningen
1454 605 11 33 i
1484 605 117 42 dylika

109 652 59 33 fall
189 652 52 34 får
262 652 99 34 bäras
382 664 45 22 av
448 652 256 34 vederbörande
725 651 223 34 skoldistrikt.
969 651 112 34 Detta
1101 650 107 35 skulle
1229 650 174 40 innebära,
1424 654 54 31 att
1500 653 101 30 stats-

109 696 119 43 bidrag
247 697 53 34 till
321 697 123 34 lärares
464 696 162 42 avlöning
644 696 29 42 ej
693 695 92 43 finge
804 696 82 42 utgå
904 695 78 34 med
1003 698 107 31 större
1129 695 126 42 belopp
1275 698 44 30 än
1339 706 73 22 som
1433 694 105 33 skulle
1558 694 44 32 ha

110 742 126 42 utgått,
258 741 116 34 därest
395 741 133 34 läraren
551 740 151 34 anvisats
725 740 254 42 tjänstebostad
1001 740 44 42 på
1068 739 348 42 stationeringsorten.
1448 738 67 42 Jag
1537 737 65 34 för-

110 786 111 42 ordar,
241 790 56 30 att
315 797 42 22 en
377 786 105 33 sådan
503 785 225 43 begränsning
748 785 148 42 stadgas.
927 785 129 33 Därest
1075 783 178 43 riksdagen
1273 783 74 34 icke
1366 783 107 34 riktar
1491 783 111 41 någon

111 831 132 33 erinran
260 831 167 41 däremot,
442 830 98 34 torde
556 829 36 34 få
609 830 184 33 ankomma
809 830 45 42 på
870 829 129 42 Kungl.
1016 828 110 43 Maj:t
1142 833 53 30 att
1212 827 158 34 meddela
1386 827 215 42 erforderliga

110 875 255 34 bestämmelser
381 875 130 34 härom.

157 973 18 32 I
191 971 215 35 motionerna
421 972 31 33 I:
465 974 45 32 88
526 971 66 34 och
606 971 51 34 II:
670 973 65 32 137
753 971 144 34 anföres.

157 1035 55 33 De
228 1039 134 29 senaste
378 1035 99 33 årens
493 1034 315 42 skolindragningar
823 1033 211 34 motiverade
1051 1046 44 20 av
1110 1033 93 33 såväl
1220 1032 60 35 det
1297 1032 193 42 sjunkande
1505 1032 99 33 barn-

113 1079 130 34 antalet
267 1091 73 22 som
364 1091 43 21 av
431 1078 307 43 sparsamhetsskäl
762 1079 45 32 ha
830 1077 149 35 medfört
1002 1078 125 41 många
1150 1077 219 42 olägenheter
1392 1077 63 33 och
1479 1076 125 42 svårig-

112 1123 94 34 heter
220 1123 54 34 för
288 1123 254 43 landsbygdens
558 1122 82 34 folk.
666 1123 103 33 Trots
786 1127 55 29 att
858 1123 96 33 såväl
970 1122 192 42 regeringen
1178 1134 73 21 som
1267 1121 181 42 riksdagen
1463 1121 142 38 uttalat,

113 1173 53 28 att
182 1171 128 31 största
326 1168 197 33 varsamhet
540 1167 62 34 bör
617 1167 185 42 iakttagas,
820 1168 35 33 så
872 1171 55 30 att
943 1166 289 42 försämringarna
1250 1178 44 21 av
1312 1165 244 34 skolformerna
1573 1164 29 42 ej

113 1212 94 34 skola
224 1217 39 29 ta
280 1211 54 34 för
352 1216 90 30 stora
460 1211 248 44 proportioner,
726 1212 46 33 ha
790 1211 88 34 dock
896 1215 88 30 även
1003 1211 107 33 under
1128 1211 65 33 den
1210 1214 134 30 senaste
1362 1210 97 33 tiden
1477 1209 127 34 sådana

113 1257 242 42 omändringar
374 1257 104 40 skett,
498 1261 54 30 att
571 1257 30 33 B
623 1256 148 34 1-skolor
791 1255 167 35 överförts
977 1255 51 34 till
1049 1256 30 33 B
1093 1259 101 39 2-typ
1214 1255 64 33 och
1297 1254 113 34 skolor
1429 1267 43 20 av
1493 1254 111 33 denna

113 1313 115 22 senare
246 1306 66 39 typ
330 1302 53 33 till
403 1301 66 34 den
490 1300 198 35 svårskötta
707 1301 64 33 och
790 1300 185 43 olämpliga
992 1300 31 33 B
1038 1303 155 39 3-typen.
1213 1300 73 33 Det
1306 1302 36 30 är
1362 1300 62 32 vår
1443 1298 162 42 förhopp-

114 1346 79 42 ning
211 1351 53 29 att
283 1346 127 33 sådana
429 1351 102 38 typer
549 1358 45 21 av
611 1345 121 41 skolor,
751 1345 62 33 där
830 1357 41 21 en
889 1346 106 32 lärare
1013 1345 79 33 eller
1109 1344 171 34 lärarinna
1297 1343 52 34 får
1367 1343 100 34 sköta
1483 1343 122 33 under-

115 1390 174 43 visningen
314 1390 10 34 i
348 1391 67 33 alla
437 1390 140 39 klasser,
602 1390 71 33 icke
697 1390 198 42 ytterligare
920 1389 172 41 utvidgas,
1116 1393 84 28 utan
1224 1393 55 29 att
1304 1388 242 41 utvecklingen
1570 1400 35 20 så

115 1440 93 28 snart
226 1447 74 21 som
317 1434 135 42 möjligt
470 1435 11 32 i
498 1434 117 33 stället
632 1434 83 33 skall
733 1435 44 41 gå
794 1434 11 33 i
823 1438 144 29 motsatt
986 1433 160 41 riktning.

160 1479 67 33 För
242 1483 55 30 att
313 1479 11 33 i
339 1479 112 41 någon
468 1479 82 33 mån
566 1478 180 34 motverka
762 1478 288 42 försämringarna
1065 1490 44 21 av
1124 1476 246 34 skolformerna
1388 1476 62 33 och
1467 1476 10 33 i
1494 1475 113 42 övrigt

115 1524 107 42 skapa
237 1523 287 42 förutsättningar
540 1522 53 34 för
607 1527 53 29 ett
675 1523 115 33 bättre
807 1522 144 34 resultat
967 1534 44 21 av
1027 1521 286 42 undervisningen
1330 1521 10 33 i
1356 1521 42 33 de
1413 1521 90 40 lägre
1520 1520 86 33 skol-

115 1568 169 33 formerna
313 1567 45 34 ha
385 1568 44 41 på
456 1579 42 21 en
527 1567 54 34 del
608 1567 128 43 platser
764 1567 108 33 under
899 1578 118 22 senare
1046 1567 36 32 är
1111 1565 188 42 tillämpats
1328 1565 89 33 vissa
1445 1564 161 34 förstärk-

115 1612 327 42 ningsanordningar
461 1612 46 43 på
528 1612 36 33 så
585 1615 80 37 sätt,
686 1615 54 29 att
761 1611 63 33 där
843 1610 84 34 flera
946 1611 128 33 klasser
1095 1610 217 33 undervisats
1332 1614 213 37 gemensamt
1566 1608 40 33 de

116 1657 89 33 olika
228 1657 190 33 klassernas
443 1656 242 42 undervisning
708 1656 142 33 ordnats
874 1667 61 21 var
958 1654 53 34 för
1035 1655 49 42 sig
1107 1655 108 33 under
1238 1654 70 34 viss
1330 1654 63 33 tid.
1429 1653 178 34 Förstärk-

116 1701 374 42 ringsanordningarna
510 1701 46 33 ha
577 1700 10 34 i
608 1700 187 34 allmänhet
816 1700 184 39 inneburit,
1022 1703 52 30 att
1096 1698 286 42 undervisningen
1402 1697 52 34 för
1475 1698 132 33 läraren

115 1745 167 34 omfattat
301 1744 77 43 fyra
395 1745 141 33 timmar
554 1745 10 33 i
583 1745 132 33 veckan
733 1748 125 30 utöver
875 1744 59 33 det
952 1744 160 33 timantal
1132 1755 71 21 som
1223 1742 384 42 undervisningsplanen

116 1790 162 42 upptagit
298 1789 53 34 för
370 1789 229 42 lärjungarna.
632 1789 18 33 I
671 1790 106 41 några
798 1788 60 34 fall
878 1788 45 33 ha
942 1786 526 43 förstärkningsanordningarna
1488 1786 120 33 endast

116 1834 167 35 omfattat
298 1835 62 33 två
375 1833 259 34 veckotimmar.
650 1834 109 33 Dessa
775 1838 96 28 extra
884 1832 140 34 timmar
1038 1832 44 34 ha
1099 1835 146 30 använts
1261 1831 52 34 till
1330 1831 141 33 särskild
1486 1830 121 34 under-

118 1879 132 42 visning
267 1878 53 33 för
337 1890 41 21 en
397 1879 79 32 eller
493 1878 62 33 två
572 1878 126 32 klasser
716 1877 136 33 enskilt.

162 1922 159 34 Givetvis
341 1922 44 33 ha
406 1922 135 33 lärarna
559 1921 134 33 erhållit
714 1921 191 41 ersättning
924 1920 52 33 för
996 1920 109 33 denna
1127 1919 152 33 utökade
1300 1918 309 42 tjänstgöringstid,

117 1967 61 33 och
200 1972 44 36 på
266 1968 110 40 grund
399 1978 44 21 av
466 1966 40 33 de
529 1965 221 34 ekonomiska
772 1965 297 33 konsekvenserna
1090 1964 43 32 ha
1157 1963 269 34 statsmakterna
1449 1963 160 38 bestämt,

119 2016 55 29 att
202 2015 52 29 ett
283 2011 87 33 visst
397 2031 45 3 —
470 2014 73 29 rätt
574 2010 84 41 högt
686 2030 46 4 —
762 2011 94 32 antal
876 2009 176 42 lärjungar
1071 2009 83 33 skall
1175 2008 112 34 finnas
1311 2008 118 42 (högre
1446 2007 38 41 ju
1504 2007 104 42 högre

118 2055 205 33 skolformen
345 2055 50 42 är)
419 2054 52 34 för
491 2059 55 29 att
566 2054 257 33 skoldistrikten
845 2054 94 33 skola
960 2053 128 34 erhålla
1108 2053 57 33 det
1186 2052 104 42 högre
1311 2051 207 42 statsbidrag
1538 2064 69 20 som

118 2100 126 33 behövs
264 2099 53 33 för
338 2099 109 33 denna
468 2103 96 29 extra
585 2098 170 42 avlöning.
788 2099 170 32 Niumare
978 2098 254 33 bestämmelser
1251 2096 120 34 härom
1392 2096 188 33 återfinnas
1600 2095 8 32 i

119 2144 32 32 k.
168 2144 103 41 kung.
290 2155 40 20 nr
348 2147 76 29 252:
441 2146 100 30 1940.

164 2188 75 33 Där
265 2188 129 32 sådana
420 2187 478 41 förstärkningsanordningar
923 2186 136 33 kunnat
1086 2186 183 41 tillämpas,
1296 2185 45 33 ha
1369 2184 41 34 de
1437 2183 76 34 haft
1541 2189 70 28 stor

119 2232 187 41 betydelse,
328 2232 62 32 och
412 2231 74 33 från
509 2232 67 32 alla
597 2231 67 32 håll
687 2231 184 39 vitsordas,
892 2235 54 28 att
968 2230 41 33 de
1031 2229 75 33 haft
1128 2234 87 28 stort
1237 2229 105 34 värde
1364 2228 51 33 för
1435 2227 174 33 undervis-

118 2276 124 41 ningen
263 2275 63 33 där
347 2275 246 33 skolformerna
614 2274 89 33 varit
725 2286 115 28 svaga.
862 2273 252 41 Otvivelaktigt
1136 2273 108 32 skulle
1266 2273 61 32 det
1348 2284 82 20 vara
1451 2272 50 32 till
1524 2283 85 30 gagn

120 2320 51 32 för
195 2319 287 40 undervisningen
508 2318 9 33 i
544 2330 41 21 en
611 2319 123 40 mängd
760 2318 215 33 skoldistrikt
1000 2329 45 29 på
1070 2316 247 41 landsbygden,
1342 2328 56 20 om
1424 2316 97 34 dessa
1546 2315 64 32 för-

120 2363 422 41 stlärkningsanordningar
558 2362 115 33 kunde
689 2362 173 41 tillämpas
879 2362 9 32 i
905 2365 105 29 större
1027 2360 219 41 omfattning.
1274 2360 43 40 Ej
1336 2360 105 32 minst
1457 2360 7 32 i
1483 2359 126 33 sådana

120 2407 147 40 distrikt,
286 2407 61 32 där
364 2419 121 28 genom
503 2406 139 42 mycket
660 2406 169 42 flyttning
846 2406 131 33 antalet
995 2406 82 32 barn
1097 2408 160 29 avsevärt
1276 2404 117 32 växlar
1412 2403 74 33 från
1505 2408 53 28 ett
1577 2416 35 19 är

120 2452 50 32 till
194 2456 49 28 ett
269 2456 108 28 annat
399 2451 63 32 och
487 2451 144 41 pendlar
655 2454 41 29 än
722 2454 82 29 över
828 2454 42 29 än
897 2450 106 32 under
1027 2449 59 34 det
1110 2448 212 33 föreskrivna
1347 2448 265 32 minimiantalet

121 2495 182 42 lärjungar,
324 2495 107 33 skulle
451 2500 48 28 ett
523 2494 235 42 medgivande,
779 2498 54 29 att
852 2494 58 33 det
929 2498 96 28 extra
1046 2493 246 41 statsbidraget
1312 2492 90 41 finge
1424 2496 80 37 utga
1526 2495 85 29 även
