2224 2646
730 194 233 32 Statsutskottets
990 192 161 32 Utlåtande
1173 190 65 33 N:o
1259 192 29 31 &.
1772 192 40 30 47

1195 270 205 48 Transport
1425 268 143 37 kronor
1616 270 119 43 8,000:
1764 289 48 5 —

206 331 14 32 1
252 327 120 35 lektor
397 326 13 35 i
436 324 313 47 naturvetenskap
774 351 618 9 «...sm...eeec-cmemeumusunusmävnääävean
1488 336 14 17 >
1618 321 118 43 2,500:
1764 337 48 5 —

207 381 14 33 1
253 382 106 31 extra
384 377 120 35 lärare
530 377 13 35 i
570 374 414 49 författningskunskap
1005 404 72 6 .....
1094 402 296 7 .eeemeeseeswe
1486 387 14 17 3
1619 372 116 42 1,000:
1763 391 49 5 —

206 432 14 32 1
283 428 57 36 do
418 428 58 35 do
533 427 13 35 i
573 427 97 35 kemi
697 426 69 36 och
793 424 99 50 fysik
928 455 127 6 msec.
1073 453 317 7 seems
1487 438 14 16 >
1620 423 115 42 1,200:
1763 439 49 4 —

207 482 13 33 1
283 479 57 35 do
419 478 57 36 -d:o
535 478 10 35 i
572 476 341 37 nationalekonomi
927 506 104 6 ..........
1031 498 11 13 ora
1090 505 97 7 serserer
1205 504 116 6 beoresnrner
1340 504 49 6 0enn
1485 488 14 17 >
1654 474 81 34 600:
1764 490 48 5 —

207 534 13 31 1
252 529 384 47 planteringsvaktare
658 558 195 6 .........
833 524 25 56 ..
862 560 2 2 osar
935 558 30 4 ere
986 558 1 4 s
996 521 58 54 kasus
1060 521 61 54 ctorer
1134 556 32 5 ons
1175 555 46 6 eoer
1232 555 46 5 borr
1296 555 26 5 s0r
1333 554 34 5 snar
1374 554 15 5 sn
1485 538 14 17 >
1654 524 82 34 600:
1763 540 48 5 —

205 581 56 35 till
288 581 185 35 elevernas
500 579 191 46 praktiska
718 576 663 49 Öffningar.............ee3eemessemcwmuw2>
1489 589 13 17 >
1618 574 118 42 3,000:
1764 591 48 4 —

227 649 13 16 >»
292 630 199 49 stipendier
518 630 21 36 å
568 633 70 33 250
665 629 140 35 kronor
832 628 37 35 åt
894 626 86 50 fyra
1006 627 120 36 elever
1141 656 150 6 ..........
1309 655 82 6 ....
1487 640 14 16 >
1620 625 116 43 1,000:
1764 641 48 5 —

227 699 13 17 »
293 694 187 36 expenser,
507 680 179 36 bibliotek
714 693 47 22 mm.
788 692 47 23 IM.
861 709 150 6 mas.nse:
1030 708 138 5 seems
1226 706 165 6 senares
1488 691 13 16 >
1618 676 118 42 2,500:
1763 692 49 5 —

227 750 13 17 >»
293 730 305 48 arrendeafgifter
623 730 58 36 för
708 730 201 36 institutets
935 728 215 46 lägenheter
1169 727 69 36 och
1257 726 139 46 experi-

290 782 207 37 mentalfält
527 813 93 5 ....ss0
638 813 5 5 0
661 812 150 6 sees
863 812 25 5 ier
906 811 72 5 raseri
996 810 60 5 senses
1066 810 47 5 aren
1133 810 23 4 rnn
1168 809 55 5 annen
1234 809 23 5 sen
1266 808 24 5 nnn
1301 809 23 4 ser
1332 808 26 5 enn
1364 808 27 4 nn
1487 792 13 17 >
1653 776 83 35 900:
1764 797 48 5 —

203 834 151 37 hvartill
381 835 68 34 allt
475 832 113 37 sedan
616 845 126 23 senare
769 830 140 37 hälften
937 829 40 37 af
1001 829 40 36 år
1068 831 94 35 1886
1181 828 215 49 ytterligare

291 885 165 43 kommit,
483 884 63 36 vid
575 882 254 37 fastställande
856 880 40 37 af
919 880 335 49 domänstyrelsens
1281 877 115 49 årliga

290 934 298 48 generalförslag,
619 933 83 36 från
733 931 412 47 reservationsanslaget
1175 930 59 35 till
1260 929 137 35 krono-

291 987 198 46 skogarnes
528 985 229 45 förvaltning
794 983 69 36 och
902 981 255 48 befrämjande
1197 979 40 37 af
1272 980 124 47 skogs-

290 1037 175 37 väsendet
490 1037 13 35 i
530 1035 203 37 allmänhet
758 1035 59 35 till
843 1033 165 48 aflöning
1035 1032 37 36 åt
1090 1045 44 23 en
1154 1036 106 32 extra
1278 1031 117 35 lärare

290 1089 13 35 i
329 1088 195 48 agronomi
551 1086 174 37 anvisade
760 1116 126 5 um.
904 1115 184 6 seem»
1105 1112 284 8 seems
1486 1097 13 16 >
1654 1081 82 35 500:

204 1155 39 37 så
269 1162 53 30 att
349 1157 168 46 anslaget
542 1155 11 36 i
581 1155 56 36 sin
663 1154 125 37 helhet
814 1151 174 50 utgjorde...
1000 1180 395 8 ........e..
1325 1147 72 60 +
1424 1148 141 36 kronor
1593 1149 143 44 21,800:
1762 1167 50 5 —

302 1223 17 36 I
359 1223 269 47 sammanhang
666 1220 84 37 med
790 1219 240 37 utfärdandet
1069 1217 40 37 af
1139 1230 52 23 nu
1222 1215 171 48 gällande
1419 1215 152 48 stadgar
1595 1214 59 37 för
1677 1215 45 36 de
1749 1216 63 35 all-

203 1282 136 28 männa
377 1273 330 47 skogsläroverken
749 1271 93 36 hade
882 1282 133 36 genom
1055 1269 124 46 kongl.
1211 1266 84 37 bref
1318 1266 71 36 den
1420 1269 43 33 13
1492 1266 96 47 april
1620 1268 91 34 1886
1740 1265 72 36 för-

203 1326 147 44 klarats,
390 1330 55 30 att
477 1324 72 36 den
576 1323 172 48 lägenhet
775 1322 21 35 å
822 1319 235 50 Djurgården
1083 1318 105 37 invid
1215 1316 226 45 Stockholm,
1468 1316 152 36 hvilken
1648 1315 48 36 då
1721 1329 90 23 vore

204 1376 36 36 åt
267 1376 297 49 skogsinstitutet
590 1372 178 49 upplåten
795 1373 58 35 till
879 1371 189 43 lärosalar,
1091 1370 59 35 till
1168 1368 367 45 bostadslägenheter
1553 1366 37 36 åt
1607 1367 203 36 institutets

203 1428 164 35 direktör
393 1426 70 36 och
489 1425 191 47 betjening
707 1428 96 32 samt
827 1423 58 35 till
903 1420 260 50 inrymmande
1182 1418 40 37 af
1237 1419 201 36 institutets
1457 1418 211 45 samlingar,
1688 1416 123 38 äfven-

204 1491 79 23 som
323 1477 61 36 det
425 1476 37 37 åt
501 1477 184 35 institutet
725 1473 46 37 då
803 1472 173 37 anvisade
999 1469 240 51 jordområde
1265 1469 59 36 för
1350 1469 245 48 plantskolor,
1622 1467 189 49 trädplan-

203 1529 121 47 tering
352 1528 68 35 och
447 1527 211 48 skjutbana,
685 1526 100 47 finge
811 1522 234 38 fortfarande
1070 1521 59 37 för
1155 1534 140 23 samma
1322 1518 172 38 ändamål
1522 1519 225 49 disponeras.

304 1594 142 39 Genom
486 1595 125 47 kongl.
650 1592 86 37 bref
772 1592 69 36 den
883 1594 42 33 31
970 1590 193 36 december
1193 1591 93 34 1890
1314 1587 95 37 hade
1437 1586 186 49 derjemte,
1651 1585 112 37 sedan
1791 1585 20 37 å

204 1647 165 48 anslaget
403 1646 59 36 till
502 1642 304 50 arrendeafgifter
844 1641 59 37 för
942 1642 200 35 institutets
1182 1639 213 46 lägenheter
1420 1651 48 22 m.
1495 1651 47 22 m.
1570 1636 168 49 uppstått
1765 1650 43 23 en

205 1698 195 47 besparing
428 1696 40 36 af
493 1699 71 33 200
591 1696 140 34 kronor
758 1693 222 46 derigenom,
1008 1696 54 31 att
1094 1704 45 23 en
1166 1690 60 36 del
1253 1689 40 36 af
1317 1687 71 38 den
1414 1687 58 37 för
1499 1688 310 46 skogsinstitutets

203 1748 159 46 räkning
389 1745 244 38 arrenderade
659 1757 26 24 s.
715 1745 34 35 k.
776 1742 362 47 Laboratoriehagen
1165 1741 80 35 icke
1272 1740 127 45 längre
1425 1739 98 35 varit
1549 1738 59 36 för
1625 1738 185 36 institutet

203 1798 171 45 behöflig,
401 1797 41 36 af
475 1796 290 47 besparingarna
792 1793 21 36 å
838 1792 412 46 reservationsanslaget
1275 1790 58 35 till
1359 1787 186 38 institutet
1571 1789 161 35 anvisats
1759 1793 52 31 ett

203 1849 135 47 belopp
379 1847 40 36 af
457 1850 71 34 200
568 1848 140 34 kronor
748 1845 150 47 årligen,
938 1848 55 31 att
1019 1841 84 37 från
1131 1842 67 36 och
1224 1840 85 36 med
1337 1840 69 36 den
1438 1843 15 32 1
1484 1851 97 24 mars
1612 1841 95 34 1890
1734 1838 75 36 tills

204 1899 125 36 vidare
369 1897 90 50 utgå
497 1898 58 35 till
594 1897 191 47 praktiska
824 1894 172 46 öfningar
1035 1899 105 30 utom
1180 1892 199 36 institutets
1407 1889 161 46 område,
1596 1889 94 36 dock
1717 1895 92 29 utan

204 1950 188 45 rubbning
420 1948 40 37 af
484 1948 62 36 det
572 1949 12 34 i
612 1946 172 50 gällande
815 1950 72 31 stat
913 1943 192 38 faststälda
1131 1943 135 48 belopp
1293 1941 59 37 för
1378 1941 192 47 praktiska
1596 1939 175 48 öfningar
1797 1940 13 35 i

205 2001 210 35 allmänhet.
455 1999 56 36 Då
530 1997 180 37 särskilda
737 1996 286 48 resepenningar
1049 1995 80 35 icke
1155 1993 134 36 funnes
1317 1991 183 45 anvisade,
1528 1991 138 45 åtnjöte
1685 1990 124 36 veder-

205 2050 163 36 börande
394 2050 118 35 lärare
539 2048 64 36 vid
630 2047 296 48 skogsinstitutet
952 2045 202 44 ersättning
1181 2044 117 46 enligt
1316 2042 171 45 gällande
1505 2041 304 45 resereglemente

204 2101 57 35 för
288 2101 45 34 de
360 2112 109 32 resor,
502 2111 79 23 som
608 2097 41 36 af
673 2098 186 35 elevernas
886 2094 192 49 praktiska
1104 2093 172 47 öfningar
1302 2091 247 43 föranleddes,
1577 2091 151 35 hvilken
1756 2103 53 23 er-

205 2151 162 44 sättning
395 2150 153 46 utginge
574 2147 82 36 från
683 2147 166 45 anslaget
875 2146 58 34 till
961 2144 104 36 dessa
1092 2142 172 46 öfningar
1291 2142 68 35 och
1386 2141 82 36 från
1497 2140 45 36 de
1573 2139 130 46 medel,
1731 2153 78 22 som

205 2214 133 34 genom
365 2198 348 47 skogsindelningar
739 2196 124 36 kunde
891 2194 59 36 för
976 2195 201 35 institutets
1204 2193 157 44 räkning
1389 2191 167 47 intjenas.

306 2251 78 36 Den
412 2256 99 29 stora
537 2248 198 49 betydelse,
755 2244 396 49 skogshushållningen
1179 2243 90 46 egde
1297 2241 58 37 för
1381 2241 137 45 landet,
1545 2241 110 36 hvars
1677 2240 132 50 ytvidd
