2189 2691
426 215 103 31 Andra
552 217 194 29 Kammarens
774 218 165 37 Tillfälliga
967 218 123 30 Utskotts
1129 218 55 29 (N:o
1211 218 32 35 4)
1272 216 150 32 Utlåtande
1445 219 56 28 N:o
1528 219 48 28 IT.
1788 216 17 31 5

217 296 118 35 naden
375 297 58 34 till
475 296 270 36 landtmätarne
787 297 65 35 och
896 297 92 50 gode
1022 305 157 29 männen
1206 297 39 37 år
1277 300 96 36 1875
1405 297 215 51 öfverstiger
1648 299 44 35 de
1719 297 90 38 före-

216 349 137 50 gående
381 350 103 37 årens
511 350 85 36 med
624 351 171 50 omkring
825 354 45 35 25
906 353 57 47 24,
992 353 68 35 och
1089 357 54 31 att
1170 353 212 36 densamma
1409 353 13 35 i
1451 353 60 35 det
1541 353 83 36 hela
1652 355 157 48 uppgått

216 405 58 35 till
305 407 165 42 329,750
499 405 144 43 kronor,
672 419 87 31 som,
785 405 166 37 fördelad
970 406 47 49 på
1036 407 43 36 de
1098 414 167 29 närmare
1286 409 75 35 300
1382 407 280 46 landtmätarne,
1681 408 128 35 hvilka

215 458 170 37 förrättat
427 458 166 46 skiftena,
635 467 66 41 gör
742 465 52 31 ett
835 459 209 38 ärsarfvode
1085 461 46 48 på
1166 462 92 35 hvar
1286 462 67 35 och
1382 474 44 23 en
1455 461 40 36 af
1525 464 106 42 1,765
1663 463 145 43 kronor,

215 511 105 37 deraf
359 513 93 36 dock
493 512 113 37 måste
649 513 170 37 afräknas
861 515 206 50 aflöningen
1108 516 85 35 med
1222 518 21 34 4
1273 516 135 35 kronor
1436 529 64 35 per
1529 515 70 50 dag
1628 516 59 35 till
1716 516 92 49 gode

214 574 159 28 mnännen
415 566 107 37 äfven
565 581 77 23 som
671 570 246 48 ersättningen
945 570 58 35 till
1033 570 286 36 landtmätarnes
1346 570 248 49 medhjelpare
1622 571 67 35 och
1718 571 91 44 elev,

214 621 147 35 hvadan
390 621 260 50 behållningen
677 624 12 34 i
717 623 175 36 medeltal
920 624 79 36 icke
1027 625 104 35 torde
1159 625 125 35 kunna
1313 625 178 35 beräknas
1518 625 61 35 till
1607 625 113 49 högre
1749 626 58 35 be-

214 676 99 47 lopp,
343 682 45 29 än
416 677 170 48 omkring
619 679 110 42 1,500
759 678 145 45 kronor,
934 691 74 23 som
1039 680 219 48 näppeligen
1286 684 108 44 utgör
1422 692 78 22 mer
1529 686 46 28 än
1603 679 98 36 hvad
1730 692 76 23 som

214 728 182 38 erfordras
423 731 59 35 till
510 731 123 49 tarflig
662 732 188 49 bergning,
879 733 66 35 och
976 732 45 36 då
1049 733 100 36 dessa
1178 732 255 37 förhållanden
1461 732 57 37 för
1541 732 113 50 öfrigt
1668 734 136 48 jemväl

213 784 111 36 vinna
367 785 80 36 stöd
485 785 76 36 dels
602 785 113 43 deraf,
757 791 54 31 att
847 787 109 49 ingen
990 788 244 36 landtmätare
1279 788 143 36 kunnat
1456 787 46 49 på
1530 788 62 36 sitt
1618 789 92 48 yrke
1738 787 70 37 för-

213 838 130 37 värfva
371 840 54 48 sig
454 840 230 36 ekonomiskt
710 841 178 45 välstånd,
917 841 67 36 och
1013 842 77 35 dels
1118 841 106 36 deraf
1249 847 53 30 att
1329 843 86 34 flere
1448 843 246 34 landtmätare
1720 843 87 35 lem-

215 898 65 30 nat
308 898 127 40 staten,
464 893 37 37 så
529 899 54 31 att
610 894 475 50 landtmäteri-personalen,
1114 895 91 37 efter
1233 895 39 37 år
1305 899 109 42 1865,
1443 896 45 36 då
1517 896 69 36 den
1619 897 128 36 bestod
1771 896 40 36 af

213 949 73 35 743
308 960 180 36 personer,
507 948 151 49 nedgått
682 950 59 34 till
769 952 87 42 477,
884 951 76 35 deri
980 951 246 36 inberäknade
1249 950 287 37 landtmätarnes
1559 951 249 48 medhjelpare

214 1001 67 36 och
311 1003 130 44 elever,
469 1002 107 36 alltså
604 1016 104 23 anser
736 1003 197 46 Utskottet,
961 1010 55 30 att
1044 1005 136 49 klagan
1207 1005 12 35 i
1248 1005 99 35 detta
1376 1003 167 38 afseende
1562 1004 112 37 måtte
1695 1004 112 38 hafva

213 1056 105 48 ringa
346 1055 72 50 fog,
447 1055 171 38 hvarföre
647 1058 67 35 och
743 1057 45 36 då
817 1058 61 36 det
905 1059 79 35 icke
1013 1058 186 37 befunnits
1227 1060 172 48 lämpligt
1428 1064 54 31 att
1507 1058 57 37 för
1592 1060 211 48 minskning

212 1110 12 34 i
253 1109 293 37 skiftesarfvodet
587 1110 101 50 gifva
729 1112 245 36 landtmätare
1014 1114 62 34 lön
1116 1112 47 49 på
1197 1118 81 40 stat,
1320 1113 67 36 och
1424 1112 45 36 då
1497 1113 61 36 det
1584 1114 80 35 icke
1692 1114 117 35 heller

213 1164 54 35 lär
308 1177 89 23 vara
439 1165 174 49 lämpligt
654 1166 90 35 eller
785 1168 146 35 rättvist
973 1172 63 40 att,
1065 1166 116 37 såsom
1210 1168 227 35 motionären
1465 1167 182 45 hemstält,
1676 1166 40 37 af
1742 1169 64 36 all-

211 1225 135 29 männa
374 1219 120 35 medel
523 1220 133 35 bereda
684 1220 168 49 delegare
880 1222 12 34 i
921 1222 74 35 alla
1024 1228 98 29 ännu
1149 1222 153 36 odelade
1330 1220 198 51 skifteslag,
1548 1220 107 38 äfven
1674 1221 134 37 sådana

212 1272 64 36 der
317 1273 86 48 inga
431 1274 430 49 utflyttningskostnader
889 1274 278 51 ifrågakomma,
1195 1289 54 32 en,
1277 1282 90 30 utan
1395 1274 166 38 afseende
1589 1276 46 49 på
1667 1275 141 38 skiftets

214 1326 134 49 dyrhet
388 1325 57 38 för
482 1326 122 51 öfrigt,
632 1329 77 35 lika
743 1334 74 31 stor
846 1330 209 49 minskning
1083 1331 9 34 i
1123 1331 120 35 blotta
1271 1331 442 45 landtmäterikostnader,
1742 1331 64 36 Ut-

213 1381 135 36 skottet
376 1381 107 37 också
511 1383 131 35 saknar
670 1384 225 49 tillräckliga
924 1385 78 35 skäl
1022 1389 54 31 att
1095 1384 148 37 förorda
1263 1385 61 36 det
1343 1398 44 23 en
1406 1385 231 49 nedsättning
1657 1386 12 34 i
1688 1386 118 36 landt-

214 1436 254 45 mäteritaxan,
497 1437 154 36 hvarom
680 1438 228 36 motionären
935 1439 78 36 icke
1041 1439 117 36 heller
1182 1441 97 47 gjort
1310 1439 119 50 någon
1448 1439 121 36 direkt
1587 1440 219 36 hemställan

213 1490 68 35 och
322 1490 152 36 hvartill
516 1491 136 37 således
714 1491 168 37 Utskottet
922 1493 79 36 icke
1041 1493 117 36 heller
1192 1494 68 36 har
1287 1493 120 50 någon
1435 1492 229 51 befogenhet,
1693 1495 113 36 borde

211 1543 271 38 åstadkommas
510 1546 90 35 eller
628 1551 55 31 att
710 1547 188 35 allmänna
927 1548 120 35 medel
1076 1549 130 44 skulle,
1235 1548 115 36 såsom
1377 1547 196 50 föreslaget
1592 1548 135 46 blifvit,
1746 1549 60 36 till

211 1598 288 37 landtmätarnes
531 1600 190 36 aflönande
741 1601 140 36 anlitas.
937 1601 297 37 Vidkommande
1267 1603 144 35 dernäst
1436 1601 371 38 skifteskostnaderna

211 1651 57 37 för
297 1651 122 49 öfrigt,
454 1653 37 36 så
524 1653 113 37 hafva
675 1655 139 47 jemvaäl
857 1655 101 36 dessa
987 1656 105 48 högst
1119 1657 205 48 väsentligt,
1352 1657 13 35 i
1393 1657 196 48 synnerhet
1616 1657 117 35 under
1762 1657 44 36 de

211 1711 121 31 senast
366 1705 177 38 förflutna
571 1707 96 46 åren,
695 1707 171 46 förökats,
895 1710 179 36 beroende
1104 1710 76 36 dels
1210 1709 113 46 deraf,
1352 1715 63 40 att,
1443 1709 57 37 för
1528 1710 212 37 erhållande
1769 1710 40 37 af

211 1761 182 47 beqväma
422 1760 143 46 skiften,
595 1762 43 35 de
667 1763 405 50 utflyttningsskyldige
1103 1765 211 48 delegarnes
1343 1765 100 35 antal
1472 1771 39 29 är
1540 1770 113 31 större
1672 1765 64 36 vid
1754 1779 52 22 nu

210 1813 202 37 förrättade
448 1815 145 46 skiften,
629 1823 45 28 an
706 1815 194 47 tillförene,
937 1818 66 35 och
1037 1818 77 36 dels
1143 1817 113 46 deraf,
1285 1824 54 30 att
1366 1819 112 48 priset
1505 1818 46 49 på
1580 1819 225 49 dagsverken

213 1868 67 35 och
321 1868 46 49 på
409 1870 75 34 alla
525 1870 63 36 vid
629 1871 264 49 utflyttningen
926 1871 240 50 erforderliga
1194 1874 222 35 materialier
1444 1873 214 49 betydligen
1687 1874 116 48 stigit;

211 1922 64 35 vid
302 1922 143 37 hvilket
471 1922 241 47 förhållande,
741 1925 67 35 och
837 1925 46 36 då
910 1927 74 34 alla
1014 1927 101 35 dessa
1142 1940 51 22 nu
1223 1926 152 36 anförda
1404 1927 310 49 omständigheter
1732 1928 73 35 till-

213 1989 182 23 sammans
422 1978 191 48 verkligen
642 1992 101 22 anses
771 1992 89 23 vara
889 1979 262 37 afskräckande
1179 1980 57 36 för
1264 1981 132 49 många
1425 1981 168 49 delegare
1612 1982 12 34 i
1644 1982 44 35 de
1708 1989 98 29 ännu

213 2029 188 47 oskiftade,
430 2032 68 35 och
525 2030 57 38 för
611 2032 108 36 skifte
748 2033 106 36 också
882 2034 153 45 svårare,
1063 2036 140 48 byarne
1232 2040 54 31 att
1313 2036 134 49 begära
1481 2034 118 47 skifte,
1619 2035 188 42 Utskottet

212 2083 124 37 funnit
378 2086 53 47 sig
474 2086 88 36 böra
603 2087 108 45 tillse,
752 2088 185 36 huruvida
971 2089 111 49 något
1109 2090 60 35 till
1198 2089 269 37 skiftesverkets
1495 2089 160 37 fromma
1684 2097 40 29 är
1752 2096 54 30 att

211 2139 161 49 vidtaga,
402 2140 127 36 dervid
558 2141 114 36 bland
700 2148 112 29 annat
830 2143 158 36 kommit
1006 2145 60 34 till
1085 2144 251 45 betraktande,
1356 2158 59 22 om
1437 2145 61 35 det
1517 2143 110 37 ofvan
1645 2145 160 36 nämnda

212 2193 326 37 statsunderstödet
573 2196 207 49 egentligen
816 2196 188 50 uppfyller
1040 2198 60 36 det
1129 2198 149 37 dermed
1307 2197 148 38 afsedda
1485 2198 223 46 ändamålet;
1737 2200 68 35 och

212 2247 68 35 har
309 2248 11 34 i
350 2249 264 49 sammanhang
643 2250 148 36 dermed
820 2250 187 37 Utskottet
1031 2253 139 47 jemväl
1199 2253 208 45 undersökt,
1436 2267 60 22 om
1526 2253 69 36 den
1614 2252 190 51 försporda

213 2302 137 48 klagan
386 2301 102 38 öfver
535 2304 250 37 understödets
826 2306 149 49 ringhet
1013 2307 72 35 kan
1128 2320 89 22 vara
1246 2306 166 51 befogad.
1468 2307 242 37 Fördenskull
1737 2309 67 35 har
