1902 2850
332 146 105 29 Andra
462 147 183 27 kammarens
665 148 123 32 fjärde
812 145 155 35 tillfälliga
990 146 123 28 utskotts
1134 145 152 29 utlåtande
1310 145 43 28 Nr
1377 147 28 26 ?.
1572 142 36 30 17

125 220 144 38 golvyta.
298 221 117 39 Enligt
443 222 104 32 denna
574 233 91 21 norm
695 222 158 43 beräknas
881 221 228 33 tariffenheter
1138 226 80 27 även
1248 221 50 31 för
1325 220 191 37 korridorer,
1547 219 62 32 för-

126 269 121 35 stugor,
264 269 142 36 trappor,
425 266 202 39 garderober,
646 266 134 38 källare,
800 277 121 27 garage
937 266 58 32 och
1014 265 119 39 dylikt.

171 346 37 41 b)
233 345 298 40 Ljuspunktsnorm
553 346 52 38 för
626 345 183 38 belysning.

168 407 152 34 Normalt
344 408 159 33 beräknas
529 408 53 38 för
605 408 90 40 varje
721 407 191 33 konsument
938 410 47 30 ett
1009 405 223 40 grundbelopp
1258 418 40 21 av
1324 407 20 31 2
1370 405 238 39 tariffenheter.

126 452 182 33 Därutöver
332 452 161 33 beräknas
518 452 51 32 för
594 452 173 38 belysning
790 454 18 30 1
836 451 193 39 tariffenhet
1054 463 57 27 per
1133 451 150 39 påbörjat
1306 451 127 32 100-tal
1457 453 80 29 watt
1560 450 50 32 be-

125 497 353 39 lysningsanslutning,
500 497 80 32 dock
602 497 99 32 minst
724 497 38 38 >
786 495 194 40 tariffenhet
999 508 57 27 per
1077 495 183 41 ljuspunkt.
1280 495 65 32 För
1364 495 126 39 lampor
1511 499 100 28 större

124 546 40 27 än
185 542 63 32 500
267 545 82 29 watt
367 541 192 33 bestämmes
580 541 125 33 antalet
722 540 230 33 tariffenheter
969 541 54 32 för
1041 540 89 38 varje
1148 539 136 34 särskilt
1303 539 73 34 fall.

168 622 33 40 c)
228 622 101 32 Norm
350 622 53 38 för
421 624 137 30 motorer
578 622 59 32 och
657 623 294 36 värmeapparater.

168 684 64 32 För
252 686 136 30 motorer
408 684 159 32 beräknas
588 683 230 33 tariffenheter
838 683 84 33 efter
940 682 202 39 påstiämplat
1162 683 89 32 antal
1271 681 202 39 hästkrafter
1495 682 113 40 (hkr),

128 729 51 32 för
206 730 317 37 värmeapparateter
550 728 83 32 efter
659 727 202 39 påstämplat
888 728 90 31 antal
1008 726 147 34 kilowatt
1188 726 122 41 (KW);
1339 726 118 33 varvid
1483 726 130 38 hänsyn

122 777 91 35 tages
233 773 53 33 till
307 774 59 32 den
387 772 211 39 ungefärliga
618 772 171 39 drifttiden
811 771 103 39 enligt
935 771 234 33 nedanstående
1189 771 111 33 tabell.
1320 770 179 40 Undantag
1518 775 91 35 göres

125 818 50 32 för
192 818 143 33 kvarnar
353 817 57 34 och
429 818 96 38 sågar
543 816 104 40 enligt
663 816 63 34 IV.

333 897 74 27 Tab.
426 897 25 27 I.
476 897 126 27 Normer
620 896 51 27 för
690 897 135 26 motorer
843 896 88 35 (hkr)
951 896 57 27 och
1026 896 268 34 värmeapparater
1312 895 87 33 (kW)

802 964 3 19 ;
982 964 2 9 ;

146 999 116 24 Drifttid
279 999 108 24 timmar
405 1006 45 24 per
468 999 29 24 år
528 1018 4 4 .
561 1017 5 5 .
595 1018 4 4 .
625 992 16 42 |
665 996 101 27 0—600
802 987 176 80 [601-—1,200
997 996 184 32 1,201—1,800
1190 991 11 41 |
1208 995 183 32 1,801—2.400
1476 995 75 30 2,401
1613 960 3 41 |

981 1043 3 20 I
1403 1043 2 19 |
1435 1031 65 24 eller
1518 1036 71 19 mera

1402 1072 2 15 I

146 1109 194 25 Tariffenheter
357 1116 45 24 per
419 1108 50 25 hkr
482 1109 63 25 eller
556 1108 51 24 EW
629 1074 2 65 |
695 1107 40 39 2
804 1073 4 67 |
855 1106 57 41 3
982 1073 4 67 |
1089 1106 17 26 4
1191 1072 74 74 bo
1297 1106 17 26 5
1402 1103 3 35 |
1509 1105 18 25 6

123 1204 61 32 IV.
203 1204 245 38 Tariffenheter
466 1204 52 38 för
535 1204 143 32 kvarnar
695 1203 58 32 och
770 1204 106 37 sågar.

166 1274 68 34 Vid
255 1275 245 33 fastställandet
517 1287 40 21 av
575 1274 335 39 bygdenätsavgiften
928 1274 162 33 beräknas
1105 1273 72 33 icke
1194 1274 103 38 några
1313 1272 231 35 tariffenheter
1561 1272 51 32 för

122 1323 146 35 motorer,
284 1332 67 20 som
367 1320 167 33 användas
548 1319 207 33 uteslutande
769 1319 52 32 för
835 1319 278 39 limmersågning,
1128 1318 29 38 e)
1173 1318 102 33 heller
1291 1318 52 32 för
1358 1318 251 35 kvarnmotorer,

124 1364 13 32 i
156 1364 61 32 den
237 1365 74 31 mån
330 1364 93 34 dessa
442 1364 166 33 användas
630 1364 52 32 för
700 1364 124 39 grödan
845 1363 74 33 från
939 1363 161 39 områden,
1120 1375 68 20 som
1208 1368 54 28 äro
1281 1361 242 34 elektrifierade
1541 1361 72 33 med

121 1408 93 32 kraft
240 1409 74 32 från
339 1408 384 39 Vattenfallsstyrelsens
748 1408 241 39 anläggningar
1014 1408 58 32 och
1097 1408 71 32 icke
1194 1407 159 32 förbruka
1378 1410 100 29 större
1503 1406 108 34 effekt

124 1457 40 27 än
184 1454 42 31 35
247 1453 160 33 kilowatt.

127 1497 39 33 V.
187 1496 163 34 Allmänt.
1548 1516 3 3 :

165 1541 143 33 Bråkdel
331 1554 40 20 av
394 1541 260 33 tariffenhetstal
680 1541 51 32 för
752 1541 90 38 varje
866 1541 194 32 konsument
1083 1540 162 32 avrundas
1267 1539 53 33 till
1344 1543 146 31 närmast
1511 1539 99 38 högre

125 1586 75 33 hela
219 1586 58 33 tal.

125 1675 59 33 VI.
210 1674 419 39 Undantagsbestämmelse
647 1675 52 39 för
718 1675 135 39 företag,
875 1674 107 33 vilkas
1002 1674 227 39 tariffenheter
1249 1674 69 39 före
1336 1675 38 31 år
1398 1669 77 49 1930
1496 1673 114 32 beräk-

225 1722 74 31 nats
315 1720 103 39 enligt
437 1721 86 31 1923
540 1722 53 31 års
609 1731 137 21 normer.

169 1791 61 33 Om
252 1791 294 33 tariffenhetstalet
571 1791 51 32 för
644 1791 156 38 jordbruk
824 1790 58 33 och
906 1789 319 39 bostadslägenheter
1247 1789 73 34 avd.
1344 1789 19 32 I
1386 1789 58 32 och
1468 1788 38 33 II
1529 1800 83 21 sam-

127 1836 146 38 manlagt
290 1836 63 32 blir
370 1836 91 38 lägre
478 1848 114 26 genom
612 1836 84 31 1923
715 1836 52 31 års
785 1846 126 21 normer
929 1840 40 27 än
986 1846 114 27 genom
1120 1835 84 31 1930
1222 1835 52 31 års
1292 1845 136 26 normer,
1446 1833 166 38 tillämpas

131 1881 82 32 1923
232 1881 51 31 års
301 1892 126 20 normer
446 1881 72 31 avd.
536 1880 18 31 I
572 1880 58 32 och
648 1880 48 32 II.

460 1975 173 33 KUNGL.
651 1974 631 33 VATTENFALLSSTYRELSEN.

169 2539 116 33 Bihang
309 2538 47 29 till
378 2538 172 33 riksdagens
572 2536 143 35 protokoll
739 2538 88 26 1930.
857 2539 33 25 13
915 2535 83 29 saml.
1022 2533 17 31 4
1064 2535 63 29 avd.
1152 2538 17 25 6
1195 2535 75 34 häft.
1293 2535 59 36 (Nr
1376 2534 107 38 7—8.)
