2224 2620
682 201 116 30 Andra
825 199 216 41 lngutskottets
1067 199 165 31 utlåtande
1258 199 50 31 Nr
1339 200 47 30 12.
1813 201 20 30 d

238 296 121 23 annan
403 283 102 44 visat,
546 286 52 32 att
628 282 59 35 vid
718 294 96 24 mera
844 280 187 49 långvarig
1059 280 166 50 sjukdom
1256 280 86 36 eller
1371 281 60 36 vid
1460 281 205 36 invaliditet
1692 287 141 30 natura-

241 337 179 37 förmåner
462 337 63 35 och
572 335 242 37 vinstandelar
857 335 260 47 uppskattades
1160 334 56 36 till
1258 335 127 46 högsta
1414 334 144 49 möjliga
1586 335 129 48 belopp
1744 339 89 32 utan

239 392 140 47 hänsyn
408 390 56 36 till
493 391 43 35 de
557 389 195 48 uppgifter,
775 402 73 23 som
871 390 153 34 lämnats
1044 388 56 36 för
1120 388 263 47 försäkringen.
1416 389 418 47 Försäkringsanstalten

239 445 90 37 bade
372 443 227 50 följaktligen
628 443 70 36 fått
727 456 103 23 svara
858 442 56 36 för
941 443 110 46 högre
1081 442 76 35 risk
1186 447 44 30 än
1260 454 74 23 som
1364 442 109 48 tagits
1502 443 12 35 i
1542 443 202 47 beräkning
1773 443 61 35 vid

239 498 222 49 premicrnas
503 496 280 45 bestämmande,
828 496 113 36 vilket
966 497 40 48 ju
1036 496 30 48 ej
1098 496 123 35 kunde
1265 508 83 23 vara
1379 496 155 44 rättvist,
1565 509 54 22 om
1650 497 60 35 det
1738 501 96 31 över-

239 552 227 48 huvudtaget
496 563 82 24 vore
608 551 204 47 meningen,
843 554 53 32 att
925 549 370 48 premiebetalningen
1319 549 119 36 skulle
1458 553 110 33 rättas
1588 550 91 36 efter
1699 550 132 36 risken.

344 606 56 35 En
430 605 150 48 lämplig
608 604 201 47 anordning
835 603 13 36 1
867 604 216 36 hithörande
1104 604 198 35 avseenden
1324 603 117 36 skulle
1462 603 113 49 enligt
1594 604 241 36 motionärens

239 660 233 39 förmenande
506 659 127 36 vinnas
662 671 126 35 genom
821 661 52 33 att
902 658 68 35 den
998 656 173 37 taxerade
1200 657 264 36 årsinkomsten
1494 671 42 22 av
1566 658 138 36 arbetet
1733 658 102 35 bleve

239 726 149 24 normen
416 713 56 36 för
500 713 91 36 både
620 711 366 49 premiebetalningen
1016 712 66 35 och
1111 710 372 48 skadeersättningen.
1540 711 209 48 Vetskapen
1779 724 55 23 om

240 771 53 35 att
321 767 182 48 utgående
531 765 452 49 olycksfallsersättningar
1012 765 143 35 komme
1183 767 54 33 att
1267 764 214 36 bestämmas
1510 765 92 36 efter
1621 765 215 47 taxeringen

239 821 117 39 skulle
384 824 89 32 utan
501 819 113 38 tvivel
643 819 194 37 medverka
864 819 56 35 till
949 822 51 33 att
1025 819 43 35 de
1097 818 278 44 deklarationer,
1405 831 74 23 som
1509 818 96 48 ligga
1634 819 55 35 till
1717 819 119 46 grund

239 875 56 36 för
337 874 226 48 taxeringen,
609 873 102 36 bleve
754 873 83 35 vida
880 885 96 23 mera
1017 884 210 36 noggranna
1256 878 45 29 än
1331 873 69 35 vad
1429 872 73 36 ofta
1531 885 48 22 nu
1611 885 81 23 vore
1721 872 113 36 fallet.

349 929 68 35 För
460 932 52 32 att
542 927 197 37 emellertid
768 928 45 35 de
841 927 116 47 lägsta
985 926 260 44 inkomsterna,
1277 938 82 23 vare
1388 925 56 48 sig
1472 927 44 35 de
1550 939 82 23 vore
1665 926 172 36 taxerade

240 983 86 36 eller
354 982 46 49 ej,
430 981 80 37 icke
539 981 117 36 skulle
687 980 160 36 medföra
875 980 121 37 alltför
1019 980 146 47 knappa
1186 979 360 49 ersättningsbelopp,
1569 992 83 24 vore
1672 980 164 47 lämpligt

240 1037 210 43 bestämma,
481 1038 52 33 att
564 1034 137 36 mindre
730 1040 46 29 än
808 1036 75 35 600
912 1034 133 35 kronor
1073 1034 32 48 ej
1136 1034 94 47 finge
1259 1033 179 36 beräknas
1459 1037 113 36 såsom
1593 1034 91 47 årlig
1703 1034 133 36 arbets-

241 1089 181 49 förtjänst,
467 1095 90 30 även
599 1101 54 23 om
698 1089 118 35 denna
845 1088 12 35 i
886 1087 251 48 verkligheten
1166 1091 135 32 ansetts
1331 1087 209 48 understiga
1569 1088 97 35 detta
1694 1088 139 47 belopp.

346 1144 18 35 I
393 1143 63 36 sitt
498 1143 55 35 till
597 1142 174 36 utskottet
814 1141 155 48 avgivna
1011 1142 169 47 yttrande
1221 1142 67 35 har
1330 1141 327 48 försäkringsrådet
1686 1142 151 35 rörande

242 1196 240 37 motionärens
510 1196 277 47 ifrågavarande
815 1195 310 47 ändringsförslag
1154 1194 118 36 anfört
1301 1194 172 48 följande:

370 1294 117 32 Såsom
513 1295 50 30 ett
587 1304 41 21 av
653 1294 148 31 motiven
826 1293 53 31 till
904 1292 64 32 den
992 1292 195 41 föreslagna
1211 1292 189 41 ändringen
1425 1302 40 20 av
1491 1291 45 42 98
1558 1302 103 31 anger
1677 1293 162 31 motionä-

240 1350 59 22 ren
333 1339 67 32 den
425 1339 173 37 orättvisa,
625 1338 112 32 vartill
760 1337 262 41 tillämpningen
1047 1347 42 21 av
1112 1336 221 42 paragrafens
1358 1336 252 31 bestämmelser
1633 1336 107 32 skulle
1765 1336 76 32 leda

241 1385 54 32 för
331 1384 164 37 arbetare,
532 1393 70 22 som
637 1382 119 32 endast
780 1382 220 41 tillfälligtvis
1025 1381 94 32 utför
1143 1380 113 32 arbete
1281 1381 53 31 för
1358 1380 335 42 försikringspliktig
1716 1381 125 31 arbets-

242 1430 131 41 givares
409 1428 156 41 räkning,
597 1437 76 22 men
698 1427 98 41 eljest
820 1426 135 32 arbetar
978 1426 55 31 för
1056 1436 84 30 egen
1166 1425 53 32 del
1244 1426 80 31 eller
1348 1426 36 31 åt
1408 1425 72 32 icke
1505 1425 336 42 försäkringspliktig

242 1474 230 41 arbetsgivare
508 1475 24 29 t.
572 1482 49 22 ex.
658 1473 35 30 åt
728 1471 177 32 föräldrar.
954 1471 216 31 Motionären
1206 1480 98 32 synes
1339 1470 120 31 härvid
1483 1470 88 32 hava
1593 1470 158 32 förbisett
1775 1470 65 32 den

242 1518 149 33 ändrade
416 1517 136 42 lydelse,
578 1528 69 21 som
673 1518 108 30 första
806 1516 131 41 stycket
962 1526 39 21 av
1027 1515 112 32 denna
1163 1515 161 43 paragraf
1348 1514 135 32 erhållit
1507 1525 119 31 genom
1652 1515 99 41 lagen
1775 1515 65 32 den

247 1565 37 31 15
319 1563 75 42 juni
433 1562 93 32 1922.
577 1562 120 31 Denna
732 1560 201 42 förändring
969 1560 132 42 vidtogs
1138 1560 170 41 nämligen
1344 1560 72 41 just
1440 1560 10 30 i
1476 1560 56 31 det
1563 1570 39 21 av
1629 1560 211 32 motionären

242 1608 148 41 angivna
414 1607 115 42 syftet.

350 1652 76 31 Den
462 1651 107 32 andra
604 1662 40 20 av
670 1651 211 31 motionären
908 1651 171 40 uppgivna
1104 1650 214 40 svårigheten
1344 1650 10 29 i
1379 1649 98 41 fråga
1502 1660 53 20 om
1580 1649 259 41 tillämpningen

245 1708 39 21 av
310 1698 19 31 9
353 1695 22 43 8
398 1706 97 22 avser
530 1696 230 40 beräkningen
796 1705 40 21 av
871 1694 117 31 värdet
1023 1704 40 20 av
1096 1693 305 38 naturaförmåner,
1427 1703 70 22 som
1522 1693 116 31 kunna
1660 1694 80 40 ingå
1764 1694 11 30 i
1800 1704 39 20 en

245 1741 171 32 arbetares
452 1740 169 41 avlöning.
671 1739 70 31 Dir
764 1738 297 32 naturaförmåner
1085 1738 81 41 ingå
1189 1738 10 30 i
1225 1738 214 40 avlöningen,
1465 1738 128 40 åligger
1617 1738 57 31 det
1697 1738 144 40 givetvis

244 1785 447 42 försäkringsinrättningen
716 1785 60 36 att,
802 1784 106 30 innan
932 1783 153 31 definitiv
1109 1782 297 41 premiereglering
1430 1782 84 38 sker,
1540 1782 152 31 infordra
1715 1782 128 41 nödiga

245 1831 174 42 uppgifter
451 1829 143 33 rörande
619 1829 97 31 dessa
739 1828 172 31 förmåner
935 1828 87 31 samt
1047 1829 51 29 att
1123 1827 192 31 värdesätta
1340 1826 169 32 desamma
1535 1826 75 32 med
1633 1827 131 41 hänsyn
1789 1826 52 31 till

245 1876 41 30 de
310 1875 158 41 grunder,
494 1875 87 30 efter
607 1873 88 31 vilka
719 1873 190 41 ersättning
933 1872 85 31 skall
1043 1871 174 33 beriiknas,
1255 1871 116 42 Några
1393 1873 106 30 större
1517 1871 207 41 svårigheter
1741 1881 100 31 synas

245 1919 72 31 icke
341 1919 105 31 härav
471 1918 129 32 behöva
625 1917 203 32 föranledas.

352 1963 75 31 Vad
463 1963 211 31 motionären
709 1962 99 32 anför
832 1962 143 31 rörande
1000 1961 218 41 olägenheter
1243 1961 52 31 för
1319 1961 488 41 försäkringsinrättningarua
1831 1961 9 29 i

247 2008 94 41 fråga
378 2017 54 21 om
469 2007 422 41 försäkringsavgifternas
927 2005 188 41 beräkning
1151 2005 55 30 vid
1244 2004 166 41 tillfälligt
1445 2005 123 38 arbete,
1605 2005 97 31 beror
1725 2005 43 40 på
1792 2007 50 28 ett

247 2051 248 37 missförstånd,
521 2051 43 31 då
588 2051 64 32 den
677 2052 8 29 i
712 2051 114 40 vanlig
850 2050 145 40 ordning
1020 2049 191 31 beräknade
1239 2049 153 41 avgiften
1417 2049 53 31 för
1493 2048 122 32 sådant
1639 2048 112 32 arbete
1775 2050 65 29 tiic-

248 2097 58 30 ker
341 2096 113 31 risken
485 2096 53 30 för
562 2095 63 31 den
651 2095 60 37 tid,
738 2095 86 30 huru
849 2094 77 31 kort
951 2093 63 32 den
1040 2096 41 28 än
1107 2093 55 31 iå
1187 2103 87 27 vara,
1300 2103 69 21 som
1397 2092 130 32 arbetet
1551 2093 112 40 pågår.
1712 2093 128 31 Annor-

247 2139 103 33 lunda
374 2139 163 32 förhåller
560 2139 58 32 det
650 2140 51 40 sig
726 2139 10 30 i
761 2138 41 32 de
826 2138 69 37 fall,
921 2138 42 31 då
987 2137 228 41 minderåriga
1239 2137 172 31 användas
1436 2137 53 31 till
1513 2137 113 31 arbete
1650 2138 10 29 i
1685 2139 49 29 ett
1758 2137 83 31 före-

247 2189 68 37 tag.
365 2184 17 31 I
418 2184 123 31 sådant
575 2183 61 31 fall
672 2183 107 31 skulle
810 2182 195 41 visserligen
1031 2182 123 31 förlust
1179 2181 53 32 för
1256 2181 445 41 försäkringsinrättningen
1727 2181 115 31 kunna

248 2229 214 41 uppkomma,
499 2238 54 21 om
589 2228 51 31 till
676 2227 109 41 grund
810 2227 54 31 för
888 2226 381 41 försikringsavgiftens
1294 2225 215 32 beräknande
1534 2225 114 41 lägges
1672 2225 62 31 den
1762 2226 79 29 min-

248 2274 169 40 deråriges
455 2272 149 40 verkliga
639 2271 287 41 arbetsförtjänst.
978 2270 63 31 För
1066 2273 51 28 att
1141 2270 127 41 skydda
1294 2270 51 42 sig
1371 2273 67 27 mot
1464 2270 166 31 eventuell
1656 2269 121 32 förlust
1802 2281 39 18 av

1861 1138 187 33 Forsäkrings-

1912 1174 84 26 rådet.
