1896 2780
533 140 286 32 Statsutskottets
837 142 179 31 utlåtande
1032 153 42 20 nr
1093 144 39 29 10
1149 144 38 29 år
1206 145 85 29 1966
1618 149 39 30 29

169 219 60 33 tet,
261 228 76 21 som
368 220 149 30 sålunda
547 222 181 39 avstyrker
759 222 58 30 det
847 223 233 39 nyssberörda
1111 225 337 39 motionsyrkandet.
1481 226 175 29 Utskottet

168 270 213 37 hemställer,

534 328 50 29 att
608 327 189 40 riksdagen
822 328 68 35 må,
916 330 79 29 med
1019 330 100 30 bifall
1143 331 54 30 till
1222 331 126 39 Kungl.
1374 332 125 40 Maj:ts
1525 332 131 40 förslag

490 383 90 28 samt
603 382 79 29 med
705 383 118 39 avslag
846 383 19 30 å
888 384 218 30 motionerna
1130 385 27 30 I:
1175 385 63 30 298
1261 386 65 28 och
1349 386 44 30 II:
1411 386 72 35 368,
1507 386 53 30 till
1581 387 75 29 Sta-

488 434 75 29 tens
589 434 138 30 institut
751 436 56 39 för
831 436 349 40 konsumentfrågor:
1208 437 259 32 Omkostnader
1491 439 56 30 för
1570 439 86 30 bud-

487 487 131 39 getåret
639 488 148 37 1966/67
807 489 122 31 anvisa
946 492 48 28 ett
1013 490 274 41 förslagsanslag
1305 502 43 20 av
1368 492 93 30 1389
1477 493 62 30 000
1558 493 51 30 kr.

212 582 97 35 63:0)
335 584 136 32 Statens
491 586 136 30 institut
648 588 56 28 för
725 587 342 38 konsumentfrågor:
1090 590 401 36 Upplysningsmateriel.
1515 592 13 28 I
1549 592 105 37 enlig-

166 635 59 30 het
241 637 80 29 med
336 638 125 39 Kungl.
477 639 124 40 Maj:ts
617 639 132 40 förslag
769 641 130 39 (punkt
915 642 27 29 G
957 642 30 33 9,
1003 651 25 20 s.
1048 642 92 34 134),
1156 643 108 29 vilket
1280 644 145 29 innebär
1440 653 44 20 en
1499 645 156 39 anslags-

165 688 133 41 ökning
320 691 79 30 med
422 692 41 29 28
478 692 63 30 000
564 693 64 34 kr.,
650 693 205 31 hemställer
877 695 180 34 utskottet,

531 747 50 28 att
603 746 188 40 riksdagen
814 748 57 30 må
892 749 54 29 till
967 748 138 30 Statens
1129 749 140 30 institut
1291 750 55 40 för
1369 751 285 40 konsumentfrå-

485 808 78 30 gor:
584 800 398 40 Upplysningsmateriel
999 802 54 30 för
1071 803 206 39 budgetåret
1298 804 147 36 1966/67
1465 805 122 30 anvisa
1605 808 48 27 ett

484 853 360 41 reservationsanslag
865 864 44 21 av
934 855 59 30 138
1007 855 64 31 000
1094 856 52 30 kr.

210 947 98 35 64:0)
330 949 134 32 Statens
481 950 282 33 konsumentråd.
782 953 13 28 I
813 953 152 39 enlighet
983 954 79 29 med
1080 954 126 40 Kungl.
1224 956 125 39 Maj:ts
1368 956 132 39 förslag
1522 957 130 39 (punkt

164 1000 28 30 G
216 1001 49 34 10,
288 1011 25 20 s.
340 1002 59 30 134
421 1012 29 21 o.
477 1003 93 35 135),
592 1004 106 30 vilket
721 1005 146 30 innebär
889 1016 43 20 en
953 1008 275 40 anslagsökning
1249 1009 80 29 med
1354 1010 14 28 1
1385 1009 62 31 000
1470 1011 64 33 kr.,
1557 1011 95 30 hem-

163 1054 120 30 ställer
306 1055 181 36 utskottet,
1279 1061 2 3 |

527 1112 50 28 att
600 1111 189 39 riksdagen
811 1113 57 30 må
891 1114 53 29 till
966 1114 138 29 Statens
1128 1115 280 31 konsumentråd
1430 1117 56 29 för
1509 1117 143 40 budget-

485 1163 74 31 året
578 1164 147 35 1966/67
744 1166 122 30 anvisa
883 1168 48 29 ett
949 1167 274 41 förslagsanslag
1239 1178 43 21 av
1302 1169 59 30 148
1376 1170 63 30 000
1457 1171 52 29 kr.

207 1259 98 35 65:0)
330 1262 488 39 Konsumentvaruforskning
835 1266 64 29 och
918 1266 429 38 konsumentupplysning.
1368 1268 13 29 I
1400 1269 152 39 enlighet
1571 1271 79 28 med

163 1311 125 40 Kungl.
308 1313 124 40 Maj:ts
451 1314 132 41 förslag
607 1315 129 40 (punkt
755 1317 28 30 G
803 1318 49 34 11,
873 1328 25 20 s.
921 1318 202 36 135—137),
1142 1320 109 30 vilket
1269 1320 145 31 innebär
1433 1331 43 20 en
1495 1323 155 39 anslags-

161 1364 133 41 ökning
313 1368 79 29 med
412 1367 63 30 290
490 1368 63 30 000
573 1369 63 34 kr.,
655 1368 205 32 hemställer
880 1371 180 35 utskottet,

526 1423 50 28 att
597 1422 189 40 riksdagen
808 1424 57 30 må
886 1425 53 29 till
959 1425 498 43 Konsumentvaruforskning
1477 1429 65 29 och
1565 1430 84 29 kon-

481 1476 357 41 sumentupplysning
858 1478 54 29 för
932 1478 204 39 budgetåret
1160 1480 149 35 1966/67
1330 1482 122 30 anvisa
1472 1484 48 28 ett
1541 1492 108 21 reser-

481 1528 262 41 vationsanslag
760 1540 43 20 av
820 1530 19 29 2
854 1531 63 29 230
932 1531 62 30 000
1013 1532 51 29 kr.

205 1623 97 35 66:0)
327 1624 125 38 Bidrag
470 1625 54 30 till
542 1627 508 32 varudeklarationsnämnden.
1072 1630 12 29 I
1104 1616 153 59 enlighet
1278 1632 80 30 med
1377 1633 125 39 Kungl.
1523 1635 124 39 Maj:ts

160 1676 132 40 förslag
320 1677 129 39 (punkt
472 1679 28 30 G
524 1679 50 34 12,
598 1689 24 20 s.
650 1680 60 30 138
733 1690 30 21 o.
790 1681 93 35 139),
907 1682 107 30 vilket
1036 1684 146 30 innebär
1205 1694 43 20 en
1271 1686 275 40 anslagsökning
1568 1689 78 29 med

163 1729 60 30 100
238 1730 62 30 000
323 1731 63 34 kr.,
408 1732 205 30 hemställer
634 1734 182 35 utskottet,

524 1788 51 27 att
588 1787 188 39 riksdagen
791 1789 59 29 må
863 1789 53 30 till
930 1789 128 40 Bidrag
1074 1790 52 30 till
1140 1792 504 32 varudeklarationsnämnden

479 1838 54 30 för
551 1839 204 39 budgetåret
777 1841 148 36 1966/67
945 1843 121 30 anvisa
1084 1846 47 27 ett
1150 1845 124 39 anslag
1291 1855 43 20 av
1352 1847 61 29 600
1429 1847 63 30 000
1511 1848 52 30 kr.

508 1984 142 33 Patent-
668 1986 67 33 och
751 1988 409 43 registreringsväsendet
1175 2002 49 21 m.
1241 2003 49 20 m.

201 2083 96 36 67:0)
323 2086 134 29 Patent-
479 2088 64 28 och
565 2088 372 37 registreringsverket:
963 2091 220 36 Avlöningar.
1207 2094 13 28 I
1243 2093 151 40 enlighet
1417 2095 79 29 med
1519 2091 124 48 Kungl.

157 2135 124 40 Maj:ts
304 2138 131 40 förslag
461 2139 129 39 (punkt
612 2141 30 29 H
667 2142 26 33 1,
716 2151 25 23 s.
767 2142 204 35 140—146),
992 2144 107 30 vilket
1120 2145 147 30 innebär
1288 2156 44 19 en
1352 2157 42 19 av
1414 2148 94 29 vissa
1529 2158 116 29 perso-

157 2189 72 28 nal-
250 2191 64 28 och
337 2191 379 40 tjänsteförändringar
740 2197 90 28 samt
853 2196 290 41 löneomräkning
1165 2199 183 30 föranledd
1371 2201 273 39 anslagsökning

157 2242 78 29 med
255 2243 62 29 845
333 2244 62 30 000
416 2245 63 34 kr.,
499 2245 201 31 hemställer
721 2248 181 34 utskottet,

521 2300 50 27 att
594 2299 186 39 riksdagen
805 2302 57 28 må

521 2351 36 33 a)
588 2352 187 38 godkänna
801 2354 156 39 följande
983 2356 254 38 avlöningsstat
1264 2358 53 29 för
1343 2361 134 36 patent-
1503 2361 64 29 och
1593 2371 50 19 re-

477 2404 335 39 gistreringsverket,
840 2409 50 28 att
918 2408 175 39 tillämpas
1121 2410 70 29 tills
1219 2410 119 30 vidare
1365 2412 78 29 från
1472 2414 65 29 och
1565 2415 78 29 med

476 2456 203 40 budgetåret
702 2459 164 35 1966/67:
