1900 2774
255 164 36 30 16
606 154 283 32 Statsutskottets
911 149 179 31 utlåtande
1109 158 43 19 nr
1173 148 39 28 10
1232 147 39 29 år
1293 146 82 29 1966

253 242 77 38 ring
348 249 40 21 av
408 237 311 31 bestämmelserna
740 242 73 21 som
834 231 177 30 erfordras
1035 229 52 29 för
1109 229 49 28 att
1179 226 83 39 höja
1285 226 55 29 det
1362 224 135 37 belopp,
1519 220 90 30 intill
1631 219 106 29 vilket

254 296 129 28 statens
401 291 165 31 tekniska
582 285 267 41 forskningsråd
866 285 64 29 har
948 285 68 28 rätt
1035 284 49 27 att
1103 280 116 30 utdela
1238 278 120 38 anslag
1377 278 86 27 utan
1481 276 50 29 att
1549 273 113 30 beslut
1681 280 56 20 om

253 347 142 39 beviljat
427 344 122 38 bidrag
582 342 88 29 skall
703 338 233 31 underställas
971 335 125 39 Kungl.
1130 333 105 39 Maj:t
1269 331 54 29 för
1357 326 266 43 godkännande,
1659 325 78 29 från

257 400 59 30 100
331 399 61 30 000
418 399 52 29 kr.
494 397 52 30 till
570 395 60 30 300
646 394 62 30 000
733 394 62 32 kr.,
820 393 10 29 i
855 391 110 30 likhet
989 389 78 29 med
1092 388 65 28 vad
1183 394 75 21 som
1283 393 97 21 avses
1406 383 143 28 komma
1574 381 47 28 att
1649 378 88 39 gälla

255 454 53 29 för
330 449 314 40 forskningsråden
665 448 96 29 inom
783 440 518 41 ecklesiastikdepartementets
1325 435 152 31 område.

297 503 227 32 Beträffande
549 499 251 38 motiveringen
824 497 54 29 för
903 495 96 30 detta
1021 492 158 42 yrkande
1202 490 166 30 hänvisar
1393 487 170 30 utskottet
1588 485 52 29 till
1666 492 71 21 mo-

257 561 125 28 tionen.

300 664 175 30 Utskottet
499 662 59 29 vill
582 662 10 28 i
616 658 189 40 anledning
827 666 43 21 av
893 655 180 30 motionen
1097 652 44 29 II:
1158 651 62 30 223
1246 648 189 31 framhålla
1459 648 50 29 att
1534 643 206 38 erforderlig

256 716 227 39 samordning
506 715 53 30 får
582 712 207 30 förutsättas
811 711 61 29 ske
894 718 43 21 av
958 709 43 29 de
1022 704 263 33 bestämmelser
1308 711 76 21 som
1406 701 152 38 reglerar
1580 699 42 29 de
1645 697 94 30 olika

257 769 331 41 forskningsrådens
613 766 207 39 befogenhet
845 765 50 29 att
920 762 130 38 bevilja
1075 759 121 39 bidrag
1222 759 96 29 inom
1346 764 121 22 ramen
1494 753 55 30 för
1576 750 165 32 anvisade

257 826 130 38 anslag.
415 824 54 29 Då
496 821 191 31 emellertid
717 818 215 41 prövningen
961 824 42 21 av
1032 814 114 30 denna
1176 811 98 39 fråga
1304 810 207 30 ankommer
1540 806 45 40 på
1616 804 124 39 Kungl.

256 878 105 39 Maj:t
389 877 63 29 bör
482 876 66 29 den
577 870 265 42 ifrågavarande
871 869 179 29 motionen
1078 866 71 30 inte
1179 863 182 31 föranleda
1389 861 116 39 någon
1533 858 206 38 riksdagens

258 931 130 40 åtgärd.

301 985 116 30 Under
437 981 218 40 åberopande
675 989 42 21 av
737 979 56 29 det
813 976 148 31 anförda
982 975 64 30 och
1067 974 42 30 då
1130 972 125 39 Kungl.
1277 970 125 40 Maj:ts
1423 965 228 32 förevarande
1673 965 69 29 för-

258 1040 72 37 slag
349 1039 71 28 inte
441 1038 70 38 gett
534 1035 166 29 utskottet
722 1031 188 38 anledning
930 1029 52 31 till
1005 1028 139 30 erinran
1165 1024 202 31 hemställer
1389 1022 180 32 utskottet,

623 1088 27 28 1.
676 1088 50 28 att
752 1084 186 39 riksdagen
964 1082 58 29 må
1047 1081 52 29 till
1127 1077 154 31 Teknisk
1306 1075 187 41 forskning
1520 1073 54 30 för
1599 1071 144 39 budget-

578 1141 72 30 året
667 1138 147 36 1966/67
831 1137 121 30 anvisa
967 1137 48 28 ett
1031 1131 355 38 reservationsanslag
1403 1138 41 20 av
1463 1128 38 29 18
1516 1126 62 31 200
1593 1125 62 30 000
1672 1125 69 33 kr.;

622 1193 29 32 2
673 1194 51 28 att
746 1190 177 30 motionen
945 1188 45 29 II:
1007 1187 62 29 223
1091 1186 77 29 icke
1189 1184 58 30 må
1268 1181 182 31 föranleda
1471 1180 114 38 någon
1607 1177 135 30 riksda-

579 1255 81 31 gens
681 1245 132 39 åtgärd.

303 1357 96 35 40:0)
431 1355 172 30 Institutet
628 1354 57 29 för
710 1350 261 37 nyttiggörande
997 1358 42 20 av
1065 1344 356 37 forskningsresultat,
1447 1341 152 30 INFOR:
1627 1338 116 31 Admi-

260 1408 398 32 nistrationskostnader.
683 1405 124 39 Kungl.
830 1403 106 39 Maj:t
958 1402 65 29 har
1052 1400 129 40 (punkt
1204 1399 27 28 E
1255 1397 30 34 3,
1309 1406 25 20 s.
1358 1396 40 30 87
1423 1404 30 20 o.
1477 1394 58 34 88)
1565 1391 178 39 föreslagit

260 1463 188 39 riksdagen
477 1463 49 28 att
554 1461 53 29 till
635 1457 266 40 ifrågavarande
930 1454 164 31 ändamål
1125 1453 53 29 för
1207 1450 204 39 budgetåret
1444 1446 147 37 1966/67
1622 1445 120 30 anvisa

260 1519 47 27 ett
327 1514 273 40 förslagsanslag
618 1523 42 20 av
681 1512 61 29 100
756 1511 62 30 000
838 1511 51 28 kr.

304 1623 66 29 Till
397 1622 194 29 institutets
618 1614 493 34 administrationskostnader
1138 1613 65 29 har
1231 1612 54 29 för
1313 1608 235 31 innevarande
1575 1605 168 40 budgetår

260 1677 189 30 beräknats
470 1674 111 30 medel
603 1673 110 30 under
734 1671 116 30 tionde
871 1669 241 30 huvudtitelns
1133 1664 318 37 kommittéanslag.
1474 1661 125 39 Kungl.
1621 1660 123 38 Maj:ts

263 1731 129 38 förslag
410 1729 145 29 innebär
575 1729 47 27 att
641 1728 47 28 ett
708 1725 140 30 särskilt
867 1724 121 37 anslag
1005 1724 54 27 tas
1079 1730 68 30 upp
1167 1720 10 29 i
1194 1720 200 28 riksstaten.

307 1837 12 28 I
336 1835 229 31 förevarande
583 1832 254 38 sammanhang
853 1831 63 28 har
934 1829 169 29 utskottet
1120 1827 53 29 till
1189 1824 213 38 behandling
1419 1821 154 30 förehaft
1590 1829 43 20 en
1650 1820 95 28 inom

262 1890 110 29 andra
392 1889 207 29 kammaren
621 1896 42 20 av
683 1885 121 28 herrar
825 1883 189 39 Börjesson
1037 1881 11 29 i
1069 1878 217 38 Glömminge
1308 1877 65 29 och
1394 1875 134 40 Sjönell
1549 1873 102 30 väckt
1675 1880 71 21 mo-

262 1943 74 29 tion
361 1942 62 32 (II:
440 1941 97 34 560),
558 1940 73 29 vari
650 1939 121 39 yrkats
792 1938 49 28 att
862 1935 189 38 riksdagen
1071 1934 11 29 i
1103 1932 167 30 skrivelse
1291 1931 51 29 till
1364 1929 125 38 Kungl.
1511 1927 106 39 Maj:t
1639 1926 106 29 måtte

263 1996 140 29 anhålla
424 1996 52 29 att
496 1993 129 31 antalet
647 1991 189 31 ledamöter
857 1990 11 29 i
889 1988 171 40 styrelsen
1081 1987 53 29 för
1157 1984 135 30 INFOR
1314 1984 57 29 må
1392 1983 85 29 ökas
1500 1981 80 29 från
1602 1980 71 29 fem
1693 1978 51 29 till

265 2051 57 39 sju
341 2050 63 29 och
424 2048 131 30 antalet
575 2047 222 38 suppleanter
818 2043 79 29 från
917 2045 51 27 tre
989 2042 51 29 till
1062 2041 86 39 fyra,
1171 2039 37 29 så
1229 2041 49 27 att
1300 2036 214 31 företrädare
1537 2034 54 29 för
1612 2033 135 29 mindre

265 2104 64 29 och
350 2102 209 30 medelstora
583 2100 132 38 företag
737 2098 69 29 kan
828 2096 144 30 beredas
996 2095 90 39 plats
1109 2094 10 29 i
1144 2092 168 40 styrelsen
1337 2092 9 28 i
1370 2089 151 39 enlighet
1545 2087 78 30 med
1648 2087 65 28 vad
1739 2086 8 28 i

266 2157 177 29 motionen
462 2154 146 30 anförts.

308 2207 227 30 Beträffande
565 2204 250 38 motiveringen
845 2203 53 28 för
927 2198 266 41 ifrågavarande
1224 2197 130 38 förslag
1382 2194 165 30 hänvisar
1578 2193 167 29 utskottet

265 2262 51 29 till
337 2261 189 29 motionen.

311 2367 184 29 Utskottet.
518 2365 123 38 Kungl.
662 2363 124 39 Maj:ts
807 2360 228 30 förevarande
1056 2358 130 39 förslag
1205 2357 53 29 till
1279 2353 318 38 medelsanvisning
1617 2352 51 29 till
1690 2351 56 30 ad-

267 2416 446 33 ministrationskostnader
735 2416 54 29 för
812 2414 134 30 INFOR
968 2412 192 39 tillstyrkes
1182 2420 42 20 av
1246 2409 179 29 utskottet.

310 2474 63 29 Det
391 2473 11 29 i
420 2472 179 30 motionen
618 2470 45 30 II:
679 2469 63 30 560
761 2467 221 31 framställda
999 2464 171 41 yrkandet
1189 2463 178 39 angående
1387 2459 360 38 sammansättningen
