1900 2854
500 140 293 37 Statsulskottets
819 139 186 33 utlåtande
1026 139 53 32 Nr
1104 140 72 31 128.
1536 137 18 31 3

547 216 32 38 3)
610 216 147 38 besluta,
784 218 55 31 att
864 216 61 32 det
952 216 243 37 provisoriska
1223 214 310 38 dyrortstillägget
1561 214 38 31 åt

493 269 362 36 befattningshavare
904 268 65 32 vid
1023 268 44 32 de
1117 267 296 33 affärsdrivande
1452 266 145 36 verken,

497 321 109 31 bank-
647 321 66 32 och
756 320 347 37 fondinspektionen,
1131 319 465 37 sparbanksinspektionen,

490 375 138 35 patent-
680 373 64 32 och
794 371 379 39 registreringsverket
1222 371 66 33 och
1320 366 279 41 försäkringsin-

495 426 209 36 spektionen
730 423 94 35 skall
851 426 89 35 utgå
967 435 47 21 av
1038 425 45 31 de
1108 424 122 36 medel,
1257 434 47 22 av
1329 423 101 32 vilka
1455 418 143 36 verkets

494 478 85 31 eller
628 476 271 34 institutionens
949 476 247 32 omkostnader
1224 476 12 31 i
1266 475 120 36 övrigt
1413 473 187 36 bestridas,

494 532 40 31 så
558 531 66 32 ock
648 532 56 30 att
727 528 237 38 provisoriskt
999 528 275 38 dyrortstillägg
1298 529 38 31 åt
1361 526 238 36 befattnings-

494 583 135 31 havare
664 582 63 33 vid
760 581 366 37 vägorganisationen
1161 582 12 31 i
1196 579 98 34 länet
1319 579 94 32 skall
1437 579 89 36 utgå
1554 587 47 22 av

496 636 136 31 statens
660 631 545 35 automobilskattemedelsfond.

134 739 205 31 Stockholm
360 739 67 31 den
448 739 17 30 3
487 739 79 35 juni
589 738 87 31 1932.

574 847 53 33 På
654 848 284 32 statsutskottets
965 848 153 35 vägnar:

603 952 33 31 S.
665 952 44 33 H.
736 950 354 32 KVARNZELIUS.

138 1311 55 25 Vid
211 1307 176 28 förestående
405 1309 117 25 ärendes
542 1308 230 32 slutbehandling
791 1308 82 24 inom
892 1307 138 24 utskottet
1048 1306 72 24 hava
1138 1306 135 24 närvarit:

138 1361 61 28 från
227 1363 110 24 första
365 1363 208 24 kammaren:
601 1361 99 24 herrar
727 1360 191 29 Kvarnzelius,
944 1359 149 32 Bergqvist,
1121 1358 112 25 Nilsson
1257 1358 9 23 i
1286 1358 137 27 Gränebo,
1452 1357 112 24 Nilsson
1594 1357 9 24 i

95 1408 112 28 Malmö,
234 1408 138 24 Svensson
396 1407 3 24 i
419 1402 221 35 Kompersmåla,
669 1405 85 25 Oscar
772 1404 110 29 Olsson,
900 1404 161 24 Johansson
1080 1403 7 23 i
1108 1401 212 30 Fredrikslund,
1339 1401 134 32 Asplund,
1495 1401 110 29 Walles,

97 1452 27 23 C.
146 1452 30 23 G.
199 1451 27 24 V.
246 1449 244 32 Hammarskjöld,
509 1449 132 25 Carlsson
661 1449 9 23 i
690 1448 84 24 Gävle
794 1447 54 24 och
868 1447 97 30 Pauli;
983 1448 74 23 samt

137 1500 62 28 från
226 1503 108 24 andra
365 1502 207 24 kammaren:
601 1501 99 23 herrar
726 1500 142 24 Anderson
896 1500 8 23 i
933 1495 131 32 Råstock,
1097 1498 121 24 Jansson
1238 1498 8 23 i
1268 1497 96 29 Falun,
1394 1497 98 24 Olsson
1512 1496 8 24 i
1541 1496 63 24 Blä-

95 1548 91 31 dinge,
208 1546 143 32 Wigforss,
365 1546 135 24 Eriksson
513 1545 9 23 i
536 1544 171 28 Stockholm,
723 1543 129 31 Olofsson
866 1544 7 22 i
888 1543 143 30 Digernäs,
1051 1541 111 25 Nilsson
1178 1542 6 22 i
1200 1537 116 29 Örebro.
1328 1541 115 23 Persson
1457 1540 8 23 i
1480 1538 124 32 Fritorp,

94 1591 150 30 Lindskog,
264 1590 175 29 Danielsson,
458 1588 156 25 Andersson
635 1588 8 23 i
663 1587 160 31 Ovanmyra
844 1586 53 24 och
916 1586 83 24 Järte.
