1906 2808
259 135 39 30 22
725 138 231 28 Statsutskottets
978 140 148 27 utlåtande
1148 140 49 27 Nr
1222 142 66 28 193.

262 211 363 41 omsättningsskatten
644 213 116 31 verkat
780 214 206 40 fördyrande
1006 217 43 38 på
1069 215 93 31 vissa
1181 215 286 42 byggnadsvaror.
1500 218 67 31 Till
1588 219 101 32 dessa
1710 222 56 29 två

262 253 206 41 fördyrande
493 255 290 41 omständigheter
806 256 224 32 återkommer
1053 257 57 41 jag
1134 258 10 30 i
1169 258 58 31 det
1251 259 162 40 följande.
1449 260 81 32 Med
1554 261 132 39 hänsyn
1711 263 53 30 till

262 295 63 31 vad
346 296 57 41 jag
425 307 80 30 nyss
527 297 114 31 anfört
661 298 173 40 angående
857 299 186 31 eventuellt
1064 299 272 42 uppkommande
1359 297 406 49 materialanskaffnings-

261 337 154 41 problem
441 339 62 30 och
527 339 53 31 till
605 340 291 41 angelägenheten
920 352 40 20 av
985 344 49 29 att
1059 343 393 39 materialkostnaderna,
1479 345 90 31 vilka
1594 357 170 30 represen-

262 382 71 29 tera
361 381 142 40 ungefär
528 381 132 32 hälften
687 393 40 20 av
753 383 40 31 de
822 383 106 31 totala
954 383 417 42 byggnadskostnaderna,
1399 387 109 32 hållas
1536 399 80 21 nere
1644 391 37 28 är
1707 389 58 31 det

262 422 191 31 emellertid
474 423 133 41 tydligt,
633 427 50 28 att
706 435 40 20 en
767 436 177 30 noggrann
966 427 230 42 övervakning
1217 439 40 20 av
1279 429 176 40 prisnivån
1478 432 107 30 måste
1609 431 68 31 ske.
1712 432 53 30 Då

262 464 393 41 priskontrollnämnden
676 467 96 31 torde
792 467 134 31 komma
946 471 49 29 att
1016 471 152 30 utrustas
1189 471 75 30 med
1285 471 145 41 vidgade
1451 472 245 42 befogenheter
1716 476 49 28 att

262 507 139 31 inverka
420 509 43 39 på
482 506 64 33 den
566 508 170 32 allmänna
755 510 278 42 prissättningen,
1054 511 62 31 har
1134 511 57 42 jag
1209 513 191 32 emellertid
1419 514 72 32 icke
1511 515 186 42 anledning
1716 518 49 29 att

262 548 60 31 bär
344 550 197 41 ytterligare
565 550 80 41 ingå
667 553 44 39 på
733 551 92 32 detta
848 553 177 40 spörsmål.

314 591 77 32 Den
416 603 40 19 av
482 592 40 31 de
547 593 212 41 sakkunniga
783 594 158 40 dryftade
966 595 394 43 prisdifferentieringen
1384 599 43 40 på
1452 598 175 40 järnvaror
1652 599 111 31 finner

262 633 55 42 jag
340 634 78 31 med
439 634 131 41 hänsyn
593 635 54 31 till
669 636 64 30 vad
756 636 418 33 industrikommissionen
1195 639 112 30 anfört
1329 639 169 42 knappast
1520 651 80 21 vara
1622 641 142 31 effektiv

262 676 11 30 1
296 677 194 31 nuvarande
514 677 83 41 läge.

313 720 82 32 Med
418 722 131 41 hänsyn
573 722 53 30 till
649 723 65 30 vad
737 733 71 21 som
832 723 227 31 framkommit
1082 735 122 30 genom
1227 725 536 41 näringsorganisationssakkun-

262 763 95 42 nigas
380 764 182 42 utredning
582 784 42 3 —
644 767 103 39 något
766 776 73 20 som
860 765 196 42 ytterligare
1078 766 188 31 utvecklats
1287 767 11 30 i
1318 766 222 42 kooperativa
1560 767 202 31 förbundets

263 807 157 39 yttrande
441 826 42 3 —
502 817 98 21 anser
620 807 66 41 jag,
708 809 49 29 att
777 807 57 31 det
855 818 80 21 vore
956 807 219 42 synnerligen
1196 808 184 31 värdefullt
1401 819 55 20 om
1478 820 77 20 man
1576 809 124 41 jämväl
1722 811 41 40 på

261 848 168 42 köparnas
444 849 76 31 sida
533 849 148 42 skapade
697 850 269 41 organisationer
981 850 53 31 för
1048 852 49 29 att
1111 850 214 42 tillvarataga
1339 851 77 31 sina
1429 850 179 32 intressen.
1624 851 139 31 Bristen

262 892 43 39 på
320 890 397 42 inköpsorganisationer
733 893 91 30 inom
839 893 355 41 byggnadsindustrin
1210 895 36 29 är
1262 893 108 41 enligt
1385 894 77 30 mitt
1479 894 220 32 förmenande
1717 897 48 29 ett

263 945 39 20 av
321 935 254 31 kännetecknen
598 937 43 39 på
662 935 66 31 den
746 935 260 41 improvisation
1027 935 63 31 och
1110 935 161 41 löslighet
1291 946 73 21 som
1384 936 154 31 vidlåder
1557 936 79 31 hela
1654 936 110 31 denna

263 977 317 41 produktionsgren.
616 978 55 30 Då
693 977 56 31 det
771 978 49 30 lär
843 977 146 31 förhålla
1011 977 53 41 sig
1087 979 46 36 så,
1158 980 48 28 att
1229 978 148 41 säljarna
1399 989 42 20 av
1463 978 92 31 vissa
1576 978 188 42 byggnads-

263 1030 97 20 varor
384 1019 131 31 variera
539 1019 268 41 prissättningen
833 1020 62 30 allt
921 1020 86 31 efter
1031 1020 54 30 sin
1111 1020 247 41 uppskattning
1383 1032 41 20 av
1449 1020 168 42 köparens
1643 1021 121 31 kredit-

263 1061 178 41 värdighet
460 1064 87 28 samt
565 1061 172 32 storleken
755 1073 39 20 av
813 1062 86 31 hans
918 1062 112 41 inköp,
1050 1062 61 30 vill
1130 1062 57 42 Jag
1206 1063 178 31 framhålla
1402 1063 115 31 vikten
1537 1074 40 20 av
1596 1065 50 29 att
1664 1063 100 41 bygg-

261 1103 273 41 nadslånebyrån
549 1106 103 39 ägnar
668 1115 41 20 en
725 1115 175 30 noggrann
915 1104 208 42 granskning
1139 1106 34 29 åt
1189 1105 40 31 de
1246 1105 109 41 priser
1372 1105 391 31 materialleverantören

262 1145 154 42 betingat
436 1146 60 41 sig.
527 1146 211 41 Härigenom
756 1146 151 31 kommer
926 1147 196 41 ytterligare
1142 1149 49 29 ett
1210 1149 192 39 statsorgan
1422 1150 50 28 att
1490 1147 103 41 jämte
1613 1147 151 41 priskon-

262 1189 251 31 trollnämnden
548 1190 103 30 utöva
684 1189 232 41 kontinuerlig
938 1188 149 32 kontroll
1111 1190 82 29 över
1216 1189 270 41 prissättningen
1509 1191 43 39 på
1576 1189 188 41 byggnads-

263 1231 162 37 material,
451 1231 104 31 vilket
579 1231 63 31 bör
668 1231 151 31 medföra
845 1231 107 31 ökade
977 1230 217 42 möjligheter
1219 1231 52 30 för
1294 1231 396 41 priskontrollnämnden
1715 1234 48 28 att

263 1274 134 41 ingripa
426 1276 69 28 mot
525 1274 192 30 eventuella
744 1273 438 42 prisstegringstendenser.
1225 1272 118 32 Skulle
1372 1273 107 41 byrån
1509 1274 104 37 finna,
1645 1276 49 29 att
1723 1274 40 31 de

263 1317 52 30 för
347 1317 87 31 visst
466 1316 60 31 fall
558 1316 154 31 avtalade
744 1316 155 41 priserna
930 1315 139 31 framstå
1092 1325 73 20 som
1187 1315 130 31 mindre
1339 1315 211 42 förmånliga,
1573 1315 64 32 bör
1658 1316 105 41 byrån

263 1359 113 31 kunna
404 1361 102 39 vägra
532 1359 99 41 lägga
659 1358 100 31 dessa
785 1358 111 41 priser
913 1357 53 31 till
986 1357 109 41 grund
1113 1357 55 30 för
1184 1357 52 31 sin
1255 1357 248 42 uppskattning
1519 1369 39 20 av
1575 1358 189 42 byggnads-

263 1402 125 31 värdet.
425 1402 53 30 Då
503 1401 225 41 oförmånliga
751 1401 104 40 inköp
880 1400 144 32 sålunda
1047 1400 134 31 komma
1205 1403 48 28 att
1277 1400 134 31 belasta
1435 1401 40 30 de
1501 1400 157 32 enskilda
1682 1401 82 31 före-

263 1447 148 39 tagarna,
430 1444 83 31 böra
531 1444 100 31 dessa
648 1443 49 31 bli
715 1443 154 41 benägna
887 1445 50 29 att
954 1442 244 32 sammansluta
1215 1443 52 40 sig
1286 1442 53 31 till
1357 1442 406 42 inköpsorganisationer,

263 1497 73 20 som
352 1487 107 31 borde
476 1487 112 30 kunna
605 1486 232 31 åstadkomma
853 1486 105 40 inköp
975 1485 53 32 till
1045 1485 132 41 skäliga
1192 1485 117 41 priser.
1338 1486 61 30 Att
1416 1487 80 40 göra
1513 1488 104 39 några
1635 1486 130 32 direkta

263 1529 313 41 statsingripanden
599 1530 44 40 på
665 1528 220 32 förevarande
910 1528 144 38 område,
1078 1539 103 30 synes
1204 1528 152 31 däremot
1379 1528 72 32 icke
1475 1540 77 19 vara
1575 1529 156 40 lämpligt
1755 1529 10 30 i

264 1571 93 31 detta
380 1571 250 41 sammanhang.

314 1613 52 31 De
389 1613 211 41 sakkunniga
621 1613 44 31 ha
688 1612 112 32 vidare
823 1613 54 30 till
899 1612 257 41 nedbringande
1179 1623 40 20 av
1241 1612 384 32 materialkostnaderna
1647 1612 118 41 ifråga-

263 1657 68 30 satt
352 1656 56 30 två
430 1666 91 20 mera
542 1655 174 37 konkreta,
740 1655 110 31 direkt
872 1657 43 38 på
938 1654 261 32 statsmakterna
1221 1654 245 32 ankommande
1489 1654 166 41 åtgärder,
1679 1657 86 28 näm-

263 1698 90 41 ligen
373 1697 224 41 borttagande
619 1707 41 20 av
680 1696 362 42 omsättningsskatten
1063 1698 43 39 på
1126 1696 277 42 byggnadsvaror
1425 1698 86 29 samt
1532 1696 172 32 sänkande
1725 1708 38 20 av

264 1740 191 31 frakttaxan
475 1741 43 40 på
539 1741 130 29 statens
690 1739 185 41 järnvägar.

315 1783 75 30 Vad
410 1782 87 31 först
515 1783 103 40 angår
636 1781 117 41 frågan
773 1792 53 20 om
845 1780 365 42 omsättningsskatten
1229 1781 59 30 vill
1307 1781 57 41 jag
1382 1780 55 32 till
1455 1792 40 20 en
1515 1780 121 42 början
1655 1782 110 31 erinra

266 1836 53 20 om
347 1827 50 29 att
426 1824 151 41 åtskillig
604 1823 334 42 byggnadsmaterial
967 1823 104 31 redan
1101 1823 75 31 från
1205 1823 94 31 tiden
1329 1823 55 31 för
1414 1823 350 41 omsättningsskatte-

265 1867 263 41 förordningens
553 1866 267 31 ikraftträdande
845 1866 88 31 varit
957 1866 217 41 undantagen
1198 1866 74 30 från
1297 1866 95 40 dylik
1417 1866 98 31 skatt.
1552 1866 127 32 Vidare
1704 1867 60 30 vill

265 1910 55 41 jag
342 1910 139 41 påpeka,
506 1912 48 28 att
576 1909 127 41 Kungl.
727 1908 99 42 Maj:t
850 1919 121 30 genom
994 1908 204 41 kungörelse
1223 1908 64 31 den
1313 1909 39 30 14
1376 1919 88 21 mars
1491 1909 77 30 1941
1599 1909 53 40 (nr
1677 1909 85 39 144),

266 1953 75 31 med
361 1953 79 31 stöd
459 1964 40 19 av
519 1953 18 29 2
556 1951 20 42 8
595 1953 18 30 3
634 1963 97 19 mom.
753 1951 588 41 omsättningsskatteförordningen
1361 1951 186 37 förordnat,
1570 1953 50 30 att
1640 1951 123 31 allmän

266 1995 319 41 omsättningsskatt
609 1994 74 32 icke
709 1994 85 31 skall
819 1996 81 39 utgå
927 1994 56 31 vid
1008 1994 206 41 försäljning
1239 1994 82 31 eller
1347 1996 97 39 uttag
1469 1994 74 30 från
1570 1994 127 31 rörelse
1725 2005 40 20 av

266 2038 103 31 bland
391 2040 103 29 annat
515 2037 152 41 följande
690 2048 105 26 varor,
818 2036 172 41 nämligen
1012 2036 150 42 takpapp
1185 2036 61 31 och
1269 2047 111 20 annan
1404 2037 238 41 impregnerad
1664 2036 100 42 bygg-

264 2080 189 41 nadspapp,
480 2080 87 41 tjära
592 2080 64 31 och
683 2080 135 41 tjärolja
844 2090 42 20 av
912 2079 66 31 alla
1004 2079 81 41 slag,
1115 2079 111 37 asfalt,
1254 2079 288 37 bitumenmattor,
1571 2079 193 41 isolerings-

266 2125 131 35 mattor,
415 2123 335 41 reveteringsmattor
766 2122 61 31 och
844 2122 283 41 reveteringsväv.
1155 2121 249 41 Kungörelsen,
1422 2133 73 20 som
1511 2121 120 32 trädde
1648 2122 12 30 i
1675 2121 89 31 kraft

264 2165 64 31 den
356 2166 16 30 1
400 2165 96 41 april,
522 2176 58 20 var
605 2165 178 31 föranledd
810 2176 40 20 av
875 2164 105 32 bland
1006 2167 102 29 annat
1134 2164 65 31 den
1226 2163 252 41 framställning
1503 2164 74 30 från
1605 2164 158 41 Sveriges

265 2207 379 43 takpappfabrikanters
670 2207 164 41 förening,
861 2218 73 20 som
961 2206 216 31 omförmäles
1203 2206 11 31 1
1240 2205 148 32 centrala
1414 2205 350 42 omsättningsskatte-

266 2251 187 31 nämndens
477 2250 166 42 yttrande.

318 2292 164 43 Åtskillig
501 2292 332 42 byggnadsmaterial
855 2294 36 30 är
913 2292 142 32 sålunda
1078 2292 103 31 redan
1205 2303 45 20 nu
1271 2292 135 31 befriad
1429 2292 74 31 från
1526 2292 238 40 omsättnings-

265 2336 98 31 skatt.
395 2336 123 31 Starka
535 2335 72 32 skäl
627 2335 69 31 tala
713 2335 106 41 enligt
836 2335 70 30 min
925 2335 136 41 mening
1078 2335 54 30 för
1149 2336 49 29 att
1215 2335 11 30 i
1244 2336 41 29 än
1303 2336 109 30 större
1431 2334 235 41 utsträckning
1684 2334 82 31 söka

265 2377 205 42 förverkliga
489 2378 40 31 de
548 2378 229 41 sakkunnigas
797 2377 129 42 förslag
946 2380 42 39 på
1006 2377 221 32 förevarande
1247 2377 145 31 område.
1424 2377 131 41 Frågan
1575 2377 10 31 i
1605 2377 66 32 vad
1690 2379 75 29 mån

263 2420 197 41 ytterligare
487 2420 277 42 byggnadsvaror
789 2420 114 31 kunna
931 2420 211 41 undantagas
1169 2420 74 30 från
1271 2419 320 41 omsättningsskatt
1619 2422 36 29 är
1682 2420 82 31 före-

265 2461 64 32 mål
353 2462 54 31 för
430 2462 232 42 övervägande
687 2463 90 30 inom
801 2462 395 41 finansdepartementet.
