1902 2810
260 148 42 28 44
722 146 228 29 Statsutskottets
973 146 149 28 utlåtande
1143 146 49 27 Nr
1216 147 69 28 193.

264 221 367 32 sekundärlåneräntan
652 221 11 31 i
685 221 208 42 genomsnitt
915 221 109 41 ligger
1047 222 15 29 1
1085 223 140 39 procent
1246 220 104 42 högre
1373 222 42 29 än
1438 222 119 29 räntan
1579 220 53 31 för
1653 220 110 32 kassa-

263 272 56 31 lån
343 291 42 4 —
407 272 154 38 föreslås,
586 275 49 28 att
658 283 41 20 en
724 272 87 41 årlig
834 271 154 42 eftergift
1012 274 19 29 å
1054 271 229 32 tertiärlånets
1308 271 154 31 annuitet
1486 270 144 42 beviljas
1655 271 109 31 under

264 334 41 20 en
334 323 51 31 tid
413 334 40 20 av
483 324 39 30 10
551 325 35 29 år
613 323 76 31 med
718 323 122 31 sådant
867 322 137 42 belopp,
1034 324 50 29 att
1111 322 65 31 den
1205 322 106 31 totala
1339 321 287 32 räntekostnaden
1655 321 108 32 under

263 374 145 31 nämnda
428 374 50 30 tid
498 373 206 41 nedbringas
724 373 54 31 till
798 376 47 29 att
865 376 171 28 motsvara
1055 373 286 31 räntekostnaden
1361 372 57 32 vid
1439 373 58 31 det
1516 383 81 31 nyss
1618 372 146 42 angivna

263 424 195 41 ränteläget.
488 424 69 31 Vid
574 424 381 41 tertiärlånegivningen
973 424 110 31 skulle
1102 423 177 32 förbindas
1298 424 90 31 vissa
1406 423 125 32 villkor
1547 423 216 32 beträffande

264 475 41 31 de
342 475 169 42 egentliga
548 475 406 42 byggnadskostnaderna
991 476 158 30 ävensom
1175 475 149 40 hyrorna
1349 475 11 31 i
1386 475 41 31 de
1455 474 308 32 subventionerade

262 526 119 31 husen.

317 577 131 30 Jämväl
470 576 167 32 utskottet
659 587 99 21 anser
781 579 48 29 att
851 579 47 29 ett
921 577 118 31 försök
1061 576 62 31 bör
1144 578 99 39 göras
1266 578 49 29 att
1337 576 176 31 stimulera
1535 576 54 31 till
1611 578 48 29 ett
1681 578 82 29 åter-

265 627 214 41 upptagande
509 638 40 20 av
577 627 437 42 byggnadsverksamheten
1044 627 85 31 efter
1158 627 41 31 de
1228 627 170 41 riktlinjer
1426 638 74 20 som
1529 627 143 31 sålunda
1700 627 64 31 för-

264 678 124 31 ordats.
418 677 121 41 Enligt
556 678 184 31 utskottets
759 678 136 41 mening
913 678 111 31 skulle
1044 680 48 29 ett
1112 678 108 41 dylikt
1239 677 126 38 försök,
1385 677 116 32 därest
1519 677 58 31 det
1594 677 169 41 lyckades,

263 728 151 31 medföra
434 728 65 31 den
518 728 97 32 bästa
634 729 141 41 möjliga
793 729 179 41 lösningen
992 740 40 20 av
1052 729 64 31 den
1135 728 173 42 mångfald
1326 728 165 42 problem,
1511 739 73 21 som
1603 739 161 20 samman-

264 778 109 42 hänga
400 779 76 31 med
506 779 66 31 den
599 779 194 31 nuvarande
821 779 239 41 stagnationen
1087 780 11 30 i
1125 779 447 42 byggnadsverksamheten.
1611 779 18 31 TI
1657 779 109 31 likhet

265 829 78 31 med
369 829 374 41 departementschefen
772 830 112 30 finner
910 830 168 31 utskottet
1105 841 40 20 en
1173 829 162 41 självklar
1361 829 247 40 förutsättning
1636 829 52 31 för
1716 831 50 29 att

264 879 436 42 byggnadsverksamheten
726 880 87 32 skall
837 880 113 32 kunna
974 881 77 31 med
1076 880 77 32 stöd
1178 880 75 31 från
1279 880 57 31 det
1360 880 171 31 allmänna
1555 880 209 41 igångsättas

265 931 63 31 och
352 930 158 32 bedrivas
536 942 87 26 vara,
649 933 49 29 att
724 931 258 31 förhållandena
1007 933 42 39 på
1077 931 109 31 denna
1213 931 55 31 del
1294 942 39 19 av
1359 930 322 31 arbetsmarknaden
1707 931 57 29 äro

265 981 148 31 ordnade
431 982 62 30 och
511 984 49 29 att
576 982 40 31 de
634 982 218 41 olägenheter
867 982 108 40 ifråga
993 993 54 20 om
1065 981 287 42 ackordpriserna,
1370 992 114 20 varom
1503 981 262 41 departements-

265 1032 120 31 chefen
410 1032 136 38 erinrat,
573 1032 117 31 därvid
714 1032 101 31 blivit
840 1032 223 41 undanröjda.
1099 1032 125 41 Kungl.
1251 1031 118 41 Maj:ts
1395 1032 130 41 förslag
1549 1032 215 31 beträffande

265 1082 169 31 formerna
455 1083 54 31 för
530 1083 63 31 och
614 1083 248 40 omfattningen
883 1094 39 20 av
944 1083 66 31 den
1032 1083 136 40 statliga
1189 1082 339 31 stödverksamheten
1549 1084 43 39 på
1613 1082 153 31 området

266 1132 112 32 finner
400 1133 169 32 utskottet
591 1133 51 31 väl
666 1133 160 41 avvägda.

317 1183 81 31 Med
419 1184 111 31 denna
551 1184 53 31 sin
624 1183 211 42 ståndpunkt
853 1184 64 30 kan
938 1183 168 32 utskottet
1126 1183 72 32 icke
1219 1182 134 32 biträda
1374 1183 58 31 det
1451 1183 11 30 i
1484 1183 42 31 de
1548 1182 216 42 likalydande

265 1234 211 31 motionerna
493 1235 29 30 I:
538 1235 60 30 233
616 1235 61 31 och
694 1235 49 30 IT:
758 1235 62 31 324
837 1234 212 32 framställda
1066 1234 165 40 yrkatidet
1248 1244 55 21 om
1320 1233 185 31 anvisande
1524 1244 40 21 av
1582 1235 48 30 ett
1647 1233 119 42 anslag

265 1286 19 29 å
302 1285 61 31 300
383 1284 159 41 miljoner
561 1285 124 31 kronor
704 1285 54 31 till
778 1285 55 31 lån
853 1284 53 32 till
926 1284 72 32 viss
1018 1284 546 41 bostadsbyggnadsverksamhet.

317 1336 52 30 Av
390 1335 56 32 det
467 1335 106 41 sagda
593 1335 100 41 följer
715 1335 174 38 likaledes,
912 1337 51 29 att
983 1335 167 31 utskottet
1172 1335 73 31 icke
1267 1334 108 32 heller
1394 1335 66 31 kan
1483 1334 170 41 tillstyrka
1675 1335 59 31 det
1754 1335 11 31 i

265 1385 41 32 de
332 1385 217 42 likalydande
575 1385 212 31 motionerna
812 1386 28 30 I:
855 1386 60 30 232
941 1385 63 31 och
1030 1385 48 31 IT:
1093 1385 59 31 322
1179 1385 212 31 framställda
1416 1385 167 41 yrkandet
1608 1396 53 20 om
1688 1385 78 31 ned-

265 1436 153 42 sättning
435 1447 39 20 av
495 1436 58 31 det
572 1447 40 20 av
631 1436 126 41 Kungl.
778 1435 101 41 Maj:t
897 1436 54 31 för
970 1435 175 32 tertiärlån
1165 1435 125 32 äskade
1310 1436 301 41 anslagsbeloppet
1630 1436 75 31 från
1725 1436 41 31 60

264 1487 54 30 till
342 1487 39 31 30
405 1486 160 42 miljoner
586 1486 132 32 kronor.
754 1486 177 31 Utskottet
953 1486 62 31 vill
1039 1486 11 31 i
1075 1486 91 32 detta
1191 1486 243 42 sammanhang
1458 1486 233 42 understryka,
1716 1489 51 29 att

265 1538 236 41 grundtanken
528 1537 11 31 i
567 1537 56 32 det
649 1537 188 41 framlagda
862 1537 165 41 förslaget
1053 1539 36 29 är
1115 1540 49 28 att
1190 1548 122 30 genom
1339 1537 78 31 ökat
1442 1537 324 42 bostadsbyggande

266 1589 207 31 förekomma
502 1599 41 20 en
572 1588 122 31 allmän
721 1588 258 41 hyresstegring
1007 1587 83 31 eller
1117 1599 41 20 en
1186 1587 175 39 situation,
1390 1588 11 30 i
1429 1588 114 31 vilken
1572 1599 41 20 en
1641 1588 124 31 allmän

264 1638 274 42 hyresreglering
561 1638 67 31 blir
650 1638 211 42 erforderlig.
895 1638 281 42 Uppenbarligen
1198 1638 120 32 kräves
1340 1638 117 32 härför
1480 1641 50 29 att
1553 1650 39 20 ur
1613 1638 153 32 bostads-

267 1689 354 41 marknadssynpunkt
646 1689 223 41 erforderliga
892 1688 241 42 kapitalmedel
1159 1691 53 29 stå
1237 1689 54 31 till
1316 1689 212 42 förfogande.

317 1740 124 41 Kungl.
461 1739 120 42 Maj:ts
600 1740 128 41 förslag
745 1740 54 31 till
817 1739 145 42 ändring
979 1740 11 30 i
1009 1740 191 41 grunderna
1219 1740 54 31 för
1290 1739 273 32 bestämmandet
1580 1751 40 20 av
1637 1740 129 32 tertiär-

265 1791 110 31 lånets
401 1791 126 41 belopp
554 1791 61 31 har
640 1790 167 32 utskottet
832 1791 113 31 funnit
971 1790 54 42 sig
1050 1790 82 32 böra
1159 1791 155 41 godtaga.
1352 1790 126 32 Likaså
1504 1790 188 42 tillstyrker
1718 1793 48 29 ut-

265 1841 128 32 skottet
429 1842 41 31 de
508 1852 41 20 av
586 1841 373 42 departementschefen
988 1840 180 32 förordade
1196 1841 490 42 övergångsbestämmelserna
1713 1841 53 32 be-

264 1892 171 31 träffande
460 1892 322 41 byggnadsföretag,
809 1903 71 20 som
906 1891 127 32 utförts
1059 1892 76 31 med
1161 1892 77 31 stöd
1265 1903 40 20 av
1330 1892 176 31 tertiärlån
1533 1894 86 29 samt
1645 1892 120 41 färdig-

266 1943 113 31 ställts
417 1943 62 31 och
518 1942 143 31 anmälts
698 1942 55 31 till
781 1942 117 41 statlig
925 1942 169 41 avsyning
1120 1942 86 32 efter
1233 1943 65 31 den
1327 1943 15 30 1
1371 1942 87 41 april
1488 1943 89 37 1941,
1606 1944 159 30 ävensom

264 1993 127 42 Kungl.
416 1993 119 41 Maj:ts
561 1993 127 41 förslag
713 2004 55 20 om
794 1992 138 42 dispens
958 1993 54 31 för
1036 1993 209 41 fastigheter,
1272 2004 72 20 som
1370 1993 226 41 färdigställts
1621 1993 145 42 tidigare

265 2044 84 31 eller
368 2044 125 31 utförts
514 2046 81 29 utan
616 2044 77 32 stöd
713 2056 41 19 av
774 2043 184 39 tertiärlån,
980 2044 86 31 dock
1086 2043 119 32 endast
1225 2044 216 32 beträffande
1462 2044 210 41 fastigheter,
1693 2055 73 20 som

265 2094 226 42 färdigställts
516 2095 87 31 efter
625 2095 65 31 den
714 2096 16 29 1
756 2094 132 41 januari
912 2095 91 30 1941.

319 2145 119 41 Enligt
464 2145 232 41 föreliggande
725 2145 130 41 förslag
881 2145 86 31 skall
995 2145 364 41 byggnadslånebyrån
1388 2145 42 32 ha
1459 2147 50 30 att
1536 2148 43 39 på
1605 2146 93 32 basis
1726 2157 41 20 av

266 2196 226 41 fastighetens
517 2195 146 32 faktiska
687 2196 107 40 årliga
817 2195 184 32 kostnader
1025 2195 169 32 fastställa
1218 2196 156 40 hyrorna,
1398 2196 93 31 vilka
1514 2196 72 31 icke
1611 2196 34 31 få
1667 2196 99 41 höjas

265 2249 83 28 utan
369 2246 124 42 byråns
517 2246 231 41 medgivande.
782 2246 121 31 Denna
923 2246 252 40 hyreskontroll
1198 2257 98 20 avses
1318 2246 99 32 bestå
1438 2246 109 32 under
1568 2247 65 31 den
1655 2246 51 32 tid
1727 2258 41 20 av

267 2297 40 31 10
342 2299 44 35 år,
422 2308 73 21 som
533 2297 65 31 den
623 2296 138 42 statliga
785 2296 289 41 kreditgarantien
1100 2297 167 31 omfattar.
1305 2297 52 31 En
1383 2297 106 31 sådan
1514 2297 254 41 hyreskontroll

266 2347 114 32 finner
404 2350 83 29 även
513 2347 167 31 utskottet
705 2347 203 41 erforderlig
933 2349 112 29 såsom
1071 2347 55 31 led
1151 2347 11 30 i
1189 2347 65 31 den
1281 2347 193 42 föreslagna
1499 2348 267 32 verksamheten.

266 2398 55 30 Då
345 2398 65 37 det,
437 2400 113 29 såsom
578 2397 373 42 departementschefen
978 2397 195 38 framhållit,
1201 2400 36 28 är
1262 2409 121 30 genom
1409 2398 166 41 hyrornas
1602 2399 87 30 rätta
1714 2398 54 31 be-

266 2449 209 31 stämmande
500 2449 12 30 i
537 2448 212 32 förhållande
774 2448 53 31 till
852 2447 226 42 fastighetens
1102 2448 184 32 kostnader
1312 2449 62 31 och
1398 2448 371 41 finansieringsvillkor

267 2509 73 21 som
366 2498 188 41 obefogade
580 2499 127 31 vinster
732 2499 54 31 för
811 2498 213 41 företagaren
1049 2498 113 32 kunna
1186 2499 205 37 förhindras,
1417 2499 61 30 har
1503 2497 167 33 utskottet
1695 2499 72 32 icke
