1904 2808
260 122 39 30 14
736 125 229 28 Statsutskottets
987 126 149 28 utlåtande
1157 127 49 28 Nr
1229 128 69 28 193.

260 197 102 31 kräva
392 209 41 20 en
463 199 185 41 väsentligt
676 199 82 42 höjd
787 200 192 41 hyresnivå,
1009 201 52 31 får
1090 203 120 29 räntan
1239 204 43 39 på
1311 202 110 41 prima
1449 203 158 32 kassalån
1635 223 43 4 —
1708 205 53 31 för

261 248 180 31 sekundär-
476 250 61 31 och
574 250 175 31 tertiärlån
784 251 11 30 i
830 252 132 30 normal
985 252 202 41 proportion
1211 252 115 31 därtill
1349 272 44 4 —
1416 254 30 40 ej
1473 254 91 41 ligga
1588 254 105 41 högre
1718 257 41 29 än

260 298 58 32 3!/2
339 302 149 38 procent.
521 300 135 31 Härvid
677 301 209 38 förutsättes,
909 303 50 30 att
980 302 176 31 tertiärlån
1177 303 106 41 enligt
1304 303 42 31 de
1368 304 131 38 villkor,
1522 315 73 21 som
1617 305 54 31 för
1691 308 69 28 när-

260 350 147 31 varande
423 351 88 40 gälla
525 351 55 31 för
595 351 42 31 de
653 351 137 41 statliga
805 352 230 38 tertiärlånen,
1051 352 216 33 kombineras
1283 354 78 31 med
1375 354 110 31 kassa-
1501 355 63 31 och
1580 355 179 31 sekundär-

260 399 55 31 lån
334 400 78 31 med
430 401 145 31 nämnda
593 402 228 31 räntevillkor.
852 403 105 31 Detta
975 403 151 38 innebär,
1145 406 50 29 att
1213 406 48 30 ett
1279 406 80 29 över
1376 406 194 31 nuvarande
1589 406 77 42 låga
1683 407 78 31 nivå

260 450 78 31 ökat
376 451 323 42 bostadsbyggande
736 453 29 41 ej
804 453 66 31 kan
896 453 133 32 komma
1054 454 104 42 igång
1183 455 107 31 under
1315 455 230 33 instundande
1572 456 188 43 byggnads-

260 503 126 40 säsong
410 504 43 39 på
477 502 40 31 de
541 503 127 31 villkor
691 503 214 32 beträffande
930 504 215 41 hyresnivån,
1171 515 72 21 som
1268 506 104 41 tagits
1397 517 73 21 som
1495 508 264 41 utgångspunkt,

261 562 53 21 om
330 552 263 42 byggmästarna
610 554 30 41 ej
659 556 57 29 äro
733 554 190 32 förvissade
940 566 55 20 om
1012 557 50 29 att
1077 556 42 31 de
1136 558 44 39 på
1196 556 185 32 senhösten
1399 558 78 31 1941
1496 559 82 30 eller
1594 559 109 31 under
1719 560 41 31 de

262 603 109 31 första
403 604 205 31 månaderna
640 605 79 30 1942
750 604 115 32 kunna
897 605 128 31 erhålla
1055 606 273 42 inteckningslån
1361 607 54 31 till
1446 619 42 20 en
1520 610 168 30 räntesats
1720 620 40 20 av

260 653 59 31 3/2
344 656 141 39 procent
509 655 54 31 för
588 654 209 32 kassalånen.
835 655 54 32 En
915 656 168 41 sänkning
1107 667 41 20 av
1174 657 64 31 den
1264 658 170 32 allmänna
1458 659 201 31 räntenivån
1684 660 76 31 med

259 703 99 32 3/4—1
383 707 140 39 procent
545 705 112 32 skulle
680 717 78 20 vara
778 706 184 42 tillräcklig
984 707 53 31 för
1059 709 50 29 att
1131 708 35 31 få
1187 719 60 21 ner
1268 708 416 42 inteckningslåneräntan
1708 710 52 31 till

260 755 57 31 det
340 755 151 32 önskade
513 756 100 41 läget.

316 809 65 32 Om
405 821 76 20 man
504 810 30 41 ej
559 810 67 31 kan
650 810 102 32 räkna
775 810 77 32 med
876 821 43 21 en
942 811 221 41 räntepolitik
1187 822 40 21 av
1251 811 65 32 den
1341 814 62 37 art,
1428 815 49 29 att
1501 813 66 32 den
1592 814 169 31 allmänna

262 861 201 31 räntenivån
497 862 123 31 sänkes
655 862 77 31 med
765 862 100 31 ?/+—1
883 864 37 36 &,
957 862 105 32 vilket
1087 863 145 41 givetvis
1257 874 80 21 vore
1363 864 66 32 den
1454 864 153 33 enklaste
1633 865 63 32 och
1722 877 39 20 ur

262 914 121 39 många
403 913 212 41 synpunkter
634 916 274 38 gynnsammaste
928 914 180 42 lösningen
1130 925 41 21 av
1191 915 199 41 problemet,
1411 918 144 30 återstår
1576 917 121 31 endast
1719 928 40 21 en

262 974 39 21 av
328 965 113 30 staten
467 964 201 41 genomförd
694 964 275 43 differentiering
995 976 39 21 av
1061 966 200 32 räntenivån
1287 967 55 31 till
1369 968 131 31 förmån
1527 969 54 30 för
1608 968 152 33 bostads-

262 1015 204 41 byggandet.
495 1015 54 31 En
567 1015 97 42 dylik
681 1016 64 31 kan
763 1016 120 31 tänkas
902 1017 201 41 genomförd
1122 1019 44 40 på
1184 1019 55 30 två
1257 1020 112 40 vägar:
1391 1019 161 42 antingen
1573 1031 122 30 genom
1714 1021 45 31 in-

263 1066 156 31 rättande
449 1077 39 20 av
517 1078 41 20 en
588 1067 120 42 statlig
734 1064 308 36 bostadslånefond
1071 1069 55 30 till
1156 1069 57 32 det
1241 1069 127 43 belopp
1398 1082 73 20 som
1501 1073 188 30 motsvarar
1717 1081 42 23 en

261 1117 395 42 byggnadsverksamhet
677 1129 39 21 av
737 1119 130 31 önskad
890 1120 214 41 omfattning,
1127 1132 41 20 ur
1188 1121 121 38 vilken,
1333 1125 132 29 oavsett
1487 1122 273 43 marknadsläget

263 1169 130 31 lämnas
415 1169 108 41 prima
544 1169 159 32 kassalån
726 1170 53 31 till
801 1170 61 31 3!/2
896 1173 8 28 4
928 1190 43 4 —
993 1171 116 42 övriga
1132 1172 56 31 lån
1212 1173 53 30 till
1289 1173 153 33 däremot
1466 1176 165 32 svarande
1654 1179 106 31 ränte-

263 1222 109 30 satser
386 1239 43 4 —
445 1220 83 32 eller
544 1221 103 31 också
664 1232 40 20 en
722 1221 117 42 statlig
855 1222 141 41 garanti,
1015 1225 49 29 att
1081 1223 59 31 vid
1158 1223 66 31 den
1241 1224 162 41 tidpunkt
1420 1226 109 32 husen
1547 1229 54 30 stå
1619 1228 140 43 färdiga,

262 1272 111 31 medel
396 1271 96 33 skola
514 1273 115 30 finnas
652 1272 213 42 tillgängliga
887 1275 44 40 på
953 1274 206 31 marknaden
1182 1275 53 31 till
1259 1286 41 21 en
1324 1278 168 31 räntesats
1516 1289 40 20 av
1580 1279 60 31 3!/2
1655 1282 26 29 $
1707 1281 53 31 för

262 1323 167 31 kassalån.

312 1374 53 32 De
394 1375 219 43 sakkunniga,
643 1388 73 20 som
743 1378 139 31 förorda
911 1378 211 33 sistnämnda
1151 1381 187 39 alternativ,
1368 1383 119 32 anföra
1512 1384 116 34 vidare
1656 1385 103 31 bland

262 1428 113 29 annat:

315 1476 65 31 Om
401 1477 66 31 den
486 1478 170 32 allmänna
676 1480 199 31 räntenivån
895 1481 123 31 hösten
1040 1482 80 31 1941
1144 1482 82 32 eller
1246 1485 118 39 nyåret
1388 1485 80 31 1942
1489 1485 132 42 sjunkit
1641 1487 54 31 till
1717 1499 41 20 en

262 1519 87 37 nivå,
374 1531 74 20 som
469 1523 187 29 motsvarar
678 1522 100 41 högst
800 1534 42 20 en
866 1525 97 29 ränta
984 1525 53 30 för
1060 1527 43 38 på
1126 1525 49 31 tio
1200 1527 36 29 år
1257 1526 141 32 bundna
1421 1528 273 42 inteckningslån
1718 1541 40 20 av

259 1562 59 30 3/2
338 1566 141 37 procent
499 1563 151 32 behöver
669 1565 154 40 garantin
845 1565 31 41 ej
898 1566 96 31 träda
1014 1567 11 30 i
1045 1567 100 30 kraft.
1178 1567 123 42 Ligger
1322 1569 303 33 marknadsräntan
1645 1572 114 41 högre,

263 1605 206 41 exempelvis
490 1608 238 31 motsvarande
750 1619 41 20 en
814 1608 315 43 inteckningsränta
1151 1612 44 39 på
1216 1612 60 34 4!/2
1299 1615 149 38 procent,
1472 1613 152 32 inträder
1647 1617 111 30 staten

262 1648 76 30 med
354 1659 43 20 en
412 1649 303 32 räntesubvention
731 1653 42 38 på
790 1651 15 30 1
823 1654 142 38 procent
980 1663 60 30 per
1056 1654 45 35 år,
1119 1653 114 38 vilket,
1252 1665 53 19 om
1321 1654 437 42 byggnadsverksamheten

262 1690 51 31 får
343 1701 42 20 en
415 1691 205 41 omfattning
649 1703 41 20 av
717 1693 61 31 300
807 1694 160 40 miljoner
996 1695 125 31 kronor
1152 1696 62 31 och
1244 1698 253 40 räntegarantin
1528 1699 161 32 omfattar
1719 1702 39 29 70

260 1735 141 39 procent
421 1733 110 38 härav,
552 1734 145 31 innebär
717 1746 40 20 en
778 1736 87 41 årlig
886 1737 104 40 utgift
1010 1737 53 31 för
1085 1739 203 31 statsverket
1309 1750 41 20 av
1372 1740 46 30 2.1
1444 1741 159 41 miljoner
1624 1742 132 32 kronor.

263 1775 63 32 Om
345 1776 223 32 oförutsedda
585 1777 183 32 händelser
785 1778 30 41 ej
836 1779 151 38 inträffa,
1007 1780 97 31 torde
1124 1792 77 20 man
1220 1781 169 42 knappast
1408 1783 131 32 behöva
1559 1784 103 32 räkna
1682 1786 76 31 med

263 1829 41 20 en
321 1819 185 38 räntenivå,
525 1830 73 21 som
618 1820 108 41 ligger
743 1821 104 41 högre
867 1823 43 29 än
930 1822 65 31 den
1013 1824 205 37 nuvarande,
1238 1825 114 31 vilken
1371 1828 186 29 motsvarar
1576 1827 92 31 cirka
1687 1828 68 31 4.35

260 1865 142 37 procent
428 1862 53 31 för
506 1862 140 32 bundna
672 1863 155 32 kassalån
855 1864 64 31 och
945 1866 123 34 4—4!/2
1096 1869 140 38 procent
1263 1868 53 30 för
1343 1868 255 40 sparbankslån.
1638 1870 120 32 Ränte-

261 1904 249 32 subventionen
529 1905 111 31 skulle
660 1906 42 30 då
720 1906 132 31 komma
871 1909 50 29 att
939 1907 90 42 ligga
1048 1908 125 31 mellan
1193 1910 67 30 0.50
1283 1910 63 31 och
1366 1911 68 30 0.85
1457 1914 149 38 procent,
1629 1913 30 30 d.
1681 1924 28 19 v.
1731 1924 24 20 s.

260 1945 64 32 den
359 1946 110 32 skulle
504 1947 29 40 ej
571 1948 205 41 oväsentligt
810 1949 200 42 understiga
1033 1951 15 29 1
1074 1953 149 38 procent.
1258 1952 138 31 Räknar
1420 1964 76 20 man
1520 1954 77 31 med
1621 1966 42 20 en
1688 1955 70 31 viss

259 1989 166 41 marginal
442 1990 52 31 för
512 1990 246 32 fluktuationer
775 1992 11 31 i
806 1991 419 43 Stadshypotekskassans
1244 1994 227 42 obligationer
1489 1996 65 31 kan
1572 2008 78 20 man
1670 2000 88 30 sätta

261 2032 16 29 1
299 2035 142 37 procent
464 2043 71 20 som
557 2033 248 41 maximigräns,
829 2034 63 31 och
916 2035 235 31 ovannämnda
1171 2036 125 41 belopp
1318 2039 43 39 på
1384 2038 46 30 2.1
1455 2039 160 41 miljoner
1635 2040 125 31 kronor

259 2074 97 31 torde
376 2075 115 31 därför
509 2075 114 32 kunna
641 2076 171 32 betraktas
832 2088 74 20 som
925 2078 181 31 maximum
1125 2079 54 30 för
1198 2079 65 32 den
1282 2080 107 41 årliga
1408 2081 190 33 kostnaden
1619 2083 53 31 för
1692 2084 65 31 den

259 2116 140 42 statliga
419 2117 259 32 subventionen.

312 2160 268 41 Räntegarantin
600 2161 64 31 bör
683 2162 140 31 omfatta
842 2173 42 20 en
904 2163 119 41 period
1042 2174 41 20 av
1103 2164 102 41 högst
1224 2165 48 31 tio
1293 2167 45 36 år,
1359 2166 105 32 vilket
1484 2170 187 30 motsvarar
1692 2169 65 31 den

259 2203 130 41 period,
414 2204 87 31 efter
523 2204 115 31 vilken
662 2204 312 41 hypotekskassans
999 2206 62 31 och
1086 2206 399 34 bostadskreditkassans
1510 2211 246 40 nyemitterade

260 2245 228 41 obligationer
508 2246 114 31 kunna
644 2246 226 33 konverteras.
905 2248 104 31 Detta
1030 2249 152 38 innebär,
1206 2252 49 29 att
1276 2249 262 43 byggmästarna
1560 2253 128 32 erhålla
1712 2255 44 30 in-

259 2288 246 42 teckningslån,
522 2289 143 31 bundna
682 2301 69 30 upp
769 2290 54 31 till
841 2290 49 31 tio
910 2292 44 29 år.
985 2291 185 42 Undantag
1188 2292 150 32 härifrån
1358 2295 120 40 utgöra
1497 2294 85 31 dock
1602 2296 57 30 lån
1678 2308 79 30 upp-

260 2332 100 40 tagna
380 2331 64 31 hos
464 2331 262 42 sparbankerna.

310 2374 84 31 Rätt
428 2376 50 29 att
511 2374 152 32 utlämna
699 2375 113 41 dylika
846 2377 310 39 statsgaranterade
1192 2377 55 31 lån
1283 2378 110 32 skulle
1429 2379 187 32 tillkomma
1652 2381 105 32 stads-

258 2415 421 44 hypoteksföreningarna,
728 2417 506 44 bostadskreditföreningarna,
1283 2421 363 43 inteckningsbolagen
1695 2424 62 31 och
