1908 2842
287 163 18 30 4
420 165 256 30 Sammansatta
703 164 129 31 banko-
858 165 64 30 och
948 164 372 37 jordbruksutskottets
1347 164 176 30 utlåtande
1550 164 46 30 Nr
1626 165 27 29 1.

293 251 117 28 utöver
431 250 117 29 lämna
566 248 317 37 jordbrukskassan
905 249 111 30 kredit
1037 252 70 26 mot
1127 249 160 29 säkerhet
1309 257 41 21 av
1370 248 199 36 inteckning
1590 248 9 29 i
1619 247 172 36 fastighet,

292 291 55 30 för
365 291 114 30 vilken
499 292 147 29 medlem
667 291 10 30 i
696 290 319 37 jordbrukskassan
1035 292 37 29 är
1093 291 152 36 delaktig
1264 291 10 29 i
1294 291 213 34 densamma,
1529 300 56 20 om
1607 290 65 30 och
1692 290 11 29 i
1725 290 67 29 den

292 332 81 31 mån
392 333 243 35 inteckningen
653 334 104 35 ligger
778 333 93 30 inom
890 329 49 40 '/w
957 342 42 21 av
1019 333 223 36 fastighetens
1262 332 114 31 såsom
1395 332 397 37 delaktighetsunderlag

293 376 178 29 bestämda
495 376 113 29 värde.
646 375 123 30 Annan
793 376 49 29 till
866 376 258 29 centralkassan
1150 376 159 29 ansluten
1332 375 204 29 ekonomisk
1563 374 159 36 förening
1748 375 45 28 än

292 417 293 36 jordbrukskassa
618 435 43 3 —
697 418 10 29 i
743 418 233 29 betänkandet
1000 418 65 29 och
1090 418 9 29 i
1125 418 56 29 det
1206 416 156 37 följande
1387 417 176 30 benämnd
1589 416 203 37 jordbruks-

293 460 202 29 ekonomisk
518 459 159 37 förening
695 477 45 3 —
762 459 56 30 må
840 460 142 29 beredas
1006 460 110 29 kredit
1138 460 50 29 till
1211 462 46 27 ett
1281 460 125 35 belopp
1429 468 42 20 av
1496 460 63 29 200
1584 460 128 29 kronor
1737 458 55 30 för

294 501 93 36 varje
405 511 42 20 av
467 502 201 35 föreningen
688 502 9 28 i
716 502 127 29 kassan
863 502 148 29 tecknad
1030 502 113 35 andel;
1166 502 89 29 dock
1275 504 48 27 att
1342 502 259 29 centralkassan
1620 502 63 29 bör
1702 501 91 29 hava

293 545 67 28 rätt
384 547 47 26 att
457 544 193 35 därutöver,
677 543 87 30 efter
788 544 225 35 medgivande
1040 553 41 20 av
1108 544 443 36 jordbrukskreditkassan,
1581 544 116 29 lämna
1723 543 69 29 för-

293 586 145 36 eningen
463 586 111 29 kredit
596 589 70 26 mot
689 586 159 29 säkerhet
870 595 42 20 av
935 586 389 36 fastighetsinteckning,
1348 595 57 20 om
1427 586 66 29 och
1517 586 8 29 i
1549 586 65 29 den
1637 585 83 30 mån
1743 585 49 29 in-

287 628 205 36 teckningen
514 627 103 37 ligger
637 628 94 29 inom
751 623 50 41 ”/w
820 637 42 20 av
882 628 303 36 taxeringsvärdet,
1209 629 63 29 där
1292 628 206 35 fastigheten
1518 629 38 28 är
1576 628 141 29 taxerad
1741 626 51 31 så-

294 679 74 20 som
396 669 363 37 jordbruksfastighet,
790 671 65 29 och
882 670 93 30 inom
1005 668 51 33 ”/w
1083 679 41 21 av
1153 670 106 36 sagda
1287 670 114 35 värde,
1431 670 62 29 där
1522 670 206 36 fastigheten
1756 670 38 29 är

293 712 140 29 taxerad
471 711 113 30 såsom
621 721 116 20 annan
764 712 171 36 fastighet.
985 711 259 31 Centralkassas
1271 712 262 36 sammanlagda
1559 711 156 40 utlåning
1742 711 51 30 till

292 752 417 36 jordbruksekonomiska
731 754 198 36 föreningar
949 753 56 31 må
1024 754 104 35 enligt
1149 754 163 36 förslaget
1332 754 75 30 icke
1427 754 169 36 överstiga
1617 753 36 37 !/s
1673 763 43 20 av
1738 754 56 29 det

296 796 261 36 sammanlagda
579 795 279 36 lånemaximum,
882 805 75 21 som
979 796 104 36 gäller
1106 796 54 30 för
1183 796 273 31 medlemmarna
1479 796 9 30 i
1512 796 41 30 de
1576 796 50 30 till
1649 796 144 30 central-

293 838 127 29 kassan
443 839 162 28 anslutna
627 837 367 37 jordbrukskassorna.

338 879 76 30 Rätt
432 880 50 29 till
500 880 236 37 medlemskap
754 881 9 28 i
781 880 292 36 jordbrukskassa
1090 882 79 35 äger
1187 881 104 35 enligt
1309 881 163 36 förslaget
1489 881 120 30 endast
1630 881 9 29 i
1659 880 136 37 Sverige

292 922 112 29 bosatt
425 923 125 28 svensk
572 923 235 35 medborgare,
831 932 73 20 som
925 924 37 28 är
983 924 101 35 ägare
1105 924 81 29 eller
1206 924 149 29 brukare
1377 933 42 20 av
1441 923 354 36 jordbruksfastighet

293 964 80 29 eller
393 964 66 30 viss
479 973 118 20 annan
616 965 143 29 därmed
782 965 151 30 likställd
954 965 171 36 fastighet,
1147 967 164 29 ävensom
1332 966 138 29 svenskt
1493 966 204 36 aktiebolag,
1720 975 75 20 som

294 1006 63 29 har
383 1006 49 29 till
457 1006 164 30 ändamål
645 1010 48 26 att
719 1007 82 30 idka
824 1007 182 36 jordbruk;
1034 1008 88 29 dock
1148 1007 56 31 må
1230 1007 114 31 såsom
1369 1009 148 29 medlem
1545 1008 132 36 intagas
1704 1007 91 30 vissa

294 1048 353 36 kassefunktionärer,
673 1048 91 31 ändå
791 1052 48 27 att
864 1050 41 29 de
930 1050 74 29 icke
1032 1051 63 35 äga
1122 1051 81 29 eller
1228 1051 113 29 bruka
1367 1050 172 36 fastighet,
1568 1059 119 21 varom
1713 1059 82 27 nyss

293 1093 102 33 sagts.
434 1091 439 36 Delaktighetsunderlaget
912 1091 144 31 föreslås
1096 1093 121 29 utökat
1244 1093 50 28 till
1321 1095 48 27 att
1396 1094 147 28 omfatta
1571 1093 224 35 fastighetens

295 1133 262 35 sammanlagda
598 1132 203 36 jordbruks-
842 1134 64 29 och
936 1134 233 35 skogsvärden
1199 1134 104 36 enligt
1334 1134 158 36 gällande
1521 1135 163 35 taxering.
1728 1134 67 30 För

290 1176 237 34 nyssnämnda
551 1174 114 31 såsom
690 1185 118 20 annan
833 1176 160 36 fastighet
1016 1177 171 35 taxerade,
1212 1186 79 21 men
1314 1177 10 29 i
1349 1177 227 30 förevarande
1599 1177 196 30 hänseende

296 1216 78 29 med
403 1215 354 38 jordbruksfastighet
787 1218 174 29 likställda
992 1218 200 36 fastigheter
1222 1219 104 36 gäller
1355 1219 293 36 taxeringsvärdet
1681 1218 115 31 såsom

295 1258 405 37 delaktighetsunderlag.
734 1259 67 29 För
822 1258 376 37 jordbrukskassornas
1223 1260 395 36 utlåningsverksamhet
1640 1260 155 36 föreslås,

296 1300 122 29 liksom
439 1300 8 29 i
466 1299 98 37 fråga
582 1309 57 21 om
656 1302 328 34 centralkassornas,
1004 1302 89 29 vissa
1112 1302 325 36 detaljföreskrifter
1456 1312 42 21 av
1517 1306 74 27 rent
1609 1304 186 29 bankmäs-

297 1341 50 37 sig
375 1345 112 32 natur,
517 1341 168 37 varjämte
716 1343 160 30 närmare
905 1343 215 30 föreskrifter
1151 1345 134 29 lämnas
1317 1354 57 20 om
1406 1345 41 29 de
1480 1346 206 36 säkerheter,
1721 1355 75 20 som

297 1384 96 29 skola
419 1387 169 33 presteras
615 1384 54 30 för
697 1384 200 31 erhållande
924 1394 41 21 av
995 1384 56 31 lån
1077 1386 63 29 hos
1168 1385 304 37 jordbrukskassa.
1513 1388 164 29 Medlems
1705 1387 90 31 låne-

297 1426 189 30 maximum
513 1425 144 31 föreslås
683 1426 149 36 alltjämt
859 1428 96 29 skola
981 1428 121 35 utgöra
1130 1429 63 29 200
1221 1429 128 29 kronor
1376 1429 55 29 för
1457 1429 95 36 varje
1580 1431 111 34 andel,
1721 1439 75 21 var-

298 1469 77 28 med
402 1469 228 29 medlemmen
659 1469 37 29 är
724 1469 151 37 delaktig
900 1469 10 29 1
936 1470 136 29 kassan.
1110 1470 14 29 I
1151 1469 99 38 fråga
1275 1480 57 20 om
1358 1471 166 30 medlems
1550 1473 66 29 rätt
1644 1475 49 27 att
1718 1473 77 29 där-

296 1511 119 28 utöver
452 1510 132 30 erhålla
620 1511 111 29 kredit
759 1514 71 27 mot
855 1512 159 29 säkerhet
1039 1521 41 20 av
1108 1512 382 38 fastighetsinteckning
1517 1514 143 31 föreslås
1686 1524 42 20 en
1754 1524 43 21 av

298 1552 40 29 de
377 1553 153 29 ändrade
569 1553 155 36 reglerna
751 1563 57 20 om
836 1554 395 36 delaktighetsunderlag
1260 1555 183 30 föranledd
1470 1557 249 35 bestämmelse,
1748 1560 49 27 att

293 1594 108 36 dylikt
425 1594 59 31 lån
507 1595 57 30 må
588 1594 154 37 beviljas,
765 1605 59 20 om
847 1596 65 29 och
934 1596 10 30 i
970 1596 65 31 den
1057 1596 82 31 mån
1163 1597 243 37 inteckningen
1432 1598 104 36 ligger
1558 1598 96 32 inom
1680 1593 51 43 ”"/;,
1754 1609 42 21 av

298 1635 222 37 fastighetens
540 1635 113 31 såsom
673 1637 395 37 delaktighetsunderlag
1086 1639 180 30 bestämda
1284 1640 113 30 värde.
1430 1640 125 31 Vidare
1574 1640 153 36 föreslås,
1748 1644 49 27 att

297 1676 293 37 jordbrukskassa
613 1679 87 29 skall
724 1679 128 30 befrias
877 1679 78 30 från
980 1681 65 29 den
1070 1680 53 30 för
1150 1682 216 30 närvarande
1391 1683 159 35 gällande
1575 1683 222 31 föreskriften

298 1728 57 20 om
376 1720 195 36 skyldighet
594 1723 48 27 att
665 1721 57 29 vid
746 1722 165 29 medlems
932 1721 133 37 avgång
1086 1732 39 20 ur
1148 1723 128 30 kassan
1297 1724 157 36 kungöra
1476 1724 176 37 avgången
1674 1726 10 29 i
1707 1726 90 30 vissa

299 1762 185 36 tidningar;
512 1762 177 37 avgången
715 1763 144 30 föreslås
884 1765 8 29 i
921 1764 110 30 stället
1056 1765 97 30 skola
1177 1766 157 29 anmälas
1360 1766 51 30 till
1438 1767 257 31 vederbörande
1720 1777 77 21 cen-

300 1804 178 35 tralkassa,
505 1805 62 29 där
592 1806 289 35 anmälningarna
906 1807 96 29 skola
1027 1807 127 30 ordnas
1180 1808 65 30 och
1270 1807 110 31 hållas
1404 1809 211 37 tillgängliga
1641 1810 55 30 för
1720 1811 77 35 den,

299 1854 73 21 som
391 1847 108 29 därav
518 1847 128 29 önskar
664 1849 80 34 taga
763 1847 64 30 del.

352 1888 199 37 Ytterligare
587 1889 143 30 föreslår
764 1890 541 38 jordbrukskreditutredningen,
1341 1895 48 27 att
1423 1893 253 32 kasserörelsen
1708 1895 87 31 skall

300 1930 115 29 ställas
437 1930 110 30 under
569 1930 116 36 tillsyn
706 1939 42 21 av
769 1941 41 20 en
832 1931 54 30 för
907 1931 196 32 ändamålet
1124 1933 152 31 inrättad
1297 1935 139 35 central,
1460 1936 114 36 statlig
1594 1936 203 36 jordbruks-

299 1971 308 37 kasseinspektion,
643 1973 8 28 i
689 1973 170 30 samband
893 1975 142 29 varmed
1069 1975 66 29 den
1173 1977 201 29 nuvarande
1399 1977 162 37 tillsynen
1598 1986 122 29 genom
1756 1989 41 20 av

300 2013 283 37 länsstyrelserna
607 2014 211 31 förordnade
843 2016 175 30 allmänna
1044 2017 129 30 ombud
1200 2017 143 31 föreslås
1369 2019 97 30 skola
1494 2021 169 35 upphöra.

338 2088 258 31 Reservationer
619 2089 90 30 hava
730 2090 143 37 avgivits
895 2091 71 30 dels
987 2100 43 21 av
1051 2092 79 30 herr
1151 2092 111 37 Adler,
1285 2094 71 30 dels
1378 2095 64 29 ock
1464 2104 42 21 av
1530 2096 119 31 herrar
1672 2097 126 30 Brolén

292 2139 65 29 och
379 2138 185 38 Dahlberg.

338 2189 86 30 Herr
441 2189 121 31 Adlers
580 2191 210 30 reservation
808 2191 144 31 innebär
970 2193 9 30 i
997 2193 184 30 huvudsak
1199 2193 155 38 följande
1371 2196 191 31 avvikelser
1582 2197 78 31 från
1680 2198 56 30 det
1755 2208 42 21 av

291 2240 247 37 utredningens
558 2240 174 38 majoritet
753 2242 194 37 framlagda
969 2243 174 37 förslaget:

339 2299 153 30 Svenska
530 2299 431 37 jordbrukskreditkassan
1002 2302 143 31 föreslås
1185 2303 195 31 bibehållen
1423 2304 114 32 såsom
1577 2306 222 37 upplånande

294 2349 119 28 organ;
451 2341 110 31 likaså
600 2341 189 32 bibehålles
826 2344 316 31 centralkassornas
1179 2346 220 37 ansvarighet
1440 2347 54 30 för
1532 2347 265 38 jordbrukskre-

291 2383 199 31 ditkassans
526 2384 238 30 förbindelser.
801 2385 66 30 För
902 2388 49 27 att
990 2387 67 29 öka
1095 2386 451 36 jordbrukskreditkassans
1585 2390 212 38 lånemöjlig-

294 2425 95 30 heter
419 2425 144 31 föreslås
595 2427 70 29 dels
697 2436 41 20 en
771 2427 144 37 höjning
949 2437 41 20 av
1024 2429 243 35 grundfonden
1301 2430 50 30 till
1384 2432 40 29 45
1462 2432 160 36 miljoner
1657 2434 140 36 kronor,

291 2466 75 31 dels
401 2468 65 29 ock
503 2477 43 21 en
580 2469 249 35 bestämmelse,
867 2470 103 36 enligt
1008 2470 114 30 vilken
1158 2471 114 31 såsom
1309 2473 159 31 säkerhet
1505 2475 54 30 för
1595 2475 203 36 jordbruks-
