1914 2830
550 172 297 36 Statsutskottets
865 174 187 35 utlåtande
1070 175 55 34 Nr
1142 177 33 32 8.
1547 179 63 31 115

161 251 106 44 167:0)
291 254 125 32 Resor
439 253 63 33 för
524 254 331 33 blindskolelever
873 255 122 41 jämte
1021 255 214 42 åtföljande
1251 255 177 34 vårdare.
1475 258 16 31 I
1508 258 102 41 enlig-

113 306 58 33 het
204 307 80 32 med
318 307 129 42 Kungl.
485 308 115 40 Maj:ts
623 309 129 41 förslag
775 306 123 44 (punkt
923 310 73 38 172,
1022 309 61 32 sid.
1109 307 87 43 371),
1221 310 107 33 vilket
1350 310 145 33 innebär
1518 311 91 33 anvi-

113 360 105 33 sande
252 371 44 23 av
331 371 132 22 samma
498 361 262 43 anslagsbelopp
784 373 74 22 som
881 363 54 32 för
958 363 231 33 innevarande
1212 363 177 42 budgetår,
1414 364 196 33 hemställer

113 414 175 40 utskottet,

478 471 50 30 att
561 469 184 42 riksdagen
777 471 57 31 må
860 469 51 33 till
945 470 102 33 Resor
1073 470 60 41 för
1155 470 262 34 blindskolelever
1434 472 107 41 jämte
1564 474 45 30 åt-

426 522 154 42 följande
601 524 141 32 vårdare
764 524 55 32 för
841 523 201 43 budgetåret
1067 521 145 41 1942/43
1236 524 121 34 anvisa
1381 527 47 31 ett
1451 525 158 42 förslags-

432 577 123 41 anslag
578 588 42 21 av
646 578 121 38 15,500
790 577 134 33 kronor.

158 681 107 44 168:0)
289 683 228 42 Tryckning
540 692 50 24 av
613 683 285 34 blindskrifter.
932 685 16 32 I
972 684 150 42 enlighet
1144 685 79 32 med
1247 685 130 42 Kungl.
1402 685 118 42 Maj:ts
1543 687 64 32 för-

112 737 72 42 slag
206 734 124 44 (punkt
355 738 73 38 173,
453 737 62 33 sid.
540 735 87 44 371),
651 738 108 32 vilket
774 738 143 32 innebär
932 738 187 33 anvisande
1136 749 42 22 av
1194 749 135 22 samma
1345 738 262 43 anslagsbelopp

111 802 73 21 som
208 792 55 31 för
285 791 232 33 innevarande
541 791 175 42 budgetår,
741 791 195 33 hemställer
958 792 176 39 utskottet,

477 847 49 30 att
558 845 182 42 riksdagen
764 847 58 31 må
844 845 51 32 till
920 846 188 41 Tryckning
1131 857 41 21 av
1195 846 231 41 blindskrifter
1448 847 55 32 för
1526 846 81 33 bud-

429 900 133 39 getåret
580 895 144 42 1942/43
739 899 119 33 anvisa
874 902 46 30 ett
935 899 347 42 reservationsanslag
1297 911 43 22 av
1357 901 99 38 7,000
1471 900 134 32 kronor.

157 1011 107 44 169:0)
288 1014 395 33 Dövstumskolorna:
707 1014 256 42 Avlöningar.
1004 1015 396 33 Dövstumskolorna:
1425 1015 180 33 Omkost-

110 1067 132 33 nader.
288 1068 219 32 Beträffande
541 1068 67 33 vad
643 1068 130 42 Kungl.
810 1069 98 41 Maj:t
938 1067 124 44 (punkt
1087 1066 74 44 174)
1184 1068 177 42 föreslagit
1383 1069 188 42 riksdagen
1595 1069 11 32 i

109 1122 99 41 fråga
242 1132 56 21 om
334 1121 120 42 anslag
488 1121 51 32 till
573 1122 225 33 förevarande
821 1122 160 32 ändamål
1005 1122 139 41 avgiver
1167 1123 166 32 utskottet
1354 1133 120 22 senare
1497 1122 110 33 under

110 1175 183 41 riksdagen
316 1175 189 39 utlåtande,
529 1175 108 33 vilket
658 1175 144 33 härmed

476 1229 162 32 anmäles.

155 1332 107 44 170:0)
286 1334 399 34 Dövstumskolorna:
708 1335 128 33 Resor
854 1335 63 33 för
933 1335 408 33 dövstumskolelever
1352 1335 124 42 jämte
1491 1335 113 34 åtföl-

105 1388 119 41 jande
247 1387 179 34 vårdare.
458 1389 17 32 I
498 1389 152 42 enlighet
672 1390 80 32 med
775 1390 129 41 Kungl.
929 1390 116 41 Maj:ts
1061 1390 128 41 förslag
1204 1388 125 43 (punkt
1346 1391 74 39 175,
1437 1390 62 33 sid.
1518 1388 86 44 372),

108 1442 107 33 vilket
247 1442 144 32 innebär
424 1442 190 33 anvisande
648 1454 43 21 av
726 1454 133 21 samma
892 1443 262 41 anslagsbelopp
1189 1454 74 21 som
1296 1444 54 32 för
1372 1443 233 33 innevarande

108 1496 177 41 budgetår,
310 1496 196 32 hemställer
531 1496 174 39 utskottet,

472 1552 50 29 att
549 1550 181 40 riksdagen
754 1552 58 30 må
834 1550 50 32 till
907 1550 321 32 Dövstumskolorna:
1252 1550 103 32 Resor
1371 1550 61 41 för
1449 1552 155 31 dövstum-

426 1603 171 32 skolelever
624 1604 104 40 jämte
760 1603 180 42 åtföljande
973 1605 139 31 vårdare
1145 1604 54 32 för
1228 1603 202 42 budgetåret
1458 1600 145 42 1942/43

428 1656 122 33 anvisa
576 1659 46 30 ett
645 1656 267 43 förslagsanslag
935 1668 42 22 av
1002 1657 121 39 35,000
1146 1657 137 32 kronor.

154 1761 106 43 171:0)
284 1763 396 33 Dövstumskolorna:
706 1763 223 41 Stipendier
950 1763 41 33 åt
1005 1763 109 33 vissa
1129 1763 474 42 fortsättningsskolplik-

107 1816 84 41 tiga
227 1816 144 33 elever.
418 1817 16 31 I
458 1817 151 41 enlighet
631 1818 77 31 med
734 1817 129 42 Kungl.
888 1818 116 40 Maj:ts
1028 1818 128 41 förslag
1178 1816 125 43 (punkt
1328 1819 73 38 176,
1426 1818 62 32 sid.
1515 1816 87 43 372),

106 1870 105 32 vilket
244 1870 145 32 innebär
420 1871 189 32 anvisande
644 1882 42 21 av
721 1882 133 21 samma
888 1871 261 42 anslagsbelopp
1185 1882 74 21 som
1293 1872 54 31 för
1370 1871 233 33 innevarande

107 1923 177 41 budgetår,
308 1923 195 32 hemställer
526 1924 175 38 utskottet,

471 1980 49 29 att
544 1977 181 41 riksdagen
751 1980 57 29 må
831 1978 50 31 till
905 1978 321 32 Dövstumskolorna:
1254 1978 186 41 Stipendier
1464 1981 35 29 åt
1515 1979 88 31 vissa

422 2030 448 42 fortsättningsskolpliktiga
893 2032 101 31 elever
1017 2032 54 31 för
1093 2031 202 42 budgetåret
1320 2028 145 41 1942/43
1483 2031 120 33 anvisa

428 2087 47 29 ett
498 2084 120 41 anslag
641 2095 42 21 av
708 2086 100 37 5,000
832 2085 134 32 kronor.

152 2178 107 43 172:0)
283 2181 148 40 Bidrag
454 2180 62 32 till
539 2181 189 41 avlöning
751 2180 42 33 åt
816 2182 108 32 vissa
946 2181 51 41 på
1020 2182 347 41 indragningsstat
1381 2182 75 33 hos
1471 2183 131 32 lands-

105 2234 86 40 ting
225 2234 196 40 uppförda
456 2234 326 33 dövstumlärare.
828 2236 15 31 I
878 2235 151 41 enlighet
1064 2236 77 31 med
1176 2236 129 41 Kungl.
1336 2236 115 41 Maj:ts
1475 2237 129 40 förslag

105 2286 122 42 (punkt
254 2289 72 36 177,
353 2287 59 31 sid.
439 2285 88 42 373),
552 2288 105 32 vilket
680 2288 143 32 innebär
847 2300 41 20 en
913 2289 284 40 anslagshöjning
1221 2290 78 30 med
1327 2291 96 37 1,000
1447 2290 155 31 kronor
1583 2281 23 52 i

105 2342 88 38 syfte
218 2343 50 28 att
292 2340 123 32 bereda
439 2340 261 41 ifrågavarande
724 2341 107 32 lärare
855 2341 241 41 ålderstillägg,
1121 2341 199 32 hemställer
1343 2342 177 39 utskottet,

470 2396 49 29 att
552 2394 180 40 riksdagen
767 2396 57 30 må
847 2396 110 30 såsom
983 2395 131 40 Bidrag
1139 2395 51 31 till
1213 2395 153 41 avlöning
1390 2398 35 30 åt
1448 2397 88 32 vissa
1555 2400 47 38 på

423 2447 287 39 indragningsstat
733 2447 55 32 hos
811 2448 167 39 landsting
1002 2447 161 41 uppförda
1180 2449 254 32 dövstumlärare
1450 2450 55 31 för
1520 2449 81 33 bud-

424 2501 129 39 getåret
582 2497 143 40 1942/43
750 2501 119 32 anvisa
892 2503 46 29 ett
962 2500 266 42 förslagsanslag
1251 2512 43 21 av
1322 2503 119 37 14,200
1465 2503 133 32 kronor.
