1902 2836
526 178 298 36 Statsutskottets
846 178 187 36 utlåtande
1056 180 55 34 Nr
1133 182 34 32 8.
1552 184 44 32 59

883 263 255 40 Sammandrag
1124 259 19 49 :

440 323 25 32 I.
513 323 213 33 Professorer
750 324 64 32 och
838 323 106 33 lärare
968 336 44 20 m.
1038 325 31 31 fl.
1101 351 138 5 ......
1260 324 125 33 kronor
1410 326 176 38 1,342,900

420 376 43 33 II.
512 377 103 32 Vissa
637 377 209 41 tjänstemän
870 378 58 33 vid
951 378 251 32 universitetets

513 430 185 42 samlingar
722 431 64 32 och
811 431 229 42 inrättningar
1063 443 43 21 m.
1133 443 43 20 m.
1208 458 32 6 ..
1323 443 12 15 >
1440 433 141 36 438,861

1092 495 142 32 Summa
1259 495 125 32 kronor
1409 496 174 38 1,781,761

777 575 173 32 Särskilda
974 576 279 41 uppbördsmedel:

423 645 37 3 =
497 645 43 3 =
791 646 43 3 —
1258 629 126 32 kronor
1485 631 97 36 5,761

1025 692 210 41 Nettoutgift
1258 692 125 32 kronor
1411 693 184 39 1,776,000;

464 759 28 42 c)
526 761 208 42 bemyndiga
762 762 128 42 Kungl.
920 763 99 41 Maj:t
1051 766 49 29 att
1133 763 138 42 vidtaga
1304 763 41 32 de
1377 763 219 42 ändringar
1573 755 25 54 i

420 814 66 33 den
511 815 52 32 till
587 815 187 42 avdelning
797 816 25 32 I.
847 827 43 22 av
913 816 153 33 nämnda
1090 816 248 42 avlöningsstat
1360 817 152 32 hörande
1532 822 64 27 sär-

420 868 111 33 skilda
555 868 292 42 avlöningsstaten
871 871 53 31 för
947 871 207 41 professorer
1178 882 43 21 m.
1240 871 43 39 fl.,
1309 881 72 22 som
1404 871 192 32 föranledas

419 932 44 22 av
486 922 68 32 vad
578 922 377 42 departementschefen
971 924 10 31 i
999 924 370 41 statsrådsprotokollet
1393 929 80 28 över
1492 924 104 33 eckle-

420 975 270 34 siastikärenden
714 977 55 32 för
792 977 66 32 den
882 978 19 31 3
924 978 138 40 januari
1088 979 83 31 1942
1196 978 128 39 anfört;

464 1027 33 43 d)
521 1029 51 33 till
588 1030 116 33 Lunds
719 1031 207 32 universitet:
942 1032 205 40 Avlöningar
1163 1032 54 31 för
1232 1031 199 42 budgetåret
1450 1028 144 42 1942/43

419 1083 120 32 anvisa
563 1087 47 29 ett
633 1084 268 42 förslagsanslag
924 1095 44 22 av
994 1086 175 38 1,776,000
1192 1085 135 32 kronor.

463 1146 43 32 II.
541 1149 49 29 att
622 1147 216 32 motionerna
869 1147 83 32 I:90
985 1147 64 32 och
1080 1148 98 32 II:63
1207 1149 58 31 må
1288 1159 98 21 anses
1409 1148 186 33 besvarade

419 1199 79 32 med
531 1199 67 33 vad
630 1200 166 32 utskottet
828 1200 108 33 under
967 1201 155 41 punkten
1155 1198 87 44 56:0)
1266 1201 12 32 i
1302 1201 56 32 det
1390 1202 206 41 föregående

418 1253 124 32 anfört.

142 1357 87 44 63:o0)
254 1359 136 34 Lunds
412 1360 251 33 universitet:
688 1360 299 34 Omkostnader.
1024 1362 16 32 I
1064 1362 150 42 enlighet
1238 1363 78 31 med
1333 1363 127 41 Kungl.
1480 1363 115 41 Maj:ts

99 1415 69 32 förs
181 1425 45 30 ag
260 1412 124 44 (punkt
418 1415 52 38 66,
507 1414 62 32 sid.
609 1412 83 44 189),
727 1415 108 32 vilket
868 1415 144 33 innebär
1046 1427 42 20 en
1123 1416 275 42 huvudsakligen
1422 1427 44 22 av
1489 1417 106 40 höjda

98 1467 321 33 bränslekostnader
453 1467 179 33 föranledd
667 1468 286 42 anslagshöjning
987 1469 79 32 med
1095 1470 121 38 26,600
1239 1469 137 40 kronor,
1401 1470 195 33 hemställer

99 1521 173 40 utskottet,

461 1568 50 29 att
544 1565 180 41 riksdagen
759 1568 57 30 må
838 1566 51 32 till
912 1567 116 32 Lunds
1050 1567 208 33 universitet:
1286 1567 232 33 Omkostnader
1541 1569 53 31 för

417 1619 202 42 budgetåret
658 1616 145 42 1942/43
841 1621 119 32 anvisa
997 1624 46 29 ett
1075 1621 267 42 förslagsanslag
1374 1633 42 22 av
1451 1623 142 38 129,800

417 1673 136 32 kronor.

141 1769 87 43 64:o)
263 1771 135 32 Lunds
432 1771 252 33 universitet:
719 1771 182 33 Materiel
935 1781 49 24 m.
1018 1781 49 24 m.
1113 1773 17 32 I
1164 1773 152 41 enlighet
1349 1774 78 32 med
1463 1774 129 42 Kungl.

98 1825 113 41 Maj:ts
236 1824 130 42 förslag
389 1822 122 44 (punkt
535 1826 53 37 67,
613 1825 60 32 sid.
703 1827 62 30 189
790 1826 64 32 och
880 1824 83 42 190),
989 1826 106 33 vilket
1117 1826 142 32 innebär
1283 1838 42 21 en
1349 1838 42 21 av
1415 1828 179 32 konsume-

98 1879 117 32 randet
250 1889 43 22 av
328 1879 91 32 vissa
452 1879 245 32 reservationer
730 1878 162 42 betingad
924 1879 285 42 anslagshöjning
1232 1880 79 32 med
1337 1881 97 38 1,700
1458 1881 135 39 kronor,

97 1931 194 33 hemställer
314 1931 173 38 utskottet,

461 1987 49 29 att
543 1984 182 41 riksdagen
759 1987 58 30 må
848 1985 51 31 till
932 1985 116 32 Lunds
1077 1986 205 32 universitet:
1307 1986 156 32 Materiel
1486 1999 41 20 m.
1553 1999 38 20 m.

416 2038 54 31 för
509 2037 201 41 budgetåret
751 2034 143 42 1942/43
934 2039 121 32 anvisa
1089 2042 46 29 ett
1170 2039 346 43 reservationsanslag
1551 2051 42 22 av

418 2091 144 38 266,000
586 2091 134 32 kronor.

141 2187 87 40 65:o0)
259 2188 135 32 Lunds
417 2188 249 32 universitet:
691 2188 207 41 Bokinköp
923 2189 74 32 och
1020 2189 273 41 bokbindning
1315 2190 63 32 för
1400 2190 192 33 universi-

98 2241 321 33 tetsbiblioteket.
466 2242 14 31 I
506 2241 151 41 enlighet
679 2243 79 31 med
783 2243 127 41 Kungl.
936 2243 116 41 Maj:ts
1071 2243 128 41 förslag
1215 2241 123 43 (punkt
1355 2245 51 36 66,
1425 2244 61 32 sid.
1509 2243 82 41 190),

98 2295 103 33 vilket
235 2295 143 31 innebär
411 2295 188 32 anvisande
634 2306 42 21 av
712 2306 134 21 samma
880 2296 260 41 anslagsbelopp
1175 2308 74 20 som
1285 2298 54 30 för
1361 2297 231 33 innevarande

97 2348 174 41 budgetår,
296 2348 195 31 hemställer
515 2348 173 39 utskottet,

460 2404 50 28 att
534 2401 179 41 riksdagen
742 2403 57 30 må
822 2401 51 32 till
896 2402 116 32 Lunds
1034 2402 209 32 universitet:
1266 2403 172 41 Bokinköp
1454 2405 54 30 och
1526 2405 66 31 bok-

416 2454 162 40 bindning
594 2454 59 40 för
675 2455 391 32 universitetsbiblioteket
1089 2456 52 31 för
1158 2455 201 41 budgetåret
1378 2453 144 40 1942/43
1538 2468 54 21 an-

415 2507 73 31 visa
512 2510 47 28 ett
583 2508 345 41 reservationsanslag
952 2519 42 22 av
1013 2510 140 37 106,000
1178 2509 134 32 kronor.
