1930 2844
353 802 496 30 Handelsöverenskommelse
866 802 134 26 mellan

367 845 272 34 Konungariket
656 845 142 32 Sverige
816 844 93 26 samt
926 843 70 26 Det

387 888 182 28 Förenade
585 886 271 34 Konungariket
873 885 93 27 Stor-

395 930 204 28 britannien
617 930 64 25 och
699 929 112 26 Norra
828 928 132 26 Irland.

355 1008 260 40 Konungariket
674 1007 154 39 Sveriges
887 1005 156 39 regering

311 1057 87 29 samt
445 1052 68 32 Det
562 1050 173 34 Förenade
785 1047 259 40 Konungariket

312 1094 284 34 Storbritanniens
620 1093 61 32 och
703 1092 111 32 Norra
836 1090 134 33 Irlands
994 1101 48 21 re-

311 1138 117 38 gering
455 1137 98 37 hava,
581 1136 12 31 i
619 1134 127 33 önskan
774 1137 51 29 att
849 1133 194 32 underlätta

313 1180 60 32 och
404 1184 43 27 än
479 1177 201 39 ytterligare
710 1175 157 34 utveckla
897 1174 146 33 handeln

311 1222 122 32 mellan
463 1219 260 39 Konungariket
754 1218 146 38 Sverige,
932 1218 20 31 å
981 1228 63 21 ena

312 1264 106 38 sidan,
441 1267 89 29 samt
549 1262 67 33 Det
636 1261 172 33 Förenade
829 1258 213 40 Konungari-

311 1306 57 33 ket
395 1304 267 34 Storbritannien
691 1304 61 32 och
779 1303 108 32 Norra
914 1301 128 38 Irland,

311 1349 19 32 å
351 1348 105 32 andra
477 1347 107 39 sidan,
605 1349 94 30 enats
721 1357 52 21 om
793 1344 165 39 följande:

581 1472 135 33 Artikel
744 1473 29 31 1.

355 1534 18 31 I
389 1533 116 38 bilaga
521 1532 18 32 I
556 1532 53 32 till
626 1531 107 33 denna
750 1528 292 35 överenskommel-

311 1587 34 21 se
364 1578 177 36 upptagna
560 1586 107 25 varor,
689 1572 254 39 frambringade
962 1571 82 32 eller

311 1617 202 33 tillverkade
529 1617 13 31 i
558 1616 67 33 Det
641 1615 171 33 Förenade
829 1613 214 39 Konungari-

312 1660 67 39 ket,
413 1659 97 33 skola
541 1658 58 33 vid
631 1657 142 34 införsel
805 1657 55 34 till
893 1655 149 39 Sverige,

312 1703 77 31 från
417 1701 114 33 vilken
561 1705 52 28 ort
641 1700 40 32 de
710 1704 43 28 än
782 1700 53 31 må
863 1698 179 37 inkomma,

311 1744 74 33 icke
430 1756 84 20 vara
561 1741 247 34 underkastade
833 1741 105 32 andra
962 1740 81 32 eller

311 1787 102 38 högre
436 1786 105 32 tullar
564 1785 80 32 eller
668 1784 150 39 avgifter
842 1788 41 27 än
908 1783 48 38 de,
981 1782 61 32 vil-

311 1829 44 32 ka
376 1828 148 39 angivits
545 1828 12 31 i
577 1827 147 38 bilagan.

581 1911 136 32 Artikel
744 1912 30 31 2.

355 1972 18 31 I
397 1971 117 38 bilaga
540 1971 38 31 II
602 1970 55 32 till
683 1970 108 32 denna
815 1968 227 33 överenskom-

311 2014 99 32 melse
445 2016 176 35 upptagna
656 2023 109 27 varor,
792 2010 251 38 frambringade

311 2056 80 32 eller
418 2055 201 32 tillverkade
646 2054 12 31 i
687 2053 147 39 Sverige,
863 2053 95 32 skola
984 2052 59 32 vid

311 2097 139 33 införsel
473 2097 54 32 till
548 2096 67 33 Det
635 2096 173 32 Förenade
829 2094 213 39 Konungari-

311 2140 66 38 ket,
401 2140 78 31 från
501 2139 114 32 vilken
637 2142 52 29 ort
712 2138 39 32 de
775 2142 42 28 än
840 2138 53 31 må
915 2136 127 33 inkom-

312 2194 62 26 ma,
398 2181 74 33 icke
495 2193 83 20 vara
600 2180 246 33 underkastade
870 2179 105 33 andra
998 2179 44 32 el-

311 2225 48 31 ler
385 2224 103 38 högre
513 2223 103 32 tullar
642 2223 80 32 eller
748 2222 148 39 avgifter
922 2226 43 28 än
992 2221 49 38 de,

311 2266 93 32 vilka
431 2265 148 39 angivits
605 2265 13 32 i
643 2265 148 38 bilagan.

581 2349 136 32 Artikel
743 2350 30 31 3.

357 2410 28 31 1.
429 2409 127 32 Utöver
577 2408 38 32 de
636 2407 190 39 åtaganden
847 2408 12 32 i
880 2406 162 33 avseende

310 2452 20 31 å
347 2451 228 38 importtullar
593 2450 59 32 och
670 2450 158 39 avgifter,
848 2461 68 20 som
934 2449 107 39 gjorts

742 164 370 34 Bevillningsutskottets
1135 163 192 29 betänkande
1348 163 48 28 Nr
1415 165 49 26 53.

1080 799 231 27 Commercial
1337 799 216 33 Agreement
1578 798 160 26 between
1756 798 61 26 the

1079 842 128 26 United
1226 841 178 33 Kingdom
1423 841 39 26 of
1477 840 108 27 Great
1597 840 138 26 Britain
1747 841 71 25 and

1079 884 175 26 Northern
1285 883 142 27 Ireland
1454 883 72 26 and
1553 883 60 26 the
1639 882 179 33 Kingdom
1840 903 6 8 ,

1349 925 38 26 of
1406 924 160 27 Sweden.

1124 1003 70 34 The
1224 1003 223 33 Government
1457 1002 36 33 of
1504 1002 57 33 the
1572 1002 123 33 United
1708 1001 108 39 King-

1082 1047 74 32 dom
1186 1047 36 32 of
1253 1046 105 33 Great
1386 1046 134 32 Britain
1550 1045 66 33 and
1646 1045 169 32 Northern

1081 1089 136 32 Ireland
1252 1089 66 32 and
1351 1088 56 33 the
1443 1087 224 33 Government
1699 1087 36 32 of
1759 1087 56 32 the

1081 1131 172 39 Kingdom
1271 1131 36 32 of
1327 1130 140 34 Sweden
1486 1130 149 38 desiring
1651 1133 35 29 to
1704 1129 110 32 facili-

1082 1177 69 29 tate
1170 1173 65 33 and
1254 1173 120 32 extend
1394 1172 72 33 still
1486 1172 132 33 further
1636 1172 95 32 trade
1750 1171 65 32 and

1083 1227 179 21 commerce
1290 1215 148 33 between
1467 1215 58 32 the
1555 1214 122 33 United
1708 1213 108 39 King-

1084 1258 74 32 dom
1188 1258 36 32 of
1255 1257 104 33 Great
1387 1257 135 32 Britain
1552 1257 66 32 and
1648 1256 169 32 Northern

1082 1300 136 32 Ireland
1235 1312 41 20 on
1293 1300 55 32 the
1366 1311 59 20 one
1444 1299 90 32 hand
1551 1299 66 32 and
1633 1299 57 32 the
1708 1298 106 38 King-

1084 1342 74 32 dom
1196 1342 37 32 of
1271 1341 139 34 Sweden
1448 1353 42 20 on
1516 1341 57 33 the
1600 1341 103 38 other,
1731 1340 85 32 have

1084 1384 121 38 agreed
1225 1387 33 29 to
1278 1384 56 32 the
1353 1383 178 39 following
1549 1383 121 33 effect:
1689 1403 45 5 —

1355 1467 132 32 Article
1515 1468 30 31 1.

1126 1527 71 32 The
1214 1526 133 33 articles
1366 1526 214 33 enumerated
1597 1526 35 31 in
1649 1525 56 33 the
1722 1525 94 32 First

1084 1568 162 34 Schedule
1268 1573 33 29 to
1322 1569 68 32 this
1413 1569 213 38 Agreement,
1649 1567 167 39 produced

1083 1622 36 20 or
1142 1610 257 33 manufactured
1421 1610 36 32 in
1480 1610 56 32 the
1561 1609 123 33 United
1709 1609 107 39 King-

1084 1653 84 38 dom,
1202 1653 88 32 from
1322 1653 171 32 whatever
1529 1651 95 39 place
1655 1651 162 39 arriving,

1084 1695 87 32 shall
1202 1699 66 35 not,
1300 1707 41 20 on
1370 1695 218 38 importation
1623 1694 69 33 into
1729 1693 87 34 Swe-

1084 1738 71 38 den,
1177 1738 40 32 be
1241 1737 170 39 subjected
1432 1740 34 29 to
1488 1737 109 32 duties
1619 1748 37 21 or
1676 1737 140 38 charges

1083 1780 94 33 other
1206 1792 36 20 or
1274 1780 119 38 higher
1420 1779 82 33 than
1532 1779 93 34 those
1653 1779 164 39 specified

1084 1824 33 32 in
1138 1824 56 32 the
1216 1823 174 33 Schedule.

1354 1906 132 33 Article
1513 1907 30 31 2.

1126 1966 70 32 The
1218 1966 133 32 articles
1373 1965 214 33 enumerated
1607 1965 35 32 in
1663 1965 56 33 the
1740 1964 74 34 Sec-

1083 2009 63 32 ond
1195 2008 164 33 Schedule
1405 2012 33 28 to
1485 2008 68 32 this
1601 2008 213 38 Agreement,

1083 2050 168 38 produced
1286 2062 37 20 or
1356 2049 258 33 manufactured
1652 2049 35 32 in
1728 2048 87 34 Swe-

1084 2092 70 38 den,
1197 2092 88 32 from
1326 2092 171 35 whatever
1528 2091 94 39 place
1655 2091 160 38 arriving,

1083 2134 88 32 shall
1214 2138 66 34 not,
1324 2146 40 20 on
1411 2134 217 39 importation
1659 2134 69 32 into
1761 2134 55 32 the

1083 2177 124 32 United
1250 2176 181 39 Kingdom,
1477 2176 40 34 be
1565 2176 169 38 subjected
1782 2180 34 28 to

1084 2219 108 33 duties
1212 2231 36 21 or
1267 2219 139 39 charges
1429 2219 95 33 other
1543 2231 37 20 or
1598 2219 119 38 higher
1734 2218 82 33 than

1085 2263 94 32 those
1197 2262 162 39 specified
1376 2263 35 31 in
1428 2263 56 32 the
1503 2261 173 33 Schedule.

1352 2346 131 32 Article
1510 2347 29 31 3.

1131 2407 28 31 1.
1205 2405 41 32 In
1279 2405 151 33 addition
1462 2409 33 28 to
1527 2405 55 31 the
1614 2404 202 39 obligations

1083 2447 144 38 relating
1251 2450 33 29 to
1306 2447 125 39 import
1455 2447 108 32 duties
1588 2446 64 32 and
1676 2447 141 38 charges
