2116 2646
389 211 114 33 Andra
530 212 209 34 Kammarens
763 215 169 42 Tillfälliga
962 217 132 33 Utskotts
1117 218 79 42 (N:o
1220 218 38 45 3)
1287 219 164 35 Utlåtande
1474 222 65 32 N:o
1561 225 48 30 18.
1767 226 45 35 15

206 293 144 38 sådana
378 308 195 36 personer,
602 297 129 38 hvilka
752 300 230 38 anträffades
1004 304 20 35 å
1044 301 157 39 allmänt
1220 303 111 41 ställe
1351 305 257 39 öfverlastade
1629 309 42 37 af
1684 310 126 37 starka

206 345 173 49 drycker.

340 397 75 36 För
456 403 54 32 att
551 413 47 23 en
639 404 42 33 så
720 402 191 49 väsentlig
951 405 268 50 utsträckning
1258 407 42 36 af
1335 407 379 50 fjerdingsmännens
1749 412 63 37 be-

206 447 198 48 fogenhet,
444 462 80 24 som
566 450 123 38 denne
732 453 187 37 motionär
960 455 11 36 i
1012 455 250 39 förenämnda
1302 459 70 36 och
1402 459 143 49 jemväl
1573 461 91 38 flere
1693 463 119 38 andra

206 498 209 38 afseenden
456 501 212 49 föreslagit,
709 504 122 37 skulle
860 508 36 33 åt
937 506 85 36 dem
1050 507 221 50 inrymmas,
1301 509 131 49 borde,
1461 511 120 50 enligt
1604 514 207 38 utskottets

206 549 111 49 åsigt,
359 550 115 38 dessa
514 566 184 36 personer
735 555 140 38 besitta
913 557 80 36 helt
1022 558 119 38 andra
1169 560 71 37 och
1269 565 121 33 större
1418 562 316 51 gqvalifikationer,
1763 571 45 32 än

206 613 80 24 som
316 602 122 37 under
466 605 221 37 nuvarande
716 606 279 51 förhållanden,
1029 609 48 37 då
1111 610 574 55 fjerdingsmansbefattningen
1717 617 93 38 fort-

204 651 159 39 farande
380 659 40 31 är
436 660 54 31 ett
503 656 363 52 menighetsbestyr,
883 673 60 23 om
958 665 115 32 sättet
1087 661 59 37 för
1160 662 114 37 hvars
1291 666 215 47 utgörande
1522 666 287 40 vederbörande

203 703 233 38 socknemän
465 719 73 36 ega
566 713 55 31 att
649 708 58 36 för
735 709 78 37 viss
836 710 55 37 tid
911 711 137 48 sjelfva
1069 713 344 50 öfverenskomma,
1433 716 229 50 visserligen
1680 719 130 38 kunna

204 753 69 38 hos
302 754 287 52 befattningens
617 759 249 39 innehafvare
894 761 237 39 förutsättas.
1175 765 203 38 Dessutom
1405 767 133 48 skulle,
1568 770 121 48 enligt
1707 771 102 37 hvad

203 805 187 38 utskottet
431 807 215 39 föreställer
687 810 71 50 sig,
798 825 140 36 genom
967 813 73 37 den
1069 815 42 36 af
1135 816 236 38 motionären
1400 818 160 38 sålunda
1587 820 222 51 föreslagna

203 858 270 50 utsträckning
493 860 41 37 af
549 860 378 51 fjerdingsmännens
946 865 367 50 verkningsområde
1330 869 70 36 och
1416 869 265 50 skyldigheter
1696 873 112 37 deras

201 907 56 36 tid
286 908 71 37 och
385 909 145 38 krafter
557 913 60 35 för
645 912 64 37 det
734 913 211 39 allmännas
972 916 165 50 räkning
1162 923 111 44 tagas
1301 919 11 36 1
1329 921 193 48 anspråk
1506 915 20 62 i
1542 925 41 34 så
1607 923 77 49 hög
1698 925 110 48 grad,

203 963 54 32 att
286 959 572 55 fjerdingsmansbefattningen
885 966 123 37 skulle
1036 967 153 39 komma
1217 975 55 31 att
1299 970 56 36 till
1384 978 78 30 stor
1491 973 61 36 del
1582 973 141 39 förlora
1750 975 57 37 sin

203 1011 238 38 närvarande
471 1014 197 49 egenskap
698 1016 42 36 af
763 1022 54 31 ett
845 1017 351 52 menighetsbestyr
1224 1021 71 36 och
1322 1021 10 36 i
1362 1022 128 38 stället
1517 1024 144 38 erhålla
1689 1026 118 37 sådan

202 1066 112 31 natur
342 1062 42 37 af
408 1063 543 52 tjenstemannaverksamhet,
981 1075 55 31 att
1064 1070 231 38 kommunen
1325 1073 33 48 ej
1387 1074 108 37 torde
1515 1074 128 39 kunna
1678 1077 130 49 undgå

202 1116 55 32 att
284 1112 193 51 betungas
505 1116 86 37 med
620 1130 75 36 nya
719 1118 91 37 eller
830 1119 122 37 ökade
971 1120 160 50 utgifter
1150 1122 58 37 för
1227 1123 377 51 fjerdingsmännens
1626 1128 179 50 aflöning.

200 1163 339 52 Hufvudsakligen
578 1168 42 36 af
653 1168 114 38 dessa
808 1170 83 38 skäl
928 1185 111 24 anser
1078 1172 61 50 sig
1177 1175 186 38 utskottet
1389 1176 84 37 icke
1501 1177 129 38 kunna
1657 1179 147 38 biträda

200 1214 88 37 herr
318 1216 146 38 Anders
490 1217 160 39 Olssons
679 1220 266 51 föreliggande
974 1223 157 50 förslag.

333 1267 100 37 Herr
459 1269 35 36 J.
523 1272 44 34 A.
597 1271 232 38 Lundström
859 1273 171 38 deremot
1057 1275 70 37 har
1154 1275 11 36 i
1190 1276 72 37 den
1288 1279 39 35 af
1344 1277 140 39 honom
1503 1280 139 38 väckta
1662 1282 143 38 motion

197 1317 210 38 framhållit
434 1319 183 39 behofvet
645 1322 41 37 af
711 1328 54 32 ett
792 1329 175 33 närmare
995 1326 289 39 bestämmande
1308 1329 198 39 äfvensom
1540 1332 265 52 begränsning

198 1368 42 37 af
264 1369 379 50 fjerdingsmännens
670 1374 390 51 tjensteåligganden,
1088 1383 92 32 utan
1208 1384 55 32 att
1286 1379 117 39 likväl
1435 1382 181 38 särskildt
1636 1381 168 57 angifva,

196 1418 11 36 i
236 1420 129 37 hvilka
393 1422 208 38 afseenden
623 1438 47 23 en
691 1425 118 38 sådan
828 1426 275 52 begränsning,
1124 1429 121 50 enligt
1265 1431 256 40 motionärens
1543 1436 261 51 uppfattning,

196 1470 119 38 borde
357 1472 78 37 ske.
490 1474 225 38 Emellertid
752 1490 115 36 synes
909 1478 64 37 det
1014 1480 197 47 utskottet,
1251 1495 82 24 som
1372 1483 118 38 redan
1530 1499 50 23 nu
1621 1487 183 49 gällande

196 1521 445 54 fjerdingsmansstadga
677 1527 238 39 innefattade
956 1544 47 23 en
1043 1532 263 51 begränsning
1346 1535 42 36 af
1423 1531 379 61 fjerdingsmännens

195 1572 245 50 åligganden,
484 1576 59 36 för
584 1581 41 32 så
659 1578 80 37 vidt
769 1580 136 36 sådant
932 1581 75 37 kan
1034 1582 76 37 låta
1139 1583 59 49 sig
1225 1589 110 43 göra;
1365 1586 71 37 och
1464 1587 123 37 finner
1614 1590 189 38 utskottet

195 1623 183 50 skarpare
406 1626 266 52 begränsning
700 1630 229 38 härutinnan
958 1632 11 36 i
997 1632 95 49 följd
1122 1634 41 37 af
1188 1635 139 37 sakens
1356 1649 99 37 egen
1474 1644 112 31 natur
1605 1639 84 38 icke
1710 1655 91 24 vara

195 1675 135 50 möjlig
358 1677 70 36 och
456 1678 34 49 ej
519 1678 122 38 heller
668 1681 239 51 erforderlig,
936 1683 48 37 då
1012 1698 47 22 nu
1090 1686 167 36 varande
1278 1687 139 50 stadga
1435 1688 12 36 i
1464 1689 88 37 dess
1573 1692 20 35 8
1615 1688 20 50 $
1656 1691 146 39 lemnar

195 1725 279 51 fjerdingsman
514 1729 225 51 tillräckligt
781 1733 123 48 skydd
944 1740 78 31 mot
1049 1735 301 40 öfverordnades
1379 1740 301 48 magtmissbruk
1709 1744 92 37 eller

193 1777 205 51 godtycke.

327 1830 175 49 Befogad
531 1831 142 50 klagan
701 1833 108 38 öfver
837 1835 63 37 det
928 1841 87 42 sätt,
1044 1837 145 51 hvarpå
1211 1852 51 23 nu
1282 1840 179 49 gällande
1482 1838 318 60 fjerdingsmans-

193 1879 139 50 stadga
371 1881 10 36 i
419 1882 88 37 dess
548 1883 100 38 olika
693 1885 105 37 delar
827 1886 134 38 hittills
988 1888 222 50 tillämpats,
1239 1892 81 47 har,
1348 1892 58 37 för
1434 1896 42 34 så
1502 1894 83 37 vidt
1612 1897 188 38 utskottet

192 1930 129 38 derom
365 1932 147 38 kunnat
552 1935 115 37 vinna
707 1937 247 50 upplysning,
996 1939 83 37 icke
1116 1941 188 49 försports
1346 1944 171 37 hvarken
1554 1947 84 36 från
1666 1949 133 36 veder-

192 1981 169 38 hörande
398 1984 291 50 myndigheters
724 1988 93 36 eller
845 1989 278 39 allmänhetens
1152 1992 99 49 sida;
1282 1994 70 38 och
1380 2008 113 24 anser
1522 1996 60 50 sig
1610 1999 189 38 utskottet

194 2034 84 35 med
308 2034 210 51 anledning
542 2037 112 37 häraf
678 2038 116 37 hafva
822 2041 194 48 grundadt
1039 2043 84 36 stöd
1145 2044 58 37 för
1222 2047 66 36 sitt
1308 2047 228 49 antagande,
1558 2053 54 32 att
1633 2051 163 49 stadgan

192 2084 236 38 fortfarande
456 2090 49 45 på
533 2093 55 31 ett
615 2088 357 41 tillfredsställande
1001 2098 75 31 sätt
1104 2095 194 50 uppfyller
1326 2097 65 37 sitt
1419 2098 186 38 ändamål.

325 2136 52 37 På
404 2138 126 48 grund
561 2139 42 36 af
627 2139 100 38 hvad
758 2142 159 37 sålunda
945 2143 127 37 blifvit
1100 2147 152 37 anfördt
1282 2149 70 36 och
1380 2148 47 37 då
1454 2150 188 38 utskottet
1666 2153 34 47 ej
1722 2153 72 37 kan

189 2186 115 47 finna,
344 2193 55 31 att
437 2192 125 46 någon
593 2190 41 37 af
663 2191 281 40 motionärerna
973 2195 9 35 i
1011 2195 119 50 öfrigt
1157 2197 183 52 framlagt
1367 2199 138 50 giltiga
1533 2202 79 37 skäl
1648 2203 56 36 för
1732 2204 65 37 be-

189 2236 133 37 hofvet
351 2239 41 36 af
416 2252 45 23 en
490 2253 51 36 ny
568 2241 453 53 fjerdingsmansstadga,
1049 2247 57 36 får
1133 2250 189 37 utskottet
1351 2251 212 49 hemställa,
