2178 2620
739 154 245 34 Statsutskottets
1007 157 165 32 utlåtande
1194 161 48 29 Nr
1266 159 73 32 206.
1762 162 19 31 5

345 252 43 22 nr
427 241 73 34 424
541 241 13 35 i
581 241 117 37 andra
738 243 212 37 kammaren
982 258 44 23 av
1054 246 126 36 herrar
1207 247 44 36 ÉE.
1280 248 107 49 Hage
1414 249 69 36 och
1515 248 37 38 C.
1583 249 131 45 Lovén,
1743 263 78 23 som

207 289 199 45 hemställt,
435 296 54 30 att
530 292 195 49 riksdagen
768 298 112 32 måtte
912 299 46 44 på
992 296 61 36 det
1082 302 110 31 sättet
1219 297 128 38 bifalla
1374 299 136 49 Kungl.
1540 300 122 48 Maj:ts
1690 314 132 35 propo-

208 340 112 35 sition
362 353 45 22 nr
449 343 83 43 321,
561 348 54 30 att
642 344 195 49 riksdagen
866 350 114 32 måtte
1008 347 146 36 besluta
1180 350 83 44 giva
1292 349 44 36 de
1363 351 12 34 i
1403 351 161 35 nämnda
1591 352 231 48 proposition

209 402 44 23 nr
282 392 70 34 321
383 393 224 36 omnämnda
634 394 364 50 befattningshavare
1025 398 284 50 dyrtidstillägg
1341 406 53 30 att
1421 404 90 45 utgå
1538 401 43 36 fr.
1612 415 33 22 o.
1675 416 46 21 m.
1752 402 69 36 den

210 442 16 33 1
254 441 149 46 januari
434 445 106 42 1920,
570 446 204 45 nämligen:

335 492 66 49 Jör
442 494 96 36 tiden
580 497 20 34 1
621 497 264 43 januari—30
911 499 91 48 juni
1029 500 98 36 1920
1154 500 94 36 efter
1274 501 44 35 de
1346 502 174 48 grunder,
1550 515 79 23 som
1657 510 163 29 omnäm-

205 554 64 24 nas
308 544 13 33 i
362 545 229 47 proposition
632 559 45 22 nr
719 549 57 43 95,
819 548 83 36 med
942 549 236 48 iakttagande
1216 564 43 23 av
1287 552 46 35 de
1360 552 138 49 förslag
1524 554 57 35 till
1608 553 211 48 ändringar,

203 605 77 23 som
321 592 190 38 framförts
552 597 12 34 i
605 596 71 37 den
717 611 45 23 av
803 600 273 36 motionärerna
1115 602 129 36 väckta
1276 604 189 35 motionen
1493 617 45 22 nr
1567 606 69 34 331
1666 606 13 33 i
1707 605 113 35 andra

205 644 211 36 kammaren
445 652 97 29 samt

331 696 68 47 för
439 696 97 37 tiden
571 698 55 48 fr.
659 711 28 23 o.
717 712 44 23 m.
790 702 21 33 I
832 701 78 44 juli
937 700 102 37 1920
1067 701 93 37 efter
1186 703 44 35 de
1257 704 174 47 grunder,
1460 718 78 22 som
1566 713 213 29 omnämnas
1807 707 12 34 i

203 746 280 47 propositionen
521 761 44 22 nr
602 750 69 34 321
716 750 82 35 med
835 751 236 48 iakttagande
1111 766 43 23 av
1194 754 44 35 de
1279 754 139 49 förslag
1456 756 58 35 till
1545 756 202 49 ändringar
1773 760 46 45 på

202 795 206 47 respektive
448 798 171 47 punkter,
661 813 78 22 som
780 800 189 38 framförts
1008 803 13 35 i
1049 802 241 38 förenämnda
1317 807 143 35 motion
1487 819 46 23 nr
1560 809 70 33 331
1661 808 11 34 i
1704 807 115 36 andra

203 845 232 44 kammaren;
465 854 94 30 samt

336 910 44 22 nr
419 900 71 34 426
532 901 13 33 i
586 900 114 36 andra
728 902 211 36 kammaren
972 917 44 22 av
1045 904 85 36 herr
1156 904 33 36 I.
1224 906 258 46 Vennerström,
1512 920 77 23 som
1618 907 198 45 hemställt,

202 951 54 30 att
292 947 197 49 riksdagen
531 953 114 33 måtte
684 958 90 40 göra
814 953 71 36 den
913 954 206 49 ändringen
1146 957 13 33 i
1188 955 134 49 Kungl.
1351 957 123 47 Maj:ts
1502 960 243 47 proposition,
1772 972 46 22 nr

201 998 83 42 321,
313 1002 54 31 att
393 1000 13 33 i
433 998 24 44 $
484 1002 20 33 3
535 1001 107 36 ordet
670 1003 178 35 »särskilt>
876 1004 200 49 borttages.

339 1048 13 35 I
395 1048 103 50 fråga
538 1064 59 23 om
639 1052 45 36 de
725 1054 88 44 skäl,
852 1056 274 35 motionärerna
1157 1057 123 36 anfört
1307 1059 59 35 till
1394 1059 82 35 stöd
1505 1058 59 37 för
1591 1060 45 36 de
1664 1073 43 23 av
1733 1060 83 36 dem

200 1098 131 48 gjorda
360 1098 378 53 framställningarna,
767 1103 55 37 får
850 1107 180 35 utskottet
1057 1107 152 36 hänvisa
1236 1109 58 35 till
1322 1111 241 35 motionerna.

335 1149 293 39 Förevararande
668 1156 230 46 proposition
925 1156 139 49 åsyftar
1091 1163 54 30 att
1172 1160 249 48 åvägabringa
1449 1161 71 36 den
1549 1161 196 37 reduktion
1773 1176 43 22 av

201 1199 317 50 dyrtidstillägget
555 1202 58 36 för
652 1204 494 39 kommunikationsverkens
1185 1211 182 45 personal,
1409 1224 79 23 som
1528 1224 65 23 var
1625 1225 46 23 en
1698 1212 117 37 förut-

202 1251 168 47 sättning
410 1250 58 37 för
508 1253 69 35 den
619 1253 46 36 fr.
695 1268 32 22 o.
757 1269 47 21 m.
833 1256 69 36 den
935 1260 15 32 1
982 1259 303 36 nästkommande
1308 1260 72 47 juli
1406 1262 244 47 genomförda
1676 1264 139 35 lönere-

201 1300 196 84 gleringen
438 1301 59 37 för
529 1316 140 24 samma
695 1306 98 35 verk.
849 1307 206 49 Förslagets
1083 1310 181 35 innebörd
1293 1311 65 35 har
1386 1325 43 22 av
1458 1312 357 48 departementsche-

218 1363 44 22 en
290 1351 12 35 i
330 1352 149 36 korthet
508 1355 187 47 uttryckts
723 1357 167 44 sålunda,
920 1363 53 31 att
1001 1359 282 50 dyrtidstillägg
1310 1363 119 47 enligt
1446 1364 186 35 allmänna
1650 1364 164 48 grunder

200 1400 179 37 beräknas
408 1406 46 45 på
481 1403 63 36 det
570 1407 305 47 genomsnittliga
900 1409 129 36 värdet
1056 1423 44 22 av
1127 1410 46 36 de
1192 1411 135 37 hittills
1347 1413 183 48 utgående
1550 1416 264 47 avlöningarna

200 1452 67 35 och
296 1457 55 31 att
383 1452 83 37 från
495 1454 72 36 den
595 1455 131 37 därvid
753 1459 214 47 uppkomna
994 1473 171 23 summan
1193 1462 175 49 avdrages
1396 1464 69 35 vad
1493 1477 89 33 som,
1612 1465 123 37 därest
1760 1467 53 35 lö-

199 1503 282 48 neregleringen
509 1506 32 46 ej
572 1506 157 36 kommit
756 1509 58 34 till
842 1510 118 43 stånd,
990 1510 93 36 hade
1111 1511 83 36 bort
1222 1516 90 45 utgå
1338 1514 11 35 i
1372 1511 275 53 dyrtidstillägg
1666 1516 57 36 för
1742 1516 70 36 den

199 1552 58 36 del
285 1566 45 22 av
357 1554 528 51 levnadskostnadsökningen,
915 1573 77 23 som
1020 1562 319 49 löneregleringen
1367 1565 58 35 till
1454 1565 94 36 fullo
1575 1568 135 34 täcker.

334 1603 127 50 Enligt
490 1606 176 48 förslaget
694 1609 101 35 skola
823 1609 56 36 för
907 1611 234 37 beräknande
1169 1626 44 23 av
1240 1614 338 49 dyrtidstilläggets
1598 1618 138 36 storlek
1755 1618 57 36 för

200 1653 500 40 kommunikationsverkens
728 1662 169 44 personal
924 1662 99 46 gälla
1051 1662 44 36 de
1123 1664 185 35 allmänna
1336 1665 325 38 bestämmelserna
1687 1675 124 29 röran-

198 1702 44 36 de
270 1704 284 50 dyrtidstillägg
580 1711 38 31 åt
646 1707 366 51 befattningshavare
1040 1713 9 34 i
1080 1718 138 31 statens
1245 1714 112 46 tjänst
1384 1729 84 22 men
1496 1717 84 35 med
1608 1718 203 47 iakttagan-

198 1752 44 36 de
284 1755 79 34 dels
404 1760 53 31 att
490 1756 279 50 dyrtidstillägg
797 1764 108 44 utgår
932 1762 130 35 endast
1089 1766 20 32 å
1138 1765 44 34 85
1212 1770 153 41 procent
1391 1779 43 22 av
1462 1766 45 36 de
1535 1770 276 47 sammanlagda

197 1804 395 48 avlöningsförmåner,
635 1812 45 44 på
708 1810 100 35 vilka
835 1811 129 36 sådant
991 1813 133 48 tillägg
1151 1817 59 32 må
1237 1815 189 46 beräknas,
1455 1817 91 35 dock
1574 1818 109 47 högst
1710 1822 21 33 å
1756 1826 53 30 ett

194 1853 133 49 belopp
371 1868 43 23 av
444 1858 108 42 1,250
581 1859 137 35 kronor
741 1860 58 36 för
827 1862 143 44 månad,
1001 1863 77 35 dels
1106 1865 67 35 ock
1202 1870 53 30 att
1283 1866 60 35 det
1370 1867 188 47 grundtal,
1586 1881 78 24 som
1692 1871 116 45 gäller

194 1903 57 36 för
277 1907 263 46 statstjänarna
568 1909 12 34 i
607 1910 211 43 allmänhet,
847 1913 92 34 skall
966 1914 12 34 i
1007 1915 99 47 varje
1134 1916 145 35 särskilt
1306 1915 63 36 fall
1399 1918 160 36 minskas
1588 1920 82 35 med
1702 1922 54 34 16.

327 1955 78 36 Mot
420 1956 44 36 de
479 1971 43 21 av
539 1958 134 49 Kungl.
687 1960 104 48 Maj:t
806 1961 208 49 föreslagna
1022 1965 213 45 grunderna
1250 1966 57 35 för
1321 1968 247 37 reduktionen
1585 1983 47 22 av
1644 1972 162 43 dyrtids-

194 2006 175 44 tillägget
388 2007 59 35 för
464 2007 277 49 ifrågavarande
761 2014 167 44 personal
950 2014 65 34 har
1034 2016 180 35 utskottet
1233 2016 80 36 icke
1333 2016 126 37 funnit
1478 2019 77 35 skäl
1574 2021 56 34 till
1647 2023 156 34 erinran.

329 2055 77 36 Vad
448 2061 113 43 angår
601 2059 44 35 de
685 2061 11 33 i
737 2067 125 30 ämnet
889 2063 129 35 väckta
1047 2066 230 35 motionerna
1304 2079 103 23 avser
1435 2068 126 36 herrar
1587 2070 122 48 Hages
1736 2072 66 35 och

191 2103 141 37 Lovéns
361 2108 140 33 motion
529 2109 165 44 allenast,
712 2115 52 31 att
791 2125 43 21 av
862 2112 104 35 dessa
993 2116 222 34 motionärer
1242 2117 12 33 i
1282 2117 156 35 särskild
1458 2119 108 36 väckt
1586 2121 139 35 motion
1743 2125 60 43 på-

191 2154 139 48 yrkade
352 2156 201 47 ändringar
580 2159 12 34 i
621 2159 44 36 de
696 2162 55 33 uti
781 2161 133 47 Kungl.
944 2162 123 47 Maj:ts
1096 2166 230 46 proposition
1355 2180 44 22 nr
1428 2170 45 34 95
1503 2168 207 50 föreslagna
1737 2172 64 34 all-
