1866 2844
137 1418 97 26 Andra

97 1455 177 25 kammaren.

116 1742 151 27 Utskottet.

298 158 17 28 2
500 157 109 27 Första
632 157 197 26 kammarens
850 153 105 31 andra
978 158 153 33 tillfälliga
1155 157 133 27 utskotts
1312 157 158 27 utlåtande
1494 158 42 26 Nr
1559 158 25 26 4.

299 236 78 30 med
398 236 92 30 vissa
511 237 179 29 kännbara
713 236 209 38 svårigheter
944 238 119 28 utöver
1085 237 88 35 dem,
1198 247 75 20 som
1295 237 54 30 det
1371 237 72 29 ofta
1467 240 105 35 tunga
1596 237 129 30 arbetet
1746 235 44 40 på

299 289 76 39 sjön
398 291 10 29 i
433 290 66 30 och
523 290 52 30 för
601 290 49 38 sig
674 290 168 38 erbjuder.
879 290 56 30 Att
960 291 65 29 den
1052 298 108 31 grupp
1188 290 293 38 näringsutövare,
1508 291 55 29 det
1587 290 63 30 här
1675 291 113 38 gäller,

298 343 132 30 känner
454 343 50 39 sig
527 343 10 29 i
560 343 67 30 viss
650 343 83 30 mån
757 343 259 39 styvmoderligt
1038 344 197 29 behandlad
1258 343 10 29 i
1291 343 219 30 förhållande
1534 343 50 30 till
1606 343 120 30 idkare
1748 353 41 20 av

298 397 119 37 yrken,
441 396 93 30 vilka
558 397 118 29 kunna
702 395 157 31 bedrivas
884 397 119 31 under,
1030 396 208 30 åtminstone
1265 397 49 29 till
1341 406 111 29 synes,
1479 397 142 37 lugnare
1645 397 65 30 och
1734 397 55 29 be-

299 450 164 29 kvämare
491 449 252 36 förhållanden,
772 451 68 28 kan
868 451 166 28 utskottet
1062 449 103 30 också
1194 450 83 29 inse.
1318 446 93 33 Även
1440 460 57 20 om
1526 449 264 31 förhållandena

299 502 74 31 icke
391 502 10 30 i
419 503 69 30 allo
507 504 142 37 gestalta
669 503 60 38 sig,
749 502 209 31 åtminstone
978 506 62 26 sett
1061 503 77 29 från
1157 503 132 38 rättslig
1310 504 185 38 synpunkt,
1518 503 36 30 så
1575 513 74 21 som
1669 504 120 29 motio-

298 557 147 29 närerna
470 556 173 39 uppfattat
668 557 88 34 dem,
782 555 164 31 framstår
971 557 55 29 det
1050 557 87 28 dock
1164 566 74 19 som
1264 559 46 27 ett
1334 556 183 38 berättigat
1542 558 139 29 svenskt
1705 558 84 29 krav

299 612 48 27 att
363 609 42 30 de
420 609 140 36 fiskare,
578 619 73 21 som
670 610 80 29 med
766 610 177 29 motionen
961 619 106 25 avses,
1085 610 143 29 beredas
1244 610 196 38 ytterligare
1456 609 107 40 hjälp.
1594 610 12 29 I
1625 610 66 30 den
1708 609 81 31 mån

296 660 159 40 åtgärder
476 662 78 31 från
574 664 105 29 norsk
701 663 73 30 sida
795 664 81 29 bero
895 662 45 40 på
960 663 293 37 omständigheter
1273 673 41 19 av
1335 664 121 29 endast
1478 663 139 36 faktisk,
1639 663 99 30 alltså
1759 664 30 38 ej

298 716 132 39 rättslig
457 719 112 33 natur,
597 716 205 39 exempelvis
830 716 235 38 organisation
1092 716 108 29 bland
1227 717 201 38 uppköpare
1457 717 80 29 eller
1565 716 188 30 allmänhet
1780 716 10 29 i

298 769 89 38 syfte
406 772 50 27 att
476 770 133 38 skydda
630 770 55 29 det
705 770 181 29 inhemska
906 770 128 29 norska
1054 769 112 35 fisket,
1188 770 87 29 lärer
1295 770 55 29 det
1368 770 56 29 väl
1444 770 31 38 ej
1496 771 118 28 kunna
1634 770 79 30 med
1732 769 58 38 fog

299 822 189 36 förväntas,
506 826 49 27 att
572 822 159 39 åtgärder
747 822 79 30 från
844 823 41 29 de
904 824 146 28 svenska
1069 823 284 29 statsmakternas
1373 823 74 29 sida
1467 824 96 28 skola
1582 823 120 30 kunna
1720 823 70 30 vid-

298 878 97 36 tagas
414 876 165 30 däremot.
611 876 101 30 Detta
731 876 162 29 utesluter
912 876 189 30 emellertid
1120 876 30 38 ej
1170 879 49 26 att
1237 875 123 39 frågan
1379 886 57 20 om
1455 876 195 30 beredande
1669 885 42 21 av
1729 877 61 29 lät-

300 932 71 27 tare
390 930 128 29 arbets-
540 930 64 29 och
625 929 434 38 avsättningsmöjligheter
1078 929 54 29 för
1153 930 140 29 svenskt
1312 929 88 30 fiske
1420 929 11 30 i
1452 929 122 38 Norge,
1596 930 8 29 i
1625 929 64 30 den
1710 928 81 31 mån

299 982 204 31 densamma
524 983 100 30 beror
646 982 44 39 på
714 983 10 29 i
748 983 127 38 Norges
899 982 216 39 lagstiftning
1139 982 212 39 förefintliga
1374 982 132 36 hinder,
1531 986 93 35 tages
1648 992 70 30 upp
1742 982 49 30 till

298 1036 212 39 behandling
531 1036 56 30 vid
608 1036 119 39 lägligt
748 1035 143 31 tillfälle.

343 1089 117 30 Andra
479 1090 221 29 kammarens
720 1090 129 29 utskott
868 1089 214 30 hemställde,
1105 1090 108 29 under
1233 1088 219 40 åberopande
1471 1099 42 20 av
1534 1090 65 29 den
1619 1098 171 21 samman-

300 1143 120 38 bragta
442 1142 228 39 utredningen
692 1142 11 29 i
726 1143 124 34 ämnet,
874 1145 50 27 att
946 1142 108 30 andra
1076 1143 204 29 kammaren
1301 1141 107 31 måtte
1430 1142 55 30 för
1508 1142 52 30 sin
1584 1143 54 29 del
1659 1143 132 30 besluta

300 1199 48 27 att
365 1196 11 29 i
395 1195 163 31 skrivelse
576 1196 51 30 till
646 1196 122 38 Kungl.
789 1195 99 39 Maj:t
906 1195 141 30 anhålla
1065 1205 56 20 om
1140 1196 208 38 vidtagande
1367 1205 41 21 av
1428 1195 159 39 åtgärder
1606 1196 10 29 i
1637 1196 88 38 syfte
1743 1198 49 28 att

301 1250 143 29 utverka
464 1248 129 31 sådana
612 1249 171 30 lättnader
801 1249 10 29 i
829 1248 99 39 fråga
947 1259 57 20 om
1022 1249 196 38 avsättning
1236 1249 65 30 och
1320 1249 220 38 transitering
1559 1258 41 21 av
1620 1248 78 37 fisk,
1718 1258 73 20 som

298 1303 79 29 med
393 1302 178 31 motionen
588 1312 107 20 avses.

341 1410 124 30 Denna
485 1410 182 30 utskottets
687 1409 208 30 hemställan
917 1419 92 20 vann
1031 1410 106 29 andra
1160 1410 222 29 kammarens
1403 1409 109 30 bifall.

315 1517 149 48 Första
502 1518 214 34 kammaren,
755 1527 73 20 som
865 1517 139 38 jämlikt
1040 1517 221 30 föreskriften
1288 1517 9 29 i
1326 1515 19 41 8
1372 1518 42 29 63
1440 1516 351 39 riksdagsordningen

300 1570 136 31 erhållit
457 1571 55 30 del
533 1580 42 21 av
597 1571 92 30 detta
712 1571 108 29 andra
844 1571 222 29 kammarens
1088 1570 121 35 beslut,
1232 1571 64 28 har
1317 1570 162 30 hänvisat
1500 1570 140 30 ärendet
1664 1570 48 30 till
1735 1570 57 29 sitt

299 1624 109 30 andra
430 1624 173 39 tillfälliga
625 1625 141 29 utskott.

344 1731 174 30 Utskottet
540 1731 64 30 har
629 1731 57 30 vid
710 1731 239 38 övervägande
973 1740 42 20 av
1040 1731 65 30 vad
1129 1731 10 29 i
1165 1731 107 29 saken
1297 1730 133 31 anförts
1456 1730 116 31 funnit
1598 1730 49 39 sig
1673 1731 117 29 kunna

299 1784 188 30 instämma
510 1784 10 30 i
544 1785 66 29 vad
633 1785 110 29 andra
765 1785 222 29 kammarens
1011 1784 256 30 vederbörande
1291 1785 130 29 utskott
1445 1784 126 30 anfört.

342 1838 173 30 Utskottet
535 1837 55 31 får
610 1838 118 30 därför
748 1837 192 35 hemställa,

653 1939 50 27 att
730 1935 108 31 första
865 1936 203 29 kammaren
1097 1935 106 30 måtte
1231 1935 133 30 biträda
1393 1935 109 30 andra
1532 1936 219 29 kammarens
1780 1934 9 29 i

608 1989 141 30 ärendet
772 1988 131 31 fattade
925 1989 122 30 beslut.

342 2077 201 31 Stockholm
564 2078 66 30 den
654 2078 37 29 15
714 2077 87 40 april
824 2078 92 30 1937.

842 2162 25 35 Å
888 2168 188 29 utskottets
1095 2168 145 38 vägnar:

909 2239 36 30 G.
973 2233 201 36 HEUMAN.

335 2442 214 28 Närvarande:
571 2444 125 27 Samma
718 2443 169 28 ledamöter
909 2452 67 19 som
998 2444 49 27 vid
1071 2444 183 35 avgivandet
1276 2453 36 17 av
1336 2444 164 26 utskottets
1522 2443 158 28 utlåtande
1703 2452 35 18 nr
1759 2443 27 26 3.
