2182 2622
390 192 41 30 36
813 193 399 33 Konstilutionsutskottets
1236 195 166 32 utlåtande
1426 196 52 31 Nr
1503 199 51 28 19.

389 275 71 32 rätt
502 273 116 36 skulle
658 287 204 35 grupperna
895 278 97 33 1—3
1025 276 113 47 (264),
1169 289 75 24 som
1273 279 235 47 sammanlagt
1535 279 143 47 erlägga
1703 279 127 35 endast
1858 281 77 44 14,2
1952 280 32 40 4

387 338 45 24 av
460 327 245 47 utskylderna,
737 329 124 35 kunna
890 332 180 33 överrösta
1097 330 44 36 de
1169 331 235 45 återstående,
1436 344 75 23 som
1540 332 144 47 erlägga
1712 333 83 44 85,8
1815 334 42 38 4.

497 434 157 37 Socknen
684 436 31 34 C
740 434 145 48 (1914).
1782 468 3 2 .

495 487 148 37 Antalet
684 491 213 46 röstägande
930 492 123 42 1,467.
1110 492 121 35 Därav
1260 492 94 35 inom
1384 505 206 35 grupperna
1623 496 97 33 1—3
1752 496 112 33 röster
1895 498 86 41 823,

388 553 204 35 grupperna
634 545 101 33 4—5
781 547 111 32 röster
920 543 208 49 ytterligare
1160 548 73 33 235
1265 547 64 34 och
1357 559 205 35 grupperna
1594 550 127 33 6—10
1752 552 112 32 röster
1896 551 84 33 227.

389 595 273 48 Sammanlagda
700 598 182 35 röstetalet
911 598 55 34 för
994 610 204 34 grupperna
1230 601 98 34 1—5
1359 600 167 48 utgjorde
1556 603 114 42 2,459
1701 602 65 35 och
1796 602 55 35 för
1878 615 105 35 grup-

389 661 109 34 perna
529 651 126 34 6—10
690 653 125 42 1,673,
846 664 137 22 summa
1012 654 127 42 4,132,
1170 653 33 35 d.
1236 666 31 22 v.
1300 666 25 22 s.
1358 655 127 43 63,7
1471 647 21 55 4
1518 667 42 23 av
1585 655 176 35 socknens
1780 655 80 35 hela
1876 659 107 32 röste-

387 702 50 34 tal
469 704 126 42 6,487.
652 703 328 49 Beskattningsbar
1008 705 158 37 inkomst
1194 706 95 36 inom
1318 720 205 35 grupperna
1556 710 98 34 1—5
1685 711 114 33 röster
1818 709 165 48 utgjorde

390 755 126 45 24,32
549 757 64 34 och
642 756 97 36 inom
768 771 205 35 grupperna
1004 761 126 35 6—10
1156 763 113 33 röster
1292 764 78 41 19,2
1391 762 30 38 4
1452 774 44 24 av
1516 762 176 35 socknens
1711 763 82 34 hela
1811 762 172 36 inkomst-

388 821 147 23 summa.
594 811 54 34 De
677 811 123 48 övriga
828 825 166 34 grupper,
1026 825 73 23 som
1128 815 93 36 hava
1251 817 53 33 att
1332 815 142 47 erlägga
1506 818 79 42 66,5
1619 816 12 39 4
1665 828 42 24 av
1737 817 80 34 dess
1846 817 137 47 utskyl-

388 863 71 44 der,
491 863 187 46 disponera
708 864 104 36 alltså
841 866 89 35 blott
961 869 79 42 36,3
1072 866 14 38 &
1118 880 43 23 av
1191 869 80 34 dess
1300 870 154 34 röstetal.
1515 869 71 35 Vid
1605 869 75 35 lika
1701 872 146 33 rösträtt
1866 870 117 36 skulle

386 929 205 34 grupperna
636 921 98 33 1—3
780 922 111 33 röster
934 920 115 47 (823),
1094 935 73 22 som
1203 922 145 47 erlägga
1376 923 91 35 blott
1500 925 78 42 12,8
1599 923 29 38 &
1661 936 43 23 av
1734 923 247 49 utskylderna,

387 970 124 35 kunna
540 975 179 32 överrösta
749 973 162 47 samtliga
939 975 43 34 de
1012 975 132 47 övriga,
1175 987 75 24 som
1280 976 143 48 erlägga
1452 978 83 42 87,2
1554 976 43 39 4.

494 1078 154 35 Socknen
676 1079 38 33 D
742 1079 141 47 (1915).

494 1131 150 36 Antalet
685 1134 212 46 röstägande
942 1138 86 33 365.
1085 1137 121 36 Därav
1250 1136 94 36 inom
1378 1149 207 35 grupperna
1617 1140 98 34 1-—3
1748 1143 113 32 röster
1894 1142 85 43 187,

386 1197 207 35 grupperna
622 1188 101 33 4—5
754 1187 209 49 ytterligare
993 1192 47 32 49
1071 1190 65 35 och
1164 1203 207 34 grupperna
1401 1192 129 34 6—10
1551 1191 122 36 därtill
1695 1195 58 33 90.
1801 1193 179 35 Samman-

386 1238 106 47 lagda
527 1239 183 36 röstetalet
738 1240 56 36 för
822 1254 205 35 grupperna
1060 1246 97 32 1-—5
1189 1244 165 48 utgjorde
1385 1246 73 33 538
1490 1244 63 36 och
1584 1244 56 36 för
1668 1258 206 34 grupperna
1906 1250 73 32 6-—

389 1295 46 33 10
482 1295 85 41 679,
600 1305 138 23 summa
773 1297 109 43 1217,
914 1296 32 35 d.
986 1310 32 22 v.
1056 1310 26 22 s.
1117 1300 80 42 66,4
1228 1303 29 36 4
1288 1310 44 24 av
1361 1298 175 35 socknens
1564 1299 80 35 hela
1674 1300 146 35 röstetal
1853 1303 124 41 1,832.

386 1346 327 47 Beskattningsbar
742 1348 159 37 inkomst
929 1349 56 36 för
1013 1363 163 35 gruppen
1209 1354 99 33 1—5
1339 1355 113 32 röster
1481 1352 165 48 utgjorde
1680 1355 78 42 15,2
1781 1359 28 36 4
1841 1355 64 35 och
1925 1355 55 35 för

385 1412 207 35 grupperna
622 1404 129 32 6-10
781 1406 113 32 röster
924 1406 47 33 22
990 1406 29 37 4
1051 1417 43 24 av
1123 1405 177 36 socknens
1334 1406 80 34 hela
1434 1405 168 36 inkomst.
1654 1399 134 55 Övriga
1807 1420 169 35 grupper,

386 1466 73 23 som
490 1454 93 36 hava
611 1459 53 31 att
692 1456 146 48 erlägga
869 1459 80 43 62,8
966 1458 29 39 &
1018 1471 45 23 av
1083 1459 80 35 dess
1182 1459 201 47 utskylder,
1419 1459 190 46 disponera
1625 1460 104 35 alltså
1751 1461 90 36 blott
1857 1464 76 42 33,6
1946 1467 29 38 4

385 1519 43 24 av
458 1508 80 35 dess
567 1509 157 36 röstetal.
783 1509 72 36 Vid
884 1510 74 37 lika
987 1515 147 33 rösträtt
1162 1512 118 36 skulle
1307 1525 206 35 grupperna
1546 1517 97 32 1—3
1677 1515 114 46 (187),
1823 1527 73 23 som
1927 1528 51 23 er-

385 1561 104 47 lägga
531 1562 125 36 endast
700 1566 54 41 8,6
785 1568 29 39 4
845 1577 44 24 av
932 1565 246 48 utskylderna,
1210 1566 124 35 kunna
1363 1569 181 34 överrösta
1572 1568 165 47 samtliga
1771 1569 44 34 de
1843 1568 134 49 övriga,

385 1627 75 23 som
489 1616 144 48 erlägga
663 1619 79 42 91,4
763 1622 42 39 4.

493 1723 153 36 Socknen
677 1724 39 34 E
743 1724 140 47 (1915).

491 1777 148 35 Antalet
682 1779 213 46 röstägande
939 1782 85 33 433.
1087 1782 118 34 Därav
1247 1781 93 35 inom
1377 1794 205 35 grupperna
1615 1786 97 32 1—4
1744 1786 114 33 röster
1890 1787 85 42 253,

384 1842 166 35 gruppen
581 1833 19 31 5
631 1833 115 33 röster
774 1832 210 48 ytterligare
1015 1836 46 33 24
1091 1835 65 34 och
1183 1847 207 35 grupperna
1421 1838 127 33 6—10
1569 1840 114 31 röster
1705 1839 59 33 79.
1797 1838 179 35 Samman-

384 1884 106 46 lagda
527 1884 183 36 röstetalet
739 1885 55 35 för
822 1898 203 36 grupperna
1058 1890 97 33 1—5
1186 1889 166 47 utgjorde
1383 1892 72 33 728
1487 1890 65 35 och
1581 1890 55 35 för
1663 1902 207 35 grupperna
1901 1895 75 32 6—-

388 1940 46 32 10
481 1940 88 42 636,
614 1950 138 24 summa
785 1942 123 43 1,364,
940 1941 32 34 d.
1005 1955 31 21 v.
1069 1954 25 22 s.
1129 1944 78 42 55,7
1242 1943 26 39 2
1292 1956 38 22 av
1359 1943 175 35 socknens
1562 1944 80 35 hela
1672 1945 145 35 röstetal
1848 1947 125 42 2,448.

384 1991 326 48 Beskattningsbar
752 1992 158 38 inkomst
951 1994 55 36 för
1047 2008 205 34 grupperna
1285 1999 97 33 1—5
1413 2000 115 32 röster
1555 1997 167 48 utgjorde
1755 2000 79 42 11,2
1851 2000 28 38 4
1911 2000 64 35 och

383 2044 55 35 för
466 2058 205 35 grupperna
716 2050 127 33 6—10
878 2050 112 33 röster
1032 2048 170 37 likaledes
1250 2053 77 41 11,2
1403 2063 44 23 av
1490 2051 177 35 socknens
1695 2052 81 35 hela
1805 2051 166 37 inkomst.

385 2091 134 55 Övriga
561 2111 168 35 grupper,
772 2113 72 23 som
888 2102 143 47 erlägga
1076 2106 124 44 77,64
1233 2116 44 23 av
1314 2105 80 34 dess
1423 2104 199 48 utskylder,
1667 2105 189 46 disponera
1884 2106 92 36 blott

384 2154 81 42 44,3
495 2153 30 38 2
557 2164 43 23 av
628 2153 80 35 dess
738 2155 156 35 röstetal.
954 2155 71 36 Vid
1054 2155 74 36 lika
1156 2159 148 34 rösträtt
1324 2158 115 35 skulle
1458 2171 165 34 gruppen
1647 2161 98 32 1—4
1769 2159 114 47 (253),
1901 2172 71 23 som

383 2205 144 48 erlägga
556 2206 125 35 endast
713 2209 52 42 9,1
797 2208 29 39 Z
862 2221 42 23 av
935 2208 244 49 utskylderna,
1211 2210 125 35 kunna
1365 2214 180 33 överrösta
1575 2211 166 48 samtliga
1771 2213 43 34 de
1839 2213 132 47 övriga,

382 2270 74 23 som
486 2259 142 47 erlägga
659 2262 81 42 90,9
760 2262 42 38 4.
