2206 2628
398 211 42 32 52
818 212 398 32 Konstitutionsutskottets
1239 212 166 32 utlåtande
1429 213 52 31 Nr
1506 216 50 28 19.

397 293 196 48 gränsning
623 299 39 30 är
690 294 91 35 dock
808 297 73 32 rätt
909 293 209 48 oväsentlig,
1149 294 78 35 med
1256 295 142 46 hänsyn
1427 294 52 35 till
1512 295 102 35 dessa
1634 294 232 37 kommuners
1886 295 103 48 ringa

398 347 400 36 verksamhetsområde.

503 401 18 34 I
563 404 90 33 stort
694 403 70 33 sett
796 401 73 35 kan
899 414 82 22 man
1009 407 95 42 säga,
1135 404 53 33 att
1216 402 43 35 de
1286 401 182 48 garantier
1498 414 74 23 som
1600 402 220 36 förekomma
1848 402 13 35 i
1890 402 100 48 fråga

399 467 55 22 om
498 455 69 35 den
595 455 229 35 kommunala
852 455 281 48 beskattningen
1163 476 49 4 -—
1241 456 154 35 frånsett
1423 456 68 35 vad
1520 468 74 23 som
1624 456 104 48 följer
1757 469 43 23 av
1829 456 160 35 kommu-

398 508 255 47 nalstyrelsens
682 508 180 36 allmänna
892 509 240 47 organisation
1162 530 49 4 —
1239 509 100 35 bestå
1368 509 12 34 i
1410 510 69 34 den
1507 509 172 47 tämligen
1707 510 178 47 ingående
1905 510 86 35 kon-

399 562 128 34 trollen
570 567 85 30 över
696 562 291 47 räkenskaperna
1029 562 82 35 från
1153 563 302 46 departementets
1488 562 87 36 sida.
1634 563 57 34 En
1719 564 132 47 olaglig
1880 563 111 47 utgift

397 615 70 35 blir
495 615 121 36 därför
644 616 67 35 lätt
738 616 177 46 upptäckt
943 617 65 34 och
1036 617 144 34 rättelse
1208 616 73 35 kan
1310 616 64 35 ske
1404 616 54 35 för
1486 616 206 45 framtiden,
1724 622 90 30 även
1834 630 55 22 om
1910 617 80 36 icke

399 668 163 36 enskilda
605 669 405 36 kommunmedlemmar
1052 670 117 47 klaga.
1226 671 55 33 De
1309 669 280 47 inkorporerade
1618 671 166 35 städerna
1813 676 72 39 äro,
1916 684 74 22 som

398 735 91 23 ovan
518 727 154 40 nämnts,
704 723 233 47 undantagna
964 724 81 34 från
1075 724 117 35 denna
1220 723 169 36 kontroll.

505 776 133 36 Vidare
666 779 125 33 utövas
821 789 45 22 en
895 777 71 36 viss
995 777 158 36 kontroll
1180 777 13 35 i
1222 778 259 46 sammanhang
1501 777 79 35 med
1601 777 202 49 beviljande
1825 791 44 24 av
1889 781 99 32 stats-

398 830 127 47 bidrag
552 829 56 36 till
637 830 271 36 kommunerna.
967 830 55 35 En
1050 831 145 48 mycket
1223 834 73 33 stor
1325 831 58 35 del
1413 844 43 23 av
1486 831 120 36 dessas
1636 831 150 47 utgifter
1813 832 179 35 bestridas

397 883 182 48 nämligen
620 896 126 35 genom
775 884 219 48 statsbidrag
1023 906 49 3 —
1102 885 13 34 i
1143 885 60 35 det
1231 885 80 35 hela
1339 885 153 47 ungefär
1526 883 41 47 !/3
1601 898 44 23 av
1673 885 318 47 kommunalutgif-

397 940 102 32 terna
543 959 46 3 —
634 938 64 35 och
736 937 154 47 givetvis
918 938 73 35 kan
1019 941 118 33 staten
1165 938 124 37 därvid
1319 939 178 46 uppställa
1526 938 135 36 villkor
1689 939 65 35 och
1781 940 123 35 fordra
1933 953 58 34 ga-

397 991 134 35 rantier
559 991 13 34 i
601 992 176 35 avseende
806 994 20 32 å
855 992 158 35 medlens
1043 992 242 47 användning,
1316 995 109 43 något
1453 1005 74 22 som
1562 992 108 35 också
1690 992 11 35 i
1722 996 72 31 stor
1814 993 176 35 utsträck-

398 1044 87 48 ning
513 1044 93 36 sker.

503 1099 81 34 Den
626 1098 156 36 centrala
825 1098 193 48 ledningen
1055 1111 44 24 av
1128 1099 477 47 kommunalförvaltningen
1634 1100 97 35 delas
1760 1101 131 34 mellan
1920 1100 68 36 fem

397 1151 96 35 olika
522 1152 262 45 departement:

503 1205 429 47 Inrikesdepartementet
961 1206 30 45 (>
999 1207 118 33 Home
1146 1205 151 47 office»),
1336 1207 114 34 under
1485 1206 115 36 vilket
1627 1207 365 47 huvudstadspolisen

398 1258 120 37 direkt
559 1262 164 41 sorterar,
766 1259 228 47 inspekterar
1035 1259 123 48 övriga
1186 1259 236 48 polisstyrkor
1451 1260 64 35 och
1543 1273 63 34 ger
1635 1261 61 35 det
1724 1260 55 36 för
1807 1261 184 35 utbekom-

395 1313 129 35 mande
553 1325 44 23 av
626 1312 314 48 regeringsbidrag
968 1313 226 47 nödvändiga
1222 1313 141 48 intyget
1393 1326 55 22 om
1477 1313 228 36 effektivitet.

502 1367 657 47 Kommunalstyrelsedepartementet
1202 1367 144 45 (»Local
1390 1367 245 36 Government
1668 1368 157 45 Board»)
1855 1374 39 29 är
1923 1369 70 35 den

394 1420 158 35 centrala
580 1420 260 47 myndigheten
868 1420 55 35 för
951 1421 64 35 allt
1043 1433 75 23 som
1147 1426 57 30 rör
1232 1420 245 48 fattigvården
1506 1422 66 34 och
1601 1426 39 30 är
1665 1424 44 44 på
1729 1422 98 35 detta
1847 1423 145 35 område

394 1476 158 33 utrustat
594 1474 80 36 med
712 1486 45 22 en
798 1474 146 46 mycket
985 1474 199 36 vidsträckt
1210 1475 228 46 befogenhet.
1496 1474 206 36 Anmärkas
1730 1475 73 35 kan
1832 1476 76 44 här,
1940 1479 53 32 att

394 1527 244 47 fattigvården
680 1528 13 34 i
726 1528 166 47 England
935 1528 79 35 icke
1049 1534 39 29 är
1116 1528 176 35 inordnad
1320 1529 116 34 under
1465 1529 68 34 den
1563 1529 180 35 allmänna
1772 1529 220 36 kommunal-

395 1580 266 48 förvaltningen
690 1584 86 32 utan
806 1582 65 34 har
905 1594 44 23 en
978 1582 195 35 fristående
1202 1582 182 46 ställning.
1444 1582 116 34 Sedan
1592 1584 99 33 1834
1722 1588 59 29 äro
1810 1583 182 48 nämligen

395 1635 297 50 församlingarna
721 1635 285 47 sammanslagna
1035 1636 55 34 till
1120 1635 367 47 fattigvårdsunioner
1516 1636 130 46 (»Poor
1681 1636 83 36 Law
1799 1637 188 45 Unions»).

395 1687 54 36 Ar
495 1691 97 32 1907
637 1700 84 24 voro
763 1689 150 35 sålunda
955 1689 44 35 de
1044 1691 139 42 14,588
1226 1688 516 48 fattigvårdsförsamlingarna
1784 1689 13 35 1
1826 1691 167 47 England

396 1743 109 45 (utom
548 1742 159 46 London)
751 1742 287 48 sammanslagna
1080 1742 56 36 till
1180 1744 73 33 623
1295 1742 381 48 fattigvårdsunioner.
1735 1743 257 47 Fattigvården

395 1796 204 46 uppdrages
628 1798 36 33 åt
693 1808 43 22 en
766 1809 43 23 av
830 1796 303 36 skattebetalarna
1154 1796 93 35 inom
1269 1796 159 36 unionen
1448 1797 80 34 vald
1553 1797 295 45 representation,
1872 1797 120 48 fattig-

395 1848 345 48 vårdsfullmäktige.

502 1903 105 36 Local
637 1903 244 36 Government
919 1904 117 35 Board
1070 1904 75 44 har,
1181 1904 153 35 förutom
1378 1904 202 36 kontrollen
1624 1909 82 30 över
1734 1904 257 47 fattigvården,

396 1962 91 31 även
516 1957 69 35 den
613 1957 181 35 allmänna
822 1957 203 36 kontrollen
1055 1963 84 30 över
1167 1958 69 34 den
1264 1958 231 35 kommunala
1523 1957 278 48 förvaltningen.

503 2011 450 46 Handelsdepartementet
982 2012 156 45 (»Board
1168 2012 38 35 of
1231 2012 154 45 Trade»)
1417 2012 220 47 handlägger
1665 2012 129 46 frågor,
1817 2024 75 23 som
1913 2017 79 30 röra

396 2064 278 36 kommunernas
715 2065 260 47 affärsföretag,
1019 2068 114 32 såsom
1179 2065 224 44 vattenverk,
1447 2077 75 35 gas-
1557 2066 65 34 och
1652 2065 337 45 elektricitetsverk,

396 2120 192 46 spårvägar
617 2131 29 22 o.
679 2119 32 34 d.

503 2172 571 47 Undervisningsdepartementet
1104 2173 157 45 (»Board
1290 2174 39 34 of
1355 2172 238 47 Education»)
1623 2173 98 35 leder
1749 2173 65 34 och
1849 2177 142 31 överva-

396 2225 66 35 kar
504 2226 79 35 hela
630 2225 351 37 folkskoleväsendet
1015 2231 165 30 ävensom
1210 2227 43 34 de
1281 2226 81 35 med
1391 2226 184 47 offentliga
1605 2226 115 35 medel
1755 2226 236 35 underhållna

396 2278 429 48 fortsättningsskolorna.
872 2280 17 34 I
910 2280 99 47 fråga
1038 2292 55 23 om
1124 2281 68 35 den
1227 2281 109 46 högre
1365 2280 272 46 undervisning,
1661 2292 73 23 som
1755 2280 236 36 understödes
