1870 2836
477 180 122 31 Första
617 181 237 36 lagutskottets
875 181 175 31 utlåtande
1071 181 49 31 Nr
1144 183 49 30 11.
1566 177 19 31 3

791 267 20 29 9
836 267 30 36 8.

123 332 119 37 Bryter
262 334 72 30 elev
350 337 73 27 mot
444 334 177 31 anbefalld
642 334 157 37 ordning,
821 334 57 31 må
898 335 71 30 han
990 335 229 30 underkastas
1241 335 200 36 disciplinär
1463 333 121 38 åtgärd

78 383 105 37 enligt
200 384 120 30 därom
337 384 186 31 utfärdade
539 385 225 30 föreskrifter.

123 433 71 32 Där
216 435 72 30 elev
308 434 46 37 på
377 436 113 35 grund
512 444 42 22 av
576 436 57 30 sitt
651 436 220 36 uppförande
892 436 76 31 icke
990 436 186 37 lämpligen
1199 436 69 30 kan
1292 436 127 31 fostras
1441 436 141 31 tillsam-

77 494 101 22 mans
198 486 80 30 med
298 486 111 30 andra
429 487 120 36 elever,
571 487 88 30 skall
679 486 70 31 han
770 485 111 32 hållas
902 487 10 30 i
934 487 148 30 särskild
1105 487 183 37 avdelning
1310 488 81 30 eller
1412 486 45 38 på
1477 490 106 28 annat

79 537 67 30 sätt
160 535 79 32 från
258 536 78 31 dem
355 537 176 37 avskiljas.

782 603 40 32 10
848 605 29 37 8.

123 670 138 31 Företer
284 672 73 30 elev
380 671 174 38 rubbning
577 672 10 31 i
611 672 361 37 själsverksamheten,
997 673 87 30 skall
1108 673 71 30 han
1203 671 101 32 såvitt
1327 672 136 37 möjligt
1489 673 93 30 över-

78 721 95 31 föras
191 721 52 31 till
261 722 266 36 sinnessjukhus
544 723 81 30 eller
644 732 118 21 annan
779 722 224 32 vårdanstalt.

123 771 71 31 Blir
212 773 72 30 elev
304 772 98 37 eljest
422 772 90 37 sjuk,
533 773 88 30 skall
640 773 116 36 tillses,
776 776 49 28 att
845 774 71 30 han
936 772 147 32 erhåller
1105 773 142 37 lämplig
1263 772 86 32 vård
1369 773 76 36 och,
1466 783 57 21 om
1546 773 37 31 så

73 821 186 37 erfordras,
279 822 174 31 överföres
474 822 51 31 till
544 822 387 37 sjukvårdsinrättning.
954 823 160 37 Kvinnlig
1135 824 73 30 elev
1229 833 74 21 som
1324 823 157 31 befinnes
1500 833 83 21 vara

78 874 161 31 havande
251 873 58 32 må
329 875 218 30 överlämnas
564 875 51 30 till
632 873 85 32 vård
734 878 95 28 utom
849 876 180 30 anstalten.

782 968 37 30 11
847 968 29 37 5.

122 1033 70 32 När
217 1035 221 30 sannolikhet
461 1035 140 31 vunnits
624 1035 56 31 för
702 1038 48 28 att
775 1036 72 30 elev
870 1036 89 30 skall
983 1038 84 28 utan
1090 1036 138 30 fortsatt
1250 1034 332 38 tvångsuppfostran

73 1082 152 32 förhålla
243 1084 50 36 sig
314 1084 66 36 väl,
401 1085 88 30 skall
511 1084 72 31 han
602 1094 43 21 av
665 1085 175 36 styrelsen,
863 1084 38 32 så
920 1088 95 27 snart
1035 1086 186 37 lämpligen
1240 1086 71 30 kan
1332 1086 69 36 ske,
1423 1084 80 31 från
1523 1095 59 21 an-

77 1136 125 30 stalten
221 1136 174 30 utskrivas
413 1135 46 38 på
479 1145 85 28 prov
590 1131 183 43 (villkorlig
794 1136 247 41 utskrivning).

122 1184 70 32 När
212 1186 85 31 efter
316 1187 219 37 utskrivning
554 1186 46 38 på
618 1197 86 27 prov
723 1188 81 30 eller
822 1187 99 37 eljest
941 1187 104 37 syftet
1065 1188 80 30 med
1160 1187 334 37 tvångsuppfostran
1513 1187 70 30 kan

77 1239 144 35 antagas
238 1246 84 22 vara
341 1237 149 38 uppnått
508 1239 66 30 och
594 1240 115 29 senast
727 1237 44 32 då
789 1239 117 30 eleven
921 1238 79 37 fyllt
1019 1238 148 37 tjuguett
1185 1237 49 38 år,
1254 1238 89 31 skall
1363 1238 71 31 han
1453 1247 42 21 av
1515 1240 67 35 sty-

77 1288 112 30 relsen
206 1288 129 37 slutligt
352 1289 184 30 utskrivas.
577 1288 115 32 Sådan
709 1289 218 37 utskrivning
946 1289 87 31 skall
1051 1289 65 31 ock
1135 1290 64 36 äga
1218 1299 90 26 rum,
1324 1289 63 31 där
1404 1298 43 22 av
1466 1289 115 30 anled-

77 1338 82 37 ning
177 1348 75 21 som
270 1339 11 30 i
304 1340 38 30 10
364 1339 18 37 $
402 1339 110 31 första
531 1340 132 36 stycket
683 1341 76 35 sägs
779 1340 72 30 elev
869 1339 289 38 omhändertages
1192 1338 20 31 å
1231 1339 267 37 sinnessjukhus
1517 1339 65 31 och

77 1388 114 32 finnes
209 1389 75 31 icke
301 1399 85 22 vara
402 1391 179 36 mottaglig
598 1390 55 30 för
671 1390 137 31 fortsatt
825 1389 342 38 tvångsuppfostran.

122 1439 224 38 Utskrivning
372 1439 47 38 på
444 1450 86 27 prov
555 1439 58 32 må
638 1440 31 37 ej
699 1441 59 31 ske
784 1441 120 30 förrän
931 1443 47 28 ett
1002 1439 48 38 år,
1076 1441 66 31 och
1164 1441 114 36 slutlig
1306 1440 218 36 utskrivning
1550 1439 31 37 ej

72 1488 121 32 förrän
220 1488 58 32 två
306 1489 38 31 år
369 1489 151 31 förflutit
546 1489 80 31 från
653 1490 56 30 det
734 1491 72 29 elev
833 1490 139 37 intagits
998 1490 10 30 i
1035 1491 181 35 anstalten,
1244 1491 81 30 med
1349 1490 137 31 mindre
1512 1491 69 29 sär-

72 1540 114 30 skilda
209 1540 75 30 skäl
309 1540 114 30 därtill
448 1541 70 29 äro.

781 1609 39 30 12
846 1609 30 37 8.

120 1675 83 30 Elev
221 1684 74 21 som
312 1676 39 30 är
367 1676 179 30 utskriven
562 1675 45 37 på
623 1685 86 28 prov
727 1677 88 30 skall
833 1676 52 31 stå
904 1677 111 30 under
1028 1677 118 37 tillsyn
1161 1677 66 31 och
1243 1686 84 22 vara
1345 1677 237 31 underkastad

75 1734 43 21 av
141 1726 165 35 styrelsen
328 1726 204 31 meddelade
553 1727 81 30 eller
658 1726 97 37 eljest
777 1727 55 31 för
855 1727 130 31 honom
1009 1728 159 36 gällande
1189 1728 227 31 föreskrifter.
1462 1727 122 37 Bryter

75 1776 71 30 han
163 1779 72 28 mot
258 1777 100 31 dessa
379 1776 217 32 föreskrifter
617 1778 81 30 eller
719 1777 153 37 framgår
894 1778 204 31 annorledes
1118 1788 43 21 av
1181 1779 89 30 hans
1291 1778 222 38 uppförande
1533 1781 50 28 att

74 1826 104 36 syftet
199 1827 80 30 med
301 1826 334 38 tvångsuppfostran
657 1828 274 37 uppenbarligen
965 1828 74 31 icke
1074 1828 101 37 nåtts,
1210 1830 79 36 äger
1312 1830 166 36 styrelsen
1501 1829 81 30 eller

74 1877 106 37 enligt
198 1877 76 31 dess
292 1878 161 36 uppdrag
472 1877 263 32 föreståndaren
753 1878 135 31 besluta
906 1888 57 21 om
982 1879 88 31 hans
1090 1878 231 38 återtagande.

780 1970 39 30 13
845 1971 29 37 8.

118 2035 49 32 På
187 2036 151 37 begäran
358 2046 42 21 av
420 2037 166 36 styrelgen
605 2037 81 30 eller
705 2036 263 32 föreståndaren
987 2038 88 30 skall
1094 2039 222 36 prästerskap
1336 2039 65 31 och
1421 2040 158 30 kommu-

74 2087 58 30 nal
148 2087 203 36 myndighet
369 2087 137 31 biträda
523 2087 58 31 vid
599 2088 117 37 tillsyn
735 2089 79 29 över
831 2089 73 30 elev
922 2091 89 28 samt
1029 2089 292 37 polismyndighet
1336 2091 118 30 lämna
1470 2091 108 30 hand-

73 2137 169 37 räckning
260 2137 54 31 för
332 2138 189 30 hämtande
539 2148 42 20 av
599 2138 67 30 den
684 2147 73 21 som
776 2138 130 31 avvikit
924 2139 81 30 eller
1025 2148 75 22 som
1117 2140 88 30 skall
1220 2138 181 39 återtagas.

778 2230 39 30 14
843 2230 29 37 8.

118 2295 205 31 Misstänkes
344 2296 66 30 den
430 2306 74 20 som
523 2295 135 31 ådömts
679 2295 331 37 tvångsuppfostran
1030 2300 48 27 att
1098 2298 90 30 hava
1208 2297 74 31 före
1300 2299 115 36 slutlig
1431 2300 146 29 utskriv-

73 2346 82 37 ning
174 2344 113 38 begått
309 2346 102 36 brott,
433 2346 54 30 för
508 2346 104 30 vilket
631 2347 71 29 han
722 2346 74 31 icke
816 2346 183 37 undergått
1019 2348 246 36 rannsakning,
1286 2349 67 30 och
1370 2349 64 30 hör
1453 2349 125 31 brottet

71 2397 111 30 under
200 2397 144 29 allmänt
363 2395 69 32 åtal
451 2397 81 29 eller
550 2397 64 30 har
632 2396 56 31 det
707 2405 41 22 av
768 2395 249 38 målsäganden
1036 2397 146 37 angivits
1202 2398 50 30 till
1272 2397 81 38 åtal,
1373 2399 205 31 ankommer

72 2447 67 36 det,
162 2447 63 30 där
247 2446 124 31 brottet
394 2447 39 30 är
455 2446 166 37 begånget
645 2447 9 30 i
681 2446 210 37 Stockholm,
915 2446 20 31 å
958 2447 414 32 överståthållarämbetet
1395 2450 66 30 och
1480 2450 97 36 eljest

70 2496 21 32 å
111 2497 229 36 landsfogden
362 2499 49 28 att
433 2497 85 30 efter
540 2497 182 36 styrelsens
744 2497 156 31 hörande
922 2498 125 36 avgöra
1070 2498 171 31 huruvida
1265 2497 68 32 åtal
1353 2499 87 31 skall
1462 2500 69 30 ske.
