<?xml version="1.0" encoding="UTF-8"?>
<alto xmlns="http://www.loc.gov/standards/alto/ns-v3#" xmlns:xlink="http://www.w3.org/1999/xlink" xmlns:xsi="http://www.w3.org/2001/XMLSchema-instance" xsi:schemaLocation="http://www.loc.gov/standards/alto/ns-v3# http://www.loc.gov/alto/v3/alto-3-0.xsd">
	<Description>
		<MeasurementUnit>pixel</MeasurementUnit>
		<sourceImageInformation>
			<fileName>/tmp/tess_n4i1_kpi_input.PNG</fileName>
		</sourceImageInformation>
		<OCRProcessing ID="OCR_0">
			<ocrProcessingStep>
				<processingSoftware>
					<softwareName>tesseract 5.3.0</softwareName>
				</processingSoftware>
			</ocrProcessingStep>
		</OCRProcessing>
	</Description>
	<Layout>
		<Page WIDTH="1872" HEIGHT="2834" PHYSICAL_IMG_NR="0" ID="page_0">
			<PrintSpace HPOS="0" VPOS="0" WIDTH="1872" HEIGHT="2834">
				<ComposedBlock ID="cblock_0" HPOS="299" VPOS="132" WIDTH="1113" HEIGHT="51">
					<TextBlock ID="block_0" HPOS="299" VPOS="132" WIDTH="1113" HEIGHT="51">
						<TextLine ID="line_0" HPOS="299" VPOS="132" WIDTH="1113" HEIGHT="51">
							<String ID="string_0" HPOS="299" VPOS="132" WIDTH="18" HEIGHT="30" WC="0.96" CONTENT="2"/><SP WIDTH="378" VPOS="132" HPOS="317"/>
							<String ID="string_1" HPOS="695" VPOS="142" WIDTH="123" HEIGHT="32" WC="0.92" CONTENT="Första"/><SP WIDTH="18" VPOS="142" HPOS="818"/>
							<String ID="string_2" HPOS="836" VPOS="145" WIDTH="238" HEIGHT="36" WC="0.91" CONTENT="lagutskottets"/><SP WIDTH="20" VPOS="145" HPOS="1074"/>
							<String ID="string_3" HPOS="1094" VPOS="148" WIDTH="175" HEIGHT="33" WC="0.96" CONTENT="utlåtande"/><SP WIDTH="21" VPOS="148" HPOS="1269"/>
							<String ID="string_4" HPOS="1290" VPOS="150" WIDTH="49" HEIGHT="31" WC="0.94" CONTENT="Nr"/><SP WIDTH="23" VPOS="150" HPOS="1339"/>
							<String ID="string_5" HPOS="1362" VPOS="153" WIDTH="50" HEIGHT="30" WC="0.96" CONTENT="11."/>
						</TextLine>
					</TextBlock>
				</ComposedBlock>
				<ComposedBlock ID="cblock_1" HPOS="296" VPOS="222" WIDTH="1505" HEIGHT="478">
					<TextBlock ID="block_1" HPOS="299" VPOS="222" WIDTH="1502" HEIGHT="149">
						<TextLine ID="line_1" HPOS="299" VPOS="222" WIDTH="1502" HEIGHT="57">
							<String ID="string_6" HPOS="299" VPOS="223" WIDTH="50" HEIGHT="30" WC="0.96" CONTENT="till"/><SP WIDTH="14" VPOS="223" HPOS="349"/>
							<String ID="string_7" HPOS="363" VPOS="222" WIDTH="146" HEIGHT="33" WC="0.96" CONTENT="sålunda"/><SP WIDTH="15" VPOS="222" HPOS="509"/>
							<String ID="string_8" HPOS="524" VPOS="226" WIDTH="65" HEIGHT="30" WC="0.96" CONTENT="och"/><SP WIDTH="11" VPOS="226" HPOS="589"/>
							<String ID="string_9" HPOS="600" VPOS="226" WIDTH="98" HEIGHT="37" WC="0.95" CONTENT="eljest"/><SP WIDTH="14" VPOS="226" HPOS="698"/>
							<String ID="string_10" HPOS="712" VPOS="228" WIDTH="234" HEIGHT="38" WC="0.96" CONTENT="föreliggande"/><SP WIDTH="14" VPOS="228" HPOS="946"/>
							<String ID="string_11" HPOS="960" VPOS="231" WIDTH="244" HEIGHT="34" WC="0.96" CONTENT="förhållanden"/><SP WIDTH="13" VPOS="231" HPOS="1204"/>
							<String ID="string_12" HPOS="1217" VPOS="234" WIDTH="331" HEIGHT="40" WC="0.90" CONTENT="tvångsuppfostran"/><SP WIDTH="17" VPOS="234" HPOS="1548"/>
							<String ID="string_13" HPOS="1565" VPOS="240" WIDTH="114" HEIGHT="31" WC="0.93" CONTENT="finnes"/><SP WIDTH="14" VPOS="240" HPOS="1679"/>
							<String ID="string_14" HPOS="1693" VPOS="242" WIDTH="108" HEIGHT="37" WC="0.92" CONTENT="lämp-"/>
						</TextLine>
						<TextLine ID="line_2" HPOS="299" VPOS="272" WIDTH="305" HEIGHT="36">
							<String ID="string_15" HPOS="299" VPOS="272" WIDTH="104" HEIGHT="36" WC="0.96" CONTENT="ligare"/><SP WIDTH="22" VPOS="272" HPOS="403"/>
							<String ID="string_16" HPOS="425" VPOS="275" WIDTH="45" HEIGHT="30" WC="0.96" CONTENT="än"/><SP WIDTH="22" VPOS="275" HPOS="470"/>
							<String ID="string_17" HPOS="492" VPOS="276" WIDTH="112" HEIGHT="30" WC="0.96" CONTENT="straff."/>
						</TextLine>
						<TextLine ID="line_3" HPOS="1008" VPOS="334" WIDTH="72" HEIGHT="37">
							<String ID="string_18" HPOS="1008" VPOS="334" WIDTH="72" HEIGHT="37" WC="0.84" CONTENT="28."/>
						</TextLine>
					</TextBlock>
					<TextBlock ID="block_2" HPOS="296" VPOS="390" WIDTH="1504" HEIGHT="254">
						<TextLine ID="line_4" HPOS="343" VPOS="390" WIDTH="1457" HEIGHT="54">
							<String ID="string_19" HPOS="343" VPOS="390" WIDTH="71" HEIGHT="32" WC="0.96" CONTENT="Har"/><SP WIDTH="22" VPOS="390" HPOS="414"/>
							<String ID="string_20" HPOS="436" VPOS="393" WIDTH="76" HEIGHT="37" WC="0.96" CONTENT="den,"/><SP WIDTH="21" VPOS="393" HPOS="512"/>
							<String ID="string_21" HPOS="533" VPOS="403" WIDTH="73" HEIGHT="22" WC="0.96" CONTENT="som"/><SP WIDTH="21" VPOS="403" HPOS="606"/>
							<String ID="string_22" HPOS="627" VPOS="404" WIDTH="125" HEIGHT="28" WC="0.96" CONTENT="genom"/><SP WIDTH="16" VPOS="404" HPOS="752"/>
							<String ID="string_23" HPOS="768" VPOS="398" WIDTH="171" HEIGHT="38" WC="0.96" CONTENT="villkorlig"/><SP WIDTH="20" VPOS="398" HPOS="939"/>
							<String ID="string_24" HPOS="959" VPOS="401" WIDTH="81" HEIGHT="30" WC="0.96" CONTENT="dom"/><SP WIDTH="20" VPOS="401" HPOS="1040"/>
							<String ID="string_25" HPOS="1060" VPOS="400" WIDTH="64" HEIGHT="33" WC="0.96" CONTENT="fått"/><SP WIDTH="20" VPOS="400" HPOS="1124"/>
							<String ID="string_26" HPOS="1144" VPOS="403" WIDTH="148" HEIGHT="32" WC="0.96" CONTENT="anstånd"/><SP WIDTH="19" VPOS="403" HPOS="1292"/>
							<String ID="string_27" HPOS="1311" VPOS="406" WIDTH="79" HEIGHT="30" WC="0.96" CONTENT="med"/><SP WIDTH="19" VPOS="406" HPOS="1390"/>
							<String ID="string_28" HPOS="1409" VPOS="406" WIDTH="153" HEIGHT="38" WC="0.96" CONTENT="fängelse"/><SP WIDTH="19" VPOS="406" HPOS="1562"/>
							<String ID="string_29" HPOS="1581" VPOS="410" WIDTH="82" HEIGHT="30" WC="0.93" CONTENT="eller"/><SP WIDTH="21" VPOS="410" HPOS="1663"/>
							<String ID="string_30" HPOS="1684" VPOS="411" WIDTH="116" HEIGHT="30" WC="0.91" CONTENT="straff-"/>
						</TextLine>
						<TextLine ID="line_5" HPOS="297" VPOS="443" WIDTH="1503" HEIGHT="54">
							<String ID="string_31" HPOS="297" VPOS="443" WIDTH="125" HEIGHT="36" WC="0.95" CONTENT="arbete,"/><SP WIDTH="20" VPOS="443" HPOS="422"/>
							<String ID="string_32" HPOS="442" VPOS="444" WIDTH="86" HEIGHT="31" WC="0.96" CONTENT="efter"/><SP WIDTH="20" VPOS="444" HPOS="528"/>
							<String ID="string_33" HPOS="548" VPOS="445" WIDTH="144" HEIGHT="32" WC="0.96" CONTENT="domens"/><SP WIDTH="17" VPOS="445" HPOS="692"/>
							<String ID="string_34" HPOS="709" VPOS="448" WIDTH="227" HEIGHT="33" WC="0.96" CONTENT="meddelande"/><SP WIDTH="18" VPOS="448" HPOS="936"/>
							<String ID="string_35" HPOS="954" VPOS="460" WIDTH="80" HEIGHT="21" WC="0.96" CONTENT="men"/><SP WIDTH="19" VPOS="460" HPOS="1034"/>
							<String ID="string_36" HPOS="1053" VPOS="452" WIDTH="74" HEIGHT="31" WC="0.96" CONTENT="före"/><SP WIDTH="17" VPOS="452" HPOS="1127"/>
							<String ID="string_37" HPOS="1144" VPOS="455" WIDTH="222" HEIGHT="34" WC="0.92" CONTENT="prövotidens"/><SP WIDTH="20" VPOS="455" HPOS="1366"/>
							<String ID="string_38" HPOS="1386" VPOS="457" WIDTH="67" HEIGHT="31" WC="0.96" CONTENT="slut"/><SP WIDTH="18" VPOS="457" HPOS="1453"/>
							<String ID="string_39" HPOS="1471" VPOS="458" WIDTH="115" HEIGHT="37" WC="0.96" CONTENT="begått"/><SP WIDTH="20" VPOS="458" HPOS="1586"/>
							<String ID="string_40" HPOS="1606" VPOS="463" WIDTH="74" HEIGHT="33" WC="0.96" CONTENT="nytt"/><SP WIDTH="19" VPOS="463" HPOS="1680"/>
							<String ID="string_41" HPOS="1699" VPOS="461" WIDTH="101" HEIGHT="36" WC="0.95" CONTENT="brott,"/>
						</TextLine>
						<TextLine ID="line_6" HPOS="297" VPOS="492" WIDTH="1502" HEIGHT="55">
							<String ID="string_42" HPOS="297" VPOS="492" WIDTH="56" HEIGHT="31" WC="0.96" CONTENT="må"/><SP WIDTH="21" VPOS="492" HPOS="353"/>
							<String ID="string_43" HPOS="374" VPOS="494" WIDTH="202" HEIGHT="39" WC="0.96" CONTENT="domstolen,"/><SP WIDTH="20" VPOS="494" HPOS="576"/>
							<String ID="string_44" HPOS="596" VPOS="506" WIDTH="58" HEIGHT="21" WC="0.96" CONTENT="om"/><SP WIDTH="21" VPOS="506" HPOS="654"/>
							<String ID="string_45" HPOS="675" VPOS="498" WIDTH="72" HEIGHT="31" WC="0.96" CONTENT="han"/><SP WIDTH="20" VPOS="498" HPOS="747"/>
							<String ID="string_46" HPOS="767" VPOS="499" WIDTH="57" HEIGHT="31" WC="0.96" CONTENT="vid"/><SP WIDTH="17" VPOS="499" HPOS="824"/>
							<String ID="string_47" HPOS="841" VPOS="500" WIDTH="66" HEIGHT="31" WC="0.96" CONTENT="den"/><SP WIDTH="22" VPOS="500" HPOS="907"/>
							<String ID="string_48" HPOS="929" VPOS="510" WIDTH="69" HEIGHT="28" WC="0.96" CONTENT="nya"/><SP WIDTH="21" VPOS="510" HPOS="998"/>
							<String ID="string_49" HPOS="1019" VPOS="503" WIDTH="143" HEIGHT="31" WC="0.96" CONTENT="domens"/><SP WIDTH="23" VPOS="503" HPOS="1162"/>
							<String ID="string_50" HPOS="1185" VPOS="506" WIDTH="228" HEIGHT="32" WC="0.96" CONTENT="meddelande"/><SP WIDTH="19" VPOS="506" HPOS="1413"/>
							<String ID="string_51" HPOS="1432" VPOS="507" WIDTH="32" HEIGHT="37" WC="0.96" CONTENT="ej"/><SP WIDTH="22" VPOS="507" HPOS="1464"/>
							<String ID="string_52" HPOS="1486" VPOS="508" WIDTH="78" HEIGHT="37" WC="0.93" CONTENT="fyllt"/><SP WIDTH="21" VPOS="508" HPOS="1564"/>
							<String ID="string_53" HPOS="1585" VPOS="510" WIDTH="145" HEIGHT="31" WC="0.91" CONTENT="aderton"/><SP WIDTH="20" VPOS="510" HPOS="1730"/>
							<String ID="string_54" HPOS="1750" VPOS="511" WIDTH="49" HEIGHT="36" WC="0.96" CONTENT="år,"/>
						</TextLine>
						<TextLine ID="line_7" HPOS="297" VPOS="543" WIDTH="1503" HEIGHT="59">
							<String ID="string_55" HPOS="297" VPOS="543" WIDTH="10" HEIGHT="30" WC="0.96" CONTENT="i"/><SP WIDTH="16" VPOS="543" HPOS="307"/>
							<String ID="string_56" HPOS="323" VPOS="545" WIDTH="111" HEIGHT="30" WC="0.96" CONTENT="stället"/><SP WIDTH="16" VPOS="545" HPOS="434"/>
							<String ID="string_57" HPOS="450" VPOS="545" WIDTH="55" HEIGHT="30" WC="0.96" CONTENT="för"/><SP WIDTH="15" VPOS="545" HPOS="505"/>
							<String ID="string_58" HPOS="520" VPOS="549" WIDTH="48" HEIGHT="28" WC="0.96" CONTENT="att"/><SP WIDTH="16" VPOS="549" HPOS="568"/>
							<String ID="string_59" HPOS="584" VPOS="547" WIDTH="105" HEIGHT="31" WC="0.96" CONTENT="döma"/><SP WIDTH="17" VPOS="547" HPOS="689"/>
							<String ID="string_60" HPOS="706" VPOS="549" WIDTH="51" HEIGHT="30" WC="0.96" CONTENT="till"/><SP WIDTH="17" VPOS="549" HPOS="757"/>
							<String ID="string_61" HPOS="774" VPOS="550" WIDTH="103" HEIGHT="31" WC="0.94" CONTENT="straff"/><SP WIDTH="16" VPOS="550" HPOS="877"/>
							<String ID="string_62" HPOS="893" VPOS="551" WIDTH="177" HEIGHT="39" WC="0.95" CONTENT="förordna,"/><SP WIDTH="18" VPOS="551" HPOS="1070"/>
							<String ID="string_63" HPOS="1088" VPOS="557" WIDTH="49" HEIGHT="27" WC="0.95" CONTENT="att"/><SP WIDTH="16" VPOS="557" HPOS="1137"/>
							<String ID="string_64" HPOS="1153" VPOS="554" WIDTH="71" HEIGHT="31" WC="0.96" CONTENT="han"/><SP WIDTH="17" VPOS="554" HPOS="1224"/>
							<String ID="string_65" HPOS="1241" VPOS="556" WIDTH="87" HEIGHT="31" WC="0.95" CONTENT="skall"/><SP WIDTH="19" VPOS="556" HPOS="1328"/>
							<String ID="string_66" HPOS="1347" VPOS="558" WIDTH="153" HEIGHT="37" WC="0.95" CONTENT="undergå"/><SP WIDTH="16" VPOS="558" HPOS="1500"/>
							<String ID="string_67" HPOS="1516" VPOS="555" WIDTH="284" HEIGHT="47" WC="0.90" CONTENT="tvångsuppfost-"/>
						</TextLine>
						<TextLine ID="line_8" HPOS="296" VPOS="595" WIDTH="1501" HEIGHT="49">
							<String ID="string_68" HPOS="296" VPOS="603" WIDTH="73" HEIGHT="27" WC="0.96" CONTENT="ran,"/><SP WIDTH="17" VPOS="603" HPOS="369"/>
							<String ID="string_69" HPOS="386" VPOS="595" WIDTH="92" HEIGHT="31" WC="0.96" CONTENT="ändå"/><SP WIDTH="12" VPOS="595" HPOS="478"/>
							<String ID="string_70" HPOS="490" VPOS="599" WIDTH="48" HEIGHT="28" WC="0.92" CONTENT="att"/><SP WIDTH="13" VPOS="599" HPOS="538"/>
							<String ID="string_71" HPOS="551" VPOS="596" WIDTH="21" HEIGHT="32" WC="0.92" CONTENT="å"/><SP WIDTH="14" VPOS="596" HPOS="572"/>
							<String ID="string_72" HPOS="586" VPOS="598" WIDTH="56" HEIGHT="31" WC="0.96" CONTENT="det"/><SP WIDTH="13" VPOS="598" HPOS="642"/>
							<String ID="string_73" HPOS="655" VPOS="608" WIDTH="70" HEIGHT="28" WC="0.96" CONTENT="nya"/><SP WIDTH="13" VPOS="608" HPOS="725"/>
							<String ID="string_74" HPOS="738" VPOS="600" WIDTH="125" HEIGHT="32" WC="0.96" CONTENT="brottet"/><SP WIDTH="14" VPOS="600" HPOS="863"/>
							<String ID="string_75" HPOS="877" VPOS="602" WIDTH="105" HEIGHT="37" WC="0.96" CONTENT="enligt"/><SP WIDTH="17" VPOS="602" HPOS="982"/>
							<String ID="string_76" HPOS="999" VPOS="604" WIDTH="54" HEIGHT="36" WC="0.96" CONTENT="lag"/><SP WIDTH="14" VPOS="604" HPOS="1053"/>
							<String ID="string_77" HPOS="1067" VPOS="604" WIDTH="31" HEIGHT="37" WC="0.96" CONTENT="ej"/><SP WIDTH="16" VPOS="604" HPOS="1098"/>
							<String ID="string_78" HPOS="1114" VPOS="605" WIDTH="71" HEIGHT="30" WC="0.96" CONTENT="kan"/><SP WIDTH="15" VPOS="605" HPOS="1185"/>
							<String ID="string_79" HPOS="1200" VPOS="605" WIDTH="87" HEIGHT="38" WC="0.96" CONTENT="följa"/><SP WIDTH="15" VPOS="605" HPOS="1287"/>
							<String ID="string_80" HPOS="1302" VPOS="607" WIDTH="153" HEIGHT="37" WC="0.96" CONTENT="fängelse"/><SP WIDTH="14" VPOS="607" HPOS="1455"/>
							<String ID="string_81" HPOS="1469" VPOS="610" WIDTH="81" HEIGHT="30" WC="0.96" CONTENT="eller"/><SP WIDTH="16" VPOS="610" HPOS="1550"/>
							<String ID="string_82" HPOS="1566" VPOS="611" WIDTH="231" HEIGHT="32" WC="0.96" CONTENT="straffarbete."/>
						</TextLine>
					</TextBlock>
					<TextBlock ID="block_3" HPOS="340" VPOS="643" WIDTH="1414" HEIGHT="57">
						<TextLine ID="line_9" HPOS="340" VPOS="643" WIDTH="1414" HEIGHT="57">
							<String ID="string_83" HPOS="340" VPOS="643" WIDTH="98" HEIGHT="33" WC="0.96" CONTENT="Huru"/><SP WIDTH="21" VPOS="643" HPOS="438"/>
							<String ID="string_84" HPOS="459" VPOS="647" WIDTH="80" HEIGHT="31" WC="0.96" CONTENT="med"/><SP WIDTH="21" VPOS="647" HPOS="539"/>
							<String ID="string_85" HPOS="560" VPOS="648" WIDTH="55" HEIGHT="31" WC="0.95" CONTENT="det"/><SP WIDTH="22" VPOS="648" HPOS="615"/>
							<String ID="string_86" HPOS="637" VPOS="649" WIDTH="186" HEIGHT="38" WC="0.92" CONTENT="villkorligt"/><SP WIDTH="21" VPOS="649" HPOS="823"/>
							<String ID="string_87" HPOS="844" VPOS="651" WIDTH="152" HEIGHT="33" WC="0.92" CONTENT="ådömda"/><SP WIDTH="23" VPOS="651" HPOS="996"/>
							<String ID="string_88" HPOS="1019" VPOS="655" WIDTH="137" HEIGHT="31" WC="0.96" CONTENT="straffet"/><SP WIDTH="23" VPOS="655" HPOS="1156"/>
							<String ID="string_89" HPOS="1179" VPOS="657" WIDTH="88" HEIGHT="30" WC="0.93" CONTENT="skall"/><SP WIDTH="23" VPOS="657" HPOS="1267"/>
							<String ID="string_90" HPOS="1290" VPOS="657" WIDTH="151" HEIGHT="32" WC="0.91" CONTENT="förfaras"/><SP WIDTH="23" VPOS="657" HPOS="1441"/>
							<String ID="string_91" HPOS="1464" VPOS="661" WIDTH="138" HEIGHT="36" WC="0.96" CONTENT="stadgas"/><SP WIDTH="23" VPOS="661" HPOS="1602"/>
							<String ID="string_92" HPOS="1625" VPOS="662" WIDTH="9" HEIGHT="30" WC="0.96" CONTENT="i"/><SP WIDTH="26" VPOS="662" HPOS="1634"/>
							<String ID="string_93" HPOS="1660" VPOS="663" WIDTH="38" HEIGHT="29" WC="0.96" CONTENT="15"/><SP WIDTH="26" VPOS="663" HPOS="1698"/>
							<String ID="string_94" HPOS="1724" VPOS="663" WIDTH="30" HEIGHT="37" WC="0.95" CONTENT="8."/>
						</TextLine>
					</TextBlock>
				</ComposedBlock>
				<ComposedBlock ID="cblock_2" HPOS="284" VPOS="747" WIDTH="1512" HEIGHT="915">
					<TextBlock ID="block_4" HPOS="1030" VPOS="747" WIDTH="73" HEIGHT="37">
						<TextLine ID="line_10" HPOS="1030" VPOS="747" WIDTH="73" HEIGHT="37">
							<String ID="string_95" HPOS="1030" VPOS="747" WIDTH="20" HEIGHT="30" WC="0.94" CONTENT="3"/><SP WIDTH="25" VPOS="747" HPOS="1050"/>
							<String ID="string_96" HPOS="1075" VPOS="747" WIDTH="28" HEIGHT="37" WC="0.94" CONTENT="8."/>
						</TextLine>
					</TextBlock>
					<TextBlock ID="block_5" HPOS="291" VPOS="804" WIDTH="1505" HEIGHT="235">
						<TextLine ID="line_11" HPOS="338" VPOS="804" WIDTH="1457" HEIGHT="52">
							<String ID="string_97" HPOS="338" VPOS="804" WIDTH="72" HEIGHT="32" WC="0.96" CONTENT="Har"/><SP WIDTH="22" VPOS="804" HPOS="410"/>
							<String ID="string_98" HPOS="432" VPOS="806" WIDTH="76" HEIGHT="37" WC="0.96" CONTENT="den,"/><SP WIDTH="21" VPOS="806" HPOS="508"/>
							<String ID="string_99" HPOS="529" VPOS="817" WIDTH="73" HEIGHT="22" WC="0.96" CONTENT="som"/><SP WIDTH="20" VPOS="817" HPOS="602"/>
							<String ID="string_100" HPOS="622" VPOS="817" WIDTH="125" HEIGHT="28" WC="0.96" CONTENT="genom"/><SP WIDTH="19" VPOS="817" HPOS="747"/>
							<String ID="string_101" HPOS="766" VPOS="811" WIDTH="171" HEIGHT="38" WC="0.96" CONTENT="villkorlig"/><SP WIDTH="20" VPOS="811" HPOS="937"/>
							<String ID="string_102" HPOS="957" VPOS="813" WIDTH="82" HEIGHT="31" WC="0.96" CONTENT="dom"/><SP WIDTH="19" VPOS="813" HPOS="1039"/>
							<String ID="string_103" HPOS="1058" VPOS="813" WIDTH="65" HEIGHT="32" WC="0.96" CONTENT="fått"/><SP WIDTH="20" VPOS="813" HPOS="1123"/>
							<String ID="string_104" HPOS="1143" VPOS="816" WIDTH="150" HEIGHT="32" WC="0.96" CONTENT="anstånd"/><SP WIDTH="17" VPOS="816" HPOS="1293"/>
							<String ID="string_105" HPOS="1310" VPOS="819" WIDTH="80" HEIGHT="30" WC="0.96" CONTENT="med"/><SP WIDTH="20" VPOS="819" HPOS="1390"/>
							<String ID="string_106" HPOS="1410" VPOS="819" WIDTH="152" HEIGHT="37" WC="0.96" CONTENT="fängelse"/><SP WIDTH="19" VPOS="819" HPOS="1562"/>
							<String ID="string_107" HPOS="1581" VPOS="822" WIDTH="81" HEIGHT="30" WC="0.93" CONTENT="eller"/><SP WIDTH="17" VPOS="822" HPOS="1662"/>
							<String ID="string_108" HPOS="1679" VPOS="822" WIDTH="116" HEIGHT="31" WC="0.91" CONTENT="straff-"/>
						</TextLine>
						<TextLine ID="line_12" HPOS="292" VPOS="856" WIDTH="1503" HEIGHT="52">
							<String ID="string_109" HPOS="292" VPOS="856" WIDTH="125" HEIGHT="37" WC="0.95" CONTENT="arbete,"/><SP WIDTH="21" VPOS="856" HPOS="417"/>
							<String ID="string_110" HPOS="438" VPOS="860" WIDTH="84" HEIGHT="28" WC="0.96" CONTENT="utan"/><SP WIDTH="20" VPOS="860" HPOS="522"/>
							<String ID="string_111" HPOS="542" VPOS="861" WIDTH="49" HEIGHT="28" WC="0.96" CONTENT="att"/><SP WIDTH="18" VPOS="861" HPOS="591"/>
							<String ID="string_112" HPOS="609" VPOS="861" WIDTH="84" HEIGHT="35" WC="0.96" CONTENT="göra"/><SP WIDTH="21" VPOS="861" HPOS="693"/>
							<String ID="string_113" HPOS="714" VPOS="861" WIDTH="50" HEIGHT="37" WC="0.96" CONTENT="sig"/><SP WIDTH="21" VPOS="861" HPOS="764"/>
							<String ID="string_114" HPOS="785" VPOS="863" WIDTH="135" HEIGHT="37" WC="0.94" CONTENT="skyldig"/><SP WIDTH="15" VPOS="863" HPOS="920"/>
							<String ID="string_115" HPOS="935" VPOS="864" WIDTH="52" HEIGHT="30" WC="0.94" CONTENT="till"/><SP WIDTH="20" VPOS="864" HPOS="987"/>
							<String ID="string_116" HPOS="1007" VPOS="867" WIDTH="74" HEIGHT="34" WC="0.96" CONTENT="nytt"/><SP WIDTH="21" VPOS="867" HPOS="1081"/>
							<String ID="string_117" HPOS="1102" VPOS="866" WIDTH="92" HEIGHT="31" WC="0.93" CONTENT="brott"/><SP WIDTH="20" VPOS="866" HPOS="1194"/>
							<String ID="string_118" HPOS="1214" VPOS="867" WIDTH="177" HEIGHT="33" WC="0.92" CONTENT="förverkat"/><SP WIDTH="19" VPOS="867" HPOS="1391"/>
							<String ID="string_119" HPOS="1410" VPOS="869" WIDTH="193" HEIGHT="39" WC="0.89" CONTENT="anståndet,"/><SP WIDTH="18" VPOS="869" HPOS="1603"/>
							<String ID="string_120" HPOS="1621" VPOS="871" WIDTH="59" HEIGHT="31" WC="0.92" CONTENT="må"/><SP WIDTH="20" VPOS="871" HPOS="1680"/>
							<String ID="string_121" HPOS="1700" VPOS="873" WIDTH="95" HEIGHT="31" WC="0.92" CONTENT="dom-"/>
						</TextLine>
						<TextLine ID="line_13" HPOS="293" VPOS="907" WIDTH="1503" HEIGHT="52">
							<String ID="string_122" HPOS="293" VPOS="907" WIDTH="118" HEIGHT="36" WC="0.96" CONTENT="stolen,"/><SP WIDTH="19" VPOS="907" HPOS="411"/>
							<String ID="string_123" HPOS="430" VPOS="917" WIDTH="57" HEIGHT="21" WC="0.96" CONTENT="om"/><SP WIDTH="19" VPOS="917" HPOS="487"/>
							<String ID="string_124" HPOS="506" VPOS="909" WIDTH="70" HEIGHT="31" WC="0.96" CONTENT="han"/><SP WIDTH="18" VPOS="909" HPOS="576"/>
							<String ID="string_125" HPOS="594" VPOS="910" WIDTH="58" HEIGHT="31" WC="0.96" CONTENT="vid"/><SP WIDTH="18" VPOS="910" HPOS="652"/>
							<String ID="string_126" HPOS="670" VPOS="911" WIDTH="68" HEIGHT="31" WC="0.96" CONTENT="den"/><SP WIDTH="19" VPOS="911" HPOS="738"/>
							<String ID="string_127" HPOS="757" VPOS="921" WIDTH="68" HEIGHT="28" WC="0.96" CONTENT="nya"/><SP WIDTH="21" VPOS="921" HPOS="825"/>
							<String ID="string_128" HPOS="846" VPOS="914" WIDTH="144" HEIGHT="31" WC="0.96" CONTENT="domens"/><SP WIDTH="18" VPOS="914" HPOS="990"/>
							<String ID="string_129" HPOS="1008" VPOS="916" WIDTH="228" HEIGHT="32" WC="0.95" CONTENT="meddelande"/><SP WIDTH="18" VPOS="916" HPOS="1236"/>
							<String ID="string_130" HPOS="1254" VPOS="918" WIDTH="31" HEIGHT="37" WC="0.96" CONTENT="ej"/><SP WIDTH="20" VPOS="918" HPOS="1285"/>
							<String ID="string_131" HPOS="1305" VPOS="919" WIDTH="78" HEIGHT="37" WC="0.93" CONTENT="fyllt"/><SP WIDTH="18" VPOS="919" HPOS="1383"/>
							<String ID="string_132" HPOS="1401" VPOS="920" WIDTH="144" HEIGHT="32" WC="0.91" CONTENT="aderton"/><SP WIDTH="15" VPOS="920" HPOS="1545"/>
							<String ID="string_133" HPOS="1560" VPOS="921" WIDTH="49" HEIGHT="38" WC="0.96" CONTENT="år,"/><SP WIDTH="19" VPOS="921" HPOS="1609"/>
							<String ID="string_134" HPOS="1628" VPOS="922" WIDTH="168" HEIGHT="33" WC="0.96" CONTENT="förordna"/>
						</TextLine>
						<TextLine ID="line_14" HPOS="291" VPOS="957" WIDTH="1504" HEIGHT="52">
							<String ID="string_135" HPOS="291" VPOS="959" WIDTH="49" HEIGHT="28" WC="0.96" CONTENT="att"/><SP WIDTH="25" VPOS="959" HPOS="340"/>
							<String ID="string_136" HPOS="365" VPOS="957" WIDTH="71" HEIGHT="31" WC="0.96" CONTENT="han"/><SP WIDTH="25" VPOS="957" HPOS="436"/>
							<String ID="string_137" HPOS="461" VPOS="959" WIDTH="87" HEIGHT="31" WC="0.96" CONTENT="skall"/><SP WIDTH="25" VPOS="959" HPOS="548"/>
							<String ID="string_138" HPOS="573" VPOS="961" WIDTH="155" HEIGHT="37" WC="0.93" CONTENT="undergå"/><SP WIDTH="24" VPOS="961" HPOS="728"/>
							<String ID="string_139" HPOS="752" VPOS="962" WIDTH="331" HEIGHT="39" WC="0.92" CONTENT="tvångsuppfostran"/><SP WIDTH="25" VPOS="962" HPOS="1083"/>
							<String ID="string_140" HPOS="1108" VPOS="967" WIDTH="9" HEIGHT="30" WC="0.95" CONTENT="i"/><SP WIDTH="27" VPOS="967" HPOS="1117"/>
							<String ID="string_141" HPOS="1144" VPOS="969" WIDTH="112" HEIGHT="30" WC="0.96" CONTENT="stället"/><SP WIDTH="24" VPOS="969" HPOS="1256"/>
							<String ID="string_142" HPOS="1280" VPOS="969" WIDTH="55" HEIGHT="31" WC="0.96" CONTENT="för"/><SP WIDTH="20" VPOS="969" HPOS="1335"/>
							<String ID="string_143" HPOS="1355" VPOS="970" WIDTH="56" HEIGHT="31" WC="0.96" CONTENT="det"/><SP WIDTH="22" VPOS="970" HPOS="1411"/>
							<String ID="string_144" HPOS="1433" VPOS="971" WIDTH="187" HEIGHT="38" WC="0.93" CONTENT="villkorligt"/><SP WIDTH="24" VPOS="971" HPOS="1620"/>
							<String ID="string_145" HPOS="1644" VPOS="972" WIDTH="151" HEIGHT="33" WC="0.90" CONTENT="ådömda"/>
						</TextLine>
						<TextLine ID="line_15" HPOS="291" VPOS="1007" WIDTH="146" HEIGHT="32">
							<String ID="string_146" HPOS="291" VPOS="1007" WIDTH="146" HEIGHT="32" WC="0.94" CONTENT="straffet."/>
						</TextLine>
					</TextBlock>
					<TextBlock ID="block_6" HPOS="1007" VPOS="1067" WIDTH="73" HEIGHT="37">
						<TextLine ID="line_16" HPOS="1007" VPOS="1067" WIDTH="73" HEIGHT="37">
							<String ID="string_147" HPOS="1007" VPOS="1067" WIDTH="19" HEIGHT="29" WC="0.92" CONTENT="4"/><SP WIDTH="25" VPOS="1067" HPOS="1026"/>
							<String ID="string_148" HPOS="1051" VPOS="1067" WIDTH="29" HEIGHT="37" WC="0.92" CONTENT="8."/>
						</TextLine>
					</TextBlock>
					<TextBlock ID="block_7" HPOS="289" VPOS="1124" WIDTH="1503" HEIGHT="100">
						<TextLine ID="line_17" HPOS="333" VPOS="1124" WIDTH="1459" HEIGHT="52">
							<String ID="string_149" HPOS="333" VPOS="1124" WIDTH="65" HEIGHT="32" WC="0.93" CONTENT="Till"/><SP WIDTH="19" VPOS="1124" HPOS="398"/>
							<String ID="string_150" HPOS="417" VPOS="1126" WIDTH="333" HEIGHT="39" WC="0.91" CONTENT="tvångsuppfostran"/><SP WIDTH="20" VPOS="1126" HPOS="750"/>
							<String ID="string_151" HPOS="770" VPOS="1131" WIDTH="106" HEIGHT="31" WC="0.96" CONTENT="dömd"/><SP WIDTH="19" VPOS="1131" HPOS="876"/>
							<String ID="string_152" HPOS="895" VPOS="1133" WIDTH="89" HEIGHT="30" WC="0.96" CONTENT="skall"/><SP WIDTH="23" VPOS="1133" HPOS="984"/>
							<String ID="string_153" HPOS="1007" VPOS="1134" WIDTH="133" HEIGHT="37" WC="0.92" CONTENT="intagas"/><SP WIDTH="20" VPOS="1134" HPOS="1140"/>
							<String ID="string_154" HPOS="1160" VPOS="1136" WIDTH="10" HEIGHT="30" WC="0.96" CONTENT="i"/><SP WIDTH="20" VPOS="1136" HPOS="1170"/>
							<String ID="string_155" HPOS="1190" VPOS="1137" WIDTH="130" HEIGHT="31" WC="0.93" CONTENT="allmän"/><SP WIDTH="20" VPOS="1137" HPOS="1320"/>
							<String ID="string_156" HPOS="1340" VPOS="1139" WIDTH="368" HEIGHT="37" WC="0.91" CONTENT="uppfostringsanstalt"/><SP WIDTH="19" VPOS="1139" HPOS="1708"/>
							<String ID="string_157" HPOS="1727" VPOS="1143" WIDTH="65" HEIGHT="30" WC="0.96" CONTENT="och"/>
						</TextLine>
						<TextLine ID="line_18" HPOS="289" VPOS="1175" WIDTH="1413" HEIGHT="49">
							<String ID="string_158" HPOS="289" VPOS="1175" WIDTH="139" HEIGHT="32" WC="0.96" CONTENT="kvarstå"/><SP WIDTH="19" VPOS="1175" HPOS="428"/>
							<String ID="string_159" HPOS="447" VPOS="1176" WIDTH="114" HEIGHT="33" WC="0.96" CONTENT="såsom"/><SP WIDTH="19" VPOS="1176" HPOS="561"/>
							<String ID="string_160" HPOS="580" VPOS="1180" WIDTH="72" HEIGHT="30" WC="0.96" CONTENT="elev"/><SP WIDTH="16" VPOS="1180" HPOS="652"/>
							<String ID="string_161" HPOS="668" VPOS="1180" WIDTH="59" HEIGHT="31" WC="0.96" CONTENT="vid"/><SP WIDTH="19" VPOS="1180" HPOS="727"/>
							<String ID="string_162" HPOS="746" VPOS="1183" WIDTH="170" HEIGHT="30" WC="0.96" CONTENT="anstalten"/><SP WIDTH="21" VPOS="1183" HPOS="916"/>
							<String ID="string_163" HPOS="937" VPOS="1184" WIDTH="51" HEIGHT="30" WC="0.96" CONTENT="till"/><SP WIDTH="21" VPOS="1184" HPOS="988"/>
							<String ID="string_164" HPOS="1009" VPOS="1184" WIDTH="76" HEIGHT="31" WC="0.97" CONTENT="dess"/><SP WIDTH="20" VPOS="1184" HPOS="1085"/>
							<String ID="string_165" HPOS="1105" VPOS="1186" WIDTH="71" HEIGHT="30" WC="0.95" CONTENT="han"/><SP WIDTH="20" VPOS="1186" HPOS="1176"/>
							<String ID="string_166" HPOS="1196" VPOS="1187" WIDTH="130" HEIGHT="37" WC="0.93" CONTENT="slutligt"/><SP WIDTH="20" VPOS="1187" HPOS="1326"/>
							<String ID="string_167" HPOS="1346" VPOS="1189" WIDTH="169" HEIGHT="31" WC="0.92" CONTENT="utskrives"/><SP WIDTH="20" VPOS="1189" HPOS="1515"/>
							<String ID="string_168" HPOS="1535" VPOS="1191" WIDTH="167" HEIGHT="31" WC="0.96" CONTENT="därifrån."/>
						</TextLine>
					</TextBlock>
					<TextBlock ID="block_8" HPOS="284" VPOS="1225" WIDTH="1507" HEIGHT="194">
						<TextLine ID="line_19" HPOS="332" VPOS="1225" WIDTH="1459" HEIGHT="49">
							<String ID="string_169" HPOS="332" VPOS="1225" WIDTH="70" HEIGHT="32" WC="0.96" CONTENT="Där"/><SP WIDTH="25" VPOS="1225" HPOS="402"/>
							<String ID="string_170" HPOS="427" VPOS="1227" WIDTH="192" HEIGHT="33" WC="0.96" CONTENT="domstolen"/><SP WIDTH="26" VPOS="1227" HPOS="619"/>
							<String ID="string_171" HPOS="645" VPOS="1230" WIDTH="32" HEIGHT="37" WC="0.96" CONTENT="ej"/><SP WIDTH="29" VPOS="1230" HPOS="677"/>
							<String ID="string_172" HPOS="706" VPOS="1233" WIDTH="219" HEIGHT="31" WC="0.96" CONTENT="annorlunda"/><SP WIDTH="24" VPOS="1233" HPOS="925"/>
							<String ID="string_173" HPOS="949" VPOS="1234" WIDTH="220" HEIGHT="38" WC="0.96" CONTENT="bestämmer,"/><SP WIDTH="29" VPOS="1234" HPOS="1169"/>
							<String ID="string_174" HPOS="1198" VPOS="1237" WIDTH="89" HEIGHT="30" WC="0.93" CONTENT="skall"/><SP WIDTH="26" VPOS="1237" HPOS="1287"/>
							<String ID="string_175" HPOS="1313" VPOS="1238" WIDTH="250" HEIGHT="34" WC="0.92" CONTENT="förordnandet"/><SP WIDTH="25" VPOS="1238" HPOS="1563"/>
							<String ID="string_176" HPOS="1588" VPOS="1242" WIDTH="203" HEIGHT="32" WC="0.96" CONTENT="verkställas"/>
						</TextLine>
						<TextLine ID="line_20" HPOS="284" VPOS="1276" WIDTH="1506" HEIGHT="48">
							<String ID="string_177" HPOS="284" VPOS="1278" WIDTH="83" HEIGHT="28" WC="0.96" CONTENT="utan"/><SP WIDTH="20" VPOS="1278" HPOS="367"/>
							<String ID="string_178" HPOS="387" VPOS="1276" WIDTH="125" HEIGHT="32" WC="0.96" CONTENT="hinder"/><SP WIDTH="19" VPOS="1276" HPOS="512"/>
							<String ID="string_179" HPOS="531" VPOS="1279" WIDTH="107" HEIGHT="30" WC="0.96" CONTENT="därav"/><SP WIDTH="20" VPOS="1279" HPOS="638"/>
							<String ID="string_180" HPOS="658" VPOS="1283" WIDTH="50" HEIGHT="27" WC="0.91" CONTENT="att"/><SP WIDTH="19" VPOS="1283" HPOS="708"/>
							<String ID="string_181" HPOS="727" VPOS="1281" WIDTH="57" HEIGHT="30" WC="0.96" CONTENT="det"/><SP WIDTH="18" VPOS="1281" HPOS="784"/>
							<String ID="string_182" HPOS="802" VPOS="1281" WIDTH="31" HEIGHT="37" WC="0.96" CONTENT="ej"/><SP WIDTH="21" VPOS="1281" HPOS="833"/>
							<String ID="string_183" HPOS="854" VPOS="1283" WIDTH="80" HEIGHT="35" WC="0.96" CONTENT="äger"/><SP WIDTH="18" VPOS="1283" HPOS="934"/>
							<String ID="string_184" HPOS="952" VPOS="1284" WIDTH="77" HEIGHT="36" WC="0.96" CONTENT="laga"/><SP WIDTH="21" VPOS="1284" HPOS="1029"/>
							<String ID="string_185" HPOS="1050" VPOS="1285" WIDTH="107" HEIGHT="36" WC="0.96" CONTENT="kraft;"/><SP WIDTH="21" VPOS="1285" HPOS="1157"/>
							<String ID="string_186" HPOS="1178" VPOS="1287" WIDTH="66" HEIGHT="29" WC="0.97" CONTENT="och"/><SP WIDTH="19" VPOS="1287" HPOS="1244"/>
							<String ID="string_187" HPOS="1263" VPOS="1286" WIDTH="58" HEIGHT="32" WC="0.96" CONTENT="må"/><SP WIDTH="21" VPOS="1286" HPOS="1321"/>
							<String ID="string_188" HPOS="1342" VPOS="1288" WIDTH="10" HEIGHT="30" WC="0.96" CONTENT="i"/><SP WIDTH="20" VPOS="1288" HPOS="1352"/>
							<String ID="string_189" HPOS="1372" VPOS="1288" WIDTH="123" HEIGHT="32" WC="0.96" CONTENT="sådant"/><SP WIDTH="20" VPOS="1288" HPOS="1495"/>
							<String ID="string_190" HPOS="1515" VPOS="1290" WIDTH="62" HEIGHT="31" WC="0.96" CONTENT="fall"/><SP WIDTH="19" VPOS="1290" HPOS="1577"/>
							<String ID="string_191" HPOS="1596" VPOS="1292" WIDTH="194" HEIGHT="32" WC="0.96" CONTENT="domstolen"/>
						</TextLine>
						<TextLine ID="line_21" HPOS="287" VPOS="1327" WIDTH="1503" HEIGHT="51">
							<String ID="string_192" HPOS="287" VPOS="1327" WIDTH="176" HEIGHT="37" WC="0.96" CONTENT="förordna,"/><SP WIDTH="20" VPOS="1327" HPOS="463"/>
							<String ID="string_193" HPOS="483" VPOS="1332" WIDTH="48" HEIGHT="28" WC="0.96" CONTENT="att"/><SP WIDTH="19" VPOS="1332" HPOS="531"/>
							<String ID="string_194" HPOS="550" VPOS="1330" WIDTH="65" HEIGHT="31" WC="0.96" CONTENT="den"/><SP WIDTH="21" VPOS="1330" HPOS="615"/>
							<String ID="string_195" HPOS="636" VPOS="1331" WIDTH="127" HEIGHT="32" WC="0.96" CONTENT="dömde"/><SP WIDTH="18" VPOS="1331" HPOS="763"/>
							<String ID="string_196" HPOS="781" VPOS="1334" WIDTH="88" HEIGHT="30" WC="0.96" CONTENT="skall"/><SP WIDTH="21" VPOS="1334" HPOS="869"/>
							<String ID="string_197" HPOS="890" VPOS="1334" WIDTH="11" HEIGHT="30" WC="0.93" CONTENT="i"/><SP WIDTH="19" VPOS="1334" HPOS="901"/>
							<String ID="string_198" HPOS="920" VPOS="1335" WIDTH="152" HEIGHT="31" WC="0.91" CONTENT="avbidan"/><SP WIDTH="18" VPOS="1335" HPOS="1072"/>
							<String ID="string_199" HPOS="1090" VPOS="1335" WIDTH="45" HEIGHT="38" WC="0.96" CONTENT="på"/><SP WIDTH="19" VPOS="1335" HPOS="1135"/>
							<String ID="string_200" HPOS="1154" VPOS="1338" WIDTH="302" HEIGHT="38" WC="0.96" CONTENT="verkställigheten"/><SP WIDTH="18" VPOS="1338" HPOS="1456"/>
							<String ID="string_201" HPOS="1474" VPOS="1349" WIDTH="124" HEIGHT="29" WC="0.92" CONTENT="genom"/><SP WIDTH="17" VPOS="1349" HPOS="1598"/>
							<String ID="string_202" HPOS="1615" VPOS="1344" WIDTH="175" HEIGHT="31" WC="0.91" CONTENT="allmänne"/>
						</TextLine>
						<TextLine ID="line_22" HPOS="286" VPOS="1377" WIDTH="649" HEIGHT="42">
							<String ID="string_203" HPOS="286" VPOS="1377" WIDTH="204" HEIGHT="38" WC="0.96" CONTENT="åklagarens"/><SP WIDTH="18" VPOS="1377" HPOS="490"/>
							<String ID="string_204" HPOS="508" VPOS="1380" WIDTH="135" HEIGHT="38" WC="0.96" CONTENT="försorg"/><SP WIDTH="19" VPOS="1380" HPOS="643"/>
							<String ID="string_205" HPOS="662" VPOS="1385" WIDTH="98" HEIGHT="34" WC="0.95" CONTENT="tagas"/><SP WIDTH="18" VPOS="1385" HPOS="760"/>
							<String ID="string_206" HPOS="778" VPOS="1383" WIDTH="10" HEIGHT="31" WC="0.95" CONTENT="i"/><SP WIDTH="20" VPOS="1383" HPOS="788"/>
							<String ID="string_207" HPOS="808" VPOS="1383" WIDTH="127" HEIGHT="32" WC="0.95" CONTENT="förvar."/>
						</TextLine>
					</TextBlock>
					<TextBlock ID="block_9" HPOS="1001" VPOS="1454" WIDTH="72" HEIGHT="37">
						<TextLine ID="line_23" HPOS="1001" VPOS="1454" WIDTH="72" HEIGHT="37">
							<String ID="string_208" HPOS="1001" VPOS="1454" WIDTH="18" HEIGHT="29" WC="0.63" CONTENT="5"/><SP WIDTH="26" VPOS="1454" HPOS="1019"/>
							<String ID="string_209" HPOS="1045" VPOS="1454" WIDTH="28" HEIGHT="37" WC="0.63" CONTENT="8."/>
						</TextLine>
					</TextBlock>
					<TextBlock ID="block_10" HPOS="284" VPOS="1513" WIDTH="1504" HEIGHT="149">
						<TextLine ID="line_24" HPOS="329" VPOS="1513" WIDTH="1459" HEIGHT="57">
							<String ID="string_210" HPOS="329" VPOS="1513" WIDTH="136" HEIGHT="32" WC="0.93" CONTENT="Allmän"/><SP WIDTH="22" VPOS="1513" HPOS="465"/>
							<String ID="string_211" HPOS="487" VPOS="1515" WIDTH="368" HEIGHT="39" WC="0.92" CONTENT="uppfostringsanstalt"/><SP WIDTH="21" VPOS="1515" HPOS="855"/>
							<String ID="string_212" HPOS="876" VPOS="1520" WIDTH="105" HEIGHT="37" WC="0.95" CONTENT="enligt"/><SP WIDTH="23" VPOS="1520" HPOS="981"/>
							<String ID="string_213" HPOS="1004" VPOS="1521" WIDTH="114" HEIGHT="32" WC="0.96" CONTENT="denna"/><SP WIDTH="21" VPOS="1521" HPOS="1118"/>
							<String ID="string_214" HPOS="1139" VPOS="1523" WIDTH="55" HEIGHT="36" WC="0.96" CONTENT="lag"/><SP WIDTH="23" VPOS="1523" HPOS="1194"/>
							<String ID="string_215" HPOS="1217" VPOS="1524" WIDTH="38" HEIGHT="30" WC="0.96" CONTENT="är"/><SP WIDTH="21" VPOS="1524" HPOS="1255"/>
							<String ID="string_216" HPOS="1276" VPOS="1525" WIDTH="126" HEIGHT="31" WC="0.96" CONTENT="anstalt"/><SP WIDTH="22" VPOS="1525" HPOS="1402"/>
							<String ID="string_217" HPOS="1424" VPOS="1527" WIDTH="81" HEIGHT="30" WC="0.96" CONTENT="eller"/><SP WIDTH="21" VPOS="1527" HPOS="1505"/>
							<String ID="string_218" HPOS="1526" VPOS="1525" WIDTH="262" HEIGHT="45" WC="0.89" CONTENT="anstaltsavdel-"/>
						</TextLine>
						<TextLine ID="line_25" HPOS="285" VPOS="1563" WIDTH="1502" HEIGHT="52">
							<String ID="string_219" HPOS="285" VPOS="1563" WIDTH="90" HEIGHT="37" WC="0.96" CONTENT="ning,"/><SP WIDTH="18" VPOS="1563" HPOS="375"/>
							<String ID="string_220" HPOS="393" VPOS="1564" WIDTH="115" HEIGHT="32" WC="0.96" CONTENT="vilken"/><SP WIDTH="20" VPOS="1564" HPOS="508"/>
							<String ID="string_221" HPOS="528" VPOS="1566" WIDTH="158" HEIGHT="31" WC="0.95" CONTENT="inrättats"/><SP WIDTH="20" VPOS="1566" HPOS="686"/>
							<String ID="string_222" HPOS="706" VPOS="1577" WIDTH="43" HEIGHT="21" WC="0.97" CONTENT="av"/><SP WIDTH="21" VPOS="1577" HPOS="749"/>
							<String ID="string_223" HPOS="770" VPOS="1571" WIDTH="110" HEIGHT="29" WC="0.96" CONTENT="staten"/><SP WIDTH="19" VPOS="1571" HPOS="880"/>
							<String ID="string_224" HPOS="899" VPOS="1570" WIDTH="56" HEIGHT="31" WC="0.96" CONTENT="för"/><SP WIDTH="19" VPOS="1570" HPOS="955"/>
							<String ID="string_225" HPOS="974" VPOS="1571" WIDTH="93" HEIGHT="31" WC="0.96" CONTENT="detta"/><SP WIDTH="20" VPOS="1571" HPOS="1067"/>
							<String ID="string_226" HPOS="1087" VPOS="1572" WIDTH="164" HEIGHT="32" WC="0.95" CONTENT="ändamål"/><SP WIDTH="19" VPOS="1572" HPOS="1251"/>
							<String ID="string_227" HPOS="1270" VPOS="1576" WIDTH="81" HEIGHT="30" WC="0.96" CONTENT="eller"/><SP WIDTH="23" VPOS="1576" HPOS="1351"/>
							<String ID="string_228" HPOS="1374" VPOS="1585" WIDTH="41" HEIGHT="21" WC="0.95" CONTENT="av"/><SP WIDTH="20" VPOS="1585" HPOS="1415"/>
							<String ID="string_229" HPOS="1435" VPOS="1576" WIDTH="193" HEIGHT="39" WC="0.95" CONTENT="Konungen"/><SP WIDTH="19" VPOS="1576" HPOS="1628"/>
							<String ID="string_230" HPOS="1647" VPOS="1580" WIDTH="140" HEIGHT="31" WC="0.96" CONTENT="erkänts"/>
						</TextLine>
						<TextLine ID="line_26" HPOS="284" VPOS="1612" WIDTH="1503" HEIGHT="50">
							<String ID="string_231" HPOS="284" VPOS="1612" WIDTH="113" HEIGHT="33" WC="0.95" CONTENT="såsom"/><SP WIDTH="27" VPOS="1612" HPOS="397"/>
							<String ID="string_232" HPOS="424" VPOS="1616" WIDTH="130" HEIGHT="31" WC="0.93" CONTENT="allmän"/><SP WIDTH="24" VPOS="1616" HPOS="554"/>
							<String ID="string_233" HPOS="578" VPOS="1617" WIDTH="377" HEIGHT="39" WC="0.91" CONTENT="uppfostringsanstalt."/><SP WIDTH="52" VPOS="1617" HPOS="955"/>
							<String ID="string_234" HPOS="1007" VPOS="1621" WIDTH="129" HEIGHT="33" WC="0.96" CONTENT="Sådant"/><SP WIDTH="26" VPOS="1621" HPOS="1136"/>
							<String ID="string_235" HPOS="1162" VPOS="1624" WIDTH="224" HEIGHT="33" WC="0.96" CONTENT="erkännande"/><SP WIDTH="27" VPOS="1624" HPOS="1386"/>
							<String ID="string_236" HPOS="1413" VPOS="1628" WIDTH="69" HEIGHT="30" WC="0.96" CONTENT="kan"/><SP WIDTH="26" VPOS="1628" HPOS="1482"/>
							<String ID="string_237" HPOS="1508" VPOS="1630" WIDTH="64" HEIGHT="29" WC="0.96" CONTENT="när"/><SP WIDTH="27" VPOS="1630" HPOS="1572"/>
							<String ID="string_238" HPOS="1599" VPOS="1639" WIDTH="75" HEIGHT="21" WC="0.96" CONTENT="som"/><SP WIDTH="25" VPOS="1639" HPOS="1674"/>
							<String ID="string_239" HPOS="1699" VPOS="1631" WIDTH="88" HEIGHT="31" WC="0.95" CONTENT="helst"/>
						</TextLine>
					</TextBlock>
				</ComposedBlock>
				<ComposedBlock ID="cblock_3" HPOS="283" VPOS="1663" WIDTH="1092" HEIGHT="95">
					<TextBlock ID="block_11" HPOS="283" VPOS="1663" WIDTH="1092" HEIGHT="95">
						<TextLine ID="line_27" HPOS="283" VPOS="1663" WIDTH="195" HEIGHT="34">
							<String ID="string_240" HPOS="283" VPOS="1663" WIDTH="195" HEIGHT="34" WC="0.95" CONTENT="återkallas."/>
						</TextLine>
						<TextLine ID="line_28" HPOS="327" VPOS="1715" WIDTH="1048" HEIGHT="43">
							<String ID="string_241" HPOS="327" VPOS="1715" WIDTH="120" HEIGHT="32" WC="0.96" CONTENT="Elever"/><SP WIDTH="17" VPOS="1715" HPOS="447"/>
							<String ID="string_242" HPOS="464" VPOS="1727" WIDTH="42" HEIGHT="21" WC="0.96" CONTENT="av"/><SP WIDTH="18" VPOS="1727" HPOS="506"/>
							<String ID="string_243" HPOS="524" VPOS="1718" WIDTH="92" HEIGHT="31" WC="0.96" CONTENT="olika"/><SP WIDTH="17" VPOS="1718" HPOS="616"/>
							<String ID="string_244" HPOS="633" VPOS="1719" WIDTH="70" HEIGHT="31" WC="0.96" CONTENT="kön"/><SP WIDTH="17" VPOS="1719" HPOS="703"/>
							<String ID="string_245" HPOS="720" VPOS="1719" WIDTH="58" HEIGHT="32" WC="0.95" CONTENT="må"/><SP WIDTH="17" VPOS="1719" HPOS="778"/>
							<String ID="string_246" HPOS="795" VPOS="1720" WIDTH="32" HEIGHT="37" WC="0.95" CONTENT="ej"/><SP WIDTH="18" VPOS="1720" HPOS="827"/>
							<String ID="string_247" HPOS="845" VPOS="1722" WIDTH="201" HEIGHT="36" WC="0.96" CONTENT="uppfostras"/><SP WIDTH="18" VPOS="1722" HPOS="1046"/>
							<String ID="string_248" HPOS="1064" VPOS="1723" WIDTH="10" HEIGHT="31" WC="0.95" CONTENT="i"/><SP WIDTH="16" VPOS="1723" HPOS="1074"/>
							<String ID="string_249" HPOS="1090" VPOS="1733" WIDTH="135" HEIGHT="22" WC="0.96" CONTENT="samma"/><SP WIDTH="14" VPOS="1733" HPOS="1225"/>
							<String ID="string_250" HPOS="1239" VPOS="1728" WIDTH="136" HEIGHT="29" WC="0.95" CONTENT="anstalt."/>
						</TextLine>
					</TextBlock>
				</ComposedBlock>
				<ComposedBlock ID="cblock_4" HPOS="275" VPOS="1815" WIDTH="1507" HEIGHT="160">
					<TextBlock ID="block_12" HPOS="275" VPOS="1815" WIDTH="1507" HEIGHT="160">
						<TextLine ID="line_29" HPOS="996" VPOS="1815" WIDTH="73" HEIGHT="38">
							<String ID="string_251" HPOS="996" VPOS="1815" WIDTH="19" HEIGHT="30" WC="0.96" CONTENT="6"/><SP WIDTH="25" VPOS="1815" HPOS="1015"/>
							<String ID="string_252" HPOS="1040" VPOS="1816" WIDTH="29" HEIGHT="37" WC="0.93" CONTENT="8."/>
						</TextLine>
						<TextLine ID="line_30" HPOS="324" VPOS="1876" WIDTH="1458" HEIGHT="49">
							<String ID="string_253" HPOS="324" VPOS="1876" WIDTH="136" HEIGHT="31" WC="0.93" CONTENT="Allmän"/><SP WIDTH="34" VPOS="1876" HPOS="460"/>
							<String ID="string_254" HPOS="494" VPOS="1878" WIDTH="367" HEIGHT="38" WC="0.90" CONTENT="uppfostringsanstalt"/><SP WIDTH="34" VPOS="1878" HPOS="861"/>
							<String ID="string_255" HPOS="895" VPOS="1881" WIDTH="89" HEIGHT="31" WC="0.96" CONTENT="skall"/><SP WIDTH="24" VPOS="1881" HPOS="984"/>
							<String ID="string_256" HPOS="1008" VPOS="1882" WIDTH="52" HEIGHT="32" WC="0.96" CONTENT="stå"/><SP WIDTH="21" VPOS="1882" HPOS="1060"/>
							<String ID="string_257" HPOS="1081" VPOS="1884" WIDTH="111" HEIGHT="31" WC="0.96" CONTENT="under"/><SP WIDTH="24" VPOS="1884" HPOS="1192"/>
							<String ID="string_258" HPOS="1216" VPOS="1885" WIDTH="140" HEIGHT="38" WC="0.96" CONTENT="ledning"/><SP WIDTH="23" VPOS="1885" HPOS="1356"/>
							<String ID="string_259" HPOS="1379" VPOS="1896" WIDTH="42" HEIGHT="22" WC="0.96" CONTENT="av"/><SP WIDTH="25" VPOS="1896" HPOS="1421"/>
							<String ID="string_260" HPOS="1446" VPOS="1890" WIDTH="141" HEIGHT="35" WC="0.96" CONTENT="styrelse"/><SP WIDTH="22" VPOS="1890" HPOS="1587"/>
							<String ID="string_261" HPOS="1609" VPOS="1891" WIDTH="66" HEIGHT="30" WC="0.93" CONTENT="och"/><SP WIDTH="19" VPOS="1891" HPOS="1675"/>
							<String ID="string_262" HPOS="1694" VPOS="1891" WIDTH="88" HEIGHT="32" WC="0.92" CONTENT="före-"/>
						</TextLine>
						<TextLine ID="line_31" HPOS="275" VPOS="1923" WIDTH="1506" HEIGHT="52">
							<String ID="string_263" HPOS="275" VPOS="1923" WIDTH="171" HEIGHT="33" WC="0.96" CONTENT="ståndare."/><SP WIDTH="47" VPOS="1923" HPOS="446"/>
							<String ID="string_264" HPOS="493" VPOS="1927" WIDTH="178" HEIGHT="31" WC="0.96" CONTENT="Anstalten"/><SP WIDTH="25" VPOS="1927" HPOS="671"/>
							<String ID="string_265" HPOS="696" VPOS="1930" WIDTH="89" HEIGHT="29" WC="0.96" CONTENT="skall"/><SP WIDTH="22" VPOS="1930" HPOS="785"/>
							<String ID="string_266" HPOS="807" VPOS="1929" WIDTH="52" HEIGHT="32" WC="0.96" CONTENT="stå"/><SP WIDTH="23" VPOS="1929" HPOS="859"/>
							<String ID="string_267" HPOS="882" VPOS="1932" WIDTH="111" HEIGHT="30" WC="0.96" CONTENT="under"/><SP WIDTH="22" VPOS="1932" HPOS="993"/>
							<String ID="string_268" HPOS="1015" VPOS="1933" WIDTH="141" HEIGHT="37" WC="0.96" CONTENT="uppsikt"/><SP WIDTH="25" VPOS="1933" HPOS="1156"/>
							<String ID="string_269" HPOS="1181" VPOS="1944" WIDTH="74" HEIGHT="21" WC="0.96" CONTENT="som"/><SP WIDTH="24" VPOS="1944" HPOS="1255"/>
							<String ID="string_270" HPOS="1279" VPOS="1945" WIDTH="43" HEIGHT="21" WC="0.95" CONTENT="av"/><SP WIDTH="23" VPOS="1945" HPOS="1322"/>
							<String ID="string_271" HPOS="1345" VPOS="1936" WIDTH="191" HEIGHT="39" WC="0.96" CONTENT="Konungen"/><SP WIDTH="27" VPOS="1936" HPOS="1536"/>
							<String ID="string_272" HPOS="1563" VPOS="1940" WIDTH="218" HEIGHT="33" WC="0.95" CONTENT="bestämmes."/>
						</TextLine>
					</TextBlock>
				</ComposedBlock>
				<ComposedBlock ID="cblock_5" HPOS="272" VPOS="2026" WIDTH="1509" HEIGHT="478">
					<TextBlock ID="block_13" HPOS="990" VPOS="2026" WIDTH="72" HEIGHT="37">
						<TextLine ID="line_32" HPOS="990" VPOS="2026" WIDTH="72" HEIGHT="37">
							<String ID="string_273" HPOS="990" VPOS="2026" WIDTH="72" HEIGHT="37" WC="0.82" CONTENT="78."/>
						</TextLine>
					</TextBlock>
					<TextBlock ID="block_14" HPOS="274" VPOS="2085" WIDTH="1507" HEIGHT="242">
						<TextLine ID="line_33" HPOS="321" VPOS="2085" WIDTH="1460" HEIGHT="49">
							<String ID="string_274" HPOS="321" VPOS="2085" WIDTH="82" HEIGHT="32" WC="0.96" CONTENT="Elev"/><SP WIDTH="22" VPOS="2085" HPOS="403"/>
							<String ID="string_275" HPOS="425" VPOS="2087" WIDTH="88" HEIGHT="31" WC="0.96" CONTENT="skall"/><SP WIDTH="19" VPOS="2087" HPOS="513"/>
							<String ID="string_276" HPOS="532" VPOS="2088" WIDTH="131" HEIGHT="32" WC="0.95" CONTENT="erhålla"/><SP WIDTH="20" VPOS="2088" HPOS="663"/>
							<String ID="string_277" HPOS="683" VPOS="2090" WIDTH="67" HEIGHT="31" WC="0.96" CONTENT="den"/><SP WIDTH="19" VPOS="2090" HPOS="750"/>
							<String ID="string_278" HPOS="769" VPOS="2091" WIDTH="171" HEIGHT="32" WC="0.96" CONTENT="särskilda"/><SP WIDTH="19" VPOS="2091" HPOS="940"/>
							<String ID="string_279" HPOS="959" VPOS="2093" WIDTH="237" HEIGHT="38" WC="0.96" CONTENT="handledning"/><SP WIDTH="19" VPOS="2093" HPOS="1196"/>
							<String ID="string_280" HPOS="1215" VPOS="2096" WIDTH="65" HEIGHT="31" WC="0.96" CONTENT="och"/><SP WIDTH="20" VPOS="2096" HPOS="1280"/>
							<String ID="string_281" HPOS="1300" VPOS="2097" WIDTH="116" HEIGHT="37" WC="0.96" CONTENT="tillsyn"/><SP WIDTH="20" VPOS="2097" HPOS="1416"/>
							<String ID="string_282" HPOS="1436" VPOS="2108" WIDTH="74" HEIGHT="21" WC="0.96" CONTENT="som"/><SP WIDTH="19" VPOS="2108" HPOS="1510"/>
							<String ID="string_283" HPOS="1529" VPOS="2100" WIDTH="175" HEIGHT="32" WC="0.95" CONTENT="erfordras"/><SP WIDTH="22" VPOS="2100" HPOS="1704"/>
							<String ID="string_284" HPOS="1726" VPOS="2102" WIDTH="55" HEIGHT="31" WC="0.96" CONTENT="för"/>
						</TextLine>
						<TextLine ID="line_34" HPOS="276" VPOS="2136" WIDTH="1504" HEIGHT="53">
							<String ID="string_285" HPOS="276" VPOS="2136" WIDTH="87" HEIGHT="31" WC="0.96" CONTENT="hans"/><SP WIDTH="26" VPOS="2136" HPOS="363"/>
							<String ID="string_286" HPOS="389" VPOS="2137" WIDTH="134" HEIGHT="32" WC="0.96" CONTENT="fostran"/><SP WIDTH="25" VPOS="2137" HPOS="523"/>
							<String ID="string_287" HPOS="548" VPOS="2139" WIDTH="51" HEIGHT="31" WC="0.92" CONTENT="till"/><SP WIDTH="24" VPOS="2139" HPOS="599"/>
							<String ID="string_288" HPOS="623" VPOS="2140" WIDTH="189" HEIGHT="37" WC="0.91" CONTENT="laglydnad"/><SP WIDTH="26" VPOS="2140" HPOS="812"/>
							<String ID="string_289" HPOS="838" VPOS="2143" WIDTH="65" HEIGHT="30" WC="0.93" CONTENT="och"/><SP WIDTH="26" VPOS="2143" HPOS="903"/>
							<String ID="string_290" HPOS="929" VPOS="2143" WIDTH="224" HEIGHT="33" WC="0.92" CONTENT="skötsamhet."/><SP WIDTH="49" VPOS="2143" HPOS="1153"/>
							<String ID="string_291" HPOS="1202" VPOS="2144" WIDTH="80" HEIGHT="33" WC="0.96" CONTENT="Han"/><SP WIDTH="25" VPOS="2144" HPOS="1282"/>
							<String ID="string_292" HPOS="1307" VPOS="2148" WIDTH="87" HEIGHT="30" WC="0.95" CONTENT="skall"/><SP WIDTH="21" VPOS="2148" HPOS="1394"/>
							<String ID="string_293" HPOS="1415" VPOS="2148" WIDTH="136" HEIGHT="38" WC="0.96" CONTENT="åtnjuta"/><SP WIDTH="26" VPOS="2148" HPOS="1551"/>
							<String ID="string_294" HPOS="1577" VPOS="2151" WIDTH="203" HEIGHT="38" WC="0.96" CONTENT="erforderlig"/>
						</TextLine>
						<TextLine ID="line_35" HPOS="275" VPOS="2187" WIDTH="1504" HEIGHT="50">
							<String ID="string_295" HPOS="275" VPOS="2187" WIDTH="246" HEIGHT="39" WC="0.96" CONTENT="undervisning"/><SP WIDTH="20" VPOS="2187" HPOS="521"/>
							<String ID="string_296" HPOS="541" VPOS="2191" WIDTH="65" HEIGHT="29" WC="0.96" CONTENT="och"/><SP WIDTH="21" VPOS="2191" HPOS="606"/>
							<String ID="string_297" HPOS="627" VPOS="2191" WIDTH="152" HEIGHT="31" WC="0.96" CONTENT="utbildas"/><SP WIDTH="20" VPOS="2191" HPOS="779"/>
							<String ID="string_298" HPOS="799" VPOS="2192" WIDTH="10" HEIGHT="30" WC="0.96" CONTENT="i"/><SP WIDTH="20" VPOS="2192" HPOS="809"/>
							<String ID="string_299" HPOS="829" VPOS="2192" WIDTH="182" HEIGHT="38" WC="0.96" CONTENT="jordbruk,"/><SP WIDTH="22" VPOS="2192" HPOS="1011"/>
							<String ID="string_300" HPOS="1033" VPOS="2195" WIDTH="180" HEIGHT="37" WC="0.96" CONTENT="hantverk,"/><SP WIDTH="22" VPOS="2195" HPOS="1213"/>
							<String ID="string_301" HPOS="1235" VPOS="2197" WIDTH="207" HEIGHT="33" WC="0.96" CONTENT="industriellt"/><SP WIDTH="21" VPOS="2197" HPOS="1442"/>
							<String ID="string_302" HPOS="1463" VPOS="2200" WIDTH="84" HEIGHT="37" WC="0.96" CONTENT="yrke"/><SP WIDTH="20" VPOS="2200" HPOS="1547"/>
							<String ID="string_303" HPOS="1567" VPOS="2202" WIDTH="82" HEIGHT="30" WC="0.96" CONTENT="eller"/><SP WIDTH="23" VPOS="2202" HPOS="1649"/>
							<String ID="string_304" HPOS="1672" VPOS="2207" WIDTH="107" HEIGHT="27" WC="0.95" CONTENT="annat"/>
						</TextLine>
						<TextLine ID="line_36" HPOS="275" VPOS="2238" WIDTH="1503" HEIGHT="46">
							<String ID="string_305" HPOS="275" VPOS="2238" WIDTH="115" HEIGHT="31" WC="0.95" CONTENT="arbete"/><SP WIDTH="21" VPOS="2238" HPOS="390"/>
							<String ID="string_306" HPOS="411" VPOS="2248" WIDTH="74" HEIGHT="22" WC="0.96" CONTENT="som"/><SP WIDTH="17" VPOS="2248" HPOS="485"/>
							<String ID="string_307" HPOS="502" VPOS="2241" WIDTH="79" HEIGHT="30" WC="0.96" CONTENT="med"/><SP WIDTH="19" VPOS="2241" HPOS="581"/>
							<String ID="string_308" HPOS="600" VPOS="2241" WIDTH="138" HEIGHT="37" WC="0.96" CONTENT="hänsyn"/><SP WIDTH="21" VPOS="2241" HPOS="738"/>
							<String ID="string_309" HPOS="759" VPOS="2243" WIDTH="51" HEIGHT="29" WC="0.95" CONTENT="till"/><SP WIDTH="21" VPOS="2243" HPOS="810"/>
							<String ID="string_310" HPOS="831" VPOS="2244" WIDTH="101" HEIGHT="36" WC="0.96" CONTENT="anlag"/><SP WIDTH="22" VPOS="2244" HPOS="932"/>
							<String ID="string_311" HPOS="954" VPOS="2245" WIDTH="66" HEIGHT="30" WC="0.96" CONTENT="och"/><SP WIDTH="20" VPOS="2245" HPOS="1020"/>
							<String ID="string_312" HPOS="1040" VPOS="2245" WIDTH="158" HEIGHT="38" WC="0.96" CONTENT="förmåga"/><SP WIDTH="22" VPOS="2245" HPOS="1198"/>
							<String ID="string_313" HPOS="1220" VPOS="2247" WIDTH="113" HEIGHT="32" WC="0.96" CONTENT="finnes"/><SP WIDTH="21" VPOS="2247" HPOS="1333"/>
							<String ID="string_314" HPOS="1354" VPOS="2248" WIDTH="56" HEIGHT="32" WC="0.96" CONTENT="för"/><SP WIDTH="21" VPOS="2248" HPOS="1410"/>
							<String ID="string_315" HPOS="1431" VPOS="2250" WIDTH="88" HEIGHT="31" WC="0.96" CONTENT="hans"/><SP WIDTH="21" VPOS="2250" HPOS="1519"/>
							<String ID="string_316" HPOS="1540" VPOS="2251" WIDTH="167" HEIGHT="33" WC="0.93" CONTENT="framtida"/><SP WIDTH="19" VPOS="2251" HPOS="1707"/>
							<String ID="string_317" HPOS="1726" VPOS="2257" WIDTH="52" HEIGHT="27" WC="0.92" CONTENT="ut-"/>
						</TextLine>
						<TextLine ID="line_37" HPOS="274" VPOS="2289" WIDTH="299" HEIGHT="38">
							<String ID="string_318" HPOS="274" VPOS="2289" WIDTH="114" HEIGHT="31" WC="0.96" CONTENT="komst"/><SP WIDTH="18" VPOS="2289" HPOS="388"/>
							<String ID="string_319" HPOS="406" VPOS="2290" WIDTH="167" HEIGHT="37" WC="0.96" CONTENT="lämpligt."/>
						</TextLine>
					</TextBlock>
					<TextBlock ID="block_15" HPOS="983" VPOS="2345" WIDTH="74" HEIGHT="38">
						<TextLine ID="line_38" HPOS="983" VPOS="2345" WIDTH="74" HEIGHT="38">
							<String ID="string_320" HPOS="983" VPOS="2345" WIDTH="74" HEIGHT="38" WC="0.67" CONTENT="88."/>
						</TextLine>
					</TextBlock>
					<TextBlock ID="block_16" HPOS="316" VPOS="2405" WIDTH="1460" HEIGHT="51">
						<TextLine ID="line_39" HPOS="316" VPOS="2405" WIDTH="1460" HEIGHT="51">
							<String ID="string_321" HPOS="316" VPOS="2405" WIDTH="70" HEIGHT="32" WC="0.96" CONTENT="Där"/><SP WIDTH="20" VPOS="2405" HPOS="386"/>
							<String ID="string_322" HPOS="406" VPOS="2406" WIDTH="124" HEIGHT="32" WC="0.96" CONTENT="sådant"/><SP WIDTH="20" VPOS="2406" HPOS="530"/>
							<String ID="string_323" HPOS="550" VPOS="2410" WIDTH="125" HEIGHT="34" WC="0.96" CONTENT="prövas"/><SP WIDTH="21" VPOS="2410" HPOS="675"/>
							<String ID="string_324" HPOS="696" VPOS="2410" WIDTH="56" HEIGHT="31" WC="0.96" CONTENT="för"/><SP WIDTH="19" VPOS="2410" HPOS="752"/>
							<String ID="string_325" HPOS="771" VPOS="2411" WIDTH="73" HEIGHT="30" WC="0.93" CONTENT="elev"/><SP WIDTH="19" VPOS="2411" HPOS="844"/>
							<String ID="string_326" HPOS="863" VPOS="2413" WIDTH="170" HEIGHT="36" WC="0.91" CONTENT="gagneligt"/><SP WIDTH="21" VPOS="2413" HPOS="1033"/>
							<String ID="string_327" HPOS="1054" VPOS="2414" WIDTH="65" HEIGHT="30" WC="0.96" CONTENT="och"/><SP WIDTH="21" VPOS="2414" HPOS="1119"/>
							<String ID="string_328" HPOS="1140" VPOS="2414" WIDTH="114" HEIGHT="32" WC="0.96" CONTENT="finnes"/><SP WIDTH="22" VPOS="2414" HPOS="1254"/>
							<String ID="string_329" HPOS="1276" VPOS="2417" WIDTH="185" HEIGHT="37" WC="0.96" CONTENT="lämpligen"/><SP WIDTH="23" VPOS="2417" HPOS="1461"/>
							<String ID="string_330" HPOS="1484" VPOS="2419" WIDTH="120" HEIGHT="32" WC="0.96" CONTENT="kunna"/><SP WIDTH="22" VPOS="2419" HPOS="1604"/>
							<String ID="string_331" HPOS="1626" VPOS="2421" WIDTH="70" HEIGHT="35" WC="0.96" CONTENT="ske,"/><SP WIDTH="22" VPOS="2421" HPOS="1696"/>
							<String ID="string_332" HPOS="1718" VPOS="2421" WIDTH="58" HEIGHT="32" WC="0.96" CONTENT="må"/>
						</TextLine>
					</TextBlock>
					<TextBlock ID="block_17" HPOS="272" VPOS="2458" WIDTH="1372" HEIGHT="46">
						<TextLine ID="line_40" HPOS="272" VPOS="2458" WIDTH="1372" HEIGHT="46">
							<String ID="string_333" HPOS="272" VPOS="2458" WIDTH="165" HEIGHT="36" WC="0.96" CONTENT="styrelsen"/><SP WIDTH="18" VPOS="2458" HPOS="437"/>
							<String ID="string_334" HPOS="455" VPOS="2459" WIDTH="200" HEIGHT="32" WC="0.96" CONTENT="överlämna"/><SP WIDTH="21" VPOS="2459" HPOS="655"/>
							<String ID="string_335" HPOS="676" VPOS="2461" WIDTH="130" HEIGHT="31" WC="0.96" CONTENT="honom"/><SP WIDTH="20" VPOS="2461" HPOS="806"/>
							<String ID="string_336" HPOS="826" VPOS="2462" WIDTH="51" HEIGHT="31" WC="0.94" CONTENT="till"/><SP WIDTH="19" VPOS="2462" HPOS="877"/>
							<String ID="string_337" HPOS="896" VPOS="2462" WIDTH="135" HEIGHT="32" WC="0.96" CONTENT="fostran"/><SP WIDTH="16" VPOS="2462" HPOS="1031"/>
							<String ID="string_338" HPOS="1047" VPOS="2465" WIDTH="65" HEIGHT="30" WC="0.96" CONTENT="och"/><SP WIDTH="19" VPOS="2465" HPOS="1112"/>
							<String ID="string_339" HPOS="1131" VPOS="2466" WIDTH="196" HEIGHT="38" WC="0.96" CONTENT="utbildning"/><SP WIDTH="20" VPOS="2466" HPOS="1327"/>
							<String ID="string_340" HPOS="1347" VPOS="2470" WIDTH="96" HEIGHT="28" WC="0.96" CONTENT="utom"/><SP WIDTH="21" VPOS="2470" HPOS="1443"/>
							<String ID="string_341" HPOS="1464" VPOS="2471" WIDTH="180" HEIGHT="31" WC="0.96" CONTENT="anstalten."/>
						</TextLine>
					</TextBlock>
				</ComposedBlock>
			</PrintSpace>
		</Page>
	</Layout>
</alto>
