1898 2828
123 2389 128 24 Utskottet.

282 134 18 29 8
672 134 381 31 Jordbruksutskottets
1079 133 175 30 utlåtande
1279 133 49 30 Nr
1350 135 47 28 73.

331 221 98 30 Inom
453 221 57 29 det
535 219 244 31 förstnämnda
804 220 105 34 slaget
934 228 42 20 av
1003 218 236 35 besättningar
1264 218 117 29 kunde
1406 217 295 35 modersuggorna
1725 216 66 29 till-

286 265 86 29 höra
391 263 165 36 antingen
575 272 41 20 en
636 272 42 20 av
700 263 42 28 de
763 261 202 30 nuvarande
987 270 142 21 raserna
1149 261 81 29 eller
1248 277 45 3 —
1313 260 106 29 vilket
1438 268 82 21 vore
1539 258 252 37 jämförelsevis

287 306 129 36 vanligt
438 323 45 3 —
504 306 121 35 utgöra
648 304 378 35 korsningsprodukter
1050 303 128 29 mellan
1202 302 101 35 båda,
1327 302 11 29 i
1360 302 106 29 vilket
1489 301 217 30 sistnämnda
1730 300 62 30 fall

286 347 286 37 härstamningen
592 356 80 21 vore
693 346 38 31 så
752 350 71 32 gott
843 356 74 20 som
937 346 127 29 okänd.
1086 345 49 30 På
1154 345 111 36 grund
1286 354 42 20 av
1348 344 55 30 för
1425 344 196 30 svinavelns
1640 343 151 29 befräm-

286 391 104 36 jande
411 390 160 37 gällande
593 389 260 30 bestämmelser
876 389 176 30 användes
1076 388 157 29 däremot
1254 396 95 21 mera
1370 387 146 30 allmänt
1536 386 110 35 galtar
1668 395 42 20 av
1731 394 60 21 ren

287 443 64 21 TAS.

332 475 52 31 Då
405 475 76 31 avel
501 475 80 30 med
602 484 60 20 ren
685 483 56 21 ras
764 474 75 30 icke
861 483 81 20 vore
963 473 146 30 allmänt
1130 471 289 31 förekommande
1439 471 97 29 inom
1557 470 234 30 bruksbesätt-

283 517 132 37 ningar,
434 517 97 30 torde
549 519 46 28 ett
613 519 84 27 stort
716 516 94 29 antal
828 515 94 30 inom
941 513 132 31 sådana
1092 513 234 36 besättningar
1345 512 107 31 födda
1472 512 109 36 grisar
1599 512 123 35 utgöra
1741 520 49 21 re-

284 560 103 30 sultat
409 559 165 36 antingen
595 568 42 20 av
658 557 167 36 korsning
846 557 128 30 mellan
997 557 42 29 de
1061 555 89 31 båda
1173 555 93 30 olika
1288 564 141 21 raserna
1451 555 82 30 eller
1556 563 42 21 av
1621 553 170 31 återkors-

283 602 82 36 ning
381 601 129 30 mellan
527 600 152 36 renrasig
695 600 69 36 galt
781 600 65 29 och
863 607 105 28 sugga
986 608 42 20 av
1044 598 174 30 blandras.
1245 597 64 30 Vid
1327 596 213 37 produktion
1557 597 95 29 inom
1669 596 122 30 bruks-

284 643 235 36 besättningar
539 643 96 30 torde
655 641 166 36 korsning
842 642 174 35 knappast
1036 641 119 29 kunna
1176 649 99 21 anses
1296 639 159 30 medföra
1476 640 108 29 större
1605 638 187 31 nackdelar

288 691 82 26 utan
392 689 116 34 syntes
532 695 140 21 snarare
695 686 114 35 ägnad
833 688 48 26 att
902 684 153 37 utnyttja
1077 684 41 29 de
1139 683 110 30 första
1270 682 489 36 korsningsgenerationernas
1782 681 11 28 i

285 729 189 30 allmänhet
500 728 89 36 goda
615 727 142 30 vitalitet
784 727 65 29 och
875 727 122 35 utgöra
1023 735 42 21 en
1092 724 300 37 säkerhetsåtgärd
1419 727 73 27 mot
1517 723 115 30 risken
1661 723 55 30 för
1742 722 49 31 in-

284 772 83 29 avel.

331 813 228 30 Beträffande
576 813 56 30 det
649 812 169 36 egentliga
834 811 236 35 avelsarbetet,
1088 811 56 29 det
1161 810 79 30 ville
1259 810 81 36 säga
1358 808 264 37 uppfödningen
1643 817 41 21 av
1702 807 91 38 djur,

287 866 75 20 som
383 857 119 29 kunde
523 856 92 30 bliva
636 855 148 30 föremål
804 855 55 29 för
879 854 306 35 stamboksföring,
1207 854 91 29 hade
1320 852 144 35 anförts,
1487 854 49 28 att
1556 861 42 20 en
1619 860 174 21 samman-

285 899 156 36 slagning
466 898 112 30 skulle
602 898 89 29 häva
716 896 130 31 striden
869 905 58 21 om
952 896 68 30 den
1044 895 10 30 i
1080 894 159 31 exteriört
1265 894 167 30 avseende
1457 892 225 37 påtagligaste
1707 892 85 30 olik-

285 942 101 29 heten
408 941 131 29 mellan
561 940 41 29 de
624 938 91 31 båda
737 948 49 20 nu
808 938 160 30 använda
991 946 151 27 raserna,
1166 936 175 36 nämligen
1364 936 235 35 öronformen,
1624 938 89 27 samt
1737 935 55 29 be-

285 984 80 29 reda
386 983 93 30 ökad
497 981 179 38 möjlighet
695 980 51 31 till
765 980 241 30 kombination
1025 980 128 30 mellan
1172 980 42 29 de
1233 979 92 30 olika
1345 982 214 27 stammarna
1579 987 42 20 av
1641 978 42 29 de
1702 976 91 31 båda

286 1035 152 21 raserna.
457 1025 256 30 Förstnämnda
728 1024 256 35 omständighet
1000 1026 115 33 syntes
1133 1021 353 36 lantbruksstyrelsen
1501 1021 76 29 icke
1591 1021 123 34 utgöra
1728 1020 65 29 till-

285 1067 144 36 räckligt
449 1067 76 30 skäl
545 1067 54 30 för
618 1066 220 36 tillgripande
856 1074 41 21 av
918 1074 42 20 en
980 1064 122 36 åtgärd
1122 1073 40 21 av
1183 1064 55 30 för
1257 1064 77 29 hela
1355 1063 133 30 landets
1510 1062 151 30 svinavel
1682 1061 37 31 så
1739 1070 54 28 ge-

285 1109 252 37 nomgripande
560 1112 101 27 natur
684 1117 75 21 som
782 1117 41 21 en
847 1106 319 36 sammanslagning
1188 1106 128 30 mellan
1339 1106 41 30 de
1403 1105 108 36 bägge
1534 1113 149 21 raserna.

329 1152 53 29 En
400 1150 319 37 sammanslagning
737 1150 111 30 skulle
865 1149 141 36 givetvis
1025 1149 50 30 till
1093 1158 42 20 en
1153 1148 125 37 början
1296 1149 119 28 kunna
1435 1148 66 29 öka
1521 1146 272 30 kombinations-

286 1193 265 37 möjligheterna
572 1193 94 30 inom
687 1193 109 29 aveln.
837 1191 64 30 Vid
922 1191 140 36 frågans
1084 1191 216 29 bedömande
1322 1190 96 30 torde
1439 1190 90 29 dock
1551 1189 136 35 hänsyn
1709 1189 84 29 böra

285 1240 95 32 tagas
398 1236 131 36 jämväl
548 1235 50 30 till
616 1234 192 30 utsikterna
826 1234 55 29 för
898 1234 99 29 dessa
1016 1232 233 37 möjligheters
1268 1232 195 30 bevarande
1482 1232 10 29 i
1512 1231 195 30 framtiden.
1746 1229 48 31 På

286 1279 111 35 grund
419 1287 41 21 av
482 1278 42 29 de
544 1278 124 29 exakta
689 1275 175 37 uppgifter
885 1276 54 29 för
960 1276 229 29 avkommans
1212 1275 226 34 bedömande,
1462 1283 75 21 som
1559 1281 122 28 genom
1704 1272 89 31 svin-

289 1321 289 30 stamkontrollen
600 1329 146 20 numera
771 1319 97 30 stode
889 1318 394 37 avelsdjursuppfödare
1303 1318 51 29 till
1377 1317 99 36 buds,
1500 1317 97 29 torde
1622 1316 174 35 nämligen

290 1363 166 37 föreligga
476 1363 72 30 risk
570 1365 48 28 att
638 1362 100 30 aveln
758 1362 125 29 snabbt
902 1361 111 30 skulle
1034 1361 142 29 komma
1198 1363 49 27 att
1267 1361 246 28 koncentreras
1533 1358 45 36 på
1597 1359 91 29 vissa
1708 1358 87 30 indi-

290 1406 95 30 vider
411 1406 83 30 eller
520 1406 136 29 släkter.
706 1404 115 36 Enligt
844 1403 371 35 lantbruksstyrelsens
1240 1402 140 35 mening
1406 1402 98 29 torde
1529 1400 133 36 följden
1687 1401 109 29 härav

289 1449 103 35 bliva,
414 1451 49 28 att
483 1447 303 36 svinuppfödarna
806 1447 140 29 komme
968 1449 49 27 att
1037 1446 117 29 ställas
1175 1444 93 30 inför
1288 1444 133 37 frågan,
1442 1443 157 31 varifrån
1618 1446 76 34 nytt
1715 1443 82 29 blod

291 1492 111 29 skulle
420 1492 139 29 hämtas
579 1491 55 29 för
655 1493 49 27 att
723 1489 156 30 undvika
898 1488 229 30 ekonomiska
1147 1487 318 35 skadeverkningar
1485 1496 42 20 av
1548 1486 123 30 inavel.

335 1534 48 30 På
403 1534 150 30 anförda
575 1533 150 36 grunder
746 1531 126 36 ansåge
891 1530 353 36 lantbruksstyrelsen
1264 1529 49 36 sig
1335 1529 75 30 icke
1432 1529 121 29 kunna
1572 1531 85 27 utan
1678 1528 118 30 vidare

291 1576 142 30 förorda
451 1576 101 30 bifall
573 1576 51 29 till
643 1575 276 29 motionärernas
939 1573 140 35 förslag,
1100 1573 87 29 helst
1208 1582 74 20 som
1303 1572 166 36 styrelsen
1491 1571 126 36 ansåge
1636 1571 57 29 det
1713 1580 84 21 vara

291 1628 40 21 en
355 1619 112 30 fördel
488 1621 50 27 att
558 1621 123 27 tvenne
701 1627 42 19 ur
763 1616 290 36 brukssynpunkt
1076 1615 193 35 likvärdiga
1290 1624 93 20 raser
1404 1614 127 30 funnes
1553 1614 94 29 inom
1668 1614 127 29 landet.

337 1661 90 31 Från
447 1661 88 30 flera
554 1660 70 30 håll
645 1660 89 30 hade
755 1659 189 30 emellertid
965 1659 10 29 i
995 1658 141 29 ärendet
1157 1657 181 30 framförts
1353 1657 131 35 förslag
1504 1666 57 20 om
1582 1656 71 30 dels
1673 1665 43 21 en
1737 1657 59 29 all-

288 1704 96 35 sidig,
405 1702 45 37 på
471 1702 261 36 korsningsavel
754 1701 158 36 grundad
933 1698 270 37 undersökning,
1226 1708 57 20 om
1305 1698 104 30 vilket
1433 1697 361 37 avelsdjursmaterial,

288 1755 74 21 som
381 1754 125 28 genom
526 1754 42 21 en
587 1742 318 37 sammanslagning
925 1751 42 21 av
986 1751 140 20 raserna
1147 1750 79 21 vore
1246 1744 48 27 att
1314 1741 170 34 förvänta,
1506 1741 71 29 dels
1597 1741 64 29 ock
1681 1740 114 29 utred-

288 1788 82 36 ning
390 1797 68 26 om,
480 1787 46 36 på
547 1787 66 30 vad
634 1787 66 29 sätt
721 1785 165 36 korsning
907 1784 129 30 mellan
1057 1784 42 29 de
1120 1783 201 30 nuvarande
1343 1791 141 22 raserna
1505 1783 106 29 borde
1633 1783 161 35 planeras

288 1831 54 29 för
363 1828 484 38 bruksdjursproduktionens
871 1826 280 30 vidkommande.

337 1873 180 30 Gentemot
534 1882 42 20 en
592 1871 45 36 på
650 1871 125 30 sådant
792 1872 66 28 sätt
876 1870 79 36 lagd
972 1869 184 35 utredning
1173 1869 90 29 hade
1280 1868 352 36 lantbruksstyrelsen
1645 1867 85 30 intet
1748 1869 49 28 att

288 1915 122 31 erinra.
443 1915 64 29 Det
523 1914 97 30 torde
637 1912 189 31 emellertid
843 1912 84 29 böra
945 1910 215 35 framhållas,
1179 1913 48 27 att
1244 1920 42 20 en
1302 1909 194 36 utredning,
1516 1909 115 30 vilken
1647 1927 44 2 —
1709 1910 87 29 även

292 1967 57 20 om
368 1958 66 29 den
455 1966 81 21 vore
557 1966 42 21 av
619 1955 258 37 experimentell
896 1958 53 27 art
966 1972 45 3 —
1031 1963 42 21 av
1088 1954 173 35 naturliga
1281 1954 85 34 skäl,
1387 1952 45 31 då
1451 1954 67 28 den
1539 1953 121 29 endast
1679 1952 118 29 kunde

292 2000 138 36 förfoga
464 2000 82 29 över
580 2009 41 20 en
655 1998 137 30 mindre
815 1998 54 29 del
892 2007 42 20 av
960 1997 10 29 i
996 1996 117 30 landet
1136 1995 172 36 befintligt
1333 1995 263 35 avelsmaterial,
1622 1995 176 35 knappast

292 2043 116 29 kunde
425 2043 144 29 komma
588 2045 48 26 att
656 2042 119 28 lämna
794 2050 78 20 svar
889 2039 46 36 på
954 2040 67 29 den
1039 2039 55 29 för
1113 2048 41 20 en
1173 2037 319 36 sammanslagning
1511 2037 196 36 avgörande
1727 2036 69 31 frå-

292 2093 76 28 gan,
390 2094 57 21 om
466 2086 66 28 och
550 2085 11 29 i
580 2085 65 29 vad
664 2083 84 30 mån
766 2092 47 20 nu
832 2082 181 35 befintliga
1032 2080 186 36 blodlinjer
1237 2081 94 29 inom
1350 2081 41 29 de
1413 2080 93 30 olika
1527 2089 140 21 raserna
1686 2080 111 29 skulle

292 2129 120 29 kunna
432 2128 146 29 bevaras
601 2127 10 29 i
634 2136 43 20 en
700 2136 46 26 ny
768 2135 65 20 ras.
875 2125 122 29 Likväl
1019 2127 115 32 syntes
1157 2123 54 29 för
1233 2122 140 36 frågans
1395 2122 162 30 fortsatta
1580 2122 217 30 bedömande

291 2170 303 36 undersökningar
615 2179 41 20 av
677 2169 206 35 nyssnämnt
904 2168 72 35 slag
998 2167 86 29 böra
1107 2167 142 28 komma
1270 2166 50 29 till
1342 2164 110 31 stånd.

337 2212 367 35 Lantbruksstyrelsen
727 2211 108 29 funne
856 2210 120 30 därför
999 2209 75 30 skäl
1098 2209 69 29 tala
1191 2208 55 29 för
1269 2211 48 27 att
1339 2210 110 27 staten
1473 2207 139 30 iklädde
1634 2207 49 36 sig
1704 2208 92 29 kost-

292 2256 113 30 naden
429 2255 56 29 för
506 2254 146 30 sålunda
674 2263 42 20 av
739 2253 165 36 styrelsen
927 2251 167 30 förordad
1112 2250 193 36 utredning,
1329 2259 78 20 vars
1431 2249 246 37 planläggning
1702 2250 95 29 torde

292 2299 84 29 böra
397 2297 175 30 anförtros
593 2295 34 31 åt
648 2296 166 36 styrelsen
836 2295 64 29 och
922 2293 168 30 institutet
1112 2292 53 30 för
1187 2291 351 37 husdjursförädling.

339 2383 12 28 I
376 2383 41 29 de
442 2383 81 28 över
549 2381 175 29 motionen
751 2378 259 30 införskaffade
1034 2377 208 36 yttrandena
1266 2377 45 29 ha
1336 2375 279 30 beaktansvärda
1639 2375 75 30 skäl
1740 2385 56 20 an-

295 2433 86 30 förts
408 2432 96 31 såväl
528 2432 55 29 för
608 2441 74 20 som
710 2433 91 26 emot
828 2439 40 19 en
894 2427 320 36 sammanslagning
1240 2436 41 20 av
1307 2427 41 29 de
1372 2426 92 30 båda
1488 2435 47 20 nu
1562 2425 10 29 i
1597 2425 87 30 riket
1710 2425 88 30 före-
