2214 2620
377 189 20 29 +
574 188 118 32 Första
715 190 203 31 kammarens
942 191 140 30 andra
1107 190 168 43 tillfälliga
1299 193 135 31 utskotts
1457 193 167 31 utlåtande
1649 194 52 31 Nr
1726 197 48 28 15.

1860 343 114 41 Bilaga.

879 400 158 33 Yttrande
1061 411 39 22 av
1125 401 349 42 Lamtbruksstyrelsen.

1006 586 80 34 Till
1110 586 237 41 Konungen.

480 684 114 33 Sedan
618 684 199 42 riksdagens
842 685 109 33 andra
967 685 176 32 kammare
1160 685 78 32 med
1255 683 97 34 bifall
1367 683 53 34 till
1437 684 58 33 sitt
1515 684 108 33 andra
1639 682 172 43 tillfälliga
1825 683 149 34 utskotts

373 729 51 33 uti
449 729 178 33 utlåtande
655 739 41 22 nr
720 730 19 31 3
764 730 123 41 gjorda
910 730 204 32 hemstallan
1139 731 53 31 för
1216 731 51 31 sin
1292 729 55 32 del
1373 729 147 41 beslutit,
1546 735 49 27 att
1618 729 183 41 riksdagen
1828 730 111 31 skulle
1963 729 10 31 i

374 774 162 33 skrivelse
560 773 51 33 till
635 773 105 33 Eders
767 775 127 41 Kungl.
921 775 95 42 Maj:t
1041 774 147 38 anbålla,
1215 775 55 32 det
1294 774 107 32 Eders
1427 774 126 42 Kungl.
1573 774 97 42 Maj:t
1686 778 137 33 täcktes,
1842 778 45 37 på
1904 776 68 30 sätt

374 829 74 22 som
475 819 164 32 befunnes
664 819 166 42 lämpligt,
856 821 70 30 lata
951 820 181 31 verkställa
1157 820 183 40 utredning
1365 829 57 22 om
1448 819 62 32 och
1535 819 10 32 i
1571 821 67 30 vad
1665 820 79 30 mån
1768 822 106 28 större
1892 818 80 32 eller

374 863 134 32 mindre
544 862 94 33 delar
674 874 42 22 av
751 864 134 32 landets
921 863 119 33 odlade
1068 864 77 42 jord
1171 865 75 40 läge
1270 866 11 30 i
1306 864 164 31 vauhävd
1494 863 79 33 eller
1597 864 96 41 eljest
1717 873 80 22 vore
1821 862 151 33 obesädd

373 915 99 32 samt,
510 909 86 31 efter
631 907 57 33 det
717 908 92 41 dylik
835 908 187 42 utredning
1046 913 56 36 ägt
1125 919 87 28 rum,
1238 909 140 40 vidtaga
1403 910 43 30 de
1471 908 165 42 åtgärder,
1662 918 73 22 som
1759 907 212 32 erfordrades

372 953 54 32 för
461 957 50 27 att
546 957 123 27 största
704 953 142 41 möjliga
880 953 170 42 jordareal
1086 957 105 28 mätte
1218 953 90 33 bliva
1335 954 127 31 besådd
1487 953 77 32 med
1590 952 146 33 brödsäd
1760 952 79 32 eller
1864 953 108 31 audra

374 998 195 41 produkter,
595 1007 73 22 som
692 997 114 32 kunde
831 998 97 42 tjäna
952 1004 47 26 att
1024 998 64 32 öka
1113 998 188 41 tillgången
1325 1004 44 36 på
1386 997 186 39 livsmedel,
1592 997 89 39 eller,
1700 1007 55 22 om
1771 997 200 41 riksdagens

374 1041 211 33 medverkan
614 1042 112 31 därtill
750 1042 109 32 skulle
883 1043 75 32 visa
981 1043 51 41 sig
1056 1042 207 41 nödvändig,
1289 1043 107 31 redan
1421 1042 51 33 till
1496 1044 113 30 denna
1632 1042 139 40 riksdag
1794 1043 178 31 inkomma

374 1087 79 32 med
478 1088 41 30 de
542 1087 137 41 förslag,
705 1089 112 29 vartull
841 1087 229 41 utredningen
1093 1088 116 31 kunde
1232 1087 187 39 föranleda,

479 1132 64 30 har
580 1131 104 31 Eders
721 1131 128 42 Kungl.
889 1132 96 42 Maj:t
1019 1142 126 31 genom
1169 1132 104 41 nädig
1296 1133 121 31 remiss
1443 1132 65 32 den
1534 1132 18 31 6
1578 1141 90 22 mars
1696 1131 81 32 1917
1804 1130 168 33 anbefallt

373 1175 345 42 lantbruksstyrelsen
755 1182 50 26 att
829 1177 126 40 avgiva
979 1177 231 41 underdäpigt
1234 1177 178 32 utlåtande
1436 1177 11 31 i
1473 1176 185 41 anledning
1683 1186 42 22 av
1750 1176 108 31 andra
1882 1176 90 31 kam-

375 1230 135 23 marens
546 1220 227 32 omförmälda
810 1222 125 38 beslut;
961 1224 62 29 och
1048 1223 54 30 fär
1126 1221 50 32 till
1201 1222 164 41 åtlydnad
1390 1223 106 31 härav
1521 1222 174 41 styrelsen,
1721 1222 76 31 med
1823 1221 148 32 äterstäl-

373 1264 101 33 lande
500 1275 42 22 av
567 1266 234 38 remissakten,
827 1266 10 31 i
862 1266 276 41 underdånighet
1163 1270 119 28 anföra
1306 1266 165 42 följande.

481 1309 75 32 Den
597 1310 39 31 15
662 1320 89 22 mars
786 1310 83 32 1917
893 1320 110 32 avgav
1016 1310 344 42 lantbruksstyrelsen
1375 1310 166 33 infordrat
1553 1309 230 43 underdånigt
1795 1309 178 34 utlåtande

374 1358 80 29 över
489 1365 43 21 en
568 1363 43 23 av
647 1354 225 42 disponenten
908 1344 92 43 Årad
1026 1356 96 31 S:son
1147 1355 130 39 Nobell,
1303 1357 231 31 sekreteraren
1557 1355 36 33 P.
1620 1354 32 33 8.
1679 1354 165 33 Hedlund
1869 1366 45 21 m.
1939 1356 32 31 fl.

374 1400 51 31 till
461 1398 107 32 Eders
602 1398 127 42 Kungl.
755 1399 98 42 Muj:t
877 1400 99 32 ställd
1001 1400 107 38 skrift,
1135 1400 177 41 angående
1337 1404 157 36 atgärder
1520 1400 103 32 bland
1648 1407 104 25 annat
1775 1400 11 31 i
1811 1403 90 38 syfte
1925 1404 48 29 att

374 1445 227 40 tillgodogöra
637 1444 204 32 vanhävdad
877 1445 86 41 Jord.
1012 1443 203 33 Sökandena
1250 1445 87 31 hade
1371 1445 183 40 föreslagit,
1581 1449 50 27 att
1656 1446 64 30 den
1746 1445 227 32 vanhävdade

374 1489 122 41 jorden
524 1487 109 33 skulle
658 1487 215 34 överlämnas
897 1489 51 31 till
972 1492 195 29 närboende
1191 1489 225 42 jordbrukare
1441 1496 49 25 att
1514 1489 177 32 användas
1714 1488 52 32 till
1790 1489 117 41 odling
1931 1500 42 21 av

374 1534 108 37 foder,
509 1542 196 31 varigenom
731 1540 44 35 på
800 1533 65 32 den
891 1544 88 30 egna
1001 1535 131 40 jorden,
1158 1543 73 22 som
1255 1536 199 29 förutsattes
1479 1543 81 22 vara
1583 1536 11 29 i
1612 1533 110 32 bättre
1738 1533 125 39 kultur,
1880 1534 93 32 bröd-

375 1577 263 40 sädesodlingen
672 1577 115 32 kunde
811 1579 131 37 utökas,
968 1578 64 32 och
1055 1578 202 32 hemställde
1281 1578 346 41 lantbruksstyrelsen
1652 1579 119 31 därvid
1795 1589 56 21 om
1881 1581 92 29 verk-

375 1621 167 33 ställaude
578 1631 43 22 av
657 1622 184 41 utredning
877 1623 210 31 härutinnan
1123 1632 123 31 genom
1279 1622 408 42 hushällningssällskaps
1712 1623 62 32 och
1798 1624 175 32 vanhävd-

375 1666 286 32 kommissionens
686 1668 140 40 försorg.

482 1710 200 33 Sedermera
706 1712 61 30 har
792 1711 107 32 kKders
924 1710 128 43 Kungl.
1089 1710 115 43 Maj:ts
1234 1710 368 43 befallningshavande
1627 1712 11 32 i
1663 1711 152 43 Uppsala
1831 1712 59 32 län
1907 1713 67 32 fäst

373 1755 109 32 Eders
518 1755 128 41 Kungl.
683 1754 113 43 Maj:ts
832 1757 307 42 uppmärksamhet
1174 1759 45 40 på
1254 1762 48 27 ätt
1333 1757 95 31 inom
1453 1755 92 33 länet
1568 1756 74 33 icke
1667 1757 196 42 obetydliga
1886 1758 87 41 jord-

375 1800 127 32 arealer
528 1809 78 23 vore
632 1801 225 31 vanhävdade
882 1800 81 33 eller
985 1801 116 31 kunde
1127 1801 134 32 befaras
1287 1800 93 33 bliva
1405 1801 226 33 vanhävdade
1656 1803 44 40 på
1723 1805 112 37 giund
1861 1812 44 22 av
1930 1813 40 21 en

376 1844 54 32 del
455 1844 299 41 omständigheter,
780 1846 164 31 förenade
968 1847 78 30 med
1071 1845 172 32 kristiden.

483 1888 79 32 Med
598 1889 184 41 anledning
818 1899 43 22 av
898 1891 113 31 denna
1044 1890 252 42 framställning
1320 1889 63 32 har
1407 1889 346 43 lantbruksstyrelsen
1777 1891 51 31 uti
1852 1891 121 32 under-

374 1933 122 46 dånigt
518 1933 176 33 utlåtande
718 1933 113 33 denna
856 1935 75 40 dag,
959 1944 103 23 varav
1087 1936 110 40 styrkt
1220 1936 143 31 avskrift
1388 1935 142 32 härmed
1554 1936 224 38 överlämnas,
1797 1936 176 32 hemställt

374 1982 50 29 att
447 1978 106 32 Eders
578 1977 128 42 Kungl.
732 1978 98 42 Maj:t
854 1981 107 30 måtte
986 1979 172 32 anbefalla
1185 1990 42 21 en
1255 1980 188 40 utredning
1458 1990 123 31 genom
1596 1980 376 41 hushällningssällska-

375 2033 77 32 pen,
477 2023 11 31 i
512 2022 106 33 vilket
643 2022 142 42 omfång
809 2023 164 33 vanhävd
998 2034 42 23 av
1063 2025 77 41 jord
1165 2025 210 32 förekomme
1400 2025 80 32 eller
1504 2025 115 32 kunde
1646 2025 130 32 befaras
1794 2025 176 42 föreligga.

375 2068 66 31 Det
476 2077 81 22 vore
590 2068 174 40 nämligen
799 2069 216 41 nödvändigt
1050 2073 58 34 att,
1146 2069 107 31 innan
1278 2073 108 37 nägra
1410 2070 156 41 åtgärder
1590 2069 182 42 föresloges
1799 2070 81 31 eller
1904 2070 69 33 vid-

375 2115 94 37 toges
494 2115 72 28 mot
590 2112 214 39 vanhävden,
830 2113 128 32 erhålla
983 2124 41 21 en
1049 2114 168 40 ingående
1241 2114 206 38 kännedom,
1473 2115 11 30 i
1508 2115 114 31 vilken
1647 2116 81 30 mån
1746 2115 129 31 sådana
1892 2125 80 22 vore

378 2167 42 22 av
447 2156 145 33 behovet
616 2155 188 45 päkallade.

486 2204 49 32 På
569 2204 111 40 grund
718 2211 42 22 av
791 2201 69 33 vad
896 2201 143 34 sålunda
1075 2203 130 33 anförts
1228 2204 53 31 får
1305 2203 343 43 lantbruksstyrelsen
1673 2206 110 31 såsom
1808 2205 52 32 sin
1886 2206 87 33 åsikt

376 2248 117 40 uttala,
532 2252 59 35 att,
621 2249 79 32 med
725 2247 168 33 avseende
918 2249 20 30 å
963 2247 66 33 vad
1052 2247 51 32 till
1128 2249 173 32 vinnande
1326 2259 43 23 av
1393 2250 263 40 ifrågavarande
1682 2249 159 33 ändamål
1866 2251 106 33 redan
