2220 2634
659 178 362 43 Bevillningsutskottets
1046 178 169 32 Memorial.
1240 177 61 32 N:o
1324 179 52 31 60.
1757 175 42 31 23

240 261 139 47 syskon
419 264 83 33 mot
542 256 229 49 hvarandra,
814 271 128 24 annan
983 258 225 47 skyldeman
1248 260 83 33 mot
1367 257 86 45 den,
1482 256 69 36 hos
1578 255 158 37 hvilken
1763 255 78 36 han

240 313 128 47 njuter
407 313 90 37 kost
530 312 72 36 och
634 311 215 46 underhåll,
878 311 217 36 fosterbarn
1122 313 83 34 mot
1232 308 311 38 fosterföräldrar
1570 308 94 36 eller
1690 307 151 48 tjänare

239 369 82 32 mot
348 364 284 38 husbondefolk
659 365 123 35 under
808 364 75 36 den
910 363 70 46 tid,
1010 363 46 36 de
1085 369 67 30 äro
1180 363 13 35 i
1221 362 181 47 tjänsten.

700 588 4 5 -
721 569 82 42 Kap.
823 567 57 33 VI.
926 558 428 52 Öfvergångsstadganden.

987 682 105 47 518:

368 780 129 37 Skulle
538 780 63 35 vid
642 779 194 47 bryggeri,
879 791 81 24 som
1001 778 102 36 varit
1143 778 13 35 i
1183 780 104 44 gång
1314 776 106 36 inom
1447 775 77 37 tolf
1547 774 183 38 månader
1757 773 81 36 före

238 833 124 35 denna
390 832 245 47 förordnings
662 831 243 46 utfärdande,
935 843 46 23 en
1010 831 93 35 eller
1125 828 93 37 flera
1241 829 43 35 af
1303 828 115 36 ofvan
1441 828 185 48 stadgade
1649 826 190 36 kontroll-

237 884 243 36 föreskrifter
505 884 86 36 icke
618 884 133 35 kunna
778 883 209 47 tillämpas,
1017 882 100 36 skall
1144 884 50 44 på
1218 880 139 48 Kungl.
1378 880 129 47 Maj:ts
1526 879 188 37 särskilda
1733 878 105 48 pröf-

237 937 93 47 ning
370 937 106 45 bero,
509 936 191 36 huruvida
727 936 67 35 det
823 935 164 36 oaktadt
1015 933 253 47 tillverkning
1296 932 43 36 af
1361 932 221 48 maltdryck
1608 931 67 49 vid
1701 930 138 36 sådant

236 989 184 47 bryggeri
447 988 60 36 får
535 994 73 42 äga
635 1000 97 34 rum,
754 991 100 33 samt
873 987 134 36 hvilka
1025 985 360 48 kontrollåtgärder
1408 984 60 36 för
1487 986 136 35 sådant
1643 982 67 37 fall
1729 982 109 36 skola

237 1043 50 45 på
314 1041 274 36 tillverkarens
614 1040 217 37 bekostnad
859 1039 190 48 vidtagas.

985 1164 44 34 59
1059 1161 31 47 8.

365 1250 53 36 På
445 1250 139 47 Kungl.
613 1248 129 47 Maj:ts
761 1248 190 37 särskilda
968 1247 183 48 pröfning
1171 1246 100 36 skall
1287 1247 107 45 bero,
1414 1244 191 39 huruvida
1625 1244 72 37 och
1715 1243 123 37 under

237 1301 133 37 hvilka
410 1302 144 36 villkor
593 1301 60 37 för
678 1300 195 48 bryggeri,
903 1312 86 24 som
1011 1299 103 37 varit
1141 1300 13 35 i
1182 1302 103 44 gång
1312 1299 106 35 inom
1445 1297 78 37 tolf
1544 1297 186 36 månader
1755 1296 82 36 före

238 1354 124 36 denna
395 1354 245 47 förordnings
667 1353 243 45 utfärdande,
940 1352 107 37 skatt
1073 1351 123 36 under
1223 1351 46 35 de
1297 1350 121 36 första
1446 1350 75 36 fem
1548 1348 289 48 tillverknings-

238 1409 92 33 åren
357 1410 63 33 må
448 1407 177 46 erläggas
652 1405 59 36 för
737 1405 150 35 mindre
914 1404 87 36 vikt
1028 1404 97 36 malt
1153 1409 48 31 än
1228 1403 13 35 i
1272 1405 19 33 5
1321 1403 18 45 $
1368 1408 97 41 sägs.
1533 1401 131 37 Skulle
1691 1401 146 36 skatte-

238 1458 144 48 pliktig
422 1458 253 47 tillverkning
716 1458 13 35 i
760 1456 225 48 bryggeriet
1012 1455 106 49 ligga
1146 1467 89 24 nere
1262 1455 124 36 under
1412 1454 82 37 helt
1520 1453 318 47 tillverkningsår

239 1511 93 35 eller
358 1511 375 46 maltafverkningen
760 1509 123 35 under
909 1511 121 45 något
1057 1507 318 48 tillverkningsår
1392 1507 14 35 i
1424 1506 184 37 medeltal
1625 1508 131 45 uppgå
1775 1505 63 36 till

239 1563 135 46 sjuttio
415 1563 194 47 kilogram
649 1562 60 36 för
748 1561 133 47 hvarje
922 1560 179 48 helgfritt
1133 1561 103 47 dygn
1265 1560 42 35 af
1329 1560 75 35 den
1431 1559 70 46 tid,
1530 1559 122 36 under
1678 1557 160 37 hvilken

238 1615 302 48 maltkrossning
580 1616 71 35 där
690 1614 102 36 varit
828 1613 167 46 tillåten,
1024 1624 90 25 vare
1142 1613 124 35 denna
1294 1612 19 46 $
1342 1611 32 47 ej
1404 1611 132 36 vidare
1565 1614 21 33 å
1613 1609 225 48 bryggeriet

238 1667 222 47 tillämplig.

371 1875 132 36 Denna
543 1874 225 47 förordning
809 1873 132 37 träder
981 1873 12 35 i
1025 1871 106 37 kraft
1159 1872 74 35 den
1264 1874 15 32 1
1313 1871 164 36 oktober
1507 1872 113 43 1903;
1649 1868 101 36 dock
1778 1871 60 33 att

242 1927 59 35 för
326 1928 193 47 bryggeri,
549 1940 80 23 som
657 1933 43 29 är
728 1926 122 36 afsedt
879 1928 60 33 att
966 1926 122 34 under
1112 1924 163 36 oktober
1298 1923 140 36 månad
1462 1925 95 33 1903
1577 1933 93 25 vara
1688 1921 13 35 i
1720 1923 115 44 gång,

243 1980 179 35 anmälan
451 1980 120 46 enligt
603 1981 43 34 13
677 1979 92 35 eller
797 1980 46 33 26
873 1977 19 46 8
921 1977 99 35 skall
1046 1980 115 43 göras
1188 1975 116 36 minst
1331 1975 137 36 trettio
1496 1975 121 46 dagar
1644 1973 90 45 förr,
1756 1972 80 35 än
1816 1968 24 62 i

243 2031 292 47 skattepliktigt
575 2031 181 47 bryggeri
796 2028 303 47 maltkrossning
1141 2027 71 36 och
1239 2027 13 35 i
1280 2026 216 37 skattefritt
1523 2024 181 49 bryggeri
1732 2026 105 33 vört-

241 2082 175 46 kokning
443 2086 63 32 må
533 2083 122 35 under
682 2081 166 36 nämnda
875 2080 140 36 månad
1043 2083 93 43 taga
1164 2079 57 34 sin
1249 2079 147 46 början.
