2218 2624
730 155 363 41 Bevillningsutskottets
1114 154 163 31 memorial
1301 153 52 32 Nr
1377 155 50 29 32.
1797 151 39 31 27

272 235 199 49 jämförlig
500 235 149 45 anstalt,
679 234 201 49 sjukstuga
907 232 90 37 eller
1025 233 150 46 allmän,
1204 231 219 36 kommunal
1453 231 88 36 eller
1569 229 148 38 enskild
1744 230 138 36 anstalt

278 287 60 36 för
365 286 243 48 sinnessjuka
635 285 151 37 vårdats
816 285 58 36 för
902 284 174 37 delirium
1105 290 164 30 tremens
1297 283 92 37 eller
1418 295 123 24 annan
1562 281 318 48 sinnessjukdom,

278 351 81 23 som
388 338 217 48 otvetydigt
632 340 172 46 uppstått
831 349 139 36 genom
1000 335 193 48 omåttligt
1220 335 96 36 bruk
1344 348 46 22 av
1418 334 242 49 rusdrycker;
1690 339 97 30 samt

409 389 35 48 9)
473 389 84 47 den,
600 388 196 48 angående
840 388 125 35 vilken
1007 385 362 51 nykterhetsnämnd
1398 385 121 48 enligt
1548 387 48 34 35
1625 385 20 49 $&
1674 384 207 46 förordnat,

279 447 54 30 att
372 440 227 49 rusdrycker
640 440 81 36 icke
762 442 60 33 må
864 439 55 36 till
961 438 141 36 honom
1143 438 264 45 utminuteras,
1449 437 120 36 under
1608 436 73 37 den
1724 436 54 35 tid
1820 436 62 35 be-

275 492 117 36 slutet
420 505 119 23 avser.

407 543 83 36 Vad
523 542 118 36 under
670 542 48 48 2),
748 542 36 46 3)
814 542 69 35 och
913 541 36 47 5)
980 541 11 35 i
1019 540 125 36 denna
1172 539 20 49 $&
1220 544 89 44 sägs
1337 539 97 36 skall
1462 539 31 48 ej
1525 544 73 42 äga
1626 539 255 49 tillämpning,

280 595 67 36 där
387 594 62 36 det
490 594 114 46 visas,
633 598 55 31 att
715 592 85 47 den,
829 605 132 23 varom
990 596 41 31 är
1058 592 120 47 fråga,
1207 603 137 35 genom
1374 591 119 48 högre
1522 595 96 31 rätts
1645 590 90 47 laga
1763 589 117 36 kraft-

279 645 147 49 ägande
467 645 128 48 utslag
635 644 109 37 blivit
771 643 144 37 befriad
945 643 82 36 från
1056 655 139 23 ansvar
1222 642 59 36 för
1309 642 114 47 brott,
1453 654 79 24 som
1563 641 67 36 där
1659 654 120 23 avses.
1833 641 46 47 I

279 696 117 38 heller
436 697 97 36 skall
561 696 73 37 vad
662 695 120 37 under
812 695 35 48 7)
877 695 70 36 och
977 694 36 49 9)
1042 699 88 44 sägs
1158 699 72 43 äga
1258 693 255 49 tillämpning,
1542 693 67 36 där
1636 692 135 47 beslut,
1800 705 81 23 som

277 749 68 36 där
373 762 121 34 avses,
523 749 101 35 visas
652 748 98 36 hava
778 747 109 36 blivit
915 747 96 35 efter
1039 745 84 37 förd
1152 745 140 48 klagan
1321 745 181 49 upphävt.

1025 886 47 34 35
1102 883 31 49 8.

407 971 147 37 Brukar
581 974 139 45 någon,
749 984 82 23 som
860 970 119 37 vistas
1007 969 104 37 inom
1140 969 241 47 kommunen,
1409 968 226 49 rusdrycker
1659 967 57 37 till
1735 981 146 36 uppen-

278 1024 68 37 bar
386 1023 117 36 skada
544 1023 58 36 för
642 1023 61 48 sig
743 1023 88 36 eller
864 1022 130 45 andra,
1023 1027 92 43 äger
1142 1020 425 50 nykterhetsnämnden,
1597 1020 67 36 där
1692 1022 41 34 så
1760 1020 121 36 finnes

276 1076 154 48 skäligt,
472 1075 190 48 förordna,
704 1079 55 31 att
799 1073 119 37 under
958 1074 79 35 viss
1078 1072 66 47 tid,
1174 1073 115 48 högst
1317 1077 57 31 tre
1401 1074 42 34 år
1471 1072 82 36 från
1581 1071 183 37 beslutets
1793 1071 86 49 dag,

279 1127 227 50 rusdrycker
533 1127 83 36 icke
644 1129 61 34 må
732 1126 57 36 till
818 1125 138 37 honom
984 1125 258 36 utminuteras.

408 1178 144 37 Sådant
592 1178 123 36 beslut
755 1180 61 34 må
857 1177 97 37 dock
995 1177 113 36 fattas
1150 1176 134 36 endast
1326 1176 97 36 efter
1462 1176 174 36 anmälan
1665 1176 84 36 från
1777 1175 105 36 kom-

279 1230 282 46 munalnämnd,
614 1229 402 49 fattigvårdsstyrelse,
1066 1227 202 50 kyrkoråd,
1315 1227 163 48 skolråd,
1526 1227 354 48 folkskolestyrelse,

278 1281 387 48 barnavårdsnämnd,
707 1280 390 46 fosterbarnsnämnd,
1138 1279 376 48 hälsovårdsnämnd,
1543 1278 337 50 polismyndighet,

278 1338 116 46 präst,
434 1333 139 48 läkare,
614 1334 119 35 lärare
761 1333 12 36 i
801 1332 139 37 allmän
980 1332 120 48 tjänst
1141 1331 90 36 eller
1265 1330 161 49 anhörig
1454 1331 89 36 eller
1571 1330 226 37 närstående
1824 1330 57 35 till

275 1386 90 47 den,
393 1385 165 37 beslutet
584 1385 132 48 gäller,
745 1384 91 36 eller
864 1384 70 36 ock
963 1385 96 34 efter
1087 1382 174 37 anhållan
1291 1395 46 23 av
1365 1382 133 36 denne.

408 1428 99 46 Över
547 1436 162 37 beslutet
750 1439 61 33 må
851 1435 136 37 besvär
1027 1435 103 36 inom
1162 1434 127 36 trettio
1318 1434 120 48 dagar
1465 1434 84 36 från
1578 1433 212 37 delfåendet
1818 1447 65 22 an-

278 1490 100 36 föras
407 1489 68 36 hos
504 1488 238 49 Konungens
771 1485 419 51 befallningshavande.

1025 1626 47 35 36
1103 1623 35 50 &.

409 1712 89 37 Som
527 1711 284 49 hemortsbolag
838 1711 58 37 för
924 1711 78 37 viss
1030 1724 138 36 person
1196 1723 110 24 anses
1335 1710 62 37 det
1424 1710 127 49 bolag,
1580 1723 80 23 som
1690 1709 108 36 idkar
1824 1716 57 30 ut-

278 1764 237 49 minutering
555 1777 47 23 av
644 1763 259 50 spritdrycker
940 1763 104 36 inom
1086 1763 72 36 den
1190 1762 193 47 kommun,
1412 1762 68 36 där
1507 1774 185 37 personen
1720 1762 69 35 har
1816 1760 66 37 sitt

278 1816 173 48 hemvist,
493 1815 103 48 eller,
629 1828 62 24 om
719 1815 134 36 sådant
880 1815 116 48 bolag
1023 1815 33 48 ej
1087 1814 123 37 driver
1237 1813 140 38 rörelse
1404 1814 102 36 inom
1535 1813 124 37 denna
1686 1813 194 45 kommun,

279 1868 64 36 det
383 1867 115 49 bolag
539 1867 59 37 för
637 1866 276 48 utminutering
955 1880 47 23 av
1030 1866 266 49 spritdrycker,
1330 1879 81 23 som
1441 1865 354 49 kontrollstyrelsen
1823 1864 58 36 för

277 1919 232 37 kommunen
537 1919 156 37 anvisat.

1026 2060 46 33 37
1104 2056 34 50 &.

410 2147 33 34 1.
498 2144 72 37 Om
598 2147 128 46 någon
755 2157 140 36 genom
922 2145 129 48 utslag
1078 2157 48 23 av
1143 2143 195 37 underrätt
1357 2143 110 37 blivit
1485 2142 161 37 sakfälld
1667 2141 58 37 för
1744 2142 136 49 fylleri,

275 2197 94 37 eller
409 2196 59 37 för
508 2195 117 38 sådan
666 2196 144 49 olovlig
849 2195 228 50 försäljning
1113 2209 46 23 av
1199 2195 242 50 rusdrycker,
1483 2207 81 24 som
1593 2206 109 25 avses
1730 2194 12 36 i
1772 2195 47 35 74
1847 2193 33 49 $,

276 2249 91 37 eller
406 2248 60 37 för
505 2249 162 49 olovligt
707 2247 333 50 tillhandagående
1081 2247 84 37 med
1193 2246 246 38 anskaffande
1467 2260 46 23 av
1541 2245 141 38 sådana
1709 2245 171 50 drycker,
