2168 2652
725 182 252 33 Statsutskottets
1009 181 170 34 Utlåtande
1202 181 62 31 N:o
1287 184 29 28 9.
1728 178 40 30 53

219 265 325 38 Klinckowström
574 265 10 35 i
611 264 58 37 sin
700 263 142 38 motion
873 262 161 49 antagit,
1064 262 83 36 icke
1178 266 40 32 är
1246 260 12 37 i
1287 260 112 37 stånd
1428 264 55 31 att
1512 259 42 36 af
1569 271 99 36 egna
1690 257 120 36 medel

218 319 170 37 bestrida
417 318 258 50 byggnadens
704 315 251 51 uppförande,
984 315 56 37 får
1069 315 189 36 utskottet
1287 312 212 47 hemställa,

743 427 55 30 att
839 421 235 47 Riksdagen,
1118 419 86 36 med
1245 417 103 38 bifall
1385 417 58 36 till
1474 416 139 48 Kongl.
1644 415 128 49 Maj:ts
1802 414 12 36 i

617 478 129 32 ämnet
787 472 137 50 gjorda
961 471 298 49 framställning,
1290 472 60 34 må
1378 469 59 36 till
1468 483 50 35 ny
1547 467 185 50 byggnad
1757 466 59 36 för

617 526 203 37 botaniska
848 524 267 37 institutionen
1141 523 65 37 vid
1236 520 421 39 universitetet
1516 515 20 61 i
1554 515 96 61 Lund
1675 519 139 49 bevilja

619 584 55 31 ett
702 584 107 31 extra
838 577 136 49 anslag
990 577 40 36 af
1042 577 138 46 54,000
1196 576 153 47 kronor,
1367 575 70 36 och
1454 573 110 37 deraf
1575 573 58 36 för
1658 575 39 33 år
1716 573 95 35 1889

620 631 133 37 anvisa
786 631 136 47 18,000
951 630 153 35 kronor.

348 752 100 50 25:0)
478 752 74 36 Till
581 753 247 36 anskaffande
858 752 41 36 af
922 752 203 46 mikroskop
1154 764 43 21 m.m.
1217 750 120 49 för
1352 748 199 48 zoologiska
1567 748 246 35 institutionen

219 807 62 35 vid
309 806 241 36 universitetet
584 807 6 34 i
615 807 110 34 Lund
754 805 68 36 har
857 804 141 48 Kongl.
1028 804 109 47 Maj:t
1166 803 110 35 äskat
1305 806 54 31 ett
1387 809 108 27 extra
1524 800 136 48 anslag
1687 799 58 36 för
1774 801 38 33 år

223 861 94 34 1889
350 857 41 37 af
415 859 112 46 3,000
556 857 153 37 kronor.

349 910 75 36 Till
467 909 316 49 ådagaläggande
823 909 41 36 af
902 908 104 37 detta
1045 907 157 47 anslags
1232 904 236 50 behöflighet
1497 904 68 35 har
1590 903 134 36 chefen
1754 902 58 36 för

220 961 556 50 ecklesiastikdepartementet
804 961 62 36 vid
897 960 178 37 ärendets
1110 957 277 49 föredragning
1407 956 99 37 inför
1534 955 140 49 Kongl.
1705 955 108 47 Maj:t

220 1015 185 48 åberopat
429 1014 100 36 hvad
554 1013 297 49 ifrågavarande
879 1011 239 38 institutions
1148 1009 259 38 föreståndare
1428 1008 245 50 professoren
1691 1008 43 36 A.
1752 1006 57 36 W.

221 1066 284 46 Qvennerstedt
547 1066 125 37 anfört
717 1067 11 35 i
771 1079 46 23 en
845 1065 58 37 till
933 1065 63 36 det
1025 1063 248 37 akademiska
1303 1060 247 38 konsistoriet
1578 1060 12 36 i
1617 1060 111 36 Lund
1757 1059 55 36 in-

219 1119 134 50 gifven
382 1118 217 46 skrifvelse;
631 1119 70 36 och
730 1118 140 36 tillåter
898 1117 60 48 sig
986 1116 189 36 utskottet
1203 1120 54 31 att
1287 1114 11 36 i
1322 1114 107 49 fråga
1459 1127 60 22 om
1548 1112 125 37 denna
1702 1111 110 37 skrif-

221 1171 123 37 velses
386 1171 171 36 innehåll
598 1171 161 36 hänvisa
800 1170 56 36 till
898 1170 71 35 den
1004 1167 283 49 framställning
1316 1166 115 47 deraf,
1463 1179 80 22 som
1573 1165 164 36 lemnats
1765 1166 48 47 på

222 1224 153 36 sidorna
404 1226 48 34 40
482 1223 71 37 och
582 1226 45 33 41
658 1223 12 36 i
695 1221 431 49 statsrådsprotokollet.

351 1275 135 49 Enligt
526 1276 102 36 hvad
668 1273 424 51 departementschefen
1132 1272 130 36 vidare
1306 1269 202 49 meddelat,
1539 1269 113 36 hafva
1681 1269 47 36 de
1758 1268 55 36 till

221 1328 118 49 inköp
369 1328 157 36 afsedda
553 1327 284 37 instrumenten
866 1326 199 49 upptagits
1095 1325 58 36 till
1181 1323 168 49 följande
1379 1322 99 49 pris:

224 1383 19 34 3
275 1380 354 49 arbetsmikroskop
658 1380 58 36 för
744 1379 204 49 nybörjare
978 1380 21 35 å
1027 1379 74 36 200
1129 1377 128 36 francs
1290 1406 131 5 .......
1452 1375 127 36 franes
1650 1375 83 35 600:
1766 1394 38 5 —

223 1435 20 33 2
269 1432 225 49 mikroskop
522 1432 59 36 för
609 1445 104 23 mera
742 1430 264 50 sjelfständigt
1034 1429 130 37 arbete
1193 1430 21 35 å
1242 1430 72 35 305
1345 1427 71 36 och

325 1487 72 34 300
428 1485 126 36 fralCB:
586 1515 166 5 s.-sivemri6
764 1515 36 4 sit
809 1515 96 4 svep
939 1514 58 4 use
1024 1514 43 4 usa
1089 1513 26 4 una
1127 1512 59 4 RKS
1196 1511 12 5 ÖR
1221 1510 152 6 HÄSTEN
1392 1510 27 4 I
1500 1491 17 23 »
1651 1480 84 34 660:
1765 1499 49 4 —

225 1540 17 32 1
275 1542 123 31 större
424 1536 223 49 mikroskop
671 1536 59 37 för
759 1539 152 33 svårare
939 1533 479 48 undersökningar...
1500 1544 17 22 »
1563 1526 26 57 —
1614 1532 121 45 1,150:
1765 1552 46 4 —

222 1592 19 33 2
274 1588 436 49 dissektionsmikroskp
740 1588 85 36 med
854 1587 190 36 handstöd
1077 1615 341 6 u.sseeeccceeeeeeeww
1500 1595 17 23 »
1653 1585 83 34 120:
1767 1603 46 4 —

222 1640 205 37 mikrotom
457 1641 85 36 med
571 1640 179 37 tillbehör
773 1635 14 52 =
800 1669 375 6 ocsmsmmmnrrsssssnn
1181 1663 3 3 SU
1185 1667 236 6 psasumesms
1362 1631 62 52 same
1503 1648 17 23 »
1653 1636 85 35 300:
1768 1655 47 5 —

1281 1710 147 24 summa
1456 1697 126 36 francs
1612 1698 122 45 2,830:
1765 1717 50 5 —

351 1831 139 37 Härtill
520 1831 151 36 komme
700 1843 47 23 en
776 1830 217 48 inredning,
1019 1829 236 36 omfattande
1280 1828 262 49 reagensskåp
1571 1827 58 36 för
1643 1827 173 36 laboran-

222 1890 120 39 terne,
373 1883 256 50 uppsättning
659 1883 40 36 af
724 1882 141 48 nödiga
894 1881 216 50 reagentier
1139 1881 70 36 och
1238 1880 474 49 härdningsmedel
1597 1875 113 62 jemte
1733 1879 84 48 glas

222 1936 58 36 för
305 1936 111 36 deras
445 1936 240 46 förvarande,
715 1934 383 49 injektionsapparat,
1128 1933 216 49 skalpeller,
1374 1933 146 36 mindre
1549 1932 184 49 aqvarier,
1761 1945 56 21 ar-

222 1988 185 37 betsbord
445 1988 71 36 och
558 1987 117 37 stolar
718 2001 46 22 m.
810 2000 59 34 m.,
913 1986 206 36 hvaröfver
1147 1991 54 31 ett
1231 1985 225 49 detaljeradt
1482 1983 336 48 kostnadsförslag

223 2041 84 36 icke
344 2041 149 35 kunnat
536 2045 209 43 uppgöras,
789 2052 87 23 men
919 2052 79 23 som
1042 2037 86 37 med
1158 2038 179 36 säkerhet
1361 2043 90 42 toge
1480 2037 10 35 i
1520 2036 167 50 anspråk
1718 2036 97 35 hvad

225 2106 80 22 som
336 2092 164 36 fattades
530 2092 8 35 i
570 2092 73 36 den
673 2091 183 49 uppgifna
885 2104 170 22 summan
1089 2091 112 46 3,000
1230 2090 152 36 kronor.

354 2145 57 35 Då
439 2144 140 48 Kongl.
609 2144 128 48 Maj:ts
766 2142 251 37 förevarande
1038 2142 311 48 anslagsfordran
1365 2141 85 37 icke
1475 2140 115 49 gifvit
1606 2139 212 49 anledning

224 2195 58 37 till
309 2199 129 46 någon
467 2197 210 35 utskottets
708 2196 162 47 erinran,
897 2194 222 37 hemställer
1150 2194 197 41 utskottet,

753 2304 55 31 att
835 2299 224 47 Riksdagen
1089 2301 72 44 må,
1191 2298 58 36 till
1277 2297 249 37 anskaffande
1546 2296 38 37 af
1595 2296 222 49 mikroskop

625 2351 71 37 och
726 2351 125 37 dertill
879 2350 170 38 hörande
1077 2350 165 50 redskap
1274 2364 47 23 m.
1352 2363 47 24 m.
1429 2349 58 37 för
1515 2348 224 49 zoologiska
1761 2348 56 36 in-

1150 2463 48 16 »x

1833 728 70 31 Ang.
1935 726 96 33 anslag

1833 762 41 26 till
1882 761 151 32 zoologiska

1838 797 196 26 institutionen

1873 832 11 25 i
1904 832 94 25 Lund.

1897 867 83 49 [18.]
