1907 2828
442 187 123 40 Tredje
591 186 245 41 lagutskottets
863 186 178 31 utlåtande
1066 195 43 21 nr
1133 186 41 31 30
1199 186 39 31 år
1264 186 83 30 1970
1615 187 19 31 9

151 270 146 30 resultat
318 280 41 19 av
379 270 94 29 detta
492 269 191 30 hänvisade
705 270 168 38 styrelsen
893 269 53 29 till
967 270 50 28 att
1038 269 110 29 under
1170 268 82 30 åren
1276 267 213 31 1961—1967
1512 267 122 29 inkom

151 324 52 29 till
223 324 169 39 styrelsen
411 327 142 36 rapport
573 333 56 20 om
647 325 50 28 att
716 324 101 29 totalt
836 322 117 31 21243
975 322 226 40 >Förarintyg
1221 322 54 30 för
1297 322 104 39 segel-
1422 322 64 29 och
1506 322 129 28 motor-

149 378 118 30 båtar»
295 378 186 30 utfärdats.
506 376 347 38 Naturvårdsverket,
878 376 215 40 polischefen
1120 376 10 29 i
1153 375 222 31 Stockholms
1400 374 235 40 polisdistrikt

151 433 64 29 och
241 431 248 40 länsstyrelsen
516 431 11 30 i
550 431 220 30 Stockholms
797 431 57 30 län
881 430 123 31 anlade
1030 430 245 30 motsvarande
1304 430 227 39 synpunkter.
1559 428 75 40 Sjö-

151 487 159 38 sportens
331 485 391 39 samarbetsdelegation
744 485 190 30 hänvisade
957 485 105 30 också
1082 486 11 28 i
1116 485 93 29 detta
1232 484 255 38 sammanhang
1509 482 52 30 till
1585 485 49 27 att

153 539 356 40 sjövettskommittén
528 540 11 29 i
558 539 54 30 sin
631 539 187 39 utredning
837 539 38 29 år
896 539 83 29 1963
999 540 113 28 ansett
1133 540 49 28 att
1201 537 243 40 obligatoriskt
1464 536 169 31 båtförar-

151 595 78 29 kort
249 595 71 28 inte
339 594 106 30 borde
466 594 143 29 införas.
631 594 150 29 Behovet
801 602 41 21 av
864 593 134 34 sådant,
1021 592 153 39 speciellt
1196 592 54 29 för
1272 591 145 30 förande
1440 601 41 20 av
1504 591 130 29 snabba

152 648 81 29 eller
250 648 110 29 större
376 648 109 34 båtar,
502 647 106 30 borde
626 647 88 29 dock
732 646 159 30 studeras
907 646 128 30 vidare.
1054 646 58 29 Ett
1129 647 100 37 tungt
1246 645 155 39 vägande
1420 644 75 30 skäl
1513 644 52 29 till
1584 644 50 28 att

149 709 82 21 man
258 701 155 30 önskade
439 710 96 21 mera
561 700 209 35 erfarenhet,
797 701 109 29 innan
932 702 47 28 ett
1006 700 86 29 krav
1117 699 45 41 på
1188 699 241 39 obligatoriskt
1457 699 176 29 förarkort

149 755 222 35 framfördes,
406 755 99 31 sades
537 764 85 21 vara
654 755 67 30 den
754 754 217 30 omfattande
1004 754 240 39 utbildnings-,
1279 753 256 40 registrerings-
1569 753 64 30 och

148 809 394 39 kontrollorganisation
567 818 75 20 som
667 809 95 29 detta
786 808 112 30 skulle
922 808 78 30 föra
1024 808 79 29 med
1128 808 61 39 sig.
1214 808 248 38 Delegationen
1487 807 145 29 anförde

148 865 50 28 att
221 862 387 40 båtorganisationerna
630 863 113 29 under
765 862 227 30 mellantiden
1016 862 122 30 endast
1160 861 78 30 haft
1263 861 187 40 anledning
1475 863 50 28 att
1550 861 83 29 änd-

148 926 38 21 ra
206 917 53 30 sin
279 917 227 40 uppfattning
525 918 11 29 i
555 917 37 30 så
610 917 111 30 måtto
739 919 50 28 att
808 926 82 20 man
910 925 123 31 genom
1052 916 209 30 kommittén
1279 915 64 30 hos
1365 915 267 40 sjöfartsstyrel-

150 979 61 22 sen
228 971 178 30 hemställt
422 981 57 20 om
496 973 51 28 att
565 971 114 30 förare
696 981 42 19 av
754 971 58 29 båt
829 980 56 20 om
903 970 40 30 20
961 971 180 29 bruttoton
1159 970 81 29 eller
1258 979 73 20 mer
1350 970 89 29 skall
1456 970 46 29 ha
1520 969 113 36 avlagt

150 1024 309 40 skepparexamen.
479 1024 123 31 Denna
622 1024 260 40 framställning
903 1024 100 30 sades
1023 1024 45 30 ha
1089 1024 168 40 grundats
1279 1023 44 40 på
1342 1032 118 21 vunna
1482 1022 152 30 erfaren-

150 1081 107 29 heter.
279 1079 129 39 Chefen
429 1080 55 39 för
505 1080 93 29 östra
619 1078 261 30 kustdistriktet
900 1079 159 29 biträdde
1080 1078 278 29 motionärernas
1380 1078 86 29 krav
1488 1077 45 39 på
1555 1076 79 29 åda-

151 1134 78 39 lagd
249 1134 194 39 kunnighet
462 1134 10 29 i
492 1133 257 30 framförandet
768 1142 41 20 av
827 1132 174 30 motorbåt
1020 1133 65 29 och
1104 1131 199 31 kännedom
1324 1140 56 21 om
1400 1130 235 39 trafikregler-

152 1197 45 20 na
216 1188 52 29 till
290 1188 101 39 sjöss.
412 1188 97 29 Dock
529 1187 108 40 ansåg
657 1188 71 28 han
749 1187 57 30 det
825 1187 175 29 tveksamt
1022 1195 57 21 om
1100 1185 108 30 redan
1230 1185 195 30 etablerade
1447 1184 187 34 båtförare,

153 1251 74 20 som
250 1241 148 40 uppnått
420 1242 145 38 myndig
585 1241 106 34 ålder,
715 1241 88 30 skall
826 1241 138 38 åläggas
988 1242 49 28 att
1060 1239 156 39 undergå
1239 1238 172 31 särskilda
1435 1247 94 30 prov.
1553 1238 81 29 Man

152 1296 98 29 torde
266 1296 63 29 här
346 1296 121 28 kunna
484 1295 112 29 räkna
612 1295 78 29 med
708 1296 50 28 att
774 1294 258 30 vederbörande
1049 1294 10 29 i
1078 1294 40 29 de
1136 1293 103 29 flesta
1257 1293 62 29 fall
1337 1292 43 40 på
1400 1291 113 31 skilda
1529 1292 106 39 vägar

152 1350 158 39 tillägnat
331 1349 50 40 sig
400 1349 210 39 tillräckliga
628 1349 202 39 kunskaper
850 1349 64 28 och
934 1350 50 27 att
1004 1349 161 28 ansvaret
1185 1347 53 30 för
1258 1346 292 29 medtrafikanter
1570 1346 65 29 och

149 1403 177 29 omdömet
339 1405 153 37 mognat.

193 1482 66 30 Vid
278 1482 384 40 remissbehandlingen
681 1482 145 30 anförde
846 1482 122 39 chefen
986 1482 57 39 för
1063 1482 114 29 västra
1196 1482 261 29 kustdistriktet
1476 1484 44 28 bl.
1535 1493 29 20 a.
1585 1485 49 28 att

150 1546 43 20 en
213 1547 42 19 av
275 1537 41 29 de
337 1536 233 40 allvarligaste
590 1537 172 29 bristerna
782 1537 11 29 i
814 1536 66 29 den
901 1536 159 40 gällande
1081 1536 215 40 regleringen
1318 1546 42 20 av
1380 1537 154 29 trafiken
1556 1538 77 29 med

151 1590 219 30 fritidsbåtar
398 1591 39 29 är
464 1590 223 31 avsaknaden
715 1599 43 21 av
809 1590 347 40 obligatorisk
1208 1591 426 30 ansvarsförsäk-

150 1644 119 39 ring.
296 1644 220 39 Polischefen
545 1645 11 29 i
580 1643 221 31 Stockholms
827 1643 234 41 polisdistrikt
1088 1644 210 30 underströk
1326 1645 106 29 också
1459 1647 49 28 att
1535 1645 100 30 båtar

150 1699 80 29 med
254 1698 70 30 viss
349 1698 106 40 högre
480 1698 175 40 hastighet
680 1698 106 30 borde
810 1708 84 20 vara
919 1698 241 40 obligatoriskt
1185 1699 449 39 ansvarighetsförsäkrade

150 1752 78 30 med
252 1752 138 36 hänsyn
412 1752 53 29 till
489 1752 41 30 de
554 1754 94 28 stora
672 1752 268 29 skaderiskerna
963 1752 55 29 för
1040 1752 112 36 tredje
1175 1761 93 20 man.
1293 1753 220 29 Polischefen
1536 1753 98 29 förde

150 1805 101 30 också
271 1806 38 39 på
330 1806 49 30 tal
403 1815 37 20 om
466 1806 72 30 inte
556 1805 122 39 frågan
706 1815 44 20 om
779 1806 379 39 obligatoriska
1187 1807 373 38 namnskyltar
1591 1807 42 39 på

151 1858 219 31 fritidsbåtar
382 1859 106 30 borde
503 1860 152 29 utredas.

196 1931 12 28 I
226 1931 59 29 sitt
302 1941 42 19 av
359 1930 188 40 riksdagen
564 1930 185 39 godkända
766 1930 179 30 utlåtande
968 1931 58 34 (nr
1043 1931 58 34 57)
1124 1931 11 29 i
1152 1931 187 39 anledning
1357 1941 41 20 av
1416 1932 218 29 motionerna

151 1984 190 30 hänvisade
370 1984 169 30 utskottet
565 1985 52 29 till
645 1987 50 27 att
722 1984 165 40 förslaget
914 1986 50 28 att
989 1985 116 29 införa
1132 1984 127 30 förbud
1286 1985 54 29 för
1368 1985 66 30 den
1462 1995 75 20 som
1563 1986 72 29 inte

153 2039 150 39 uppnått
322 2039 71 30 viss
414 2039 94 30 ålder
529 2040 50 29 att
600 2039 77 30 föra
698 2039 132 30 snabba
849 2038 215 30 motorbåtar
1087 2038 175 40 avstyrkts
1285 2048 41 20 av
1348 2038 151 31 flertalet
1523 2049 41 20 av
1585 2048 51 21 re-

151 2092 252 39 missorganen.
426 2092 176 30 Utskottet
626 2092 134 40 pekade
783 2092 45 40 på
851 2094 50 28 att
925 2092 41 30 de
990 2092 304 40 undersökningar
1319 2102 74 20 som
1419 2093 216 40 sjöfartssty-

151 2146 113 30 relsen
290 2146 93 39 gjort
407 2146 113 30 under
545 2146 83 30 åren
657 2146 214 30 1959—1968
896 2146 222 30 beträffande
1145 2146 131 30 sådana
1302 2147 141 39 olyckor
1470 2147 78 30 med
1576 2148 59 29 fri-

151 2200 181 35 tidsbåtar,
353 2210 75 20 som
449 2201 159 29 orsakats
629 2210 43 20 av
689 2201 87 29 barn
797 2201 81 29 eller
898 2200 62 30 där
979 2201 87 29 barn
1087 2201 82 29 eller
1189 2201 194 39 ungdomar
1404 2201 111 30 under
1538 2202 37 29 15
1598 2202 38 29 år

152 2254 85 39 tagit
255 2254 96 30 aktiv
368 2255 64 34 del,
450 2254 71 30 inte
538 2254 130 30 utvisat
686 2253 114 38 någon
817 2254 130 40 ökning
965 2264 43 20 av
1025 2254 340 40 olycksfrekvensen.
1384 2255 127 30 Vidare
1530 2255 106 30 fram-

152 2307 89 31 hölls
262 2310 50 28 att
332 2318 42 20 av
393 2308 101 30 totalt
515 2309 38 29 41
575 2308 202 39 båtolyckor
798 2308 110 30 under
928 2308 165 40 perioden
1113 2309 78 29 med
1212 2309 234 39 minderåriga
1469 2318 74 21 som
1563 2309 74 30 båt-

154 2362 114 30 förare
289 2362 128 30 hänför
439 2362 51 40 sig
511 2362 80 35 tolv,
615 2362 132 30 således
769 2362 136 30 mindre
927 2362 44 29 än
993 2371 42 21 en
1057 2362 178 37 tredjedel,
1258 2363 53 29 till
1333 2362 109 30 trafik
1464 2363 80 29 med
1566 2372 71 21 mo-

152 2415 166 30 torbåtar.
340 2416 194 30 Beaktades
554 2415 175 40 härjämte
752 2418 49 28 att
823 2416 130 30 antalet
974 2416 99 30 båtar
1095 2416 81 30 ökat
1198 2417 157 29 avsevärt
1378 2417 110 29 under
1510 2417 127 40 ifråga-

152 2470 153 29 varande
322 2470 38 29 år
376 2470 166 30 kvarstod
558 2470 107 39 enligt
682 2470 188 29 utskottets
887 2470 141 39 mening
1045 2470 66 29 den
1129 2471 219 29 tveksamhet
1365 2473 72 27 mot
1456 2473 49 27 att
1522 2472 116 28 införa

153 2523 237 30 minimiålder
406 2524 57 29 vid
482 2523 145 30 förande
645 2533 42 20 av
704 2523 132 30 snabba
853 2524 225 34 motorbåtar,
1097 2533 75 20 som
1190 2524 131 40 förelåg
1340 2524 44 30 då
1402 2524 124 40 frågan
1544 2525 94 30 över-

152 2577 128 40 vägdes
311 2578 9 29 i
352 2577 170 31 samband
552 2578 79 29 med
660 2577 217 30 tillkomsten
906 2586 43 21 av
979 2577 428 41 sjötrafikförordningen.
1439 2578 115 40 Enligt
1586 2580 53 28 ut-
