1892 2800
261 135 41 30 74

422 219 226 34 (Nuvarande
667 219 159 40 lydelse.)

304 295 305 39 Propositionerna
643 296 83 29 böra
761 296 56 29 vid
850 295 143 40 lagtima

257 344 144 40 riksdag
425 345 181 31 avlämnas
630 346 95 29 inom
751 346 108 30 sextio
885 347 108 38 dagar

257 395 82 30 från
360 396 77 29 dess
458 396 195 39 öppnande,
675 396 65 29 och
760 396 57 30 må
837 396 157 40 proposi-

258 445 74 30 tion
352 445 29 39 ej
404 454 123 21 senare
547 445 142 37 avlåtas,
709 448 86 28 utan
816 446 37 30 så
873 447 48 34 är,
942 448 51 28 att

257 495 195 39 Konungen
468 495 119 40 finner
601 495 113 39 någon
732 496 111 29 under
858 495 136 30 riksda-

255 554 68 29 gen
349 545 172 40 inträffad
544 545 165 30 händelse
734 545 118 30 därtill
874 546 119 39 föran-

257 594 78 31 leda
357 595 81 31 eller
458 596 127 39 prövar
605 596 161 39 uppskov
785 596 78 30 med
884 596 109 30 fram-

258 645 211 39 ställningen
490 646 103 29 lända
615 646 89 30 riket
724 646 53 29 till
797 655 90 21 men.

579 1316 15 37 8
617 1316 51 30 55.

302 1374 130 30 Motion
459 1374 59 30 må
545 1384 41 20 av
613 1375 244 39 riksdagsman
884 1375 11 29 i
922 1375 69 29 den

255 1425 191 34 kammare,
462 1425 71 29 han
548 1425 128 34 tillhör,
693 1426 101 39 göras
809 1425 95 30 inom
920 1424 71 30 tolv

254 1475 109 39 dagar
386 1475 80 29 från
489 1474 160 40 riksdags
673 1474 195 40 öppnande.
891 1473 99 31 Dock

254 1525 59 29 må
331 1525 143 35 motion,
495 1534 75 21 som
587 1525 199 30 föranledes
804 1535 42 20 av
862 1525 127 39 Kungl.

254 1575 228 39 proposition,
518 1575 115 30 vilken
667 1575 89 30 efter
790 1576 200 39 öppnandet

254 1624 54 30 till
328 1625 187 39 riksdagen
534 1625 149 37 avlåtits,
702 1626 129 30 väckas
851 1626 61 30 sist
931 1625 59 30 vid

254 1675 59 29 det
342 1676 270 34 sammanträde,
640 1685 72 20 som
742 1676 140 30 infaller
910 1677 80 29 näst

255 1725 90 30 efter
376 1725 48 30 tio
456 1726 108 38 dagar
596 1726 78 29 från
707 1726 282 39 propositionens

254 1775 232 31 avlämnande
504 1776 11 29 i
531 1775 190 30 kammare.
739 1776 13 29 I
771 1777 219 29 sistnämnda

255 1825 63 30 fall
344 1826 60 38 äge
431 1825 107 30 likväl
563 1826 191 34 kammare,
781 1827 114 29 därest
922 1827 68 29 den

254 1876 80 29 med
360 1875 119 40 hänyn
505 1876 53 31 till
583 1876 193 31 infallande
802 1877 79 38 helg
906 1876 84 31 eller

253 1925 162 30 ärendets
448 1925 198 40 synnerliga
677 1927 214 38 omfattning
921 1927 70 29 fin-

254 1983 63 21 ner
338 1975 123 30 sådant
483 1976 130 39 nödigt,
635 1976 160 39 medgiva
817 1976 173 30 utsträck-

254 2025 85 39 ning
357 2034 41 21 av
415 2026 260 34 motionstiden,
695 2027 91 29 dock
804 2027 112 39 längst
935 2026 54 29 till

253 2075 59 29 det
341 2076 269 34 sammanträde,
639 2085 75 21 som
742 2077 140 30 infaller
909 2078 80 28 näst

253 2125 89 30 efter
363 2125 99 40 tjugu
482 2126 108 39 dagar
609 2126 79 30 från
706 2126 283 40 propositionens

253 2175 243 31 avlämnande.
547 2176 110 40 Fråga
694 2186 58 20 om
790 2177 108 30 sådan
935 2179 55 28 ut-

254 2226 204 39 sträckning
486 2226 59 30 må
573 2227 29 39 ej
635 2228 129 29 väckas
794 2237 119 21 senare
943 2229 46 28 än

252 2275 61 30 vid
329 2276 109 31 andra
458 2277 275 30 sammanträdet
752 2278 87 30 efter
858 2278 66 35 det,
944 2277 45 30 då

252 2326 263 39 propositionen
534 2326 120 30 avläts.

643 135 451 30 Konstitutionsutskottets
1112 136 184 30 memorial
1312 144 43 23 nr
1374 142 49 30 10.

1197 221 227 40 (Föreslagen
1444 222 159 40 lydelse.)

1072 296 270 40 Propositioner,
1363 307 74 20 som
1459 307 81 21 avse
1560 300 132 28 statens
1714 299 50 29 in-

1029 345 154 30 komster
1218 347 65 30 och
1319 348 144 39 utgifter
1496 349 58 39 för
1585 347 179 30 nästkom-

1029 397 125 30 mande
1178 397 178 39 budgetår,
1379 398 100 31 skola
1504 398 53 30 till
1577 398 186 39 riksdagen

1030 447 179 30 avlämnas
1246 448 95 29 inom
1378 448 125 39 sjuttio
1540 449 105 39 dagar
1683 450 80 30 från

1029 496 78 31 dess
1128 498 195 38 öppnande,
1345 498 65 29 och
1430 498 59 30 må
1509 498 109 30 sådan
1639 508 125 31 propo-

1030 547 113 34 sition,
1170 547 81 30 med
1276 548 178 40 undantag
1480 558 43 21 av
1547 549 215 39 proposition

1028 597 177 39 angående
1241 598 207 30 riksstatens
1483 598 140 39 slutliga
1658 598 106 40 regle-

1029 647 86 39 ring,
1133 647 30 39 ej
1184 648 134 30 avlåtas
1336 657 133 28 senare,
1487 652 85 27 utan
1591 650 37 29 så
1645 650 50 34 är,
1713 652 50 28 att

1029 697 193 39 Konungen
1240 699 125 39 prövar
1383 699 161 39 uppskov
1560 700 79 29 med
1655 700 109 29 fram-

1030 748 209 39 ställningen
1266 749 103 29 lända
1395 749 91 30 riket
1512 749 53 30 till
1589 749 174 39 allvarligt

1028 806 90 21 men.

1073 846 123 41 Övriga
1217 848 258 40 propositioner
1497 849 82 31 böra
1602 849 52 31 till
1674 849 90 29 riks-

1028 896 108 40 dagen
1172 898 180 30 avlämnas
1388 899 94 29 inom
1519 899 102 30 nittio
1655 899 109 39 dagar

1027 947 80 39 från
1136 948 80 29 dess
1246 949 195 39 öppnande,
1471 949 65 30 och
1566 950 57 29 må
1652 949 109 30 sådan

1027 998 215 39 proposition
1279 999 34 39 ej
1346 1008 122 21 senare
1504 998 143 38 avlåtas,
1682 999 82 30 med

1028 1048 134 30 mindre
1202 1048 195 40 Konungen
1435 1050 129 39 prövar
1603 1050 160 40 uppskov

1027 1099 79 29 med
1130 1098 306 40 framställningen
1464 1100 104 29 lända
1595 1100 90 30 riket
1711 1098 53 30 till

1027 1157 79 21 men
1145 1149 83 30 eller
1267 1149 100 40 eljest
1404 1150 120 39 finner
1563 1150 198 39 synnerliga

1027 1199 77 29 skäl
1117 1199 169 40 föreligga
1302 1200 56 39 för
1374 1200 79 29 dess
1471 1200 194 30 avlåtande.

1350 1317 15 37 8
1387 1318 52 30 55.

1073 1374 27 30 1.
1137 1375 132 30 Motion
1303 1376 58 30 må
1395 1386 42 21 av
1471 1377 246 40 riksdagsman
1751 1378 11 29 i

1027 1425 66 29 den
1109 1426 191 35 kammare,
1316 1426 70 31 han
1403 1427 130 35 tillhör,
1550 1428 100 39 göras
1666 1428 96 30 inom

1026 1474 133 39 femton
1178 1476 109 39 dagar
1306 1477 77 29 från
1404 1477 67 30 den
1491 1477 77 40 dag,
1582 1477 43 30 då
1637 1487 125 30 propo-

1027 1525 148 30 sitionen
1212 1526 179 40 angående
1430 1528 228 29 statsverkets
1696 1527 67 30 till-

1026 1575 103 30 stånd
1151 1576 65 30 och
1241 1576 109 31 behov
1373 1577 81 30 kom
1479 1577 205 30 kammaren
1711 1576 52 30 till

1026 1626 126 29 handa.

1072 1675 141 35 Motion,
1241 1685 74 20 som
1338 1676 202 30 föranledes
1567 1686 41 21 av
1632 1677 127 40 Kungl.

1024 1726 226 39 proposition,
1267 1727 115 30 vilken
1397 1727 88 30 efter
1498 1728 199 41 öppnandet
1709 1728 52 31 till

1027 1776 185 39 riksdagen
1229 1773 206 42 avlämnats,
1453 1778 58 30 må
1529 1779 88 29 dock
1633 1780 129 30 väckas

1027 1826 62 30 sist
1110 1827 57 29 vid
1189 1827 58 31 det
1270 1830 270 33 sammanträde,
1564 1839 73 20 som
1658 1830 104 29 infal-

1027 1877 49 29 ler
1095 1878 79 29 näst
1196 1878 89 31 efter
1306 1879 47 29 tio
1375 1879 108 39 dagar
1504 1880 79 29 från
1605 1880 57 29 det
1683 1888 79 31 pro-

1025 1927 196 39 positionen
1239 1928 81 30 kom
1339 1928 207 31 kammaren
1565 1929 52 30 till
1632 1930 128 29 handa.

1026 1977 13 29 I
1064 1978 219 32 sistnämnda
1305 1979 62 29 fall
1390 1980 61 38 äge
1475 1980 106 29 likväl
1604 1980 158 30 kamma-

1026 2037 46 24 re,
1094 2028 116 30 därest
1233 2029 68 29 den
1322 2030 79 29 med
1423 2030 139 39 hänsyn
1584 2030 52 29 till
1658 2031 104 30 infal-

1026 2078 101 30 lande
1154 2078 80 39 helg
1261 2079 82 30 eller
1370 2080 163 30 ärendets
1563 2081 197 39 synnerliga

1026 2128 212 40 omfattning
1288 2129 116 30 finner
1455 2130 125 31 sådant
1630 2131 130 39 nödigt,

1025 2179 157 38 medgiva
1215 2180 246 39 utsträckning
1492 2190 43 21 av
1566 2180 195 31 motionsti-

1025 2228 76 35 den,
1124 2229 90 29 dock
1237 2230 114 38 längst
1373 2230 53 29 till
1449 2231 58 29 det
1531 2232 230 29 sammanträ-

1025 2279 52 34 de,
1096 2288 74 21 som
1187 2280 142 30 infaller
1346 2281 79 30 näst
1443 2281 89 30 efter
1549 2281 134 39 femton
1702 2282 59 29 da-

1026 2336 59 31 gar
1104 2329 79 30 från
1203 2330 58 30 det
1279 2330 262 39 propositionen
1562 2330 80 30 kom
1662 2331 99 29 kam-

1024 2388 120 21 maren
1177 2379 54 30 till
1262 2379 125 31 handa.
1419 2381 112 39 Fråga
1563 2390 56 21 om
1651 2382 109 29 sådan

1025 2430 245 39 utsträckning
1290 2430 57 30 må
1367 2431 30 38 ej
1422 2431 130 31 väckas
1574 2440 120 21 senare
1715 2432 45 28 än
