2186 2718
386 171 38 29 14
882 174 283 33 Banko-Utskottets
1189 176 161 33 Memorial
1371 179 65 31 N:o
1459 182 27 28 I.

482 250 261 39 Riksbankens
767 252 129 38 förråd
915 254 40 37 af
975 255 89 89 guld
1091 256 14 36 Å
1131 258 172 89 omyntad
1327 259 94 88 form
1439 344 31 5 v
1451 274 67 23 var
1545 262 63 36 vid
1641 266 92 34 1877
1765 268 59 33 års
1853 266 131 49 början

383 301 181 38 bokfördt
597 304 60 36 till
720 336 92 6 .........
1309 342 115 6 FOG
1566 345 14 5 «
1603 314 63 36 Kr.
1698 318 208 44 3,012,510:
1925 321 45 35 60

480 371 130 37 Under
638 376 81 34 året
746 337 122 74 hafva
874 337 248 76 tillkommit:

382 442 67 33 111
480 445 43 31 st.
561 440 83 37 från
680 441 171 50 England
888 444 245 38 införskrifna
1173 448 274 48 guldplantsar,
1490 451 92 36 bok-

428 490 110 38 förda
565 493 59 36 till
665 525 105 5 .......
1215 498 63 38 Kr.
1308 503 208 44 2,166,241:
1535 505 45 35 64

380 543 196 37 utländskt
594 526 220 69 guldmynt,
832 527 138 70 inköpt
976 528 106 57 efter
1063 633 4 3 r
1102 529 79 109 vigt
1247 565 14 15 »
1395 531 33 67 4,
1434 555 82 35 883:
1534 556 44 35 86

379 597 69 34 869
478 596 200 36 invexlade
707 598 191 36 karoliner
930 631 160 6 .......
1246 614 14 19 »
1395 578 120 78 6,256:
1533 608 46 35 30

378 649 68 34 161
476 647 200 37 invexlade
706 649 161 37 dukater
895 683 282 6 ....mmmme.mmvcummnmn
1395 659 181 41 1,352:40
1629 679 14 19 »
1694 671 207 43 2178,734:
1920 675 46 34 70

1599 735 62 37 Kr.
1692 740 208 42 5,191,245:
1918 744 59 41 30,

375 774 127 36 hvilka
530 778 48 45 på
605 775 164 49 följande
798 783 75 31 sätt
900 779 208 37 redovisas:

373 842 74 37 För
483 845 245 49 utmyntning
764 846 67 36 har
868 846 133 50 Kongl.
1030 854 147 43 myntet

424 896 176 44 användt,
642 902 106 30 utom
785 898 45 35 de
864 898 11 35 i
902 879 227 68 föregående
1158 898 17 48 $

423 924 225 59 omnämnda
677 950 19 33 2
702 950 83 42 ,000
814 950 156 47 stycken
998 952 178 46 engelska

422 994 231 56 sovereigns,
683 977 79 58 dels
790 1001 263 48 nyssberörda,
1090 1002 82 37 från

420 1047 171 51 England
620 1050 177 37 inkomna
828 1053 263 48 guldplantsar
1125 1086 38 5 .....
1208 1055 61 37 Kr.
1301 1059 207 44 2,166,241:
1528 1061 43 35 64

371 1099 79 37 dels
478 1079 85 58 utaf
587 1101 64 37 det
677 1102 64 36 vid
769 1103 134 48 Kongl.
925 1110 145 43 myntet
1089 1105 82 37 från

421 1154 40 32 år
492 1154 92 34 1876
615 1154 310 58 qvarliggande
902 1149 85 67 guld
999 1149 37 67 ..
1225 1169 14 20 »
1298 1162 208 42 2,042,743:
1525 1164 44 34 92

368 1207 97 31 samt
493 1203 79 36 dels
593 1203 95 37 efter
713 1206 81 85 vigt
809 1184 133 70 inköpt
956 1187 214 69 guldmynt,

418 1252 180 38 bokfördt
624 1255 99 37 till
700 1248 25 54 .
1223 1271 14 20 »
1384 1264 120 42 5,240:
1522 1266 45 34 94

368 1303 74 36 Till
471 1305 168 36 enskilde
669 1314 64 28 äro
752 1288 183 56 försålda
944 1289 57 56 12
963 1391 25 5 2
1009 1289 159 108 stycken

415 1356 264 47 guldplantsar
706 1357 93 37 för
885 1391 27 5 ..........
1222 1374 14 18 »
1334 1365 169 43 184,422:
1521 1367 44 35 86

365 1407 71 35 och
466 1409 69 35 243
565 1414 44 30 st.
643 1390 191 56 dukater.
976 1443 24 4 fr
1018 1443 149 5 setenrenneaen
1222 1424 14 19 ND
1383 1417 119 42 2,041:
1521 1419 46 34 20
1587 1425 62 37 Kr.
1680 1429 209 44 4,400,690:
1908 1433 44 33 56

362 1483 277 50 Behållningen
666 1486 64 36 vid
760 1489 92 34 1877
892 1490 59 33 års
979 1489 77 35 slut
1089 1440 219 102 utgjorde...
1482 1524 4 4 .
1611 1508 15 15 »
1718 1498 170 43 790,554:
1906 1501 59 42 74,

413 1534 137 37 hvaraf
566 1514 144 59 största
739 1537 111 37 delen
878 1539 93 36 eller
999 1542 155 42 778,951
1185 1522 144 55 kronor
1349 1523 39 56 52
1418 1549 63 30 öre
1493 1524 71 56 be-

412 1585 94 45 fans,
551 1586 59 36 för
651 1593 56 30 att
748 1595 203 43 utmyntas,
998 1568 270 71 qvarliggande
1314 1594 63 35 vid
1426 1594 135 48 Kongl.

412 1642 158 43 myntet,
613 1639 68 35 och
720 1639 64 36 det
824 1640 121 48 öfriga
981 1648 154 41 utgöres
1164 1642 40 36 af
1232 1644 196 37 utländskt
1455 1624 108 69 guld-

412 1694 117 41 mynt,
571 1689 134 49 inköpt
742 1690 95 37 efter
873 1670 92 69 vigt,
1002 1692 59 37 för
1100 1696 103 43 1,891
1243 1695 140 37 kronor
1413 1675 63 58 62
1498 1703 63 30 öre

410 1762 97 30 samt
544 1759 105 43 9,711
689 1758 141 37 kronor
864 1762 45 34 60
938 1767 63 29 öre
1030 1761 12 34 i
1071 1761 161 36 dukater
1261 1763 71 35 och
1360 1764 201 37 karoliner.
1583 1766 62 36 Kr.
1676 1770 208 44 5,191,245:
1902 1773 57 35 30.

456 2009 73 37 Det
569 2011 126 45 silfver
730 2013 14 35 i
779 2015 170 46 omyntad
982 2015 97 46 form
1115 2016 58 35 till
1210 2017 137 48 belopp
1383 2017 40 36 af
1448 2021 158 42 238,412
1636 2021 140 37 kronor
1805 2026 45 34 60
1879 2031 76 38 öre,

355 2061 211 38 beräknadt
595 2062 95 36 efter
719 2066 44 34 65
792 2065 141 36 kronor
960 2065 59 37 för
1047 2066 128 48 hvarje
1195 2068 198 48 skålpund,
1417 2082 78 23 som
1515 2049 240 60 Riksbanken
1776 2075 64 35 vid
1861 2054 94 58 1877

356 2115 58 32 års
442 2112 131 49 början
603 2114 107 47 egde,
747 2115 67 36 har
851 2117 120 35 under
1004 2118 130 47 loppet
1167 2118 40 36 af
1234 2132 140 24 samma
1403 2124 40 32 år
1471 2121 125 38 blifvit
1624 2123 80 37 dels
1732 2125 58 35 till
1819 2126 134 50 Kongl.

354 2169 147 43 myntet
529 2164 69 37 och
628 2166 79 36 dels
736 2167 57 35 till
822 2168 169 36 enskilde
1020 2168 194 49 afyttradt.
