<?xml version="1.0" encoding="UTF-8"?>
<alto xmlns="http://www.loc.gov/standards/alto/ns-v3#" xmlns:xlink="http://www.w3.org/1999/xlink" xmlns:xsi="http://www.w3.org/2001/XMLSchema-instance" xsi:schemaLocation="http://www.loc.gov/standards/alto/ns-v3# http://www.loc.gov/alto/v3/alto-3-0.xsd">
	<Description>
		<MeasurementUnit>pixel</MeasurementUnit>
		<sourceImageInformation>
			<fileName>/tmp/tess_k78gi2zo_input.PNG</fileName>
		</sourceImageInformation>
		<OCRProcessing ID="OCR_0">
			<ocrProcessingStep>
				<processingSoftware>
					<softwareName>tesseract 5.3.0</softwareName>
				</processingSoftware>
			</ocrProcessingStep>
		</OCRProcessing>
	</Description>
	<Layout>
		<Page WIDTH="2173" HEIGHT="2714" PHYSICAL_IMG_NR="0" ID="page_0">
			<PrintSpace HPOS="0" VPOS="0" WIDTH="2173" HEIGHT="2714">
				<ComposedBlock ID="cblock_0" HPOS="393" VPOS="202" WIDTH="1104" HEIGHT="33">
					<TextBlock ID="block_0" HPOS="393" VPOS="202" WIDTH="1104" HEIGHT="33">
						<TextLine ID="line_0" HPOS="393" VPOS="202" WIDTH="1104" HEIGHT="33">
							<String ID="string_0" HPOS="393" VPOS="206" WIDTH="38" HEIGHT="28" WC="0.96" CONTENT="32"/><SP WIDTH="456" VPOS="206" HPOS="431"/>
							<String ID="string_1" HPOS="887" VPOS="202" WIDTH="287" HEIGHT="32" WC="0.90" CONTENT="Banko-Utskottets"/><SP WIDTH="23" VPOS="202" HPOS="1174"/>
							<String ID="string_2" HPOS="1197" VPOS="202" WIDTH="162" HEIGHT="33" WC="0.92" CONTENT="Memorial"/><SP WIDTH="22" VPOS="202" HPOS="1359"/>
							<String ID="string_3" HPOS="1381" VPOS="202" WIDTH="65" HEIGHT="33" WC="0.93" CONTENT="N:o"/><SP WIDTH="24" VPOS="202" HPOS="1446"/>
							<String ID="string_4" HPOS="1470" VPOS="204" WIDTH="27" HEIGHT="30" WC="0.56" CONTENT="1."/>
						</TextLine>
					</TextBlock>
				</ComposedBlock>
				<ComposedBlock ID="cblock_1" HPOS="392" VPOS="283" WIDTH="1606" HEIGHT="141">
					<TextBlock ID="block_1" HPOS="392" VPOS="283" WIDTH="1606" HEIGHT="141">
						<TextLine ID="line_1" HPOS="392" VPOS="283" WIDTH="1606" HEIGHT="50">
							<String ID="string_5" HPOS="392" VPOS="283" WIDTH="163" HEIGHT="49" WC="0.93" CONTENT="Augusti"/><SP WIDTH="35" VPOS="283" HPOS="555"/>
							<String ID="string_6" HPOS="590" VPOS="285" WIDTH="134" HEIGHT="44" WC="0.86" CONTENT="75,000"/><SP WIDTH="29" VPOS="285" HPOS="724"/>
							<String ID="string_7" HPOS="753" VPOS="284" WIDTH="159" HEIGHT="45" WC="0.93" CONTENT="kronor;"/><SP WIDTH="29" VPOS="284" HPOS="912"/>
							<String ID="string_8" HPOS="941" VPOS="284" WIDTH="208" HEIGHT="49" WC="0.90" CONTENT="hvarjemte"/><SP WIDTH="29" VPOS="284" HPOS="1149"/>
							<String ID="string_9" HPOS="1178" VPOS="288" WIDTH="48" HEIGHT="45" WC="0.96" CONTENT="på"/><SP WIDTH="27" VPOS="288" HPOS="1226"/>
							<String ID="string_10" HPOS="1253" VPOS="297" WIDTH="140" HEIGHT="24" WC="0.96" CONTENT="samma"/><SP WIDTH="29" VPOS="297" HPOS="1393"/>
							<String ID="string_11" HPOS="1422" VPOS="289" WIDTH="75" HEIGHT="32" WC="0.96" CONTENT="sätt"/><SP WIDTH="27" VPOS="289" HPOS="1497"/>
							<String ID="string_12" HPOS="1524" VPOS="284" WIDTH="122" HEIGHT="36" WC="0.96" CONTENT="under"/><SP WIDTH="27" VPOS="284" HPOS="1646"/>
							<String ID="string_13" HPOS="1673" VPOS="284" WIDTH="255" HEIGHT="37" WC="0.96" CONTENT="innevarande"/><SP WIDTH="30" VPOS="284" HPOS="1928"/>
							<String ID="string_14" HPOS="1958" VPOS="288" WIDTH="40" HEIGHT="32" WC="0.96" CONTENT="år"/>
						</TextLine>
						<TextLine ID="line_2" HPOS="393" VPOS="335" WIDTH="1605" HEIGHT="51">
							<String ID="string_15" HPOS="393" VPOS="335" WIDTH="394" HEIGHT="49" WC="0.91" CONTENT="afdelningskontoret"/><SP WIDTH="28" VPOS="335" HPOS="787"/>
							<String ID="string_16" HPOS="815" VPOS="336" WIDTH="11" HEIGHT="35" WC="0.96" CONTENT="i"/><SP WIDTH="28" VPOS="336" HPOS="826"/>
							<String ID="string_17" HPOS="854" VPOS="335" WIDTH="117" HEIGHT="37" WC="0.96" CONTENT="Luleå"/><SP WIDTH="28" VPOS="335" HPOS="971"/>
							<String ID="string_18" HPOS="999" VPOS="335" WIDTH="72" HEIGHT="38" WC="0.96" CONTENT="fått"/><SP WIDTH="28" VPOS="335" HPOS="1071"/>
							<String ID="string_19" HPOS="1099" VPOS="337" WIDTH="56" HEIGHT="49" WC="0.96" CONTENT="sig"/><SP WIDTH="27" VPOS="337" HPOS="1155"/>
							<String ID="string_20" HPOS="1182" VPOS="336" WIDTH="196" HEIGHT="37" WC="0.92" CONTENT="tilldelade"/><SP WIDTH="30" VPOS="336" HPOS="1378"/>
							<String ID="string_21" HPOS="1408" VPOS="338" WIDTH="134" HEIGHT="44" WC="0.90" CONTENT="50,000"/><SP WIDTH="36" VPOS="338" HPOS="1542"/>
							<String ID="string_22" HPOS="1578" VPOS="336" WIDTH="151" HEIGHT="45" WC="0.96" CONTENT="kronor,"/><SP WIDTH="35" VPOS="336" HPOS="1729"/>
							<String ID="string_23" HPOS="1764" VPOS="339" WIDTH="40" HEIGHT="34" WC="0.95" CONTENT="så"/><SP WIDTH="41" VPOS="339" HPOS="1804"/>
							<String ID="string_24" HPOS="1845" VPOS="341" WIDTH="55" HEIGHT="32" WC="0.95" CONTENT="att"/><SP WIDTH="40" VPOS="341" HPOS="1900"/>
							<String ID="string_25" HPOS="1940" VPOS="335" WIDTH="58" HEIGHT="37" WC="0.96" CONTENT="för"/>
						</TextLine>
						<TextLine ID="line_3" HPOS="393" VPOS="387" WIDTH="562" HEIGHT="37">
							<String ID="string_26" HPOS="393" VPOS="387" WIDTH="234" HEIGHT="37" WC="0.93" CONTENT="närvarande"/><SP WIDTH="29" VPOS="387" HPOS="627"/>
							<String ID="string_27" HPOS="656" VPOS="387" WIDTH="220" HEIGHT="37" WC="0.90" CONTENT="innehafves"/><SP WIDTH="28" VPOS="387" HPOS="876"/>
							<String ID="string_28" HPOS="904" VPOS="387" WIDTH="51" HEIGHT="37" WC="0.96" CONTENT="af:"/>
						</TextLine>
					</TextBlock>
				</ComposedBlock>
				<ComposedBlock ID="cblock_2" HPOS="592" VPOS="456" WIDTH="1193" HEIGHT="257">
					<TextBlock ID="block_2" HPOS="592" VPOS="456" WIDTH="1193" HEIGHT="257">
						<TextLine ID="line_4" HPOS="592" VPOS="456" WIDTH="1193" HEIGHT="47">
							<String ID="string_29" HPOS="592" VPOS="456" WIDTH="330" HEIGHT="37" WC="0.72" CONTENT="hufvudkontoret"/><SP WIDTH="33" VPOS="456" HPOS="922"/>
							<String ID="string_30" HPOS="955" VPOS="488" WIDTH="394" HEIGHT="6" WC="0.0" CONTENT="smssmmmmmmenuaeisnn"/><SP WIDTH="30" VPOS="488" HPOS="1349"/>
							<String ID="string_31" HPOS="1379" VPOS="456" WIDTH="63" HEIGHT="36" WC="0.87" CONTENT="Kr."/><SP WIDTH="55" VPOS="456" HPOS="1442"/>
							<String ID="string_32" HPOS="1497" VPOS="459" WIDTH="210" HEIGHT="44" WC="0.72" CONTENT="4,925,000:"/><SP WIDTH="29" VPOS="459" HPOS="1707"/>
							<String ID="string_33" HPOS="1736" VPOS="476" WIDTH="49" HEIGHT="5" WC="0.92" CONTENT="—"/>
						</TextLine>
						<TextLine ID="line_5" HPOS="592" VPOS="506" WIDTH="1193" HEIGHT="52">
							<String ID="string_34" HPOS="592" VPOS="508" WIDTH="394" HEIGHT="50" WC="0.89" CONTENT="afdelningskontoret"/><SP WIDTH="28" VPOS="508" HPOS="986"/>
							<String ID="string_35" HPOS="1014" VPOS="509" WIDTH="11" HEIGHT="36" WC="0.93" CONTENT="i"/><SP WIDTH="30" VPOS="509" HPOS="1025"/>
							<String ID="string_36" HPOS="1055" VPOS="506" WIDTH="295" HEIGHT="51" WC="0.86" CONTENT="Göteborg........."/><SP WIDTH="55" VPOS="506" HPOS="1350"/>
							<String ID="string_37" HPOS="1405" VPOS="518" WIDTH="18" HEIGHT="24" WC="0.80" CONTENT="»"/><SP WIDTH="76" VPOS="518" HPOS="1423"/>
							<String ID="string_38" HPOS="1499" VPOS="511" WIDTH="208" HEIGHT="43" WC="0.0" CONTENT="—2,825,000:"/><SP WIDTH="29" VPOS="511" HPOS="1707"/>
							<String ID="string_39" HPOS="1736" VPOS="529" WIDTH="49" HEIGHT="4" WC="0.83" CONTENT="—"/>
						</TextLine>
						<TextLine ID="line_6" HPOS="780" VPOS="559" WIDTH="1005" HEIGHT="47">
							<String ID="string_40" HPOS="780" VPOS="570" WIDTH="17" HEIGHT="24" WC="0.92" CONTENT="»"/><SP WIDTH="217" VPOS="570" HPOS="797"/>
							<String ID="string_41" HPOS="1014" VPOS="560" WIDTH="11" HEIGHT="36" WC="0.95" CONTENT="i"/><SP WIDTH="27" VPOS="560" HPOS="1025"/>
							<String ID="string_42" HPOS="1052" VPOS="559" WIDTH="137" HEIGHT="37" WC="0.91" CONTENT="Malmö"/><SP WIDTH="36" VPOS="559" HPOS="1189"/>
							<String ID="string_43" HPOS="1225" VPOS="592" WIDTH="124" HEIGHT="5" WC="0.45" CONTENT="......."/><SP WIDTH="56" VPOS="592" HPOS="1349"/>
							<String ID="string_44" HPOS="1405" VPOS="569" WIDTH="18" HEIGHT="24" WC="0.76" CONTENT="&gt;"/><SP WIDTH="44" VPOS="569" HPOS="1423"/>
							<String ID="string_45" HPOS="1467" VPOS="555" WIDTH="18" HEIGHT="55" WC="0.8" CONTENT="-"/><SP WIDTH="15" VPOS="555" HPOS="1485"/>
							<String ID="string_46" HPOS="1500" VPOS="562" WIDTH="208" HEIGHT="44" WC="0.24" CONTENT="1,500,000:"/><SP WIDTH="29" VPOS="562" HPOS="1708"/>
							<String ID="string_47" HPOS="1737" VPOS="580" WIDTH="48" HEIGHT="4" WC="0.89" CONTENT="—"/>
						</TextLine>
						<TextLine ID="line_7" HPOS="780" VPOS="611" WIDTH="1004" HEIGHT="47">
							<String ID="string_48" HPOS="780" VPOS="622" WIDTH="17" HEIGHT="24" WC="0.92" CONTENT="»"/><SP WIDTH="218" VPOS="622" HPOS="797"/>
							<String ID="string_49" HPOS="1015" VPOS="613" WIDTH="10" HEIGHT="35" WC="0.94" CONTENT="i"/><SP WIDTH="29" VPOS="613" HPOS="1025"/>
							<String ID="string_50" HPOS="1054" VPOS="611" WIDTH="118" HEIGHT="37" WC="0.60" CONTENT="Luleå"/><SP WIDTH="18" VPOS="611" HPOS="1172"/>
							<String ID="string_51" HPOS="1190" VPOS="644" WIDTH="159" HEIGHT="5" WC="0.0" CONTENT="on..."/><SP WIDTH="56" VPOS="644" HPOS="1349"/>
							<String ID="string_52" HPOS="1405" VPOS="621" WIDTH="18" HEIGHT="24" WC="0.92" CONTENT="»"/><SP WIDTH="113" VPOS="621" HPOS="1423"/>
							<String ID="string_53" HPOS="1536" VPOS="615" WIDTH="171" HEIGHT="43" WC="0.53" CONTENT="350,000:"/><SP WIDTH="29" VPOS="615" HPOS="1707"/>
							<String ID="string_54" HPOS="1736" VPOS="636" WIDTH="48" HEIGHT="4" WC="0.91" CONTENT="—"/>
						</TextLine>
						<TextLine ID="line_8" HPOS="780" VPOS="663" WIDTH="1001" HEIGHT="50">
							<String ID="string_55" HPOS="780" VPOS="674" WIDTH="18" HEIGHT="23" WC="0.91" CONTENT="»"/><SP WIDTH="217" VPOS="674" HPOS="798"/>
							<String ID="string_56" HPOS="1015" VPOS="664" WIDTH="11" HEIGHT="35" WC="0.89" CONTENT="i"/><SP WIDTH="28" VPOS="664" HPOS="1026"/>
							<String ID="string_57" HPOS="1054" VPOS="663" WIDTH="294" HEIGHT="50" WC="0.40" CONTENT="Wisby..........."/><SP WIDTH="56" VPOS="663" HPOS="1348"/>
							<String ID="string_58" HPOS="1404" VPOS="673" WIDTH="17" HEIGHT="24" WC="0.92" CONTENT="»"/><SP WIDTH="114" VPOS="673" HPOS="1421"/>
							<String ID="string_59" HPOS="1535" VPOS="666" WIDTH="171" HEIGHT="42" WC="0.91" CONTENT="200,000:"/><SP WIDTH="31" VPOS="666" HPOS="1706"/>
							<String ID="string_60" HPOS="1737" VPOS="684" WIDTH="44" HEIGHT="4" WC="0.89" CONTENT="—"/>
						</TextLine>
					</TextBlock>
				</ComposedBlock>
				<ComposedBlock ID="cblock_3" HPOS="1294" VPOS="733" WIDTH="501" HEIGHT="45">
					<TextBlock ID="block_3" HPOS="1294" VPOS="733" WIDTH="501" HEIGHT="45">
						<TextLine ID="line_9" HPOS="1294" VPOS="733" WIDTH="501" HEIGHT="45">
							<String ID="string_61" HPOS="1294" VPOS="733" WIDTH="149" HEIGHT="35" WC="0.90" CONTENT="Kronor"/><SP WIDTH="30" VPOS="733" HPOS="1443"/>
							<String ID="string_62" HPOS="1473" VPOS="735" WIDTH="234" HEIGHT="43" WC="0.90" CONTENT="10,000,000:"/><SP WIDTH="29" VPOS="735" HPOS="1707"/>
							<String ID="string_63" HPOS="1736" VPOS="752" WIDTH="59" HEIGHT="16" WC="0.89" CONTENT="—"/>
						</TextLine>
					</TextBlock>
				</ComposedBlock>
				<ComposedBlock ID="cblock_4" HPOS="393" VPOS="816" WIDTH="1605" HEIGHT="101">
					<TextBlock ID="block_4" HPOS="393" VPOS="816" WIDTH="1605" HEIGHT="101">
						<TextLine ID="line_10" HPOS="492" VPOS="816" WIDTH="1506" HEIGHT="51">
							<String ID="string_64" HPOS="492" VPOS="816" WIDTH="52" HEIGHT="37" WC="0.95" CONTENT="Af"/><SP WIDTH="29" VPOS="816" HPOS="544"/>
							<String ID="string_65" HPOS="573" VPOS="817" WIDTH="46" HEIGHT="36" WC="0.95" CONTENT="de"/><SP WIDTH="32" VPOS="817" HPOS="619"/>
							<String ID="string_66" HPOS="651" VPOS="817" WIDTH="59" HEIGHT="36" WC="0.96" CONTENT="för"/><SP WIDTH="34" VPOS="817" HPOS="710"/>
							<String ID="string_67" HPOS="744" VPOS="817" WIDTH="106" HEIGHT="50" WC="0.93" CONTENT="dylik"/><SP WIDTH="32" VPOS="817" HPOS="850"/>
							<String ID="string_68" HPOS="882" VPOS="818" WIDTH="230" HEIGHT="36" WC="0.93" CONTENT="lånerörelse"/><SP WIDTH="34" VPOS="818" HPOS="1112"/>
							<String ID="string_69" HPOS="1146" VPOS="817" WIDTH="197" HEIGHT="38" WC="0.96" CONTENT="bestämda"/><SP WIDTH="28" VPOS="817" HPOS="1343"/>
							<String ID="string_70" HPOS="1371" VPOS="817" WIDTH="124" HEIGHT="37" WC="0.96" CONTENT="medel"/><SP WIDTH="27" VPOS="817" HPOS="1495"/>
							<String ID="string_71" HPOS="1522" VPOS="831" WIDTH="93" HEIGHT="24" WC="0.96" CONTENT="voro"/><SP WIDTH="30" VPOS="831" HPOS="1615"/>
							<String ID="string_72" HPOS="1645" VPOS="818" WIDTH="120" HEIGHT="49" WC="0.95" CONTENT="enligt"/><SP WIDTH="27" VPOS="818" HPOS="1765"/>
							<String ID="string_73" HPOS="1792" VPOS="822" WIDTH="126" HEIGHT="32" WC="0.93" CONTENT="senast"/><SP WIDTH="28" VPOS="822" HPOS="1918"/>
							<String ID="string_74" HPOS="1946" VPOS="817" WIDTH="52" HEIGHT="36" WC="0.92" CONTENT="af-"/>
						</TextLine>
						<TextLine ID="line_11" HPOS="393" VPOS="868" WIDTH="1118" HEIGHT="49">
							<String ID="string_75" HPOS="393" VPOS="869" WIDTH="126" HEIGHT="48" WC="0.39" CONTENT="gilven"/><SP WIDTH="30" VPOS="869" HPOS="519"/>
							<String ID="string_76" HPOS="549" VPOS="876" WIDTH="158" HEIGHT="41" WC="0.96" CONTENT="rapport"/><SP WIDTH="27" VPOS="876" HPOS="707"/>
							<String ID="string_77" HPOS="734" VPOS="868" WIDTH="60" HEIGHT="37" WC="0.96" CONTENT="för"/><SP WIDTH="28" VPOS="868" HPOS="794"/>
							<String ID="string_78" HPOS="822" VPOS="869" WIDTH="73" HEIGHT="35" WC="0.96" CONTENT="den"/><SP WIDTH="30" VPOS="869" HPOS="895"/>
							<String ID="string_79" HPOS="925" VPOS="872" WIDTH="44" HEIGHT="33" WC="0.96" CONTENT="12"/><SP WIDTH="30" VPOS="872" HPOS="969"/>
							<String ID="string_80" HPOS="999" VPOS="869" WIDTH="140" HEIGHT="36" WC="0.96" CONTENT="dennes"/><SP WIDTH="30" VPOS="869" HPOS="1139"/>
							<String ID="string_81" HPOS="1169" VPOS="877" WIDTH="99" HEIGHT="28" WC="0.96" CONTENT="ännu"/><SP WIDTH="31" VPOS="877" HPOS="1268"/>
							<String ID="string_82" HPOS="1299" VPOS="870" WIDTH="212" HEIGHT="36" WC="0.95" CONTENT="oanvända:"/>
						</TextLine>
					</TextBlock>
				</ComposedBlock>
				<ComposedBlock ID="cblock_5" HPOS="592" VPOS="920" WIDTH="1193" HEIGHT="422">
					<TextBlock ID="block_5" HPOS="592" VPOS="920" WIDTH="1193" HEIGHT="255">
						<TextLine ID="line_12" HPOS="592" VPOS="920" WIDTH="1190" HEIGHT="46">
							<String ID="string_83" HPOS="592" VPOS="920" WIDTH="62" HEIGHT="37" WC="0.93" CONTENT="vid"/><SP WIDTH="30" VPOS="920" HPOS="654"/>
							<String ID="string_84" HPOS="684" VPOS="920" WIDTH="328" HEIGHT="37" WC="0.83" CONTENT="hufvudkontoret"/><SP WIDTH="35" VPOS="920" HPOS="1012"/>
							<String ID="string_85" HPOS="1047" VPOS="952" WIDTH="327" HEIGHT="6" WC="0.45" CONTENT="........................"/><SP WIDTH="30" VPOS="952" HPOS="1374"/>
							<String ID="string_86" HPOS="1404" VPOS="920" WIDTH="63" HEIGHT="37" WC="0.92" CONTENT="Kr."/><SP WIDTH="32" VPOS="920" HPOS="1467"/>
							<String ID="string_87" HPOS="1499" VPOS="922" WIDTH="207" HEIGHT="44" WC="0.90" CONTENT="1,527,721:"/><SP WIDTH="32" VPOS="922" HPOS="1706"/>
							<String ID="string_88" HPOS="1738" VPOS="923" WIDTH="44" HEIGHT="34" WC="0.96" CONTENT="26"/>
						</TextLine>
						<TextLine ID="line_13" HPOS="617" VPOS="971" WIDTH="1168" HEIGHT="50">
							<String ID="string_89" HPOS="617" VPOS="981" WIDTH="17" HEIGHT="24" WC="0.77" CONTENT="»"/><SP WIDTH="54" VPOS="981" HPOS="634"/>
							<String ID="string_90" HPOS="688" VPOS="971" WIDTH="396" HEIGHT="50" WC="0.73" CONTENT="afdelningskontoret"/><SP WIDTH="26" VPOS="971" HPOS="1084"/>
							<String ID="string_91" HPOS="1110" VPOS="973" WIDTH="11" HEIGHT="35" WC="0.96" CONTENT="i"/><SP WIDTH="27" VPOS="973" HPOS="1121"/>
							<String ID="string_92" HPOS="1148" VPOS="971" WIDTH="226" HEIGHT="50" WC="0.31" CONTENT="Göteborg..."/><SP WIDTH="56" VPOS="971" HPOS="1374"/>
							<String ID="string_93" HPOS="1430" VPOS="982" WIDTH="17" HEIGHT="23" WC="0.64" CONTENT="&gt;»"/><SP WIDTH="139" VPOS="982" HPOS="1447"/>
							<String ID="string_94" HPOS="1586" VPOS="975" WIDTH="120" HEIGHT="43" WC="0.81" CONTENT="3,822:"/><SP WIDTH="30" VPOS="975" HPOS="1706"/>
							<String ID="string_95" HPOS="1736" VPOS="992" WIDTH="49" HEIGHT="3" WC="0.81" CONTENT="—"/>
						</TextLine>
						<TextLine ID="line_14" HPOS="616" VPOS="1023" WIDTH="1167" HEIGHT="46">
							<String ID="string_96" HPOS="616" VPOS="1033" WIDTH="18" HEIGHT="23" WC="0.92" CONTENT="»"/><SP WIDTH="242" VPOS="1033" HPOS="634"/>
							<String ID="string_97" HPOS="876" VPOS="1033" WIDTH="17" HEIGHT="24" WC="0.92" CONTENT="»"/><SP WIDTH="216" VPOS="1033" HPOS="893"/>
							<String ID="string_98" HPOS="1109" VPOS="1025" WIDTH="11" HEIGHT="35" WC="0.95" CONTENT="i"/><SP WIDTH="28" VPOS="1025" HPOS="1120"/>
							<String ID="string_99" HPOS="1148" VPOS="1023" WIDTH="136" HEIGHT="37" WC="0.91" CONTENT="Malmö"/><SP WIDTH="32" VPOS="1023" HPOS="1284"/>
							<String ID="string_100" HPOS="1316" VPOS="1055" WIDTH="59" HEIGHT="6" WC="0.71" CONTENT="......"/><SP WIDTH="55" VPOS="1055" HPOS="1375"/>
							<String ID="string_101" HPOS="1430" VPOS="1033" WIDTH="18" HEIGHT="23" WC="0.91" CONTENT="»"/><SP WIDTH="138" VPOS="1033" HPOS="1448"/>
							<String ID="string_102" HPOS="1586" VPOS="1026" WIDTH="120" HEIGHT="43" WC="0.87" CONTENT="3,412:"/><SP WIDTH="31" VPOS="1026" HPOS="1706"/>
							<String ID="string_103" HPOS="1737" VPOS="1026" WIDTH="46" HEIGHT="34" WC="0.94" CONTENT="54"/>
						</TextLine>
						<TextLine ID="line_15" HPOS="616" VPOS="1075" WIDTH="1166" HEIGHT="43">
							<String ID="string_104" HPOS="616" VPOS="1084" WIDTH="18" HEIGHT="23" WC="0.91" CONTENT="»"/><SP WIDTH="241" VPOS="1084" HPOS="634"/>
							<String ID="string_105" HPOS="875" VPOS="1085" WIDTH="18" HEIGHT="23" WC="0.91" CONTENT="»"/><SP WIDTH="216" VPOS="1085" HPOS="893"/>
							<String ID="string_106" HPOS="1109" VPOS="1076" WIDTH="11" HEIGHT="35" WC="0.96" CONTENT="i"/><SP WIDTH="28" VPOS="1076" HPOS="1120"/>
							<String ID="string_107" HPOS="1148" VPOS="1075" WIDTH="118" HEIGHT="37" WC="0.85" CONTENT="Luleå"/><SP WIDTH="4" VPOS="1075" HPOS="1266"/>
							<String ID="string_108" HPOS="1270" VPOS="1071" WIDTH="38" HEIGHT="54" WC="0.35" CONTENT="..."/><SP WIDTH="18" VPOS="1071" HPOS="1308"/>
							<String ID="string_109" HPOS="1326" VPOS="1107" WIDTH="49" HEIGHT="5" WC="0.60" CONTENT="....."/><SP WIDTH="56" VPOS="1107" HPOS="1375"/>
							<String ID="string_110" HPOS="1431" VPOS="1084" WIDTH="17" HEIGHT="25" WC="0.93" CONTENT="»"/><SP WIDTH="113" VPOS="1084" HPOS="1448"/>
							<String ID="string_111" HPOS="1561" VPOS="1078" WIDTH="146" HEIGHT="40" WC="0.90" CONTENT="51,007:"/><SP WIDTH="31" VPOS="1078" HPOS="1707"/>
							<String ID="string_112" HPOS="1738" VPOS="1077" WIDTH="44" HEIGHT="35" WC="0.90" CONTENT="25"/>
						</TextLine>
						<TextLine ID="line_16" HPOS="618" VPOS="1127" WIDTH="1167" HEIGHT="48">
							<String ID="string_113" HPOS="618" VPOS="1136" WIDTH="17" HEIGHT="23" WC="0.93" CONTENT="»"/><SP WIDTH="241" VPOS="1136" HPOS="635"/>
							<String ID="string_114" HPOS="876" VPOS="1136" WIDTH="17" HEIGHT="22" WC="0.89" CONTENT="»"/><SP WIDTH="217" VPOS="1136" HPOS="893"/>
							<String ID="string_115" HPOS="1110" VPOS="1127" WIDTH="11" HEIGHT="34" WC="0.83" CONTENT="i"/><SP WIDTH="29" VPOS="1127" HPOS="1121"/>
							<String ID="string_116" HPOS="1150" VPOS="1127" WIDTH="226" HEIGHT="48" WC="0.37" CONTENT="Wisby..."/><SP WIDTH="55" VPOS="1127" HPOS="1376"/>
							<String ID="string_117" HPOS="1431" VPOS="1136" WIDTH="17" HEIGHT="23" WC="0.92" CONTENT="»"/><SP WIDTH="138" VPOS="1136" HPOS="1448"/>
							<String ID="string_118" HPOS="1586" VPOS="1129" WIDTH="121" HEIGHT="42" WC="0.91" CONTENT="2,900:"/><SP WIDTH="29" VPOS="1129" HPOS="1707"/>
							<String ID="string_119" HPOS="1736" VPOS="1145" WIDTH="49" HEIGHT="5" WC="0.90" CONTENT="—"/>
						</TextLine>
					</TextBlock>
					<TextBlock ID="block_6" HPOS="1143" VPOS="1293" WIDTH="126" HEIGHT="49">
						<TextLine ID="line_17" HPOS="1143" VPOS="1293" WIDTH="126" HEIGHT="49">
							<String ID="string_120" HPOS="1143" VPOS="1293" WIDTH="18" HEIGHT="49" WC="0.88" CONTENT="$"/><SP WIDTH="30" VPOS="1293" HPOS="1161"/>
							<String ID="string_121" HPOS="1191" VPOS="1298" WIDTH="78" HEIGHT="35" WC="0.3" CONTENT="23.”"/>
						</TextLine>
					</TextBlock>
				</ComposedBlock>
				<ComposedBlock ID="cblock_6" HPOS="391" VPOS="1414" WIDTH="1606" HEIGHT="459">
					<TextBlock ID="block_7" HPOS="391" VPOS="1414" WIDTH="1606" HEIGHT="459">
						<TextLine ID="line_18" HPOS="491" VPOS="1414" WIDTH="1504" HEIGHT="48">
							<String ID="string_122" HPOS="491" VPOS="1415" WIDTH="17" HEIGHT="36" WC="0.95" CONTENT="I"/><SP WIDTH="37" VPOS="1415" HPOS="508"/>
							<String ID="string_123" HPOS="545" VPOS="1414" WIDTH="175" HEIGHT="37" WC="0.93" CONTENT="afseende"/><SP WIDTH="38" VPOS="1414" HPOS="720"/>
							<String ID="string_124" HPOS="758" VPOS="1418" WIDTH="20" HEIGHT="32" WC="0.93" CONTENT="å"/><SP WIDTH="36" VPOS="1418" HPOS="778"/>
							<String ID="string_125" HPOS="814" VPOS="1420" WIDTH="281" HEIGHT="30" WC="0.92" CONTENT="räntesatserna"/><SP WIDTH="37" VPOS="1420" HPOS="1095"/>
							<String ID="string_126" HPOS="1132" VPOS="1415" WIDTH="190" HEIGHT="36" WC="0.87" CONTENT="nästlidna"/><SP WIDTH="33" VPOS="1415" HPOS="1322"/>
							<String ID="string_127" HPOS="1355" VPOS="1418" WIDTH="40" HEIGHT="32" WC="0.96" CONTENT="år"/><SP WIDTH="27" VPOS="1418" HPOS="1395"/>
							<String ID="string_128" HPOS="1422" VPOS="1414" WIDTH="64" HEIGHT="36" WC="0.96" CONTENT="vid"/><SP WIDTH="28" VPOS="1414" HPOS="1486"/>
							<String ID="string_129" HPOS="1514" VPOS="1414" WIDTH="260" HEIGHT="36" WC="0.93" CONTENT="Riksbankens"/><SP WIDTH="29" VPOS="1414" HPOS="1774"/>
							<String ID="string_130" HPOS="1803" VPOS="1427" WIDTH="94" HEIGHT="35" WC="0.92" CONTENT="upp-"/><SP WIDTH="29" VPOS="1427" HPOS="1897"/>
							<String ID="string_131" HPOS="1926" VPOS="1415" WIDTH="69" HEIGHT="35" WC="0.96" CONTENT="och"/>
						</TextLine>
						<TextLine ID="line_19" HPOS="393" VPOS="1465" WIDTH="1604" HEIGHT="51">
							<String ID="string_132" HPOS="393" VPOS="1467" WIDTH="336" HEIGHT="49" WC="0.91" CONTENT="utlåningsrörelse"/><SP WIDTH="41" VPOS="1467" HPOS="729"/>
							<String ID="string_133" HPOS="770" VPOS="1465" WIDTH="37" HEIGHT="37" WC="0.96" CONTENT="få"/><SP WIDTH="41" VPOS="1465" HPOS="807"/>
							<String ID="string_134" HPOS="848" VPOS="1465" WIDTH="266" HEIGHT="49" WC="0.95" CONTENT="Fullmäktige,"/><SP WIDTH="41" VPOS="1465" HPOS="1114"/>
							<String ID="string_135" HPOS="1155" VPOS="1466" WIDTH="58" HEIGHT="36" WC="0.96" CONTENT="till"/><SP WIDTH="32" VPOS="1466" HPOS="1213"/>
							<String ID="string_136" HPOS="1245" VPOS="1466" WIDTH="100" HEIGHT="36" WC="0.96" CONTENT="hvad"/><SP WIDTH="35" VPOS="1466" HPOS="1345"/>
							<String ID="string_137" HPOS="1380" VPOS="1466" WIDTH="130" HEIGHT="35" WC="0.96" CONTENT="derom"/><SP WIDTH="28" VPOS="1466" HPOS="1510"/>
							<String ID="string_138" HPOS="1538" VPOS="1466" WIDTH="119" HEIGHT="36" WC="0.96" CONTENT="finnes"/><SP WIDTH="28" VPOS="1466" HPOS="1657"/>
							<String ID="string_139" HPOS="1685" VPOS="1466" WIDTH="11" HEIGHT="35" WC="0.96" CONTENT="i"/><SP WIDTH="29" VPOS="1466" HPOS="1696"/>
							<String ID="string_140" HPOS="1725" VPOS="1472" WIDTH="147" HEIGHT="29" WC="0.93" CONTENT="senaste"/><SP WIDTH="28" VPOS="1472" HPOS="1872"/>
							<String ID="string_141" HPOS="1900" VPOS="1466" WIDTH="97" HEIGHT="35" WC="0.92" CONTENT="revi-"/>
						</TextLine>
						<TextLine ID="line_20" HPOS="391" VPOS="1514" WIDTH="1605" HEIGHT="51">
							<String ID="string_142" HPOS="391" VPOS="1518" WIDTH="309" HEIGHT="36" WC="0.91" CONTENT="sionsberättelse"/><SP WIDTH="28" VPOS="1518" HPOS="700"/>
							<String ID="string_143" HPOS="728" VPOS="1518" WIDTH="123" HEIGHT="35" WC="0.93" CONTENT="under"/><SP WIDTH="28" VPOS="1518" HPOS="851"/>
							<String ID="string_144" HPOS="879" VPOS="1514" WIDTH="17" HEIGHT="49" WC="0.89" CONTENT="$"/><SP WIDTH="30" VPOS="1514" HPOS="896"/>
							<String ID="string_145" HPOS="926" VPOS="1520" WIDTH="44" HEIGHT="34" WC="0.93" CONTENT="23"/><SP WIDTH="30" VPOS="1520" HPOS="970"/>
							<String ID="string_146" HPOS="1000" VPOS="1517" WIDTH="163" HEIGHT="45" WC="0.90" CONTENT="anfördt,"/><SP WIDTH="34" VPOS="1517" HPOS="1163"/>
							<String ID="string_147" HPOS="1197" VPOS="1517" WIDTH="185" HEIGHT="45" WC="0.95" CONTENT="meddela,"/><SP WIDTH="29" VPOS="1517" HPOS="1382"/>
							<String ID="string_148" HPOS="1411" VPOS="1523" WIDTH="56" HEIGHT="30" WC="0.96" CONTENT="att"/><SP WIDTH="26" VPOS="1523" HPOS="1467"/>
							<String ID="string_149" HPOS="1493" VPOS="1516" WIDTH="253" HEIGHT="49" WC="0.96" CONTENT="Fullmäktige"/><SP WIDTH="30" VPOS="1516" HPOS="1746"/>
							<String ID="string_150" HPOS="1776" VPOS="1517" WIDTH="120" HEIGHT="35" WC="0.95" CONTENT="under"/><SP WIDTH="28" VPOS="1517" HPOS="1896"/>
							<String ID="string_151" HPOS="1924" VPOS="1517" WIDTH="72" HEIGHT="35" WC="0.96" CONTENT="den"/>
						</TextLine>
						<TextLine ID="line_21" HPOS="393" VPOS="1568" WIDTH="1602" HEIGHT="48">
							<String ID="string_152" HPOS="393" VPOS="1572" WIDTH="44" HEIGHT="34" WC="0.96" CONTENT="29"/><SP WIDTH="38" VPOS="1572" HPOS="437"/>
							<String ID="string_153" HPOS="475" VPOS="1569" WIDTH="215" HEIGHT="36" WC="0.96" CONTENT="November"/><SP WIDTH="37" VPOS="1569" HPOS="690"/>
							<String ID="string_154" HPOS="727" VPOS="1569" WIDTH="115" HEIGHT="47" WC="0.96" CONTENT="sagda"/><SP WIDTH="37" VPOS="1569" HPOS="842"/>
							<String ID="string_155" HPOS="879" VPOS="1572" WIDTH="52" HEIGHT="42" WC="0.96" CONTENT="år,"/><SP WIDTH="33" VPOS="1572" HPOS="931"/>
							<String ID="string_156" HPOS="964" VPOS="1569" WIDTH="11" HEIGHT="35" WC="0.96" CONTENT="i"/><SP WIDTH="30" VPOS="1569" HPOS="975"/>
							<String ID="string_157" HPOS="1005" VPOS="1569" WIDTH="173" HEIGHT="35" WC="0.96" CONTENT="ändamål"/><SP WIDTH="29" VPOS="1569" HPOS="1178"/>
							<String ID="string_158" HPOS="1207" VPOS="1574" WIDTH="56" HEIGHT="30" WC="0.96" CONTENT="att"/><SP WIDTH="28" VPOS="1574" HPOS="1263"/>
							<String ID="string_159" HPOS="1291" VPOS="1569" WIDTH="145" HEIGHT="35" WC="0.96" CONTENT="minska"/><SP WIDTH="27" VPOS="1569" HPOS="1436"/>
							<String ID="string_160" HPOS="1463" VPOS="1569" WIDTH="181" HEIGHT="47" WC="0.96" CONTENT="beloppet"/><SP WIDTH="28" VPOS="1569" HPOS="1644"/>
							<String ID="string_161" HPOS="1672" VPOS="1568" WIDTH="40" HEIGHT="36" WC="0.96" CONTENT="af"/><SP WIDTH="23" VPOS="1568" HPOS="1712"/>
							<String ID="string_162" HPOS="1735" VPOS="1568" WIDTH="260" HEIGHT="36" WC="0.95" CONTENT="Riksbankens"/>
						</TextLine>
						<TextLine ID="line_22" HPOS="392" VPOS="1618" WIDTH="1603" HEIGHT="50">
							<String ID="string_163" HPOS="392" VPOS="1620" WIDTH="229" HEIGHT="48" WC="0.91" CONTENT="utelöpande"/><SP WIDTH="30" VPOS="1620" HPOS="621"/>
							<String ID="string_164" HPOS="651" VPOS="1620" WIDTH="133" HEIGHT="43" WC="0.96" CONTENT="sedlar,"/><SP WIDTH="30" VPOS="1620" HPOS="784"/>
							<String ID="string_165" HPOS="814" VPOS="1620" WIDTH="167" HEIGHT="35" WC="0.96" CONTENT="beslutat"/><SP WIDTH="28" VPOS="1620" HPOS="981"/>
							<String ID="string_166" HPOS="1009" VPOS="1625" WIDTH="67" HEIGHT="39" WC="0.95" CONTENT="att,"/><SP WIDTH="29" VPOS="1625" HPOS="1076"/>
							<String ID="string_167" HPOS="1105" VPOS="1620" WIDTH="86" HEIGHT="35" WC="0.93" CONTENT="med"/><SP WIDTH="28" VPOS="1620" HPOS="1191"/>
							<String ID="string_168" HPOS="1219" VPOS="1620" WIDTH="265" HEIGHT="35" WC="0.89" CONTENT="bibehällande"/><SP WIDTH="28" VPOS="1620" HPOS="1484"/>
							<String ID="string_169" HPOS="1512" VPOS="1618" WIDTH="40" HEIGHT="36" WC="0.96" CONTENT="af"/><SP WIDTH="24" VPOS="1618" HPOS="1552"/>
							<String ID="string_170" HPOS="1576" VPOS="1620" WIDTH="45" HEIGHT="35" WC="0.93" CONTENT="de"/><SP WIDTH="29" VPOS="1620" HPOS="1621"/>
							<String ID="string_171" HPOS="1650" VPOS="1624" WIDTH="242" HEIGHT="39" WC="0.91" CONTENT="räntesatser,"/><SP WIDTH="24" VPOS="1624" HPOS="1892"/>
							<String ID="string_172" HPOS="1916" VPOS="1632" WIDTH="79" HEIGHT="23" WC="0.96" CONTENT="som"/>
						</TextLine>
						<TextLine ID="line_23" HPOS="391" VPOS="1670" WIDTH="1606" HEIGHT="50">
							<String ID="string_173" HPOS="391" VPOS="1671" WIDTH="58" HEIGHT="36" WC="0.96" CONTENT="för"/><SP WIDTH="32" VPOS="1671" HPOS="449"/>
							<String ID="string_174" HPOS="481" VPOS="1672" WIDTH="260" HEIGHT="48" WC="0.96" CONTENT="depositioner"/><SP WIDTH="28" VPOS="1672" HPOS="741"/>
							<String ID="string_175" HPOS="769" VPOS="1675" WIDTH="48" HEIGHT="44" WC="0.96" CONTENT="på"/><SP WIDTH="28" VPOS="1675" HPOS="817"/>
							<String ID="string_176" HPOS="845" VPOS="1674" WIDTH="33" HEIGHT="41" WC="0.96" CONTENT="4,"/><SP WIDTH="30" VPOS="1674" HPOS="878"/>
							<String ID="string_177" HPOS="908" VPOS="1674" WIDTH="20" HEIGHT="33" WC="0.95" CONTENT="3"/><SP WIDTH="30" VPOS="1674" HPOS="928"/>
							<String ID="string_178" HPOS="958" VPOS="1671" WIDTH="71" HEIGHT="36" WC="0.96" CONTENT="och"/><SP WIDTH="30" VPOS="1671" HPOS="1029"/>
							<String ID="string_179" HPOS="1059" VPOS="1674" WIDTH="19" HEIGHT="33" WC="0.95" CONTENT="2"/><SP WIDTH="29" VPOS="1674" HPOS="1078"/>
							<String ID="string_180" HPOS="1107" VPOS="1671" WIDTH="179" HEIGHT="35" WC="0.95" CONTENT="månader"/><SP WIDTH="28" VPOS="1671" HPOS="1286"/>
							<String ID="string_181" HPOS="1314" VPOS="1676" WIDTH="96" HEIGHT="30" WC="0.96" CONTENT="samt"/><SP WIDTH="27" VPOS="1676" HPOS="1410"/>
							<String ID="string_182" HPOS="1437" VPOS="1670" WIDTH="59" HEIGHT="36" WC="0.93" CONTENT="för"/><SP WIDTH="29" VPOS="1670" HPOS="1496"/>
							<String ID="string_183" HPOS="1525" VPOS="1683" WIDTH="94" HEIGHT="35" WC="0.92" CONTENT="upp-"/><SP WIDTH="26" VPOS="1683" HPOS="1619"/>
							<String ID="string_184" HPOS="1645" VPOS="1671" WIDTH="70" HEIGHT="35" WC="0.93" CONTENT="och"/><SP WIDTH="21" VPOS="1671" HPOS="1715"/>
							<String ID="string_185" HPOS="1736" VPOS="1670" WIDTH="261" HEIGHT="49" WC="0.91" CONTENT="afskrifnings-"/>
						</TextLine>
						<TextLine ID="line_24" HPOS="391" VPOS="1721" WIDTH="1606" HEIGHT="45">
							<String ID="string_186" HPOS="391" VPOS="1723" WIDTH="124" HEIGHT="35" WC="0.95" CONTENT="medel"/><SP WIDTH="36" VPOS="1723" HPOS="515"/>
							<String ID="string_187" HPOS="551" VPOS="1722" WIDTH="125" HEIGHT="36" WC="0.95" CONTENT="blifvit"/><SP WIDTH="37" VPOS="1722" HPOS="676"/>
							<String ID="string_188" HPOS="713" VPOS="1728" WIDTH="126" HEIGHT="30" WC="0.96" CONTENT="senast"/><SP WIDTH="36" VPOS="1728" HPOS="839"/>
							<String ID="string_189" HPOS="875" VPOS="1722" WIDTH="69" HEIGHT="35" WC="0.96" CONTENT="den"/><SP WIDTH="33" VPOS="1722" HPOS="944"/>
							<String ID="string_190" HPOS="977" VPOS="1725" WIDTH="44" HEIGHT="33" WC="0.94" CONTENT="25"/><SP WIDTH="29" VPOS="1725" HPOS="1021"/>
							<String ID="string_191" HPOS="1050" VPOS="1721" WIDTH="98" HEIGHT="36" WC="0.96" CONTENT="Mars"/><SP WIDTH="32" VPOS="1721" HPOS="1148"/>
							<String ID="string_192" HPOS="1180" VPOS="1724" WIDTH="91" HEIGHT="34" WC="0.95" CONTENT="1875"/><SP WIDTH="30" VPOS="1724" HPOS="1271"/>
							<String ID="string_193" HPOS="1301" VPOS="1722" WIDTH="208" HEIGHT="44" WC="0.95" CONTENT="bestämda,"/><SP WIDTH="29" VPOS="1722" HPOS="1509"/>
							<String ID="string_194" HPOS="1538" VPOS="1722" WIDTH="77" HEIGHT="35" WC="0.96" CONTENT="tills"/><SP WIDTH="28" VPOS="1722" HPOS="1615"/>
							<String ID="string_195" HPOS="1643" VPOS="1722" WIDTH="129" HEIGHT="35" WC="0.96" CONTENT="vidare"/><SP WIDTH="28" VPOS="1722" HPOS="1772"/>
							<String ID="string_196" HPOS="1800" VPOS="1722" WIDTH="63" HEIGHT="35" WC="0.92" CONTENT="vid"/><SP WIDTH="28" VPOS="1722" HPOS="1863"/>
							<String ID="string_197" HPOS="1891" VPOS="1721" WIDTH="106" HEIGHT="36" WC="0.92" CONTENT="Riks-"/>
						</TextLine>
						<TextLine ID="line_25" HPOS="391" VPOS="1772" WIDTH="1605" HEIGHT="50">
							<String ID="string_198" HPOS="391" VPOS="1774" WIDTH="167" HEIGHT="35" WC="0.96" CONTENT="bankens"/><SP WIDTH="28" VPOS="1774" HPOS="558"/>
							<String ID="string_199" HPOS="586" VPOS="1774" WIDTH="174" HEIGHT="48" WC="0.96" CONTENT="samtliga"/><SP WIDTH="29" VPOS="1774" HPOS="760"/>
							<String ID="string_200" HPOS="789" VPOS="1773" WIDTH="137" HEIGHT="36" WC="0.96" CONTENT="kontor"/><SP WIDTH="28" VPOS="1773" HPOS="926"/>
							<String ID="string_201" HPOS="954" VPOS="1778" WIDTH="168" HEIGHT="43" WC="0.96" CONTENT="mottaga"/><SP WIDTH="28" VPOS="1778" HPOS="1122"/>
							<String ID="string_202" HPOS="1150" VPOS="1773" WIDTH="209" HEIGHT="48" WC="0.92" CONTENT="penningar"/><SP WIDTH="24" VPOS="1773" HPOS="1359"/>
							<String ID="string_203" HPOS="1383" VPOS="1773" WIDTH="141" HEIGHT="47" WC="0.91" CONTENT="jemväl"/><SP WIDTH="27" VPOS="1773" HPOS="1524"/>
							<String ID="string_204" HPOS="1551" VPOS="1776" WIDTH="48" HEIGHT="45" WC="0.96" CONTENT="på"/><SP WIDTH="30" VPOS="1776" HPOS="1599"/>
							<String ID="string_205" HPOS="1629" VPOS="1774" WIDTH="18" HEIGHT="34" WC="0.96" CONTENT="6"/><SP WIDTH="30" VPOS="1774" HPOS="1647"/>
							<String ID="string_206" HPOS="1677" VPOS="1772" WIDTH="197" HEIGHT="36" WC="0.93" CONTENT="månaders"/><SP WIDTH="28" VPOS="1772" HPOS="1874"/>
							<String ID="string_207" HPOS="1902" VPOS="1786" WIDTH="94" HEIGHT="35" WC="0.85" CONTENT="upp-"/>
						</TextLine>
						<TextLine ID="line_26" HPOS="391" VPOS="1823" WIDTH="1503" HEIGHT="50">
							<String ID="string_208" HPOS="391" VPOS="1826" WIDTH="160" HEIGHT="46" WC="0.92" CONTENT="sägning"/><SP WIDTH="27" VPOS="1826" HPOS="551"/>
							<String ID="string_209" HPOS="578" VPOS="1831" WIDTH="80" HEIGHT="29" WC="0.93" CONTENT="mot"/><SP WIDTH="27" VPOS="1831" HPOS="658"/>
							<String ID="string_210" HPOS="685" VPOS="1825" WIDTH="244" HEIGHT="48" WC="0.92" CONTENT="godtgörelse"/><SP WIDTH="29" VPOS="1825" HPOS="929"/>
							<String ID="string_211" HPOS="958" VPOS="1824" WIDTH="40" HEIGHT="36" WC="0.95" CONTENT="af"/><SP WIDTH="23" VPOS="1824" HPOS="998"/>
							<String ID="string_212" HPOS="1021" VPOS="1830" WIDTH="109" HEIGHT="30" WC="0.96" CONTENT="ränta"/><SP WIDTH="28" VPOS="1830" HPOS="1130"/>
							<String ID="string_213" HPOS="1158" VPOS="1824" WIDTH="94" HEIGHT="37" WC="0.96" CONTENT="efter"/><SP WIDTH="27" VPOS="1824" HPOS="1252"/>
							<String ID="string_214" HPOS="1279" VPOS="1824" WIDTH="73" HEIGHT="36" WC="0.96" CONTENT="fem"/><SP WIDTH="30" VPOS="1824" HPOS="1352"/>
							<String ID="string_215" HPOS="1382" VPOS="1830" WIDTH="159" HEIGHT="42" WC="0.96" CONTENT="procent"/><SP WIDTH="26" VPOS="1830" HPOS="1541"/>
							<String ID="string_216" HPOS="1567" VPOS="1823" WIDTH="59" HEIGHT="36" WC="0.96" CONTENT="för"/><SP WIDTH="29" VPOS="1823" HPOS="1626"/>
							<String ID="string_217" HPOS="1655" VPOS="1827" WIDTH="40" HEIGHT="32" WC="0.88" CONTENT="år"/><SP WIDTH="27" VPOS="1827" HPOS="1695"/>
							<String ID="string_218" HPOS="1722" VPOS="1824" WIDTH="172" HEIGHT="35" WC="0.91" CONTENT="räknadt."/>
						</TextLine>
					</TextBlock>
				</ComposedBlock>
				<ComposedBlock ID="cblock_7" HPOS="1140" VPOS="1973" WIDTH="105" HEIGHT="49">
					<TextBlock ID="block_8" HPOS="1140" VPOS="1973" WIDTH="105" HEIGHT="49">
						<TextLine ID="line_27" HPOS="1140" VPOS="1973" WIDTH="105" HEIGHT="49">
							<String ID="string_219" HPOS="1140" VPOS="1973" WIDTH="18" HEIGHT="49" WC="0.89" CONTENT="$"/><SP WIDTH="30" VPOS="1973" HPOS="1158"/>
							<String ID="string_220" HPOS="1188" VPOS="1979" WIDTH="57" HEIGHT="33" WC="0.89" CONTENT="24."/>
						</TextLine>
					</TextBlock>
				</ComposedBlock>
				<ComposedBlock ID="cblock_8" HPOS="392" VPOS="2077" WIDTH="1603" HEIGHT="277">
					<TextBlock ID="block_9" HPOS="392" VPOS="2077" WIDTH="1603" HEIGHT="277">
						<TextLine ID="line_28" HPOS="492" VPOS="2077" WIDTH="1502" HEIGHT="37">
							<String ID="string_221" HPOS="492" VPOS="2078" WIDTH="463" HEIGHT="36" WC="0.91" CONTENT="Kommissionsanstalten"/><SP WIDTH="27" VPOS="2078" HPOS="955"/>
							<String ID="string_222" HPOS="982" VPOS="2078" WIDTH="63" HEIGHT="36" WC="0.96" CONTENT="vid"/><SP WIDTH="29" VPOS="2078" HPOS="1045"/>
							<String ID="string_223" HPOS="1074" VPOS="2077" WIDTH="260" HEIGHT="37" WC="0.93" CONTENT="Riksbankens"/><SP WIDTH="27" VPOS="2077" HPOS="1334"/>
							<String ID="string_224" HPOS="1361" VPOS="2077" WIDTH="288" HEIGHT="37" WC="0.91" CONTENT="hufvudkontor"/><SP WIDTH="20" VPOS="2077" HPOS="1649"/>
							<String ID="string_225" HPOS="1669" VPOS="2077" WIDTH="66" HEIGHT="36" WC="0.96" CONTENT="har"/><SP WIDTH="20" VPOS="2077" HPOS="1735"/>
							<String ID="string_226" HPOS="1755" VPOS="2078" WIDTH="122" HEIGHT="35" WC="0.93" CONTENT="under"/><SP WIDTH="20" VPOS="2078" HPOS="1877"/>
							<String ID="string_227" HPOS="1897" VPOS="2083" WIDTH="97" HEIGHT="30" WC="0.92" CONTENT="näst-"/>
						</TextLine>
						<TextLine ID="line_29" HPOS="392" VPOS="2128" WIDTH="1603" HEIGHT="49">
							<String ID="string_228" HPOS="392" VPOS="2128" WIDTH="102" HEIGHT="36" WC="0.91" CONTENT="lidna"/><SP WIDTH="30" VPOS="2128" HPOS="494"/>
							<String ID="string_229" HPOS="524" VPOS="2132" WIDTH="40" HEIGHT="32" WC="0.96" CONTENT="år"/><SP WIDTH="27" VPOS="2132" HPOS="564"/>
							<String ID="string_230" HPOS="591" VPOS="2128" WIDTH="175" HEIGHT="49" WC="0.92" CONTENT="fullgjort"/><SP WIDTH="30" VPOS="2128" HPOS="766"/>
							<String ID="string_231" HPOS="796" VPOS="2131" WIDTH="131" HEIGHT="42" WC="0.91" CONTENT="10,943"/><SP WIDTH="30" VPOS="2131" HPOS="927"/>
							<String ID="string_232" HPOS="957" VPOS="2129" WIDTH="184" HEIGHT="48" WC="0.96" CONTENT="uppdrag,"/><SP WIDTH="30" VPOS="2129" HPOS="1141"/>
							<String ID="string_233" HPOS="1171" VPOS="2129" WIDTH="70" HEIGHT="35" WC="0.96" CONTENT="och"/><SP WIDTH="22" VPOS="2129" HPOS="1241"/>
							<String ID="string_234" HPOS="1263" VPOS="2128" WIDTH="111" HEIGHT="36" WC="0.96" CONTENT="hafva"/><SP WIDTH="20" VPOS="2128" HPOS="1374"/>
							<String ID="string_235" HPOS="1394" VPOS="2129" WIDTH="45" HEIGHT="35" WC="0.96" CONTENT="de"/><SP WIDTH="20" VPOS="2129" HPOS="1439"/>
							<String ID="string_236" HPOS="1459" VPOS="2129" WIDTH="153" HEIGHT="47" WC="0.96" CONTENT="belopp,"/><SP WIDTH="20" VPOS="2129" HPOS="1612"/>
							<String ID="string_237" HPOS="1632" VPOS="2141" WIDTH="81" HEIGHT="23" WC="0.96" CONTENT="som"/><SP WIDTH="20" VPOS="2141" HPOS="1713"/>
							<String ID="string_238" HPOS="1733" VPOS="2129" WIDTH="59" HEIGHT="35" WC="0.95" CONTENT="till"/><SP WIDTH="15" VPOS="2129" HPOS="1792"/>
							<String ID="string_239" HPOS="1807" VPOS="2129" WIDTH="188" HEIGHT="35" WC="0.96" CONTENT="anstalten"/>
						</TextLine>
						<TextLine ID="line_30" HPOS="392" VPOS="2179" WIDTH="1601" HEIGHT="49">
							<String ID="string_240" HPOS="392" VPOS="2180" WIDTH="199" HEIGHT="35" WC="0.95" CONTENT="inkommit"/><SP WIDTH="37" VPOS="2180" HPOS="591"/>
							<String ID="string_241" HPOS="628" VPOS="2180" WIDTH="69" HEIGHT="35" WC="0.91" CONTENT="och"/><SP WIDTH="39" VPOS="2180" HPOS="697"/>
							<String ID="string_242" HPOS="736" VPOS="2179" WIDTH="166" HEIGHT="36" WC="0.91" CONTENT="derifrån"/><SP WIDTH="33" VPOS="2179" HPOS="902"/>
							<String ID="string_243" HPOS="935" VPOS="2179" WIDTH="181" HEIGHT="46" WC="0.91" CONTENT="afsändts,"/><SP WIDTH="30" VPOS="2179" HPOS="1116"/>
							<String ID="string_244" HPOS="1146" VPOS="2183" WIDTH="162" HEIGHT="45" WC="0.96" CONTENT="uppgått"/><SP WIDTH="27" VPOS="2183" HPOS="1308"/>
							<String ID="string_245" HPOS="1335" VPOS="2180" WIDTH="59" HEIGHT="35" WC="0.93" CONTENT="till"/><SP WIDTH="29" VPOS="2180" HPOS="1394"/>
							<String ID="string_246" HPOS="1423" VPOS="2182" WIDTH="220" HEIGHT="42" WC="0.92" CONTENT="24,050,367"/><SP WIDTH="30" VPOS="2182" HPOS="1643"/>
							<String ID="string_247" HPOS="1673" VPOS="2180" WIDTH="141" HEIGHT="35" WC="0.96" CONTENT="kronor"/><SP WIDTH="29" VPOS="2180" HPOS="1814"/>
							<String ID="string_248" HPOS="1843" VPOS="2182" WIDTH="44" HEIGHT="34" WC="0.95" CONTENT="98"/><SP WIDTH="30" VPOS="2182" HPOS="1887"/>
							<String ID="string_249" HPOS="1917" VPOS="2186" WIDTH="76" HEIGHT="36" WC="0.95" CONTENT="öre,"/>
						</TextLine>
						<TextLine ID="line_31" HPOS="392" VPOS="2230" WIDTH="1602" HEIGHT="51">
							<String ID="string_250" HPOS="392" VPOS="2231" WIDTH="92" HEIGHT="35" WC="0.93" CONTENT="eller"/><SP WIDTH="29" VPOS="2231" HPOS="484"/>
							<String ID="string_251" HPOS="513" VPOS="2233" WIDTH="106" HEIGHT="43" WC="0.92" CONTENT="4,561"/><SP WIDTH="31" VPOS="2233" HPOS="619"/>
							<String ID="string_252" HPOS="650" VPOS="2231" WIDTH="159" HEIGHT="49" WC="0.96" CONTENT="stycken"/><SP WIDTH="28" VPOS="2231" HPOS="809"/>
							<String ID="string_253" HPOS="837" VPOS="2231" WIDTH="91" HEIGHT="35" WC="0.96" CONTENT="flera"/><SP WIDTH="28" VPOS="2231" HPOS="928"/>
							<String ID="string_254" HPOS="956" VPOS="2231" WIDTH="172" HEIGHT="49" WC="0.95" CONTENT="uppdrag"/><SP WIDTH="30" VPOS="2231" HPOS="1128"/>
							<String ID="string_255" HPOS="1158" VPOS="2236" WIDTH="96" HEIGHT="30" WC="0.96" CONTENT="samt"/><SP WIDTH="28" VPOS="2236" HPOS="1254"/>
							<String ID="string_256" HPOS="1282" VPOS="2230" WIDTH="105" HEIGHT="36" WC="0.96" CONTENT="öfver"/><SP WIDTH="28" VPOS="2230" HPOS="1387"/>
							<String ID="string_257" HPOS="1415" VPOS="2230" WIDTH="83" HEIGHT="51" WC="0.96" CONTENT="fyra"/><SP WIDTH="28" VPOS="2230" HPOS="1498"/>
							<String ID="string_258" HPOS="1526" VPOS="2231" WIDTH="70" HEIGHT="35" WC="0.96" CONTENT="och"/><SP WIDTH="31" VPOS="2231" HPOS="1596"/>
							<String ID="string_259" HPOS="1627" VPOS="2244" WIDTH="44" HEIGHT="22" WC="0.96" CONTENT="en"/><SP WIDTH="30" VPOS="2244" HPOS="1671"/>
							<String ID="string_260" HPOS="1701" VPOS="2230" WIDTH="81" HEIGHT="36" WC="0.95" CONTENT="half"/><SP WIDTH="23" VPOS="2230" HPOS="1782"/>
							<String ID="string_261" HPOS="1805" VPOS="2231" WIDTH="189" HEIGHT="35" WC="0.95" CONTENT="millioner"/>
						</TextLine>
						<TextLine ID="line_32" HPOS="392" VPOS="2282" WIDTH="1462" HEIGHT="72">
							<String ID="string_262" HPOS="392" VPOS="2282" WIDTH="141" HEIGHT="35" WC="0.96" CONTENT="kronor"/><SP WIDTH="26" VPOS="2282" HPOS="533"/>
							<String ID="string_263" HPOS="559" VPOS="2288" WIDTH="122" HEIGHT="29" WC="0.95" CONTENT="större"/><SP WIDTH="28" VPOS="2288" HPOS="681"/>
							<String ID="string_264" HPOS="709" VPOS="2282" WIDTH="165" HEIGHT="36" WC="0.0" CONTENT="VESSORE"/><SP WIDTH="21" VPOS="2282" HPOS="874"/>
							<String ID="string_265" HPOS="895" VPOS="2283" WIDTH="72" HEIGHT="71" WC="0.18" CONTENT="DD"/><SP WIDTH="30" VPOS="2283" HPOS="967"/>
							<String ID="string_266" HPOS="997" VPOS="2290" WIDTH="46" HEIGHT="27" WC="0.96" CONTENT="än"/><SP WIDTH="30" VPOS="2290" HPOS="1043"/>
							<String ID="string_267" HPOS="1073" VPOS="2282" WIDTH="119" HEIGHT="35" WC="0.96" CONTENT="under"/><SP WIDTH="28" VPOS="2282" HPOS="1192"/>
							<String ID="string_268" HPOS="1220" VPOS="2282" WIDTH="65" HEIGHT="35" WC="0.96" CONTENT="det"/><SP WIDTH="28" VPOS="2282" HPOS="1285"/>
							<String ID="string_269" HPOS="1313" VPOS="2289" WIDTH="167" HEIGHT="29" WC="0.96" CONTENT="närmast"/><SP WIDTH="27" VPOS="2289" HPOS="1480"/>
							<String ID="string_270" HPOS="1507" VPOS="2282" WIDTH="228" HEIGHT="48" WC="0.95" CONTENT="föregående"/><SP WIDTH="29" VPOS="2282" HPOS="1735"/>
							<String ID="string_271" HPOS="1764" VPOS="2285" WIDTH="90" HEIGHT="32" WC="0.95" CONTENT="året."/>
						</TextLine>
					</TextBlock>
				</ComposedBlock>
			</PrintSpace>
		</Page>
	</Layout>
</alto>
