1896 2831
297 120 20 29 4
656 116 313 31 Bankoutskottets
985 116 178 31 utlåtande
1177 126 43 20 nr
1233 117 42 30 52
1289 117 40 30 år
1344 117 84 30 1968

921 198 241 31 Närvarande:

340 262 81 31 från
455 262 166 31 första
655 263 221 30 kammaren:
902 262 121 31 herrar
1048 262 117 32 Ståhle
1194 263 64 35 (s),
1283 263 100 30 Palm
1412 263 65 35 (s),
1501 262 180 32 Åkerlund
1709 263 71 35 (h),

295 308 142 40 Hilding
459 307 86 41 (fp),
563 308 74 30 Nils
652 307 160 31 Theodor
828 309 152 29 Larsson
1002 308 90 41 (cp),
1109 309 141 30 Lundin
1271 308 65 36 (s),
1353 308 143 31 Larfors
1519 308 50 36 (s)
1590 309 66 30 och
1671 309 111 30 Brun-

296 354 60 30 din
376 353 75 36 (h);

340 417 80 31 från
454 418 154 30 andra
641 418 221 29 kammaren:
887 417 80 31 herr
990 418 142 40 Regnéll
1161 418 71 35 (h),
1256 418 59 30 fru
1338 418 350 41 Renström-Ingenäs
1716 418 64 35 (s),

295 463 121 30 herrar
434 463 147 40 Hagnell
604 463 64 35 (s),
688 463 175 40 Berglund
887 462 86 41 (fp),
992 463 157 30 Franzén
1166 464 12 29 i
1195 463 130 31 Motala
1348 464 65 35 (s),
1433 463 188 41 Börjesson
1638 464 12 30 i
1668 464 114 30 Glöm-

298 509 114 39 minge
435 509 89 39 (cp),
541 509 193 39 Bengtsson
751 509 10 29 i
778 509 231 30 Landskrona
1030 509 49 34 (s)
1101 509 65 30 och
1182 510 152 29 Larsson
1351 510 11 29 i
1380 509 109 31 Umeå
1511 509 87 41 (fp).

903 666 269 33 Reservationer

343 771 26 29 1.
386 770 56 30 vid
457 770 188 30 utskottets
658 770 211 29 hemställan
885 770 111 30 under
1007 771 40 29 A.

342 825 36 34 a)
408 834 42 21 av
474 825 122 30 herrar
619 824 144 40 Hilding
794 825 86 40 (fp),
906 824 73 30 Nils
1008 825 157 29 Theodor
1189 825 152 30 Larsson
1374 827 89 39 (cp),
1489 825 176 40 Berglund
1696 826 86 40 (fp),

295 904 189 36 Börjesson
499 905 10 28 i
524 905 216 39 Glömminge
760 905 75 39 (cp)
854 905 64 29 och
932 904 151 29 Larsson
1097 906 10 28 i
1123 905 108 30 Umeå
1251 906 85 39 (fp),
1351 906 95 29 vilka
1460 908 113 27 ansett

341 958 73 30 dels
437 961 50 28 att
510 959 56 30 det
589 959 130 30 avsnitt
741 959 11 29 i
775 960 188 29 utskottets
987 959 162 40 yttrande
1174 969 74 20 som
1270 960 120 37 börjar
1413 960 44 40 på
1481 970 25 20 s.
1540 960 9 30 2
1573 960 79 30 med
1676 960 106 30 orden

299 1014 184 29 »Flertalet
500 1023 41 20 av
557 1014 60 28 de»
637 1013 64 29 och
719 1014 109 28 slutar
844 1013 45 40 på
905 1023 25 19 s.
958 1013 8 29 3
984 1014 78 29 med
1078 1014 108 29 orden
1205 1014 86 29 »den
1308 1014 101 29 förda
1425 1014 354 39 diskontopolitiken>

296 1067 78 30 bort
388 1067 140 40 utbytas
543 1069 72 28 mot
629 1069 48 28 ett
692 1067 129 30 avsnitt
836 1077 42 20 av
892 1067 155 37 följande
1062 1068 144 39 lydelse:

343 1122 197 30 »Utskottet
561 1122 69 29 kan
651 1122 11 28 i
685 1122 61 29 allt
767 1122 185 39 väsentligt
973 1122 190 29 instämma
1184 1122 11 29 1
1217 1122 66 30 den
1304 1122 110 29 kritik
1436 1132 74 20 som
1532 1123 11 28 i
1565 1123 219 29 motionerna

297 1176 28 29 1:
342 1175 62 30 963
425 1176 64 29 och
508 1175 47 29 II:
573 1175 84 29 1222
678 1178 90 27 samt
789 1176 27 29 I:
834 1175 62 30 964
917 1176 64 29 och
1000 1175 47 29 II:
1064 1175 83 29 1224
1168 1176 168 30 framförs
1357 1178 72 27 mot
1449 1176 66 30 den
1536 1176 102 30 förda
1657 1177 126 29 ekono-

298 1230 114 29 miska
429 1230 170 39 politiken
616 1230 64 29 och
698 1230 140 29 ansluta
857 1230 50 39 sig
924 1230 52 29 till
994 1230 57 29 det
1069 1230 417 40 stabiliseringsprogram
1505 1240 74 20 som
1597 1230 62 29 där
1677 1230 107 29 fram-

298 1284 105 39 läggs.
423 1284 140 39 Viktiga
581 1284 152 39 punkter
752 1284 11 28 i
783 1285 48 28 ett
852 1283 124 30 sådant
994 1291 163 32 program
1175 1302 45 2 —
1237 1284 53 30 till
1308 1284 95 30 vilka
1423 1284 170 30 utskottet
1612 1284 89 29 dock
1719 1284 65 29 här

297 1340 54 27 tar
371 1338 165 39 ställning
554 1338 123 29 endast
697 1338 104 29 såvitt
821 1338 40 29 de
880 1338 76 29 icke
975 1347 98 20 avser
1093 1338 117 39 frågor
1229 1338 148 30 rörande
1396 1338 269 39 beskattningen
1683 1356 44 2 —
1746 1338 37 29 är

297 1391 172 37 följande:

345 1446 27 29 1.
403 1445 362 40 Budgetplaneringen
796 1445 62 29 bör
889 1446 99 38 göras
1020 1445 130 29 fastare
1181 1445 64 29 och
1276 1446 169 39 utbyggas
1477 1445 78 30 med
1586 1447 48 28 ett
1665 1446 117 38 längre

298 1499 200 40 perspektiv
518 1499 139 29 framåt.
677 1500 146 38 Hänsyn
843 1499 110 29 måste
976 1499 183 36 självklart
1179 1501 53 27 tas
1253 1499 51 29 till
1325 1499 235 29 reformernas
1582 1500 202 38 angelägen-

297 1553 165 40 hetsgrad
485 1552 64 30 och
572 1552 189 30 kostnader
785 1555 90 27 samt
897 1552 57 30 det
976 1552 200 30 finansiella
1199 1553 64 29 och
1288 1553 398 29 samhällsekonomiska
1711 1554 73 27 »ut-

297 1609 170 37 rymmet>
484 1607 111 29 under
609 1607 94 29 olika
717 1607 47 29 år.

343 1661 29 30 2.
394 1661 52 29 En
467 1661 202 40 översiktlig
689 1660 286 40 nationalbudget
995 1660 62 30 bör
1079 1661 173 39 uppgöras
1275 1669 74 21 som
1370 1660 192 30 innefattar
1583 1669 42 21 en
1645 1660 139 30 bedöm-

299 1715 83 39 ning
408 1724 42 20 av
474 1715 168 29 framtida
666 1714 145 39 tillgång
838 1714 64 29 och
928 1714 214 39 efterfrågan
1168 1714 45 39 på
1238 1714 93 30 olika
1358 1715 72 38 slag
1457 1724 42 20 av
1525 1714 222 34 arbetskraft,
1773 1714 11 28 i

300 1768 89 40 syfte
412 1770 50 28 att
483 1768 200 30 underlätta
705 1777 42 21 en
770 1768 148 29 effektiv
939 1767 224 40 användning
1185 1777 42 20 av
1249 1768 41 32 de
1314 1768 398 29 samhällsekonomiska
1734 1777 51 19 re-

300 1832 164 20 surserna
491 1824 90 27 samt
607 1822 100 36 tjäna
734 1830 74 21 som
833 1821 208 40 vägledning
1068 1821 54 30 för
1149 1821 161 40 åtgärder
1336 1822 10 29 i
1374 1822 89 39 syfte
1491 1824 50 27 att
1569 1824 84 27 utan
1681 1821 103 39 tvång

299 1885 150 31 anpassa
463 1876 190 39 tillgången
666 1876 45 39 på
725 1876 94 29 olika
832 1875 158 30 utbildad
1005 1875 198 30 arbetskraft
1232 1875 53 30 till
1299 1875 225 40 efterfrågan.

345 1930 28 30 3.
393 1931 52 28 En
463 1931 148 38 översyn
629 1939 43 21 av
690 1929 281 40 statsutgifterna
988 1930 62 29 bör
1069 1930 100 39 göras
1188 1929 79 30 med
1284 1929 123 37 jämna
1425 1930 219 34 mellanrum,
1664 1929 10 29 i
1695 1928 89 40 syfte

300 1986 49 27 att
372 1984 130 36 främja
524 1983 398 40 kostnadsbesparingar
945 1983 64 29 och
1032 1983 220 29 effektivitet.
1276 1983 52 28 En
1352 1983 108 29 sådan
1484 1984 146 38 översyn
1653 1983 61 29 bör
1737 1992 47 19 nu

298 2038 215 39 igångsättas
528 2045 124 32 genom
666 2046 42 21 en
722 2037 295 40 parlamentarisk
1030 2036 201 40 beredning.

343 2092 30 30 4.
397 2093 74 28 Den
494 2092 139 39 statliga
655 2091 291 39 finanspolitiken
968 2091 62 29 bör
1052 2091 113 29 bättre
1188 2091 45 29 än
1257 2099 74 21 som
1355 2091 91 29 skett
1470 2091 110 29 under
1605 2099 119 21 senare
1748 2090 37 30 år

299 2146 64 29 och
385 2155 95 20 mera
503 2146 43 28 än
568 2145 203 39 regeringen
793 2145 178 39 föreslagit
993 2145 10 28 i
1025 2144 66 30 den
1113 2145 11 28 i
1146 2144 38 30 år
1206 2144 195 39 framlagda
1422 2144 173 39 budgeten
1618 2153 167 30 anpassas

300 2200 87 29 efter
412 2199 319 36 konjunkturerna.
759 2199 210 38 Därigenom
995 2200 90 27 samt
1110 2198 146 29 medelst
1282 2198 161 39 åtgärder
1469 2207 74 20 som
1569 2198 149 36 främjar
1743 2206 43 20 en

300 2253 128 30 svensk
454 2252 368 41 produktionsökning
849 2252 65 29 och
942 2254 121 37 export
1090 2252 62 29 bör
1181 2252 40 29 de
1251 2251 457 39 arbetmarknadspolitiska
1738 2251 48 29 åt-

300 2307 170 39 gärderna
500 2307 249 39 kompletteras
779 2306 38 29 så
845 2308 50 27 att
924 2306 204 38 tryggheten
1159 2305 53 30 för
1243 2305 267 40 sysselsättning
1538 2305 65 29 och
1632 2305 154 29 inkomst

300 2361 95 30 ökas.

346 2415 27 29 5.
398 2414 215 40 Regeringen
634 2414 63 29 bör
721 2414 45 39 på
789 2413 57 30 det
870 2413 282 29 internationella
1175 2413 118 39 planet
1317 2413 64 28 och
1406 2412 142 29 särskilt
1571 2412 94 29 inom
1690 2420 97 31 orga-

300 2468 201 35 nisationer,
525 2468 63 29 där
609 2467 287 40 västeuropeiska
917 2467 263 29 industristater
1203 2466 215 34 medverkar,
1443 2466 131 36 främja
1596 2475 42 20 en
1661 2466 126 29 ekono-
