2218 2616
639 153 396 32 Jordbruksutskottets
1071 152 183 31 utlåtande
1288 152 50 29 Nr
1363 152 49 28 55.
1768 150 19 27 3

234 233 218 47 underlaget
481 234 57 34 för
568 232 68 35 den
669 231 128 48 tjänst,
829 231 79 34 från
942 229 123 36 vilken
1097 231 152 45 avgång
1276 228 110 35 skett.
1429 227 151 36 Jämväl
1601 226 230 35 beträffande

231 284 45 36 de
296 284 217 48 föreslagna
535 282 512 49 pensionsbestämmelserna
1078 281 116 34 finnes
1215 280 143 48 förslag
1372 279 57 35 till
1443 278 225 49 kungörelse
1684 277 148 46 bifogat

232 335 292 49 propositionen.

360 387 78 36 Mot
480 385 248 37 förevarande
773 384 234 49 proposition
1037 384 8 34 i
1077 397 49 21 nu
1169 383 67 35 sist
1265 382 163 48 angiven
1459 382 58 35 del
1547 381 66 35 har
1644 380 188 36 utskottet

232 439 95 34 intet
356 444 53 29 att
436 438 175 36 invända.

361 489 84 36 Med
490 489 185 36 avseende
717 491 21 32 å
778 488 45 35 de
861 487 216 46 föreslagna
1119 485 318 48 förändringarna
1470 485 11 34 i
1511 484 321 46 avlöningsregle-

233 546 141 30 mentet
408 540 60 36 för
497 539 272 36 domänverket
796 537 65 36 vill
889 537 185 35 utskottet
1102 536 135 46 erinra,
1267 542 53 29 att
1348 535 263 36 statutskottet
1640 535 11 34 i
1680 534 65 35 sitt
1772 540 58 29 ut-

233 591 148 36 låtande
410 605 44 22 nr
483 592 46 35 97
564 590 183 48 tillstyrkt
776 587 258 37 ovanberörda
1065 587 236 48 proposition
1330 600 44 22 nr
1405 587 70 35 195
1505 586 11 35 i
1543 586 45 35 de
1608 585 223 45 avseenden,

233 656 128 22 varom
391 656 50 22 nu
471 647 42 31 är
540 642 119 47 fråga.

360 694 129 37 Under
530 693 239 49 åberopande
799 692 114 36 härav
943 690 69 36 och
1042 690 47 36 då
1116 689 71 36 vad
1217 688 419 50 departementschefen
1666 688 11 35 i
1706 688 127 47 övrigt

234 746 125 36 anfört
399 745 83 37 icke
524 758 69 35 ger
633 745 185 36 utskottet
859 742 207 48 anledning
1099 741 56 36 till
1183 744 128 45 någon
1340 741 161 45 erinran,
1530 740 218 36 hemställer
1774 744 58 31 ut-

233 797 152 47 skottet,

764 903 55 31 att
846 897 207 48 riksdagen
1082 900 60 33 må

767 949 33 47 1)
830 955 139 41 antaga
989 948 80 36 dels
1088 946 414 50 statsrådsprotokollet
1523 945 148 49 bifogat
1689 945 145 48 förslag

633 1001 57 37 till
718 1000 230 49 kungörelse
976 1012 60 23 om
1066 997 142 38 ändrad
1235 998 144 49 lydelse
1408 999 12 35 i
1448 997 103 37 vissa
1578 997 105 36 delar
1706 1010 47 23 av
1772 1010 62 22 av-

633 1052 407 50 löningsreglementet
1081 1050 72 37 den
1195 1052 48 34 22
1280 1049 87 49 juni
1410 1051 99 34 1920
1552 1048 59 49 (nr
1651 1048 91 48 493)
1776 1048 58 36 för

635 1105 227 49 tjänstemän
896 1103 62 36 vid
988 1101 269 38 domänverket
1299 1101 82 49 (Bil.
1425 1101 59 49 A),
1519 1100 78 37 dels
1637 1100 71 37 ock
1740 1105 55 31 ett
1814 1100 19 35 i

635 1157 168 48 enlighet
831 1155 85 37 med
948 1156 95 35 1921
1075 1157 60 33 års
1164 1153 411 50 pensionskommittés,
1595 1165 48 23 av
1662 1152 171 49 departe-

635 1207 258 37 mentschefen
939 1205 173 38 biträdda
1150 1205 176 49 yttrande
1369 1204 190 37 utarbetat
1600 1204 143 48 förslag
1780 1203 55 36 till

635 1259 228 49 kungörelse
891 1258 86 36 med
1003 1257 282 37 bestämmelser
1310 1257 59 36 för
1396 1256 191 37 ordinarie
1607 1256 227 48 tjänstemän

636 1311 62 36 vid
736 1310 273 37 domänverket
1041 1309 124 48 ifråga
1194 1322 59 23 om
1283 1312 75 32 rätt
1386 1309 56 35 till
1470 1307 159 50 pension
1659 1307 83 48 (Bil.
1771 1305 62 49 B);

766 1362 37 48 2)
832 1362 191 46 medgiva,
1067 1366 54 30 att
1161 1360 141 47 Kungl.
1345 1360 109 48 Maj:t
1495 1361 61 34 må
1596 1358 152 37 utfärda
1790 1358 45 35 de

638 1412 514 50 övergångsbestämmelser,
1199 1424 80 24 som
1327 1412 11 35 i
1381 1410 207 48 anledning
1633 1423 47 23 av
1726 1410 110 36 först-

637 1466 165 37 nämnda
842 1464 230 49 kungörelse
1113 1463 149 49 (Bilaga
1288 1463 46 48 A)
1363 1463 130 36 kunna
1520 1462 171 37 befinnas
1721 1462 114 35 erfor-

637 1518 160 48 derliga;

767 1569 37 48 3)
835 1568 187 49 medgiva,
1063 1572 53 31 att
1145 1567 61 36 det
1233 1580 47 22 av
1312 1568 98 35 1920
1434 1569 63 33 års
1526 1565 158 49 riksdag
1711 1565 125 49 provi-

637 1621 139 37 soriskt
795 1619 206 50 godkända
1021 1619 456 48 avlöningsreglementet
1497 1618 57 36 för
1569 1617 268 37 domänverket

637 1676 72 43 må,
739 1672 85 37 med
852 1672 45 36 de
925 1671 207 48 ändringar
1160 1670 92 47 däri,
1282 1682 80 24 som
1383 1670 79 36 dels
1485 1671 95 35 1921
1603 1672 58 33 års
1680 1668 157 48 riksdag

637 1725 181 49 godkänt,
853 1722 179 37 dels-ock
1060 1723 12 35 i
1100 1721 415 50 statsrådsprotokollet
1541 1734 52 23 nu
1608 1720 228 49 föreslagits,

638 1781 74 43 äga
739 1775 235 50 provisorisk
1002 1773 244 49 tillämpning
1274 1773 141 50 jämväl
1445 1773 56 36 för
1526 1772 102 37 tiden
1651 1775 17 33 1
1687 1772 151 49 januari

639 1829 99 35 —30
762 1827 87 48 juni
880 1829 114 42 1923;

759 1879 37 48 4)
825 1879 192 48 medgiva,
1047 1882 55 32 att
1130 1877 84 47 den,
1244 1890 81 23 som
1355 1876 96 37 efter
1480 1880 53 31 att
1561 1875 98 36 hava
1679 1874 159 36 kommit

637 1932 11 35 i
677 1930 220 50 åtnjutande
939 1943 46 23 av
1027 1929 183 49 avlöning
1251 1927 121 49 enligt
1412 1926 178 51 gällande
1620 1926 217 48 avlönings-

636 1984 234 48 reglemente
912 1982 59 36 för.
1008 1982 232 49 tjänstemän
1280 1980 64 36 vid
1387 1978 283 47 domänverket,
1708 1980 130 46 avgått

637 2035 90 36 eller
756 2037 118 45 avgår
903 2033 86 37 med
1016 2033 173 49 pension,
1215 2031 193 38 beräknad
1429 2031 95 36 efter
1544 2030 100 36 förut
1662 2029 176 49 gällande

635 2087 193 48 avlöning,
871 2088 61 34 må
973 2085 84 36 från
1098 2084 70 37 och
1204 2083 85 37 med
1318 2083 74 37 den
1423 2085 18 34 1
1467 2082 73 49 juli
1571 2084 96 34 1922
1697 2081 141 36 erhålla

635 2136 408 51 pensionsförhöjning
1083 2150 46 22 av
1170 2134 302 38 domänfondens
1513 2133 231 48 avkastning
1784 2133 55 36 till

635 2191 150 48 belopp,
815 2202 81 24 som
926 2194 213 31 motsvarar
1166 2186 212 38 skillnaden
1407 2186 139 36 mellan
1566 2185 96 36 hans
1680 2184 159 50 pension

639 2242 68 37 och
738 2241 72 37 vad
841 2241 73 36 han
942 2241 11 35 i
982 2239 133 38 sådant
1143 2239 186 49 avseende
1357 2238 122 37 skulle
1504 2238 97 35 hava
1619 2236 219 47 bekommit,
