2188 2632
692 160 249 32 Statsutskottets
970 158 167 35 Utlåtande
1160 159 62 33 N:o
1251 161 69 31 110.
1732 161 17 32 7

197 234 226 48 tillräcklig.
471 236 145 37 Värdet
644 237 42 36 af
710 238 74 35 den
812 239 108 46 skog,
950 250 81 25 som
1060 239 123 47 enligt
1206 239 281 47 jägmästarens
1506 238 143 48 förslag
1668 239 123 36 skulle

198 287 91 45 ingå
319 286 12 35 i
358 286 288 50 försäljningen,
677 290 124 36 skulle
828 291 120 36 blifva
978 293 71 34 319
1078 291 147 36 kronor
1254 294 47 33 26
1332 295 75 32 öre.

328 339 117 36 Eders
485 340 141 48 Kungl.
669 341 129 47 Maj:ts
839 342 436 47 befallningshafvande,
1318 356 81 23 som
1440 343 13 36 i
1488 343 76 36 allo
1593 343 200 36 instämt
1769 335 27 59 i

197 390 492 48 uppskattningsmännens
729 393 155 48 förslag,
927 394 71 36 har
1039 395 91 36 låtit
1162 395 175 36 meddela
1366 395 290 36 ofvanbemälde
1684 395 109 36 Truls

197 442 163 36 Jönsson
401 444 136 35 sådant
580 444 286 47 föreläggande,
910 458 82 23 som
1027 446 242 36 omförmäles
1303 447 12 35 i
1347 449 74 33 6:te
1449 447 176 46 punkten
1653 447 42 36 af
1718 447 75 36 för-

196 494 166 36 berörda
402 495 141 47 nådiga
588 496 196 36 skrifvelse
827 498 73 34 den
943 500 47 32 25
1020 499 217 45 september
1269 501 109 42 1896,
1407 498 195 36 hvarefter
1629 500 164 35 Jönsson

197 545 209 37 inkommit
446 547 87 35 med
575 547 43 35 af
641 548 163 47 behörig
845 549 400 47 borgensförbindelse
1288 549 157 47 åtföljdt
1485 549 190 48 skriftligt
1716 550 75 36 för-

197 597 200 47 klarande,
440 600 59 33 att
540 599 77 34 han
660 599 169 36 önskade
870 600 147 47 inköpa
1057 601 231 46 lägenheten
1316 602 13 34 i
1356 601 110 47 fråga
1488 602 88 35 med
1603 602 190 36 förbehåll

199 661 62 23 om
293 652 81 33 rätt
407 652 59 33 att
494 649 38 36 få
559 650 173 36 inbetala
760 651 311 48 köpeskillingen
1099 653 122 35 under
1249 653 135 47 loppet
1411 652 42 36 af
1476 653 56 36 tio
1562 656 42 33 år
1630 654 87 35 med
1746 666 46 23 en

198 701 152 51 tiondel
375 701 158 47 årligen.

326 751 123 37 Afven
484 752 69 49 jag
594 766 120 34 anser,
758 757 60 34 att
858 756 493 48 uppskattningsmännens
1391 756 144 48 förslag
1575 759 71 35 bör
1681 757 111 48 följas

194 803 147 46 jämväl
381 805 87 35 med
510 805 175 37 afseende
728 809 22 33 å
791 808 195 36 storleken
1021 808 42 36 af
1087 810 65 35 det
1186 810 167 45 område,
1379 821 80 24 som
1487 809 216 48 föreslagits
1731 810 60 35 till

198 855 260 48 försäljning.»

327 909 202 36 Utskottet
557 910 232 46 hemställer,

728 1016 62 35 att
828 1015 139 47 Kungl.
1010 1015 127 47 Maj:ts
1178 1015 252 37 förevarande
1461 1017 242 47 proposition
1732 1020 62 33 må

602 1065 42 35 af
667 1066 219 48 Riksdagen
913 1067 164 36 bifallas.

329 1168 222 36 Stockholm
579 1169 74 36 den
683 1172 46 34 23
761 1171 97 47 april
890 1174 110 35 1909.

702 1275 54 35 På
784 1275 312 37 statsutskottets
1123 1281 162 41 vägnar:

862 1380 39 35 G.
932 1380 207 35 BILLING.
