2196 2620
389 229 244 31 Sammansatta
656 230 89 29 stats-
770 227 53 32 och
846 227 106 31 andra
975 227 217 39 lagutskottets
1215 237 40 20 nr
1281 229 14 27 1
1319 225 168 32 utlåtande
1511 225 52 31 Nr
1585 227 29 28 3.
1766 226 36 29 19

302 328 45 22 av
376 314 85 36 herr
489 315 153 35 Nilsson
672 314 9 34 i
714 312 207 48 Landeryd,
951 326 81 22 som
1061 312 123 35 anfört
1217 311 180 47 följande:

302 365 151 36 »Såsom
483 365 249 36 huvudmotiv
762 366 57 34 för
847 364 62 35 det
943 364 132 47 kungl.
1106 363 183 47 förslaget
1318 362 55 35 till
1403 362 63 45 lag
1494 375 59 21 om
1584 360 139 37 ändrad
1744 366 57 30 ut-

199 417 249 48 bildningstid
479 417 57 36 för
565 416 252 49 värnpliktiga
846 429 47 21 av
927 416 93 34 1921
1053 417 57 33 års
1140 414 102 36 klass
1272 413 216 36 framhåller
1508 413 294 48 departements-

199 470 144 45 chefen,
373 474 54 30 att
469 468 315 36 'erfarenheterna
825 466 83 36 från
951 466 61 36 det
1053 466 89 35 sista
1183 465 315 45 utbildningsåret
1528 464 81 46 och,
1639 463 73 36 vad
1741 463 62 36 be-

200 520 126 35 träffar
354 520 142 45 armén,
514 519 150 36 särskilt
692 519 81 34 från
803 518 237 46 övningarna
1072 517 135 35 hösten
1240 518 97 33 1920
1367 516 97 34 klart
1494 515 69 35 och
1592 514 209 48 otvetydigt

200 572 107 45 visat,
337 576 54 29 att
419 570 211 47 väsentliga
659 569 187 47 ökningar
874 574 64 30 äro
968 568 245 47 erforderliga
1232 567 12 35 i
1264 567 46 35 de
1335 566 347 48 utbildningstider,
1703 565 99 36 vilka

200 623 180 35 bestämts
422 621 59 36 för
525 622 97 35 1918
665 621 69 35 och
780 622 96 34 1919
921 622 58 34 års
1013 619 153 47 klasser,
1196 624 96 30 samt
1321 618 159 35 sålunda
1508 623 95 30 även
1632 617 10 35 i
1672 617 45 35 de
1747 623 56 29 ut-

199 673 304 48 bildningstider,
533 672 101 36 vilka
661 672 102 48 gälla
791 672 58 35 för
880 673 98 34 1920
1008 673 58 33 års
1095 670 113 46 klass,
1231 670 124 35 därest
1384 669 204 36 försvarets
1609 668 194 48 organisa-

200 726 80 35 tion
322 725 94 35 skall
462 725 11 35 i
521 724 167 47 enlighet
730 723 84 36 med
856 722 307 37 statsmakternas
1201 722 123 36 beslut
1360 720 128 36 kunna
1516 719 287 37 vidmakthållas

200 777 118 36 under
345 775 313 50 provisorietiden
686 775 68 36 och
784 775 125 35 därest
939 774 61 36 det
1029 777 94 33 mått
1152 787 44 22 av
1226 772 331 49 krigsberedskap,
1578 785 79 23 som
1687 771 117 36 under

201 828 217 36 nuvarande
461 826 256 38 förhållanden
759 829 118 33 måste
919 838 109 24 anses
1070 825 293 48 oundgängligt,
1398 824 96 36 skall
1535 824 126 35 kunna
1706 823 98 36 bibe-

200 875 142 58 hållas.”
724 883 3 3 |

303 930 151 48 Längre
492 930 93 35 fram
613 929 11 35 i
656 929 273 47 motiveringen
957 928 215 36 framhålles
1201 927 128 36 vidare
1356 927 103 35 vissa
1487 925 224 37 förändrade
1741 938 62 23 an-

202 982 205 48 ordningar
444 981 232 36 beträffande
704 979 363 49 utbildningstidens
1094 979 256 48 utnyttjande,
1381 991 81 23 som
1491 977 119 37 skulle
1639 977 78 47 ske,
1747 977 57 36 för

202 1034 71 36 den
314 1033 179 36 händelse
534 1038 55 31 att
629 1032 283 49 propositionen
953 1031 120 36 bliver
1114 1044 47 22 av
1198 1030 206 49 riksdagen
1433 1029 163 36 bifallen.
1650 1028 16 36 I
1696 1028 107 36 dessa

202 1085 258 48 anordningar
500 1085 110 47 ingår
650 1083 113 37 bland
793 1089 113 30 annat
935 1082 217 48 utbildning
1185 1082 57 36 för
1271 1080 245 49 användning
1545 1093 46 23 av
1618 1080 78 36 viss
1724 1080 79 36 tek-

202 1137 85 37 nisk
314 1137 182 46 materiel,
526 1149 81 23 som
635 1135 84 37 icke
746 1135 162 48 tidigare
936 1135 11 36 i
976 1134 206 37 nämnvärd
1218 1133 232 48 omfattning
1477 1132 158 40 kommit
1663 1132 55 36 till
1738 1145 65 23 an-

202 1189 198 48 vändning
427 1188 63 36 vid
519 1191 68 33 vår
615 1188 113 36 armé.

304 1240 130 37 Ehuru
471 1241 71 48 jag
583 1239 101 37 delar
724 1239 72 36 den
824 1238 309 49 uppfattningen,
1163 1242 54 31 att
1245 1239 83 34 vårt
1356 1235 330 37 försvarsväsende
1713 1235 91 37 fort-

204 1292 153 36 farande
384 1294 119 34 måste
531 1291 287 37 vidmakthållas
847 1290 71 36 och
947 1290 59 36 för
1034 1289 197 37 framtiden
1262 1288 239 49 organiseras
1528 1290 48 46 på
1598 1292 54 31 ett
1672 1286 132 37 sådant

203 1349 89 41 sätt,
321 1349 55 31 att
418 1343 62 37 det
522 1343 95 37 efter
656 1346 88 33 våra
771 1341 263 37 förhållanden
1061 1341 75 36 kan
1164 1343 49 46 på
1241 1340 107 36 bästa
1376 1344 74 32 sätt
1478 1340 93 48 fylla
1598 1339 66 36 sitt
1691 1338 113 36 ända-

203 1396 85 47 mål,
317 1396 69 35 har
421 1395 72 49 jag
534 1394 96 37 dock
666 1394 82 36 icke
784 1407 51 23 nu
862 1393 146 36 kunnat
1036 1393 150 36 ansluta
1214 1392 80 48 mig
1320 1392 55 35 till
1404 1391 142 48 Kungl.
1576 1390 127 49 Maj:ts
1732 1390 73 36 för-

204 1448 84 48 slag
329 1460 60 23 om
432 1459 46 23 en
506 1446 190 48 väsentlig
736 1446 144 47 ökning
922 1458 46 23 av
1008 1443 343 49 utbildningstiden
1388 1443 59 36 för
1473 1442 257 49 värnpliktiga
1757 1455 47 23 av

207 1501 96 35 1921
333 1501 60 34 års
421 1498 113 36 klass.
590 1498 112 36 Detta
732 1511 45 23 av
806 1497 62 37 det
896 1497 94 46 skäl,
1011 1501 54 32 att
1088 1496 70 49 jag
1187 1508 111 25 anser
1326 1495 62 36 det
1415 1508 90 23 vara
1524 1493 145 38 mindre
1687 1494 117 49 lämp-

204 1551 72 49 ligt
318 1556 55 31 att
400 1550 12 36 i
442 1556 113 30 annat
592 1549 185 37 avseende
806 1555 48 31 än
883 1562 82 23 som
994 1548 74 37 kan
1096 1561 89 23 vara
1213 1561 48 23 av
1288 1550 126 45 någon
1444 1560 51 36 ny
1524 1545 281 49 omständighet

204 1602 151 38 särskilt
396 1602 208 46 motiverat,
633 1602 131 36 innan
749 1593 16 61 -
789 1601 143 49 förslag
965 1600 55 36 till
1048 1600 172 36 definitiv
1248 1599 153 48 lösning
1429 1612 47 23 av
1504 1597 300 49 försvarsfrågan

205 1654 203 48 föreligger
449 1658 95 43 göra
585 1654 162 47 ändring
773 1652 12 36 i
814 1652 72 37 den
923 1652 253 50 provisoriska
1214 1651 213 48 anordning
1456 1649 232 38 beträffande
1716 1650 89 36 den-

205 1719 155 34 samma,
389 1719 129 23 varom
551 1707 96 35 1920
677 1708 58 34 års
762 1704 158 48 riksdag
947 1705 110 35 fattat
1084 1704 135 36 beslut.

307 1758 58 35 En
407 1757 117 38 sådan
565 1771 51 35 ny
658 1756 280 49 omständighet
979 1761 41 31 är
1047 1755 204 37 emellertid
1282 1755 132 48 frågan
1443 1767 60 23 om
1532 1754 188 47 övningar
1748 1753 57 35 för

206 1809 248 37 användande
497 1823 47 22 av
572 1809 75 36 viss
676 1822 51 36 ny
755 1808 151 37 teknisk
939 1808 177 36 materiel.
1174 1806 72 37 Om
1275 1806 128 49 dylika
1431 1805 187 48 övningar
1644 1805 12 36 i
1685 1809 120 32 större

206 1861 229 49 omfattning
476 1861 105 36 skola
622 1861 152 36 komma
815 1860 54 36 till
912 1859 108 37 stånd
1048 1881 49 5 —
1125 1859 69 36 och
1223 1863 55 32 att
1306 1861 40 33 så
1375 1857 86 36 sker
1489 1870 108 24 anser
1618 1857 70 49 jag
1717 1869 90 23 vara

206 1913 242 49 synnerligen
489 1913 140 48 viktigt
657 1934 50 5 —
735 1915 117 33 måste
894 1911 72 37 den
1008 1911 53 37 tid
1102 1924 81 23 som
1222 1913 110 46 åtgår
1359 1910 128 35 härför
1513 1909 170 37 medföra
1710 1914 96 31 mot-

206 1965 182 36 svarande
416 1965 221 48 minskning
663 1965 12 35 i
704 1964 73 37 den
805 1963 293 49 utbildningstid
1133 1962 57 38 för
1219 1962 44 37 de
1291 1961 259 49 värnpliktiga
1577 1960 229 38 beträffande

207 2017 310 49 tjänstgöringen
558 2017 12 35 i
611 2016 127 49 övrigt
779 2029 81 23 som
895 2029 46 22 av
974 2017 96 35 1920
1099 2018 58 33 års
1186 2014 159 49 riksdag
1373 2013 99 36 varit
1499 2013 201 36 beräknad.
1754 2012 52 37 På

206 2068 126 49 grund
373 2069 115 36 härav
516 2069 68 35 har
607 2069 70 48 jag
703 2068 176 49 upptagit
908 2070 122 34 såsom
1061 2067 82 36 mitt
1170 2065 168 50 yrkande
1366 2066 12 35 i
1406 2065 185 46 utskottet
1619 2064 187 49 majorite-

207 2127 83 30 tens
331 2120 102 37 inom
474 2120 185 37 utskottet
701 2120 144 48 förslag
886 2119 56 36 till
986 2120 97 35 1920
1121 2121 58 33 års
1208 2117 167 49 riksdag,
1405 2117 117 37 vilket
1550 2116 113 37 bland
1693 2123 113 30 annat

206 2172 156 36 innebär
390 2185 45 23 en
465 2172 145 48 ökning
637 2171 84 37 med
751 2172 142 36 femton
923 2171 117 48 dagar
1068 2184 46 22 av
1143 2170 72 36 den
1244 2169 232 48 övningstid,
1498 2182 80 23 som
1606 2172 48 46 på
1682 2168 124 49 grund

209 2238 45 22 av
294 2224 227 48 riksdagens
561 2223 123 37 beslut
726 2224 95 36 varit
858 2222 194 49 tillämpad
1080 2221 232 37 beträffande
1340 2221 187 36 fotfolket
1547 2234 46 23 av
1624 2222 97 35 1920
1750 2223 56 33 års

207 2276 112 37 klass.

309 2327 87 37 Med
437 2327 206 50 anledning
683 2327 115 36 härav
838 2327 68 35 har
938 2327 70 48 jag
1034 2326 203 36 framställt
1264 2331 53 31 ett
1344 2324 169 50 yrkande
1542 2338 80 23 som
1651 2323 157 37 innebär

208 2384 54 32 att
290 2380 182 36 utskottet
501 2383 114 33 måtte
644 2379 135 37 föreslå
807 2378 207 49 riksdagen
1043 2384 55 30 att
1127 2383 138 43 antaga
1294 2377 166 49 följande
