1868 2760
271 165 42 30 38
665 162 253 27 Statsutskottets
942 160 162 27 utlåtande
1125 168 40 18 nr
1186 159 17 27 6
1227 159 35 27 år
1284 158 77 27 1964

275 252 42 20 av
336 242 411 30 trafiksäkerhetsrådets
766 240 130 39 förslag
915 249 58 20 om
991 239 198 30 inrättande
1209 248 41 20 av
1271 238 172 30 särskilda
1463 237 291 38 forskartjänster

276 287 146 30 föreslår
443 287 68 39 jag,
535 289 49 27 att
604 287 58 29 vid
683 286 99 30 rådet
803 285 149 30 inrättas
973 294 43 21 en
1038 285 110 39 tjänst
1170 293 75 21 som
1267 283 176 30 laborator
1464 283 10 28 i
1504 283 37 38 Bg
1561 283 12 28 1
1598 282 11 28 i
1632 281 123 30 trafik-

275 332 368 39 säkerhetsforskning
677 331 79 30 med
792 330 169 30 medicine
998 330 158 33 doktorn,
1182 330 171 29 docenten
1377 329 30 30 S.
1432 328 37 30 B.
1495 328 148 29 Aldman
1680 335 73 21 som

276 377 108 30 förste
405 377 221 29 innehavare.
650 377 65 29 Det
739 376 97 29 torde
859 375 82 30 böra
966 375 189 29 ankomma
1177 374 44 39 på
1245 374 125 38 Kungl.
1395 373 105 38 Maj:t
1524 375 49 27 att
1596 371 159 30 meddela

275 422 227 38 erforderliga
521 421 222 29 föreskrifter
761 421 148 29 rörande
927 420 266 38 ifrågavarande
1215 419 121 38 tjänst.
1356 418 109 30 Medel
1487 418 54 29 för
1560 417 195 37 avlönings-

275 467 237 29 kostnaderna
536 467 62 28 bör
623 466 174 29 beräknas
824 465 110 29 under
960 464 115 30 rådets
1103 462 436 38 administrationsanslag.
1567 462 76 29 Med
1670 462 85 28 hän-

277 521 64 30 syn
370 511 118 30 härtill
519 512 61 28 bör
610 511 66 29 den
707 509 231 30 förenämnda
967 527 44 3 —
1042 519 40 19 av
1112 508 70 39 mig
1213 508 193 38 tillstyrkta
1434 525 43 3 —
1508 506 173 39 ökningen
1714 515 41 19 av

274 555 375 39 medelstilldelningen
672 555 80 29 med
778 554 62 30 300
854 553 62 30 000
942 554 52 29 kr.
1021 553 151 30 fördelas
1196 553 80 29 med
1302 552 39 29 50
1357 551 61 30 000
1443 552 52 29 kr.
1522 551 43 39 på
1589 550 166 30 adminis-

275 600 307 39 trationsanslaget
612 601 64 28 och
706 599 63 29 250
784 599 62 29 000
875 599 52 29 kr.
958 598 43 39 på
1032 597 228 30 förevarande
1290 597 131 38 anslag.
1452 597 74 29 Den
1557 596 196 38 föreslagna

275 646 175 38 ökningen
471 654 42 20 av
532 644 375 37 medelstilldelningen
927 642 145 30 innebär
1093 652 40 19 en
1154 641 133 40 kraftig
1307 641 147 39 höjning
1475 650 42 20 av
1537 640 218 38 forsknings-

274 690 138 30 medlen
435 690 65 28 och
523 690 63 28 bör
609 688 222 39 följaktligen
856 687 207 39 möjliggöra
1087 695 40 20 en
1152 686 187 38 väsentligt
1365 685 240 30 intensifierad
1632 684 123 29 trafik-

275 733 377 39 säkerhetsforskning.

331 832 185 35 Utskottet,
547 840 73 21 som
650 831 76 29 icke
757 830 117 29 funnit
904 829 187 39 anledning
1120 829 51 29 till
1202 828 141 30 erinran
1373 830 72 27 mot
1475 827 125 40 Kungl.
1630 827 124 39 Maj:ts

276 885 227 30 förevarande
530 884 139 39 förslag,
696 883 212 34 hemställer,

596 939 50 28 att
675 937 186 39 riksdagen
889 936 58 29 må
976 936 51 29 till
1056 935 197 30 Kostnader
1280 935 56 39 för
1366 934 238 40 vetenskaplig
1634 934 122 39 trafik-

539 989 368 40 säkerhetsforskning
927 989 55 30 för
1002 989 204 39 budgetåret
1230 987 140 31 1964/65
1393 988 120 29 anvisa
1534 989 48 28 ett
1602 997 152 21 reserva-

539 1044 216 38 tionsanslag
776 1052 41 20 av
838 1042 92 30 1150
946 1042 62 30 000
1028 1042 62 33 kr.,
1112 1044 49 27 att
1182 1041 173 30 avräknas
1374 1043 72 28 mot
1466 1041 288 29 automobilskat-

539 1097 182 30 temedlen.

328 1239 97 34 23:0)
455 1240 132 39 Bidrag
611 1240 53 30 till
690 1239 374 39 nationalföreningen
1088 1239 59 31 för
1172 1238 341 31 trafiksäkerhetens
1539 1238 214 39 främjande.

274 1293 12 29 I
311 1293 151 39 enlighet
485 1293 79 29 med
587 1292 125 39 Kungl.
737 1291 124 40 Maj:ts
885 1291 131 39 förslag
1045 1291 128 39 (punkt
1198 1290 51 34 30,
1274 1300 25 20 s.
1326 1290 159 34 77—80),
1511 1299 73 20 som
1608 1290 146 29 innebär

273 1355 43 20 en
339 1346 130 38 ökning
492 1355 41 20 av
555 1346 156 39 anslaget
734 1345 78 30 med
836 1344 62 30 200
913 1344 62 30 000
999 1345 52 28 kr.
1075 1344 54 30 för
1151 1346 102 28 nästa
1274 1343 178 40 budgetår,
1476 1343 202 30 hemställer
1701 1345 53 28 ut-

274 1399 139 34 skottet,

594 1454 50 27 att
663 1452 187 38 riksdagen
868 1451 55 30 må
944 1451 51 29 till
1013 1451 128 39 Bidrag
1160 1450 52 30 till
1229 1450 363 39 nationalföreningen
1611 1450 56 39 för
1688 1452 66 27 tra-

538 1505 282 39 fiksäkerhetens
846 1504 201 39 främjande
1076 1504 54 29 för
1155 1504 207 39 budgetåret
1390 1503 140 31 1964/65
1558 1504 120 30 anvisa
1706 1506 48 27 ett

539 1559 121 39 anslag
688 1568 41 19 av
761 1557 92 29 1400
868 1557 62 30 000
958 1558 63 32 kr.,
1051 1559 49 27 att
1129 1557 173 29 avräknas
1330 1559 72 27 mot
1431 1557 322 29 automobilskatte-

537 1611 147 30 medlen.

940 1737 140 48 Sjöfart

873 1842 275 40 Sjöfartsverket

328 1940 97 34 24:0)
455 1942 339 39 Sjöfartsstyrelsen:
823 1941 226 39 Avlöningar.
1078 1939 124 39 Kungl.
1232 1939 106 40 Maj:t
1365 1940 63 29 har
1458 1939 178 40 föreslagit
1665 1940 88 29 riks-

271 1994 111 39 dagen
410 1994 130 38 (punkt
563 1994 51 34 31,
638 2003 25 20 s.
687 1992 147 35 81—84)
862 1995 50 28 att
935 1993 74 30 dels
1031 1993 209 39 bemyndiga
1262 1992 126 40 Kungl.
1412 1993 105 39 Maj:t
1540 1995 51 28 att
1613 1993 139 39 vidtaga

271 2047 42 29 de
332 2047 430 39 övergångsanordningar
782 2056 74 20 som
876 2047 198 29 föranledes
1093 2056 41 20 av
1152 2047 41 29 de
1212 2047 11 29 i
1243 2046 383 40 statsrådsprotokollet
1645 2047 107 29 fram-

271 2100 102 38 lagda
398 2100 184 39 förslagen,
608 2100 74 30 dels
706 2099 209 39 bemyndiga
939 2099 126 39 Kungl.
1091 2099 104 39 Maj:t
1222 2101 48 28 att
1296 2100 140 39 vidtaga
1460 2100 42 29 de
1528 2100 188 39 ändringar
1743 2100 6 28 i

271 2153 429 39 personalförteckningen
725 2153 55 30 för
806 2152 327 40 sjöfartsstyrelsen,
1159 2162 76 20 som
1261 2153 196 30 föranledes
1483 2163 41 20 av
1549 2154 40 29 de
1614 2153 11 29 i
1650 2155 102 27 stats-

271 2206 292 39 rådsprotokollet
582 2206 197 39 framlagda
799 2206 185 39 förslagen,
1005 2206 73 30 dels
1098 2206 186 39 godkänna
1304 2216 42 20 av
1366 2206 384 39 departementschefen

271 2259 165 30 förordad
474 2259 253 39 avlöningsstat
765 2259 55 29 för
856 2259 329 39 sjöfartsstyrelsen,
1223 2262 51 27 att
1310 2259 178 39 tillämpas
1526 2259 69 30 tills
1633 2260 118 29 vidare

270 2312 145 29 fr.o.m.
438 2312 203 39 budgetåret
666 2312 151 34 1964/65,
841 2313 72 28 dels
936 2314 62 28 ock
1023 2312 50 29 till
1098 2312 338 40 Sjöfartsstyrelsen:
1463 2312 211 39 Avlöningar
1697 2313 54 29 för

271 2365 153 30 nämnda
442 2365 169 39 budgetår
631 2366 121 29 anvisa
771 2367 48 28 ett
839 2365 272 40 förslagsanslag
1131 2375 41 20 av
1192 2366 18 29 6
1224 2365 64 30 998
1302 2365 63 30 000
1384 2366 51 29 kr.

325 2471 164 40 Anslaget
512 2473 38 28 är
571 2473 11 28 i
605 2472 159 39 gällande
787 2472 144 30 riksstat
954 2471 144 40 uppfört
1120 2473 79 29 med
1222 2473 19 29 6
1256 2472 63 30 558
1333 2471 63 31 000
1417 2473 53 29 kr.
