1870 2762
268 164 42 29 26
666 159 251 28 Statsutskottets
941 158 161 27 utlåtande
1125 166 39 18 nr
1186 157 15 27 6
1225 157 35 27 år
1284 156 75 28 1964

329 241 11 28 I
363 240 217 29 motionerna
603 240 27 28 I:
647 239 61 29 5383
729 239 65 29 och
816 239 43 28 II:
876 238 62 29 644
959 239 64 28 har
1045 238 195 29 hemställts
1261 239 50 27 att
1332 237 185 38 riksdagen
1539 235 63 30 hos
1625 234 123 39 Kungl.

273 293 105 39 Maj:t
402 293 103 38 begär
530 301 42 20 en
598 293 37 28 så
661 292 189 38 skyndsam
876 290 211 40 behandling
1113 301 40 19 av
1178 291 67 29 den
1271 289 185 39 utredning
1483 298 73 20 som
1583 289 77 38 väg-
1686 287 62 29 och

272 345 466 39 vattenbyggnadsstyrelsen
762 354 98 20 avser
881 346 50 27 att
952 345 98 38 lägga
1072 344 89 29 fram
1184 343 178 39 angående
1383 352 41 20 en
1447 342 70 29 fast
1538 341 210 29 förbindelse

272 399 79 29 med
369 398 110 31 Öland
497 400 50 27 att
563 398 252 39 principbeslut
832 398 9 28 i
859 397 121 39 frågan
998 397 70 29 kan
1088 397 104 29 fattas
1211 398 117 28 senast
1345 396 57 29 vid
1423 396 81 29 1966
1523 395 56 29 års
1598 394 149 39 riksdag.

274 451 257 29 Motionärerna
559 452 64 28 har
650 450 120 30 därvid
800 450 160 30 hänvisat
989 450 50 29 till
1071 450 89 29 vissa
1189 449 205 30 uttalanden
1423 458 41 20 av
1492 448 72 29 dels
1594 448 154 38 departe-

273 504 238 29 mentschefen
531 505 10 27 i
560 504 260 38 propositionen
840 513 41 19 nr
901 504 57 28 191
982 503 48 29 till
1055 503 82 29 1963
1156 503 56 29 års
1231 502 152 39 riksdag,
1403 502 73 29 dels
1497 502 252 29 sammansatta

272 559 102 28 stats-
392 557 64 29 och
473 557 112 38 tredje
604 557 226 39 lagutskottet
849 557 8 28 i
876 557 77 28 dess
974 556 179 29 utlåtande
1172 557 80 28 över
1272 555 230 30 förenämnda
1521 554 226 39 proposition,

268 610 73 29 dels
357 610 63 29 ock
435 611 78 37 väg-
529 610 64 29 och
608 610 469 39 vattenbyggnadsstyrelsen
1097 609 6 29 i
1122 609 77 30 dess
1216 608 37 30 år
1273 608 82 30 1963
1373 608 145 38 avgivna
1535 607 118 40 petita.
1672 608 75 28 Med

270 663 137 39 hänsyn
431 663 77 29 bl.a.
536 663 49 29 till
611 662 214 30 innebörden
850 672 41 19 av
915 662 155 29 nämnda
1094 662 205 29 uttalanden
1323 662 70 28 kan
1420 661 170 29 utskottet
1615 660 54 29 för
1696 660 50 29 sin

270 716 54 29 del
349 716 74 29 icke
447 715 100 30 finna
570 716 113 38 någon
707 715 150 30 särskild
881 714 260 39 framställning
1165 715 9 28 i
1199 715 117 29 ämnet
1341 714 79 29 från
1444 713 205 39 riksdagens
1675 712 72 29 sida

271 768 162 39 påkallad
453 769 66 29 och
539 769 180 38 avstyrker
739 768 120 29 därför
879 768 228 29 motionerna.

324 822 41 38 Ej
390 821 106 30 heller
517 822 65 28 har
604 822 169 29 utskottet
796 821 117 29 funnit
935 821 51 39 sig
1008 821 121 29 kunna
1151 821 137 29 biträda
1310 821 57 29 det
1389 821 9 28 i
1421 819 179 30 motionen
1623 819 45 29 II:
1684 819 63 30 643

271 874 122 39 gjorda
419 874 171 39 yrkandet
618 876 48 27 att
694 874 186 38 riksdagen
906 875 62 29 hos
996 874 126 39 Kungl.
1150 874 104 38 Maj:t
1280 874 105 38 begär
1412 873 131 39 förslag
1571 872 176 39 angående

269 927 141 30 särskilt
443 927 219 39 fraktbidrag
695 927 54 28 för
782 927 83 39 gods
899 935 73 21 som
1010 928 254 38 transporteras
1298 927 127 28 mellan
1461 925 189 30 fastlandet
1683 926 63 28 och

268 979 121 31 Öland,
412 982 50 27 att
483 981 82 38 utgå
586 980 88 29 intill
696 980 78 29 dess
797 979 68 30 fast
886 979 212 30 förbindelse
1118 980 180 29 etableras.

323 1086 279 29 Vidkommande
624 1085 415 39 statsbidragsgivningen
1063 1086 49 29 till
1135 1085 136 30 enskild
1292 1085 224 39 väghållning
1537 1085 55 29 får
1614 1085 132 29 utskot-

269 1141 46 27 tet
342 1139 123 29 anföra
491 1139 166 39 följande.

324 1192 12 28 I
361 1191 219 30 motionerna
604 1192 84 29 1:76
713 1193 65 29 och
804 1192 43 29 II:
864 1192 39 29 95
928 1192 64 29 har
1015 1191 196 30 hemställts
1237 1192 72 29 dels
1335 1194 50 27 att
1409 1191 156 39 anslaget
1590 1191 50 30 till
1665 1191 80 39 byg-

267 1245 111 38 gande
397 1254 40 20 av
456 1245 159 29 enskilda
633 1246 105 38 vägar
757 1245 54 29 för
831 1246 99 28 nästa
949 1245 169 39 budgetår
1139 1246 168 38 upptages
1325 1245 80 29 med
1423 1247 49 27 ett
1491 1245 51 29 till
1563 1244 74 35 20,5
1656 1244 88 29 mkr.

267 1297 133 40 förhöjt
425 1297 134 39 belopp,
587 1298 72 29 dels
686 1300 47 27 att
762 1297 184 39 riksdagen
972 1298 63 30 hos
1063 1298 124 39 Kungl.
1213 1297 107 39 Maj:t
1345 1297 107 30 måtte
1478 1297 186 31 hemställa
1689 1306 54 20 om

266 1350 131 40 förslag
416 1351 169 29 avseende
605 1350 204 40 erforderlig
828 1350 404 40 personalförstärkning
1252 1350 36 30 åt
1307 1350 369 40 vägförvaltningarna
1695 1352 48 28 att

267 1403 114 30 såsom
406 1403 9 28 i
440 1404 220 29 motionerna
684 1404 135 29 anförts
844 1404 186 30 medverka
1055 1404 54 29 för
1133 1403 235 40 upprustning
1393 1413 40 20 av
1457 1404 161 29 enskilda
1641 1404 104 38 vägar

265 1456 107 39 enligt
393 1457 287 29 motortrafikens
701 1456 111 30 behov
834 1456 50 30 till
906 1466 40 20 en
971 1457 167 29 standard
1161 1465 74 21 som
1258 1456 185 39 möjliggör
1466 1456 132 38 statligt
1621 1457 123 30 under-

266 1508 223 40 hållsbidrag.
518 1510 12 28 I
557 1509 42 30 de
626 1509 89 29 båda
742 1509 218 30 motionerna
987 1510 28 29 1:
1032 1509 62 30 287
1123 1510 64 30 och
1214 1509 45 30 II:
1277 1509 61 30 362
1366 1510 63 28 har
1456 1510 168 29 likaledes
1651 1510 94 29 hem-

266 1562 113 29 ställts
404 1571 55 19 om
485 1563 49 28 ett
559 1562 50 29 till
636 1562 73 33 20,5
734 1562 89 29 mkr.
849 1562 76 39 höjt
949 1563 123 39 anslag
1096 1562 51 30 till
1172 1562 181 39 byggande
1379 1572 40 20 av
1444 1562 160 31 enskilda
1630 1564 112 37 vägar,

265 1614 172 39 varjämte
452 1615 121 38 yrkats
591 1616 50 28 att
657 1615 185 39 riksdagen
859 1615 62 30 hos
938 1615 126 39 Kungl.
1081 1615 105 39 Maj:t
1201 1615 109 31 måtte
1327 1616 126 39 begära
1470 1616 108 30 sådan
1598 1616 146 39 ändring

265 1676 42 20 av
335 1667 158 39 gällande
520 1667 404 40 bidragsbestämmelser
953 1670 49 28 att
1030 1667 303 41 byggnadsbidrag
1361 1669 57 29 må
1446 1669 122 30 kunna
1596 1669 147 30 omfatta

264 1720 130 38 jämväl
424 1720 121 39 bidrag
574 1721 50 28 till
654 1721 61 29 s.k.
745 1720 232 39 fritidsvägar.
1006 1721 127 30 Vidare
1162 1722 63 29 har
1254 1722 10 28 i
1293 1721 220 31 motionerna
1543 1722 27 29 I:
1589 1722 61 30 420
1679 1723 62 28 och

265 1773 44 28 IT:
327 1772 62 30 508
413 1773 198 30 hemställts
634 1775 50 28 att
709 1773 185 39 riksdagen
918 1774 62 30 hos
1006 1774 125 39 Kungl.
1157 1774 105 39 Maj:t
1286 1774 103 39 begär
1414 1777 48 27 att
1489 1775 254 39 tillämpnings-

264 1825 267 31 föreskrifterna
554 1826 53 29 för
628 1826 121 39 bidrag
772 1827 49 29 till
844 1826 178 39 byggande
1045 1836 41 21 av
1107 1827 158 30 enskilda
1288 1828 104 38 vägar
1414 1828 128 30 ändras
1565 1829 37 29 så
1624 1831 50 27 att
1696 1829 46 28 bi-

263 1878 120 40 draget
404 1879 68 29 kan
495 1880 82 38 utgå
598 1880 44 38 på
663 1880 65 29 den
751 1880 108 29 totala
880 1880 194 30 kostnaden
1097 1880 9 29 i
1129 1881 151 38 enlighet
1302 1881 77 29 med
1405 1882 63 28 vad
1491 1881 9 29 i
1524 1882 217 29 motionerna

262 1931 146 30 anförts.

318 1984 12 29 I
354 1984 176 30 motionen
555 1985 28 29 1:
603 1985 55 30 121
685 1985 145 30 föreslås
854 1988 48 27 att
927 1996 44 29 ny
995 1986 211 40 förrättning
1230 1986 54 30 för
1309 1987 252 39 uppskattning
1585 1998 42 19 av
1650 1988 92 30 kost-

262 2037 113 29 naden
399 2037 52 29 för
474 2038 183 29 underhåll
681 2048 41 19 av
742 2038 158 30 enskilda
922 2040 105 37 vägar
1050 2039 87 30 skall
1160 2039 111 30 hållas
1292 2042 78 28 vart
1392 2040 104 39 sjätte
1519 2041 38 30 år
1580 2044 90 27 samt
1693 2044 48 27 alt

260 2090 357 39 vägmyndigheterna
641 2091 186 30 därutöver
852 2091 94 39 varje
972 2092 38 29 år
1034 2092 154 39 justerar
1211 2093 411 40 kostnadsberäkningen
1648 2095 10 29 i
1683 2104 58 20 an-

262 2142 140 39 ledning
422 2152 40 20 av
481 2143 283 40 förskjutningar
784 2144 8 29 i
812 2145 55 29 det
887 2144 178 31 allmänna
1084 2145 184 30 kostnads-
1287 2147 64 30 och
1371 2147 181 39 löneläget.

318 2195 167 39 Slutligen
503 2196 65 30 har
587 2197 11 29 i
618 2196 177 31 motionen
816 2197 44 29 II:
878 2197 61 30 358
958 2198 198 29 hemställts
1176 2199 72 29 dels
1269 2201 51 28 att
1340 2199 247 40 statsbidraget
1608 2201 49 29 till
1680 2210 60 20 un-

260 2248 133 30 derhåll
417 2258 40 20 av
479 2249 117 30 därtill
619 2249 213 39 berättigade
855 2250 159 30 enskilda
1034 2251 106 38 vägar
1161 2252 57 29 må
1241 2252 82 39 utgå
1346 2253 77 29 med
1447 2253 41 30 80
1511 2256 144 36 procent
1677 2254 62 29 och

260 2301 64 29 när
348 2301 172 30 särskilda
545 2302 75 30 skäl
645 2302 39 30 så
706 2302 198 30 föranleder
927 2304 78 29 med
1031 2304 40 29 90
1096 2307 141 36 procent
1262 2315 42 19 av
1328 2305 40 30 de
1392 2306 199 31 beräknade
1616 2308 124 29 under-

260 2353 338 35 hållskostnaderna,
624 2355 72 30 dels
719 2356 65 29 ock
808 2358 49 27 att
882 2356 50 30 till
956 2356 122 40 bidrag
1105 2357 47 29 till
1179 2358 183 30 underhåll
1388 2369 40 19 av
1452 2359 161 31 enskilda
1636 2361 103 37 vägar

260 2406 54 30 för
337 2407 203 39 budgetåret
566 2408 139 30 1964/65
731 2409 139 30 anvisas
893 2411 47 28 ett
965 2410 356 40 reservationsanslag
1344 2421 43 20 av
1411 2412 39 29 36
1475 2413 89 30 mkr.

316 2459 11 29 I
347 2460 187 39 anledning
553 2470 41 20 av
613 2470 46 20 nu
679 2462 227 30 förevarande
925 2462 172 31 motioner
1114 2464 57 30 vill
1192 2464 171 30 utskottet
1380 2465 116 30 erinra
1515 2475 56 21 om
1590 2469 51 28 att
1660 2467 78 39 fjol-
