1870 2762
251 147 39 30 12
641 148 252 27 Statsutskottets
917 149 161 27 utlåtande
1101 158 38 18 nr
1162 151 15 25 6
1201 150 35 26 år
1260 150 75 27 1964

255 233 41 20 na
320 225 42 36 på
387 225 235 37 landsbygden
647 227 107 36 enligt
779 228 150 29 nämnda
956 229 326 36 sammanställning
1307 229 185 36 överstiger
1517 230 212 36 vägplanens

253 277 325 37 investeringsserie,
606 280 3 28 i
632 281 243 29 motsvarande
896 281 81 29 mån
999 282 191 29 reduceras.

308 340 47 29 De
385 341 103 28 totala
517 341 187 37 utgifterna
735 343 52 28 för
813 343 239 36 vägväsendet,
1082 343 387 37 trafikövervakningen
1499 354 44 19 m.
1561 345 34 29 fl.
1624 345 104 29 ända-

254 392 76 34 mål,
349 393 52 29 för
417 393 92 30 vilka
524 394 234 30 kostnaderna
775 395 172 30 avräknas
964 399 71 26 mot
1052 397 429 35 automobilskattemedel,
1502 398 149 37 uppgick
1668 407 60 20 un-

252 446 60 28 der
333 446 201 36 budgetåret
560 448 138 30 1962/63
724 448 49 29 till
801 449 11 28 1
831 449 94 33 429,3
950 449 88 29 mkr.
1064 449 240 30 Inkomsterna
1330 459 132 21 samma
1486 451 167 36 budgetår
1678 453 50 27 ut-

252 498 119 37 gjorde
395 500 122 33 1593,6
540 500 97 33 mkr.,
662 501 118 28 varför
800 504 45 26 ett
867 502 251 36 kassamässigt
1139 502 176 31 överskott
1337 512 54 20 om
1419 504 91 33 164,3
1533 505 87 28 mkr.
1646 513 82 28 upp-

252 552 73 29 stod
352 552 19 29 å
397 553 311 37 specialbudgeten.
736 554 444 36 Anslagsreservationerna
1208 557 73 36 sleg
1305 557 77 29 med
1408 566 38 20 ca
1476 558 58 28 109
1562 558 88 29 mkr.
1679 558 48 29 till

251 605 95 34 509,3
365 605 85 30 mkr.
468 606 303 37 Förändringarna
791 607 178 29 medförde
986 610 47 27 att
1054 608 244 37 behållningen
1314 610 43 36 på
1376 609 128 30 fonden
1522 610 110 30 ökade
1651 611 76 28 med

252 658 72 34 925,2
344 658 87 29 mkr.
451 659 50 28 till
521 659 92 34 742,0
632 660 89 29 mkr.
743 660 73 29 Den
834 660 151 37 kraftiga
1004 661 174 36 ökningen
1197 671 42 20 av
1257 661 238 30 inkomsterna
1516 663 110 29 under
1645 663 83 29 bud-

252 711 128 38 getåret
406 712 139 30 1962/63
567 713 157 38 betingas
748 714 106 29 delvis
878 724 40 19 av
942 714 342 39 uppbördstekniska
1306 716 184 29 faktorer.»

304 790 388 40 Departementschefen
719 794 134 29 lämnar
876 794 153 30 därefter
1054 795 175 39 uppgifter
1252 805 56 20 om
1333 796 56 29 det
1413 796 152 30 faktiska
1591 796 137 30 utfallet

248 853 41 19 av
312 845 465 31 automobilskattemedlens
801 847 257 40 specialbudget
1083 848 52 29 för
1160 848 213 39 budgetåren
1400 849 328 31 1957/58—1962/63

250 899 89 27 samt
364 906 42 20 en
430 898 215 38 redogörelse
672 900 54 29 för
751 901 78 38 väg-
854 901 64 29 och
944 901 489 39 vattenbyggnadsstyrelsens
1461 902 266 39 anslagsäskan-

249 950 65 29 den
337 951 146 29 rörande
504 952 65 29 den
591 953 148 38 siatliga,
764 954 225 29 kommunala
1011 955 64 29 och
1096 954 159 30 enskilda
1277 955 268 39 väghållningen
1567 956 54 29 för
1642 957 85 28 bud-

249 1003 131 39 getåret
407 1003 149 31 1964/65.
584 1006 10 28 I
623 1005 272 40 fortsättningen
920 1008 177 29 redovisar
1123 1008 382 39 departementschefen
1534 1010 77 29 sina
1636 1009 93 29 ställ-

248 1056 278 39 ningstaganden
547 1059 51 29 till
622 1060 188 38 styrelsens
833 1060 130 39 förslag
986 1063 90 27 samt
1098 1061 102 30 anför
1221 1062 122 29 därvid
1366 1062 165 40 följande.

305 1118 88 29 »Mot
416 1119 228 39 bakgrunden
666 1131 43 19 av
730 1122 67 29 den
819 1122 202 39 fortgående
1044 1123 130 30 snabba
1197 1124 243 39 utvecklingen
1464 1134 41 20 av
1528 1125 199 39 landsvägs-

251 1172 270 36 transporterna,
548 1173 53 29 för
626 1174 118 30 vilken
769 1175 58 36 jag
853 1175 175 37 redogjort
1056 1177 8 28 i
1091 1177 65 29 den
1184 1177 183 30 inledande
1393 1178 205 35 översikten,
1626 1187 102 21 anser

248 1223 68 37 jag,
332 1226 50 28 att
398 1225 40 30 de
454 1226 137 37 statliga
607 1227 195 30 insatserna
822 1228 52 29 för
890 1229 198 36 utbyggnad
1105 1238 41 20 av
1161 1230 162 36 vägnätet
1339 1230 61 29 bör
1416 1230 199 37 ytterligare
1632 1231 95 30 ökas.

248 1277 64 36 Jag
332 1286 101 21 anser
454 1279 70 36 mig
545 1279 53 29 för
619 1280 100 30 nästa
741 1281 167 36 budgetår
928 1282 82 29 böra
1034 1282 136 30 förorda
1194 1291 43 21 en
1258 1283 221 37 uppräkning
1500 1293 41 20 av
1562 1284 166 37 anslagen

251 1330 49 29 till
323 1330 67 30 den
413 1332 147 36 statliga,
583 1333 226 30 kommunala
834 1335 63 28 och
921 1335 159 29 enskilda
1103 1335 268 37 väghållningen
1393 1337 77 29 med
1496 1337 232 37 sammanlagt

249 1383 61 30 343
329 1384 88 29 mkr.
437 1385 128 30 Härvid
586 1386 204 30 förutsättes
808 1389 49 27 att
876 1387 156 36 anslaget
1053 1388 49 29 till
1121 1388 286 37 vägunderhållet
1427 1390 8 28 i
1458 1389 269 38 fortsättningen

248 1436 86 30 skall
367 1437 171 30 beräknas
569 1438 53 30 för
652 1439 215 30 kalenderår.
899 1440 164 37 Anslaget
1093 1440 54 30 för
1177 1441 100 30 nästa
1309 1441 166 37 budgetår
1506 1442 88 30 skall
1625 1443 101 29 alltså

246 1490 102 29 täcka
367 1491 412 41 medelsförbrukningen
800 1494 109 29 under
933 1495 80 33 11/2
1035 1494 48 30 år.

304 1552 11 27 I
337 1551 95 37 fråga
451 1561 56 21 om
527 1554 297 36 anslagsmedlens
844 1555 223 37 användning
1086 1556 59 29 vill
1165 1556 59 37 jag
1243 1557 220 30 beträffande
1485 1558 242 37 investerings-

248 1604 100 30 sidan
369 1605 185 31 framhålla
574 1606 168 37 följande.

303 1658 350 38 Vägupprustningen
670 1661 43 36 på
731 1661 237 37 landsbygden
984 1662 62 30 bör
1062 1663 84 29 även
1164 1663 297 37 fortsättningsvis
1479 1665 8 29 i
1506 1665 109 29 första
1634 1665 90 29 hand

249 1711 146 29 inriklas
417 1712 41 36 på
479 1712 41 29 de
542 1713 93 29 delar
656 1723 42 19 av
717 1715 170 35 vägnätet,
911 1724 73 20 som
1007 1716 38 29 är
1065 1725 41 20 av
1128 1716 150 29 särskild
1300 1716 172 37 betydelse
1495 1717 53 29 för
1570 1718 156 37 närings-

249 1764 97 30 livets
367 1766 223 36 transporter.
610 1766 129 30 Genom
761 1768 65 28 den
846 1768 131 37 ökning
997 1778 41 20 av
1058 1768 459 38 landsvägstransporterna,
1540 1780 72 20 som
1636 1771 90 29 skett

247 1818 110 29 under
373 1827 119 21 senare
509 1819 47 34 år,
575 1820 62 29 har
653 1820 146 30 behovet
815 1830 41 20 av
873 1821 87 36 goda
978 1822 273 36 transportleder
1269 1822 188 36 självfallet
1474 1823 98 30 blivit
1589 1824 137 29 alltmer

249 1871 269 30 framträdande.
543 1872 66 29 För
634 1873 291 30 lastbilstrafiken
949 1875 38 29 är
1010 1875 389 36 bärighetsstandarden
1424 1886 42 20 av
1490 1878 236 28 utomordent-

248 1924 58 36 ligt
331 1926 70 27 stor
421 1925 185 37 betydelse.
629 1926 64 29 Det
716 1927 38 28 är
776 1926 118 30 därför
916 1927 188 37 angeläget,
1128 1930 50 27 att
1200 1929 278 36 upprustningen
1501 1939 42 20 av
1564 1930 161 37 vägnätet

247 1977 87 29 bl.a.
359 1979 52 27 tar
433 1978 88 30 sikte
543 1979 43 36 på
608 1981 51 27 att
684 1979 173 30 förstärka
882 1980 41 29 de
946 1980 96 30 delar
1064 1990 42 20 av
1128 1981 103 35 detta,
1257 1990 74 21 som
1356 1982 69 30 f.n.
1449 1983 63 29 har
1535 1992 42 21 en
1601 1983 125 30 under-

246 2030 105 37 målig
372 2031 343 37 bärighetsstandard
737 2033 64 29 och
824 2033 62 29 där
906 2033 244 37 näringslivets
1173 2035 288 36 transportbehov
1483 2036 87 30 efter
1593 2046 42 20 en
1660 2036 66 30 för-

247 2083 181 37 stärkning
449 2084 69 29 kan
539 2085 200 37 tillgodoses
760 2086 52 29 till
835 2095 41 21 en
897 2086 93 37 lägre
1011 2087 159 30 kostnad.
1193 2087 65 31 Vid
1280 2088 226 38 planeringen
1526 2089 62 30 bör
1609 2090 115 34 också,

246 2137 114 29 såsom
384 2138 168 36 styrelsen
573 2138 127 35 anfört,
724 2138 224 31 eftersträvas
971 2141 50 28 att
1044 2140 128 30 erhålla
1197 2141 36 30 så
1256 2141 101 36 långa
1382 2142 343 37 sammanhängande

244 2190 224 36 vägsträckor
487 2200 73 20 som
579 2191 138 37 möjligt
735 2192 78 30 med
832 2193 64 35 god
916 2192 167 37 bärighet.
1102 2193 73 30 Vad
1195 2193 171 31 beträffar
1384 2194 341 38 brobyggnadsverk-

246 2243 178 30 samheten
443 2244 61 29 bör
524 2244 65 37 hög
608 2245 355 36 angelägenhetsgrad
983 2245 131 30 åsättas
1132 2264 44 3 —
1195 2247 73 29 ofta
1290 2247 70 30 inte
1381 2248 141 30 särskilt
1541 2248 184 30 kostnads-

244 2296 176 30 krävande
438 2314 44 4 —
500 2297 258 37 ombyggnader
776 2307 42 20 av
838 2298 130 30 sådana
988 2299 111 35 broar,
1121 2308 73 21 som
1218 2300 69 29 f.n.
1307 2300 44 36 på
1371 2301 110 35 grund
1502 2310 42 20 av
1563 2301 162 37 begräns-

244 2351 82 38 ning
351 2360 41 19 av
416 2351 343 40 maximibelastning
785 2353 100 38 utgör
912 2352 253 31 »flaskhalsar»
1194 2353 55 30 för
1275 2354 41 29 de
1341 2356 107 38 tunga
1473 2354 251 31 lastbilstrans-

244 2405 172 35 porterna.
434 2403 152 30 Fortsatt
602 2404 235 37 upprustning
853 2414 42 20 av
912 2406 281 36 europavägarna
1214 2406 50 29 till
1282 2406 256 30 internationell
1557 2408 166 30 standard

245 2456 165 30 framstår
428 2456 166 30 likaledes
614 2465 74 21 som
707 2466 43 21 en
768 2458 189 36 angelägen
976 2459 147 36 uppgift.

297 2509 382 37 Trafiksvårigheterna
704 2511 10 29 i
740 2511 115 29 städer
878 2511 64 29 och
966 2511 145 31 tätorter
1134 2513 63 29 har
1222 2512 82 31 ökat
1327 2514 10 28 i
1361 2513 74 31 takt
1458 2514 78 30 med
1561 2514 163 30 trafikul-
