1904 2850
326 170 40 31 20
646 171 126 34 Andra
803 173 253 37 lagutskottets
1085 174 189 34 utlåtande
1304 176 52 32 Nr
1378 177 52 30 29.

279 258 72 22 som
386 249 550 36 kronolägenhetskommissionen
973 252 190 37 verkställt,
1199 253 132 31 utvisar
1365 255 155 38 sålunda,
1548 258 52 30 att
1622 266 167 24 samman-

281 301 100 37 lagda
415 302 93 31 åker-
542 301 63 32 och
639 303 222 31 tomtarealen
895 314 44 20 av
974 304 69 31 alla
1071 304 121 38 dylika
1216 305 195 37 lägenheter
1434 309 21 29 å
1478 309 235 32 ecklesiastika
1736 310 53 32 bo-

279 354 122 32 ställen
436 356 101 34 utgör
568 354 120 33 endast
723 356 94 36 2,717
852 356 120 32 hektar
1004 357 81 31 eller
1113 359 50 30 4.4
1191 361 138 33 procent
1351 369 45 20 av
1419 362 163 37 samtliga
1606 362 182 32 boställens

279 406 94 31 åker-
404 406 61 31 och
496 407 187 31 tomtareal.
730 407 245 33 Medelarealen
998 419 44 21 av
1065 409 96 31 dessa
1184 410 195 37 lägenheter
1403 414 101 35 utgör
1527 415 53 30 för
1604 415 87 31 riket
1714 416 70 31 0.69

279 458 132 37 hektar,
446 458 107 32 därav
588 460 70 31 0.46
698 460 120 31 hektar
852 461 82 31 åker
965 461 61 31 och
1050 463 96 35 tomt,
1171 463 71 30 0.17
1269 463 120 32 hektar
1413 467 97 34 ängs-
1534 468 63 30 och
1620 467 167 36 hagmark

279 512 89 30 samt
392 511 70 32 0.06
489 511 121 32 hektar
633 513 292 37 avrösningsjord.
973 514 69 31 91.7
1069 517 138 33 procent
1230 526 43 20 av
1297 516 93 32 dessa
1414 518 196 36 lägenheter
1634 520 90 31 hava
1746 529 41 22 en

279 563 93 31 åker-
406 563 61 32 och
500 565 178 31 tomtareal
711 575 54 21 om
790 565 96 36 högst
909 566 47 31 ett
980 566 129 31 hektar.
1157 567 127 33 Vidare
1307 570 56 30 må
1386 569 12 31 i
1423 569 91 33 detta
1538 572 249 37 sammanhang

279 616 130 31 erinras
431 626 55 21 om
510 618 51 30 att
584 617 108 36 enligt
715 618 568 36 kronolägenhetskommissionens
1307 621 228 38 beräkningar
1558 634 44 21 av
1626 621 161 45 samtliga

279 668 55 31 till
368 669 48 31 ett
450 669 91 31 antal
576 679 44 21 av
645 669 96 36 5,926
766 670 196 36 uppgående
986 671 194 36 lägenheter
1203 673 20 31 å
1246 674 214 32 ecklesiastik
1484 676 74 36 jord
1585 676 95 37 3,485
1705 678 82 31 eller

281 721 71 31 58.8
378 723 137 34 procent
538 723 127 30 ansetts
690 722 118 31 kunna
833 723 186 37 lämpligen
1043 724 201 38 frånskiljas
1267 727 194 32 boställena.

322 773 119 32 Såsom
468 784 44 21 av
536 774 56 31 det
615 774 202 37 föregående
841 775 162 38 framgår,
1027 776 90 32 hava
1140 777 146 33 flertalet
1309 790 43 20 av
1377 780 40 32 de
1440 781 252 38 myndigheter,
1716 793 70 21 som

279 827 106 35 yttrat
418 827 52 35 sig
505 828 80 30 över
620 827 570 37 kronolägenhetskommissionens
1224 831 134 37 förslag,
1394 834 30 35 ej
1455 834 107 31 heller
1586 835 76 30 haft
1684 836 103 36 något

277 879 52 30 att
351 878 12 31 1
388 879 132 36 princip
554 880 114 31 erinra
703 882 71 29 mot
796 880 65 32 den
886 881 207 37 utvidgning
1116 892 44 21 av
1185 884 157 35 gällande
1365 885 254 33 bestämmelser
1642 897 55 21 om
1721 888 64 31 för-

278 931 152 36 säljning
453 942 44 20 av
520 932 213 32 ecklesiastik
757 933 86 36 jord,
866 943 73 21 som
963 934 162 37 förslaget
1148 935 154 32 innebär.
1348 937 359 39 Kammarkollegium
1724 940 62 31 har

277 983 145 31 sålunda
457 984 133 36 uttalat,
625 986 52 29 att
711 995 42 21 en
781 986 193 37 anordning
999 987 12 30 i
1033 987 180 37 förslagets
1236 989 87 36 syfte
1346 990 62 31 och
1431 991 78 31 med
1532 991 73 31 dess
1628 992 157 36 begräns-

277 1036 85 36 ning
385 1036 77 31 från
486 1036 55 31 det
563 1037 234 31 ecklesiastika
820 1039 173 31 intressets
1013 1040 176 36 synpunkt
1214 1041 72 31 icke
1307 1042 94 31 torde
1418 1043 129 31 behöva
1563 1044 94 31 vålla
1673 1046 112 36 någon

276 1089 106 30 större
410 1088 232 38 betänklighet
665 1090 12 30 i
700 1090 221 32 betraktande
953 1102 44 20 av
1031 1091 141 37 frågans
1206 1094 250 36 jämförelsevis
1492 1096 134 32 mindre
1658 1097 127 32 dimen-

278 1141 109 31 sioner
412 1141 11 30 i
447 1141 215 32 förhållande
685 1142 55 31 till
764 1143 76 31 hela
863 1143 333 33 boställsbeståndets
1221 1146 132 32 storlek.

320 1193 68 31 Vid
423 1194 237 37 övervägande
694 1205 44 21 av
773 1195 40 31 de
847 1196 93 30 olika
972 1197 226 37 möjligheter,
1223 1208 70 21 som
1316 1200 142 36 erbjuda
1481 1202 52 35 sig
1557 1202 54 30 för
1634 1203 151 31 lösandet

277 1256 45 20 av
345 1255 47 21 nu
420 1246 233 36 föreliggande
679 1247 348 38 lagstiftningsfråga,
1051 1250 208 32 framställer
1282 1252 50 36 sig
1356 1253 149 36 givetvis
1529 1255 12 29 i
1565 1254 106 32 första
1695 1265 90 21 rum-

276 1299 69 30 met
368 1298 54 31 till
446 1298 211 33 besvarande
680 1301 208 36 spörsmålet,
906 1301 170 32 huruvida
1093 1303 73 30 icke
1183 1303 39 31 de
1239 1304 258 39 bestämmelser,
1513 1316 73 21 som
1603 1307 180 37 erfordras,

277 1350 101 31 borde
412 1351 170 31 inarbetas
605 1353 13 29 i
642 1353 253 36 ensittarlagen.
943 1353 170 33 Utskottet
1142 1356 64 30 vill
1230 1357 12 30 i
1265 1357 91 31 detta
1384 1359 252 37 sammanhang
1660 1357 123 45 erinra,

276 1403 51 30 att
350 1402 55 31 det
428 1403 127 37 förslag
579 1404 56 31 till
659 1415 46 26 ny
729 1406 371 38 ensittarlagstiftning,
1124 1418 73 21 som
1220 1419 43 20 av
1285 1409 130 37 Kungl.
1434 1411 99 37 Maj:t
1550 1413 12 29 i
1577 1413 207 36 proposition

277 1465 41 21 nr
335 1456 61 30 142
413 1455 159 37 förelagts
595 1457 233 32 innevarande
850 1459 56 30 års
924 1458 148 37 riksdag,
1090 1460 125 31 liksom
1235 1462 83 30 1920
1331 1463 56 30 års
1400 1473 44 21 nu
1458 1464 160 35 gällande
1629 1466 155 30 ensittar-

276 1508 57 36 lag
350 1508 210 37 undantager
583 1509 47 31 all
654 1509 86 37 jord,
764 1520 71 21 som
861 1510 117 31 tillhör
1000 1511 143 38 kronan,
1157 1513 79 31 från
1254 1514 115 37 lagens
1388 1515 232 38 tillämpning.
1645 1517 138 32 Liksom

276 1560 133 31 kronan
437 1561 158 37 tillhörig
620 1562 163 36 egendom
807 1563 73 31 icke
903 1564 125 30 ansetts
1051 1564 82 31 böra
1156 1565 97 32 bliva
1276 1567 143 32 föremål
1444 1569 53 30 för
1519 1566 263 46 expropriation,

276 1613 93 31 torde
401 1613 55 32 det
480 1614 100 31 också
602 1625 86 21 vara
712 1615 169 37 lämpligt
905 1617 51 30 att
980 1616 223 38 lösningsrätt
1226 1619 109 37 enligt
1357 1621 243 37 ensittarlagen
1623 1623 30 36 ej
1679 1623 104 32 heller

276 1666 67 31 kan
368 1668 98 34 göras
490 1667 158 36 gällande
672 1668 210 31 beträffande
905 1668 96 37 dylik
1024 1670 175 36 egendom.
1247 1671 130 32 Härtill
1402 1673 162 37 kommer,
1589 1677 60 34 att,
1674 1677 108 30 såsom

276 1718 548 37 kronolägenhetskommissionen
848 1721 139 37 erinrat,
1010 1721 65 32 den
1102 1723 173 37 procedur,
1299 1734 71 21 som
1395 1726 12 30 i
1430 1727 245 37 ensittarlagen
1699 1728 83 31 före-

276 1771 129 31 skrives
440 1771 209 32 beträffande
684 1773 131 31 inlösen
849 1784 45 20 av
929 1773 107 32 under
1065 1775 250 36 nyttjanderätt
1338 1778 153 35 upplåtet
1513 1779 146 37 område,
1683 1790 99 27 synes

276 1833 84 21 vara
383 1823 12 31 i
419 1824 175 36 åtskilliga
619 1825 213 31 hänseenden
855 1825 135 32 mindre
1013 1827 58 30 väl
1096 1827 137 37 lämpad
1257 1829 52 30 för
1332 1839 47 21 nu
1401 1830 265 37 ifrågavarande
1681 1833 101 31 ända-

276 1875 80 31 mål.
403 1875 60 31 Ett
486 1876 221 32 inarbetande
731 1878 12 30 i
766 1878 151 31 nämnda
940 1878 55 36 lag
1019 1889 43 20 av
1086 1879 255 34 bestämmelser
1364 1883 54 30 till
1439 1884 198 36 reglerande
1652 1896 45 20 av
1713 1888 69 29 rätt

276 1927 55 31 till
365 1927 199 38 friköpning
591 1939 46 21 av
661 1929 198 37 lägenheter
881 1932 21 30 å
925 1932 203 36 prästerliga
1151 1932 168 33 boställen
1342 1944 98 27 synes
1465 1937 163 31 utskottet
1651 1937 131 32 förden-

275 1980 92 31 skull
391 1980 31 37 ej
447 1990 83 21 vara
553 1983 50 29 att
626 1981 148 33 tillråda.

275 2063 8 12 ,
318 2031 74 32 Mot
427 2042 49 22 nu
511 2033 230 33 förevarande
771 2032 131 39 förslag
926 2036 120 31 kunna
1070 2038 197 31 emellertid
1291 2039 12 30 i
1326 2040 110 31 andra
1460 2042 196 31 avseenden
1680 2044 100 35 göras

275 2084 219 37 berättigade
518 2086 212 36 erinringar.
776 2087 125 36 Enligt
925 2089 188 31 utskottets
1137 2090 146 37 mening
1307 2092 96 31 torde
1420 2092 57 31 det
1494 2093 148 32 sålunda
1660 2094 120 32 kunna

274 2136 239 37 ifrågasättas,
548 2148 57 21 om
639 2138 32 36 ej
708 2139 260 32 bestämmelser
1002 2141 82 31 böra
1119 2142 122 31 träffas
1276 2144 178 36 angående
1490 2146 203 35 grunderna
1716 2147 62 31 och

275 2189 105 30 sättet
413 2188 55 32 för
502 2189 66 31 den
603 2190 202 37 värdering,
833 2201 73 22 som
930 2192 61 32 bör
1015 2193 96 37 ligga
1135 2194 57 31 till
1217 2195 116 36 grund
1357 2196 54 31 för
1435 2197 276 32 bestämmandet
1734 2209 44 20 av

275 2239 276 39 löseskillingen.
597 2242 122 32 Såsom
743 2243 354 39 kammarkollegium
1121 2247 176 36 anmärkt,
1322 2248 71 31 kan
1417 2248 56 32 det
1497 2250 31 36 ej
1554 2250 109 31 heller
1679 2260 99 22 anses

275 2292 341 38 tillfredsställande,
641 2296 51 30 att
716 2295 353 38 friköpningsrätten,
1093 2299 115 30 såsom
1233 2299 12 31 i
1268 2299 166 38 förslaget
1450 2301 101 37 skett,
1569 2303 208 31 inskränkes

275 2344 56 31 till
366 2344 202 36 lägenheter
601 2348 21 29 å
656 2348 281 35 prästboställen.
987 2349 143 32 Jämväl
1166 2350 398 37 lägenhetsinnehavare
1598 2355 21 30 å
1657 2355 122 37 övriga

275 2406 150 27 grupper
448 2407 44 21 av
515 2398 248 33 ecklesiastika
786 2400 172 32 boställen
981 2402 112 31 såsom
1117 2402 166 38 biskops-,
1300 2404 154 37 lektors-,
1472 2406 228 36 sysslomans-
1716 2408 61 30 och

276 2448 327 39 klockarboställen,
629 2451 40 31 de
693 2452 219 32 sistnämnda
936 2454 216 32 omfattande
1176 2456 112 36 enligt
1312 2456 292 33 kommissionens
1620 2459 157 31 statistik

277 2501 75 33 icke
377 2502 137 32 mindre
541 2504 44 30 än
610 2503 61 32 539
696 2504 144 38 stycken
865 2505 211 37 lägenheter,
1101 2517 106 27 synas
1231 2508 148 32 sålunda
1395 2510 82 31 böra
1495 2510 134 32 erhålla
1645 2521 132 23 samma
