1856 2792
493 137 388 31 Jordbruksutskottets
908 135 177 30 utlåtande
1111 144 43 19 nr
1176 132 51 34 38,
1578 131 37 29 21

109 229 11 28 i
140 227 187 30 huvudsak
347 227 40 29 de
408 225 86 34 skäl,
516 233 74 21 som
611 224 10 28 i
640 222 112 40 övrigt
772 222 136 31 anförts
928 230 42 21 av
989 221 187 35 nämnden,
1197 220 71 29 kan
1286 219 61 39 jag
1366 218 30 39 ej
1418 218 108 29 heller
1547 216 70 31 för-

109 278 84 30 orda
218 278 41 29 de
284 275 227 40 jämkningar
536 275 11 29 i
572 273 176 39 förslaget,
773 280 121 22 varom
920 270 261 38 framställning
1206 269 122 40 gjorts.

156 327 120 30 Såsom
303 324 178 30 nämnden
508 321 193 31 framhållit
728 322 160 29 kommer
912 320 69 29 den
1005 319 55 29 för
1088 317 83 31 1953
1199 318 57 29 års
1286 317 105 30 skörd
1419 315 199 39 föreslagna

109 376 298 40 prissänkningen
431 374 20 29 å
475 372 151 30 brödsäd
651 373 50 29 att
725 371 162 30 medföra
911 379 42 20 en
978 368 206 39 minskning
1208 378 43 20 av
1276 366 339 31 räntekostnaderna

110 427 56 31 vid
189 425 207 31 oförändrat
417 424 187 38 ränteläge.
628 422 248 39 Minskningen
898 420 134 40 uppgår
1054 419 52 30 till
1130 418 97 30 cirka
1251 418 41 30 30
1315 419 59 29 öre
1394 426 61 31 per
1478 416 137 31 deciton

111 478 62 29 och
193 477 48 30 år.
261 476 71 30 Mot
351 475 195 30 nämndens
565 474 141 38 förslag,
725 474 50 29 att
794 472 115 30 denna
928 471 89 30 skall
1037 470 179 39 utjämnas
1237 477 123 31 genom
1379 470 50 28 att
1448 468 67 30 den
1534 467 82 39 hög-

112 538 36 20 re
174 527 196 30 successiva
394 525 275 40 prisstegringen
696 524 55 30 får
777 523 90 39 gälla
893 522 122 30 endast
1041 521 111 30 under
1178 520 59 31 två
1262 519 178 34 månader,
1466 519 65 29 har
1556 517 60 40 jag

111 579 75 30 icke
208 579 105 39 något
335 580 51 28 att
408 577 126 29 erinra.

157 630 12 29 I
193 629 170 31 samband
384 628 79 30 med
485 626 216 40 övergången
721 625 53 30 till
794 625 57 29 det
872 633 69 30 nya
962 622 266 40 regleringsåret
1249 621 233 39 uppkommer
1504 619 114 29 denna

113 681 88 39 gång
223 679 125 39 frågan
370 687 57 21 om
449 680 50 27 att
522 677 117 29 lämna
660 677 202 29 kvarnarna
884 673 194 39 ersättning
1098 672 55 30 för
1178 672 133 30 sådana
1333 669 286 41 prisfallsförlus-

112 733 61 31 ter,
197 739 73 21 som
293 728 148 41 uppstår
462 728 52 29 till
536 727 90 39 följd
648 736 43 20 av
713 725 220 39 sänkningen
956 733 42 21 av
1019 722 342 40 brödsädspriserna.
1386 721 80 30 Som
1489 720 130 30 bekant

112 782 64 29 har
203 781 202 29 kvarnarna
433 778 146 39 tidigare
608 777 109 39 ålagts
748 778 51 28 att
828 774 154 30 inbetala
1010 772 356 42 prishöjningsavgift
1393 771 59 30 vid
1482 772 42 29 de
1551 770 69 30 till-

113 832 117 33 fällen,
250 831 44 30 då
311 829 182 41 prisnivån
512 828 107 39 höjts.
649 828 2 28 I
670 826 224 31 konsekvens
911 825 145 30 härmed
1076 824 63 30 bör
1158 822 145 40 givetvis
1323 821 194 40 ersättning
1537 820 83 40 utgå

112 882 58 30 vid
193 882 67 29 den
283 880 175 39 sänkning
480 888 44 21 av
544 878 168 40 priserna,
737 887 75 20 som
836 885 47 21 nu
908 874 160 31 förestår.
1091 875 65 29 Det
1180 874 98 29 torde
1302 873 37 30 få
1362 872 190 30 ankomma
1575 871 46 40 på

113 931 126 40 Kungl.
262 930 106 40 Maj:t
390 932 50 28 att
463 929 88 30 efter
575 928 130 39 förslag
728 937 43 20 av
793 926 178 30 nämnden
994 925 160 30 meddela
1177 925 163 29 närmare
1364 923 221 30 föreskrifter
1609 922 10 29 i

113 983 128 29 ämnet.

156 1055 379 31 Jordbruksnämnden
563 1054 64 29 har
657 1053 152 40 upplyst,
841 1053 50 29 att
918 1051 227 40 jordbrukets
1175 1048 444 41 förhandlingsdelegation

112 1108 57 29 vid
187 1107 92 30 årets
298 1105 267 39 förhandlingar
583 1114 56 20 om
656 1103 355 42 jordbrukspriserna
1030 1101 53 31 för
1102 1101 293 30 nästkommande
1413 1099 207 40 reglerings-

113 1159 39 28 år
178 1158 155 39 godkänt
359 1156 191 41 principen,
577 1157 50 28 att
651 1154 262 40 jordbrukarna
940 1152 111 41 själva
1078 1152 90 31 skall
1194 1151 85 30 bära
1306 1153 162 28 ansvaret
1495 1150 55 30 för
1577 1158 43 21 en

114 1208 171 30 eventuell
312 1205 422 41 överskottsproduktion.
762 1205 104 29 Detta
893 1203 145 30 innebär
1064 1202 109 39 enligt
1201 1203 188 32 nämnden,
1418 1202 50 29 att
1497 1208 123 32 garan-

114 1259 188 39 tipriserna
322 1259 11 28 i
358 1258 99 30 deras
480 1256 200 30 nuvarande
703 1255 238 40 obegränsade
963 1253 214 40 omfattning
1199 1252 91 30 skall
1313 1252 115 40 slopas
1452 1251 81 30 från
1556 1250 64 30 och

115 1311 78 29 med
218 1310 83 29 1954
327 1310 56 29 års
408 1308 115 31 skörd.
549 1308 65 39 Jag
638 1307 64 30 har
725 1307 89 30 intet
836 1308 52 28 att
908 1305 117 30 erinra
1048 1304 170 30 häremot.
1241 1302 127 40 Kungl.
1393 1302 105 40 Maj:t
1521 1301 99 30 torde

115 1360 192 30 emellertid
326 1360 127 29 liksom
472 1358 124 31 hittills
615 1359 83 30 böra
718 1356 133 31 erhålla
871 1356 207 38 riksdagens
1096 1354 279 39 bemyndigande
1394 1356 50 28 att
1466 1352 156 31 faststäl-

116 1411 31 30 la
172 1411 92 30 vissa
290 1411 112 39 priser
427 1410 54 30 för
505 1410 155 29 höstvete
685 1408 65 30 och
776 1407 153 39 höstråg.
955 1406 209 38 Avsättning
1191 1404 52 32 till
1269 1405 102 29 dessa
1393 1404 112 39 priser
1531 1402 90 30 skall

115 1461 193 29 emellertid
332 1461 201 38 garanteras
558 1459 124 30 endast
704 1458 104 30 såvitt
829 1458 109 38 angår
960 1466 43 21 en
1025 1455 356 34 brödsädskvantitet,
1404 1456 218 28 motsvaran-

117 1512 40 30 de
182 1513 55 29 det
262 1511 186 30 inhemska
470 1509 451 39 konsumtionsutrymmet.

115 1630 225 35 Regleringen
360 1638 41 20 av
420 1628 163 30 fodersäd
602 1628 63 29 och
684 1627 109 29 andra
813 1625 221 31 fodermedel.

162 1714 67 28 För
249 1712 219 30 närvarande
488 1713 38 28 är
545 1711 153 29 handeln
717 1711 80 29 med
817 1709 213 30 fodermedel
1051 1708 126 29 liksom
1199 1709 88 29 även
1307 1705 278 41 prisbildningen
1606 1704 20 30 å

118 1764 100 29 dessa
240 1763 10 29 i
274 1764 88 28 stort
383 1764 66 28 sett
471 1761 56 30 fri.
550 1761 13 29 I
585 1761 98 38 fråga
703 1770 57 21 om
781 1759 210 30 fodersäden
1012 1759 65 29 har
1099 1758 112 29 under
1235 1765 122 22 senare
1379 1756 38 30 år
1439 1756 76 29 icke
1536 1755 90 29 före-

118 1813 149 30 kommit
288 1812 110 39 några
417 1812 111 29 andra
547 1810 277 40 prisreglerande
845 1809 160 39 åtgärder
1026 1809 45 29 än
1091 1809 51 28 att
1161 1807 113 40 priser
1295 1806 186 30 fastställts
1502 1806 10 29 i
1533 1805 93 30 vissa

119 1863 281 39 importhamnar
422 1862 54 29 för
496 1871 43 20 av
560 1861 152 30 Svenska
736 1859 438 40 spannmålsaktiebolaget
1197 1856 291 31 tillhandahållen
1513 1855 114 30 foder-

121 1914 71 32 säd,
213 1911 282 39 huvudsakligen
514 1911 214 39 importerad
749 1910 109 29 sådan
878 1918 93 21 vara.
994 1909 141 29 Samma
1156 1909 132 37 system
1311 1907 174 38 tillämpas
1506 1906 11 29 i
1540 1907 87 28 stort

120 1965 66 28 sett
207 1962 223 30 beträffande
452 1961 155 39 bolagets
629 1960 213 39 försäljning
863 1969 41 20 av
926 1958 269 39 oljekraftfoder
1218 1958 65 29 och
1306 1957 59 29 kli.

165 2013 12 29 I
209 2013 98 38 fråga
336 2022 56 20 om
420 2012 67 29 den
515 2010 166 30 framtida
708 2008 450 39 fodermedelsregleringen
1189 2008 64 29 har
1284 2008 93 29 såväl
1408 2006 220 40 spannmåls-

120 2064 136 38 bolaget
278 2072 74 21 som
374 2063 66 29 den
462 2062 10 28 i
494 2063 66 28 den
580 2060 146 39 tidigare
747 2060 243 39 redogörelsen
1011 2059 225 33 omnämnda,
1260 2068 42 19 av
1323 2057 135 39 bolaget
1480 2056 148 30 tillsatta

120 2113 209 30 kommittén
360 2112 167 33 förordat,
556 2113 50 27 att
635 2109 290 31 utrikeshandeln
952 2110 79 29 med
1061 2109 173 33 fodersäd,
1265 2107 269 39 oljekraftfoder
1563 2106 65 30 och

121 2164 48 29 kli
196 2164 88 28 skall
310 2162 206 39 överflyttas
541 2161 79 29 från
643 2161 136 38 bolaget
804 2160 52 29 till
881 2159 338 38 handelsföretagen.
1247 2158 12 29 I
1289 2157 168 30 samband
1484 2157 144 29 därmed

122 2221 97 20 avses
252 2214 40 28 de
325 2221 46 20 nu
404 2211 160 38 gällande
595 2210 310 30 bestämmelserna
938 2218 54 20 om
1026 2208 284 30 standardiserad
1344 2208 283 39 oljekraftfoder-

121 2262 192 38 blandning
334 2262 98 28 skola
453 2260 190 39 upphävas.
664 2261 49 28 De
733 2260 202 37 reglerande
956 2259 207 38 åtgärderna
1185 2258 80 29 från
1287 2260 131 27 statens
1441 2258 74 29 sida
1538 2257 87 29 skall

121 2312 153 28 därefter
296 2312 9 28 i
327 2311 186 29 huvudsak
534 2310 212 29 inskränkas
768 2310 52 28 till
842 2311 50 27 att
913 2318 79 22 avse
1014 2309 77 29 stöd
1112 2308 34 29 åt
1169 2309 66 29 den
1258 2308 184 29 inhemska
1464 2307 162 38 odlingen

124 2369 123 30 genom
271 2361 294 38 införselavgifter
589 2370 28 19 o.
641 2361 41 33 d.,
706 2360 172 38 varjämte
901 2369 42 19 en
966 2358 70 29 viss
1059 2357 352 39 beredskapslagring
1433 2357 88 29 skall
1546 2356 81 39 ålig-

123 2420 39 30 ga
189 2412 146 38 bolaget.
363 2412 51 29 En
442 2411 253 39 förutsättning
721 2410 54 29 för
802 2409 296 39 överflyttningen
1125 2416 104 31 anges
1257 2417 92 24 vara,
1378 2409 49 28 att
1454 2408 172 38 importen

123 2462 74 30 icke
219 2463 88 29 skall
329 2462 131 29 behöva
484 2461 296 29 subventioneras.
