1856 2794
483 137 389 31 Jordbruksutskottets
895 138 180 30 utlåtande
1097 147 43 21 nr
1159 136 51 31 38.
1567 137 36 30 17

96 223 46 29 bli
160 222 147 31 föremål
325 223 53 29 för
397 222 164 30 fortsatta
579 221 288 39 överläggningar
885 221 129 29 mellan
1032 221 177 30 nämnden
1228 221 64 29 och
1311 220 216 31 företrädare
1546 220 55 30 för

95 273 218 39 jordbruket.

141 349 118 30 Under
282 350 41 29 de
348 350 137 29 senaste
509 348 83 30 åren
617 348 64 30 har
705 347 81 30 från
811 348 92 30 olika
927 347 73 30 håll
1023 347 58 31 vid
1106 347 175 40 åtskilliga
1306 347 164 30 tillfällen
1494 347 107 30 fram-

98 400 113 30 ställts
235 399 181 30 önskemål
442 408 57 20 om
524 409 42 20 en
592 398 175 40 sänkning
792 407 41 21 av
858 397 298 40 margarinpriset.
1182 398 64 39 Jag
1271 397 59 30 vill
1355 399 11 29 i
1391 398 95 30 detta
1511 407 91 21 sam-

100 450 176 39 manhang
301 450 86 29 blott
413 449 118 31 erinra
556 459 57 20 om
639 450 50 29 att
714 449 409 39 priskontrollnämnden
1148 448 12 29 i
1186 448 179 30 december
1392 448 209 40 föregående

99 501 38 30 år
156 501 206 29 hemställde
382 510 56 20 om
458 500 265 39 undersökning
741 509 42 21 av
803 499 342 39 förutsättningarna
1164 499 54 30 för
1240 509 42 20 en
1303 499 176 40 temporär
1500 498 104 31 sänk-

100 551 93 39 ning.
210 551 319 39 Framställningen
544 550 204 30 föranledde
767 550 88 29 dock
871 550 76 29 icke
966 550 114 39 någon
1098 550 125 38 Kungl.
1241 549 123 39 Maj:ts
1383 550 133 38 åtgärd.
1536 549 67 30 Vid

99 602 92 29 årets
211 601 343 40 prisförhandlingar
575 601 63 29 har
658 600 80 30 från
760 600 95 30 såväl
874 599 391 39 jordbruksnämndens
1287 609 74 20 som
1380 599 224 37 jordbrukets

100 651 461 39 förhandlingsdelegations
580 651 75 29 sida
673 650 146 30 uttalats
838 650 182 30 önskemål
1039 659 58 20 om
1116 652 50 28 att
1185 651 159 39 priserna
1362 651 44 39 på
1426 651 95 29 smör
1539 651 65 29 och

99 701 178 39 margarin
294 719 43 3 —
355 701 11 29 i
385 701 109 30 likhet
514 701 79 30 med
612 700 160 40 priserna
791 700 44 40 på
854 700 153 30 flertalet
1026 701 110 29 andra
1154 700 387 40 jordbruksprodukter
1558 718 46 4 —

99 752 112 29 skulle
239 752 138 29 sänkas.
406 751 129 30 Härför
564 751 111 29 skulle
703 750 193 30 emellertid
923 750 177 30 erfordras
1128 750 199 40 ytterligare
1356 750 140 40 statliga
1524 750 79 30 sub-

98 803 189 34 ventioner,
314 802 104 39 något
443 811 76 20 som
543 802 106 29 bland
674 803 109 28 annat
808 811 43 20 av
876 801 291 31 statsfinansiella
1192 801 75 31 skäl
1293 801 76 30 icke
1395 803 97 29 torde
1517 802 85 30 böra

98 853 266 39 ifrågakomma.
388 853 48 30 På
458 853 114 39 grund
592 852 109 30 härav
722 852 64 30 har
809 853 99 29 dessa
931 852 183 29 önskemål
1135 851 91 30 måst
1248 852 211 30 frånträdas.
1484 852 117 31 Skulle

99 904 100 39 fråga
214 913 121 21 senare
350 904 219 39 uppkomma
584 912 57 21 om
657 902 150 40 ändring
823 912 42 21 av
879 902 162 40 priserna
1055 902 45 40 på
1116 903 94 29 smör
1225 903 65 29 och
1307 903 187 39 margarin,
1512 903 90 30 skall

99 954 107 39 enligt
236 964 42 19 en
308 954 52 29 till
390 952 441 41 prisöverenskommelsen
862 952 104 39 fogad
997 952 409 40 protokollsanteckning
1435 953 169 30 förhand-

99 1004 351 40 lingsdelegationens
478 1004 179 39 samtycke
684 1004 53 29 till
765 1003 194 39 ändringen
986 1003 187 30 inhämtas.

145 1055 120 30 Såsom
296 1055 373 39 jordbruksnämnden
700 1054 118 30 anfört
851 1054 113 30 skulle
996 1064 43 20 en
1070 1055 92 29 ökad
1192 1054 251 41 prisspänning
1474 1055 129 29 mellan

99 1106 96 29 smör
216 1106 65 29 och
302 1106 178 38 margarin
502 1105 178 29 sannolikt
703 1105 78 30 leda
801 1105 53 29 till
876 1114 42 20 en
941 1105 96 29 ännu
1060 1106 110 28 större
1192 1105 131 39 ökning
1346 1114 41 20 av
1410 1104 193 40 margarin-

100 1156 272 30 konsumtionen
401 1156 46 40 på
475 1156 194 30 bekostnad
701 1165 42 20 av
773 1155 377 40 smörförbrukningen
1180 1156 45 29 än
1256 1164 75 21 som
1360 1156 110 29 redan
1500 1156 102 29 skett.

100 1206 53 30 En
177 1206 158 41 nedgång
358 1206 11 29 i
394 1207 66 29 den
483 1206 187 31 inhemska
695 1205 280 40 förbrukningen
1000 1215 42 20 av
1067 1206 93 29 smör
1185 1206 112 29 skulle
1322 1205 20 30 å
1367 1206 112 30 andra
1503 1206 102 30 sidan

100 1257 159 30 medföra
282 1259 48 28 ett
352 1257 197 39 betydande
573 1256 284 34 smöröverskott,
881 1256 223 30 beträffande
1127 1256 107 30 vilket
1258 1256 270 40 möjligheterna
1551 1256 52 30 till

100 1310 122 37 export
248 1309 38 29 är
311 1307 123 30 ovissa.
462 1307 48 30 På
536 1308 113 39 grund
674 1317 43 20 av
742 1307 393 39 mjölkproduktionens
1161 1309 95 28 stora
1281 1307 176 39 betydelse
1482 1307 55 30 för
1563 1307 41 29 de

101 1358 136 30 mindre
260 1357 387 40 brukningsenheterna
671 1358 65 29 och
760 1357 261 40 svårigheterna
1045 1358 50 29 att
1117 1357 45 40 på
1185 1357 131 31 sådana
1340 1358 142 29 enheter
1505 1358 100 38 lägga

101 1417 58 21 om
189 1408 269 39 produktionen,
491 1418 102 20 anses
626 1418 42 20 en
700 1409 195 29 nämnvärd
928 1407 206 40 minskning
1163 1417 43 20 av
1238 1409 66 28 den
1336 1408 109 29 totala
1477 1407 128 39 mjölk-

101 1459 258 38 produktionen
381 1459 124 30 endast
525 1459 120 29 kunna
667 1458 264 30 åstadkommas
952 1458 44 39 på
1018 1458 118 39 längre
1158 1458 69 29 sikt
1248 1458 65 29 och
1334 1458 125 30 främst
1482 1458 11 29 i
1515 1467 90 21 sam-

100 1509 93 30 band
216 1510 79 29 med
317 1509 179 30 bildandet
520 1519 42 20 av
584 1509 340 38 brukningsenheter
948 1509 79 29 med
1051 1509 206 29 alternativa
1280 1508 325 39 produktionsmöj-

101 1559 155 39 ligheter.
280 1559 119 30 Såsom
423 1559 177 30 nämnden
624 1558 195 30 framhållit
843 1558 158 29 kommer
1025 1557 371 40 mjölkproduktionen
1421 1560 50 28 att
1495 1559 111 29 under

102 1611 41 29 de
171 1611 176 29 närmaste
376 1610 82 29 åren
487 1609 167 39 betydligt
683 1609 172 39 överstiga
884 1609 58 31 det
969 1609 185 29 inhemska
1183 1609 422 39 avsättningsutrymmet.

102 1661 66 29 Om
192 1661 67 28 den
283 1660 184 30 inhemska
492 1659 371 31 smörkonsumtionen
888 1659 179 39 samtidigt
1092 1659 157 30 kommer
1275 1661 50 28 att
1349 1668 96 21 mera
1469 1660 137 29 väsent-

102 1711 60 38 ligt
188 1711 149 34 minska,
363 1711 112 29 skulle
502 1711 101 30 svåra
627 1711 65 29 och
717 1710 176 30 måhända
918 1710 145 38 olösliga
1088 1710 353 40 överskottsproblem
1468 1709 137 40 uppstå.

103 1762 12 27 I
137 1761 109 29 likhet
268 1762 76 29 med
367 1762 177 29 nämnden
567 1770 101 20 anser
688 1761 60 39 jag
770 1763 50 28 att
843 1770 46 20 nu
910 1761 155 38 antydda
1087 1760 244 30 förhållanden
1354 1760 187 30 motiverar
1564 1769 42 21 en

102 1812 70 29 viss
194 1811 232 39 försiktighet,
450 1812 38 29 så
510 1814 50 27 att
582 1811 112 39 någon
719 1811 158 29 starkare
899 1811 245 39 förskjutning
1163 1810 81 30 från
1266 1812 109 28 smör-
1396 1810 52 30 till
1471 1818 136 31 marga-

104 1862 284 29 rinkonsumtion
414 1862 76 30 icke
517 1862 272 29 åstadkommes.
817 1861 136 40 Frågan
980 1870 56 20 om
1063 1861 259 39 produktionen
1348 1861 65 29 och
1440 1861 167 29 konsum-

104 1913 116 28 tionen
242 1922 42 20 av
305 1913 93 28 smör
420 1913 65 28 och
506 1912 177 38 margarin
706 1914 37 28 är
766 1911 191 31 emellertid
980 1913 47 28 ett
1049 1911 147 30 centralt
1217 1911 155 39 problem
1395 1911 96 29 inom
1512 1912 95 38 jord-

103 1963 289 38 brukspolitiken,
413 1963 65 29 och
498 1962 59 39 jag
578 1962 157 29 kommer
756 1964 50 28 att
825 1963 11 29 i
857 1961 274 39 fortsättningen
1152 1961 126 30 liksom
1299 1961 125 30 hittills
1445 1961 90 39 följa
1555 1963 53 27 ut-

103 2013 202 38 vecklingen
329 2013 43 39 på
396 2013 159 29 området
579 2013 77 29 med
682 2015 71 27 stor
777 2012 323 40 uppmärksamhet.
1127 2012 116 29 Skulle
1268 2012 110 29 under
1402 2012 206 38 reglerings-

103 2064 92 29 årets
214 2064 136 38 förlopp
370 2064 97 38 fråga
486 2064 215 39 uppkomma
720 2073 57 20 om
796 2072 41 21 en
856 2063 149 38 ändring
1024 2071 41 20 av
1082 2062 158 39 priserna
1258 2062 45 39 på
1321 2063 94 28 smör
1434 2062 64 29 och
1517 2071 91 20 mar-

103 2114 109 37 garin,
234 2114 156 29 kommer
412 2114 143 38 givetvis
578 2113 265 39 förhandlingar
864 2115 50 27 att
935 2114 171 38 upptagas
1127 2113 78 29 med
1227 2112 381 39 förhandlingsdelega-

105 2165 127 28 tionen.

150 2240 11 28 I
186 2239 205 38 föregående
414 2240 56 29 års
493 2239 483 39 prisregleringsproposition
1005 2239 58 32 (nr
1087 2238 79 34 236)
1194 2239 238 38 tillkännagav
1454 2238 59 39 jag
1536 2237 73 29 min

106 2290 114 29 avsikt
237 2292 49 26 att
303 2290 62 28 hos
383 2290 125 37 Kungl.
528 2290 105 38 Maj:t
650 2289 184 29 hemställa
853 2298 56 20 om
927 2288 277 39 bemyndigande
1223 2291 49 26 att
1290 2288 148 29 tillkalla
1456 2288 154 29 sakkun-

107 2340 79 38 niga
206 2340 53 29 för
277 2341 50 27 att
346 2340 209 33 undersöka,
575 2340 66 28 hur
659 2349 83 19 man
761 2339 111 29 skulle
893 2339 119 28 kunna
1033 2338 97 29 finna
1150 2347 40 20 en
1211 2338 109 29 sådan
1340 2338 91 29 form
1452 2338 52 29 för
1523 2337 87 39 pris-

108 2390 223 38 regleringen,
354 2399 73 20 som
448 2390 106 28 bland
575 2391 107 27 annat
703 2390 9 28 i
734 2389 105 38 högre
861 2389 83 37 grad
966 2390 43 27 än
1030 2389 57 28 det
1108 2389 201 28 nuvarande
1330 2389 165 38 systemet
1516 2387 93 30 med-

107 2448 64 30 gav
196 2450 40 19 en
260 2440 125 39 smidig
406 2439 216 40 anpassning
643 2440 52 28 till
719 2438 246 39 förändringar
988 2439 9 28 i
1021 2438 247 39 produktions-
1292 2439 63 29 och
1378 2439 233 37 avsättnings-

135 2507 16 25 2
191 2507 112 30 Bihang
325 2507 45 22 till
392 2505 169 31 riksdagens
582 2505 148 30 protokoll
753 2505 75 24 1953.
852 2505 30 23 10
904 2504 82 24 saml.
1009 2505 40 23 Nr
1065 2507 39 23 38.
