1913 2832
274 152 39 29 14

427 230 225 36 (Nuvarande
678 232 148 40 lydelse)

270 295 85 30 telse
387 295 121 30 därom
540 296 176 31 tillställas
747 297 235 40 länsstyrelse,

271 349 74 21 som
364 341 149 30 beslutet
533 342 118 39 angår.

313 387 72 29 Har
411 386 223 40 länsstyrelse
659 386 175 31 meddelat
861 387 122 41 trafik-

270 430 167 38 tillstånd,
462 431 91 30 skall
576 431 147 31 beslutet
746 431 152 41 delgivas
922 432 61 31 bil-

270 475 286 41 trafiknämnden
581 478 101 36 samt,
707 487 57 20 om
790 477 193 30 tillståndet

268 530 99 20 avser
405 521 349 42 beställningstrafik,
792 522 190 41 polismyn-

268 565 162 41 digheten
455 567 19 30 å
500 566 260 32 stationsorten.

310 972 51 29 Av
389 972 244 30 trafiknämnd
663 974 173 30 meddelat
865 975 113 29 beslut

265 1025 57 20 om
342 1017 270 30 trafiktillstånd
634 1019 89 29 skall
745 1019 152 39 delgivas
919 1018 60 31 bil-

267 1060 287 41 trafiknämnden
582 1062 64 30 och
675 1064 260 39 länsstyrelsen.
966 1064 12 30 I

267 1106 201 31 Stockholm
498 1108 88 29 skall
615 1108 89 30 dock
733 1109 123 30 sådant
885 1110 94 29 med-

265 1151 147 31 delande
441 1152 75 30 icke
546 1153 176 30 tillställas
751 1154 227 30 överståthål-

573 151 123 40 Tredje
717 151 245 40 lagutskottets
985 152 178 31 utlåtande
1185 162 42 20 nr
1247 154 41 29 33
1309 153 39 30 år
1371 154 83 30 1967

1199 234 224 41 (Föreslagen
1450 235 147 40 lydelse)

1043 298 84 30 telse
1163 298 122 30 därom
1319 299 176 31 tillställas
1530 300 226 40 länsstyrelse

1043 352 74 21 som
1139 343 149 31 beslutet
1312 345 117 39 angår.

1085 389 72 29 Har
1202 389 222 40 länsstyrelse
1469 390 175 30 meddelat
1689 391 67 29 till-

1041 433 104 30 stånd
1174 433 51 30 till
1253 434 206 41 linjetrafik,
1487 435 91 30 skall
1606 435 149 31 beslutet

1041 478 152 40 delgivas
1232 479 73 30 dels
1344 479 296 41 polismyndighet
1678 490 75 21 som

1041 523 249 41 länsstyrelsen
1317 524 117 41 finner
1462 526 82 30 böra
1573 526 181 30 underrät-

1041 571 52 28 tas
1114 578 56 21 om
1193 569 202 39 tillståndet,
1418 570 82 37 dels,
1522 580 56 21 om
1601 571 152 41 trafiken

1041 614 99 30 berör
1165 616 86 29 även
1277 618 108 27 annat
1411 616 67 36 län,
1504 616 248 41 länsstyrelsen

1041 660 10 29 i
1073 660 56 29 det
1153 660 102 30 länet.

1082 705 51 29 Av
1154 705 224 40 länsstyrelse
1399 706 175 30 meddelat
1596 706 158 31 tillstånd

1040 749 52 30 till
1118 751 339 41 beställningstrafik
1482 752 91 29 skall
1600 752 152 40 delgivas

1038 794 340 42 polismyndigheten
1425 797 20 30 å
1491 796 261 39 stationsorten,

1039 841 74 36 och,
1134 850 55 20 om
1211 841 57 30 det
1286 842 56 39 för
1364 841 152 40 trafiken
1536 842 149 40 angivna
1706 843 47 29 lo-

1038 885 219 29 kalområdet
1281 887 38 27 är
1343 886 133 39 beläget
1499 887 87 28 även
1612 887 10 28 i
1645 888 107 29 annat

1038 929 67 37 län,
1122 929 247 40 länsstyrelsen
1385 930 11 30 i
1408 931 58 30 det
1481 931 102 30 länet.

1083 975 51 29 Av
1160 976 246 30 trafiknämnd
1435 977 174 30 meddelat
1638 978 114 29 beslut

1037 1029 57 20 om
1111 1017 12 48 =
1143 1021 269 30 trafiktillstånd
1462 1022 88 29 skall
1600 1022 152 39 delgivas

1037 1065 261 41 länsstyrelsen.
1348 1067 12 29 I
1411 1066 202 30 Stockholm
1663 1068 89 29 skall

1038 1110 90 30 dock
1160 1111 124 30 sådant
1317 1111 228 30 meddelande
1576 1112 76 30 icke
1683 1113 69 29 till-

1038 1156 120 30 ställas
1184 1156 430 30 överståthållarämbetet.

264 1197 216 30 larämbetet.

309 1241 75 30 Vad
404 1242 148 30 sålunda
570 1261 44 3 —
630 1262 18 2 —
691 1262 41 3 —
744 1237 33 46 —
812 1263 43 3 —
874 1245 10 29 i
902 1245 281 31 trafiktillstånd.

308 1286 67 30 Om
396 1287 122 40 anslag
566 1305 78 5 ——
662 1306 358 6 ——————
1039 1289 12 30 i
1072 1289 42 30 44
1137 1289 27 38 8.

963 1370 38 30 16
1024 1371 27 37 8.

306 1421 72 30 Hos
405 1420 337 42 biltrafiknämnden
767 1423 91 29 skall
881 1423 96 40 föras

262 1465 145 40 register
427 1467 81 30 över
528 1467 210 31 innehavare
758 1477 42 20 av
821 1467 157 31 tillstånd

265 1510 52 29 till
347 1511 236 40 yrkesmässig
615 1511 117 41 trafik,
765 1511 115 31 vartill
912 1512 65 30 till-

262 1555 105 30 stånd
391 1556 193 30 meddelats
611 1566 42 20 av
680 1557 113 30 denna
819 1557 158 40 myndig-

261 1600 69 30 het.

306 1646 71 30 Hos
404 1646 292 40 länsstyrelserna
724 1647 99 32 skola
848 1648 45 39 på
920 1648 56 30 det

260 1691 68 29 sätt
353 1691 65 29 och
441 1692 11 29 i
476 1692 67 29 den
567 1692 222 40 omfattning,
815 1702 76 20 som
916 1693 60 29 bil-

262 1734 287 40 trafiknämnden
574 1736 116 30 finner
713 1738 75 29 skäl
811 1737 164 30 föreskri-

261 1789 51 25 va,
334 1780 94 30 föras
449 1780 264 41 förteckningar
732 1782 80 30 över
832 1782 144 30 inneha-

260 1834 80 20 vare
378 1835 42 19 av
454 1826 160 29 tillstånd
650 1827 52 29 till
738 1827 237 40 yrkesmässig

259 1869 109 30 trafik
403 1873 91 27 samt
529 1871 81 30 över
645 1872 229 30 automobiler
911 1872 64 30 och

262 1914 214 40 släpfordon,
493 1924 75 21 som
583 1916 173 39 godkänts
772 1917 9 29 i
797 1917 96 40 dylik
906 1919 69 28 tra-

261 1959 52 29 fik
332 1960 82 29 eller
434 1970 74 20 som
528 1971 43 19 av
588 1961 308 31 tillståndshavare
916 1972 59 20 an-

260 2004 104 30 mälts
383 2004 142 40 jämlikt
546 2005 40 30 25
609 2006 15 37 $
646 2006 18 29 2
686 2015 104 21 mom.

956 2097 41 29 25

306 2148 13 28 1
355 2157 127 20 mom.
516 2148 200 31 Automobil
738 2149 57 30 må
816 2150 76 30 icke
914 2159 60 20 an-

258 2192 133 30 vändas
410 2193 11 29 i
440 2194 236 39 yrkesmässig
695 2194 110 29 trafik
825 2194 54 29 för
898 2204 76 30 per-

260 2237 253 30 sonbefordran
541 2240 85 27 utan
653 2241 49 27 att
730 2248 82 20 vara
839 2239 54 29 för
921 2240 52 29 så-

259 2281 69 30 dan
356 2282 110 29 trafik
494 2282 164 40 godkänd
688 2293 42 20 av
757 2283 214 41 myndighet,

260 2335 74 20 som
368 2327 175 30 meddelat
577 2328 315 35 trafiktillståndet,
928 2328 44 28 el-

259 2371 59 36 ler,
337 2371 9 29 i
359 2371 99 40 fråga
474 2381 56 20 om
549 2371 117 41 trafik,
684 2372 115 30 vartill
815 2372 158 31 tillstånd

259 2414 151 30 lämnats
453 2425 42 20 av
538 2415 348 42 biltrafikhämnden,
930 2427 42 20 av

258 2461 234 39 länsstyrelse,
518 2470 75 20 som
620 2462 177 30 nämnden
824 2463 148 29 bestäm-

258 2512 83 22 mer.
375 2505 52 30 Då
459 2506 255 38 godkännande
748 2507 101 30 sökes
882 2508 88 29 skall

1080 1649 70 30 Hos
1178 1650 292 40 länsstyrelserna
1498 1651 98 30 skola
1621 1651 45 40 på
1692 1651 57 30 det

1036 1694 67 29 sätt
1119 1694 65 29 och
1199 1695 11 29 i
1224 1695 66 29 den
1306 1696 223 39 omfattning,
1547 1705 74 21 som
1637 1698 112 27 trans-

1032 1739 257 37 portnämnden
1324 1739 116 30 finner
1475 1741 74 29 skäl
1584 1740 165 30 föreskri-

1033 1792 52 27 va,
1107 1783 96 30 föras
1223 1784 261 41 förteckningar
1505 1786 80 29 över
1605 1786 143 30 inneha-

1034 1837 79 21 vare
1150 1838 43 20 av
1227 1829 160 30 tillstånd
1423 1830 52 29 till
1511 1831 238 39 yrkesmässig

1035 1873 109 30 trafik
1179 1876 89 27 samt
1303 1875 80 29 över
1418 1876 231 29 automobiler
1683 1876 65 30 och

1035 1918 214 40 släpfordon,
1266 1928 75 21 som
1356 1920 173 39 godkänts
1544 1921 11 29 i
1569 1920 97 41 dylik
1679 1923 69 28 tra-

1034 1963 52 29 fik
1105 1964 82 29 eller
1207 1973 75 20 som
1301 1974 42 20 av
1360 1965 308 30 tillståndshavare
1689 1975 58 20 an-

1034 2008 103 30 mälts
1156 2008 142 39 jämlikt
1320 2009 40 30 25
1382 2009 15 37 8
1420 2010 17 29 2
1458 2019 105 20 mom.

1020 2097 27 37 8.

1079 2151 13 28 1
1128 2160 127 20 mom.
1290 2152 199 30 Automobil
1511 2153 58 30 må
1589 2154 76 29 icke
1687 2163 59 21 an-

1031 2195 132 30 vändas
1183 2196 11 29 i
1212 2197 238 40 yrkesmässig
1469 2198 109 29 trafik
1598 2198 54 30 för
1670 2207 75 31 per-

1033 2241 254 29 sonbefordran
1313 2243 86 28 utan
1426 2244 50 27 att
1502 2252 83 20 vara
1612 2243 55 30 för
1693 2244 52 29 så-

1032 2284 69 30 dan
1130 2285 110 30 trafik
1268 2286 163 39 godkänd
1460 2296 43 21 av
1530 2287 214 40 myndighet,

1033 2339 74 20 som
1139 2330 174 30 meddelat
1345 2331 315 31 trafiktillståndet.
1693 2333 52 29 Då

1031 2375 255 38 godkännande
1309 2376 101 29 sökes
1433 2377 88 29 skall
1544 2377 128 30 företes
1694 2378 51 29 in-

1029 2421 60 37 tyg
1115 2428 41 21 av
1181 2419 303 41 besiktningsman
1511 2423 49 28 att
1588 2423 157 29 automo-

1030 2464 92 29 bilen
1148 2465 38 28 är
1212 2465 55 28 för
1292 2465 154 29 trafiken
1472 2466 144 39 lämplig
1642 2469 101 32 samt,

1030 2508 116 30 därest
1169 2510 236 29 automobilen
1427 2510 76 30 icke
1525 2511 38 28 är
1585 2511 159 39 registre-
