1908 2824
459 142 123 39 Tredje
604 139 244 40 lagutskottets
871 135 178 30 utlåtande
1071 143 42 19 nr
1134 133 40 29 33
1195 132 39 29 år
1257 130 83 30 1967
1603 128 38 29 19

316 222 225 34 (Nuvarande
567 220 147 42 lydelse)

159 290 147 41 tagande
326 298 42 20 av
386 286 146 40 stadgad
553 282 191 32 besvärstid
764 281 109 30 under

160 333 255 33 vederbörande
453 327 287 34 besvärsinstans”
775 326 99 40 pröv-

159 381 83 40 ning
269 380 106 39 draga
404 377 122 35 beslut,
554 383 75 22 som
657 383 42 21 av
727 372 148 30 länssty-

158 426 87 30 relse
268 424 81 31 eller
371 420 243 42 trafiknämnd
634 418 105 40 enligt
761 417 111 30 denna

160 469 207 43 förordning
385 466 203 32 meddelats.

1087 211 226 40 (Föreslagen
1338 208 147 42 lydelse)

850 541 42 30 44
919 540 27 38 8.

205 606 111 29 Talan
338 606 73 27 mot
433 602 114 30 beslut
570 610 41 20 av
632 596 244 33 trafiknämnd

161 650 106 40 enligt
300 649 116 30 denna
449 645 205 39 förordning
688 643 91 29 föres
812 642 64 28 hos

161 694 251 40 länsstyrelsen
434 700 123 32 genom
577 689 133 30 besvär.
731 688 72 29 Mot
822 686 56 29 be-

162 741 69 29 slut
256 749 42 20 av
323 734 335 43 biltrafiknämnden
682 733 83 30 eller
787 732 91 29 läns-

163 785 145 40 styrelse
339 783 78 29 med
449 781 77 30 stöd
557 789 42 20 av
628 777 251 39 förordningen

163 830 63 30 och
246 831 73 27 mot
335 826 242 40 länsstyrelses
594 824 114 29 beslut
724 823 11 29 i
753 821 127 30 ärende

165 874 180 41 angående
368 870 237 42 yrkesmässig
628 868 121 34 trafik,
774 866 106 30 vilket

166 920 80 30 från
270 917 244 32 trafiknämnd
562 913 218 40 hänskjutits
796 906 11 54 =
828 910 52 30 till

167 964 235 40 länsstyrelse,
418 962 92 30 föres
526 960 97 30 talan
637 959 64 29 hos
716 958 165 38 Konung-

167 1020 42 20 en
245 1017 123 32 genom
403 1007 132 29 besvär.
570 1004 119 30 Beslut
724 1011 75 21 som
834 1009 47 21 nu

168 1057 103 38 sagts,
294 1053 99 34 skall,
415 1051 79 31 med
515 1050 115 31 nedan
651 1048 149 40 angivna
820 1056 63 20 un-

168 1101 139 38 dantag,
329 1098 90 40 gälla
438 1098 87 28 utan
544 1095 125 30 hinder
689 1103 42 20 av
749 1092 133 32 besvär,

168 1145 90 29 intill
281 1145 78 29 dess
381 1141 222 32 annorlunda
625 1138 194 31 förordnas.

213 1234 130 33 Beslut,
358 1241 75 21 som
464 1225 136 46 ——-—
625 1225 311 46 —————-—

213 1279 121 30 Beslut
348 1286 57 21 om
583 1292 100 3 —-—

978 594 110 29 Talan
1110 593 72 28 mot
1205 590 113 30 beslut
1341 598 42 20 av
1404 585 244 32 trafiknämnd

935 639 105 39 enligt
1073 638 114 29 denna
1220 633 205 39 förordning
1459 631 92 29 föres
1585 630 63 28 hos

934 681 250 41 länsstyrelsen
1230 688 124 32 genom
1398 676 132 30 besvär.
1578 674 71 29 Mot

935 729 113 29 beslut
1089 736 41 21 av
1172 721 354 42 transportnämnden
1568 719 83 30 eller

936 772 224 40 länsstyrelse
1178 770 79 30 med
1276 769 76 29 stöd
1371 777 42 20 av
1431 765 220 38 förordning-

937 829 42 20 en
1013 818 65 29 och
1111 818 73 28 mot
1217 813 242 39 länsstyrelses
1494 810 114 30 beslut
1641 809 11 29 i

938 863 126 31 ärende
1083 860 178 41 angående
1278 856 236 43 yrkesmässig
1532 854 119 33 trafik,

936 909 107 30 vilket
1066 907 79 30 från
1168 903 243 32 trafiknämnd
1433 899 219 41 hänskjutits

938 955 51 29 till
1034 951 234 40 länsstyrelse,
1313 949 92 29 föres
1449 947 96 29 talan
1589 944 64 29 hos

939 1000 195 37 Konungen
1152 1004 124 31 genom
1292 993 132 30 besvär.
1442 991 119 30 Beslut
1579 998 75 20 som

939 1054 48 20 nu
1011 1045 104 38 sagts,
1140 1040 99 35 skall,
1264 1038 79 31 med
1366 1037 115 30 nedan
1505 1034 150 40 angivna

939 1089 189 37 undantag,
1156 1086 90 40 gälla
1271 1085 85 28 utan
1381 1082 126 29 hinder
1533 1089 42 20 av
1599 1079 56 29 be-

941 1135 88 32 svär,
1055 1132 91 30 intill
1171 1131 78 29 dess
1275 1126 221 33 annorlunda
1521 1123 134 31 förord-

941 1188 74 21 nas.

947 1242 44 4 —
1003 1222 167 30 beslutets
1185 1220 76 39 dag.

917 1288 45 3 —
975 1267 138 31 erhållit
1127 1266 65 30 del.

217 1388 123 28 Denna
355 1383 207 40 förordning
574 1381 118 31 träder
705 1381 11 29 i
730 1379 95 31 kraft
841 1379 65 29 den
924 1378 14 29 1
955 1375 141 41 januari
1113 1373 93 31 1968.

220 1431 130 31 Sådant
375 1427 272 32 trafiktillstånd
673 1426 81 30 eller
779 1423 160 31 tillstånd
964 1422 53 29 till
1043 1415 392 43 transportförmedling
1463 1422 74 21 som
1565 1406 95 49 med-

175 1477 111 29 delats
305 1485 42 20 av
366 1476 132 29 statens
516 1469 294 33 biltrafiknämnd
828 1477 80 20 men
927 1467 107 38 enligt
1053 1465 17 29 5
1090 1464 64 30 och
1175 1463 39 30 33
1236 1461 36 37 85
1293 1462 12 28 i
1323 1460 101 29 deras
1443 1467 68 31 nya
1529 1456 131 40 lydelse

177 1522 89 30 skall
290 1521 126 39 prövas
441 1528 42 20 av
505 1516 225 40 länsstyrelse
755 1522 102 21 anses
881 1512 88 29 efter
993 1506 296 33 ikraftträdandet
1314 1514 83 20 vara
1421 1502 173 31 meddelat
1619 1508 43 22 av

174 1565 260 40 länsstyrelsen.
