1858 2790
371 179 455 31 Konstitutionsulskottets
847 178 182 29 memorial
1050 187 42 20 nr
1114 178 36 29 17
1174 177 39 30 år
1237 178 81 28 1959
1585 177 14 29 1

783 497 61 40 Nr
868 497 46 40 17

314 616 455 31 Konstitutionsutskottets
794 615 184 30 memorial
1003 614 178 40 angående
1207 614 217 40 granskning
1448 623 43 20 av
1516 614 40 29 de
1586 614 10 28 i

537 667 190 30 statsrådet
750 666 103 39 förda
878 665 185 40 protokoll.

139 779 66 29 Till
234 778 429 30 konstitutionsutskottet
689 777 47 29 ha
762 777 45 39 på
834 776 121 30 därom
984 776 64 29 hos
1075 775 259 30 vederbörande
1362 775 100 39 gjord
1491 774 107 30 fram-

94 829 165 40 ställning
280 828 99 30 blivit
398 827 247 31 överlämnade
666 827 41 29 de
726 826 113 30 under
860 826 95 29 tiden
975 825 82 30 från
1076 825 66 30 och
1162 825 80 30 med
1262 825 67 29 den
1351 825 38 29 18
1409 824 79 40 juni
1511 825 84 30 1958

93 880 51 29 till
166 880 64 29 och
251 879 79 30 med
352 879 66 29 den
439 879 19 30 9
477 878 144 40 januari
643 878 83 30 1959
746 877 12 30 i
779 876 188 31 statsrådet
987 876 103 30 förda
1109 875 185 40 protokoll,
1317 875 176 39 nämligen
1514 876 80 28 över

136 945 555 41 justitiedepartementsärenden
714 944 80 30 från
815 944 66 29 och
901 943 79 30 med
1001 943 67 30 den
1092 944 38 29 18
1150 943 79 39 juni
1252 943 83 30 1958
1355 942 52 30 till
1427 942 66 29 och
1514 942 80 29 med

93 997 66 30 den
179 998 18 30 9
215 996 143 40 januari
380 997 97 34 1959;

136 1047 292 39 justitieärenden
449 1046 80 30 från
549 1046 65 29 och
635 1045 79 30 med
733 1045 68 30 den
823 1045 38 30 10
880 1044 67 40 juli
968 1044 83 30 1958
1071 1044 51 29 till
1142 1044 66 29 och
1226 1043 79 30 med
1325 1043 67 30 den
1412 1043 19 30 9
1451 1042 143 40 januari

95 1098 98 34 1959;

138 1146 551 41 utrikesdepartementsärenden
711 1146 80 29 från
814 1145 65 30 och
900 1145 79 30 med
1001 1145 67 29 den
1092 1145 38 29 18
1150 1145 79 39 juni
1252 1145 83 29 1958
1355 1144 51 30 till
1428 1144 65 29 och
1514 1143 80 29 med

93 1199 66 29 den
178 1200 18 28 9
215 1198 142 40 januari
378 1198 97 34 1959;

136 1249 311 39 försvarsärenden
473 1247 80 30 från
579 1247 65 30 och
667 1247 80 29 med
771 1247 67 29 den
865 1247 39 29 18
927 1246 79 40 juni
1033 1246 83 30 1958
1143 1246 49 29 till
1217 1245 64 30 och
1306 1245 78 30 med
1408 1245 67 30 den
1500 1246 18 29 9
1542 1246 52 38 ja-

93 1299 103 30 nuari
218 1300 98 34 1959;

137 1349 261 30 socialärenden
423 1349 79 29 från
524 1349 65 29 och
611 1348 79 30 med
711 1348 67 29 den
801 1348 39 29 18
860 1348 79 38 juni
962 1348 83 29 1958
1067 1347 51 30 till
1139 1347 65 29 och
1224 1346 79 30 med
1324 1347 66 29 den
1412 1347 18 29 9
1451 1346 142 39 januari

96 1401 98 34 1959;

138 1449 482 30 kommunikationsärenden
641 1448 80 30 från
740 1448 65 29 och
824 1448 80 29 med
922 1448 67 29 den
1012 1448 38 29 18
1069 1447 79 40 juni
1170 1448 81 29 1958
1273 1447 49 29 till
1343 1447 65 29 och
1426 1447 80 29 med
1527 1447 66 28 den

94 1502 19 27 9
131 1500 141 39 januari
293 1500 97 34 1959;

137 1550 274 39 finansärenden
434 1549 80 30 från
534 1549 66 29 och
620 1549 79 29 med
720 1548 66 30 den
810 1549 38 29 18
867 1548 79 39 juni
968 1548 83 29 1958
1071 1548 52 29 till
1144 1548 64 29 och
1228 1547 79 30 med
1326 1547 67 29 den
1413 1547 18 29 9
1451 1547 143 39 januari

96 1601 98 34 1959;

139 1650 377 30 ecklesiastikärenden
544 1650 80 29 från
649 1649 65 30 och
738 1649 79 29 med
842 1649 67 29 den
936 1649 37 29 18
998 1649 79 38 juni
1104 1649 83 29 1958
1211 1648 51 30 till
1288 1648 65 29 och
1377 1648 78 29 med
1481 1648 66 29 den
1575 1648 18 29 9

92 1701 143 39 januari
260 1702 97 33 1959;

137 1751 347 40 jordbruksärenden
507 1750 80 30 från
610 1750 65 29 och
696 1750 80 29 med
798 1750 67 29 den
889 1750 38 29 18
948 1749 79 39 juni
1051 1750 82 29 1958
1155 1749 51 29 till
1228 1749 65 29 och
1314 1749 78 29 med
1414 1748 67 30 den
1503 1750 19 28 9
1543 1748 51 39 ja-

95 1801 101 29 nuari
221 1802 98 34 1959;

138 1851 302 29 handelsärenden
460 1851 79 29 från
558 1851 65 29 och
640 1851 79 29 med
737 1850 67 29 den
826 1851 37 29 18
881 1850 78 39 juni
979 1850 83 29 1958
1081 1850 51 29 till
1150 1850 65 29 och
1233 1849 79 29 med
1330 1849 67 29 den
1415 1849 19 29 9
1452 1849 143 38 januari

97 1902 98 34 1959;

141 1951 284 29 inrikesärenden
448 1951 79 29 från
547 1951 64 29 och
632 1951 79 29 med
731 1950 66 29 den
820 1951 38 29 18
876 1950 79 39 juni
976 1951 83 28 19358
1079 1950 50 28 till
1150 1950 63 28 och
1234 1949 77 29 med
1330 1949 66 29 den
1416 1949 18 29 9
1453 1949 142 38 januari

98 2002 97 31 1959;

140 2051 232 29 civilärenden
400 2051 78 30 från
501 2052 64 28 och
590 2051 80 29 med
692 2051 67 29 den
785 2052 38 28 18
846 2051 78 39 juni
951 2051 82 29 1958
1057 2050 51 30 till
1134 2050 64 29 och
1220 2050 79 29 med
1322 2050 66 29 den
1412 2050 19 29 9
1453 2049 142 39 januari

100 2103 90 28 1959.

141 2202 63 28 Till
231 2202 167 28 utskottet
422 2202 62 28 har
505 2201 142 39 jämlikt
670 2202 38 29 57
734 2202 14 34 $
776 2201 357 38 riksdagsordningen
1157 2200 76 29 från
1259 2200 109 29 andra
1390 2200 205 28 kammaren

98 2251 210 28 remitterats
325 2261 40 19 en
384 2261 40 19 av
441 2251 80 28 herr
538 2251 227 38 Hjalmarson
784 2251 101 38 gjord
902 2251 165 28 anmälan
1085 2260 56 19 om
1159 2250 187 37 anledning
1366 2250 47 28 till
1433 2250 164 28 anmärk-

98 2301 81 36 ning
204 2303 70 26 mot
300 2301 123 28 chefen
449 2301 54 28 för
530 2301 407 37 finansdepartementet,
964 2300 188 29 statsrådet
1178 2301 134 36 Sträng.
1341 2301 66 27 För
1434 2299 163 29 anmärk-

98 2350 335 38 ningsanledningen
457 2350 63 29 och
543 2351 56 28 det
622 2350 125 29 ärende
770 2350 66 29 den
858 2359 98 20 avser
980 2350 158 29 kommer
1159 2350 168 29 utskottet
1350 2349 112 29 nedan
1485 2349 111 28 under

97 2401 75 28 avd.
199 2401 22 28 B
246 2403 46 26 att
320 2400 115 29 lämna
459 2409 41 20 en
527 2401 160 28 närmare
713 2400 226 38 redogörelse.

130 2484 8 25 I
183 2485 108 29 Bihang
305 2484 45 23 till
363 2484 168 29 riksdagens
544 2484 147 30 protokoll
705 2484 73 22 1959.
800 2484 14 22 5
827 2484 82 22 saml.
925 2486 14 21 2
953 2487 55 22 avd.
1027 2487 35 22 N>
1080 2485 27 22 17
