1852 2786
261 180 19 29 6
540 180 454 31 Konstitutionsutskotiets
1013 181 183 30 memorial
1215 191 43 20 nr
1279 182 39 30 17
1340 182 39 30 år
1401 183 84 29 1959

269 263 188 39 riksdagen
482 264 10 29 i
518 266 47 27 ett
591 264 100 39 tidigt
718 265 105 29 skede
848 264 55 30 får
929 274 43 20 en
997 265 133 30 samlad
1156 266 175 29 överblick
1357 276 42 19 av
1424 266 173 39 budgeten
1624 275 74 20 som
1726 276 41 19 av

267 314 50 29 alt
341 313 196 40 framlagda
561 314 131 40 förslag
716 315 153 38 grundas
893 315 45 39 på
961 325 43 19 en
1028 316 38 29 så
1089 316 131 30 aktuell
1244 316 65 29 och
1334 317 102 29 säker
1460 316 307 30 framtidsbedöm-

267 364 84 39 ning
374 373 76 20 som
472 365 147 39 möjligt.
644 365 140 30 Utifrån
807 365 100 30 dessa
931 366 304 40 utgångspunkter
1257 366 65 29 har
1344 367 171 29 utskottet
1539 367 147 39 avslagit
1709 367 56 29 det

269 414 223 30 framställda
515 415 172 39 yrkandet
713 425 56 19 om
794 416 235 39 anmärkning
1052 416 141 39 jämlikt
1221 416 14 36 $
1266 417 58 29 107
1352 416 317 40 regeringsformen
1695 419 72 27 mot

268 465 255 39 föredragande
550 466 396 39 departementschefen,
974 466 186 30 statsrådet
1188 468 133 38 Sträng.

310 566 187 25 Närvarande
516 566 47 25 vid
583 567 211 30 behandlingen
815 575 35 17 av
868 567 193 30 förevarande
1080 567 120 25 ärende:

311 616 67 24 från
416 617 136 24 första
592 617 184 25 kammaren:
808 618 101 23 herrar
938 618 143 30 Elmgren,
1111 619 175 27 Damström,
1317 619 92 27 Ollén,
1440 619 120 23 Torsten
1591 619 174 27 Andersson,

266 650 205 30 Sveningsson,
496 651 183 27 Lundström,
704 651 68 24 Erik
797 652 112 25 Olsson,
934 652 143 23 Nils-Eric
1101 652 184 28 Gustafsson,
1311 652 112 24 Sörlin”
1452 653 52 23 och
1529 653 135 30 Aspling;
1692 655 73 21 samt

310 699 67 25 från
410 701 126 24 andra
568 701 185 24 kammaren:
778 702 101 23 herrar
900 702 105 28 Norén,
1029 702 172 31 Spångberg,
1225 710 55 16 von
1305 703 128 28 Friesen,
1456 703 126 24 Jonsson
1608 703 8 23 i
1644 703 121 28 Haverö,

267 733 163 29 Braconier,
452 734 84 28 Bark,
557 735 147 28 Hammar,
727 736 143 30 Alemyr"”,
891 736 118 23 Nilsson
1032 738 8 22 i
1063 736 180 24 Tvärålund”
1267 737 53 23 och
1341 737 171 23 Heckscher.

313 784 48 30 "Ej
384 785 182 24 närvarande
585 785 47 24 vid
651 785 192 31 justeringen.

1001 925 36 32 C.

313 1003 63 28 Vid
397 1004 262 39 granskningen
680 1004 63 29 har
764 1005 171 29 utskottet
956 1005 30 39 ej
1009 1005 328 39 uppmärksammat
1358 1005 105 39 något
1485 1005 220 30 förhållande
1726 1015 41 19 av

267 1053 248 30 beskaffenhet
541 1056 50 28 att
617 1054 182 30 föranleda
826 1055 171 29 utskottet
1023 1055 51 29 till
1101 1055 113 39 någon
1241 1056 166 29 anmälan
1435 1057 84 27 utan
1546 1055 220 40 åberopande

267 1113 41 19 av
335 1104 14 36 8
379 1104 60 30 107
465 1105 327 39 regeringsformen.

311 1179 225 30 Härutinnan
560 1181 45 28 ha
629 1180 90 29 dock
745 1180 204 40 skiljaktiga
973 1181 191 39 meningar,
1190 1190 75 20 som
1290 1182 171 29 utskottet
1485 1181 89 29 velat
1600 1181 54 30 för
1680 1181 87 29 riks-

267 1229 112 39 dagen
400 1230 168 35 redovisa,
592 1230 225 30 förekommit
837 1231 58 29 vid
915 1231 217 30 bedömande
1154 1241 41 20 av
1215 1231 261 30 nedanstående
1499 1231 181 40 spörsmål.

1012 1342 12 29 I

311 1415 116 39 Enligt
453 1415 82 30 1894
557 1415 56 30 års
634 1416 55 39 lag
711 1416 178 38 angående
910 1416 96 30 tiden
1028 1416 54 30 för
1103 1417 179 29 allmänna
1303 1416 270 40 författningars
1596 1416 170 30 trädande

266 1465 9 27 i
296 1465 94 29 kraft
410 1466 89 28 skall
519 1466 9 28 i
549 1467 132 29 Svensk
700 1466 382 40 författningssamling
1099 1467 117 29 införd
1234 1467 55 39 lag
1308 1467 83 29 eller
1409 1476 119 20 annan
1546 1468 132 29 allmän
1698 1467 68 30 för-

269 1515 162 39 fattning,
454 1516 10 28 i
485 1516 117 29 vilken
623 1516 76 30 icke
720 1517 97 29 blivit
839 1519 110 27 utsatt
969 1518 71 29 viss
1062 1517 60 35 tid,
1144 1517 157 29 varifrån
1322 1518 68 28 den
1412 1518 159 29 kommer
1593 1519 49 27 att
1666 1517 99 38 gälla,

266 1565 83 29 eller
372 1575 42 20 av
436 1576 79 20 vars
537 1567 130 38 lydelse
690 1568 75 28 icke
789 1567 165 39 framgår,
979 1570 49 27 att
1051 1568 66 29 den
1141 1569 121 37 genast
1283 1567 89 29 efter
1395 1568 227 29 utfärdandet
1645 1568 122 29 länder

268 1616 50 29 till
338 1616 243 35 efterrättelse,
603 1618 101 29 träda
724 1618 10 29 i
755 1618 95 29 kraft
872 1618 77 39 fyra
970 1618 125 29 veckor
1116 1618 87 29 efter
1224 1618 66 29 den
1312 1618 75 39 dag,
1409 1618 44 29 då
1473 1619 99 38 lagen
1594 1618 83 29 eller
1698 1617 69 30 för-

267 1667 209 39 fattningen,
505 1668 106 38 enligt
638 1668 86 29 därå
751 1668 183 29 meddelad
963 1668 147 40 uppgift,
1140 1669 189 28 utkommit
1357 1668 81 30 från
1465 1669 145 39 trycket.
1640 1668 126 30 Vidare

268 1717 195 30 innehåller
490 1719 19 29 4
538 1719 14 35 $
581 1719 235 38 kungörelsen
842 1719 68 29 den
936 1719 20 29 4
981 1719 141 38 januari
1152 1720 82 29 1928
1262 1719 178 39 angående
1469 1719 131 30 Svensk
1629 1718 138 30 författ-

268 1768 255 40 ningssamling
545 1779 42 19 en
609 1769 244 29 bestämmelse
876 1779 57 19 om
957 1772 49 27 att
1029 1769 209 39 författning
1260 1769 71 34 bör,
1356 1769 63 30 där
1442 1770 30 38 ej
1499 1769 173 30 särskilda
1695 1778 72 19 om-

269 1819 238 38 ständigheter
534 1820 50 29 till
610 1822 109 27 annat
747 1819 191 35 föranleda,
966 1820 80 29 från
1072 1820 135 38 trycket
1234 1820 184 29 utkomma
1445 1820 19 29 å
1491 1819 109 29 sådan
1628 1819 60 34 tid,
1717 1821 49 27 att

266 1869 68 29 den
363 1870 71 28 kan
463 1879 82 20 vara
573 1870 259 29 vederbörande
861 1870 243 39 myndigheter
1133 1870 50 29 till
1214 1870 126 34 handa,
1371 1870 109 29 innan
1511 1869 255 38 författningen

267 1919 116 30 träder
407 1920 10 29 i
441 1920 105 29 kraft.

311 2020 195 30 Resultatet
531 2031 42 20 av
597 2030 42 20 en
664 2031 43 19 av
731 2021 426 30 konstitutionsutskottet
1181 2021 56 29 vid
1266 2020 83 31 1940
1374 2021 57 29 års
1458 2021 141 38 lagiima
1624 2020 142 37 riksdag

268 2071 181 39 företagen
464 2072 217 38 granskning
698 2081 42 20 av
757 2072 41 29 de
816 2072 112 29 under
947 2072 83 30 1939
1047 2072 10 29 i
1076 2072 132 31 Svensk
1226 2071 382 39 författningssamling
1626 2070 139 30 införda

265 2120 300 40 författningarna
588 2122 204 30 föranledde
814 2123 172 29 utskottet
1009 2125 50 27 att
1081 2122 11 30 i
1116 2122 59 30 sitt
1199 2122 393 39 dechargebetänkande
1622 2123 59 33 (nr
1707 2122 55 34 17)

269 2171 236 40 understryka
531 2172 284 30 önskvärdheten
842 2182 43 20 av
913 2174 60 33 att,
1001 2173 62 29 där
1090 2173 30 39 ej
1149 2173 201 39 synnerliga
1379 2173 75 29 skäl
1483 2173 51 29 till
1563 2175 108 27 annat
1700 2172 68 30 för-

266 2222 157 34 anledde,
448 2222 299 40 författningarna
769 2223 260 39 vederbörligen
1054 2223 214 39 kungjordes
1291 2223 11 29 i
1326 2223 66 39 god
1415 2223 50 29 tid
1489 2223 73 30 före
1586 2222 180 30 ikraftträ-

268 2272 139 30 dandet.

311 2323 164 30 Därefter
494 2324 64 29 har
579 2324 170 30 utskottet
771 2324 200 40 upprepade
993 2324 136 39 gånger,
1152 2326 116 27 senast
1292 2325 83 29 1956
1401 2324 119 33 (mem.
1544 2333 40 20 nr
1606 2324 52 34 8),
1680 2323 88 29 efter

268 2373 166 30 liknande
455 2375 306 38 undersökningar
780 2375 161 39 påpekat,
963 2377 50 27 att
1032 2375 41 29 de
1094 2375 184 39 principer,
1300 2384 74 20 som
1395 2375 91 38 ligga
1506 2374 51 29 till
1578 2373 114 39 grund
1713 2373 54 30 för

266 2423 311 32 bestämmelserna
593 2426 11 29 i
623 2425 83 30 1894
723 2426 56 30 års
795 2426 55 39 lag
868 2426 65 29 och
952 2425 85 30 1928
1052 2425 56 30 års
1124 2425 218 39 kungörelse,
1359 2425 76 29 icke
1453 2424 210 40 tillbörligen
1680 2424 90 29 iakt-

268 2475 103 39 tagits
391 2476 113 28 under
520 2476 65 29 den
604 2476 50 29 tid
672 2476 262 39 granskningen
951 2476 58 29 vid
1026 2476 97 39 varje
1141 2476 136 29 tillfälle
1296 2476 120 29 avsett.
