1910 2762
536 158 286 31 Statsutskottets
843 160 181 31 utlåtande
1042 170 43 20 nr
1105 162 20 29 6
1144 162 40 30 år
1203 162 84 30 1962
1582 163 39 31 27

116 241 151 39 tjänster
290 244 92 28 samt
405 241 55 31 för
483 242 461 41 löneklassuppflyttningar
965 246 171 38 upptager
1157 245 60 39 jag
1241 246 234 39 sammanlagt
1499 246 39 30 65
1553 246 63 30 400

117 291 51 30 kr.
196 292 126 30 Posten
347 292 276 40 Kompensation
649 293 56 30 för
728 293 109 40 höjda
863 294 393 41 folkpensionsavgifter
1280 297 98 29 torde
1404 297 84 30 böra
1514 297 102 40 höjas

116 343 80 29 med
216 343 19 29 4
249 343 62 31 600
332 343 52 31 kr.

165 393 193 40 Styrelsens
378 394 133 41 förslag
527 395 12 30 i
556 395 113 41 övrigt
687 405 103 22 anser
806 396 61 41 jag
885 396 72 41 mig
975 397 76 31 icke
1069 397 124 31 kunna
1210 397 188 41 tillstyrka.

163 444 143 31 Liksom
323 445 97 31 inom
438 447 80 39 väg-
535 446 65 31 och
617 447 474 41 vattenbyggnadsstyrelsen
1109 449 66 30 och
1191 448 372 41 vägförvaltningarna
1581 451 38 28 är

118 513 44 4 —
185 496 107 39 enligt
315 496 67 30 vad
405 496 61 41 jag
490 497 111 30 under
624 497 96 31 hand
742 497 177 32 inhämtat
941 516 45 5 —
1007 499 98 30 inom
1129 499 297 40 bilinspektionen
1449 502 50 29 ett
1523 501 95 29 antal

119 546 175 31 ordinarie
310 547 153 40 tjänster
480 547 166 36 obesatta,
664 548 44 31 då
724 549 42 30 de
782 549 81 31 med
878 549 200 40 tjänsterna
1095 549 166 31 förenade
1279 550 202 40 göromålen
1497 550 122 31 bestri-

117 596 62 30 des
200 606 42 20 av
263 598 173 38 personal,
460 607 74 21 som
557 599 143 30 avlönas
722 599 80 30 från
825 599 319 41 avlöningsstatens
1167 601 359 40 icke-ordinariepost.
1550 602 68 30 För

120 649 51 28 att
197 647 132 31 erhålla
354 657 44 21 en
422 657 98 22 mera
544 649 216 31 rättvisande
786 649 200 42 fördelning
1012 660 43 21 av
1079 651 281 40 anslagsmedlen
1387 652 45 39 på
1456 652 42 30 de
1525 652 94 30 olika

117 698 310 40 anslagsposterna
447 699 66 30 och
534 699 55 31 för
609 701 51 29 att
681 700 42 31 de
742 701 114 39 legala
876 702 323 30 överskridandena
1220 702 89 30 skall
1331 703 122 29 kunna
1474 703 144 39 begrän-

118 758 68 25 sas,
206 749 147 30 föreslår
370 750 71 39 jag,
458 752 53 28 att
529 752 48 28 ett
594 751 126 40 belopp
736 760 59 21 om
815 751 40 30 75
870 751 63 30 000
953 752 63 34 kr.,
1034 752 108 32 vilket
1162 752 241 40 ungefärligen
1422 756 195 27 motsvarar

117 800 219 38 grundlönen
354 800 54 30 till
426 800 59 31 nio
502 801 308 31 kontorsbiträden
827 801 13 31 i
856 801 53 32 Ao
927 802 30 35 5,
975 802 176 31 överföres
1170 802 80 31 från
1268 804 266 39 anslagsposten
1552 804 65 30 Av-

116 850 162 40 löningar
296 851 52 30 till
367 850 177 32 ordinarie
562 851 217 41 tjänstemän
797 852 53 31 till
870 855 124 38 posten
1013 853 216 40 Avlöningar
1246 854 53 30 till
1318 854 97 40 övrig
1434 854 183 31 icke-ordi-

117 901 98 30 narie
232 902 172 38 personal.
423 902 131 30 Därvid
572 902 206 31 förutsätter
793 903 71 40 jag,
883 905 51 28 att
951 903 59 31 nio
1027 904 455 40 kontorsbiträdestjänster
1500 905 11 30 i
1529 905 50 31 Ao
1598 905 18 30 5

117 950 73 31 tills
210 951 118 31 vidare
349 952 76 30 icke
446 953 158 29 kommer
626 955 50 28 att
696 954 237 39 uppehållas.»

162 1035 185 30 Utskottet.
374 1035 14 30 I
413 1035 111 31 likhet
548 1037 78 29 med
651 1037 387 39 departementschefen
1063 1037 117 31 finner
1204 1039 171 30 utskottet
1400 1040 57 29 det
1483 1040 135 39 angelä-

117 1087 55 36 get
194 1087 50 28 att
263 1085 315 40 bilinspektionens
599 1088 322 39 personalresurser
941 1088 114 30 bättre
1075 1098 170 30 anpassas
1265 1090 52 29 till
1338 1090 42 29 de
1401 1090 111 30 ökade
1532 1090 87 30 krav

115 1136 46 39 på
184 1136 78 30 dess
286 1137 152 39 tjänster
462 1147 74 20 som
561 1137 104 40 följer
689 1148 42 20 av
753 1139 68 30 den
846 1139 125 30 snabbt
995 1140 267 39 expanderande
1286 1140 164 30 bilismen
1472 1159 44 3 —
1538 1141 76 30 icke

115 1185 109 31 minst
246 1187 79 29 med
347 1187 139 39 hänsyn
508 1187 52 30 till
581 1188 265 39 inspektionens
867 1189 269 40 betydelsefulla
1157 1190 178 40 uppgifter
1355 1191 12 29 i
1389 1190 228 32 trafiksäker-

115 1236 222 31 hetsarbetet.
368 1238 178 30 Utskottet
576 1239 191 39 tillstyrker
797 1240 122 31 därför
949 1241 67 29 den
1047 1240 199 41 föreslagna
1276 1242 340 39 personalökningen

116 1288 65 28 och
202 1288 64 29 har
286 1288 30 40 ej
340 1289 110 29 heller
472 1288 118 31 funnit
612 1290 188 41 anledning
820 1291 53 30 till
894 1291 142 30 erinran
1057 1293 73 29 mot
1152 1292 42 29 de
1216 1301 42 21 av
1278 1292 339 40 departementsche-

115 1337 60 30 fen
194 1338 11 29 i
225 1338 229 31 förevarande
476 1340 254 40 sammanhang
750 1343 11 29 i
782 1341 112 39 övrigt
915 1341 187 31 förordade
1122 1342 218 39 åtgärderna.

160 1388 177 30 Utskottet
357 1389 203 30 hemställer
579 1390 11 29 i
610 1390 152 39 enlighet
783 1392 80 29 med
884 1392 59 29 det
964 1392 158 34 anförda,

467 1441 50 28 att
538 1439 186 41 riksdagen
745 1441 58 30 må

468 1490 36 34 a)
533 1490 209 41 bemyndiga
757 1492 126 39 Kungl.
899 1493 106 39 Maj:t
1021 1495 50 28 att
1091 1494 6 29 i
1112 1493 432 41 personalförteckningen
1560 1494 55 31 för

423 1542 132 29 statens
571 1541 250 40 bilinspektion
836 1543 142 39 vidtaga
992 1543 11 30 i
1021 1543 383 40 statsrådsprotokollet
1420 1546 81 29 över
1516 1545 96 30 kom-

422 1591 397 31 munikationsärenden
844 1593 56 30 för
924 1594 68 29 den
1017 1594 18 29 3
1059 1594 143 39 januari
1229 1594 83 30 1962
1338 1594 166 31 förordad
1530 1596 82 29 änd-

422 1641 92 40 ring;

465 1691 39 36 b)
531 1692 188 40 godkänna
739 1692 158 41 följande
919 1694 255 40 avlöningsstat
1195 1694 55 31 för
1272 1697 132 29 statens
1425 1695 189 40 bilinspek-

422 1742 86 35 tion,
529 1744 50 29 att
599 1743 178 40 tillämpas
798 1743 73 31 tills
892 1743 119 31 vidare
1033 1744 43 31 fr.
1098 1754 30 21 o.
1150 1754 46 21 m.
1218 1745 204 40 budgetåret
1448 1746 163 36 1962/63:

881 1836 265 40 Avlöningsstat

425 1903 27 28 1.
478 1902 213 40 Avlöningar
717 1903 51 30 till
795 1903 176 30 ordinarie
997 1904 227 39 tjänstemän,
1249 1905 167 39 förslags-

478 1952 49 30 DÅS
556 1975 6 7 ser
583 1976 826 10 seeeeserserer
869 1948 112 51 rests
1003 1948 68 51 rer
1095 1948 119 51 reser
1226 1948 100 51 reses
1334 1948 78 51 sea
1443 1956 93 30 1299
1550 1956 62 30 000

422 2004 30 28 2.
478 2003 212 40 Avlöningar
723 2004 53 30 till
811 2004 154 40 tillfällig
999 2006 162 38 personal
1196 2014 44 21 m.
1265 2015 56 26 m.,
1344 2006 71 40 för-

473 2053 146 40 SIAGQSVIS
642 2077 6 7 s
669 2077 117 8 «wars
801 2049 51 50 öveis
862 2049 35 50 ie
956 2078 30 7 ER
1006 2079 24 6 rr
1075 2078 44 7 RR
1156 2079 74 7 ARR
1265 2079 31 7 GR
1322 2080 85 7 rr
1494 2057 40 30 60
1549 2058 62 30 000

421 2104 29 30 3.
475 2104 214 40 Avlöningar
707 2105 51 30 till
779 2106 96 39 övrig
895 2105 268 31 icke-ordinarie
1183 2108 173 38 personal,

475 2154 204 40 fÖrSlägSViS
714 2179 694 8 seseserseeeeerrerrrerre
1133 2150 57 50 rer
1202 2150 54 50 rer
1267 2150 33 50 rr
1311 2150 32 50 rr
1355 2150 57 50 rr
1442 2158 14 29 1
1473 2158 62 30 822
1550 2158 61 30 000

420 2204 30 29 4.
477 2205 131 38 Rörligt
633 2205 129 39 tillägg,
786 2205 206 40 förslagsvis
1024 2230 383 7 .ssssssssrsrrrr
1356 2200 56 49 res
1473 2208 61 30 919
1549 2209 62 29 600

420 2255 28 29 5.
475 2255 274 38 Kompensation
785 2255 55 30 för
874 2256 110 39 höjda
1008 2256 403 40 folkpensionsavgifter,

473 2304 204 40 förslagsvis
713 2328 693 9 soseeseeseerserererr
1134 2300 32 50 er
1178 2300 35 50 rr
1222 2300 35 50 rr
1269 2300 32 50 rr
1312 2300 32 50 rr
1356 2300 54 50 rs
1494 2308 39 30 62
1548 2308 62 30 400

1177 2382 144 30 Summa
1341 2383 51 29 kr.
1418 2382 19 30 4
1455 2383 59 30 163
1528 2383 78 35 000;
