1880 2758
284 146 37 30 10
701 147 286 31 Statsutskottets
1009 149 179 30 utlåtande
1207 159 42 19 nr
1269 151 19 28 6
1308 151 40 29 år
1368 151 83 29 1962

286 229 260 40 vägbyggandet
565 230 65 30 har
649 230 54 30 för
723 231 83 30 åren
828 232 215 31 1959—1962
1064 234 176 39 upptagits
1261 234 52 29 till
1334 234 195 40 respektive
1552 235 71 38 105,
1645 235 51 35 90,
1719 236 60 30 115

286 279 64 29 och
371 280 58 30 155
448 280 91 29 mkr.

330 330 111 29 Innan
460 330 60 39 jag
540 330 143 40 övergår
704 331 51 30 till
777 333 50 28 att
847 333 162 29 närmare
1030 332 174 31 behandla
1223 335 80 38 väg-
1323 334 65 30 och
1408 335 372 41 vattenbyggnadssty-

285 379 131 31 relsens
435 380 323 39 anslagsäskanden
778 381 55 30 för
851 383 102 29 nästa
971 383 171 39 budgetår
1158 384 59 29 vill
1236 384 60 40 jag
1315 384 11 30 i
1345 384 157 40 följande
1523 386 257 30 sammanställ-

285 429 84 40 ning
389 429 159 31 redovisa
569 430 57 30 det
647 430 156 31 faktiska
823 431 138 31 utfallet
983 442 42 21 av
1047 434 131 29 statens
1200 433 145 40 utgifter
1366 434 55 30 för
1442 435 133 40 statligt
1597 436 65 29 och
1683 436 97 30 kom-

284 479 135 30 munalt
444 479 247 40 vägbyggande
717 481 111 30 under
854 481 82 30 åren
965 482 215 31 1958—1960
1206 484 66 29 och
1297 484 42 30 de
1365 483 200 32 beräknade
1590 486 191 39 utgifterna

284 529 120 30 härför
425 529 54 30 för
500 530 84 31 åren
608 531 79 30 1961
711 531 65 30 och
799 532 94 34 1962,
915 532 61 30 allt
997 533 12 29 i
1029 533 203 39 jämförelse
1254 534 79 30 med
1356 535 41 30 de
1418 535 11 29 i
1451 536 196 39 vägplanen
1669 537 110 30 förut-

284 581 90 28 satta
392 579 310 41 investeringarna.
721 581 176 40 Beloppen
915 582 142 40 angives
1076 583 201 31 avrundade
1295 586 12 30 i
1325 584 91 31 mkr.

280 703 38 27 År
363 692 4 52 |
386 707 202 31 Landsbygden
1171 711 133 25 Städerna

385 774 70 30 Väg-
530 770 77 40 Ordi-
705 776 79 23 Vissa
848 777 99 23 Bered-
961 773 15 39 |
991 777 94 24 Totalt
1167 779 71 30 Väg-
1310 775 79 39 Ordi-
1486 780 99 25 Bered-
1606 763 2 2 |
1629 782 93 24 Totalt

385 808 98 30 planen
493 804 18 39 |
528 809 75 23 narie
704 806 66 39 väg-
847 811 98 30 skaps-
960 807 15 39 |
993 811 9 23 i
1019 812 70 23 förh.
1170 812 101 31 planen
1276 808 15 40 |
1308 813 77 24 narie
1486 814 96 31 skaps-
1597 810 15 40 |
1629 815 9 23 i
1655 816 70 24 förh.

528 838 65 38 Väg-
705 843 85 30 bygg-
810 839 18 39 |
847 845 76 24 arbe-
991 847 21 22 t.
1032 846 90 30 vägpl.
1310 848 79 28 gatu-
1486 844 77 38 arbe-
1629 850 20 22 t.
1668 849 92 31 vägpl.

362 890 3 30 |
528 876 78 24 arbe-
704 878 83 22 nads-
811 874 18 38 |
845 879 49 23 ten
1310 881 76 24 arbe-
1486 883 48 22 ten

362 922 3 26 |
527 910 48 23 ten
704 911 76 23 arbe-
1309 916 48 22 ten

362 949 3 38 |
703 945 48 23 ten
965 977 3 15 |

277 1032 65 26 1958
418 1033 49 26 330
578 1034 49 26 320
754 1035 16 26 4
879 1036 33 26 90
1025 1039 26 26 +
1073 1038 32 26 84
1199 1039 48 26 110
1374 1039 32 26 90
1535 1040 15 25 3
1665 1054 26 3 =
1713 1041 30 25 17

278 1065 64 27 1959
417 1067 50 26 360
578 1069 48 25 355
754 1070 16 25 3
863 1070 49 26 244
1025 1072 80 27 +242
1199 1073 47 25 125
1359 1074 47 25 103
1519 1073 31 26 16
1664 1088 26 3 —
1728 1074 15 26 6

277 1099 65 60 10
417 1101 50 26 410
577 1102 50 26 360
753 1104 16 25 6
862 1105 49 25 233
1024 1106 81 27 +189
1199 1107 47 26 145
1374 1107 32 26 86
1518 1107 31 26 16
1665 1122 26 3 —
1711 1108 33 25 43

274 1168 66 58 a
417 1168 49 26 480
577 1170 50 26 370
738 1171 30 26 17
863 1171 47 26 140
1025 1172 38 32 +:
1073 1174 31 25 47
1198 1174 48 26 165
1358 1174 47 26 115
1534 1174 16 27 9
1663 1189 26 3 —
1710 1175 31 25 41

274 1235 57 24 ber.
416 1235 50 26 570
576 1236 50 27 380
736 1238 32 26 25
862 1239 48 26 150
1025 1255 26 3 —
1073 1240 31 26 15
1198 1237 47 41 185
1357 1241 48 26 155
1516 1256 34 4 —
1663 1256 26 3 —
1709 1242 34 26 30

391 1283 74 27 2150
552 1285 74 27 1785
731 1283 37 43 55
861 1283 49 43 857
1024 1285 80 42 +547
1197 1290 49 26 730
1352 1286 53 42 549
1511 1286 38 42 44
1662 1306 23 3 —-
1693 1290 48 27 137

322 1397 74 30 Vad
419 1397 172 31 beträffar
615 1398 380 40 beredskapsarbetena
1018 1400 59 30 vill
1101 1400 59 39 jag
1184 1399 147 40 påpeka,
1356 1402 50 27 att
1431 1399 102 31 dessa
1558 1399 52 30 till
1635 1400 139 29 övervä-

278 1447 110 40 gande
408 1447 54 31 del
482 1448 131 30 utförts
633 1449 95 29 inom
749 1448 315 40 flerårsplanernas
1085 1459 90 26 ram;
1199 1450 50 30 till
1271 1450 67 30 den
1359 1449 54 31 del
1435 1449 38 31 så
1492 1450 77 31 icke
1591 1450 91 30 skett
1702 1450 71 29 kan

277 1506 82 21 man
383 1498 112 30 räkna
517 1499 81 29 med
622 1501 49 27 att
695 1499 42 31 de
760 1499 11 30 i
795 1499 185 31 huvudsak
1007 1500 113 32 skulle
1143 1500 46 30 ha
1212 1500 149 30 kommit
1387 1500 51 30 till
1464 1499 188 31 utförande
1677 1499 95 30 inom

276 1547 298 41 flerårsplanerna
594 1548 56 30 för
670 1548 299 41 femårsperioden
992 1550 226 31 1961—1965.

319 1598 116 30 Under
451 1598 166 40 perioden
637 1599 214 30 1958—1962
868 1600 160 29 kommer
1046 1600 147 30 sålunda
1210 1600 41 30 de
1269 1600 265 39 sammanlagda
1552 1600 156 30 faktiska
1724 1609 52 20 in-

274 1648 262 40 vesteringarna
552 1651 50 28 att
618 1650 115 39 uppgå
749 1650 51 29 till
816 1652 48 27 ett
880 1651 158 30 avsevärt
1054 1651 104 39 högre
1174 1650 125 40 belopp
1315 1652 44 28 än
1375 1651 57 29 det
1448 1651 10 29 i
1474 1651 195 39 vägplanen
1685 1651 89 30 före-

276 1698 130 39 slagna.
424 1699 12 29 I
453 1698 221 33 förhållande
691 1700 51 29 till
758 1700 195 39 vägplanen
970 1701 135 39 uppgår
1121 1701 333 40 merinvesteringen
1473 1701 51 31 till
1543 1711 41 20 ca
1600 1701 63 32 400
1681 1702 90 29 mkr.

275 1748 93 30 Även
392 1757 55 21 om
470 1758 83 20 man
577 1751 55 28 tar
654 1749 138 41 hänsyn
814 1750 52 30 till
889 1750 399 40 beredskapsarbetenas
1312 1751 105 40 något
1441 1752 95 39 lägre
1561 1751 210 31 effektivitet

274 1798 64 30 har
370 1799 213 39 vägplanens
615 1800 349 40 investeringsvolym
996 1801 168 40 betydligt
1196 1801 239 31 överskridits.
1470 1802 203 30 Emellertid
1706 1801 65 30 har

274 1848 67 30 den
363 1848 156 31 faktiska
541 1849 243 41 fördelningen
805 1851 129 30 mellan
955 1851 195 40 landsbygd
1171 1852 65 30 och
1260 1852 116 30 städer
1397 1852 99 30 blivit
1519 1861 43 21 en
1586 1861 117 21 annan
1726 1853 44 29 än

271 1899 223 38 vägplanens.
511 1899 303 40 Investeringarna
827 1900 11 30 i
854 1901 183 30 städernas
1052 1904 93 36 gatu-
1160 1902 63 30 och
1238 1904 125 36 vägnät
1379 1903 246 30 underskrider
1640 1903 131 31 således

273 1948 42 31 de
333 1949 10 29 i
362 1949 195 40 vägplanen
575 1950 151 39 angivna
743 1950 169 40 beloppen
931 1952 81 29 med
1033 1952 60 30 137
1113 1952 100 34 mkr.,
1232 1952 128 30 medan
1378 1952 260 41 landsbygdens
1658 1953 111 30 inves-

272 1999 153 39 teringar
443 2000 190 40 överstiger
650 2000 213 40 vägplanens
881 2001 80 30 med
979 2002 103 39 drygt
1100 2011 42 21 en
1160 2002 82 30 halv
1259 2002 144 40 miljard
1422 2003 52 30 kr.

317 2049 87 39 Väg-
424 2049 65 30 och
509 2050 473 40 vattenbyggnadsstyrelsen
1002 2052 202 30 hemställer
1224 2054 11 29 i
1258 2053 77 29 sina
1355 2053 108 39 petita
1485 2053 55 30 för
1562 2055 102 29 nästa
1683 2053 86 30 bud-

272 2099 96 39 getår
388 2108 56 21 om
465 2108 44 22 en
530 2100 149 40 höjning
701 2109 42 21 av
764 2101 165 40 anslagen
951 2101 53 30 till
1026 2102 68 30 den
1117 2103 139 39 statliga
1277 2103 66 30 och
1364 2103 230 30 kommunala
1615 2103 150 41 väghåll-

272 2149 127 40 ningen
424 2150 80 29 med
530 2150 233 40 sammanlagt
791 2151 60 30 153
876 2152 90 29 mkr.
993 2152 68 30 För
1086 2152 56 30 det
1169 2153 138 39 statliga
1332 2153 289 39 vägunderhållet
1646 2154 122 30 beräk-

271 2208 64 20 nar
359 2200 169 39 styrelsen
549 2210 44 20 en
615 2200 131 41 ökning
769 2210 42 21 av
832 2201 280 31 medelsbehovet
1134 2203 79 29 med
1236 2204 40 30 55
1301 2204 89 29 mkr.
1415 2204 51 29 till
1491 2204 63 30 4380
1578 2204 90 30 mkr.
1693 2204 74 31 Vad

270 2248 171 31 beträffar
464 2250 167 40 anslagen
654 2251 52 29 till
730 2251 68 30 den
822 2251 140 40 statliga
985 2252 515 40 vägbyggnadsverksamheten
1526 2253 148 31 föreslår
1698 2256 70 38 sty-

270 2299 111 30 relsen
399 2309 42 21 en
459 2299 148 40 höjning
626 2302 77 29 med
723 2302 226 37 sammanlagt
968 2303 40 29 60
1027 2303 87 32 mkr.
1134 2303 51 30 till
1205 2302 63 31 440
1289 2303 89 30 mkr.
1399 2304 67 29 Till
1486 2304 94 30 vissa
1599 2305 170 39 vägbygg-

271 2349 231 31 nadsarbeten
524 2351 105 30 äskas
651 2353 48 28 ett
720 2351 205 31 oförändrat
947 2353 122 39 anslag
1091 2362 41 21 av
1154 2354 40 29 20
1216 2354 90 29 mkr.
1329 2354 163 40 Bidraget
1514 2355 53 29 till
1590 2355 57 30 det
1669 2355 98 30 kom-

269 2400 143 30 munala
433 2400 288 40 vägunderhållet
742 2401 63 31 bör
825 2402 107 40 enligt
954 2403 170 39 styrelsen
1145 2403 102 40 höjas
1268 2404 53 30 till
1343 2404 40 30 67
1406 2404 102 34 mkr.,
1530 2404 32 30 d.
1584 2414 31 21 v.
1638 2414 26 21 s.
1686 2405 78 30 med

269 2450 19 29 8
307 2450 87 29 mkr.
414 2451 13 29 I
445 2450 100 40 fråga
562 2460 56 21 om
636 2451 156 40 bidraget
810 2452 51 30 till
880 2452 56 30 det
954 2452 230 31 kommunala
1200 2453 263 41 vägbyggandet
1481 2454 144 41 begäres
1644 2465 42 20 en
1705 2456 61 30 ök-
