<?xml version="1.0" encoding="UTF-8"?>
<alto xmlns="http://www.loc.gov/standards/alto/ns-v3#" xmlns:xlink="http://www.w3.org/1999/xlink" xmlns:xsi="http://www.w3.org/2001/XMLSchema-instance" xsi:schemaLocation="http://www.loc.gov/standards/alto/ns-v3# http://www.loc.gov/alto/v3/alto-3-0.xsd">
	<Description>
		<MeasurementUnit>pixel</MeasurementUnit>
		<sourceImageInformation>
			<fileName>/tmp/tess_pvp5qfkx_input.PNG</fileName>
		</sourceImageInformation>
		<OCRProcessing ID="OCR_0">
			<ocrProcessingStep>
				<processingSoftware>
					<softwareName>tesseract 5.3.0</softwareName>
				</processingSoftware>
			</ocrProcessingStep>
		</OCRProcessing>
	</Description>
	<Layout>
		<Page WIDTH="1870" HEIGHT="2786" PHYSICAL_IMG_NR="0" ID="page_0">
			<PrintSpace HPOS="0" VPOS="0" WIDTH="1870" HEIGHT="2786">
				<ComposedBlock ID="cblock_0" HPOS="406" VPOS="153" WIDTH="1168" HEIGHT="43">
					<TextBlock ID="block_0" HPOS="406" VPOS="153" WIDTH="1168" HEIGHT="43">
						<TextLine ID="line_0" HPOS="406" VPOS="153" WIDTH="1168" HEIGHT="43">
							<String ID="string_0" HPOS="406" VPOS="162" WIDTH="379" HEIGHT="34" WC="0.91" CONTENT="Jordbruksutskottets"/><SP WIDTH="18" VPOS="162" HPOS="785"/>
							<String ID="string_1" HPOS="803" VPOS="160" WIDTH="177" HEIGHT="31" WC="0.0" CONTENT="utlåtande"/><SP WIDTH="19" VPOS="160" HPOS="980"/>
							<String ID="string_2" HPOS="999" VPOS="168" WIDTH="40" HEIGHT="21" WC="0.96" CONTENT="nr"/><SP WIDTH="20" VPOS="168" HPOS="1039"/>
							<String ID="string_3" HPOS="1059" VPOS="159" WIDTH="39" HEIGHT="29" WC="0.95" CONTENT="15"/><SP WIDTH="18" VPOS="159" HPOS="1098"/>
							<String ID="string_4" HPOS="1116" VPOS="157" WIDTH="38" HEIGHT="30" WC="0.95" CONTENT="år"/><SP WIDTH="21" VPOS="157" HPOS="1154"/>
							<String ID="string_5" HPOS="1175" VPOS="156" WIDTH="85" HEIGHT="31" WC="0.96" CONTENT="1963"/><SP WIDTH="275" VPOS="156" HPOS="1260"/>
							<String ID="string_6" HPOS="1535" VPOS="153" WIDTH="39" HEIGHT="32" WC="0.94" CONTENT="47"/>
						</TextLine>
					</TextBlock>
				</ComposedBlock>
				<ComposedBlock ID="cblock_1" HPOS="689" VPOS="353" WIDTH="289" HEIGHT="41">
					<TextBlock ID="block_1" HPOS="689" VPOS="353" WIDTH="289" HEIGHT="41">
						<TextLine ID="line_1" HPOS="689" VPOS="353" WIDTH="289" HEIGHT="41">
							<String ID="string_7" HPOS="689" VPOS="353" WIDTH="289" HEIGHT="41" WC="0.95" CONTENT="Reservationer"/>
						</TextLine>
					</TextBlock>
				</ComposedBlock>
				<ComposedBlock ID="cblock_2" HPOS="89" VPOS="455" WIDTH="1497" HEIGHT="1862">
					<TextBlock ID="block_2" HPOS="89" VPOS="455" WIDTH="1490" HEIGHT="107">
						<TextLine ID="line_2" HPOS="139" VPOS="455" WIDTH="1440" HEIGHT="53">
							<String ID="string_8" HPOS="139" VPOS="471" WIDTH="28" HEIGHT="37" WC="0.96" CONTENT="1)"/><SP WIDTH="28" VPOS="471" HPOS="167"/>
							<String ID="string_9" HPOS="195" VPOS="479" WIDTH="42" HEIGHT="21" WC="0.96" CONTENT="av"/><SP WIDTH="18" VPOS="479" HPOS="237"/>
							<String ID="string_10" HPOS="255" VPOS="470" WIDTH="123" HEIGHT="30" WC="0.96" CONTENT="herrar"/><SP WIDTH="18" VPOS="470" HPOS="378"/>
							<String ID="string_11" HPOS="396" VPOS="467" WIDTH="246" HEIGHT="36" WC="0.95" CONTENT="Hermansson,"/><SP WIDTH="19" VPOS="467" HPOS="642"/>
							<String ID="string_12" HPOS="661" VPOS="465" WIDTH="141" HEIGHT="30" WC="0.3" CONTENT="Gunnar"/><SP WIDTH="18" VPOS="465" HPOS="802"/>
							<String ID="string_13" HPOS="820" VPOS="463" WIDTH="206" HEIGHT="35" WC="0.96" CONTENT="Pettersson,"/><SP WIDTH="18" VPOS="463" HPOS="1026"/>
							<String ID="string_14" HPOS="1044" VPOS="460" WIDTH="64" HEIGHT="30" WC="0.96" CONTENT="Per"/><SP WIDTH="18" VPOS="460" HPOS="1108"/>
							<String ID="string_15" HPOS="1126" VPOS="458" WIDTH="191" HEIGHT="31" WC="0.96" CONTENT="Jacobsson"/><SP WIDTH="17" VPOS="458" HPOS="1317"/>
							<String ID="string_16" HPOS="1334" VPOS="456" WIDTH="66" HEIGHT="31" WC="0.96" CONTENT="och"/><SP WIDTH="17" VPOS="456" HPOS="1400"/>
							<String ID="string_17" HPOS="1417" VPOS="455" WIDTH="162" HEIGHT="30" WC="0.96" CONTENT="Hansson"/>
						</TextLine>
						<TextLine ID="line_3" HPOS="89" VPOS="522" WIDTH="407" HEIGHT="40">
							<String ID="string_18" HPOS="89" VPOS="524" WIDTH="10" HEIGHT="30" WC="0.96" CONTENT="i"/><SP WIDTH="16" VPOS="524" HPOS="99"/>
							<String ID="string_19" HPOS="115" VPOS="522" WIDTH="148" HEIGHT="40" WC="0.96" CONTENT="Skegrie,"/><SP WIDTH="15" VPOS="522" HPOS="263"/>
							<String ID="string_20" HPOS="278" VPOS="522" WIDTH="94" HEIGHT="30" WC="0.96" CONTENT="vilka"/><SP WIDTH="13" VPOS="522" HPOS="372"/>
							<String ID="string_21" HPOS="385" VPOS="524" WIDTH="111" HEIGHT="28" WC="0.96" CONTENT="ansett"/>
						</TextLine>
					</TextBlock>
					<TextBlock ID="block_3" HPOS="92" VPOS="563" WIDTH="1486" HEIGHT="160">
						<TextLine ID="line_4" HPOS="136" VPOS="563" WIDTH="1442" HEIGHT="51">
							<String ID="string_22" HPOS="136" VPOS="576" WIDTH="72" HEIGHT="31" WC="0.96" CONTENT="dels"/><SP WIDTH="18" VPOS="576" HPOS="208"/>
							<String ID="string_23" HPOS="226" VPOS="579" WIDTH="51" HEIGHT="27" WC="0.96" CONTENT="att"/><SP WIDTH="19" VPOS="579" HPOS="277"/>
							<String ID="string_24" HPOS="296" VPOS="576" WIDTH="58" HEIGHT="29" WC="0.96" CONTENT="det"/><SP WIDTH="21" VPOS="576" HPOS="354"/>
							<String ID="string_25" HPOS="375" VPOS="574" WIDTH="119" HEIGHT="40" WC="0.96" CONTENT="stycke"/><SP WIDTH="20" VPOS="574" HPOS="494"/>
							<String ID="string_26" HPOS="514" VPOS="574" WIDTH="10" HEIGHT="30" WC="0.96" CONTENT="i"/><SP WIDTH="20" VPOS="574" HPOS="524"/>
							<String ID="string_27" HPOS="544" VPOS="573" WIDTH="188" HEIGHT="31" WC="0.96" CONTENT="utskottets"/><SP WIDTH="20" VPOS="573" HPOS="732"/>
							<String ID="string_28" HPOS="752" VPOS="570" WIDTH="182" HEIGHT="32" WC="0.95" CONTENT="utlåtande"/><SP WIDTH="17" VPOS="570" HPOS="934"/>
							<String ID="string_29" HPOS="951" VPOS="568" WIDTH="47" HEIGHT="40" WC="0.92" CONTENT="på"/><SP WIDTH="19" VPOS="568" HPOS="998"/>
							<String ID="string_30" HPOS="1017" VPOS="577" WIDTH="26" HEIGHT="21" WC="0.92" CONTENT="s."/><SP WIDTH="20" VPOS="577" HPOS="1043"/>
							<String ID="string_31" HPOS="1063" VPOS="568" WIDTH="52" HEIGHT="35" WC="0.96" CONTENT="36,"/><SP WIDTH="20" VPOS="568" HPOS="1115"/>
							<String ID="string_32" HPOS="1135" VPOS="576" WIDTH="77" HEIGHT="21" WC="0.96" CONTENT="som"/><SP WIDTH="20" VPOS="576" HPOS="1212"/>
							<String ID="string_33" HPOS="1232" VPOS="565" WIDTH="120" HEIGHT="39" WC="0.96" CONTENT="börjar"/><SP WIDTH="20" VPOS="565" HPOS="1352"/>
							<String ID="string_34" HPOS="1372" VPOS="563" WIDTH="79" HEIGHT="31" WC="0.94" CONTENT="med"/><SP WIDTH="19" VPOS="563" HPOS="1451"/>
							<String ID="string_35" HPOS="1470" VPOS="563" WIDTH="108" HEIGHT="29" WC="0.96" CONTENT="orden"/>
						</TextLine>
						<TextLine ID="line_5" HPOS="96" VPOS="616" WIDTH="1482" HEIGHT="54">
							<String ID="string_36" HPOS="96" VPOS="631" WIDTH="71" HEIGHT="30" WC="0.80" CONTENT="»En"/><SP WIDTH="25" VPOS="631" HPOS="167"/>
							<String ID="string_37" HPOS="192" VPOS="628" WIDTH="305" HEIGHT="42" WC="0.0" CONTENT="grundläggande»"/><SP WIDTH="28" VPOS="628" HPOS="497"/>
							<String ID="string_38" HPOS="525" VPOS="627" WIDTH="67" HEIGHT="31" WC="0.96" CONTENT="och"/><SP WIDTH="25" VPOS="627" HPOS="592"/>
							<String ID="string_39" HPOS="617" VPOS="626" WIDTH="111" HEIGHT="30" WC="0.95" CONTENT="slutar"/><SP WIDTH="24" VPOS="626" HPOS="728"/>
							<String ID="string_40" HPOS="752" VPOS="625" WIDTH="81" HEIGHT="30" WC="0.96" CONTENT="med"/><SP WIDTH="25" VPOS="625" HPOS="833"/>
							<String ID="string_41" HPOS="858" VPOS="624" WIDTH="109" HEIGHT="29" WC="0.93" CONTENT="orden"/><SP WIDTH="30" VPOS="624" HPOS="967"/>
							<String ID="string_42" HPOS="997" VPOS="623" WIDTH="63" HEIGHT="30" WC="0.90" CONTENT="»än"/><SP WIDTH="26" VPOS="623" HPOS="1060"/>
							<String ID="string_43" HPOS="1086" VPOS="616" WIDTH="386" HEIGHT="42" WC="0.40" CONTENT="tvåfamiljsjordbruk&gt;"/><SP WIDTH="28" VPOS="616" HPOS="1472"/>
							<String ID="string_44" HPOS="1500" VPOS="616" WIDTH="78" HEIGHT="30" WC="0.95" CONTENT="bort"/>
						</TextLine>
						<TextLine ID="line_6" HPOS="92" VPOS="682" WIDTH="397" HEIGHT="41">
							<String ID="string_45" HPOS="92" VPOS="685" WIDTH="45" HEIGHT="30" WC="0.96" CONTENT="ha"/><SP WIDTH="25" VPOS="685" HPOS="137"/>
							<String ID="string_46" HPOS="162" VPOS="683" WIDTH="159" HEIGHT="40" WC="0.94" CONTENT="följande"/><SP WIDTH="24" VPOS="683" HPOS="321"/>
							<String ID="string_47" HPOS="345" VPOS="682" WIDTH="144" HEIGHT="39" WC="0.95" CONTENT="lydelse:"/>
						</TextLine>
					</TextBlock>
					<TextBlock ID="block_4" HPOS="92" VPOS="722" WIDTH="1489" HEIGHT="584">
						<TextLine ID="line_7" HPOS="141" VPOS="722" WIDTH="1438" HEIGHT="54">
							<String ID="string_48" HPOS="141" VPOS="738" WIDTH="70" HEIGHT="29" WC="0.47" CONTENT="&gt;»En"/><SP WIDTH="20" VPOS="738" HPOS="211"/>
							<String ID="string_49" HPOS="231" VPOS="735" WIDTH="285" HEIGHT="41" WC="0.93" CONTENT="grundläggande"/><SP WIDTH="16" VPOS="735" HPOS="516"/>
							<String ID="string_50" HPOS="532" VPOS="751" WIDTH="45" HEIGHT="4" WC="0.87" CONTENT="—"/><SP WIDTH="20" VPOS="751" HPOS="577"/>
							<String ID="string_51" HPOS="597" VPOS="727" WIDTH="31" HEIGHT="53" WC="0.88" CONTENT="—"/><SP WIDTH="23" VPOS="727" HPOS="628"/>
							<String ID="string_52" HPOS="651" VPOS="750" WIDTH="44" HEIGHT="4" WC="0.89" CONTENT="—"/><SP WIDTH="20" VPOS="750" HPOS="695"/>
							<String ID="string_53" HPOS="715" VPOS="732" WIDTH="84" HEIGHT="38" WC="0.96" CONTENT="(lika"/><SP WIDTH="19" VPOS="732" HPOS="799"/>
							<String ID="string_54" HPOS="818" VPOS="731" WIDTH="80" HEIGHT="30" WC="0.96" CONTENT="med"/><SP WIDTH="18" VPOS="731" HPOS="898"/>
							<String ID="string_55" HPOS="916" VPOS="727" WIDTH="183" HEIGHT="39" WC="0.91" CONTENT="utskottet)"/><SP WIDTH="21" VPOS="727" HPOS="1099"/>
							<String ID="string_56" HPOS="1120" VPOS="745" WIDTH="43" HEIGHT="3" WC="0.91" CONTENT="—"/><SP WIDTH="16" VPOS="745" HPOS="1163"/>
							<String ID="string_57" HPOS="1179" VPOS="744" WIDTH="45" HEIGHT="4" WC="0.92" CONTENT="—"/><SP WIDTH="16" VPOS="744" HPOS="1224"/>
							<String ID="string_58" HPOS="1240" VPOS="743" WIDTH="44" HEIGHT="4" WC="0.90" CONTENT="—"/><SP WIDTH="16" VPOS="743" HPOS="1284"/>
							<String ID="string_59" HPOS="1300" VPOS="734" WIDTH="102" HEIGHT="21" WC="0.92" CONTENT="anses"/><SP WIDTH="19" VPOS="734" HPOS="1402"/>
							<String ID="string_60" HPOS="1421" VPOS="722" WIDTH="158" HEIGHT="40" WC="0.92" CONTENT="tillgodo-"/>
						</TextLine>
						<TextLine ID="line_8" HPOS="92" VPOS="776" WIDTH="1488" HEIGHT="48">
							<String ID="string_61" HPOS="92" VPOS="791" WIDTH="118" HEIGHT="31" WC="0.96" CONTENT="sedda."/><SP WIDTH="19" VPOS="791" HPOS="210"/>
							<String ID="string_62" HPOS="229" VPOS="790" WIDTH="15" HEIGHT="30" WC="0.96" CONTENT="I"/><SP WIDTH="19" VPOS="790" HPOS="244"/>
							<String ID="string_63" HPOS="263" VPOS="790" WIDTH="43" HEIGHT="30" WC="0.96" CONTENT="de"/><SP WIDTH="19" VPOS="790" HPOS="306"/>
							<String ID="string_64" HPOS="325" VPOS="787" WIDTH="245" HEIGHT="33" WC="0.96" CONTENT="förstnämnda"/><SP WIDTH="18" VPOS="787" HPOS="570"/>
							<String ID="string_65" HPOS="588" VPOS="785" WIDTH="60" HEIGHT="32" WC="0.93" CONTENT="två"/><SP WIDTH="17" VPOS="785" HPOS="648"/>
							<String ID="string_66" HPOS="665" VPOS="785" WIDTH="267" HEIGHT="39" WC="0.92" CONTENT="motionsparen"/><SP WIDTH="18" VPOS="785" HPOS="932"/>
							<String ID="string_67" HPOS="950" VPOS="784" WIDTH="67" HEIGHT="29" WC="0.93" CONTENT="har"/><SP WIDTH="17" VPOS="784" HPOS="1017"/>
							<String ID="string_68" HPOS="1034" VPOS="782" WIDTH="121" HEIGHT="39" WC="0.91" CONTENT="yrkats"/><SP WIDTH="20" VPOS="782" HPOS="1155"/>
							<String ID="string_69" HPOS="1175" VPOS="783" WIDTH="50" HEIGHT="28" WC="0.96" CONTENT="att"/><SP WIDTH="20" VPOS="783" HPOS="1225"/>
							<String ID="string_70" HPOS="1245" VPOS="779" WIDTH="78" HEIGHT="31" WC="0.95" CONTENT="stöd"/><SP WIDTH="19" VPOS="779" HPOS="1323"/>
							<String ID="string_71" HPOS="1342" VPOS="777" WIDTH="129" HEIGHT="40" WC="0.96" CONTENT="jämväl"/><SP WIDTH="19" VPOS="777" HPOS="1471"/>
							<String ID="string_72" HPOS="1490" VPOS="776" WIDTH="90" HEIGHT="30" WC="0.96" CONTENT="skall"/>
						</TextLine>
						<TextLine ID="line_9" HPOS="93" VPOS="830" WIDTH="1487" HEIGHT="52">
							<String ID="string_73" HPOS="93" VPOS="845" WIDTH="120" HEIGHT="30" WC="0.96" CONTENT="kunna"/><SP WIDTH="22" VPOS="845" HPOS="213"/>
							<String ID="string_74" HPOS="235" VPOS="842" WIDTH="84" HEIGHT="40" WC="0.96" CONTENT="utgå"/><SP WIDTH="22" VPOS="842" HPOS="319"/>
							<String ID="string_75" HPOS="341" VPOS="842" WIDTH="52" HEIGHT="31" WC="0.96" CONTENT="till"/><SP WIDTH="23" VPOS="842" HPOS="393"/>
							<String ID="string_76" HPOS="416" VPOS="841" WIDTH="171" HEIGHT="40" WC="0.96" CONTENT="jordbruk"/><SP WIDTH="22" VPOS="841" HPOS="587"/>
							<String ID="string_77" HPOS="609" VPOS="849" WIDTH="75" HEIGHT="22" WC="0.97" CONTENT="som"/><SP WIDTH="23" VPOS="849" HPOS="684"/>
							<String ID="string_78" HPOS="707" VPOS="839" WIDTH="32" HEIGHT="39" WC="0.96" CONTENT="ej"/><SP WIDTH="23" VPOS="839" HPOS="739"/>
							<String ID="string_79" HPOS="762" VPOS="840" WIDTH="262" HEIGHT="37" WC="0.95" CONTENT="representerar"/><SP WIDTH="23" VPOS="840" HPOS="1024"/>
							<String ID="string_80" HPOS="1047" VPOS="835" WIDTH="65" HEIGHT="30" WC="0.93" CONTENT="full"/><SP WIDTH="22" VPOS="835" HPOS="1112"/>
							<String ID="string_81" HPOS="1134" VPOS="833" WIDTH="172" HEIGHT="31" WC="0.91" CONTENT="bärkraft."/><SP WIDTH="25" VPOS="833" HPOS="1306"/>
							<String ID="string_82" HPOS="1331" VPOS="831" WIDTH="121" HEIGHT="31" WC="0.93" CONTENT="Såsom"/><SP WIDTH="21" VPOS="831" HPOS="1452"/>
							<String ID="string_83" HPOS="1473" VPOS="830" WIDTH="107" HEIGHT="30" WC="0.89" CONTENT="fram-"/>
						</TextLine>
						<TextLine ID="line_10" HPOS="93" VPOS="882" WIDTH="1487" HEIGHT="48">
							<String ID="string_84" HPOS="93" VPOS="897" WIDTH="118" HEIGHT="32" WC="0.95" CONTENT="hållits"/><SP WIDTH="28" VPOS="897" HPOS="211"/>
							<String ID="string_85" HPOS="239" VPOS="897" WIDTH="3" HEIGHT="30" WC="0.96" CONTENT="i"/><SP WIDTH="20" VPOS="897" HPOS="242"/>
							<String ID="string_86" HPOS="262" VPOS="896" WIDTH="222" HEIGHT="31" WC="0.96" CONTENT="motionerna"/><SP WIDTH="19" VPOS="896" HPOS="484"/>
							<String ID="string_87" HPOS="503" VPOS="894" WIDTH="98" HEIGHT="36" WC="0.96" CONTENT="finns"/><SP WIDTH="20" VPOS="894" HPOS="601"/>
							<String ID="string_88" HPOS="621" VPOS="894" WIDTH="57" HEIGHT="34" WC="0.96" CONTENT="det"/><SP WIDTH="20" VPOS="894" HPOS="678"/>
							<String ID="string_89" HPOS="698" VPOS="892" WIDTH="92" HEIGHT="31" WC="0.96" CONTENT="vissa"/><SP WIDTH="22" VPOS="892" HPOS="790"/>
							<String ID="string_90" HPOS="812" VPOS="891" WIDTH="141" HEIGHT="39" WC="0.96" CONTENT="bygder,"/><SP WIDTH="21" VPOS="891" HPOS="953"/>
							<String ID="string_91" HPOS="974" VPOS="890" WIDTH="64" HEIGHT="29" WC="0.96" CONTENT="där"/><SP WIDTH="21" VPOS="890" HPOS="1038"/>
							<String ID="string_92" HPOS="1059" VPOS="884" WIDTH="489" HEIGHT="38" WC="0.89" CONTENT="strukturrationaliseringen"/><SP WIDTH="22" VPOS="884" HPOS="1548"/>
							<String ID="string_93" HPOS="1570" VPOS="882" WIDTH="10" HEIGHT="30" WC="0.93" CONTENT="i"/>
						</TextLine>
						<TextLine ID="line_11" HPOS="94" VPOS="937" WIDTH="1486" HEIGHT="53">
							<String ID="string_94" HPOS="94" VPOS="951" WIDTH="96" HEIGHT="39" WC="0.96" CONTENT="varje"/><SP WIDTH="16" VPOS="951" HPOS="190"/>
							<String ID="string_95" HPOS="206" VPOS="951" WIDTH="63" HEIGHT="30" WC="0.96" CONTENT="fall"/><SP WIDTH="17" VPOS="951" HPOS="269"/>
							<String ID="string_96" HPOS="286" VPOS="950" WIDTH="72" HEIGHT="30" WC="0.96" CONTENT="inte"/><SP WIDTH="17" VPOS="950" HPOS="358"/>
							<String ID="string_97" HPOS="375" VPOS="950" WIDTH="96" HEIGHT="30" WC="0.96" CONTENT="inom"/><SP WIDTH="17" VPOS="950" HPOS="471"/>
							<String ID="string_98" HPOS="488" VPOS="945" WIDTH="220" HEIGHT="40" WC="0.96" CONTENT="överskådlig"/><SP WIDTH="18" VPOS="945" HPOS="708"/>
							<String ID="string_99" HPOS="726" VPOS="946" WIDTH="50" HEIGHT="30" WC="0.95" CONTENT="tid"/><SP WIDTH="16" VPOS="946" HPOS="776"/>
							<String ID="string_100" HPOS="792" VPOS="945" WIDTH="71" HEIGHT="30" WC="0.96" CONTENT="kan"/><SP WIDTH="16" VPOS="945" HPOS="863"/>
							<String ID="string_101" HPOS="879" VPOS="944" WIDTH="127" HEIGHT="30" WC="0.96" CONTENT="tänkas"/><SP WIDTH="16" VPOS="944" HPOS="1006"/>
							<String ID="string_102" HPOS="1022" VPOS="943" WIDTH="122" HEIGHT="30" WC="0.96" CONTENT="kunna"/><SP WIDTH="16" VPOS="943" HPOS="1144"/>
							<String ID="string_103" HPOS="1160" VPOS="941" WIDTH="79" HEIGHT="30" WC="0.96" CONTENT="leda"/><SP WIDTH="17" VPOS="941" HPOS="1239"/>
							<String ID="string_104" HPOS="1256" VPOS="940" WIDTH="93" HEIGHT="30" WC="0.96" CONTENT="fram"/><SP WIDTH="16" VPOS="940" HPOS="1349"/>
							<String ID="string_105" HPOS="1365" VPOS="938" WIDTH="52" HEIGHT="30" WC="0.96" CONTENT="till"/><SP WIDTH="17" VPOS="938" HPOS="1417"/>
							<String ID="string_106" HPOS="1434" VPOS="937" WIDTH="146" HEIGHT="31" WC="0.96" CONTENT="allmänt"/>
						</TextLine>
						<TextLine ID="line_12" HPOS="94" VPOS="992" WIDTH="1486" HEIGHT="49">
							<String ID="string_107" HPOS="94" VPOS="1008" WIDTH="65" HEIGHT="27" WC="0.96" CONTENT="sett"/><SP WIDTH="20" VPOS="1008" HPOS="159"/>
							<String ID="string_108" HPOS="179" VPOS="1004" WIDTH="80" HEIGHT="31" WC="0.96" CONTENT="fullt"/><SP WIDTH="21" VPOS="1004" HPOS="259"/>
							<String ID="string_109" HPOS="280" VPOS="1002" WIDTH="219" HEIGHT="39" WC="0.93" CONTENT="bärkraftiga"/><SP WIDTH="20" VPOS="1002" HPOS="499"/>
							<String ID="string_110" HPOS="519" VPOS="1000" WIDTH="352" HEIGHT="39" WC="0.92" CONTENT="brukningsenheter."/><SP WIDTH="23" VPOS="1000" HPOS="871"/>
							<String ID="string_111" HPOS="894" VPOS="996" WIDTH="52" HEIGHT="31" WC="0.96" CONTENT="Då"/><SP WIDTH="20" VPOS="996" HPOS="946"/>
							<String ID="string_112" HPOS="966" VPOS="997" WIDTH="58" HEIGHT="30" WC="0.96" CONTENT="det"/><SP WIDTH="21" VPOS="997" HPOS="1024"/>
							<String ID="string_113" HPOS="1045" VPOS="993" WIDTH="167" HEIGHT="34" WC="0.96" CONTENT="framstår"/><SP WIDTH="21" VPOS="993" HPOS="1212"/>
							<String ID="string_114" HPOS="1233" VPOS="1003" WIDTH="76" HEIGHT="21" WC="0.97" CONTENT="som"/><SP WIDTH="20" VPOS="1003" HPOS="1309"/>
							<String ID="string_115" HPOS="1329" VPOS="992" WIDTH="181" HEIGHT="39" WC="0.96" CONTENT="angeläget"/><SP WIDTH="20" VPOS="992" HPOS="1510"/>
							<String ID="string_116" HPOS="1530" VPOS="992" WIDTH="50" HEIGHT="28" WC="0.96" CONTENT="att"/>
						</TextLine>
						<TextLine ID="line_13" HPOS="93" VPOS="1043" WIDTH="1488" HEIGHT="55">
							<String ID="string_117" HPOS="93" VPOS="1058" WIDTH="209" HEIGHT="40" WC="0.95" CONTENT="jordbruket"/><SP WIDTH="21" VPOS="1058" HPOS="302"/>
							<String ID="string_118" HPOS="323" VPOS="1057" WIDTH="87" HEIGHT="29" WC="0.96" CONTENT="även"/><SP WIDTH="21" VPOS="1057" HPOS="410"/>
							<String ID="string_119" HPOS="431" VPOS="1056" WIDTH="12" HEIGHT="30" WC="0.96" CONTENT="i"/><SP WIDTH="20" VPOS="1056" HPOS="443"/>
							<String ID="string_120" HPOS="463" VPOS="1054" WIDTH="132" HEIGHT="31" WC="0.96" CONTENT="sådana"/><SP WIDTH="21" VPOS="1054" HPOS="595"/>
							<String ID="string_121" HPOS="616" VPOS="1053" WIDTH="132" HEIGHT="39" WC="0.96" CONTENT="bygder"/><SP WIDTH="20" VPOS="1053" HPOS="748"/>
							<String ID="string_122" HPOS="768" VPOS="1051" WIDTH="56" HEIGHT="31" WC="0.96" CONTENT="får"/><SP WIDTH="21" VPOS="1051" HPOS="824"/>
							<String ID="string_123" HPOS="845" VPOS="1050" WIDTH="38" HEIGHT="31" WC="0.96" CONTENT="så"/><SP WIDTH="22" VPOS="1050" HPOS="883"/>
							<String ID="string_124" HPOS="905" VPOS="1051" WIDTH="88" HEIGHT="39" WC="0.96" CONTENT="goda"/><SP WIDTH="22" VPOS="1051" HPOS="993"/>
							<String ID="string_125" HPOS="1015" VPOS="1047" WIDTH="295" HEIGHT="39" WC="0.96" CONTENT="förutsättningar"/><SP WIDTH="20" VPOS="1047" HPOS="1310"/>
							<String ID="string_126" HPOS="1330" VPOS="1046" WIDTH="53" HEIGHT="30" WC="0.93" CONTENT="till"/><SP WIDTH="20" VPOS="1046" HPOS="1383"/>
							<String ID="string_127" HPOS="1403" VPOS="1043" WIDTH="178" HEIGHT="32" WC="0.91" CONTENT="rationali-"/>
						</TextLine>
						<TextLine ID="line_14" HPOS="95" VPOS="1096" WIDTH="1486" HEIGHT="54">
							<String ID="string_128" HPOS="95" VPOS="1111" WIDTH="115" HEIGHT="39" WC="0.92" CONTENT="sering"/><SP WIDTH="26" VPOS="1111" HPOS="210"/>
							<String ID="string_129" HPOS="236" VPOS="1120" WIDTH="76" HEIGHT="21" WC="0.96" CONTENT="som"/><SP WIDTH="26" VPOS="1120" HPOS="312"/>
							<String ID="string_130" HPOS="338" VPOS="1108" WIDTH="137" HEIGHT="39" WC="0.93" CONTENT="möjligt"/><SP WIDTH="25" VPOS="1108" HPOS="475"/>
							<String ID="string_131" HPOS="500" VPOS="1108" WIDTH="66" HEIGHT="30" WC="0.96" CONTENT="bör"/><SP WIDTH="24" VPOS="1108" HPOS="566"/>
							<String ID="string_132" HPOS="590" VPOS="1107" WIDTH="106" HEIGHT="38" WC="0.96" CONTENT="enligt"/><SP WIDTH="25" VPOS="1107" HPOS="696"/>
							<String ID="string_133" HPOS="721" VPOS="1106" WIDTH="189" HEIGHT="43" WC="0.96" CONTENT="utskottets"/><SP WIDTH="27" VPOS="1106" HPOS="910"/>
							<String ID="string_134" HPOS="937" VPOS="1103" WIDTH="143" HEIGHT="39" WC="0.92" CONTENT="mening"/><SP WIDTH="25" VPOS="1103" HPOS="1080"/>
							<String ID="string_135" HPOS="1105" VPOS="1102" WIDTH="173" HEIGHT="30" WC="0.91" CONTENT="förvärvs-"/><SP WIDTH="27" VPOS="1102" HPOS="1278"/>
							<String ID="string_136" HPOS="1305" VPOS="1100" WIDTH="67" HEIGHT="29" WC="0.93" CONTENT="och"/><SP WIDTH="25" VPOS="1100" HPOS="1372"/>
							<String ID="string_137" HPOS="1397" VPOS="1096" WIDTH="184" HEIGHT="32" WC="0.92" CONTENT="driftsstöd"/>
						</TextLine>
						<TextLine ID="line_15" HPOS="94" VPOS="1149" WIDTH="1487" HEIGHT="54">
							<String ID="string_138" HPOS="94" VPOS="1166" WIDTH="120" HEIGHT="30" WC="0.96" CONTENT="kunna"/><SP WIDTH="26" VPOS="1166" HPOS="214"/>
							<String ID="string_139" HPOS="240" VPOS="1162" WIDTH="83" HEIGHT="41" WC="0.96" CONTENT="utgå"/><SP WIDTH="23" VPOS="1162" HPOS="323"/>
							<String ID="string_140" HPOS="346" VPOS="1163" WIDTH="88" HEIGHT="30" WC="0.96" CONTENT="även"/><SP WIDTH="24" VPOS="1163" HPOS="434"/>
							<String ID="string_141" HPOS="458" VPOS="1162" WIDTH="57" HEIGHT="30" WC="0.93" CONTENT="för"/><SP WIDTH="22" VPOS="1162" HPOS="515"/>
							<String ID="string_142" HPOS="537" VPOS="1159" WIDTH="344" HEIGHT="39" WC="0.90" CONTENT="brukningsenheter"/><SP WIDTH="24" VPOS="1159" HPOS="881"/>
							<String ID="string_143" HPOS="905" VPOS="1166" WIDTH="76" HEIGHT="21" WC="0.96" CONTENT="som"/><SP WIDTH="22" VPOS="1166" HPOS="981"/>
							<String ID="string_144" HPOS="1003" VPOS="1157" WIDTH="72" HEIGHT="29" WC="0.96" CONTENT="inte"/><SP WIDTH="23" VPOS="1157" HPOS="1075"/>
							<String ID="string_145" HPOS="1098" VPOS="1156" WIDTH="65" HEIGHT="29" WC="0.96" CONTENT="har"/><SP WIDTH="23" VPOS="1156" HPOS="1163"/>
							<String ID="string_146" HPOS="1186" VPOS="1154" WIDTH="66" HEIGHT="30" WC="0.93" CONTENT="full"/><SP WIDTH="23" VPOS="1154" HPOS="1252"/>
							<String ID="string_147" HPOS="1275" VPOS="1152" WIDTH="171" HEIGHT="31" WC="0.92" CONTENT="bärkraft."/><SP WIDTH="26" VPOS="1152" HPOS="1446"/>
							<String ID="string_148" HPOS="1472" VPOS="1150" WIDTH="74" HEIGHT="31" WC="0.95" CONTENT="Vad"/><SP WIDTH="26" VPOS="1150" HPOS="1546"/>
							<String ID="string_149" HPOS="1572" VPOS="1149" WIDTH="9" HEIGHT="30" WC="0.95" CONTENT="i"/>
						</TextLine>
						<TextLine ID="line_16" HPOS="95" VPOS="1203" WIDTH="1485" HEIGHT="50">
							<String ID="string_150" HPOS="95" VPOS="1218" WIDTH="232" HEIGHT="31" WC="0.96" CONTENT="förevarande"/><SP WIDTH="17" VPOS="1218" HPOS="327"/>
							<String ID="string_151" HPOS="344" VPOS="1215" WIDTH="59" HEIGHT="31" WC="0.92" CONTENT="två"/><SP WIDTH="16" VPOS="1215" HPOS="403"/>
							<String ID="string_152" HPOS="419" VPOS="1214" WIDTH="220" HEIGHT="39" WC="0.90" CONTENT="motionspar"/><SP WIDTH="14" VPOS="1214" HPOS="639"/>
							<String ID="string_153" HPOS="653" VPOS="1213" WIDTH="122" HEIGHT="39" WC="0.90" CONTENT="yrkats"/><SP WIDTH="16" VPOS="1213" HPOS="775"/>
							<String ID="string_154" HPOS="791" VPOS="1210" WIDTH="217" HEIGHT="32" WC="0.92" CONTENT="härutinnan"/><SP WIDTH="17" VPOS="1210" HPOS="1008"/>
							<String ID="string_155" HPOS="1025" VPOS="1208" WIDTH="194" HEIGHT="39" WC="0.96" CONTENT="tillstyrker"/><SP WIDTH="17" VPOS="1208" HPOS="1219"/>
							<String ID="string_156" HPOS="1236" VPOS="1207" WIDTH="169" HEIGHT="30" WC="0.96" CONTENT="utskottet"/><SP WIDTH="19" VPOS="1207" HPOS="1405"/>
							<String ID="string_157" HPOS="1424" VPOS="1203" WIDTH="156" HEIGHT="32" WC="0.96" CONTENT="sålunda."/>
						</TextLine>
						<TextLine ID="line_17" HPOS="96" VPOS="1257" WIDTH="1482" HEIGHT="49">
							<String ID="string_158" HPOS="96" VPOS="1272" WIDTH="176" HEIGHT="31" WC="0.96" CONTENT="Utskottet"/><SP WIDTH="16" VPOS="1272" HPOS="272"/>
							<String ID="string_159" HPOS="288" VPOS="1271" WIDTH="66" HEIGHT="30" WC="0.93" CONTENT="har"/><SP WIDTH="14" VPOS="1271" HPOS="354"/>
							<String ID="string_160" HPOS="368" VPOS="1288" WIDTH="44" HEIGHT="3" WC="0.92" CONTENT="—"/><SP WIDTH="13" VPOS="1288" HPOS="412"/>
							<String ID="string_161" HPOS="425" VPOS="1287" WIDTH="45" HEIGHT="3" WC="0.90" CONTENT="—"/><SP WIDTH="13" VPOS="1287" HPOS="470"/>
							<String ID="string_162" HPOS="483" VPOS="1285" WIDTH="45" HEIGHT="5" WC="0.88" CONTENT="—"/><SP WIDTH="18" VPOS="1285" HPOS="528"/>
							<String ID="string_163" HPOS="546" VPOS="1267" WIDTH="83" HEIGHT="39" WC="0.96" CONTENT="(lika"/><SP WIDTH="17" VPOS="1267" HPOS="629"/>
							<String ID="string_164" HPOS="646" VPOS="1267" WIDTH="80" HEIGHT="30" WC="0.96" CONTENT="med"/><SP WIDTH="16" VPOS="1267" HPOS="726"/>
							<String ID="string_165" HPOS="742" VPOS="1264" WIDTH="184" HEIGHT="35" WC="0.96" CONTENT="utskottet)"/><SP WIDTH="77" VPOS="1264" HPOS="926"/>
							<String ID="string_166" HPOS="1003" VPOS="1281" WIDTH="44" HEIGHT="3" WC="0.88" CONTENT="—"/><SP WIDTH="14" VPOS="1281" HPOS="1047"/>
							<String ID="string_167" HPOS="1061" VPOS="1280" WIDTH="44" HEIGHT="4" WC="0.84" CONTENT="—"/><SP WIDTH="15" VPOS="1280" HPOS="1105"/>
							<String ID="string_168" HPOS="1120" VPOS="1263" WIDTH="46" HEIGHT="29" WC="0.93" CONTENT="än"/><SP WIDTH="15" VPOS="1263" HPOS="1166"/>
							<String ID="string_169" HPOS="1181" VPOS="1257" WIDTH="397" HEIGHT="41" WC="0.86" CONTENT="tvåfamiljsjordbruk.&gt;"/>
						</TextLine>
					</TextBlock>
					<TextBlock ID="block_5" HPOS="99" VPOS="1311" WIDTH="1482" HEIGHT="99">
						<TextLine ID="line_18" HPOS="139" VPOS="1311" WIDTH="1442" HEIGHT="51">
							<String ID="string_170" HPOS="139" VPOS="1325" WIDTH="73" HEIGHT="30" WC="0.96" CONTENT="dels"/><SP WIDTH="23" VPOS="1325" HPOS="212"/>
							<String ID="string_171" HPOS="235" VPOS="1325" WIDTH="58" HEIGHT="30" WC="0.96" CONTENT="det"/><SP WIDTH="26" VPOS="1325" HPOS="293"/>
							<String ID="string_172" HPOS="319" VPOS="1323" WIDTH="120" HEIGHT="39" WC="0.96" CONTENT="stycke"/><SP WIDTH="26" VPOS="1323" HPOS="439"/>
							<String ID="string_173" HPOS="465" VPOS="1323" WIDTH="9" HEIGHT="30" WC="0.96" CONTENT="i"/><SP WIDTH="26" VPOS="1323" HPOS="474"/>
							<String ID="string_174" HPOS="500" VPOS="1321" WIDTH="188" HEIGHT="31" WC="0.96" CONTENT="utskottets"/><SP WIDTH="25" VPOS="1321" HPOS="688"/>
							<String ID="string_175" HPOS="713" VPOS="1318" WIDTH="183" HEIGHT="32" WC="0.96" CONTENT="utlåtande"/><SP WIDTH="25" VPOS="1318" HPOS="896"/>
							<String ID="string_176" HPOS="921" VPOS="1316" WIDTH="47" HEIGHT="41" WC="0.93" CONTENT="på"/><SP WIDTH="24" VPOS="1316" HPOS="968"/>
							<String ID="string_177" HPOS="992" VPOS="1327" WIDTH="25" HEIGHT="20" WC="0.87" CONTENT="s."/><SP WIDTH="27" VPOS="1327" HPOS="1017"/>
							<String ID="string_178" HPOS="1044" VPOS="1316" WIDTH="51" HEIGHT="35" WC="0.96" CONTENT="36,"/><SP WIDTH="27" VPOS="1316" HPOS="1095"/>
							<String ID="string_179" HPOS="1122" VPOS="1325" WIDTH="76" HEIGHT="20" WC="0.96" CONTENT="som"/><SP WIDTH="25" VPOS="1325" HPOS="1198"/>
							<String ID="string_180" HPOS="1223" VPOS="1313" WIDTH="122" HEIGHT="39" WC="0.96" CONTENT="börjar"/><SP WIDTH="23" VPOS="1313" HPOS="1345"/>
							<String ID="string_181" HPOS="1368" VPOS="1312" WIDTH="79" HEIGHT="30" WC="0.96" CONTENT="med"/><SP WIDTH="26" VPOS="1312" HPOS="1447"/>
							<String ID="string_182" HPOS="1473" VPOS="1311" WIDTH="108" HEIGHT="30" WC="0.96" CONTENT="orden"/>
						</TextLine>
						<TextLine ID="line_19" HPOS="99" VPOS="1366" WIDTH="1355" HEIGHT="44">
							<String ID="string_183" HPOS="99" VPOS="1391" WIDTH="11" HEIGHT="14" WC="0.75" CONTENT="»"/><SP WIDTH="8" VPOS="1391" HPOS="110"/>
							<String ID="string_184" HPOS="118" VPOS="1380" WIDTH="68" HEIGHT="30" WC="0.93" CONTENT="För"/><SP WIDTH="20" VPOS="1380" HPOS="186"/>
							<String ID="string_185" HPOS="206" VPOS="1378" WIDTH="160" HEIGHT="30" WC="0.88" CONTENT="förvärv&gt;"/><SP WIDTH="24" VPOS="1378" HPOS="366"/>
							<String ID="string_186" HPOS="390" VPOS="1377" WIDTH="66" HEIGHT="29" WC="0.96" CONTENT="och"/><SP WIDTH="21" VPOS="1377" HPOS="456"/>
							<String ID="string_187" HPOS="477" VPOS="1376" WIDTH="109" HEIGHT="30" WC="0.96" CONTENT="slutar"/><SP WIDTH="20" VPOS="1376" HPOS="586"/>
							<String ID="string_188" HPOS="606" VPOS="1374" WIDTH="80" HEIGHT="30" WC="0.96" CONTENT="med"/><SP WIDTH="20" VPOS="1374" HPOS="686"/>
							<String ID="string_189" HPOS="706" VPOS="1374" WIDTH="110" HEIGHT="29" WC="0.93" CONTENT="orden"/><SP WIDTH="24" VPOS="1374" HPOS="816"/>
							<String ID="string_190" HPOS="840" VPOS="1372" WIDTH="51" HEIGHT="38" WC="0.41" CONTENT="»ej"/><SP WIDTH="20" VPOS="1372" HPOS="891"/>
							<String ID="string_191" HPOS="911" VPOS="1371" WIDTH="158" HEIGHT="30" WC="0.96" CONTENT="biträda»"/><SP WIDTH="24" VPOS="1371" HPOS="1069"/>
							<String ID="string_192" HPOS="1093" VPOS="1370" WIDTH="78" HEIGHT="29" WC="0.96" CONTENT="bort"/><SP WIDTH="20" VPOS="1370" HPOS="1171"/>
							<String ID="string_193" HPOS="1191" VPOS="1368" WIDTH="82" HEIGHT="39" WC="0.96" CONTENT="lyda"/><SP WIDTH="21" VPOS="1368" HPOS="1273"/>
							<String ID="string_194" HPOS="1294" VPOS="1366" WIDTH="160" HEIGHT="31" WC="0.96" CONTENT="sålunda:"/>
						</TextLine>
					</TextBlock>
					<TextBlock ID="block_6" HPOS="96" VPOS="1417" WIDTH="1488" HEIGHT="639">
						<TextLine ID="line_20" HPOS="144" VPOS="1417" WIDTH="1438" HEIGHT="49">
							<String ID="string_195" HPOS="144" VPOS="1433" WIDTH="88" HEIGHT="29" WC="0.90" CONTENT="»För"/><SP WIDTH="26" VPOS="1433" HPOS="232"/>
							<String ID="string_196" HPOS="258" VPOS="1431" WIDTH="144" HEIGHT="30" WC="0.96" CONTENT="förvärv"/><SP WIDTH="26" VPOS="1431" HPOS="402"/>
							<String ID="string_197" HPOS="428" VPOS="1439" WIDTH="43" HEIGHT="20" WC="0.93" CONTENT="av"/><SP WIDTH="28" VPOS="1439" HPOS="471"/>
							<String ID="string_198" HPOS="499" VPOS="1427" WIDTH="251" HEIGHT="39" WC="0.90" CONTENT="stödjordbruk"/><SP WIDTH="26" VPOS="1427" HPOS="750"/>
							<String ID="string_199" HPOS="776" VPOS="1426" WIDTH="94" HEIGHT="36" WC="0.96" CONTENT="skall"/><SP WIDTH="27" VPOS="1426" HPOS="870"/>
							<String ID="string_200" HPOS="897" VPOS="1424" WIDTH="107" HEIGHT="38" WC="0.96" CONTENT="enligt"/><SP WIDTH="28" VPOS="1424" HPOS="1004"/>
							<String ID="string_201" HPOS="1032" VPOS="1421" WIDTH="267" HEIGHT="41" WC="0.96" CONTENT="propositionen"/><SP WIDTH="29" VPOS="1421" HPOS="1299"/>
							<String ID="string_202" HPOS="1328" VPOS="1417" WIDTH="254" HEIGHT="40" WC="0.91" CONTENT="kreditgaranti"/>
						</TextLine>
						<TextLine ID="line_21" HPOS="96" VPOS="1471" WIDTH="1487" HEIGHT="53">
							<String ID="string_203" HPOS="96" VPOS="1495" WIDTH="76" HEIGHT="21" WC="0.96" CONTENT="som"/><SP WIDTH="18" VPOS="1495" HPOS="172"/>
							<String ID="string_204" HPOS="190" VPOS="1485" WIDTH="93" HEIGHT="39" WC="0.96" CONTENT="regel"/><SP WIDTH="17" VPOS="1485" HPOS="283"/>
							<String ID="string_205" HPOS="300" VPOS="1484" WIDTH="138" HEIGHT="30" WC="0.96" CONTENT="lämnas"/><SP WIDTH="19" VPOS="1484" HPOS="438"/>
							<String ID="string_206" HPOS="457" VPOS="1482" WIDTH="122" HEIGHT="30" WC="0.96" CONTENT="endast"/><SP WIDTH="18" VPOS="1482" HPOS="579"/>
							<String ID="string_207" HPOS="597" VPOS="1490" WIDTH="56" HEIGHT="20" WC="0.92" CONTENT="om"/><SP WIDTH="19" VPOS="1490" HPOS="653"/>
							<String ID="string_208" HPOS="672" VPOS="1479" WIDTH="198" HEIGHT="31" WC="0.91" CONTENT="brukarens"/><SP WIDTH="19" VPOS="1479" HPOS="870"/>
							<String ID="string_209" HPOS="889" VPOS="1478" WIDTH="118" HEIGHT="30" WC="0.96" CONTENT="arbete"/><SP WIDTH="18" VPOS="1478" HPOS="1007"/>
							<String ID="string_210" HPOS="1025" VPOS="1476" WIDTH="58" HEIGHT="30" WC="0.96" CONTENT="vid"/><SP WIDTH="18" VPOS="1476" HPOS="1083"/>
							<String ID="string_211" HPOS="1101" VPOS="1475" WIDTH="99" HEIGHT="30" WC="0.96" CONTENT="sidan"/><SP WIDTH="20" VPOS="1475" HPOS="1200"/>
							<String ID="string_212" HPOS="1220" VPOS="1483" WIDTH="57" HEIGHT="20" WC="0.93" CONTENT="om"/><SP WIDTH="19" VPOS="1483" HPOS="1277"/>
							<String ID="string_213" HPOS="1296" VPOS="1471" WIDTH="287" HEIGHT="40" WC="0.91" CONTENT="stödjordbruket"/>
						</TextLine>
						<TextLine ID="line_22" HPOS="96" VPOS="1523" WIDTH="1486" HEIGHT="47">
							<String ID="string_214" HPOS="96" VPOS="1541" WIDTH="40" HEIGHT="29" WC="0.96" CONTENT="är"/><SP WIDTH="18" VPOS="1541" HPOS="136"/>
							<String ID="string_215" HPOS="154" VPOS="1548" WIDTH="42" HEIGHT="21" WC="0.96" CONTENT="av"/><SP WIDTH="19" VPOS="1548" HPOS="196"/>
							<String ID="string_216" HPOS="215" VPOS="1537" WIDTH="109" HEIGHT="31" WC="0.96" CONTENT="sådan"/><SP WIDTH="20" VPOS="1537" HPOS="324"/>
							<String ID="string_217" HPOS="344" VPOS="1539" WIDTH="106" HEIGHT="28" WC="0.96" CONTENT="natur"/><SP WIDTH="18" VPOS="1539" HPOS="450"/>
							<String ID="string_218" HPOS="468" VPOS="1538" WIDTH="50" HEIGHT="27" WC="0.96" CONTENT="att"/><SP WIDTH="18" VPOS="1538" HPOS="518"/>
							<String ID="string_219" HPOS="536" VPOS="1534" WIDTH="177" HEIGHT="30" WC="0.96" CONTENT="brukaren"/><SP WIDTH="20" VPOS="1534" HPOS="713"/>
							<String ID="string_220" HPOS="733" VPOS="1533" WIDTH="113" HEIGHT="30" WC="0.96" CONTENT="under"/><SP WIDTH="18" VPOS="1533" HPOS="846"/>
							<String ID="string_221" HPOS="864" VPOS="1531" WIDTH="68" HEIGHT="30" WC="0.96" CONTENT="viss"/><SP WIDTH="20" VPOS="1531" HPOS="932"/>
							<String ID="string_222" HPOS="952" VPOS="1531" WIDTH="129" HEIGHT="37" WC="0.96" CONTENT="säsong"/><SP WIDTH="17" VPOS="1531" HPOS="1081"/>
							<String ID="string_223" HPOS="1098" VPOS="1530" WIDTH="39" HEIGHT="28" WC="0.96" CONTENT="är"/><SP WIDTH="18" VPOS="1530" HPOS="1137"/>
							<String ID="string_224" HPOS="1155" VPOS="1527" WIDTH="175" HEIGHT="31" WC="0.96" CONTENT="beroende"/><SP WIDTH="19" VPOS="1527" HPOS="1330"/>
							<String ID="string_225" HPOS="1349" VPOS="1535" WIDTH="43" HEIGHT="20" WC="0.93" CONTENT="av"/><SP WIDTH="19" VPOS="1535" HPOS="1392"/>
							<String ID="string_226" HPOS="1411" VPOS="1523" WIDTH="171" HEIGHT="40" WC="0.92" CONTENT="stödjord-"/>
						</TextLine>
						<TextLine ID="line_23" HPOS="96" VPOS="1577" WIDTH="1487" HEIGHT="46">
							<String ID="string_227" HPOS="96" VPOS="1592" WIDTH="126" HEIGHT="31" WC="0.96" CONTENT="bruket"/><SP WIDTH="24" VPOS="1592" HPOS="222"/>
							<String ID="string_228" HPOS="246" VPOS="1591" WIDTH="67" HEIGHT="31" WC="0.96" CONTENT="och"/><SP WIDTH="25" VPOS="1591" HPOS="313"/>
							<String ID="string_229" HPOS="338" VPOS="1599" WIDTH="58" HEIGHT="21" WC="0.96" CONTENT="om"/><SP WIDTH="24" VPOS="1599" HPOS="396"/>
							<String ID="string_230" HPOS="420" VPOS="1590" WIDTH="94" HEIGHT="29" WC="0.96" CONTENT="detta"/><SP WIDTH="25" VPOS="1590" HPOS="514"/>
							<String ID="string_231" HPOS="539" VPOS="1586" WIDTH="222" HEIGHT="32" WC="0.96" CONTENT="förhållande"/><SP WIDTH="24" VPOS="1586" HPOS="761"/>
							<String ID="string_232" HPOS="785" VPOS="1585" WIDTH="176" HEIGHT="31" WC="0.93" CONTENT="beräknas"/><SP WIDTH="24" VPOS="1585" HPOS="961"/>
							<String ID="string_233" HPOS="985" VPOS="1583" WIDTH="158" HEIGHT="30" WC="0.92" CONTENT="fortvara"/><SP WIDTH="23" VPOS="1583" HPOS="1143"/>
							<String ID="string_234" HPOS="1166" VPOS="1583" WIDTH="90" HEIGHT="28" WC="0.96" CONTENT="samt"/><SP WIDTH="26" VPOS="1583" HPOS="1256"/>
							<String ID="string_235" HPOS="1282" VPOS="1589" WIDTH="57" HEIGHT="20" WC="0.95" CONTENT="om"/><SP WIDTH="25" VPOS="1589" HPOS="1339"/>
							<String ID="string_236" HPOS="1364" VPOS="1577" WIDTH="219" HEIGHT="31" WC="0.95" CONTENT="omfattande"/>
						</TextLine>
						<TextLine ID="line_24" HPOS="97" VPOS="1630" WIDTH="1487" HEIGHT="53">
							<String ID="string_237" HPOS="97" VPOS="1645" WIDTH="255" HEIGHT="38" WC="0.96" CONTENT="investeringar"/><SP WIDTH="14" VPOS="1645" HPOS="352"/>
							<String ID="string_238" HPOS="366" VPOS="1643" WIDTH="32" HEIGHT="39" WC="0.96" CONTENT="ej"/><SP WIDTH="15" VPOS="1643" HPOS="398"/>
							<String ID="string_239" HPOS="413" VPOS="1642" WIDTH="177" HEIGHT="31" WC="0.96" CONTENT="erfordras"/><SP WIDTH="16" VPOS="1642" HPOS="590"/>
							<String ID="string_240" HPOS="606" VPOS="1641" WIDTH="112" HEIGHT="30" WC="0.93" CONTENT="under"/><SP WIDTH="14" VPOS="1641" HPOS="718"/>
							<String ID="string_241" HPOS="732" VPOS="1638" WIDTH="188" HEIGHT="31" WC="0.90" CONTENT="lånetiden."/><SP WIDTH="17" VPOS="1638" HPOS="920"/>
							<String ID="string_242" HPOS="937" VPOS="1636" WIDTH="117" HEIGHT="39" WC="0.96" CONTENT="Enligt"/><SP WIDTH="14" VPOS="1636" HPOS="1054"/>
							<String ID="string_243" HPOS="1068" VPOS="1635" WIDTH="188" HEIGHT="31" WC="0.96" CONTENT="utskottets"/><SP WIDTH="15" VPOS="1635" HPOS="1256"/>
							<String ID="string_244" HPOS="1271" VPOS="1633" WIDTH="142" HEIGHT="38" WC="0.95" CONTENT="mening"/><SP WIDTH="15" VPOS="1633" HPOS="1413"/>
							<String ID="string_245" HPOS="1428" VPOS="1632" WIDTH="38" HEIGHT="29" WC="0.93" CONTENT="är"/><SP WIDTH="15" VPOS="1632" HPOS="1466"/>
							<String ID="string_246" HPOS="1481" VPOS="1630" WIDTH="103" HEIGHT="31" WC="0.88" CONTENT="emel-"/>
						</TextLine>
						<TextLine ID="line_25" HPOS="97" VPOS="1685" WIDTH="1487" HEIGHT="51">
							<String ID="string_247" HPOS="97" VPOS="1699" WIDTH="102" HEIGHT="30" WC="0.93" CONTENT="lertid"/><SP WIDTH="24" VPOS="1699" HPOS="199"/>
							<String ID="string_248" HPOS="223" VPOS="1696" WIDTH="288" HEIGHT="40" WC="0.92" CONTENT="stödjordbruket"/><SP WIDTH="26" VPOS="1696" HPOS="511"/>
							<String ID="string_249" HPOS="537" VPOS="1697" WIDTH="47" HEIGHT="28" WC="0.96" CONTENT="ett"/><SP WIDTH="24" VPOS="1697" HPOS="584"/>
							<String ID="string_250" HPOS="608" VPOS="1693" WIDTH="160" HEIGHT="39" WC="0.95" CONTENT="lämpligt"/><SP WIDTH="26" VPOS="1693" HPOS="768"/>
							<String ID="string_251" HPOS="794" VPOS="1692" WIDTH="241" HEIGHT="38" WC="0.96" CONTENT="komplement"/><SP WIDTH="26" VPOS="1692" HPOS="1035"/>
							<String ID="string_252" HPOS="1061" VPOS="1690" WIDTH="87" HEIGHT="29" WC="0.96" CONTENT="även"/><SP WIDTH="25" VPOS="1690" HPOS="1148"/>
							<String ID="string_253" HPOS="1173" VPOS="1688" WIDTH="57" HEIGHT="30" WC="0.96" CONTENT="för"/><SP WIDTH="25" VPOS="1688" HPOS="1230"/>
							<String ID="string_254" HPOS="1255" VPOS="1687" WIDTH="111" HEIGHT="30" WC="0.93" CONTENT="andra"/><SP WIDTH="23" VPOS="1687" HPOS="1366"/>
							<String ID="string_255" HPOS="1389" VPOS="1685" WIDTH="195" HEIGHT="45" WC="0.39" CONTENT="gsysselsätt-"/>
						</TextLine>
						<TextLine ID="line_26" HPOS="97" VPOS="1737" WIDTH="1487" HEIGHT="54">
							<String ID="string_256" HPOS="97" VPOS="1753" WIDTH="124" HEIGHT="38" WC="0.95" CONTENT="ningar"/><SP WIDTH="19" VPOS="1753" HPOS="221"/>
							<String ID="string_257" HPOS="240" VPOS="1753" WIDTH="45" HEIGHT="28" WC="0.96" CONTENT="än"/><SP WIDTH="17" VPOS="1753" HPOS="285"/>
							<String ID="string_258" HPOS="302" VPOS="1751" WIDTH="42" HEIGHT="30" WC="0.96" CONTENT="de"/><SP WIDTH="18" VPOS="1751" HPOS="344"/>
							<String ID="string_259" HPOS="362" VPOS="1752" WIDTH="77" HEIGHT="28" WC="0.92" CONTENT="rent"/><SP WIDTH="19" VPOS="1752" HPOS="439"/>
							<String ID="string_260" HPOS="458" VPOS="1747" WIDTH="311" HEIGHT="40" WC="0.92" CONTENT="säsongbetonade."/><SP WIDTH="20" VPOS="1747" HPOS="769"/>
							<String ID="string_261" HPOS="789" VPOS="1746" WIDTH="65" HEIGHT="29" WC="0.97" CONTENT="Det"/><SP WIDTH="18" VPOS="1746" HPOS="854"/>
							<String ID="string_262" HPOS="872" VPOS="1745" WIDTH="70" HEIGHT="30" WC="0.97" CONTENT="kan"/><SP WIDTH="19" VPOS="1745" HPOS="942"/>
							<String ID="string_263" HPOS="961" VPOS="1742" WIDTH="212" HEIGHT="39" WC="0.95" CONTENT="exempelvis"/><SP WIDTH="19" VPOS="1742" HPOS="1173"/>
							<String ID="string_264" HPOS="1192" VPOS="1741" WIDTH="90" HEIGHT="39" WC="0.96" CONTENT="gälla"/><SP WIDTH="19" VPOS="1741" HPOS="1282"/>
							<String ID="string_265" HPOS="1301" VPOS="1738" WIDTH="254" HEIGHT="38" WC="0.95" CONTENT="anställningar"/><SP WIDTH="19" VPOS="1738" HPOS="1555"/>
							<String ID="string_266" HPOS="1574" VPOS="1737" WIDTH="10" HEIGHT="29" WC="0.96" CONTENT="i"/>
						</TextLine>
						<TextLine ID="line_27" HPOS="98" VPOS="1790" WIDTH="1486" HEIGHT="48">
							<String ID="string_267" HPOS="98" VPOS="1806" WIDTH="94" HEIGHT="30" WC="0.96" CONTENT="olika"/><SP WIDTH="18" VPOS="1806" HPOS="192"/>
							<String ID="string_268" HPOS="210" VPOS="1803" WIDTH="201" HEIGHT="35" WC="0.96" CONTENT="industrier,"/><SP WIDTH="19" VPOS="1803" HPOS="411"/>
							<String ID="string_269" HPOS="430" VPOS="1803" WIDTH="72" HEIGHT="30" WC="0.96" CONTENT="inte"/><SP WIDTH="19" VPOS="1803" HPOS="502"/>
							<String ID="string_270" HPOS="521" VPOS="1801" WIDTH="105" HEIGHT="30" WC="0.92" CONTENT="minst"/><SP WIDTH="20" VPOS="1801" HPOS="626"/>
							<String ID="string_271" HPOS="646" VPOS="1798" WIDTH="278" HEIGHT="32" WC="0.89" CONTENT="småindustrier."/><SP WIDTH="21" VPOS="1798" HPOS="924"/>
							<String ID="string_272" HPOS="945" VPOS="1798" WIDTH="13" HEIGHT="29" WC="0.96" CONTENT="I"/><SP WIDTH="21" VPOS="1798" HPOS="958"/>
							<String ID="string_273" HPOS="979" VPOS="1799" WIDTH="94" HEIGHT="27" WC="0.96" CONTENT="stora"/><SP WIDTH="20" VPOS="1799" HPOS="1073"/>
							<String ID="string_274" HPOS="1093" VPOS="1796" WIDTH="97" HEIGHT="29" WC="0.96" CONTENT="delar"/><SP WIDTH="18" VPOS="1796" HPOS="1190"/>
							<String ID="string_275" HPOS="1208" VPOS="1804" WIDTH="42" HEIGHT="20" WC="0.96" CONTENT="av"/><SP WIDTH="19" VPOS="1804" HPOS="1250"/>
							<String ID="string_276" HPOS="1269" VPOS="1793" WIDTH="119" HEIGHT="30" WC="0.94" CONTENT="landet"/><SP WIDTH="19" VPOS="1793" HPOS="1388"/>
							<String ID="string_277" HPOS="1407" VPOS="1790" WIDTH="110" HEIGHT="31" WC="0.96" CONTENT="måste"/><SP WIDTH="20" VPOS="1790" HPOS="1517"/>
							<String ID="string_278" HPOS="1537" VPOS="1793" WIDTH="47" HEIGHT="27" WC="0.96" CONTENT="ett"/>
						</TextLine>
						<TextLine ID="line_28" HPOS="98" VPOS="1845" WIDTH="1486" HEIGHT="51">
							<String ID="string_279" HPOS="98" VPOS="1859" WIDTH="124" HEIGHT="30" WC="0.93" CONTENT="sådant"/><SP WIDTH="20" VPOS="1859" HPOS="222"/>
							<String ID="string_280" HPOS="242" VPOS="1856" WIDTH="253" HEIGHT="40" WC="0.90" CONTENT="stödjordbruk"/><SP WIDTH="18" VPOS="1856" HPOS="495"/>
							<String ID="string_281" HPOS="513" VPOS="1855" WIDTH="167" HEIGHT="30" WC="0.95" CONTENT="bedömas"/><SP WIDTH="19" VPOS="1855" HPOS="680"/>
							<String ID="string_282" HPOS="699" VPOS="1854" WIDTH="47" HEIGHT="29" WC="0.96" CONTENT="ha"/><SP WIDTH="18" VPOS="1854" HPOS="746"/>
							<String ID="string_283" HPOS="764" VPOS="1862" WIDTH="42" HEIGHT="20" WC="0.96" CONTENT="en"/><SP WIDTH="21" VPOS="1862" HPOS="806"/>
							<String ID="string_284" HPOS="827" VPOS="1850" WIDTH="170" HEIGHT="39" WC="0.95" CONTENT="väsentlig"/><SP WIDTH="19" VPOS="1850" HPOS="997"/>
							<String ID="string_285" HPOS="1016" VPOS="1847" WIDTH="290" HEIGHT="40" WC="0.91" CONTENT="näringspolitisk"/><SP WIDTH="19" VPOS="1847" HPOS="1306"/>
							<String ID="string_286" HPOS="1325" VPOS="1845" WIDTH="147" HEIGHT="39" WC="0.95" CONTENT="uppgift."/><SP WIDTH="22" VPOS="1845" HPOS="1472"/>
							<String ID="string_287" HPOS="1494" VPOS="1845" WIDTH="13" HEIGHT="29" WC="0.93" CONTENT="I"/><SP WIDTH="21" VPOS="1845" HPOS="1507"/>
							<String ID="string_288" HPOS="1528" VPOS="1853" WIDTH="56" HEIGHT="21" WC="0.91" CONTENT="en-"/>
						</TextLine>
						<TextLine ID="line_29" HPOS="98" VPOS="1897" WIDTH="1485" HEIGHT="54">
							<String ID="string_289" HPOS="98" VPOS="1912" WIDTH="106" HEIGHT="39" WC="0.94" CONTENT="lighet"/><SP WIDTH="24" VPOS="1912" HPOS="204"/>
							<String ID="string_290" HPOS="228" VPOS="1911" WIDTH="82" HEIGHT="30" WC="0.94" CONTENT="med"/><SP WIDTH="24" VPOS="1911" HPOS="310"/>
							<String ID="string_291" HPOS="334" VPOS="1910" WIDTH="65" HEIGHT="29" WC="0.96" CONTENT="vad"/><SP WIDTH="26" VPOS="1910" HPOS="399"/>
							<String ID="string_292" HPOS="425" VPOS="1918" WIDTH="74" HEIGHT="20" WC="0.93" CONTENT="som"/><SP WIDTH="24" VPOS="1918" HPOS="499"/>
							<String ID="string_293" HPOS="523" VPOS="1907" WIDTH="176" HEIGHT="30" WC="0.91" CONTENT="förordats"/><SP WIDTH="26" VPOS="1907" HPOS="699"/>
							<String ID="string_294" HPOS="725" VPOS="1906" WIDTH="10" HEIGHT="29" WC="0.96" CONTENT="i"/><SP WIDTH="25" VPOS="1906" HPOS="735"/>
							<String ID="string_295" HPOS="760" VPOS="1903" WIDTH="223" HEIGHT="32" WC="0.96" CONTENT="motionerna"/><SP WIDTH="25" VPOS="1903" HPOS="983"/>
							<String ID="string_296" HPOS="1008" VPOS="1903" WIDTH="27" HEIGHT="29" WC="0.89" CONTENT="I:"/><SP WIDTH="17" VPOS="1903" HPOS="1035"/>
							<String ID="string_297" HPOS="1052" VPOS="1902" WIDTH="61" HEIGHT="29" WC="0.95" CONTENT="734"/><SP WIDTH="26" VPOS="1902" HPOS="1113"/>
							<String ID="string_298" HPOS="1139" VPOS="1901" WIDTH="66" HEIGHT="29" WC="0.95" CONTENT="och"/><SP WIDTH="14" VPOS="1901" HPOS="1205"/>
							<String ID="string_299" HPOS="1219" VPOS="1893" WIDTH="56" HEIGHT="49" WC="0.51" CONTENT="II:"/><SP WIDTH="15" VPOS="1893" HPOS="1275"/>
							<String ID="string_300" HPOS="1290" VPOS="1899" WIDTH="73" HEIGHT="35" WC="0.51" CONTENT="895,"/><SP WIDTH="27" VPOS="1899" HPOS="1363"/>
							<String ID="string_301" HPOS="1390" VPOS="1899" WIDTH="26" HEIGHT="29" WC="0.5" CONTENT="1:"/><SP WIDTH="16" VPOS="1899" HPOS="1416"/>
							<String ID="string_302" HPOS="1432" VPOS="1898" WIDTH="58" HEIGHT="29" WC="0.5" CONTENT="741"/><SP WIDTH="28" VPOS="1898" HPOS="1490"/>
							<String ID="string_303" HPOS="1518" VPOS="1897" WIDTH="65" HEIGHT="29" WC="0.96" CONTENT="och"/>
						</TextLine>
						<TextLine ID="line_30" HPOS="98" VPOS="1951" WIDTH="1486" HEIGHT="44">
							<String ID="string_304" HPOS="98" VPOS="1966" WIDTH="44" HEIGHT="29" WC="0.81" CONTENT="II:"/><SP WIDTH="14" VPOS="1966" HPOS="142"/>
							<String ID="string_305" HPOS="156" VPOS="1965" WIDTH="63" HEIGHT="29" WC="0.96" CONTENT="899"/><SP WIDTH="19" VPOS="1965" HPOS="219"/>
							<String ID="string_306" HPOS="238" VPOS="1966" WIDTH="91" HEIGHT="29" WC="0.96" CONTENT="samt"/><SP WIDTH="18" VPOS="1966" HPOS="329"/>
							<String ID="string_307" HPOS="347" VPOS="1964" WIDTH="28" HEIGHT="29" WC="0.95" CONTENT="I:"/><SP WIDTH="16" VPOS="1964" HPOS="375"/>
							<String ID="string_308" HPOS="391" VPOS="1962" WIDTH="62" HEIGHT="30" WC="0.96" CONTENT="746"/><SP WIDTH="18" VPOS="1962" HPOS="453"/>
							<String ID="string_309" HPOS="471" VPOS="1962" WIDTH="65" HEIGHT="29" WC="0.96" CONTENT="och"/><SP WIDTH="19" VPOS="1962" HPOS="536"/>
							<String ID="string_310" HPOS="555" VPOS="1961" WIDTH="43" HEIGHT="29" WC="0.58" CONTENT="II:"/><SP WIDTH="16" VPOS="1961" HPOS="598"/>
							<String ID="string_311" HPOS="614" VPOS="1960" WIDTH="62" HEIGHT="29" WC="0.96" CONTENT="894"/><SP WIDTH="18" VPOS="1960" HPOS="676"/>
							<String ID="string_312" HPOS="694" VPOS="1960" WIDTH="66" HEIGHT="29" WC="0.96" CONTENT="bör"/><SP WIDTH="16" VPOS="1960" HPOS="760"/>
							<String ID="string_313" HPOS="776" VPOS="1959" WIDTH="10" HEIGHT="29" WC="0.96" CONTENT="i"/><SP WIDTH="17" VPOS="1959" HPOS="786"/>
							<String ID="string_314" HPOS="803" VPOS="1957" WIDTH="134" HEIGHT="31" WC="0.96" CONTENT="sådana"/><SP WIDTH="19" VPOS="1957" HPOS="937"/>
							<String ID="string_315" HPOS="956" VPOS="1956" WIDTH="62" HEIGHT="30" WC="0.92" CONTENT="fall"/><SP WIDTH="20" VPOS="1956" HPOS="1018"/>
							<String ID="string_316" HPOS="1038" VPOS="1953" WIDTH="254" HEIGHT="40" WC="0.92" CONTENT="kreditgaranti"/><SP WIDTH="18" VPOS="1953" HPOS="1292"/>
							<String ID="string_317" HPOS="1310" VPOS="1953" WIDTH="122" HEIGHT="29" WC="0.96" CONTENT="kunna"/><SP WIDTH="16" VPOS="1953" HPOS="1432"/>
							<String ID="string_318" HPOS="1448" VPOS="1951" WIDTH="136" HEIGHT="29" WC="0.96" CONTENT="lämnas"/>
						</TextLine>
						<TextLine ID="line_31" HPOS="98" VPOS="2016" WIDTH="359" HEIGHT="40">
							<String ID="string_319" HPOS="98" VPOS="2019" WIDTH="51" HEIGHT="30" WC="0.93" CONTENT="till"/><SP WIDTH="26" VPOS="2019" HPOS="149"/>
							<String ID="string_320" HPOS="175" VPOS="2016" WIDTH="282" HEIGHT="40" WC="0.68" CONTENT="stödjordbruk.&gt;"/>
						</TextLine>
					</TextBlock>
					<TextBlock ID="block_7" HPOS="142" VPOS="2059" WIDTH="1255" HEIGHT="42">
						<TextLine ID="line_32" HPOS="142" VPOS="2059" WIDTH="1255" HEIGHT="42">
							<String ID="string_321" HPOS="142" VPOS="2071" WIDTH="72" HEIGHT="30" WC="0.96" CONTENT="dels"/><SP WIDTH="19" VPOS="2071" HPOS="214"/>
							<String ID="string_322" HPOS="233" VPOS="2073" WIDTH="48" HEIGHT="27" WC="0.96" CONTENT="att"/><SP WIDTH="20" VPOS="2073" HPOS="281"/>
							<String ID="string_323" HPOS="301" VPOS="2069" WIDTH="182" HEIGHT="30" WC="0.96" CONTENT="utskottets"/><SP WIDTH="20" VPOS="2069" HPOS="483"/>
							<String ID="string_324" HPOS="503" VPOS="2066" WIDTH="206" HEIGHT="30" WC="0.96" CONTENT="hemställan"/><SP WIDTH="20" VPOS="2066" HPOS="709"/>
							<String ID="string_325" HPOS="729" VPOS="2065" WIDTH="110" HEIGHT="29" WC="0.96" CONTENT="under"/><SP WIDTH="19" VPOS="2065" HPOS="839"/>
							<String ID="string_326" HPOS="858" VPOS="2063" WIDTH="41" HEIGHT="30" WC="0.96" CONTENT="II."/><SP WIDTH="20" VPOS="2063" HPOS="899"/>
							<String ID="string_327" HPOS="919" VPOS="2063" WIDTH="78" HEIGHT="29" WC="0.92" CONTENT="bort"/><SP WIDTH="20" VPOS="2063" HPOS="997"/>
							<String ID="string_328" HPOS="1017" VPOS="2062" WIDTH="44" HEIGHT="29" WC="0.96" CONTENT="ha"/><SP WIDTH="21" VPOS="2062" HPOS="1061"/>
							<String ID="string_329" HPOS="1082" VPOS="2060" WIDTH="155" HEIGHT="39" WC="0.96" CONTENT="följande"/><SP WIDTH="18" VPOS="2060" HPOS="1237"/>
							<String ID="string_330" HPOS="1255" VPOS="2059" WIDTH="142" HEIGHT="38" WC="0.96" CONTENT="lydelse:"/>
						</TextLine>
					</TextBlock>
					<TextBlock ID="block_8" HPOS="418" VPOS="2111" WIDTH="1168" HEIGHT="206">
						<TextLine ID="line_33" HPOS="467" VPOS="2111" WIDTH="1118" HEIGHT="39">
							<String ID="string_331" HPOS="467" VPOS="2121" WIDTH="60" HEIGHT="29" WC="0.90" CONTENT="»II."/><SP WIDTH="26" VPOS="2121" HPOS="527"/>
							<String ID="string_332" HPOS="553" VPOS="2120" WIDTH="80" HEIGHT="29" WC="0.96" CONTENT="med"/><SP WIDTH="26" VPOS="2120" HPOS="633"/>
							<String ID="string_333" HPOS="659" VPOS="2118" WIDTH="100" HEIGHT="30" WC="0.95" CONTENT="bifall"/><SP WIDTH="29" VPOS="2118" HPOS="759"/>
							<String ID="string_334" HPOS="788" VPOS="2117" WIDTH="52" HEIGHT="30" WC="0.96" CONTENT="till"/><SP WIDTH="27" VPOS="2117" HPOS="840"/>
							<String ID="string_335" HPOS="867" VPOS="2116" WIDTH="222" HEIGHT="30" WC="0.95" CONTENT="motionerna"/><SP WIDTH="28" VPOS="2116" HPOS="1089"/>
							<String ID="string_336" HPOS="1117" VPOS="2115" WIDTH="26" HEIGHT="29" WC="0.67" CONTENT="I:"/><SP WIDTH="17" VPOS="2115" HPOS="1143"/>
							<String ID="string_337" HPOS="1160" VPOS="2114" WIDTH="59" HEIGHT="28" WC="0.67" CONTENT="741"/><SP WIDTH="32" VPOS="2114" HPOS="1219"/>
							<String ID="string_338" HPOS="1251" VPOS="2113" WIDTH="66" HEIGHT="29" WC="0.93" CONTENT="och"/><SP WIDTH="28" VPOS="2113" HPOS="1317"/>
							<String ID="string_339" HPOS="1345" VPOS="2111" WIDTH="122" HEIGHT="30" WC="0.88" CONTENT="11:899"/><SP WIDTH="28" VPOS="2111" HPOS="1467"/>
							<String ID="string_340" HPOS="1495" VPOS="2112" WIDTH="90" HEIGHT="27" WC="0.96" CONTENT="samt"/>
						</TextLine>
						<TextLine ID="line_34" HPOS="419" VPOS="2162" WIDTH="1167" HEIGHT="44">
							<String ID="string_341" HPOS="419" VPOS="2175" WIDTH="27" HEIGHT="29" WC="0.93" CONTENT="1:"/><SP WIDTH="17" VPOS="2175" HPOS="446"/>
							<String ID="string_342" HPOS="463" VPOS="2174" WIDTH="61" HEIGHT="29" WC="0.96" CONTENT="746"/><SP WIDTH="17" VPOS="2174" HPOS="524"/>
							<String ID="string_343" HPOS="541" VPOS="2173" WIDTH="64" HEIGHT="30" WC="0.96" CONTENT="och"/><SP WIDTH="18" VPOS="2173" HPOS="605"/>
							<String ID="string_344" HPOS="623" VPOS="2173" WIDTH="44" HEIGHT="29" WC="0.87" CONTENT="II:"/><SP WIDTH="15" VPOS="2173" HPOS="667"/>
							<String ID="string_345" HPOS="682" VPOS="2171" WIDTH="73" HEIGHT="35" WC="0.96" CONTENT="894,"/><SP WIDTH="18" VPOS="2171" HPOS="755"/>
							<String ID="string_346" HPOS="773" VPOS="2170" WIDTH="104" HEIGHT="30" WC="0.96" CONTENT="såvitt"/><SP WIDTH="16" VPOS="2170" HPOS="877"/>
							<String ID="string_347" HPOS="893" VPOS="2179" WIDTH="47" HEIGHT="20" WC="0.96" CONTENT="nu"/><SP WIDTH="17" VPOS="2179" HPOS="940"/>
							<String ID="string_348" HPOS="957" VPOS="2169" WIDTH="64" HEIGHT="29" WC="0.96" CONTENT="är"/><SP WIDTH="-10" VPOS="2169" HPOS="1021"/>
							<String ID="string_349" HPOS="1011" VPOS="2158" WIDTH="17" HEIGHT="53" WC="0.96" CONTENT="i"/><SP WIDTH="11" VPOS="2158" HPOS="1028"/>
							<String ID="string_350" HPOS="1039" VPOS="2167" WIDTH="109" HEIGHT="39" WC="0.96" CONTENT="fråga,"/><SP WIDTH="18" VPOS="2167" HPOS="1148"/>
							<String ID="string_351" HPOS="1166" VPOS="2166" WIDTH="186" HEIGHT="39" WC="0.96" CONTENT="godkänna"/><SP WIDTH="17" VPOS="2166" HPOS="1352"/>
							<String ID="string_352" HPOS="1369" VPOS="2167" WIDTH="50" HEIGHT="27" WC="0.96" CONTENT="att"/><SP WIDTH="17" VPOS="2167" HPOS="1419"/>
							<String ID="string_353" HPOS="1436" VPOS="2164" WIDTH="76" HEIGHT="30" WC="0.96" CONTENT="stöd"/><SP WIDTH="16" VPOS="2164" HPOS="1512"/>
							<String ID="string_354" HPOS="1528" VPOS="2162" WIDTH="58" HEIGHT="30" WC="0.96" CONTENT="må"/>
						</TextLine>
						<TextLine ID="line_35" HPOS="418" VPOS="2217" WIDTH="1167" HEIGHT="40">
							<String ID="string_355" HPOS="418" VPOS="2228" WIDTH="121" HEIGHT="29" WC="0.96" CONTENT="kunna"/><SP WIDTH="21" VPOS="2228" HPOS="539"/>
							<String ID="string_356" HPOS="560" VPOS="2226" WIDTH="136" HEIGHT="29" WC="0.96" CONTENT="lämnas"/><SP WIDTH="20" VPOS="2226" HPOS="696"/>
							<String ID="string_357" HPOS="716" VPOS="2225" WIDTH="89" HEIGHT="29" WC="0.95" CONTENT="även"/><SP WIDTH="21" VPOS="2225" HPOS="805"/>
							<String ID="string_358" HPOS="826" VPOS="2223" WIDTH="52" HEIGHT="30" WC="0.95" CONTENT="till"/><SP WIDTH="21" VPOS="2223" HPOS="878"/>
							<String ID="string_359" HPOS="899" VPOS="2223" WIDTH="142" HEIGHT="29" WC="0.96" CONTENT="förvärv"/><SP WIDTH="21" VPOS="2223" HPOS="1041"/>
							<String ID="string_360" HPOS="1062" VPOS="2221" WIDTH="65" HEIGHT="29" WC="0.96" CONTENT="och"/><SP WIDTH="21" VPOS="2221" HPOS="1127"/>
							<String ID="string_361" HPOS="1148" VPOS="2219" WIDTH="86" HEIGHT="30" WC="0.96" CONTENT="drift"/><SP WIDTH="21" VPOS="2219" HPOS="1234"/>
							<String ID="string_362" HPOS="1255" VPOS="2228" WIDTH="42" HEIGHT="21" WC="0.96" CONTENT="av"/><SP WIDTH="21" VPOS="2228" HPOS="1297"/>
							<String ID="string_363" HPOS="1318" VPOS="2217" WIDTH="171" HEIGHT="39" WC="0.96" CONTENT="jordbruk"/><SP WIDTH="22" VPOS="2217" HPOS="1489"/>
							<String ID="string_364" HPOS="1511" VPOS="2225" WIDTH="74" HEIGHT="20" WC="0.96" CONTENT="som"/>
						</TextLine>
						<TextLine ID="line_36" HPOS="420" VPOS="2269" WIDTH="1165" HEIGHT="48">
							<String ID="string_365" HPOS="420" VPOS="2280" WIDTH="70" HEIGHT="29" WC="0.96" CONTENT="inte"/><SP WIDTH="17" VPOS="2280" HPOS="490"/>
							<String ID="string_366" HPOS="507" VPOS="2280" WIDTH="262" HEIGHT="37" WC="0.96" CONTENT="representerar"/><SP WIDTH="14" VPOS="2280" HPOS="769"/>
							<String ID="string_367" HPOS="783" VPOS="2277" WIDTH="64" HEIGHT="29" WC="0.93" CONTENT="full"/><SP WIDTH="18" VPOS="2277" HPOS="847"/>
							<String ID="string_368" HPOS="865" VPOS="2275" WIDTH="160" HEIGHT="30" WC="0.91" CONTENT="bärkraft"/><SP WIDTH="18" VPOS="2275" HPOS="1025"/>
							<String ID="string_369" HPOS="1043" VPOS="2275" WIDTH="9" HEIGHT="29" WC="0.96" CONTENT="i"/><SP WIDTH="17" VPOS="2275" HPOS="1052"/>
							<String ID="string_370" HPOS="1069" VPOS="2273" WIDTH="153" HEIGHT="38" WC="0.95" CONTENT="enlighet"/><SP WIDTH="16" VPOS="2273" HPOS="1222"/>
							<String ID="string_371" HPOS="1238" VPOS="2271" WIDTH="79" HEIGHT="29" WC="0.96" CONTENT="med"/><SP WIDTH="17" VPOS="2271" HPOS="1317"/>
							<String ID="string_372" HPOS="1334" VPOS="2271" WIDTH="66" HEIGHT="29" WC="0.96" CONTENT="vad"/><SP WIDTH="17" VPOS="2271" HPOS="1400"/>
							<String ID="string_373" HPOS="1417" VPOS="2269" WIDTH="168" HEIGHT="30" WC="0.96" CONTENT="utskottet"/>
						</TextLine>
					</TextBlock>
				</ComposedBlock>
				<GraphicalElement ID="cblock_3" HPOS="592" VPOS="750" WIDTH="44" HEIGHT="4"></GraphicalElement >
				<GraphicalElement ID="cblock_4" HPOS="944" VPOS="1281" WIDTH="45" HEIGHT="4"></GraphicalElement >
				<ComposedBlock ID="cblock_5" HPOS="144" VPOS="2333" WIDTH="1441" HEIGHT="188">
					<TextBlock ID="block_9" HPOS="144" VPOS="2333" WIDTH="1441" HEIGHT="188">
						<TextLine ID="line_37" HPOS="419" VPOS="2333" WIDTH="148" HEIGHT="30">
							<String ID="string_374" HPOS="419" VPOS="2333" WIDTH="148" HEIGHT="30" WC="0.0" CONTENT="anfört.»"/>
						</TextLine>
						<TextLine ID="line_38" HPOS="144" VPOS="2376" WIDTH="1274" HEIGHT="43">
							<String ID="string_375" HPOS="144" VPOS="2389" WIDTH="71" HEIGHT="30" WC="0.95" CONTENT="dels"/><SP WIDTH="20" VPOS="2389" HPOS="215"/>
							<String ID="string_376" HPOS="235" VPOS="2392" WIDTH="48" HEIGHT="26" WC="0.96" CONTENT="att"/><SP WIDTH="21" VPOS="2392" HPOS="283"/>
							<String ID="string_377" HPOS="304" VPOS="2387" WIDTH="182" HEIGHT="29" WC="0.96" CONTENT="utskottets"/><SP WIDTH="21" VPOS="2387" HPOS="486"/>
							<String ID="string_378" HPOS="507" VPOS="2384" WIDTH="206" HEIGHT="30" WC="0.95" CONTENT="hemställan"/><SP WIDTH="20" VPOS="2384" HPOS="713"/>
							<String ID="string_379" HPOS="733" VPOS="2382" WIDTH="110" HEIGHT="29" WC="0.96" CONTENT="under"/><SP WIDTH="21" VPOS="2382" HPOS="843"/>
							<String ID="string_380" HPOS="864" VPOS="2380" WIDTH="53" HEIGHT="30" WC="0.96" CONTENT="IV."/><SP WIDTH="21" VPOS="2380" HPOS="917"/>
							<String ID="string_381" HPOS="938" VPOS="2380" WIDTH="78" HEIGHT="30" WC="0.96" CONTENT="bort"/><SP WIDTH="20" VPOS="2380" HPOS="1016"/>
							<String ID="string_382" HPOS="1036" VPOS="2379" WIDTH="45" HEIGHT="29" WC="0.95" CONTENT="ha"/><SP WIDTH="21" VPOS="2379" HPOS="1081"/>
							<String ID="string_383" HPOS="1102" VPOS="2377" WIDTH="155" HEIGHT="39" WC="0.95" CONTENT="följande"/><SP WIDTH="20" VPOS="2377" HPOS="1257"/>
							<String ID="string_384" HPOS="1277" VPOS="2376" WIDTH="141" HEIGHT="38" WC="0.95" CONTENT="lydelse:"/>
						</TextLine>
						<TextLine ID="line_39" HPOS="468" VPOS="2428" WIDTH="1117" HEIGHT="45">
							<String ID="string_385" HPOS="468" VPOS="2438" WIDTH="71" HEIGHT="30" WC="0.64" CONTENT="»1V."/><SP WIDTH="28" VPOS="2438" HPOS="539"/>
							<String ID="string_386" HPOS="567" VPOS="2438" WIDTH="8" HEIGHT="29" WC="0.96" CONTENT="i"/><SP WIDTH="19" VPOS="2438" HPOS="575"/>
							<String ID="string_387" HPOS="594" VPOS="2435" WIDTH="189" HEIGHT="38" WC="0.96" CONTENT="anledning"/><SP WIDTH="18" VPOS="2435" HPOS="783"/>
							<String ID="string_388" HPOS="801" VPOS="2445" WIDTH="42" HEIGHT="20" WC="0.96" CONTENT="av"/><SP WIDTH="19" VPOS="2445" HPOS="843"/>
							<String ID="string_389" HPOS="862" VPOS="2434" WIDTH="124" HEIGHT="38" WC="0.95" CONTENT="Kungl."/><SP WIDTH="20" VPOS="2434" HPOS="986"/>
							<String ID="string_390" HPOS="1006" VPOS="2432" WIDTH="118" HEIGHT="38" WC="0.96" CONTENT="Maj:ts"/><SP WIDTH="19" VPOS="2432" HPOS="1124"/>
							<String ID="string_391" HPOS="1143" VPOS="2428" WIDTH="261" HEIGHT="39" WC="0.95" CONTENT="framställning"/><SP WIDTH="18" VPOS="2428" HPOS="1404"/>
							<String ID="string_392" HPOS="1422" VPOS="2429" WIDTH="163" HEIGHT="29" WC="0.23" CONTENT="ävensom"/>
						</TextLine>
						<TextLine ID="line_40" HPOS="421" VPOS="2481" WIDTH="1164" HEIGHT="40">
							<String ID="string_393" HPOS="421" VPOS="2492" WIDTH="79" HEIGHT="29" WC="0.96" CONTENT="med"/><SP WIDTH="29" VPOS="2492" HPOS="500"/>
							<String ID="string_394" HPOS="529" VPOS="2490" WIDTH="99" HEIGHT="30" WC="0.95" CONTENT="bifall"/><SP WIDTH="32" VPOS="2490" HPOS="628"/>
							<String ID="string_395" HPOS="660" VPOS="2489" WIDTH="50" HEIGHT="30" WC="0.96" CONTENT="till"/><SP WIDTH="30" VPOS="2489" HPOS="710"/>
							<String ID="string_396" HPOS="740" VPOS="2488" WIDTH="222" HEIGHT="31" WC="0.92" CONTENT="motionerna"/><SP WIDTH="31" VPOS="2488" HPOS="962"/>
							<String ID="string_397" HPOS="993" VPOS="2485" WIDTH="105" HEIGHT="31" WC="0.89" CONTENT="1:734"/><SP WIDTH="30" VPOS="2485" HPOS="1098"/>
							<String ID="string_398" HPOS="1128" VPOS="2485" WIDTH="65" HEIGHT="29" WC="0.93" CONTENT="och"/><SP WIDTH="31" VPOS="2485" HPOS="1193"/>
							<String ID="string_399" HPOS="1224" VPOS="2483" WIDTH="133" HEIGHT="35" WC="0.38" CONTENT="I1:895,"/><SP WIDTH="31" VPOS="2483" HPOS="1357"/>
							<String ID="string_400" HPOS="1388" VPOS="2481" WIDTH="98" HEIGHT="30" WC="0.62" CONTENT="I:741"/><SP WIDTH="35" VPOS="2481" HPOS="1486"/>
							<String ID="string_401" HPOS="1521" VPOS="2481" WIDTH="64" HEIGHT="29" WC="0.96" CONTENT="och"/>
						</TextLine>
					</TextBlock>
				</ComposedBlock>
			</PrintSpace>
		</Page>
	</Layout>
</alto>
