1864 2784
395 167 381 32 Jordbruksutskottets
794 165 178 32 utlåtande
990 174 41 21 nr
1050 165 40 29 15
1108 163 39 32 år
1167 163 84 31 1963
1528 161 40 29 45

445 257 135 31 XXVII.
600 256 129 39 medge
753 258 51 28 att
829 255 113 31 under
966 252 206 41 budgetåret
1201 247 142 34 1962/63
1369 248 200 41 ytterligare

401 311 119 39 statlig
538 309 257 40 kreditgaranti
815 307 57 32 må
891 307 147 39 beviljas
1059 307 58 30 för
1136 305 58 32 lån
1215 304 172 32 avseende
1406 305 91 38 yttre
1518 311 53 21 ra-

402 363 243 40 tionalisering
668 362 92 31 intill
783 364 48 28 ett
854 361 128 40 belopp
1006 370 43 21 av
1072 360 20 30 6
1105 360 64 30 000
1181 358 65 31 000
1270 359 63 34 kr.,
1358 357 57 31 för
1436 354 59 32 lån
1519 355 53 31 till

403 417 76 32 inre
504 415 284 41 rationalisering
813 415 92 31 intill
930 417 49 28 ett
1004 413 129 40 belopp
1159 422 44 21 av
1227 411 96 31 2000
1338 411 63 30 000
1427 410 52 30 kr.
1505 409 66 30 och

403 472 58 30 för
475 467 446 44 jordbruksegnahemslån
938 467 91 32 intill
1047 469 48 28 ett
1111 466 129 39 belopp
1257 474 44 21 av
1318 464 19 30 4
1350 464 65 31 000
1428 463 64 31 000
1508 462 63 35 kr.,

404 525 81 31 med
505 525 69 30 rätt
595 524 58 31 för
674 523 124 40 Kungl.
821 522 101 39 Maj:t
943 524 60 33 att,
1026 530 58 22 om
1106 518 271 33 förhållandena
1398 516 113 31 skulle
1533 524 40 31 ge

404 578 190 40 anledning
613 577 129 35 därtill,
762 576 124 40 medge
904 574 187 40 jämkning
1109 574 11 31 i
1140 572 152 40 angivna
1312 570 200 40 fördelning

449 648 153 31 XXVIII.
628 648 81 30 med
732 646 101 32 bifall
856 646 53 30 till
932 645 124 40 Kungl.
1083 644 117 39 Maj:ts
1224 642 134 40 förslag
1381 643 90 29 samt
1495 640 80 31 med

407 702 119 39 avslag
543 700 21 32 å
581 700 223 31 motionerna
823 701 28 29 I:
867 699 63 30 739
949 699 67 30 och
1034 698 45 30 II:
1094 698 73 34 896,
1188 696 103 31 såvitt
1311 705 47 21 nu
1377 696 41 29 är
1435 695 11 29 i
1465 693 109 40 fråga,

407 755 124 39 medge
559 757 50 28 att
638 754 114 31 under
779 751 207 41 budgetåret
1019 748 141 33 1963/64
1190 750 123 39 bidrag
1343 747 58 32 må
1429 747 146 39 beviljas

407 809 173 31 avseende
599 810 92 37 yttre
710 805 285 40 rationalisering
1014 805 91 30 intill
1125 806 48 29 ett
1193 804 128 38 belopp
1341 812 43 21 av
1403 802 20 30 6
1436 801 63 31 000
1513 800 64 30 000

408 863 52 30 kr.
476 862 66 30 och
557 862 56 30 för
627 862 77 30 inre
718 859 284 39 rationalisering
1015 858 91 31 intill
1121 860 48 29 ett
1183 857 127 39 belopp
1326 865 44 21 av
1386 855 39 31 15
1437 854 64 31 000
1513 854 64 30 000

409 916 63 36 kr.,
491 916 81 30 med
589 916 69 30 rätt
677 915 57 30 för
752 914 124 39 Kungl.
897 913 101 39 Maj:t
1018 914 60 33 att,
1098 921 59 21 om
1175 909 271 32 förhållandena
1466 908 112 30 skulle

410 978 40 31 ge
470 968 190 39 anledning
679 967 127 35 därtill,
828 967 123 39 medge
970 964 185 41 jämkning
1175 965 11 29 i
1206 963 152 40 angivna
1379 961 199 39 fördelning

454 1039 119 30 XXIX.
599 1038 21 31 å
640 1038 190 31 riksstaten
850 1038 57 30 för
926 1035 206 40 budgetåret
1155 1031 141 34 1963/64
1317 1034 113 30 under
1450 1032 129 30 nionde

410 1093 223 31 huvudtiteln
651 1091 52 31 till
720 1091 127 39 Bidrag
865 1090 52 31 till
931 1089 223 40 jordbrukets
1170 1087 287 37 rationalisering,
1475 1094 44 21 m.
1535 1094 43 20 m.

412 1145 120 31 anvisa
547 1147 46 29 ett
606 1144 352 38 reservationsanslag
972 1152 42 21 av
1030 1143 39 29 18
1083 1142 63 30 500
1159 1141 64 30 000
1236 1141 51 30 kr.

457 1217 102 31 XXX.
584 1216 21 32 å
628 1216 190 31 riksstaten
841 1216 58 30 för
920 1212 207 42 budgetåret
1153 1209 141 34 1963/64
1318 1212 112 30 under
1453 1210 129 30 nionde

412 1271 219 31 huvudtiteln
652 1269 120 31 anvisa
794 1269 51 31 till
866 1268 128 39 Bidrag
1016 1267 51 31 till
1088 1265 370 40 trädgårdsnäringens
1479 1264 103 30 ratio-

414 1324 186 38 nalisering
614 1326 48 28 ett
676 1322 360 38 reservationsanslag
1049 1330 43 22 av
1106 1321 63 30 400
1183 1320 64 30 000
1261 1319 52 30 kr.

459 1395 119 30 XXXI.
603 1395 124 39 medge
744 1397 50 27 att
810 1393 112 31 under
938 1391 207 40 budgetåret
1162 1386 142 35 1963/64
1321 1389 119 39 statlig
1455 1387 129 31 kredit-

416 1449 136 40 garanti
577 1447 59 31 må
658 1447 147 39 beviljas
829 1447 57 30 för
909 1445 58 31 lån
992 1445 171 31 avseende
1187 1447 90 35 yttre
1302 1441 282 39 rationalisering

417 1502 91 30 intill
534 1504 47 27 ett
606 1501 128 39 belopp
760 1510 44 21 av
827 1500 42 30 33
882 1499 63 30 000
959 1499 64 30 000
1049 1498 63 35 kr.,
1139 1498 56 30 för
1217 1496 59 31 lån
1302 1496 52 30 till
1380 1496 75 30 inre
1481 1494 104 31 ratio-

417 1555 192 39 nalisering
634 1553 90 31 intill
750 1556 48 28 ett
823 1553 128 39 belopp
977 1562 43 20 av
1046 1552 38 30 15
1097 1551 64 30 000
1174 1551 64 29 000
1263 1550 63 35 kr.,
1353 1549 57 30 för
1435 1548 151 39 jordför-

417 1607 163 32 värvslån
602 1607 91 31 intill
715 1610 47 27 ett
784 1606 128 40 belopp
934 1616 44 20 av
998 1605 41 31 24
1053 1605 64 30 000
1130 1604 64 30 000
1216 1604 63 35 kr.,
1303 1603 66 30 och
1392 1603 57 30 för
1469 1601 118 31 drifts-

418 1661 58 31 lån
498 1661 90 31 intill
609 1663 48 28 ett
677 1661 128 38 belopp
827 1669 43 21 av
893 1660 36 29 11
945 1659 64 30 000
1023 1658 64 31 000
1107 1658 63 35 kr.,
1192 1657 81 30 med
1293 1657 69 29 rätt
1384 1656 58 30 för
1462 1654 124 40 Kungl.

420 1715 101 39 Maj:t
550 1718 60 32 att,
639 1724 60 21 om
726 1713 273 31 förhållandena
1027 1712 113 30 skulle
1170 1719 40 31 ge
1239 1710 191 38 anledning
1459 1707 127 33 därtill,

419 1769 123 38 medge
566 1768 185 39 jämkning
775 1767 11 29 i
811 1767 152 39 angivna
988 1765 200 38 fördelning

465 1839 136 30 XXXII.
628 1839 10 29 i
668 1837 189 40 anledning
886 1846 43 21 av
958 1836 124 39 Kungl.
1113 1834 118 39 Maj:ts
1261 1834 132 39 förslag
1422 1834 167 29 ävensom

422 1892 81 30 med
529 1891 101 30 bifall
657 1891 53 30 till
737 1889 223 31 motionerna
989 1888 105 31 1I:738
1122 1888 66 30 och
1215 1888 45 30 11:
1279 1887 58 30 897
1364 1888 93 38 samt
1485 1886 26 30 1:
1529 1885 61 30 746

423 1946 66 29 och
517 1945 44 30 II:
578 1944 72 36 894,
678 1943 219 31 sistnämnda
923 1942 221 38 motionspar
1170 1940 103 31 såvitt
1300 1949 49 21 nu
1376 1940 40 29 är
1442 1939 11 30 i
1480 1937 110 41 fråga,

423 1998 122 39 medge
572 2000 50 28 att
649 1997 112 30 under
786 1995 207 40 budgetåret
1022 1990 141 35 1963/64
1191 1993 119 39 statlig
1336 1991 255 40 kreditgaranti

423 2051 58 31 må
498 2051 147 39 beviljas
664 2051 56 30 för
736 2049 59 31 lån
813 2049 172 31 avseende
1002 2046 224 41 uppförande
1244 2057 42 20 av
1305 2046 163 39 lagerhus
1487 2055 44 20 m.
1546 2054 45 20 m.

424 2105 57 30 för
498 2101 359 42 jordbruksändamål
877 2102 90 30 intill
987 2104 48 28 ett
1054 2101 128 38 belopp
1202 2110 43 20 av
1266 2100 38 29 10
1318 2099 64 30 000
1396 2099 64 30 000
1480 2098 50 30 kr.

469 2170 153 30 XXXIII.
648 2169 122 39 medge
789 2171 51 28 att
861 2167 111 31 under
991 2165 205 40 budgetåret
1218 2161 143 35 1963/64
1381 2163 117 40 statlig
1518 2164 76 30 kre-

425 2224 190 38 ditgaranti
634 2221 59 31 må
710 2221 146 39 beviljas
875 2221 56 30 för
950 2219 58 31 lån
1028 2219 172 31 avseende
1218 2216 376 41 trädgårdsnäringens

426 2274 285 40 rationalisering
732 2283 44 21 m.
791 2283 46 21 m.
860 2273 91 30 intill
975 2275 47 28 ett
1045 2272 128 38 belopp
1197 2281 42 20 av
1261 2271 19 29 6
1293 2271 64 29 000
1370 2271 64 29 000
1457 2270 51 29 kr.

471 2340 149 30 XXXIV.
647 2340 31 37 a)
707 2340 131 38 medge,
864 2341 50 27 att
939 2339 67 29 den
1031 2336 109 40 årliga
1165 2337 126 30 räntan
1316 2335 20 31 å
1360 2336 68 30 den
1453 2335 143 30 stående

428 2395 100 29 delen
550 2403 42 21 av
612 2392 58 31 lån
691 2391 79 32 från
790 2390 417 41 egnahemslånefonden,
1228 2398 77 21 som
1325 2388 162 39 beviljats
1508 2389 89 29 efter

429 2446 173 40 ingången
625 2456 43 20 av
689 2444 40 32 år
753 2445 82 30 1920
858 2453 80 21 men
962 2445 76 29 före
1060 2444 67 29 den
1154 2443 13 28 1
1193 2442 64 39 juli
1284 2442 93 34 1940,
1402 2440 56 31 må
1481 2441 56 30 för
1559 2439 40 31 år

432 2499 82 31 1964
530 2500 178 34 nedsättas
723 2498 52 30 till
789 2498 53 34 3,6
856 2499 145 38 procent
