2164 2654
380 194 19 31 4
582 199 114 29 Första
721 198 202 29 Kammarens
951 197 170 38 Tillfälliga
1148 199 134 29 Utskotts
1306 197 70 40 (N:o
1401 198 33 38 1)
1461 199 162 30 Utlåtande
1646 200 55 31 N:o
1727 202 46 28 16.

381 275 181 46 styrelsen
605 273 68 37 och
714 273 485 48 hushållningssällskapen,
1246 287 83 22 men
1362 274 97 36 vissa
1489 275 186 36 allmänna
1702 277 277 36 bestämmelser

382 332 60 31 äro
472 327 114 48 gifna,
617 326 220 37 hvaribland
865 327 173 48 följande.
1096 328 148 35 Kursen
1274 328 95 35 skall
1398 340 86 23 vara
1513 328 183 47 afgiftsfri.
1733 331 40 35 »I
1802 332 73 35 den
1897 332 83 34 mån

381 382 132 35 sådant
542 393 108 24 anses
678 380 170 47 lämpligt
874 383 57 33 må
952 381 318 47 undervisningen
1290 381 77 36 afse
1387 381 177 37 kvinnors
1585 382 216 37 utbildande
1821 384 14 36 i
1855 384 123 48 yrkes-

382 435 227 46 skicklighet
636 434 56 35 för
721 435 62 35 det
811 434 144 35 mindre
980 434 256 48 jordbruket».
1286 436 148 34 Kursen
1453 435 75 36 kan
1548 448 88 23 vara
1652 435 128 37 afsedd
1801 438 178 47 antingen

380 488 56 36 för
464 501 47 22 en
544 491 117 32 större
690 488 213 45 allmänhet,
934 488 69 35 och
1031 488 96 35 skall
1156 489 45 35 då
1225 491 97 45 pågå
1350 489 118 35 under
1498 490 112 35 minst
1639 501 65 24 sex
1733 491 127 46 dagar,
1892 491 88 36 eller

381 541 55 36 för
464 541 177 36 särskildt
670 545 162 43 antagna
861 541 133 45 elever,
1025 554 76 23 som
1132 542 111 36 minst
1270 544 62 34 två
1362 545 40 33 år
1431 542 155 48 deltagit
1610 543 11 35 i
1638 543 339 48 jordbruksarbete,

382 595 69 35 och
492 594 96 36 skall
630 596 46 35 då
717 598 96 44 pågå
842 596 119 35 under
989 595 112 36 minst
1128 599 62 33 två
1219 595 136 36 veckor
1384 599 94 32 samt
1501 609 88 24 vara
1617 597 143 46 förlagd
1788 597 58 35 till
1876 601 102 33 stats-

382 649 230 36 understödd
654 649 349 36 landtmannaskola
1045 649 90 36 eller
1177 662 123 23 annan
1341 650 152 47 lämplig
1527 650 107 47 plats.
1691 651 200 35 Företräde
1923 652 56 35 till

382 703 178 46 elevplats
603 703 47 35 ha
693 708 109 41 ägare
844 703 90 35 eller
975 703 158 36 brukare
1163 704 39 35 af
1225 704 110 46 högst
1365 706 48 33 25
1443 704 66 35 har
1538 704 100 43 åker,
1669 705 67 35 och
1766 704 114 36 minst
1907 705 70 35 fem

382 756 138 35 sådana
562 756 82 36 från
687 769 123 23 annan
838 760 58 32 ort
924 762 47 30 än
1000 757 83 44 den,
1111 758 65 34 där
1203 757 139 36 kursen
1370 757 128 44 hålles,
1530 758 139 35 erhålla
1697 758 79 35 fritt
1805 758 172 36 kosthåll.

383 809 270 48 Statsbidraget
682 813 58 33 må
769 813 132 44 utgöra
930 811 109 46 högst
1066 810 142 37 hälften
1237 811 40 35 af
1293 811 71 35 den
1386 823 151 33 summa,
1558 811 151 36 hvartill
1729 811 251 36 kostnaderna

381 864 56 35 för
464 864 319 47 undervisningen
811 867 136 44 uppgå.

488 917 142 37 Genom
675 918 105 36 dessa
823 918 172 47 åtgärder
1036 918 67 36 har
1143 922 90 32 utan
1275 918 130 37 tvifvel
1440 931 45 23 en
1519 920 74 46 god
1621 918 129 48 början
1778 919 118 48 gjorts
1925 918 55 36 till

381 971 256 48 handledning
678 974 37 33 åt
757 973 138 34 sådana
944 972 297 44 »småbrukare»,
1286 984 76 23 som
1406 972 31 48 ej
1473 973 80 35 haft
1586 972 144 36 tillfälle
1759 976 55 32 att
1842 972 138 36 besöka

381 1027 123 45 någon
547 1029 94 32 sorts
683 1025 327 36 landtbruksskola
1053 1026 67 35 och
1162 1037 75 24 som
1281 1025 132 36 hittills
1441 1026 79 35 haft
1547 1026 94 36 blott
1670 1026 71 35 den
1771 1026 210 36 erfarenhet

381 1082 53 33 att
474 1079 125 48 bygga
641 1082 57 44 på,
742 1091 76 23 som
851 1080 44 35 de
925 1080 131 35 samlat
1084 1079 118 35 under
1230 1078 124 36 arbete
1385 1080 82 34 med
1496 1091 95 35 egen
1621 1079 88 35 eller
1737 1080 134 36 andras
1897 1080 83 48 jord

381 1132 89 35 eller
518 1144 132 35 genom
699 1132 242 47 aktgifvande
992 1135 46 45 på
1086 1133 80 35 sina
1207 1144 190 35 grannars.
1460 1133 89 35 Men
1592 1138 60 30 äro
1696 1136 133 32 månne
1874 1134 106 35 dessa

381 1186 171 47 åtgärder
600 1186 243 36 tillsammans
891 1187 84 34 med
1022 1187 97 35 hvad
1162 1186 36 36 vi
1238 1185 99 37 förut
1380 1191 68 42 äga
1490 1187 40 34 af
1567 1186 413 37 landtbruksundervis-

380 1239 290 47 ningsanstalter
725 1240 143 46 ägnade
926 1243 52 32 att
1025 1240 97 45 fylla
1151 1242 81 33 vårt
1273 1239 115 36 behof
1427 1240 39 35 af
1503 1240 177 47 tidsenlig
1718 1240 261 48 jordbrukare-

380 1292 234 48 utbildning?

486 1347 71 35 För
593 1347 229 36 besvarande
863 1347 40 35 af
928 1348 122 34 denna
1078 1347 102 47 fråga
1209 1347 104 36 torde
1343 1359 44 23 en
1417 1347 99 35 blick
1545 1350 47 44 på
1621 1348 359 36 landtbruksskolor-

380 1413 66 23 nas
488 1402 216 35 nnvarande
746 1401 68 35 och
843 1401 217 46 ifrågasatta
1089 1400 250 48 organisation
1368 1400 152 49 erbjuda
1549 1413 47 23 en
1624 1401 152 48 lämplig
1804 1405 176 44 utgångs-

381 1454 130 47 punkt,
555 1455 99 35 helst
695 1455 71 35 den
808 1455 284 46 framställning,
1138 1467 76 23 som
1257 1455 107 35 dessa
1406 1454 142 36 skolors
1592 1456 178 35 målsmän
1799 1455 99 49 gjort
1925 1456 56 36 till

380 1508 418 48 landtbruksstyrelsen,
841 1509 143 35 lämnar
1026 1508 201 48 ojäfaktiga
1263 1508 104 36 bevis
1412 1508 55 36 för
1508 1511 54 33 att
1605 1521 46 23 en
1685 1509 232 47 ombildning
1946 1510 39 35 af

381 1562 82 35 dem
507 1567 40 30 är
575 1562 41 35 af
639 1562 175 36 behofvet
841 1562 186 47 påkallad.
1085 1562 49 35 Vi
1164 1562 168 35 meddela
1361 1562 122 36 därför
1510 1564 117 45 några
1657 1563 87 36 citat
1771 1576 45 22 ur
1846 1564 132 35 denna.

491 1616 117 35 »Våra
637 1616 366 36 landtbruksskolors
1031 1616 316 36 hufvudändamål
1376 1616 66 35 har
1470 1615 95 36 varit
1594 1617 68 35 och
1691 1622 40 30 är
1753 1617 227 36 fortfarande

381 1669 217 36 utbildande
642 1669 40 35 af
719 1669 152 48 dugliga
904 1669 141 36 förmän
1073 1669 56 36 för
1158 1670 62 35 det
1248 1672 114 33 större
1389 1669 324 48 jordbruket».
1663 1665 56 58 -—-
1730 1692 47 3 —
1814 1671 167 48 »Möjlig-

381 1724 112 34 heten
535 1726 53 33 att
630 1723 57 35 till
728 1726 88 33 våra
858 1723 346 36 landtbruksskolor
1245 1722 129 36 kunna
1403 1723 139 35 erhålla
1572 1729 132 30 ämnen
1733 1724 57 36 till
1819 1724 162 47 verkligt

382 1776 151 48 dugliga
558 1776 345 49 jordbruksförmän
932 1778 67 34 har
1027 1776 95 36 dock
1151 1780 124 44 tyvärr
1303 1776 97 36 visat
1428 1776 55 48 sig
1511 1777 115 36 blifva
1655 1778 65 35 allt
1747 1777 145 36 mindre
1914 1779 66 35 och

381 1831 153 35 mindre.
583 1831 85 35 Den
710 1831 65 43 tid,
806 1831 46 35 då
882 1843 84 23 man
994 1830 114 36 bland
1135 1830 331 36 inträdessökande
1495 1830 126 36 kunde
1650 1831 107 49 välja,
1789 1836 41 31 är
1857 1831 123 47 länge-

382 1885 114 35 sedan
523 1884 106 44 förbi,
660 1896 51 23 nu
739 1884 55 35 får
822 1897 86 23 man
937 1888 86 43 taga
1051 1885 99 35 hvad
1178 1897 76 23 som
1283 1883 168 49 bjudes,»
1474 1906 46 4 —
1539 1906 48 4 —
1611 1885 109 36 »Men
1747 1888 92 32 utan
1869 1885 111 47 lämp-

381 1937 75 47 liga
498 1937 174 48 disciplar
713 1938 74 35 kan
830 1938 96 36 dock
967 1938 113 47 ingen
1121 1938 191 35 fackskola
1341 1938 89 48 fylla
1459 1938 63 36 sitt
1551 1939 182 43 ändamål,
1765 1939 69 35 och
1865 1939 116 47 gäller

382 1992 100 35 detta
523 1991 13 35 i
578 1991 176 36 särskildt
794 1992 74 47 hög
911 1993 91 45 grad
1031 2004 57 23 om
1125 1994 86 34 våra
1239 1991 357 37 landtbruksskolor.
1654 1993 87 35 Med
1770 1992 67 36 allt
1865 1997 115 31 större

383 2045 67 35 och
492 2048 115 32 större
649 2045 280 47 nödvändighet
969 2045 218 36 framträder
1228 2045 123 36 därför
1391 2045 175 37 behofvet
1594 2046 41 35 af
1660 2048 52 33 att
1741 2046 106 36 deras
1877 2046 103 36 verk-

382 2099 142 35 samhet
565 2098 133 37 blifver
739 2098 177 48 tidsenlig
959 2100 67 35 och
1069 2112 98 23 mera
1195 2098 208 37 tilltalande
1431 2099 56 36 för
1516 2100 72 34 den
1612 2099 112 45 klass,
1754 2112 44 23 ur
1827 2099 153 37 hvilken

382 2153 45 35 de
456 2151 314 49 hufvudsakligen
797 2152 245 49 rekryteras.»

493 2206 95 35 »Det
628 2207 214 35 nuvarande
886 2210 176 44 systemet
1101 2207 232 47 exploaterar
1363 2207 181 35 måhända
1573 2207 69 35 ock
1671 2207 11 35 i
1711 2207 269 36 allmänhetens

381 2259 112 36 tanke
522 2260 12 35 i
562 2260 60 36 väl
652 2261 72 46 hög
753 2261 90 46 grad
872 2260 243 48 lärlingarnes
1145 2260 221 36 arbetskraft
1395 2261 67 35 och
1487 2265 66 42 gör
1574 2260 209 48 därigenom
1807 2261 173 35 skolorna
