1896 2828
259 162 48 30 64
806 167 68 23 GOD
891 166 240 23 PUBLICISTISK
1147 166 62 21 SED

266 242 91 29 form
384 243 79 29 med
490 242 161 30 rubriker
680 250 74 21 som
783 241 114 30 talade
925 249 55 20 om
1010 239 257 34 ”konkursbo”,
1297 238 187 40 ”tragedi”,
1514 236 235 31 ”skandalen”

267 299 62 30 etc.

311 352 105 29 Klara
430 351 65 30 och
510 351 197 39 otvetydiga
722 351 37 28 är
775 352 47 28 ett
836 359 62 30 par
914 349 61 30 fall
990 349 79 30 från
1085 349 42 29 de
1142 350 137 28 senaste
1294 347 93 31 åren.
1403 348 58 29 Ett
1482 347 75 35 (PK
1575 346 99 31 1968:
1689 346 59 34 36)

265 406 112 40 gällde
403 415 41 20 en
472 406 124 29 artikel
622 405 78 29 med
727 404 167 30 rubriken
922 403 224 30 ”Skamfläck
1172 403 58 29 vid
1257 401 305 41 Västgötagatan”,
1592 401 160 40 signerad

265 469 43 21 av
325 459 200 40 tidningens
542 459 94 30 förre
652 458 204 31 kulturchef
873 458 64 30 och
955 467 41 20 av
1013 457 181 39 tidningen
1211 457 194 29 betecknad
1424 465 74 21 som
1518 465 41 20 en
1577 456 177 29 kulturar-

268 514 82 30 tikel
368 523 41 20 av
427 514 287 29 debattkaraktär
733 513 64 29 och
815 514 47 28 ett
880 512 189 40 personligt
1087 512 116 38 inlägg
1219 512 11 29 i
1249 520 42 21 en
1310 511 131 29 aktuell
1461 509 292 40 saneringsfråga.

266 569 74 29 Den
357 568 138 29 riktade
512 568 104 39 skarp
634 567 109 29 kritik
760 569 73 27 mot
850 567 55 29 det
925 567 67 29 sätt
1009 566 44 40 på
1069 566 106 29 vilket
1195 575 41 20 en
1254 565 338 39 restaurangrörelse
1609 564 144 30 bedrevs

264 623 12 29 i
295 625 48 27 ett
362 632 41 20 av
422 623 41 29 de
482 622 113 29 äldsta
613 622 112 29 husen
744 622 10 29 i
775 621 208 30 stadsdelen.
1003 620 182 30 Nämnden
1206 619 86 30 fann
1313 621 49 28 att
1383 619 181 39 tidningen
1585 618 169 30 åsidosatt

266 677 65 39 god
355 676 74 30 sed:
453 676 99 29 ”Med
574 676 137 39 hänsyn
736 675 49 30 till
809 675 41 30 de
873 675 127 39 skarpa
1023 682 152 32 angrepp
1200 683 73 21 som
1297 675 9 28 i
1330 674 150 29 artikeln
1503 673 155 30 riktades
1681 675 73 27 mot

267 731 66 29 den
356 740 41 20 av
419 731 202 29 anmälaren
644 730 10 29 i
677 729 210 40 fastigheten
910 729 123 30 drivna
1055 729 153 29 rörelsen
1232 728 64 30 och
1319 728 41 30 de
1383 729 10 28 i
1418 728 169 29 samband
1610 727 144 30 därmed

266 785 124 40 gjorda
412 785 156 30 faktiska
590 784 237 40 påståendena
848 784 90 29 hade
962 783 179 39 tidningen
1166 783 105 39 enligt
1294 783 196 29 nämndens
1513 782 141 39 mening
1676 782 78 29 bort

266 840 106 29 vänta
397 840 80 28 med
504 839 261 39 publiceringen
793 848 41 20 av
862 838 150 29 artikeln
1040 838 52 29 till
1121 838 78 29 dess
1228 837 202 29 anmälaren
1459 837 128 29 beretts
1616 835 138 30 tillfälle

263 894 53 28 att
337 892 177 39 samtidigt
534 892 112 29 uttala
665 892 51 38 sig
733 892 10 28 i
763 891 213 39 tidningen.”
997 891 57 28 Ett
1074 891 157 38 genmäle
1250 891 89 28 hade
1359 890 126 28 införts
1506 892 52 26 tre
1578 890 105 38 dagar
1705 898 49 20 se-

267 955 93 21 nare.
381 946 58 29 Ett
459 947 108 28 annat
587 945 127 30 ärende
739 945 76 34 (PK
837 944 173 35 1969:11)
1036 945 112 39 gällde
1168 954 42 20 en
1231 944 125 30 artikel
1376 944 79 29 med
1476 943 167 30 rubriken
1665 943 90 39 ”Hy-

267 1000 223 38 resfastighet
518 999 269 30 vandaliseras”.
817 999 182 29 Nämnden
1028 999 166 29 noterade
1223 1000 49 27 att
1303 999 120 38 skarpt
1452 998 146 29 klander
1628 998 126 29 riktats

267 1056 73 27 mot
357 1053 154 30 skötseln
528 1062 41 20 av
586 1052 219 40 fastigheten,
823 1053 79 29 med
919 1053 214 39 detaljerade
1149 1052 176 40 uppgifter
1343 1061 55 20 om
1415 1052 201 29 vanskötsel
1634 1052 9 29 i
1662 1051 93 30 olika

267 1108 234 33 hänseenden,
520 1107 65 29 och
604 1109 48 27 att
672 1106 313 40 fastighetsägaren
1005 1107 118 39 avböjt
1143 1109 50 27 att
1212 1106 36 30 få
1267 1108 48 28 ett
1336 1106 156 39 genmäle
1511 1105 120 34 infört,
1653 1105 100 30 efter-

270 1171 73 20 som
361 1162 70 29 han
448 1161 107 39 ansåg
572 1161 56 30 det
646 1170 82 20 vara
746 1161 199 38 tidningens
965 1161 63 29 sak
1045 1162 49 28 att
1113 1160 82 39 göra
1214 1162 46 28 ett
1280 1159 326 40 tillrättaläggande.
1626 1159 125 29 Nämn-

269 1216 66 29 den
351 1216 138 39 yttrade
506 1214 162 35 därefter,
686 1217 49 27 att
753 1215 191 39 tidningen,
963 1214 100 30 ”med
1081 1214 137 39 hänsyn
1237 1214 52 29 till
1308 1214 41 30 de
1368 1213 179 39 allvarliga
1565 1213 65 30 och
1649 1213 105 30 detal-

267 1269 120 40 jerade
404 1269 295 39 anmärkningar”
719 1277 73 21 som
811 1267 221 35 framfördes,
1051 1268 88 29 hade
1156 1268 78 29 bort
1251 1268 127 29 bereda
1395 1268 204 29 anmälaren
1619 1266 136 30 tillfälle

268 1325 50 28 att
337 1323 139 29 bemöta
493 1322 238 39 påståendena
751 1322 178 38 samtidigt
948 1322 79 29 med
1048 1321 167 30 artikelns
1235 1321 226 39 publicering.
1483 1322 58 29 Ett
1562 1321 112 40 tredje
1694 1321 62 30 fall

275 1377 74 34 (PK
368 1376 98 30 1970:
483 1376 36 35 3)
542 1376 112 40 gällde
671 1385 41 20 en
729 1375 125 30 artikel
873 1384 85 25 som,
977 1375 104 39 enligt
1099 1375 159 39 utslaget,
1278 1376 111 29 under
1408 1384 41 20 en
1468 1375 215 39 kategoriskt
1703 1377 52 26 ut-

268 1430 139 30 formad
434 1430 123 29 rubrik
584 1429 140 40 återgav
752 1439 41 19 en
822 1429 63 29 rad
912 1429 206 29 uttalanden
1147 1438 74 20 som
1250 1429 160 39 felaktigt
1438 1429 143 39 påstods
1610 1429 147 29 härröra

269 1484 79 30 från
369 1484 172 30 elevrådet
558 1484 58 29 vid
636 1493 41 20 en
698 1484 98 29 skola
815 1483 65 30 och
898 1483 44 29 bl.
963 1492 28 20 a.
1011 1483 155 29 innehöll
1187 1483 108 29 kritik
1314 1484 72 28 mot
1408 1484 141 28 skolans
1569 1483 114 29 lärare
1702 1482 55 30 för

269 1539 100 28 deras
391 1538 243 39 uppträdande
655 1538 10 28 i
688 1537 165 39 tjänsten.
875 1537 183 29 Nämnden
1080 1537 193 33 anmärkte,
1296 1538 49 28 att
1367 1537 182 39 tidningen
1571 1537 72 29 inte
1666 1537 91 39 gjort

269 1591 105 39 något
391 1591 120 30 försök
528 1592 49 28 att
594 1591 10 29 i
622 1591 169 29 samband
807 1591 79 29 med
903 1590 261 40 publiceringen
1182 1600 41 20 av
1240 1591 101 29 dessa
1358 1598 153 32 angrepp
1529 1590 72 30 låta
1618 1591 140 29 lärarna

267 1646 145 29 komma
432 1645 52 29 till
507 1645 74 29 tals.
603 1645 210 39 Härigenom
834 1644 90 30 hade
945 1645 65 38 god
1032 1644 59 30 sed
1112 1644 197 30 åsidosatts.

314 1699 109 29 Dessa
444 1699 61 28 fall
526 1699 64 28 har
612 1699 41 29 de
675 1699 128 38 dragen
826 1706 267 31 gemensamma,
1117 1700 49 27 att
1188 1699 56 28 det
1266 1708 61 20 var
1349 1698 99 39 fråga
1470 1708 55 20 om
1548 1699 128 39 skarpa
1698 1708 60 20 an-

269 1761 107 31 grepp
397 1752 64 29 och
483 1752 118 36 kritik,
624 1752 11 28 i
654 1751 184 40 sakfrågor
860 1751 63 29 och
946 1752 70 29 inte
1038 1752 10 29 i
1069 1751 222 39 åsiktfrågor,
1313 1761 80 20 men
1416 1754 49 27 att
1488 1753 176 29 nämnden
1686 1753 73 29 inte

269 1807 199 38 begagnade
488 1807 66 28 den
572 1806 140 38 vanliga
731 1805 405 39 ”förtalsskrivningen”,
1158 1806 31 29 d.
1209 1816 30 19 v.
1261 1815 25 20 s.
1307 1807 49 28 att
1379 1806 179 39 tidningen
1578 1807 72 29 inte
1668 1806 90 30 visat

270 1860 59 39 fog
351 1860 55 29 för
430 1859 176 40 uppgifter
631 1868 73 21 som
727 1859 90 30 varit
840 1859 152 39 menliga
1016 1860 81 29 eller
1121 1860 231 29 nedsättande
1376 1859 55 30 för
1456 1861 216 29 anmälarna.
1697 1861 62 29 Be-

271 1914 211 38 dömningen
503 1914 11 28 i
537 1913 220 29 sistnämnda
778 1913 169 29 avseende
969 1913 37 28 är
1029 1912 78 30 svår
1129 1915 50 27 att
1201 1914 111 28 uttala
1335 1914 51 38 sig
1407 1923 67 20 om.
1497 1914 176 30 Måhända
1694 1914 65 29 har

271 1968 177 28 nämnden
469 1967 118 29 funnit
609 1968 49 27 att
682 1967 178 38 tidningen
882 1966 76 29 haft
980 1967 134 38 ”skälig
1135 1967 133 38 grund”
1292 1967 54 29 för
1368 1967 225 40 uppgifterna
1614 1968 65 29 och
1700 1968 59 40 på-

271 2021 191 29 ståendena
479 2021 11 29 i
510 2021 62 28 sak
591 2021 81 29 eller
691 2022 49 27 att
759 2020 101 30 dessa
878 2021 10 28 i
906 2022 77 28 vart
1002 2020 61 29 fall
1081 2022 235 38 presenterats
1334 2020 46 40 på
1399 2023 47 27 ett
1466 2021 125 30 sådant
1610 2022 78 35 sätt,
1709 2023 48 28 att

272 2075 56 30 det
352 2074 83 30 stått
459 2074 91 29 klart
575 2076 48 27 att
649 2074 40 30 de
713 2074 133 39 utgjort
871 2073 112 40 någon
1009 2074 81 29 eller
1115 2074 108 40 några
1246 2083 184 31 personers
1457 2075 198 40 subjektiva
1681 2085 77 30 syn-

270 2129 163 39 punkter.

315 2182 73 30 Två
416 2183 110 28 andra
553 2182 61 29 fall
643 2182 64 29 har
736 2184 214 36 gemensamt
980 2184 49 27 att
1058 2182 194 29 artiklarna
1280 2191 124 29 genom
1435 2183 322 39 rubriksättningen

272 2236 110 30 vände
405 2236 52 38 sig
479 2236 114 29 direkt
615 2238 73 27 mot
710 2236 214 29 anmälaren.
949 2236 64 29 Det
1037 2245 64 20 ena
1129 2235 76 35 (PK
1230 2236 99 30 1965:
1345 2236 58 35 21)
1433 2237 112 39 gällde
1569 2247 41 20 en
1635 2238 124 30 artikel

271 2290 79 30 med
368 2290 168 29 rubriken
554 2290 98 29 ”Hon
672 2290 117 29 ställer
824 2290 12 29 K
853 2291 72 28 mot
942 2290 163 39 väggen”.
1123 2290 184 29 Nämnden
1326 2291 164 35 uttalade,
1510 2292 50 29 att
1579 2292 180 39 tidningen

272 2344 79 30 med
371 2343 138 40 hänsyn
532 2343 51 30 till
605 2343 325 39 rubriksättningen
953 2343 64 29 och
1039 2343 66 30 den
1126 2344 119 34 kritik,
1269 2353 75 20 som
1365 2344 127 30 riktats
1514 2347 72 28 mot
1609 2346 38 34 K,
1670 2346 90 29 hade

272 2399 78 28 bort
375 2398 76 29 före
475 2397 261 39 publiceringen
761 2398 128 29 bereda
914 2398 130 29 honom
1071 2397 137 30 tillfälle
1235 2400 50 27 att
1311 2400 94 37 yttra
1433 2399 51 39 sig
1508 2400 11 28 i
1548 2400 118 29 saken.
1695 2400 64 29 Det

273 2451 112 31 andra
409 2451 98 30 fallet
538 2450 76 35 (PK
641 2450 174 35 1969:25)
846 2451 112 39 gällde
985 2460 42 21 en
1052 2451 190 30 insändare
1270 2461 74 21 som
1371 2452 77 30 haft
1475 2452 137 31 formen
1640 2463 42 20 av
1711 2456 47 27 ett

274 2505 104 39 öppet
397 2505 84 29 brev
500 2504 53 30 till
575 2506 48 28 ett
644 2504 144 39 företag.
811 2504 99 30 ”Med
930 2504 138 40 hänsyn
1090 2505 52 29 till
1164 2505 42 29 de
1228 2505 318 40 skadeverkningar
1569 2516 75 20 som
1665 2508 98 29 inne-

272 2559 107 29 hållet
400 2559 11 28 i
434 2558 57 29 det
513 2558 115 39 öppna
649 2557 117 30 brevet
790 2558 136 29 kunnat
948 2558 159 29 medföra
1129 2558 55 30 för
1206 2559 156 39 bolaget”
1386 2559 90 30 hade
1498 2560 182 40 tidningen
1704 2571 57 20 en-
