1896 2830
600 444 138 44 Utdrag
753 456 43 22 ur
810 443 442 45 pressorganisationernas
1267 441 145 45 stadgar

846 547 323 32 Publicistklubben

978 611 15 38 8
1022 611 16 31 1

305 660 169 31 Ändamål

307 713 325 32 Publicistklubben
653 713 39 30 är
714 712 67 31 den
803 711 188 31 samfällda
1010 710 325 42 representationen
1356 709 56 31 för
1432 718 109 32 press,
1563 709 99 30 radio
1685 708 64 31 och

262 760 182 30 television
456 760 11 29 i
481 760 101 29 deras
597 758 113 31 etiska
723 758 66 30 och
802 757 191 31 kulturella
1006 756 222 30 strävanden.

308 806 177 30 Klubbens
505 803 139 42 uppgift
663 804 39 29 är
722 804 50 29 att
792 802 132 41 främja
941 801 223 41 vänskapligt
1183 801 173 40 umgänge
1375 799 65 32 och
1460 799 141 31 samråd
1621 799 129 30 mellan

263 850 136 30 landets
420 849 204 40 publicister
646 848 66 30 och
733 848 120 34 andra,
877 856 75 21 som
973 846 81 31 med
1075 847 80 30 dem
1175 846 66 30 har
1263 853 261 32 gemensamma
1545 844 126 40 syften,
1693 844 57 30 be-

262 894 132 30 handla
415 893 163 35 ärenden,
602 901 76 21 som
699 893 72 29 kan
792 900 84 21 vara
897 900 43 21 av
959 890 252 40 normgivande
1231 890 178 39 betydelse
1431 889 55 29 för
1508 890 58 28 det
1586 888 165 40 publicis-

263 940 94 29 tiska
374 939 141 35 arbetet,
532 937 109 31 vårda
656 937 120 41 yrkets
794 945 127 22 ansvar
939 935 65 31 och
1021 934 174 32 anseende
1212 935 92 30 samt
1319 934 98 30 inom
1434 932 65 32 och
1516 934 99 29 utom
1631 932 120 31 landet

264 984 207 39 offentligen
489 983 179 30 företräda
687 983 127 29 svensk
831 990 109 31 press,
959 981 100 30 radio
1077 980 66 31 och
1159 980 60 31 TV
1237 980 13 30 i
1268 987 261 32 gemensamma
1547 978 203 40 angelägen-

262 1029 107 35 heter,
385 1038 75 21 som
475 1028 30 40 ej
521 1027 162 31 handhas
698 1036 42 21 av
754 1026 175 31 särskilda
942 1025 286 41 organisationer.

980 1124 61 38 83

307 1172 235 35 Medlemskap

307 1227 69 29 Till
389 1226 150 30 medlem
554 1235 41 20 av
609 1223 325 31 Publicistklubben
948 1222 58 30 må
1018 1222 113 40 väljas
1146 1222 128 30 svensk
1287 1221 236 39 medborgare,

309 1272 36 33 a)
376 1280 75 21 som
471 1271 39 29 är
529 1269 239 41 publicistiskt
787 1269 163 29 verksam
970 1268 97 29 inom
1086 1267 186 30 redaktion
1291 1266 59 30 vid
1371 1266 128 30 svensk
1518 1265 147 39 tidning,
1687 1265 66 29 tid-

265 1316 114 35 skrift,
394 1315 223 40 nyhetsbyrå,
632 1314 99 31 radio
745 1314 82 30 eller
840 1313 191 34 television,

308 1361 39 34 b)
378 1370 75 20 som
472 1360 101 40 eljest
592 1359 108 30 sedan
717 1359 121 39 längre
853 1358 53 29 tid
922 1357 253 40 yrkesmässigt
1193 1357 124 29 utövar
1335 1355 223 40 publicistisk
1575 1355 178 29 verksam-

263 1406 59 29 het
337 1415 43 20 av
391 1405 172 39 väsentlig
576 1403 223 40 omfattning,

310 1451 34 34 c)
375 1459 75 21 som
481 1449 108 31 sedan
619 1448 71 31 fem
721 1448 39 30 år
790 1447 120 31 tillhör
939 1445 423 41 förvaltningsledningen
1391 1444 59 31 vid
1481 1444 135 40 företag
1647 1444 106 39 enligt

265 1505 105 21 mom.
385 1505 29 25 a,

310 1540 39 35 d)
380 1549 84 25 som,
483 1541 88 28 utan
589 1540 51 28 att
656 1547 86 21 vara
759 1538 120 30 valbar
899 1536 106 40 enligt
1023 1545 105 21 mom.
1148 1545 93 25 a—c,
1262 1544 102 21 anses
1383 1535 122 30 kunna
1524 1533 117 31 såsom
1659 1533 94 30 med-

265 1585 69 30 lem
348 1584 112 31 aktivt
472 1584 102 30 bidra
586 1583 53 30 till
653 1581 217 41 främjandet
884 1591 42 21 av
939 1581 172 31 klubbens
1126 1580 127 40 syften.

310 1629 174 31 Utländsk
500 1628 228 39 medborgare
743 1627 59 30 må
817 1626 151 40 inväljas
986 1626 55 29 för
1058 1626 68 29 den
1141 1625 53 30 tid
1208 1624 91 30 hans
1315 1623 246 41 publicistiska
1576 1623 178 29 verksam-

265 1676 60 29 het
346 1675 38 29 är
405 1674 137 39 förlagd
561 1673 55 30 till
638 1672 147 40 Sverige.
806 1672 68 30 För
895 1671 52 30 tid
967 1670 155 31 därefter
1142 1669 59 31 må
1220 1668 277 41 medlemskapet
1519 1667 154 40 förnyas,
1696 1675 58 22 om

267 1719 174 30 särskilda
455 1719 77 29 skäl
545 1718 127 30 finnes.

728 1907 156 34 Svenska
899 1904 389 40 Journalistförbundet

983 1992 60 38 81

311 2041 218 29 Förbundets
543 2039 161 30 ändamål

313 2095 155 30 Svenska
494 2091 387 33 Journalistförbundet
915 2090 106 36 (SJF)
1054 2090 65 30 har
1146 2089 54 31 till
1228 2088 140 41 uppgift
1396 2090 51 28 att
1474 2088 177 30 tillvarata
1679 2086 76 31 sina

267 2139 247 31 medlemmars
535 2137 238 35 ekonomiska,
794 2136 161 40 fackliga,
976 2135 130 31 sociala
1124 2134 65 31 och
1207 2134 126 30 ideella
1350 2134 185 29 intressen.
1554 2132 201 30 Förbundet

267 2185 65 29 har
352 2183 209 40 befogenhet
582 2184 49 28 att
652 2183 12 29 i
685 2182 102 30 dessa
806 2180 226 31 hänseenden
1053 2187 124 32 genom
1198 2179 78 30 sina
1295 2178 260 30 verkställande
1576 2185 108 31 organ
1703 2185 52 21 re-

267 2230 202 39 presentera
482 2227 278 31 medlemmarna
773 2225 65 31 och
852 2225 78 30 föra
943 2225 101 30 deras
1057 2224 107 30 talan.

312 2274 67 29 För
400 2275 50 28 att
471 2272 132 40 främja
623 2271 207 30 förbundets
851 2269 165 31 ändamål
1036 2270 39 29 är
1097 2269 71 30 SJF
1190 2268 152 30 anslutet
1362 2267 54 30 till
1435 2267 320 37 Tjänstemännens

269 2317 380 40 Centralorganisation
672 2316 120 34 (TCO)
816 2315 65 30 och
899 2314 216 31 samarbetar
1133 2313 80 30 med
1231 2312 119 40 övriga
1366 2312 170 30 nordiska
1552 2310 204 41 journalist-

269 2363 276 40 organisationer
564 2369 124 32 genom
705 2360 175 31 Nordiska
895 2357 387 33 Journalistförbundet
1305 2356 113 36 (NJF)
1442 2357 90 29 samt
1549 2355 79 30 med
1646 2355 111 30 andra

269 2408 139 30 länders
426 2405 469 42 journalistorganisationer
914 2412 125 32 genom
1056 2402 254 31 International
1327 2401 209 30 Federation
1554 2400 37 30 of
1607 2400 150 29 Journa-

268 2453 77 29 lists
365 2452 113 35 (IFJ).

313 2496 201 30 Förbundet
527 2496 39 29 är
579 2494 254 41 partipolitiskt
847 2493 163 31 obundet.
