1884 2848
473 164 394 35 Jordbruksutskottets
889 162 188 32 utlåtande
1099 162 53 31 Nr
1181 161 51 31 90.
1540 158 18 30 5

139 245 37 36 b)
200 246 100 30 vilka
324 244 199 36 ändringar
546 244 12 29 i
583 243 166 36 gällande
775 239 463 35 fiskerättsbestämmelser,
1262 248 74 21 som
1360 240 63 28 äro
1445 236 155 31 nödvän-

100 298 86 36 diga
209 297 80 31 med
313 297 142 35 hänsyn
477 296 58 31 till
559 305 44 21 en
627 293 238 37 planmässigt
889 292 138 31 ordnad
1051 290 302 37 fiskproduktion,
1597 295 2 2 i

141 349 33 35 ce)
199 349 68 31 hur
288 358 43 22 en
352 345 495 38 försäljningsorganisation,
870 344 121 31 vilken
1010 342 207 37 tillgodoser
1240 342 67 31 den
1326 339 276 38 yrkesfiskande

100 401 275 35 befolkningens
401 398 225 36 berättigade
651 396 227 32 ekonomiska
906 396 185 34 intressen,
1119 393 92 32 skall
1238 392 241 37 organiseras;
1508 391 96 31 samt

140 453 33 35 3)
199 453 41 31 de
260 453 12 30 i
292 452 195 35 anledning
506 461 44 20 av
569 449 267 37 propositionen
857 447 130 31 väckta
1004 445 232 37 likalydande
1254 444 225 31 motionerna
1497 442 32 31 I:
1544 442 61 35 362

100 516 46 21 av
170 506 127 30 herrar
320 505 215 33 Pettersson,
557 502 132 35 Anton,
713 501 64 30 och
799 499 155 36 Nilsson,
977 498 215 35 Alexander,
1215 497 63 31 och
1302 496 52 31 IT:
1370 495 57 31 639
1451 505 44 20 av
1519 495 83 30 herr

101 557 206 32 Andersson
328 557 11 30 i
361 555 156 36 Grimbo,
538 554 78 31 vari
638 553 209 35 hemställts,
870 552 54 30 att
943 551 193 35 riksdagen
1155 550 110 30 måtte
1287 548 74 31 dels
1382 547 149 35 vidtaga
1550 546 55 33 så,

102 611 72 30 dan
194 609 154 35 ändring
368 619 45 20 av
433 606 135 37 Kungl.
589 605 129 36 Maj:ts
740 605 134 35 förslag
897 603 58 31 till
974 602 212 36 kungörelse
1207 600 183 37 angående
1411 599 126 35 anslag
1557 608 48 20 av

102 661 206 33 statsmedel
333 661 56 30 för
413 658 198 33 beredande
635 668 45 20 av
705 656 181 35 tillfälligt
909 654 194 32 understöd
1127 655 37 29 åt
1189 653 144 35 fiskare,
1356 652 55 30 att
1435 650 81 31 hela
1540 659 65 28 un-

103 712 327 36 derstödsbeloppet
449 711 92 31 skall
560 711 88 34 utgå
667 720 45 20 av
733 707 219 35 statsmedel;
975 708 93 29 samt
1088 706 74 31 dels
1182 705 116 30 uttala
1316 704 54 35 sig
1392 703 56 31 för
1469 703 53 29 att
1543 702 63 30 fis-

103 766 154 31 karenas
276 773 90 27 egna
386 762 286 37 organisationer
694 761 110 30 måtte
822 759 148 31 beredas
990 756 286 37 medinflytande
1297 755 62 32 vid
1379 754 227 32 understöds-

104 819 192 35 frågornas
320 815 215 37 avgörande.

145 869 238 31 Beträffande
410 868 42 31 de
480 867 87 35 skäl,
594 876 74 20 som
697 865 99 35 ligga
823 864 58 31 till
907 863 118 36 grund
1054 862 55 31 för
1138 859 282 37 ifrågavarande
1449 857 158 37 proposi-

104 922 78 31 tion
202 922 64 30 och
288 920 185 35 motioner,
498 919 57 31 får
579 918 184 34 utskottet,
795 917 3 30 i
820 916 68 31 den
910 916 84 29 mån
1015 913 223 36 redogörelse
1262 912 123 32 därför
1410 910 33 36 ej
1467 910 140 37 lämnas

105 975 68 30 här
197 973 126 35 nedan,
349 972 154 30 hänvisa
530 970 56 30 till
612 966 392 38 statsrådsprotokollet
1031 966 63 31 och
1122 964 231 31 motionerna.

147 1024 91 33 Över
261 1025 180 30 motionen
464 1023 53 31 II:
531 1023 57 30 472
612 1022 66 30 har
705 1020 171 31 utskottet
903 1019 12 30 i
941 1017 224 35 vederbörlig
1191 1016 152 35 ordning
1369 1013 240 32 införskaffat

103 1077 173 38 yttrande
298 1087 44 20 av
364 1073 377 37 lantbruksstyrelsen.

455 1186 149 36 Förslag
631 1195 56 21 om
714 1184 191 31 understöd
930 1183 37 31 åt
992 1182 96 31 vissa
1114 1182 145 30 fiskare.

147 1278 78 29 1933
261 1275 58 30 års
354 1273 324 37 fiskeriutredning
719 1270 214 35 (ledamoten
970 1279 44 20 av
1049 1268 211 34 riksdagens
1287 1266 114 31 andra
1426 1265 182 30 kammare

108 1329 322 34 hemmansägaren
449 1325 66 32 Ola
532 1325 186 35 Jeppsson,
738 1322 117 31 tillika
874 1320 226 36 ordförande,
1116 1319 201 31 ledamoten
1334 1328 47 20 av
1399 1317 212 37 riksdagens

108 1381 116 31 första
254 1379 182 31 kammare
469 1375 220 38 byråchefen
720 1374 94 31 Karl
844 1373 164 31 Andreas
1038 1372 216 34 Andersson,
1286 1370 244 31 ledamöterna
1562 1378 46 20 av

109 1432 212 35 riksdagens
346 1430 115 31 andra
485 1429 183 30 kammare
694 1426 305 31 ombudsmannen
1024 1423 83 31 Carl
1132 1423 155 35 Magnus
1309 1420 212 35 Brännberg
1544 1419 68 33 och

108 1484 163 31 fiskaren
294 1483 116 30 Frans
432 1480 114 31 Einar
568 1479 169 31 Hansson
758 1478 92 30 samt
875 1475 361 32 fiskeriintendenten
1257 1473 79 32 Nils
1361 1471 158 34 Walfrid
1544 1471 66 31 Ro-

108 1535 76 35 sén)
208 1536 67 29 har
296 1534 11 30 i
329 1533 172 31 skrivelse
524 1532 67 30 den
611 1531 37 29 12
671 1529 161 31 februari
853 1528 78 30 1934
953 1526 163 36 anhållit,
1138 1527 54 29 att
1214 1524 133 36 Kungl.
1368 1523 110 36 Maj:t
1499 1523 112 30 måtte

109 1588 123 31 avlåta
251 1585 223 37 proposition
495 1583 57 31 till
574 1582 194 34 riksdagen
789 1591 56 20 om
868 1578 204 36 beviljande
1095 1588 46 20 av
1161 1579 50 29 ett
1234 1579 102 28 extra
1356 1575 254 31 reservations-

109 1639 127 35 anslag
256 1639 21 29 å
294 1637 128 35 750,000
441 1636 130 30 kronor
591 1634 56 31 för
666 1631 294 33 nästkommande
980 1630 176 35 budgetår
1177 1630 52 29 att
1251 1628 186 31 användas
1457 1627 57 31 till
1532 1626 79 31 ord-

109 1691 117 31 nande
249 1699 45 21 av
317 1685 443 35 understödsverksamhet
783 1685 56 29 för
863 1683 135 31 fiskare
1022 1681 113 35 enligt
1157 1691 44 20 av
1225 1679 241 36 utredningen
1487 1679 12 30 i
1522 1678 90 31 skri-

111 1744 122 30 velsen
260 1741 173 35 framlagt
460 1738 145 36 förslag.
653 1735 248 36 Utredningen
928 1733 115 36 anför,
1067 1734 54 29 att
1147 1732 113 36 enligt
1287 1732 41 31 de
1355 1730 258 32 undersöknin-

110 1804 76 27 gar,
213 1792 241 36 utredningen
482 1788 198 36 verkställt,
706 1787 219 35 ställningen
952 1786 55 30 för
1035 1784 162 31 enskilda
1223 1783 135 31 fiskare
1385 1783 227 35 mångenstä-

113 1848 61 30 des
202 1855 81 22 vore
308 1845 84 30 svår
418 1843 65 31 och
507 1841 118 31 kunde
652 1840 144 31 befaras
822 1838 114 31 under
963 1836 245 31 innevarande
1234 1836 41 30 år
1299 1834 100 31 bliva
1426 1836 47 28 än
1499 1828 115 36 värre.

110 1900 18 31 I
163 1899 94 30 vissa
290 1898 61 30 fall
386 1905 82 22 vore
502 1895 211 31 situationen
746 1892 116 35 sådan,
898 1892 52 29 att
983 1889 189 36 tvingande
1203 1889 108 30 behov
1334 1898 45 20 av
1402 1879 217 48 ekonomiskt

110 1950 139 32 bistånd
272 1960 44 20 av
339 1949 114 31 direkt
476 1947 62 31 och
561 1945 195 32 omedelbar
779 1946 53 29 art
855 1943 160 35 förelåge.
1061 1941 122 31 Ehuru
1211 1940 231 35 utredningen
1465 1939 31 35 ej
1521 1938 98 30 blun-

111 2003 85 31 dade
231 2002 53 31 för
318 2001 39 31 de
380 1999 189 36 allvarliga
595 1997 228 36 olägenheter,
847 2005 73 21 som
943 2004 81 21 vore
1048 1992 224 37 förknippade
1295 1991 77 31 med
1395 1990 225 31 beträdandet

111 2066 45 20 av
192 2055 39 31 de
266 2054 132 31 direkta
433 2050 247 32 understödens
707 2051 77 33 väg,
808 2047 86 31 hade
917 2046 232 35 utredningen
1173 2044 60 31 vid
1255 2044 75 30 sina
1353 2042 266 36 överväganden

112 2109 31 35 ej
179 2108 136 30 kunnat
349 2106 95 30 finna
467 2113 116 22 annan
608 2102 144 36 lämplig
775 2102 107 34 utväg
907 2101 51 29 att
981 2098 121 31 bereda
1126 2097 95 37 hjälp
1245 2107 44 20 av
1313 2096 64 31 här
1399 2094 222 36 erforderligt

112 2161 75 36 slag
211 2162 44 28 än
280 2168 121 27 genom
424 2157 167 31 kontanta
614 2154 194 32 understöd.
854 2151 188 38 Angående
1058 2152 101 29 sättet
1175 2150 54 30 för
1243 2147 377 38 hjälpverksamhetens

115 2211 182 32 ordnande
323 2211 95 29 hava
442 2209 96 31 olika
564 2208 135 30 åsikter
726 2206 151 30 uttalats
902 2205 97 30 inom
1026 2202 247 35 utredningen.
1321 2201 126 34 Enligt
1471 2195 143 43 madjori-

115 2265 116 29 tetens
257 2262 144 34 mening
429 2261 107 30 borde
563 2256 487 34 understödsverksamheten
1077 2254 33 35 ej
1139 2254 98 30 bliva
1264 2252 74 31 helt
1366 2251 135 37 statlig,
1527 2252 91 29 utan

114 2325 76 21 som
215 2314 128 31 villkor
368 2313 56 29 för
449 2311 220 33 statsbidrag
695 2309 105 30 borde
826 2307 149 34 fordras,
1000 2307 53 29 att
1077 2304 262 31 vederbörande
1363 2304 171 29 kommun
1555 2312 61 19 an-

117 2367 94 30 visat
237 2364 113 31 medel
378 2365 53 29 för
457 2371 137 21 samma
619 2360 177 31 ändamål.
843 2356 267 35 Utredningens
1133 2355 225 33 ordförande,
1385 2355 83 29 herr
1492 2353 126 42 Jepps-

115 2428 73 22 son,
211 2418 65 29 har
298 2415 160 31 däremot
479 2414 125 32 ansett,
628 2414 53 28 att
703 2411 63 30 den
793 2409 202 34 föreslagna
1017 2406 373 37 hjälpverksamheten
1415 2405 105 30 borde
1542 2401 75 33 helt

115 2468 177 32 bestridas
313 2478 45 20 av
381 2465 214 31 statsmedel.
