<?xml version="1.0" encoding="UTF-8"?>
<alto xmlns="http://www.loc.gov/standards/alto/ns-v3#" xmlns:xlink="http://www.w3.org/1999/xlink" xmlns:xsi="http://www.w3.org/2001/XMLSchema-instance" xsi:schemaLocation="http://www.loc.gov/standards/alto/ns-v3# http://www.loc.gov/alto/v3/alto-3-0.xsd">
	<Description>
		<MeasurementUnit>pixel</MeasurementUnit>
		<sourceImageInformation>
			<fileName>/tmp/tess_kgjl_oob_input.PNG</fileName>
		</sourceImageInformation>
		<OCRProcessing ID="OCR_0">
			<ocrProcessingStep>
				<processingSoftware>
					<softwareName>tesseract 5.3.0</softwareName>
				</processingSoftware>
			</ocrProcessingStep>
		</OCRProcessing>
	</Description>
	<Layout>
		<Page WIDTH="1916" HEIGHT="2784" PHYSICAL_IMG_NR="0" ID="page_0">
			<PrintSpace HPOS="0" VPOS="0" WIDTH="1916" HEIGHT="2784">
				<ComposedBlock ID="cblock_0" HPOS="283" VPOS="150" WIDTH="1183" HEIGHT="43">
					<TextBlock ID="block_0" HPOS="283" VPOS="150" WIDTH="1183" HEIGHT="43">
						<TextLine ID="line_0" HPOS="283" VPOS="150" WIDTH="1183" HEIGHT="43">
							<String ID="string_0" HPOS="283" VPOS="150" WIDTH="42" HEIGHT="30" WC="0.96" CONTENT="28"/><SP WIDTH="259" VPOS="150" HPOS="325"/>
							<String ID="string_1" HPOS="584" VPOS="152" WIDTH="118" HEIGHT="31" WC="0.92" CONTENT="Andra"/><SP WIDTH="21" VPOS="152" HPOS="702"/>
							<String ID="string_2" HPOS="723" VPOS="153" WIDTH="247" HEIGHT="40" WC="0.92" CONTENT="lagutskottets"/><SP WIDTH="23" VPOS="153" HPOS="970"/>
							<String ID="string_3" HPOS="993" VPOS="155" WIDTH="179" HEIGHT="32" WC="0.96" CONTENT="utlåtande"/><SP WIDTH="20" VPOS="155" HPOS="1172"/>
							<String ID="string_4" HPOS="1192" VPOS="167" WIDTH="45" HEIGHT="21" WC="0.96" CONTENT="nr"/><SP WIDTH="18" VPOS="167" HPOS="1237"/>
							<String ID="string_5" HPOS="1255" VPOS="159" WIDTH="44" HEIGHT="29" WC="0.96" CONTENT="20"/><SP WIDTH="21" VPOS="159" HPOS="1299"/>
							<String ID="string_6" HPOS="1320" VPOS="159" WIDTH="40" HEIGHT="29" WC="0.96" CONTENT="år"/><SP WIDTH="22" VPOS="159" HPOS="1360"/>
							<String ID="string_7" HPOS="1382" VPOS="160" WIDTH="84" HEIGHT="29" WC="0.96" CONTENT="1960"/>
						</TextLine>
					</TextBlock>
				</ComposedBlock>
				<ComposedBlock ID="cblock_1" HPOS="956" VPOS="411" WIDTH="137" HEIGHT="43">
					<TextBlock ID="block_1" HPOS="956" VPOS="411" WIDTH="137" HEIGHT="43">
						<TextLine ID="line_1" HPOS="956" VPOS="411" WIDTH="137" HEIGHT="43">
							<String ID="string_8" HPOS="956" VPOS="411" WIDTH="137" HEIGHT="43" WC="0.96" CONTENT="Förslag"/>
						</TextLine>
					</TextBlock>
				</ComposedBlock>
				<ComposedBlock ID="cblock_2" HPOS="992" VPOS="483" WIDTH="54" HEIGHT="30">
					<TextBlock ID="block_2" HPOS="992" VPOS="483" WIDTH="54" HEIGHT="30">
						<TextLine ID="line_2" HPOS="992" VPOS="483" WIDTH="54" HEIGHT="30">
							<String ID="string_9" HPOS="992" VPOS="483" WIDTH="54" HEIGHT="30" WC="0.96" CONTENT="till"/>
						</TextLine>
					</TextBlock>
				</ComposedBlock>
				<ComposedBlock ID="cblock_3" HPOS="969" VPOS="559" WIDTH="107" HEIGHT="48">
					<TextBlock ID="block_3" HPOS="969" VPOS="559" WIDTH="107" HEIGHT="48">
						<TextLine ID="line_3" HPOS="969" VPOS="559" WIDTH="107" HEIGHT="48">
							<String ID="string_10" HPOS="969" VPOS="559" WIDTH="107" HEIGHT="48" WC="0.95" CONTENT="Lag"/>
						</TextLine>
					</TextBlock>
				</ComposedBlock>
				<ComposedBlock ID="cblock_4" HPOS="396" VPOS="656" WIDTH="1256" HEIGHT="54">
					<TextBlock ID="block_4" HPOS="396" VPOS="656" WIDTH="1256" HEIGHT="54">
						<TextLine ID="line_4" HPOS="396" VPOS="656" WIDTH="1256" HEIGHT="54">
							<String ID="string_11" HPOS="396" VPOS="656" WIDTH="172" HEIGHT="43" WC="0.96" CONTENT="angående"/><SP WIDTH="15" VPOS="656" HPOS="568"/>
							<String ID="string_12" HPOS="583" VPOS="657" WIDTH="139" HEIGHT="44" WC="0.96" CONTENT="ändring"/><SP WIDTH="14" VPOS="657" HPOS="722"/>
							<String ID="string_13" HPOS="736" VPOS="659" WIDTH="12" HEIGHT="30" WC="0.93" CONTENT="i"/><SP WIDTH="16" VPOS="659" HPOS="748"/>
							<String ID="string_14" HPOS="764" VPOS="658" WIDTH="390" HEIGHT="47" WC="0.91" CONTENT="bidragsförskottslagen"/><SP WIDTH="15" VPOS="658" HPOS="1154"/>
							<String ID="string_15" HPOS="1169" VPOS="662" WIDTH="64" HEIGHT="32" WC="0.96" CONTENT="den"/><SP WIDTH="15" VPOS="662" HPOS="1233"/>
							<String ID="string_16" HPOS="1248" VPOS="664" WIDTH="42" HEIGHT="30" WC="0.96" CONTENT="11"/><SP WIDTH="14" VPOS="664" HPOS="1290"/>
							<String ID="string_17" HPOS="1304" VPOS="664" WIDTH="77" HEIGHT="41" WC="0.96" CONTENT="juni"/><SP WIDTH="15" VPOS="664" HPOS="1381"/>
							<String ID="string_18" HPOS="1396" VPOS="665" WIDTH="84" HEIGHT="31" WC="0.96" CONTENT="1943"/><SP WIDTH="17" VPOS="665" HPOS="1480"/>
							<String ID="string_19" HPOS="1497" VPOS="668" WIDTH="59" HEIGHT="42" WC="0.96" CONTENT="(nr"/><SP WIDTH="15" VPOS="668" HPOS="1556"/>
							<String ID="string_20" HPOS="1571" VPOS="666" WIDTH="81" HEIGHT="44" WC="0.95" CONTENT="382)"/>
						</TextLine>
					</TextBlock>
				</ComposedBlock>
				<ComposedBlock ID="cblock_5" HPOS="273" VPOS="752" WIDTH="1484" HEIGHT="103">
					<TextBlock ID="block_5" HPOS="273" VPOS="752" WIDTH="1484" HEIGHT="103">
						<TextLine ID="line_5" HPOS="320" VPOS="752" WIDTH="1437" HEIGHT="51">
							<String ID="string_21" HPOS="320" VPOS="752" WIDTH="213" HEIGHT="41" WC="0.95" CONTENT="Härigenom"/><SP WIDTH="18" VPOS="752" HPOS="533"/>
							<String ID="string_22" HPOS="551" VPOS="754" WIDTH="195" HEIGHT="37" WC="0.95" CONTENT="förordnas,"/><SP WIDTH="20" VPOS="754" HPOS="746"/>
							<String ID="string_23" HPOS="766" VPOS="758" WIDTH="51" HEIGHT="29" WC="0.96" CONTENT="att"/><SP WIDTH="20" VPOS="758" HPOS="817"/>
							<String ID="string_24" HPOS="837" VPOS="757" WIDTH="28" HEIGHT="35" WC="0.96" CONTENT="1,"/><SP WIDTH="19" VPOS="757" HPOS="865"/>
							<String ID="string_25" HPOS="884" VPOS="757" WIDTH="30" HEIGHT="35" WC="0.95" CONTENT="8,"/><SP WIDTH="21" VPOS="757" HPOS="914"/>
							<String ID="string_26" HPOS="935" VPOS="758" WIDTH="39" HEIGHT="31" WC="0.95" CONTENT="13"/><SP WIDTH="20" VPOS="758" HPOS="974"/>
							<String ID="string_27" HPOS="994" VPOS="759" WIDTH="67" HEIGHT="30" WC="0.96" CONTENT="och"/><SP WIDTH="20" VPOS="759" HPOS="1061"/>
							<String ID="string_28" HPOS="1081" VPOS="759" WIDTH="38" HEIGHT="31" WC="0.95" CONTENT="17"/><SP WIDTH="22" VPOS="759" HPOS="1119"/>
							<String ID="string_29" HPOS="1141" VPOS="759" WIDTH="37" HEIGHT="38" WC="0.53" CONTENT="88"/><SP WIDTH="20" VPOS="759" HPOS="1178"/>
							<String ID="string_30" HPOS="1198" VPOS="760" WIDTH="419" HEIGHT="43" WC="0.92" CONTENT="bidragsförskottslagen"/><SP WIDTH="18" VPOS="760" HPOS="1617"/>
							<String ID="string_31" HPOS="1635" VPOS="764" WIDTH="67" HEIGHT="30" WC="0.96" CONTENT="den"/><SP WIDTH="21" VPOS="764" HPOS="1702"/>
							<String ID="string_32" HPOS="1723" VPOS="766" WIDTH="34" HEIGHT="30" WC="0.96" CONTENT="11"/>
						</TextLine>
						<TextLine ID="line_6" HPOS="273" VPOS="805" WIDTH="1235" HEIGHT="50">
							<String ID="string_33" HPOS="273" VPOS="805" WIDTH="81" HEIGHT="39" WC="0.96" CONTENT="juni"/><SP WIDTH="21" VPOS="805" HPOS="354"/>
							<String ID="string_34" HPOS="375" VPOS="806" WIDTH="97" HEIGHT="31" WC="0.94" CONTENT="1943!"/><SP WIDTH="20" VPOS="806" HPOS="472"/>
							<String ID="string_35" HPOS="492" VPOS="807" WIDTH="100" HEIGHT="31" WC="0.96" CONTENT="skola"/><SP WIDTH="19" VPOS="807" HPOS="592"/>
							<String ID="string_36" HPOS="611" VPOS="808" WIDTH="133" HEIGHT="31" WC="0.96" CONTENT="erhålla"/><SP WIDTH="19" VPOS="808" HPOS="744"/>
							<String ID="string_37" HPOS="763" VPOS="809" WIDTH="135" HEIGHT="31" WC="0.96" CONTENT="ändrad"/><SP WIDTH="19" VPOS="809" HPOS="898"/>
							<String ID="string_38" HPOS="917" VPOS="810" WIDTH="131" HEIGHT="40" WC="0.96" CONTENT="lydelse"/><SP WIDTH="20" VPOS="810" HPOS="1048"/>
							<String ID="string_39" HPOS="1068" VPOS="812" WIDTH="46" HEIGHT="40" WC="0.96" CONTENT="på"/><SP WIDTH="19" VPOS="812" HPOS="1114"/>
							<String ID="string_40" HPOS="1133" VPOS="813" WIDTH="68" HEIGHT="30" WC="0.96" CONTENT="sätt"/><SP WIDTH="19" VPOS="813" HPOS="1201"/>
							<String ID="string_41" HPOS="1220" VPOS="814" WIDTH="117" HEIGHT="30" WC="0.93" CONTENT="nedan"/><SP WIDTH="20" VPOS="814" HPOS="1337"/>
							<String ID="string_42" HPOS="1357" VPOS="815" WIDTH="151" HEIGHT="40" WC="0.92" CONTENT="angives."/>
						</TextLine>
					</TextBlock>
				</ComposedBlock>
				<ComposedBlock ID="cblock_6" HPOS="453" VPOS="918" WIDTH="357" HEIGHT="42">
					<TextBlock ID="block_6" HPOS="453" VPOS="918" WIDTH="357" HEIGHT="42">
						<TextLine ID="line_7" HPOS="453" VPOS="918" WIDTH="357" HEIGHT="42">
							<String ID="string_43" HPOS="453" VPOS="918" WIDTH="183" HEIGHT="35" WC="0.96" CONTENT="(Gällande"/><SP WIDTH="25" VPOS="918" HPOS="636"/>
							<String ID="string_44" HPOS="661" VPOS="920" WIDTH="149" HEIGHT="40" WC="0.95" CONTENT="lydelse)"/>
						</TextLine>
					</TextBlock>
				</ComposedBlock>
				<ComposedBlock ID="cblock_7" HPOS="1208" VPOS="925" WIDTH="392" HEIGHT="42">
					<TextBlock ID="block_7" HPOS="1208" VPOS="925" WIDTH="392" HEIGHT="42">
						<TextLine ID="line_8" HPOS="1208" VPOS="925" WIDTH="392" HEIGHT="42">
							<String ID="string_45" HPOS="1208" VPOS="925" WIDTH="227" HEIGHT="41" WC="0.96" CONTENT="(Föreslagen"/><SP WIDTH="17" VPOS="925" HPOS="1435"/>
							<String ID="string_46" HPOS="1452" VPOS="928" WIDTH="148" HEIGHT="39" WC="0.95" CONTENT="lydelse)"/>
						</TextLine>
					</TextBlock>
				</ComposedBlock>
				<ComposedBlock ID="cblock_8" HPOS="315" VPOS="976" WIDTH="1298" HEIGHT="154">
					<TextBlock ID="block_8" HPOS="315" VPOS="976" WIDTH="1298" HEIGHT="154">
						<TextLine ID="line_9" HPOS="982" VPOS="976" WIDTH="73" HEIGHT="38">
							<String ID="string_47" HPOS="982" VPOS="977" WIDTH="15" HEIGHT="29" WC="0.87" CONTENT="1"/><SP WIDTH="30" VPOS="977" HPOS="997"/>
							<String ID="string_48" HPOS="1027" VPOS="976" WIDTH="28" HEIGHT="38" WC="0.87" CONTENT="8."/>
						</TextLine>
						<TextLine ID="line_10" HPOS="315" VPOS="1032" WIDTH="1298" HEIGHT="49">
							<String ID="string_49" HPOS="315" VPOS="1032" WIDTH="103" HEIGHT="35" WC="0.96" CONTENT="Barn,"/><SP WIDTH="20" VPOS="1032" HPOS="418"/>
							<String ID="string_50" HPOS="438" VPOS="1042" WIDTH="80" HEIGHT="22" WC="0.90" CONTENT="vars"/><SP WIDTH="20" VPOS="1042" HPOS="518"/>
							<String ID="string_51" HPOS="538" VPOS="1052" WIDTH="44" HEIGHT="3" WC="0.90" CONTENT="—"/><SP WIDTH="18" VPOS="1052" HPOS="582"/>
							<String ID="string_52" HPOS="600" VPOS="1053" WIDTH="44" HEIGHT="3" WC="0.90" CONTENT="—"/><SP WIDTH="17" VPOS="1053" HPOS="644"/>
							<String ID="string_53" HPOS="661" VPOS="1053" WIDTH="45" HEIGHT="4" WC="0.88" CONTENT="—"/><SP WIDTH="19" VPOS="1053" HPOS="706"/>
							<String ID="string_54" HPOS="725" VPOS="1036" WIDTH="365" HEIGHT="42" WC="0.90" CONTENT="underhållsbidraget"/><SP WIDTH="25" VPOS="1036" HPOS="1090"/>
							<String ID="string_55" HPOS="1115" VPOS="1039" WIDTH="498" HEIGHT="42" WC="0.95" CONTENT="(bidragsförskott)."/>
						</TextLine>
						<TextLine ID="line_11" HPOS="317" VPOS="1084" WIDTH="785" HEIGHT="46">
							<String ID="string_56" HPOS="317" VPOS="1084" WIDTH="67" HEIGHT="30" WC="0.96" CONTENT="Vid"/><SP WIDTH="17" VPOS="1084" HPOS="384"/>
							<String ID="string_57" HPOS="401" VPOS="1085" WIDTH="268" HEIGHT="41" WC="0.93" CONTENT="tillämpningen"/><SP WIDTH="17" VPOS="1085" HPOS="669"/>
							<String ID="string_58" HPOS="686" VPOS="1105" WIDTH="45" HEIGHT="4" WC="0.93" CONTENT="—"/><SP WIDTH="17" VPOS="1105" HPOS="731"/>
							<String ID="string_59" HPOS="748" VPOS="1105" WIDTH="46" HEIGHT="5" WC="0.88" CONTENT="—"/><SP WIDTH="16" VPOS="1105" HPOS="794"/>
							<String ID="string_60" HPOS="810" VPOS="1105" WIDTH="46" HEIGHT="6" WC="0.88" CONTENT="-—"/><SP WIDTH="18" VPOS="1105" HPOS="856"/>
							<String ID="string_61" HPOS="874" VPOS="1098" WIDTH="42" HEIGHT="21" WC="0.96" CONTENT="av"/><SP WIDTH="17" VPOS="1098" HPOS="916"/>
							<String ID="string_62" HPOS="933" VPOS="1089" WIDTH="169" HEIGHT="41" WC="0.96" CONTENT="bidraget."/>
						</TextLine>
					</TextBlock>
				</ComposedBlock>
				<ComposedBlock ID="cblock_9" HPOS="269" VPOS="1138" WIDTH="719" HEIGHT="202">
					<TextBlock ID="block_9" HPOS="269" VPOS="1138" WIDTH="719" HEIGHT="202">
						<TextLine ID="line_12" HPOS="317" VPOS="1138" WIDTH="671" HEIGHT="44">
							<String ID="string_63" HPOS="317" VPOS="1138" WIDTH="301" HEIGHT="40" WC="0.92" CONTENT="Bidragsförskott"/><SP WIDTH="36" VPOS="1138" HPOS="618"/>
							<String ID="string_64" HPOS="654" VPOS="1141" WIDTH="57" HEIGHT="30" WC="0.96" CONTENT="må"/><SP WIDTH="35" VPOS="1141" HPOS="711"/>
							<String ID="string_65" HPOS="746" VPOS="1142" WIDTH="32" HEIGHT="39" WC="0.96" CONTENT="ej"/><SP WIDTH="39" VPOS="1142" HPOS="778"/>
							<String ID="string_66" HPOS="817" VPOS="1142" WIDTH="84" HEIGHT="40" WC="0.96" CONTENT="utgå"/><SP WIDTH="34" VPOS="1142" HPOS="901"/>
							<String ID="string_67" HPOS="935" VPOS="1144" WIDTH="53" HEIGHT="29" WC="0.94" CONTENT="till"/>
						</TextLine>
						<TextLine ID="line_13" HPOS="270" VPOS="1191" WIDTH="718" HEIGHT="40">
							<String ID="string_68" HPOS="270" VPOS="1191" WIDTH="99" HEIGHT="35" WC="0.96" CONTENT="barn,"/><SP WIDTH="16" VPOS="1191" HPOS="369"/>
							<String ID="string_69" HPOS="385" VPOS="1201" WIDTH="79" HEIGHT="21" WC="0.96" CONTENT="vars"/><SP WIDTH="17" VPOS="1201" HPOS="464"/>
							<String ID="string_70" HPOS="481" VPOS="1192" WIDTH="175" HEIGHT="32" WC="0.93" CONTENT="föräldrar"/><SP WIDTH="16" VPOS="1192" HPOS="656"/>
							<String ID="string_71" HPOS="672" VPOS="1196" WIDTH="216" HEIGHT="35" WC="0.88" CONTENT="sammanbo,"/><SP WIDTH="17" VPOS="1196" HPOS="888"/>
							<String ID="string_72" HPOS="905" VPOS="1196" WIDTH="83" HEIGHT="30" WC="0.95" CONTENT="eller"/>
						</TextLine>
						<TextLine ID="line_14" HPOS="269" VPOS="1244" WIDTH="718" HEIGHT="36">
							<String ID="string_73" HPOS="269" VPOS="1244" WIDTH="54" HEIGHT="29" WC="0.96" CONTENT="till"/><SP WIDTH="22" VPOS="1244" HPOS="323"/>
							<String ID="string_74" HPOS="345" VPOS="1244" WIDTH="98" HEIGHT="36" WC="0.96" CONTENT="barn,"/><SP WIDTH="24" VPOS="1244" HPOS="443"/>
							<String ID="string_75" HPOS="467" VPOS="1255" WIDTH="77" HEIGHT="21" WC="0.96" CONTENT="som"/><SP WIDTH="21" VPOS="1255" HPOS="544"/>
							<String ID="string_76" HPOS="565" VPOS="1247" WIDTH="63" HEIGHT="30" WC="0.96" CONTENT="bor"/><SP WIDTH="22" VPOS="1247" HPOS="628"/>
							<String ID="string_77" HPOS="650" VPOS="1248" WIDTH="235" HEIGHT="31" WC="0.95" CONTENT="tillsammans"/><SP WIDTH="22" VPOS="1248" HPOS="885"/>
							<String ID="string_78" HPOS="907" VPOS="1249" WIDTH="80" HEIGHT="30" WC="0.96" CONTENT="med"/>
						</TextLine>
						<TextLine ID="line_15" HPOS="270" VPOS="1297" WIDTH="462" HEIGHT="43">
							<String ID="string_79" HPOS="270" VPOS="1297" WIDTH="68" HEIGHT="30" WC="0.93" CONTENT="den"/><SP WIDTH="21" VPOS="1297" HPOS="338"/>
							<String ID="string_80" HPOS="359" VPOS="1298" WIDTH="373" HEIGHT="42" WC="0.91" CONTENT="underhållsskyldige."/>
						</TextLine>
					</TextBlock>
				</ComposedBlock>
				<ComposedBlock ID="cblock_10" HPOS="1041" VPOS="1145" WIDTH="720" HEIGHT="357">
					<TextBlock ID="block_10" HPOS="1041" VPOS="1145" WIDTH="720" HEIGHT="357">
						<TextLine ID="line_16" HPOS="1090" VPOS="1145" WIDTH="671" HEIGHT="45">
							<String ID="string_81" HPOS="1090" VPOS="1145" WIDTH="301" HEIGHT="40" WC="0.91" CONTENT="Bidragsförskott"/><SP WIDTH="35" VPOS="1145" HPOS="1391"/>
							<String ID="string_82" HPOS="1426" VPOS="1148" WIDTH="58" HEIGHT="30" WC="0.95" CONTENT="må"/><SP WIDTH="35" VPOS="1148" HPOS="1484"/>
							<String ID="string_83" HPOS="1519" VPOS="1149" WIDTH="32" HEIGHT="40" WC="0.95" CONTENT="ej"/><SP WIDTH="38" VPOS="1149" HPOS="1551"/>
							<String ID="string_84" HPOS="1589" VPOS="1150" WIDTH="84" HEIGHT="40" WC="0.96" CONTENT="utgå"/><SP WIDTH="35" VPOS="1150" HPOS="1673"/>
							<String ID="string_85" HPOS="1708" VPOS="1150" WIDTH="53" HEIGHT="31" WC="0.94" CONTENT="till"/>
						</TextLine>
						<TextLine ID="line_17" HPOS="1043" VPOS="1198" WIDTH="718" HEIGHT="40">
							<String ID="string_86" HPOS="1043" VPOS="1198" WIDTH="98" HEIGHT="35" WC="0.95" CONTENT="barn,"/><SP WIDTH="16" VPOS="1198" HPOS="1141"/>
							<String ID="string_87" HPOS="1157" VPOS="1208" WIDTH="79" HEIGHT="21" WC="0.96" CONTENT="vars"/><SP WIDTH="17" VPOS="1208" HPOS="1236"/>
							<String ID="string_88" HPOS="1253" VPOS="1199" WIDTH="176" HEIGHT="32" WC="0.93" CONTENT="föräldrar"/><SP WIDTH="16" VPOS="1199" HPOS="1429"/>
							<String ID="string_89" HPOS="1445" VPOS="1203" WIDTH="215" HEIGHT="35" WC="0.92" CONTENT="sammanbo,"/><SP WIDTH="17" VPOS="1203" HPOS="1660"/>
							<String ID="string_90" HPOS="1677" VPOS="1203" WIDTH="84" HEIGHT="31" WC="0.95" CONTENT="eller"/>
						</TextLine>
						<TextLine ID="line_18" HPOS="1043" VPOS="1251" WIDTH="717" HEIGHT="36">
							<String ID="string_91" HPOS="1043" VPOS="1251" WIDTH="52" HEIGHT="30" WC="0.96" CONTENT="till"/><SP WIDTH="22" VPOS="1251" HPOS="1095"/>
							<String ID="string_92" HPOS="1117" VPOS="1252" WIDTH="97" HEIGHT="35" WC="0.96" CONTENT="barn,"/><SP WIDTH="25" VPOS="1252" HPOS="1214"/>
							<String ID="string_93" HPOS="1239" VPOS="1262" WIDTH="76" HEIGHT="21" WC="0.96" CONTENT="som"/><SP WIDTH="23" VPOS="1262" HPOS="1315"/>
							<String ID="string_94" HPOS="1338" VPOS="1253" WIDTH="63" HEIGHT="31" WC="0.96" CONTENT="bor"/><SP WIDTH="21" VPOS="1253" HPOS="1401"/>
							<String ID="string_95" HPOS="1422" VPOS="1254" WIDTH="235" HEIGHT="32" WC="0.95" CONTENT="tillsammans"/><SP WIDTH="22" VPOS="1254" HPOS="1657"/>
							<String ID="string_96" HPOS="1679" VPOS="1256" WIDTH="81" HEIGHT="30" WC="0.96" CONTENT="med"/>
						</TextLine>
						<TextLine ID="line_19" HPOS="1044" VPOS="1303" WIDTH="717" HEIGHT="46">
							<String ID="string_97" HPOS="1044" VPOS="1303" WIDTH="66" HEIGHT="31" WC="0.91" CONTENT="den"/><SP WIDTH="20" VPOS="1303" HPOS="1110"/>
							<String ID="string_98" HPOS="1130" VPOS="1305" WIDTH="374" HEIGHT="42" WC="0.91" CONTENT="underhållsskyldige,"/><SP WIDTH="20" VPOS="1305" HPOS="1504"/>
							<String ID="string_99" HPOS="1524" VPOS="1311" WIDTH="93" HEIGHT="28" WC="0.96" CONTENT="samt"/><SP WIDTH="18" VPOS="1311" HPOS="1617"/>
							<String ID="string_100" HPOS="1635" VPOS="1309" WIDTH="36" HEIGHT="40" WC="0.93" CONTENT="ej"/><SP WIDTH="17" VPOS="1309" HPOS="1671"/>
							<String ID="string_101" HPOS="1688" VPOS="1309" WIDTH="73" HEIGHT="31" WC="0.91" CONTENT="hel-"/>
						</TextLine>
						<TextLine ID="line_20" HPOS="1044" VPOS="1357" WIDTH="717" HEIGHT="45">
							<String ID="string_102" HPOS="1044" VPOS="1357" WIDTH="50" HEIGHT="30" WC="0.96" CONTENT="ler"/><SP WIDTH="27" VPOS="1357" HPOS="1094"/>
							<String ID="string_103" HPOS="1121" VPOS="1358" WIDTH="53" HEIGHT="29" WC="0.96" CONTENT="till"/><SP WIDTH="26" VPOS="1358" HPOS="1174"/>
							<String ID="string_104" HPOS="1200" VPOS="1359" WIDTH="97" HEIGHT="37" WC="0.96" CONTENT="barn,"/><SP WIDTH="28" VPOS="1359" HPOS="1297"/>
							<String ID="string_105" HPOS="1325" VPOS="1368" WIDTH="75" HEIGHT="22" WC="0.96" CONTENT="som"/><SP WIDTH="28" VPOS="1368" HPOS="1400"/>
							<String ID="string_106" HPOS="1428" VPOS="1361" WIDTH="39" HEIGHT="30" WC="0.95" CONTENT="är"/><SP WIDTH="28" VPOS="1361" HPOS="1467"/>
							<String ID="string_107" HPOS="1495" VPOS="1361" WIDTH="185" HEIGHT="41" WC="0.95" CONTENT="berättigat"/><SP WIDTH="28" VPOS="1361" HPOS="1680"/>
							<String ID="string_108" HPOS="1708" VPOS="1363" WIDTH="53" HEIGHT="30" WC="0.96" CONTENT="till"/>
						</TextLine>
						<TextLine ID="line_21" HPOS="1044" VPOS="1410" WIDTH="715" HEIGHT="43">
							<String ID="string_109" HPOS="1044" VPOS="1410" WIDTH="234" HEIGHT="40" WC="0.95" CONTENT="barnpension"/><SP WIDTH="30" VPOS="1410" HPOS="1278"/>
							<String ID="string_110" HPOS="1308" VPOS="1413" WIDTH="109" HEIGHT="39" WC="0.96" CONTENT="enligt"/><SP WIDTH="26" VPOS="1413" HPOS="1417"/>
							<String ID="string_111" HPOS="1443" VPOS="1414" WIDTH="99" HEIGHT="39" WC="0.96" CONTENT="lagen"/><SP WIDTH="30" VPOS="1414" HPOS="1542"/>
							<String ID="string_112" HPOS="1572" VPOS="1424" WIDTH="55" HEIGHT="21" WC="0.92" CONTENT="om"/><SP WIDTH="31" VPOS="1424" HPOS="1627"/>
							<String ID="string_113" HPOS="1658" VPOS="1416" WIDTH="101" HEIGHT="30" WC="0.91" CONTENT="barn-"/>
						</TextLine>
						<TextLine ID="line_22" HPOS="1041" VPOS="1464" WIDTH="195" HEIGHT="38">
							<String ID="string_114" HPOS="1041" VPOS="1464" WIDTH="195" HEIGHT="38" WC="0.96" CONTENT="pensioner."/>
						</TextLine>
					</TextBlock>
				</ComposedBlock>
				<ComposedBlock ID="cblock_11" HPOS="976" VPOS="1578" WIDTH="75" HEIGHT="38">
					<TextBlock ID="block_11" HPOS="976" VPOS="1578" WIDTH="75" HEIGHT="38">
						<TextLine ID="line_23" HPOS="976" VPOS="1578" WIDTH="75" HEIGHT="38">
							<String ID="string_115" HPOS="976" VPOS="1578" WIDTH="20" HEIGHT="30" WC="0.90" CONTENT="8"/><SP WIDTH="26" VPOS="1578" HPOS="996"/>
							<String ID="string_116" HPOS="1022" VPOS="1578" WIDTH="29" HEIGHT="38" WC="0.64" CONTENT="8."/>
						</TextLine>
					</TextBlock>
				</ComposedBlock>
				<ComposedBlock ID="cblock_12" HPOS="264" VPOS="1634" WIDTH="721" HEIGHT="297">
					<TextBlock ID="block_12" HPOS="264" VPOS="1634" WIDTH="721" HEIGHT="297">
						<TextLine ID="line_24" HPOS="312" VPOS="1634" WIDTH="673" HEIGHT="43">
							<String ID="string_117" HPOS="312" VPOS="1634" WIDTH="301" HEIGHT="40" WC="0.92" CONTENT="Bidragsförskott"/><SP WIDTH="19" VPOS="1634" HPOS="613"/>
							<String ID="string_118" HPOS="632" VPOS="1638" WIDTH="102" HEIGHT="39" WC="0.96" CONTENT="utgår"/><SP WIDTH="19" VPOS="1638" HPOS="734"/>
							<String ID="string_119" HPOS="753" VPOS="1639" WIDTH="80" HEIGHT="29" WC="0.96" CONTENT="med"/><SP WIDTH="20" VPOS="1639" HPOS="833"/>
							<String ID="string_120" HPOS="853" VPOS="1639" WIDTH="57" HEIGHT="30" WC="0.93" CONTENT="det"/><SP WIDTH="18" VPOS="1639" HPOS="910"/>
							<String ID="string_121" HPOS="928" VPOS="1639" WIDTH="57" HEIGHT="31" WC="0.90" CONTENT="be-"/>
						</TextLine>
						<TextLine ID="line_25" HPOS="265" VPOS="1686" WIDTH="719" HEIGHT="45">
							<String ID="string_122" HPOS="265" VPOS="1686" WIDTH="84" HEIGHT="40" WC="0.96" CONTENT="lopp"/><SP WIDTH="21" VPOS="1686" HPOS="349"/>
							<String ID="string_123" HPOS="370" VPOS="1688" WIDTH="66" HEIGHT="30" WC="0.93" CONTENT="den"/><SP WIDTH="21" VPOS="1688" HPOS="436"/>
							<String ID="string_124" HPOS="457" VPOS="1689" WIDTH="365" HEIGHT="42" WC="0.91" CONTENT="underhållsskyldige"/><SP WIDTH="19" VPOS="1689" HPOS="822"/>
							<String ID="string_125" HPOS="841" VPOS="1692" WIDTH="143" HEIGHT="39" WC="0.96" CONTENT="jämlikt"/>
						</TextLine>
						<TextLine ID="line_26" HPOS="267" VPOS="1741" WIDTH="716" HEIGHT="43">
							<String ID="string_126" HPOS="267" VPOS="1741" WIDTH="133" HEIGHT="30" WC="0.96" CONTENT="rättens"/><SP WIDTH="29" VPOS="1741" HPOS="400"/>
							<String ID="string_127" HPOS="429" VPOS="1741" WIDTH="115" HEIGHT="31" WC="0.96" CONTENT="beslut"/><SP WIDTH="30" VPOS="1741" HPOS="544"/>
							<String ID="string_128" HPOS="574" VPOS="1743" WIDTH="82" HEIGHT="30" WC="0.96" CONTENT="eller"/><SP WIDTH="29" VPOS="1743" HPOS="656"/>
							<String ID="string_129" HPOS="685" VPOS="1744" WIDTH="108" HEIGHT="40" WC="0.96" CONTENT="enligt"/><SP WIDTH="29" VPOS="1744" HPOS="793"/>
							<String ID="string_130" HPOS="822" VPOS="1746" WIDTH="92" HEIGHT="29" WC="0.95" CONTENT="avtal"/><SP WIDTH="30" VPOS="1746" HPOS="914"/>
							<String ID="string_131" HPOS="944" VPOS="1746" WIDTH="39" HEIGHT="29" WC="0.95" CONTENT="är"/>
						</TextLine>
						<TextLine ID="line_27" HPOS="265" VPOS="1792" WIDTH="718" HEIGHT="42">
							<String ID="string_132" HPOS="265" VPOS="1792" WIDTH="126" HEIGHT="41" WC="0.91" CONTENT="pliktig"/><SP WIDTH="21" VPOS="1792" HPOS="391"/>
							<String ID="string_133" HPOS="412" VPOS="1797" WIDTH="50" HEIGHT="27" WC="0.93" CONTENT="att"/><SP WIDTH="20" VPOS="1797" HPOS="462"/>
							<String ID="string_134" HPOS="482" VPOS="1795" WIDTH="119" HEIGHT="39" WC="0.92" CONTENT="utgiva"/><SP WIDTH="20" VPOS="1795" HPOS="601"/>
							<String ID="string_135" HPOS="621" VPOS="1796" WIDTH="51" HEIGHT="30" WC="0.96" CONTENT="till"/><SP WIDTH="20" VPOS="1796" HPOS="672"/>
							<String ID="string_136" HPOS="692" VPOS="1797" WIDTH="143" HEIGHT="31" WC="0.91" CONTENT="barnets"/><SP WIDTH="22" VPOS="1797" HPOS="835"/>
							<String ID="string_137" HPOS="857" VPOS="1798" WIDTH="126" HEIGHT="30" WC="0.91" CONTENT="under-"/>
						</TextLine>
						<TextLine ID="line_28" HPOS="264" VPOS="1845" WIDTH="718" HEIGHT="43">
							<String ID="string_138" HPOS="264" VPOS="1845" WIDTH="84" HEIGHT="36" WC="0.95" CONTENT="håll,"/><SP WIDTH="20" VPOS="1845" HPOS="348"/>
							<String ID="string_139" HPOS="368" VPOS="1847" WIDTH="89" HEIGHT="30" WC="0.96" CONTENT="dock"/><SP WIDTH="18" VPOS="1847" HPOS="457"/>
							<String ID="string_140" HPOS="475" VPOS="1848" WIDTH="103" HEIGHT="40" WC="0.96" CONTENT="högst"/><SP WIDTH="18" VPOS="1848" HPOS="578"/>
							<String ID="string_141" HPOS="596" VPOS="1850" WIDTH="79" HEIGHT="29" WC="0.96" CONTENT="med"/><SP WIDTH="20" VPOS="1850" HPOS="675"/>
							<String ID="string_142" HPOS="695" VPOS="1849" WIDTH="63" HEIGHT="31" WC="0.96" CONTENT="720"/><SP WIDTH="19" VPOS="1849" HPOS="758"/>
							<String ID="string_143" HPOS="777" VPOS="1851" WIDTH="131" HEIGHT="29" WC="0.96" CONTENT="kronor"/><SP WIDTH="19" VPOS="1851" HPOS="908"/>
							<String ID="string_144" HPOS="927" VPOS="1851" WIDTH="55" HEIGHT="30" WC="0.96" CONTENT="för"/>
						</TextLine>
						<TextLine ID="line_29" HPOS="264" VPOS="1898" WIDTH="198" HEIGHT="33">
							<String ID="string_145" HPOS="264" VPOS="1898" WIDTH="40" HEIGHT="31" WC="0.95" CONTENT="år"/><SP WIDTH="21" VPOS="1898" HPOS="304"/>
							<String ID="string_146" HPOS="325" VPOS="1900" WIDTH="137" HEIGHT="31" WC="0.96" CONTENT="räknat."/>
						</TextLine>
					</TextBlock>
				</ComposedBlock>
				<ComposedBlock ID="cblock_13" HPOS="1037" VPOS="1642" WIDTH="721" HEIGHT="295">
					<TextBlock ID="block_13" HPOS="1037" VPOS="1642" WIDTH="721" HEIGHT="295">
						<TextLine ID="line_30" HPOS="1085" VPOS="1642" WIDTH="673" HEIGHT="42">
							<String ID="string_147" HPOS="1085" VPOS="1642" WIDTH="301" HEIGHT="40" WC="0.91" CONTENT="Bidragsförskott"/><SP WIDTH="19" VPOS="1642" HPOS="1386"/>
							<String ID="string_148" HPOS="1405" VPOS="1644" WIDTH="102" HEIGHT="40" WC="0.96" CONTENT="utgår"/><SP WIDTH="19" VPOS="1644" HPOS="1507"/>
							<String ID="string_149" HPOS="1526" VPOS="1646" WIDTH="80" HEIGHT="30" WC="0.96" CONTENT="med"/><SP WIDTH="19" VPOS="1646" HPOS="1606"/>
							<String ID="string_150" HPOS="1625" VPOS="1646" WIDTH="58" HEIGHT="31" WC="0.93" CONTENT="det"/><SP WIDTH="18" VPOS="1646" HPOS="1683"/>
							<String ID="string_151" HPOS="1701" VPOS="1646" WIDTH="57" HEIGHT="30" WC="0.92" CONTENT="be-"/>
						</TextLine>
						<TextLine ID="line_31" HPOS="1039" VPOS="1694" WIDTH="719" HEIGHT="45">
							<String ID="string_152" HPOS="1039" VPOS="1694" WIDTH="82" HEIGHT="40" WC="0.96" CONTENT="lopp"/><SP WIDTH="21" VPOS="1694" HPOS="1121"/>
							<String ID="string_153" HPOS="1142" VPOS="1695" WIDTH="68" HEIGHT="30" WC="0.93" CONTENT="den"/><SP WIDTH="21" VPOS="1695" HPOS="1210"/>
							<String ID="string_154" HPOS="1231" VPOS="1696" WIDTH="364" HEIGHT="43" WC="0.90" CONTENT="underhållsskyldige"/><SP WIDTH="20" VPOS="1696" HPOS="1595"/>
							<String ID="string_155" HPOS="1615" VPOS="1699" WIDTH="143" HEIGHT="40" WC="0.96" CONTENT="jämlikt"/>
						</TextLine>
						<TextLine ID="line_32" HPOS="1040" VPOS="1747" WIDTH="717" HEIGHT="44">
							<String ID="string_156" HPOS="1040" VPOS="1747" WIDTH="132" HEIGHT="30" WC="0.95" CONTENT="rättens"/><SP WIDTH="30" VPOS="1747" HPOS="1172"/>
							<String ID="string_157" HPOS="1202" VPOS="1749" WIDTH="115" HEIGHT="30" WC="0.95" CONTENT="beslut"/><SP WIDTH="30" VPOS="1749" HPOS="1317"/>
							<String ID="string_158" HPOS="1347" VPOS="1749" WIDTH="82" HEIGHT="31" WC="0.95" CONTENT="eller"/><SP WIDTH="30" VPOS="1749" HPOS="1429"/>
							<String ID="string_159" HPOS="1459" VPOS="1751" WIDTH="107" HEIGHT="40" WC="0.96" CONTENT="enligt"/><SP WIDTH="29" VPOS="1751" HPOS="1566"/>
							<String ID="string_160" HPOS="1595" VPOS="1752" WIDTH="92" HEIGHT="30" WC="0.96" CONTENT="avtal"/><SP WIDTH="29" VPOS="1752" HPOS="1687"/>
							<String ID="string_161" HPOS="1716" VPOS="1752" WIDTH="41" HEIGHT="30" WC="0.96" CONTENT="är"/>
						</TextLine>
						<TextLine ID="line_33" HPOS="1038" VPOS="1800" WIDTH="718" HEIGHT="41">
							<String ID="string_162" HPOS="1038" VPOS="1800" WIDTH="126" HEIGHT="40" WC="0.91" CONTENT="pliktig"/><SP WIDTH="20" VPOS="1800" HPOS="1164"/>
							<String ID="string_163" HPOS="1184" VPOS="1803" WIDTH="50" HEIGHT="28" WC="0.93" CONTENT="att"/><SP WIDTH="21" VPOS="1803" HPOS="1234"/>
							<String ID="string_164" HPOS="1255" VPOS="1802" WIDTH="120" HEIGHT="39" WC="0.92" CONTENT="utgiva"/><SP WIDTH="19" VPOS="1802" HPOS="1375"/>
							<String ID="string_165" HPOS="1394" VPOS="1803" WIDTH="53" HEIGHT="30" WC="0.96" CONTENT="till"/><SP WIDTH="19" VPOS="1803" HPOS="1447"/>
							<String ID="string_166" HPOS="1466" VPOS="1804" WIDTH="142" HEIGHT="31" WC="0.93" CONTENT="barnets"/><SP WIDTH="21" VPOS="1804" HPOS="1608"/>
							<String ID="string_167" HPOS="1629" VPOS="1805" WIDTH="127" HEIGHT="30" WC="0.92" CONTENT="under-"/>
						</TextLine>
						<TextLine ID="line_34" HPOS="1038" VPOS="1852" WIDTH="717" HEIGHT="43">
							<String ID="string_168" HPOS="1038" VPOS="1852" WIDTH="82" HEIGHT="36" WC="0.96" CONTENT="håll,"/><SP WIDTH="21" VPOS="1852" HPOS="1120"/>
							<String ID="string_169" HPOS="1141" VPOS="1854" WIDTH="89" HEIGHT="30" WC="0.96" CONTENT="dock"/><SP WIDTH="18" VPOS="1854" HPOS="1230"/>
							<String ID="string_170" HPOS="1248" VPOS="1855" WIDTH="103" HEIGHT="40" WC="0.96" CONTENT="högst"/><SP WIDTH="18" VPOS="1855" HPOS="1351"/>
							<String ID="string_171" HPOS="1369" VPOS="1856" WIDTH="80" HEIGHT="30" WC="0.96" CONTENT="med"/><SP WIDTH="18" VPOS="1856" HPOS="1449"/>
							<String ID="string_172" HPOS="1467" VPOS="1857" WIDTH="65" HEIGHT="30" WC="0.96" CONTENT="996"/><SP WIDTH="18" VPOS="1857" HPOS="1532"/>
							<String ID="string_173" HPOS="1550" VPOS="1857" WIDTH="131" HEIGHT="31" WC="0.96" CONTENT="kronor"/><SP WIDTH="19" VPOS="1857" HPOS="1681"/>
							<String ID="string_174" HPOS="1700" VPOS="1858" WIDTH="55" HEIGHT="30" WC="0.95" CONTENT="för"/>
						</TextLine>
						<TextLine ID="line_35" HPOS="1037" VPOS="1905" WIDTH="194" HEIGHT="32">
							<String ID="string_175" HPOS="1037" VPOS="1905" WIDTH="39" HEIGHT="30" WC="0.96" CONTENT="år"/><SP WIDTH="19" VPOS="1905" HPOS="1076"/>
							<String ID="string_176" HPOS="1095" VPOS="1906" WIDTH="136" HEIGHT="31" WC="0.96" CONTENT="räknat."/>
						</TextLine>
					</TextBlock>
				</ComposedBlock>
				<ComposedBlock ID="cblock_14" HPOS="961" VPOS="2020" WIDTH="95" HEIGHT="38">
					<TextBlock ID="block_14" HPOS="961" VPOS="2020" WIDTH="95" HEIGHT="38">
						<TextLine ID="line_36" HPOS="961" VPOS="2020" WIDTH="95" HEIGHT="38">
							<String ID="string_177" HPOS="961" VPOS="2020" WIDTH="39" HEIGHT="31" WC="0.95" CONTENT="13"/><SP WIDTH="28" VPOS="2020" HPOS="1000"/>
							<String ID="string_178" HPOS="1028" VPOS="2020" WIDTH="28" HEIGHT="38" WC="0.39" CONTENT="8."/>
						</TextLine>
					</TextBlock>
				</ComposedBlock>
				<ComposedBlock ID="cblock_15" HPOS="263" VPOS="2076" WIDTH="716" HEIGHT="148">
					<TextBlock ID="block_15" HPOS="263" VPOS="2076" WIDTH="716" HEIGHT="148">
						<TextLine ID="line_37" HPOS="305" VPOS="2076" WIDTH="674" HEIGHT="45">
							<String ID="string_179" HPOS="305" VPOS="2076" WIDTH="400" HEIGHT="33" WC="0.90" CONTENT="Barnavårdsnämnden"/><SP WIDTH="23" VPOS="2076" HPOS="705"/>
							<String ID="string_180" HPOS="728" VPOS="2080" WIDTH="68" HEIGHT="30" WC="0.96" CONTENT="har"/><SP WIDTH="21" VPOS="2080" HPOS="796"/>
							<String ID="string_181" HPOS="817" VPOS="2083" WIDTH="52" HEIGHT="28" WC="0.96" CONTENT="att"/><SP WIDTH="20" VPOS="2083" HPOS="869"/>
							<String ID="string_182" HPOS="889" VPOS="2091" WIDTH="90" HEIGHT="30" WC="0.96" CONTENT="noga"/>
						</TextLine>
						<TextLine ID="line_38" HPOS="265" VPOS="2129" WIDTH="714" HEIGHT="43">
							<String ID="string_183" HPOS="265" VPOS="2129" WIDTH="87" HEIGHT="30" WC="0.82" CONTENT="vaka"/><SP WIDTH="26" VPOS="2129" HPOS="352"/>
							<String ID="string_184" HPOS="378" VPOS="2130" WIDTH="81" HEIGHT="30" WC="0.96" CONTENT="över"/><SP WIDTH="24" VPOS="2130" HPOS="459"/>
							<String ID="string_185" HPOS="483" VPOS="2133" WIDTH="53" HEIGHT="28" WC="0.96" CONTENT="att"/><SP WIDTH="26" VPOS="2133" HPOS="536"/>
							<String ID="string_186" HPOS="562" VPOS="2131" WIDTH="294" HEIGHT="41" WC="0.92" CONTENT="bidragsförskott"/><SP WIDTH="26" VPOS="2131" HPOS="856"/>
							<String ID="string_187" HPOS="882" VPOS="2135" WIDTH="97" HEIGHT="30" WC="0.92" CONTENT="kom-"/>
						</TextLine>
						<TextLine ID="line_39" HPOS="263" VPOS="2183" WIDTH="412" HEIGHT="41">
							<String ID="string_188" HPOS="263" VPOS="2191" WIDTH="74" HEIGHT="21" WC="0.96" CONTENT="mer"/><SP WIDTH="22" VPOS="2191" HPOS="337"/>
							<String ID="string_189" HPOS="359" VPOS="2183" WIDTH="122" HEIGHT="30" WC="0.96" CONTENT="barnet"/><SP WIDTH="23" VPOS="2183" HPOS="481"/>
							<String ID="string_190" HPOS="504" VPOS="2184" WIDTH="53" HEIGHT="30" WC="0.96" CONTENT="till"/><SP WIDTH="20" VPOS="2184" HPOS="557"/>
							<String ID="string_191" HPOS="577" VPOS="2185" WIDTH="98" HEIGHT="39" WC="0.96" CONTENT="godo."/>
						</TextLine>
					</TextBlock>
				</ComposedBlock>
				<ComposedBlock ID="cblock_16" HPOS="1033" VPOS="2084" WIDTH="720" HEIGHT="362">
					<TextBlock ID="block_16" HPOS="1033" VPOS="2084" WIDTH="720" HEIGHT="362">
						<TextLine ID="line_40" HPOS="1077" VPOS="2084" WIDTH="676" HEIGHT="42">
							<String ID="string_192" HPOS="1077" VPOS="2084" WIDTH="73" HEIGHT="29" WC="0.93" CONTENT="Har"/><SP WIDTH="24" VPOS="2084" HPOS="1150"/>
							<String ID="string_193" HPOS="1174" VPOS="2084" WIDTH="228" HEIGHT="41" WC="0.92" CONTENT="faderskapet"/><SP WIDTH="25" VPOS="2084" HPOS="1402"/>
							<String ID="string_194" HPOS="1427" VPOS="2087" WIDTH="35" HEIGHT="39" WC="0.95" CONTENT="ej"/><SP WIDTH="22" VPOS="2087" HPOS="1462"/>
							<String ID="string_195" HPOS="1484" VPOS="2086" WIDTH="187" HEIGHT="40" WC="0.93" CONTENT="fastställts"/><SP WIDTH="28" VPOS="2086" HPOS="1671"/>
							<String ID="string_196" HPOS="1699" VPOS="2089" WIDTH="54" HEIGHT="30" WC="0.90" CONTENT="be-"/>
						</TextLine>
						<TextLine ID="line_41" HPOS="1037" VPOS="2136" WIDTH="715" HEIGHT="45">
							<String ID="string_197" HPOS="1037" VPOS="2136" WIDTH="175" HEIGHT="40" WC="0.96" CONTENT="träffande"/><SP WIDTH="51" VPOS="2136" HPOS="1212"/>
							<String ID="string_198" HPOS="1263" VPOS="2138" WIDTH="86" HEIGHT="30" WC="0.94" CONTENT="barn"/><SP WIDTH="51" VPOS="2138" HPOS="1349"/>
							<String ID="string_199" HPOS="1400" VPOS="2141" WIDTH="94" HEIGHT="28" WC="0.93" CONTENT="utom"/><SP WIDTH="50" VPOS="2141" HPOS="1494"/>
							<String ID="string_200" HPOS="1544" VPOS="2140" WIDTH="208" HEIGHT="41" WC="0.93" CONTENT="äktenskap,"/>
						</TextLine>
						<TextLine ID="line_42" HPOS="1034" VPOS="2189" WIDTH="718" HEIGHT="46">
							<String ID="string_201" HPOS="1034" VPOS="2189" WIDTH="92" HEIGHT="30" WC="0.96" CONTENT="skall"/><SP WIDTH="17" VPOS="2189" HPOS="1126"/>
							<String ID="string_202" HPOS="1143" VPOS="2190" WIDTH="57" HEIGHT="30" WC="0.96" CONTENT="vid"/><SP WIDTH="18" VPOS="2190" HPOS="1200"/>
							<String ID="string_203" HPOS="1218" VPOS="2191" WIDTH="267" HEIGHT="41" WC="0.95" CONTENT="tillämpningen"/><SP WIDTH="18" VPOS="2191" HPOS="1485"/>
							<String ID="string_204" HPOS="1503" VPOS="2203" WIDTH="43" HEIGHT="21" WC="0.96" CONTENT="av"/><SP WIDTH="18" VPOS="2203" HPOS="1546"/>
							<String ID="string_205" HPOS="1564" VPOS="2194" WIDTH="114" HEIGHT="31" WC="0.96" CONTENT="denna"/><SP WIDTH="18" VPOS="2194" HPOS="1678"/>
							<String ID="string_206" HPOS="1696" VPOS="2195" WIDTH="56" HEIGHT="40" WC="0.96" CONTENT="lag"/>
						</TextLine>
						<TextLine ID="line_43" HPOS="1033" VPOS="2244" WIDTH="719" HEIGHT="41">
							<String ID="string_207" HPOS="1033" VPOS="2251" WIDTH="113" HEIGHT="29" WC="0.96" CONTENT="anses,"/><SP WIDTH="22" VPOS="2251" HPOS="1146"/>
							<String ID="string_208" HPOS="1168" VPOS="2245" WIDTH="51" HEIGHT="28" WC="0.96" CONTENT="att"/><SP WIDTH="20" VPOS="2245" HPOS="1219"/>
							<String ID="string_209" HPOS="1239" VPOS="2244" WIDTH="126" HEIGHT="39" WC="0.96" CONTENT="fadern"/><SP WIDTH="21" VPOS="2244" HPOS="1365"/>
							<String ID="string_210" HPOS="1386" VPOS="2255" WIDTH="123" HEIGHT="30" WC="0.96" CONTENT="genom"/><SP WIDTH="24" VPOS="2255" HPOS="1509"/>
							<String ID="string_211" HPOS="1533" VPOS="2247" WIDTH="114" HEIGHT="30" WC="0.95" CONTENT="beslut"/><SP WIDTH="21" VPOS="2247" HPOS="1647"/>
							<String ID="string_212" HPOS="1668" VPOS="2248" WIDTH="84" HEIGHT="30" WC="0.96" CONTENT="eller"/>
						</TextLine>
						<TextLine ID="line_44" HPOS="1034" VPOS="2296" WIDTH="718" HEIGHT="44">
							<String ID="string_213" HPOS="1034" VPOS="2296" WIDTH="94" HEIGHT="29" WC="0.96" CONTENT="avtal"/><SP WIDTH="18" VPOS="2296" HPOS="1128"/>
							<String ID="string_214" HPOS="1146" VPOS="2305" WIDTH="75" HEIGHT="22" WC="0.96" CONTENT="som"/><SP WIDTH="24" VPOS="2305" HPOS="1221"/>
							<String ID="string_215" HPOS="1245" VPOS="2297" WIDTH="12" HEIGHT="30" WC="0.96" CONTENT="i"/><SP WIDTH="20" VPOS="2297" HPOS="1257"/>
							<String ID="string_216" HPOS="1277" VPOS="2298" WIDTH="16" HEIGHT="29" WC="0.89" CONTENT="1"/><SP WIDTH="23" VPOS="2298" HPOS="1293"/>
							<String ID="string_217" HPOS="1316" VPOS="2298" WIDTH="22" HEIGHT="37" WC="0.89" CONTENT="$"/><SP WIDTH="19" VPOS="2298" HPOS="1338"/>
							<String ID="string_218" HPOS="1357" VPOS="2299" WIDTH="79" HEIGHT="39" WC="0.96" CONTENT="sägs"/><SP WIDTH="23" VPOS="2299" HPOS="1436"/>
							<String ID="string_219" HPOS="1459" VPOS="2299" WIDTH="98" HEIGHT="31" WC="0.93" CONTENT="blivit"/><SP WIDTH="19" VPOS="2299" HPOS="1557"/>
							<String ID="string_220" HPOS="1576" VPOS="2300" WIDTH="104" HEIGHT="40" WC="0.92" CONTENT="ålagd"/><SP WIDTH="19" VPOS="2300" HPOS="1680"/>
							<String ID="string_221" HPOS="1699" VPOS="2303" WIDTH="53" HEIGHT="28" WC="0.96" CONTENT="att"/>
						</TextLine>
						<TextLine ID="line_45" HPOS="1035" VPOS="2349" WIDTH="716" HEIGHT="43">
							<String ID="string_222" HPOS="1035" VPOS="2349" WIDTH="116" HEIGHT="39" WC="0.92" CONTENT="utgiva"/><SP WIDTH="33" VPOS="2349" HPOS="1151"/>
							<String ID="string_223" HPOS="1184" VPOS="2350" WIDTH="328" HEIGHT="42" WC="0.92" CONTENT="underhållsbidrag"/><SP WIDTH="33" VPOS="2350" HPOS="1512"/>
							<String ID="string_224" HPOS="1545" VPOS="2353" WIDTH="53" HEIGHT="30" WC="0.96" CONTENT="till"/><SP WIDTH="31" VPOS="2353" HPOS="1598"/>
							<String ID="string_225" HPOS="1629" VPOS="2354" WIDTH="122" HEIGHT="30" WC="0.95" CONTENT="barnet"/>
						</TextLine>
						<TextLine ID="line_46" HPOS="1033" VPOS="2402" WIDTH="716" HEIGHT="44">
							<String ID="string_226" HPOS="1033" VPOS="2402" WIDTH="80" HEIGHT="30" WC="0.96" CONTENT="med"/><SP WIDTH="27" VPOS="2402" HPOS="1113"/>
							<String ID="string_227" HPOS="1140" VPOS="2403" WIDTH="63" HEIGHT="30" WC="0.96" CONTENT="996"/><SP WIDTH="28" VPOS="2403" HPOS="1203"/>
							<String ID="string_228" HPOS="1231" VPOS="2404" WIDTH="132" HEIGHT="29" WC="0.96" CONTENT="kronor"/><SP WIDTH="28" VPOS="2404" HPOS="1363"/>
							<String ID="string_229" HPOS="1391" VPOS="2414" WIDTH="55" HEIGHT="21" WC="0.96" CONTENT="om"/><SP WIDTH="28" VPOS="2414" HPOS="1446"/>
							<String ID="string_230" HPOS="1474" VPOS="2406" WIDTH="75" HEIGHT="30" WC="0.96" CONTENT="året"/><SP WIDTH="26" VPOS="2406" HPOS="1549"/>
							<String ID="string_231" HPOS="1575" VPOS="2406" WIDTH="81" HEIGHT="40" WC="0.96" CONTENT="från"/><SP WIDTH="28" VPOS="2406" HPOS="1656"/>
							<String ID="string_232" HPOS="1684" VPOS="2407" WIDTH="65" HEIGHT="30" WC="0.96" CONTENT="och"/>
						</TextLine>
					</TextBlock>
				</ComposedBlock>
				<ComposedBlock ID="cblock_17" HPOS="294" VPOS="2475" WIDTH="1064" HEIGHT="40">
					<TextBlock ID="block_17" HPOS="294" VPOS="2475" WIDTH="1064" HEIGHT="40">
						<TextLine ID="line_47" HPOS="294" VPOS="2475" WIDTH="1064" HEIGHT="40">
							<String ID="string_233" HPOS="294" VPOS="2475" WIDTH="9" HEIGHT="16" WC="0.54" CONTENT="+"/><SP WIDTH="21" VPOS="2475" HPOS="303"/>
							<String ID="string_234" HPOS="324" VPOS="2477" WIDTH="115" HEIGHT="25" WC="0.94" CONTENT="Senaste"/><SP WIDTH="13" VPOS="2477" HPOS="439"/>
							<String ID="string_235" HPOS="452" VPOS="2478" WIDTH="105" HEIGHT="31" WC="0.96" CONTENT="lydelse"/><SP WIDTH="14" VPOS="2478" HPOS="557"/>
							<String ID="string_236" HPOS="571" VPOS="2487" WIDTH="35" HEIGHT="17" WC="0.96" CONTENT="av"/><SP WIDTH="14" VPOS="2487" HPOS="606"/>
							<String ID="string_237" HPOS="620" VPOS="2480" WIDTH="13" HEIGHT="24" WC="0.80" CONTENT="1"/><SP WIDTH="16" VPOS="2480" HPOS="633"/>
							<String ID="string_238" HPOS="649" VPOS="2481" WIDTH="12" HEIGHT="29" WC="0.80" CONTENT="$"/><SP WIDTH="13" VPOS="2481" HPOS="661"/>
							<String ID="string_239" HPOS="674" VPOS="2487" WIDTH="28" HEIGHT="18" WC="0.96" CONTENT="se"/><SP WIDTH="14" VPOS="2487" HPOS="702"/>
							<String ID="string_240" HPOS="716" VPOS="2481" WIDTH="61" HEIGHT="25" WC="0.93" CONTENT="SFS"/><SP WIDTH="14" VPOS="2481" HPOS="777"/>
							<String ID="string_241" HPOS="791" VPOS="2482" WIDTH="119" HEIGHT="25" WC="0.92" CONTENT="1956:48"/><SP WIDTH="14" VPOS="2482" HPOS="910"/>
							<String ID="string_242" HPOS="924" VPOS="2484" WIDTH="51" HEIGHT="24" WC="0.96" CONTENT="och"/><SP WIDTH="14" VPOS="2484" HPOS="975"/>
							<String ID="string_243" HPOS="989" VPOS="2490" WIDTH="37" HEIGHT="18" WC="0.96" CONTENT="av"/><SP WIDTH="13" VPOS="2490" HPOS="1026"/>
							<String ID="string_244" HPOS="1039" VPOS="2484" WIDTH="15" HEIGHT="25" WC="0.92" CONTENT="8"/><SP WIDTH="15" VPOS="2484" HPOS="1054"/>
							<String ID="string_245" HPOS="1069" VPOS="2485" WIDTH="11" HEIGHT="30" WC="0.92" CONTENT="$"/><SP WIDTH="14" VPOS="2485" HPOS="1080"/>
							<String ID="string_246" HPOS="1094" VPOS="2491" WIDTH="28" HEIGHT="18" WC="0.95" CONTENT="se"/><SP WIDTH="14" VPOS="2491" HPOS="1122"/>
							<String ID="string_247" HPOS="1136" VPOS="2485" WIDTH="60" HEIGHT="25" WC="0.95" CONTENT="SFS"/><SP WIDTH="15" VPOS="2485" HPOS="1196"/>
							<String ID="string_248" HPOS="1211" VPOS="2486" WIDTH="78" HEIGHT="25" WC="0.0" CONTENT="1957:"/><SP WIDTH="9" VPOS="2486" HPOS="1289"/>
							<String ID="string_249" HPOS="1298" VPOS="2471" WIDTH="60" HEIGHT="48" WC="0.0" CONTENT="283."/>
						</TextLine>
					</TextBlock>
				</ComposedBlock>
			</PrintSpace>
		</Page>
	</Layout>
</alto>
