1916 2788
462 160 120 30 Andra
604 159 247 41 lagutskottets
873 159 181 31 utlåtande
1074 168 44 20 nr
1137 159 44 30 20
1202 159 40 30 år
1263 159 85 30 1960
1609 158 41 30 35

205 241 306 40 Maximibeloppet
528 241 55 29 för
600 240 220 31 återstående
838 239 174 30 särskilda
1028 239 222 39 barnbidrag,
1268 239 53 30 till
1339 238 131 31 antalet
1487 238 164 39 omkring

164 295 37 30 13
216 295 74 34 500,
316 294 147 31 föreslås
488 294 79 40 höjt
594 294 52 30 till
673 293 63 30 996
761 294 54 30 kr.
842 292 142 31 Samma
1008 293 126 39 belopp
1161 292 89 30 skall
1276 292 106 40 enligt
1409 291 167 40 förslaget
1601 290 49 31 bli

161 349 195 30 maximum
377 348 55 30 för
453 347 306 40 bidragsförskott.

206 403 67 29 För
292 401 205 40 budgetåret
520 401 139 31 1960/61
681 401 174 30 beräknas
877 401 133 29 statens
1031 399 266 30 merkostnader
1318 399 45 40 på
1383 399 114 39 grund
1518 407 43 21 av
1582 397 69 31 för-

162 456 118 39 slagen
298 455 48 30 bli
365 455 63 30 306
447 455 89 40 milj.
554 455 64 34 kr.,
637 463 106 22 varav
766 454 60 30 195
846 454 89 40 milj.
954 454 54 29 kr.
1028 453 55 31 för
1103 452 374 40 standardhöjningen,
1499 452 39 30 51
1560 450 89 40 milj.

160 509 53 30 kr.
237 509 55 30 för
316 508 437 41 änkepensionsreformen
777 508 65 30 och
868 507 40 31 60
933 507 89 40 milj.
1047 507 53 30 kr.
1125 506 56 31 för
1205 504 445 41 barnpensionsreformen.

161 563 282 29 Kommunernas
467 561 191 30 kostnader
681 561 174 29 beräknas
879 561 67 29 öka
969 560 80 29 med
1073 560 39 29 25
1137 559 89 39 milj.
1250 559 53 30 kr.
1326 558 54 30 för
1404 556 248 40 standardhöj-

161 616 129 39 ningen
315 616 65 30 och
406 615 41 31 38
475 615 89 40 milj.
590 616 53 29 kr.
670 615 55 30 för
752 614 448 39 änkepensionsreformen,
1227 613 127 30 medan
1380 612 271 40 barnpensions-

162 669 176 31 reformen
360 670 71 29 inte
452 668 138 31 medför
611 669 114 39 någon
746 667 305 40 kostnadsökning
1073 667 54 30 för
1149 667 267 29 kommunerna.

205 776 13 29 I
242 776 57 30 det
320 775 158 40 följande
500 775 161 30 kommer
683 784 42 20 av
747 774 283 40 propositionens
1052 772 157 31 innehåll
1231 773 12 30 i
1265 771 192 31 allmänhet
1480 773 52 29 att
1554 770 99 30 redo-

161 830 92 29 visas
277 829 124 30 endast
425 829 41 30 de
489 828 260 40 huvudsakliga
773 827 144 31 delarna
941 836 43 21 av
1007 827 68 30 vad
1098 826 254 40 föredragande
1377 826 275 39 departements-

162 883 135 40 chefen,
314 882 190 31 statsrådet
518 882 153 37 Nilsson,
687 883 120 37 yttrat.
825 880 228 31 Beträffande
1070 880 119 39 övriga
1206 879 96 30 delar
1319 888 41 21 av
1377 877 274 41 propositionen,

162 936 116 30 såsom
303 936 243 40 redogörelsen
573 935 55 30 för
653 935 161 39 gällande
838 933 275 35 bestämmelser,
1140 932 284 40 redogörelserna
1450 931 55 30 för
1532 931 42 30 de
1598 930 54 30 till

161 990 114 39 grund
296 989 56 30 för
372 989 265 40 propositionen
658 988 198 39 framlagda
878 987 177 39 förslagen
1077 995 43 21 av
1144 986 83 30 1958
1249 986 57 30 års
1328 983 325 41 besparingsutred-

162 1043 83 40 ning
269 1043 65 30 och
360 1042 84 31 1958
468 1042 57 30 års
551 1040 517 40 socialförsäkringskommitté
1093 1042 92 28 samt
1210 1038 337 40 remissyttrandena
1572 1038 81 29 över

163 1097 101 29 dessa
278 1096 140 39 förslag,
433 1096 166 30 hänvisas
612 1095 53 30 till
679 1094 274 40 propositionen.

206 1204 48 29 De
284 1204 10 29 i
326 1203 287 30 motionerna
676 1201 222 31 framställda
927 1201 206 40 yrkandena
1163 1201 159 29 kommer
1352 1201 50 28 att
1431 1198 179 31 redovisas
1639 1197 13 29 i

163 1257 56 30 det
240 1256 166 40 följande,
426 1255 99 40 varje
543 1255 159 40 yrkande
720 1255 13 29 i
753 1254 206 40 anslutning
977 1254 54 30 till
1053 1254 56 30 det
1130 1253 130 30 avsnitt
1280 1252 115 30 vartill
1416 1252 58 30 det
1493 1251 159 30 närmast

163 1312 38 28 är
220 1312 50 28 att
289 1309 160 30 hänföra.

206 1362 227 31 Beträffande
452 1362 42 30 de
512 1362 77 30 skäl
609 1370 75 22 som
702 1361 185 39 åberopats
904 1361 53 30 till
977 1360 79 30 stöd
1074 1359 55 30 för
1147 1358 360 40 motionsyrkandena
1526 1358 55 29 får
1600 1359 53 27 ut-

164 1417 139 33 skottet,
341 1417 5 29 i
379 1416 67 30 den
477 1415 84 30 mån
593 1415 217 39 redogörelse
842 1413 123 30 härför
996 1413 77 30 icke
1105 1413 161 29 kommer
1298 1414 50 28 att
1380 1411 137 30 lämnas
1550 1411 12 29 i
1596 1411 56 29 det

165 1470 167 39 följande,
368 1469 149 30 hänvisa
552 1468 53 30 till
642 1468 221 30 motionerna
898 1467 105 36 II:11,
1038 1466 127 36 11:391,
1201 1464 126 38 II:714,
1362 1464 128 37 II:717,
1525 1464 127 36 II:713,

163 1523 108 37 1:576,
287 1523 126 36 I1:718,
429 1522 110 37 1:578,
555 1521 126 37 11:715,
697 1521 127 37 11:709,
840 1520 126 37 I1:710,
991 1519 112 30 II:711
1124 1519 65 30 och
1206 1518 125 30 II:712.

225 1696 349 48 Standardhöjning
592 1709 49 22 av
659 1694 336 49 folkpensionerna
1015 1693 73 36 och
1105 1693 249 47 finansiering
1371 1705 49 23 av
1439 1691 157 36 därmed

633 1757 181 36 förenade
833 1756 218 44 kostnader,
1069 1768 114 24 m.m.

164 1842 410 40 Departementschefen:

210 1905 51 30 Då
278 1905 58 39 jag
353 1913 48 21 nu
419 1904 144 39 övergår
578 1904 53 29 till
649 1905 50 28 att
716 1902 175 31 behandla
908 1903 42 29 de
967 1901 214 30 omedelbart
1199 1900 219 30 förestående
1436 1899 218 30 reformerna

163 1958 95 30 inom
277 1957 368 40 folkpensioneringen
661 1957 60 30 vill
737 1957 60 39 jag
815 1956 89 30 först
921 1955 164 40 uttrycka
1101 1955 75 29 min
1194 1954 115 40 glädje
1326 1955 80 29 över
1423 1955 51 28 att
1491 1953 58 30 det
1566 1953 89 30 visat

164 2010 50 40 sig
237 2010 137 40 möjligt
398 2012 50 28 att
470 2010 131 30 föreslå
623 2009 73 30 dels
720 2018 43 21 en
785 2008 196 40 betydande
1005 2008 132 30 allmän
1160 2006 318 39 standardhöjning
1502 2015 42 20 av
1567 2005 89 30 folk-

162 2063 243 39 pensionerna,
424 2063 73 30 dels
516 2071 43 22 en
576 2062 148 40 höjning
742 2062 65 30 och
825 2060 207 40 utvidgning
1051 2070 41 20 av
1111 2058 543 41 famfljepensionsförmånerna.

163 2116 65 29 Vid
248 2116 67 29 den
335 2115 176 39 tidpunkt,
532 2115 45 29 då
597 2115 67 29 den
682 2114 11 30 i
713 2113 201 31 arbetslivet
932 2113 225 30 verksamma
1176 2111 246 40 generationen
1443 2119 125 31 genom
1589 2110 67 29 till-

165 2167 408 40 läggspensioneringens
599 2166 186 30 införande
812 2166 67 29 fått
905 2165 55 30 sin
985 2165 161 39 trygghet
1171 2164 94 30 inför
1292 2163 190 30 framtiden
1507 2162 148 39 kraftigt

164 2220 162 39 utbyggd,
346 2221 65 28 har
430 2220 58 29 det
508 2219 179 29 framstått
708 2228 75 20 som
804 2217 143 30 särskilt
967 2217 180 39 angeläget
1168 2218 50 28 att
1238 2216 126 29 bereda
1383 2215 41 30 de
1445 2215 109 29 redan
1574 2223 82 31 pen-

165 2271 180 30 sionerade
364 2281 43 19 en
426 2271 171 38 väsentlig
617 2270 210 39 förbättring
848 2279 41 20 av
909 2268 327 30 levnadsvillkoren.

211 2323 198 38 Riksdagen
432 2323 109 28 enade
564 2322 51 38 sig
640 2321 83 29 1958
746 2331 57 20 om
826 2322 237 37 programmet
1086 2320 54 28 för
1165 2319 326 39 folkpensionernas
1515 2317 141 30 utveck-

168 2377 71 37 ling
271 2376 111 29 under
414 2385 40 19 en
488 2374 229 39 tioårsperiod
751 2374 65 29 och
849 2373 155 30 uttalade
1037 2373 50 38 sig
1120 2372 55 29 för
1207 2372 132 29 sådana
1370 2371 200 39 höjningar,
1605 2371 50 28 att

167 2429 190 39 pensionen
388 2446 44 3 —-
460 2428 122 29 varvid
613 2426 299 39 bostadstillägget
943 2426 72 29 inte
1047 2424 256 30 medräknades
1333 2442 44 3 —
1407 2423 114 30 skulle
1553 2423 102 38 höjas

168 2482 78 29 från
264 2483 18 28 2
298 2482 62 29 250
376 2482 51 29 kr.
443 2490 56 20 om
517 2481 73 29 året
606 2481 51 29 till
683 2481 9 29 3
707 2480 63 30 600
787 2481 51 29 kr.
855 2480 38 29 år
911 2479 83 30 1968
1012 2479 54 29 för
1081 2488 42 20 en
1140 2487 121 21 ensam
1277 2477 197 40 pensionär.
1490 2476 166 39 Beloppet
