2155 2658
341 184 40 29 20
781 174 287 36 Stats-Utskottets
1097 172 184 36 Utlåtande,
1305 171 66 32 N:o
1397 172 46 30 II.

298 266 46 48 af
372 260 394 53 fängelsebyggnadens
808 264 112 30 vestra
959 257 91 36 sidu.
1103 255 149 48 Förslag
1294 253 120 36 härtill
1449 252 91 35 lärer
1576 251 63 35 ock
1675 249 109 36 redan
1812 260 83 23 vara

301 316 201 51 uppgjordt,
531 313 67 36 och
625 312 117 37 denna
770 309 165 50 byggnad
967 308 100 42 skall,
1102 307 111 50 enligt
1241 307 216 40 detsamma,
1486 303 138 37 komma
1652 307 45 30 att
1717 298 178 38 innehålla

299 370 75 35 240)
401 367 98 36 celler
528 372 94 30 samt
649 365 104 35 kosta
788 366 155 38 128,000
972 362 97 36 R:dr.
1122 359 94 37 Hela
1231 355 350 52 fängelset
1421 348 20 63 i
1460 355 119 52 Malnö
1593 354 110 37 skulle
1718 352 50 36 då
1780 352 116 36 lemnu

298 428 169 41 utrymme
490 417 51 37 till
563 417 71 36 740
654 415 150 51 fångar.

432 471 73 36 Det
546 469 94 50 slags
669 469 136 47 fångar,
833 466 143 36 hvarför
1004 464 178 50 fängelset
1211 464 20 34 å
1257 461 83 50 Nya
1368 461 137 36 varfvet
1532 460 11 35 i
1571 458 182 48 Göteborg
1782 455 115 37 skulle

299 525 190 49 begagnas,
518 528 60 30 äro
608 519 355 48 straffarbetsfångar
991 518 37 35 af
1054 516 166 41 mankön,
1249 514 130 36 dömde
1407 513 56 36 till
1492 525 98 23 mera
1618 517 45 30 än
1691 512 60 34 två
1778 511 47 34 år

425 575 71 36 För
524 574 135 37 sådana
687 578 61 31 äro
777 571 150 36 afsedda
955 569 228 49 fängelserna
1211 568 11 35 i
1251 564 226 42 Carlskrona,
1509 563 131 37 Malmö
1655 562 243 47 och
1741 558 20 64 å
1785 562 113 47 Läng-

297 628 135 38 holmen
470 633 95 31 samt
602 623 236 50 provistonela
875 622 179 49 fängelset
1090 622 20 34 å
1150 619 83 50 Nya
1274 618 147 36 varfvet.
1484 616 55 36 De
1572 623 53 29 tre
1667 615 226 36 sistnämnda

297 688 159 41 upptaga
485 678 133 49 jemväl
657 675 234 37 försvarslöse
932 673 129 36 dömde
1090 677 94 35 män,
1212 684 78 22 som
1319 671 30 46 ej
1379 669 85 35 böra
1491 670 45 47 gå
1562 668 54 35 till
1645 666 253 36 kronoarbets-

297 733 166 48 korpsen.

423 782 119 36 Dessa
568 781 61 36 två
657 780 76 47 slag
761 778 39 36 af
824 778 126 48 fångar
978 775 108 37 hafva
1113 773 130 37 hittills
1272 773 134 49 utgjort

297 836 59 35 vid
385 835 111 36 slutet
524 833 39 35 af
588 833 39 34 år
656 834 94 33 1865
807 854 184 5 oc
1278 854 27 6 on
1595 825 106 38 1,303
1731 828 33 30 st

397 912 17 16 .
533 912 78 14 so,
656 885 95 34 1866
785 906 185 5 susse
1090 903 105 5 reser
1215 902 115 6 ns
1384 901 82 5 rr
1484 899 93 7 mn
1599 877 104 35 1481

398 966 18 13 M
532 965 18 12 ms
592 963 17 13 a
652 935 95 35 1867
781 958 106 9 sees
916 957 49 9 sr
984 955 184 6 srrsrensren
1186 954 139 6 rn
1345 952 27 8 ke
1412 951 160 7 sanna
1593 927 106 39 1B72

400 1018 17 13 >
530 1016 18 13 >
590 1015 18 13 .
651 988 95 34 1868
780 1011 83 8 sö
940 1008 93 5 ee
1110 1005 294 7 renen
1490 1002 83 6 rn
1592 978 105 40 1875

393 1070 19 14 »
529 1069 18 13 >
589 1068 18 12 a
648 1041 94 33 1860
773 1060 194 6 mess
1042 1060 92 4 re
1188 1058 104 5 re
1356 1055 207 7 een
1590 1029 108 41 2,179
1741 1057 19 12 s
1803 1036 96 28 samt

540 1119 7 13 ,
588 1118 18 13 »
648 1090 173 35 1870...
1588 1082 105 34 1,877

410 1144 127 37 Under
577 1142 89 35 sista
706 1141 77 34 året
810 1140 64 34 har
902 1138 141 35 således
1072 1137 104 35 deras
1205 1135 97 36 antal
1330 1134 149 47 nedgått
1502 1133 82 35 med
1614 1135 82 37 302,
1725 1131 67 36 och
1821 1132 73 35 lika

294 1196 175 48 antagligt
496 1207 78 22 som
603 1193 104 34 deras
737 1190 115 35 antals
881 1201 147 23 enorma
1055 1187 143 35 tillväxt
1220 1186 56 35 till
1305 1185 66 34 och
1400 1184 82 34 med
1511 1185 77 33 året
1618 1186 95 32 1869
1735 1182 56 35 till
1812 1189 85 33 stor,

294 1261 57 21 om
381 1248 30 47 ej
442 1251 141 35 största,
626 1242 105 36 delen
771 1254 62 22 var
870 1239 188 36 föranledd
1099 1238 39 35 af
1163 1238 42 34 de
1234 1235 216 49 föregående
1480 1235 104 34 årens
1612 1233 284 49 missgynnande

294 1295 383 39 skördeförhållanden
716 1293 66 36 och
813 1292 68 35 den
910 1291 103 35 deraf
1039 1289 178 36 beroende
1245 1288 144 48 tryckta
1416 1285 237 36 ekonomiska
1677 1284 221 49 ställningen

293 1351 11 34 i
332 1349 133 40 landet,
493 1348 73 35 lika
594 1345 176 48 antagligt
797 1350 39 29 är
864 1343 76 40 ock,
968 1349 52 29 att
1048 1342 118 34 denna
1193 1338 190 50 glädjande
1413 1336 266 49 förminskning
1707 1336 116 35 under
1838 1336 61 35 det

293 1402 168 35 sednaste
491 1400 76 34 året
595 1403 39 30 är
662 1404 53 28 att
739 1395 147 36 härleda
914 1395 80 34 från
1022 1399 52 29 ett
1101 1391 279 47 fördelaktigare
1405 1388 285 36 skörderesultat
1710 1387 115 35 under
1853 1387 43 35 de

293 1453 167 35 sednaste
490 1451 96 39 åren,
615 1455 95 29 samt
738 1453 53 29 att
818 1459 44 22 en
890 1445 209 49 ytterligare
1128 1441 266 48 förminskning
1418 1441 54 34 för
1500 1440 43 34 de
1561 1439 159 35 derefter
1736 1443 164 30 närmast

291 1503 157 49 följande
478 1508 39 30 är
546 1508 52 28 att
626 1501 149 48 hoppas,
804 1498 67 35 och
899 1497 63 35 bör
990 1496 128 36 härvid
1146 1494 221 40 observeras,
1396 1498 52 29 att
1476 1492 55 35 för
1555 1491 68 35 den
1653 1491 97 35 klass
1768 1490 39 35 af
1820 1491 81 34 fån-

292 1569 72 35 gar,
405 1568 77 22 som
520 1559 61 29 äro
611 1552 130 35 dömde
769 1551 56 34 för
854 1561 97 23 mera
991 1554 43 29 än
1063 1548 60 34 två
1151 1548 49 39 år,
1228 1544 130 37 verkan
1382 1543 109 49 följer
1508 1543 94 48 först
1619 1542 97 47 flera
1745 1541 42 35 är
1814 1543 86 38 efter

291 1605 159 38 orsaken.
502 1604 98 36 Intet
628 1602 78 36 skäl
730 1601 194 36 förefinnes
953 1599 153 40 således,
1135 1604 53 29 att
1216 1597 61 35 det
1294 1594 227 38 sistnämnda
1541 1593 135 36 antalet
1705 1592 91 36 skall
1814 1592 86 36 ökas

290 1660 56 34 för
384 1658 68 34 den
493 1661 182 30 närmaste
704 1653 207 39 framtiden,
941 1658 85 29 utan
1054 1656 173 33 tvärtom;
1256 1648 77 35 icke
1361 1646 115 36 heller
1503 1646 140 40 blifver,
1672 1658 128 35 genom
1830 1645 69 34 den

290 1709 204 47 föreslagna
522 1706 213 49 byggnaden
765 1706 20 33 å
813 1703 81 48 Nya
923 1703 148 39 varfvet,
1099 1700 145 36 hvartill
1268 1699 89 35 sista
1386 1697 104 36 delen
1511 1698 38 34 af
1576 1697 171 46 anslaget,
1766 1699 133 37 40,000

292 1760 86 40 Rdr,
403 1760 91 34 först
536 1757 115 36 skulle
682 1757 85 47 utgå
794 1755 115 35 under
938 1756 108 37 1873,
1076 1754 109 46 något
1212 1750 155 48 tidigare
1397 1755 183 41 utrymme
1610 1748 55 34 för
1689 1747 105 35 dessa
1822 1747 82 34 fån-

290 1824 81 36 gars
412 1809 213 36 förvarande
667 1807 281 39 åstadkommet,
989 1810 43 29 än
1062 1817 77 22 som
1169 1803 69 34 kan
1267 1801 152 35 beredas
1449 1812 129 35 genom
1608 1797 295 36 iståndsättande

292 1863 39 34 af
355 1861 179 48 fängelset
570 1860 3 34 i
601 1859 149 39 Malmö,
779 1857 137 35 hvilket
939 1856 110 35 redan
1079 1861 39 29 är
1145 1853 206 50 påbörjadt;
1380 1859 87 27 utan
1490 1850 131 35 blifver
1649 1850 54 34 för
1724 1849 70 34 alla
1816 1849 90 34 hän-

291 1914 118 35 delser
451 1912 103 34 deras
594 1909 212 36 förvarande
848 1909 20 33 å
908 1908 110 34 redan
1062 1905 183 47 befintliga
1273 1901 302 49 fängelselokaler
1603 1901 38 34 af
1666 1900 128 39 nöden,
1822 1899 76 35 tills

291 1963 227 37 sistnämnda
546 1960 161 50 fängelse
736 1960 129 35 blifver
893 1957 134 49 färdigt
1055 1964 52 28 att
1135 1963 182 40 emottaga
1345 1953 55 36 sin
1429 1952 57 35 del
1516 1952 110 35 deraf.

418 2014 190 49 Utrymme
636 2013 115 34 finnes
778 2011 12 35 i
810 2009 219 37 Carlskrona
1081 2009 55 34 för
1169 2005 13 62 =
1187 2030 150 7 ee-esce
1366 2028 207 7 see
1653 2005 73 32 400
1755 2002 136 48 fångar,

737 2064 47 47 på
811 2061 251 49 Långholmen
1104 2088 17 13 j,
1178 2084 57 4 es
1256 2079 319 8 seeesewseewweww
1651 2056 72 33 900
1815 2080 18 13 »

524 2115 67 36 och
619 2115 130 34 blifver
777 2114 6 35 i
805 2113 140 36 Malmö
1102 2134 223 17 rea
1467 2130 105 4 enn
1655 2107 72 33 740

1364 2165 149 36 Således
1542 2166 55 34 för
1626 2154 110 51 2,040
1760 2149 141 67 fångar.

413 2225 87 37 Som
529 2238 108 36 synes
665 2225 12 35 i
706 2225 144 48 bilagan
878 2223 66 38 N:o
975 2227 18 31 1
1023 2222 56 36 till
1103 2220 133 48 Kongl.
1267 2218 124 49 Maj:ts
1419 2216 227 50 proposition
1681 2214 67 37 N:o
1784 2219 17 31 1
1824 2228 79 35 pag.

290 2283 55 38 13,
370 2279 64 35 har
462 2277 224 49 fångantalet
714 2277 59 35 vid
802 2276 107 36 dessa
937 2274 182 49 fängelser
1147 2272 114 36 under
1290 2270 168 36 sednaste
1488 2270 86 34 åren
1603 2267 93 36 varit
1723 2272 116 30 större
1856 2271 46 32 än
