2212 2628
376 196 23 29 >
560 196 121 29 Första
706 195 217 29 kammarens
949 191 124 32 första
1099 192 173 39 tillfälliga
1294 192 143 29 utskotts
1460 192 174 29 utlåtande
1658 192 51 28 Nr
1735 193 50 28 14.

376 277 104 45 lägre
505 275 175 35 tekniska
723 272 331 46 undervisningen,
1086 273 72 33 den
1200 271 103 46 lägre
1338 270 479 47 handelsundervisningen
1847 284 45 23 m.
1926 285 51 22 m.

377 330 130 34 Under
535 329 138 35 sådana
716 327 260 35 förhållanden
1017 326 67 34 har
1125 326 62 34 det
1232 324 91 44 skäl,
1360 336 77 23 som
1472 325 184 35 utskottet
1684 324 13 35 i
1726 324 65 48 fjol
1821 326 161 35 anförde

376 384 58 33 för
462 382 251 46 avstyrkande
757 392 45 23 av
843 380 85 34 herr
971 378 156 46 Sigfrids
1171 378 149 42 motion,
1364 377 191 44 bortfallit,
1598 379 68 34 och
1695 379 184 35 utskottet
1906 380 71 34 har

378 439 124 32 ansett
530 435 56 47 sig
615 435 88 35 böra
732 437 87 42 taga
847 433 12 34 i
889 432 270 46 övervägande,
1177 443 57 23 om
1264 431 83 35 icke
1367 430 162 36 behovet
1549 443 44 23 av
1613 433 278 34 bestämmelser
1916 445 64 23 om:

378 489 260 47 obligatoriskt
667 487 223 46 deltagande
918 486 14 34 i
959 484 271 47 undervisning
1258 485 13 34 i
1299 484 124 46 huslig
1453 484 172 35 ekonomi
1654 490 96 31 samt
1776 486 14 35 i
1813 486 162 35 fortsätt-

377 542 246 47 ningsskolan
666 546 40 30 är
749 543 38 32 så
820 539 218 46 trängande,
1069 542 54 31 att
1153 538 107 35 dessa
1288 538 123 46 frågor
1440 537 87 36 böra
1555 538 98 35 lösas
1680 543 92 32 utan
1801 543 53 31 att
1881 539 93 35 före-

377 596 163 35 nämnda
569 595 180 47 förnyade
778 592 202 46 utredning
1008 591 163 36 avbidas.

484 649 192 35 Utskottet
705 650 66 44 går
793 659 53 22 nu
875 650 53 31 att
955 646 123 34 lämna
1119 657 46 22 en
1203 644 234 47 redogörelse
1465 645 57 34 för
1549 643 130 48 kungl.
1709 646 279 36 folkskolöver--

379 704 201 46 styrelsens
609 701 194 36 utlåtande
831 700 13 35 i
872 700 72 34 vad
974 700 61 34 det
1062 703 61 31 rör
1150 711 52 22 nu
1230 698 284 46 ifrågavarande
1544 699 148 34 ärende.

485 754 452 47 Folkskolöverstyrelsen
965 752 94 35 låter
1100 755 126 32 ämnet
1253 751 125 47 huslig
1416 750 173 36 ekonomi
1617 752 89 46 ingå
1736 764 75 23 som
1841 765 48 23 en
1914 754 70 34 del:

378 823 46 23 av
461 813 125 31 ämnet
613 807 143 47 husligt
784 807 136 35 arbete.
977 806 19 35 I
1023 805 191 47 uttrycket
1242 804 141 47 husligt
1412 805 124 35 arbete
1566 806 279 35 sammanfattas
1873 812 103 29 näm-

378 864 102 46 ligen
510 863 44 34 de
582 862 97 35 båda
707 859 475 47 undervisningsgrenarna
1210 858 173 47 kvinnlig
1413 858 95 48 slöjd
1537 857 253 48 (handarbete)
1807 860 67 34 och
1890 860 83 34 hus-

377 917 54 46 lig
461 915 173 36 ekonomi
663 914 90 36 eller
781 912 343 47 hushållsgöromål.

484 967 472 47 Folkskolöverstyrelsens
985 966 178 46 ställning
1199 965 58 35 till
1298 964 132 47 frågan
1458 965 12 33 i
1499 965 71 34 vad
1600 966 85 32 mån
1715 963 222 46 deltagande
1963 962 13 35 i

379 1022 320 47 undervisningen
727 1022 13 35 i
769 1021 124 46 huslig
935 1019 172 36 ekonomi
1145 1019 68 35 bör
1253 1024 107 41 göras
1404 1017 260 47 obligatoriskt
1696 1016 104 35 torde
1833 1016 141 46 framgå

381 1089 46 24 av
454 1076 281 36 nedanstående
763 1073 244 48 redogörelse,
1037 1072 152 36 hämtad
1217 1084 45 23 ur
1289 1072 253 47 nyssnämnda
1570 1070 205 35 utlåtande.

489 1124 283 53 Överstyrelsen
813 1128 138 35 uttalar
993 1138 75 24 som
1114 1126 58 35 sin
1216 1125 107 43 åsikt,
1354 1128 55 32 att
1438 1125 63 34 det
1527 1124 66 35 bör
1620 1123 207 47 uppställas
1857 1125 120 33 såsom

381 1196 46 23 en
467 1184 161 43 fordran,
673 1182 128 36 vilken
842 1181 93 35 efter
975 1180 75 35 viss
1080 1179 265 46 övergångstid
1373 1178 67 36 bör
1462 1190 90 24 vara
1580 1176 184 47 uppfylld,
1795 1180 54 31 att
1875 1176 104 35 inom

380 1237 102 48 varje
525 1236 235 36 skoldistrikt
800 1234 145 36 tillfälle
987 1236 47 44 på
1072 1236 54 32 ett
1154 1232 91 36 eller
1273 1236 114 31 annat
1415 1234 73 33 sätt
1516 1231 95 35 skall
1641 1242 89 23 vara
1757 1230 121 35 berett
1906 1231 83 34 den

380 1290 196 47 kvinnliga
604 1290 214 46 ungdomen
843 1291 53 32 att
925 1287 138 35 erhålla
1091 1286 271 46 undervisning
1390 1285 13 35 i
1432 1284 141 47 husligt
1601 1284 137 35 arbete.
1797 1283 67 36 Om
1891 1284 88 47 möj-

379 1344 72 46 ligt
478 1343 67 35 bör
571 1341 396 47 fortsättningsskolan
996 1339 168 36 meddela
1192 1339 81 35 sina
1288 1338 197 47 kvinnliga
1499 1337 191 48 lärjungar
1709 1336 275 46 undervisning

380 1398 14 34 i
422 1397 141 46 husligt
591 1396 136 35 arbete.
786 1395 69 35 Att
882 1395 85 34 hela
996 1394 72 34 den
1096 1392 213 47 kvinnliga,
1325 1393 203 45 ungdomen
1562 1390 161 47 tidigare
1743 1390 90 35 eller
1850 1402 130 23 senare

381 1451 120 35 under
530 1450 57 35 sin
615 1448 226 48 uppväxttid
870 1450 59 32 må
958 1447 138 35 erhålla
1125 1446 272 46 undervisning
1425 1445 13 35 i
1468 1446 141 41 sådant,
1642 1456 78 23 som
1749 1444 67 34 hör
1843 1443 58 35 till
1926 1447 56 31 ett

381 1505 104 34 hems
528 1503 193 43 skötande,
761 1507 40 30 är
840 1500 296 48 uppenbarligen
1178 1503 54 32 ett
1273 1498 348 36 eftersträvansvärt
1656 1497 86 44 mål,
1773 1509 44 23 av
1847 1500 141 32 största.

381 1557 192 48 betydelse
601 1556 56 35 för
685 1556 84 35 hela
797 1555 136 35 folkets
962 1555 103 34 hälsa
1095 1554 69 35 och
1194 1551 243 37 ekonomiska
1466 1552 181 35 välstånd.

490 1610 68 35 Att
593 1610 12 34 i
634 1610 72 35 alla
734 1607 386 47 fortsättningsskolor
1149 1606 166 35 anordna
1342 1605 272 46 undervisning
1642 1604 13 35 i
1684 1604 141 46 husligt
1854 1603 139 35 arbete-

381 1665 105 34 torde
529 1663 95 36 dock
668 1662 118 46 enligt
828 1661 288 47 överstyrelsens
1157 1659 242 47 uppfattning
1442 1662 95 32 stöta
1578 1660 47 45 på
1659 1662 99 31 stora
1786 1657 192 47 praktiska

383 1717 241 47 svårigheter.

490 1771 84 34 Vad
607 1769 278 47 landsbygdens
915 1767 123 36 skolor
1065 1767 177 35 beträffar
1268 1767 106 34 torde
1403 1767 118 41 dessa,
1553 1765 85 34 med
1667 1765 145 46 hänsyn
1842 1763 148 43 därtill,

384 1828 55 31 att
479 1824 63 35 vid
581 1824 45 34 de
663 1823 106 35 flesta
798 1821 204 36 folkskolor
1029 1823 48 44 på
1105 1820 260 47 landsbygden
1392 1819 96 35 blott
1516 1831 46 22 en
1591 1819 97 34 enda
1716 1817 197 35 lärarkraft
1942 1822 49 30 är

385 1878 161 35 anställd
588 1877 69 35 och
701 1879 53 32 att
786 1874 313 48 lärjungeantalet
1126 1874 14 35 i
1168 1873 203 35 allmänhet
1400 1878 40 30 är
1467 1872 92 42 litet,
1588 1871 14 35 i
1629 1871 104 46 regel
1761 1870 99 36 bliva
1890 1883 91 22 sam-

385 1932 134 35 skolor.
576 1931 79 34 Där
689 1928 233 46 fackkunnig
954 1928 187 35 lärarinna
1169 1927 57 35 för
1253 1925 272 47 undervisning
1551 1924 14 36 i
1592 1925 144 46 husligt
1764 1924 123 36 arbete
1916 1924 65 34 fin-

384 1997 67 23 nes
492 1987 54 32 att
586 1983 118 47 tillgå,
748 1982 76 35 kan
865 1992 85 24 man
993 1981 57 44 då,
1095 1992 109 24 anser
1233 1979 283 48 överstyrelsen,
1545 1978 170 47 tillämpa
1743 1978 117 35 delvis
1889 1989 94 23 sam-

385 2037 272 46 undervisning
699 2036 69 35 och
811 2035 117 35 delvis
970 2033 342 47 särundervisning,
1345 2033 6 35 i
1380 2033 64 35 det
1482 2044 86 23 man
1595 2032 95 35 låter
1720 2032 97 34 vissa
1845 2030 139 48 partier

386 2104 46 22 av
470 2090 319 46 undervisningen
817 2089 13 34 i
854 2087 390 49 jordbrukskunskap,
1288 2086 185 36 måhända
1507 2091 93 30 även
1627 2085 14 34 i
1669 2084 314 47 medborgarkun-

387 2145 104 46 skap,
535 2146 90 44 utgå
667 2155 45 23 ur
750 2142 198 36 flickornas
976 2141 90 35 kurs
1095 2141 70 35 och
1193 2140 13 35 i
1236 2141 123 34 stället
1385 2140 156 35 bereder
1570 2139 82 35 dem
1681 2138 14 35 i
1725 2138 262 36 motsvarande

385 2197 263 46 utsträckning
680 2195 271 46 undervisning
978 2195 14 35 i
1019 2194 142 47 husligt
1186 2194 135 44 arbete,
1353 2193 179 46 antingen
1560 2192 13 35 i
1600 2191 97 36 båda
1727 2203 182 35 grenarna
1939 2203 46 22 av

386 2253 103 34 detta
533 2256 106 29 ämne
683 2251 89 34 eller
799 2249 13 35 i
842 2249 142 35 ettdera
1017 2248 68 36 och
1115 2249 47 34 då
1190 2247 151 36 framför
1369 2247 67 35 allt
1463 2246 13 35 i
1504 2245 345 47 hushållsgöromål.
1907 2244 89 35 Där
