1888 2790
562 147 315 30 Bankoutskottets
901 147 179 30 utlåtande
1103 156 43 20 nr
1168 148 29 28 5.
1622 145 15 30 1

822 364 59 40 Nr
906 364 37 41 9.

352 466 185 31 Utlåtande
563 465 179 39 angående
770 465 73 30 dels
872 464 190 31 verkställd
1088 464 219 41 granskning
1333 474 43 20 av
1402 464 234 30 riksbankens

574 518 65 30 och
666 517 357 40 riksgäldskontorets
1049 517 146 39 styrelse
1223 517 64 30 och
1313 516 225 40 förvaltning,
1565 516 72 30 dels

572 567 68 30 ock
666 567 101 29 väckt
793 566 134 30 motion
952 567 82 29 med
1059 565 190 41 anledning
1275 575 43 20 av
1344 568 51 28 att
1421 565 215 30 riksbanken

574 618 126 39 utgivit
725 617 115 30 sedlar
868 617 53 30 lill
944 617 106 39 högre
1079 616 124 40 belopp
1229 617 45 29 än
1303 616 66 30 vad
1394 616 160 40 gällande
1583 616 54 39 lag

573 667 187 39 medgiver.

176 770 117 40 Enligt
317 770 15 37 $
357 770 19 29 4
398 769 11 30 i
432 771 66 29 den
520 770 58 29 för
598 769 290 30 bankoutskottet
911 768 161 40 gällande
1093 768 264 30 instruktionen
1379 768 65 29 har
1465 768 172 29 utskottet

130 823 52 29 att
197 821 203 30 undersöka
416 821 64 30 och
498 821 155 39 granska
683 820 343 29 riksbankens
1058 819 160 30 tillstånd
1237 819 65 30 och
1320 819 93 29 huru
1431 819 206 30 densamma

131 873 97 39 styrd
246 872 65 29 och
330 871 174 30 förvaltad
523 870 110 35 blivit,
653 871 65 29 och
736 870 64 30 bör
818 870 170 31 utskottet
1007 870 125 30 därvid
1149 870 80 29 med
1250 868 178 41 synnerlig
1446 869 191 40 uppmärk-

131 923 136 30 samhet
283 922 91 40 följa
391 923 42 29 de
450 921 243 39 fullmäktiges
709 921 172 39 åtgärder,
901 930 74 21 som
994 930 80 21 avse
1093 920 200 30 metalliska
1310 920 149 30 kassans
1478 920 159 40 upprätt-

130 972 165 32 hållande
323 974 92 29 samt
442 971 347 41 myntutväxlingens
818 971 164 40 fortgång
1009 971 67 30 och
1104 970 158 30 bestånd.

176 1023 69 30 För
265 1023 282 39 granskningens
567 1022 260 30 verkställande
849 1022 64 29 har
934 1022 172 29 utskottet
1127 1022 87 38 tagit
1236 1021 55 30 del
1313 1030 43 21 av
1376 1020 73 30 dels
1471 1020 167 30 fullmäk-

130 1074 88 39 tiges
238 1074 12 30 i
271 1073 218 30 riksbanken
510 1073 182 30 allmänna
713 1073 65 30 och
801 1073 173 30 särskilda
995 1072 177 40 protokoll
1196 1074 91 28 samt
1310 1071 239 31 direktionens
1573 1071 64 30 och

130 1124 345 40 industristyrelsens
495 1123 177 40 protokoll
693 1124 166 30 ävensom
881 1123 174 40 protokoll
1077 1122 81 30 från
1180 1130 262 31 gemensamma
1463 1131 176 21 samman-

130 1175 124 30 träden
274 1175 81 29 med
375 1174 223 39 fullmäktige
619 1175 12 29 i
650 1173 216 31 riksbanken
887 1173 65 30 och
971 1173 12 30 i
1004 1173 351 39 riksgäldskontoret,
1379 1172 162 40 samtliga
1561 1181 78 31 pro-

130 1225 109 30 tokoll
256 1225 57 30 för
330 1224 98 31 tiden
445 1224 80 30 från
543 1225 67 29 och
627 1225 80 29 med
725 1224 67 30 den
812 1224 40 30 10
869 1223 143 40 januari
1032 1223 95 35 1950,
1145 1223 93 30 intill
1256 1223 120 30 vilken
1393 1223 66 39 dag
1476 1232 162 21 ansvars-

130 1275 107 31 frihet
258 1275 165 40 beviljats
444 1275 55 31 för
520 1275 242 40 fullmäktiges
785 1275 11 29 i
817 1275 220 40 protokollen
1060 1274 218 30 antecknade
1301 1274 114 30 beslut
1438 1273 65 31 och
1525 1273 114 40 åtgär-

134 1330 70 33 der,
233 1328 65 30 och
327 1328 54 30 till
408 1327 126 40 början
563 1336 43 22 av
634 1327 237 30 innevarande
899 1326 56 30 års
983 1326 155 39 riksdag,
1166 1326 73 30 dels
1268 1326 70 30 den
1364 1334 43 21 av
1434 1325 207 40 riksdagens

133 1377 170 30 revisorer
323 1376 148 39 avgivna
490 1376 213 30 berättelsen
723 1385 57 21 om
800 1375 193 31 verkställd
1014 1375 218 40 granskning
1251 1384 44 21 av
1314 1374 237 31 riksbankens
1570 1374 68 30 till-

132 1428 103 30 stånd
256 1428 66 29 och
342 1426 218 40 förvaltning
581 1427 112 29 under
716 1426 38 30 år
779 1425 95 35 1949,
897 1426 72 29 dels
992 1426 67 29 ock
1080 1425 244 39 fullmäktiges
1345 1426 80 29 med
1447 1425 190 30 utskottets

131 1478 183 30 memorial
336 1487 44 20 nr
403 1477 14 29 1
441 1476 53 30 till
514 1477 191 39 riksdagen
726 1476 245 30 överlämnade
993 1476 186 30 berättelse
1201 1475 181 39 angående
1404 1475 235 30 riksbankens

132 1528 169 35 tillstånd,
326 1528 130 30 rörelse
480 1527 65 30 och
569 1527 216 39 förvaltning
809 1526 114 30 under
946 1526 39 30 år
1011 1526 95 34 1950,
1133 1527 165 29 ävensom
1325 1526 43 30 de
1391 1525 247 40 redogörelser,

134 1588 74 21 som
230 1588 43 21 av
291 1578 216 40 styrelserna
527 1577 56 30 för
605 1577 236 30 riksbankens
862 1576 334 40 avdelningskontor
1218 1577 153 30 lämnats
1394 1576 11 29 i
1426 1576 171 30 avseende
1621 1576 19 29 å

133 1630 102 30 dessa
252 1629 149 31 kontors
418 1628 217 40 förvaltning
652 1629 112 29 under
784 1637 137 21 samma
938 1627 48 31 år.

178 1679 66 31 Vid
267 1679 263 40 granskningen
552 1679 66 30 har
641 1678 57 30 för
719 1679 173 29 utskottet
915 1678 89 30 varit
1027 1677 197 40 tillgänglig
1245 1677 134 40 jämväl
1403 1677 73 30 dels
1500 1686 44 20 en
1570 1677 71 29 sär-

136 1732 91 30 skild
245 1732 219 38 redogörelse
482 1731 55 30 för
555 1731 271 29 verksamheten
842 1730 59 30 vid
919 1729 234 31 riksbankens
1170 1728 245 41 pappersbruk
1432 1728 57 30 vid
1507 1728 137 30 Tumba

135 1783 111 29 under
263 1781 39 31 år
321 1781 94 34 1950,
433 1782 73 29 dels
523 1791 43 20 en
584 1781 152 30 särskild
752 1780 109 30 vinst-
877 1780 64 30 och
958 1779 281 40 förlusträkning
1256 1779 56 30 för
1328 1779 136 34 bruket,
1483 1788 75 21 som
1576 1778 68 30 till-

136 1833 145 39 godoser
299 1833 42 29 de
359 1831 182 30 önskemål
560 1831 178 39 angående
757 1830 418 39 resultatredovisningen
1193 1830 58 30 vid
1269 1830 127 29 bruket
1415 1838 75 21 som
1508 1829 136 30 utskot-

136 1885 49 27 tet
202 1882 196 30 framförde
415 1882 111 29 under
543 1881 161 39 punkten
721 1880 59 30 3:0
798 1881 11 29 i
828 1881 60 29 sitt
906 1879 180 31 utlåtande
1104 1889 42 20 nr
1164 1878 20 30 4
1201 1880 54 30 till
1276 1879 84 30 1950
1378 1879 57 30 års
1452 1879 154 39 riksdag.

179 1931 14 30 I
210 1931 102 38 fråga
328 1939 58 21 om
404 1930 199 31 metalliska
621 1930 149 29 kassans
790 1929 175 38 ställning,
986 1928 288 39 sedelutgivning,
1293 1928 53 29 in-
1364 1928 64 30 och
1447 1928 194 39 utlånings-

134 1981 128 30 rörelse
285 1982 167 29 ävensom
473 1980 97 39 övrig
591 1979 225 31 verksamhet
838 1979 58 31 vid
918 1979 236 30 riksbankens
1175 1978 137 31 huvud-
1334 1978 65 30 och
1421 1978 220 39 avdelnings-

134 2032 127 29 kontor
284 2033 92 28 samt
398 2031 58 30 vid
477 2030 236 30 riksbankens
734 2029 244 41 pappersbruk
1001 2029 65 30 och
1088 2029 251 39 sedeltryckeri
1361 2029 129 30 tillåter
1514 2029 53 39 sig
1588 2031 54 27 ut-

135 2083 130 29 skottet
288 2083 51 29 att
360 2081 56 30 för
438 2091 44 20 en
503 2082 163 29 närmare
688 2081 200 30 kännedom
911 2089 57 21 om
990 2080 210 29 hithörande
1224 2079 247 30 förhållanden
1493 2079 148 30 hänvisa

136 2132 53 30 till
214 2133 44 29 de
282 2132 248 38 redogörelser,
560 2140 74 21 som
662 2131 153 30 lämnats
841 2131 11 29 i
879 2131 41 29 de
947 2130 214 34 berättelser,
1189 2130 95 30 vilka
1311 2129 146 40 avgivits
1484 2139 42 21 av
1553 2129 90 30 riks-

136 2182 130 39 dagens
288 2181 172 31 revisorer
482 2182 66 29 och
570 2181 222 39 fullmäktige
815 2182 12 29 i
849 2180 225 30 riksbanken.

181 2232 26 29 Ä
227 2231 55 30 sin
301 2231 195 38 utlånings-
514 2231 65 30 och
600 2231 119 39 övriga
737 2231 130 29 rörelse
887 2230 110 29 under
1017 2230 39 30 år
1079 2230 83 29 1950
1183 2230 64 30 har
1267 2230 216 29 riksbanken
1503 2229 140 30 erhållit

136 2291 43 20 en
201 2281 93 30 vinst
316 2291 43 20 av
380 2281 41 30 63
436 2281 62 29 372
510 2280 64 30 404
596 2282 131 28 kronor
749 2280 41 29 44
813 2281 69 29 öre.

182 2332 13 29 I
217 2331 169 31 avseende
408 2331 87 30 härå
515 2331 167 29 hänvisas
703 2331 52 29 till
778 2331 41 29 de
842 2329 247 41 specificerade
1111 2330 178 39 uppgifter
1310 2329 221 32 beträffande
1554 2330 89 29 riks-

137 2382 158 29 bankens
325 2381 107 30 vinst-
460 2381 65 30 och
554 2381 292 38 förlusträkning,
878 2389 74 21 som
982 2380 220 30 förekomma
1233 2379 10 30 i
1274 2379 241 39 fullmäktiges
1544 2389 99 29 nyss-

138 2433 163 33 nämnda,
329 2441 42 21 av
397 2431 170 30 utskottet
593 2432 79 29 med
699 2430 182 31 memorial
909 2440 41 20 nr
978 2430 14 29 1
1021 2430 52 30 till
1101 2430 188 39 riksdagen
1316 2430 245 30 överlämnade
1587 2429 56 30 be-

139 2483 150 30 rättelse.

169 2550 13 25 1
226 2549 112 31 Bihang
351 2549 46 23 till
409 2549 169 30 riksdagens
589 2548 148 31 protokoll
749 2548 77 24 1951.
846 2549 15 23 8
873 2548 83 24 saml.
978 2550 39 24 Nr
1028 2551 24 23 5.
