1869 2831
252 140 42 32 54
558 141 124 38 Tredje
701 142 246 41 lagutskottets
967 145 179 31 utlåtande
1164 155 44 21 nr
1225 147 42 30 38
1286 147 40 31 år
1346 148 84 31 1968

250 220 301 37 bostadsarrende,
572 232 102 31 synes
692 224 72 30 inte
782 224 177 41 föreligga.
978 226 49 31 De
1046 227 76 31 skäl
1141 237 74 21 som
1233 229 167 31 föranlett
1418 231 87 30 krav
1521 231 45 40 på
1586 232 153 40 skriftlig

255 275 206 31 avtalsform
481 277 60 39 gör
563 277 50 40 sig
634 278 148 31 sålunda
803 279 106 40 enligt
930 281 188 31 utskottets
1140 283 141 40 mening
1302 284 160 39 gällande
1483 285 105 31 också
1608 286 129 30 beträf-

250 330 105 30 fande
380 331 296 32 livstidsarrende.
703 333 130 31 Sådant
859 335 145 31 arrende
1030 336 64 30 bör
1116 337 73 30 inte
1213 338 108 30 heller
1347 339 122 31 kunna
1494 341 174 40 uppsägas
1693 341 45 41 på

250 384 110 30 andra
381 385 76 31 skäl
478 386 44 29 än
544 395 75 21 som
639 395 105 32 anges
764 389 12 29 i
797 388 110 40 lagen.
928 389 94 30 även
1044 391 40 29 de
1106 391 118 40 övriga
1245 401 42 21 av
1306 394 261 30 motionärerna
1588 395 149 40 angivna

250 439 239 40 stadgandena
501 441 62 29 bör
578 442 90 39 gälla
681 442 222 31 beträffande
917 444 342 41 livstidsupplåtelse.

296 493 60 30 Ett
376 494 91 30 avtal
489 503 56 21 om
567 496 145 30 arrende
732 496 46 40 på
799 498 248 30 arrendatorns
1068 499 118 30 livstid
1206 500 147 31 innebär
1374 503 151 29 normalt
1547 504 50 28 att
1619 513 116 21 arren-

253 547 124 30 datorn
396 548 64 30 har
478 549 88 30 både
585 550 69 30 rätt
673 551 65 29 och
758 551 197 40 skyldighet
974 554 50 29 att
1043 553 158 38 fullfölja
1220 555 127 30 avtalet
1367 555 38 30 så
1422 556 101 40 länge
1542 557 71 30 han
1632 558 102 30 lever.

252 602 69 29 När
342 603 229 30 arrendatorn
592 604 61 30 dör
674 605 38 29 är
732 605 166 31 dödsboet
919 607 152 40 skyldigt
1091 609 50 29 att
1161 608 104 40 flytta
1283 609 47 40 på
1349 610 66 30 den
1435 611 112 30 första
1566 611 168 41 fardagen

252 656 87 30 efter
363 666 59 21 sex
444 657 168 31 månader
635 659 80 30 från
739 660 197 31 dödsfallet.
958 661 111 40 Något
1091 664 175 39 utrymme
1291 664 54 30 för
1369 663 223 43 tillämpning
1615 676 41 20 av
1678 666 56 31 be-

252 711 467 41 sittningsskyddsreglerna,
739 723 74 21 som
831 715 205 30 förutsätter
1054 718 50 28 att
1121 718 221 40 uppsägning
1360 719 89 35 sker,
1468 720 96 30 finns
1582 721 151 30 normalt

248 765 83 30 inte.
352 765 93 31 Även
465 776 41 20 en
526 767 343 32 livstidsarrendator
889 770 71 30 kan
980 771 193 30 emellertid
1192 772 111 30 under
1323 773 94 30 vissa
1436 771 296 47 omständigheter

252 820 98 39 sägas
368 830 71 31 upp
457 821 115 30 såsom
590 822 44 30 då
650 822 212 41 fastigheten
880 824 83 31 sålts
980 825 45 40 på
1043 826 161 30 exekutiv
1221 827 146 30 auktion
1385 829 85 29 utan
1487 828 172 31 förbehåll
1676 839 57 20 om

250 874 281 30 arrenderättens
552 876 158 29 bestånd.
733 877 13 28 I
768 886 42 20 en
833 878 109 29 sådan
964 879 167 29 situation
1152 881 65 28 har
1239 882 230 29 arrendatorn
1491 885 48 26 ett
1559 883 112 30 behov
1692 893 42 20 av

247 926 336 42 besittningsskydd.
608 929 52 30 Då
684 930 56 30 det
764 931 193 30 emellertid
982 941 101 31 synes
1107 942 84 21 vara
1216 933 94 31 svårt
1335 936 50 28 att
1408 934 150 32 inordna
1582 936 151 31 livstids-

246 982 194 30 arrendena
463 983 12 29 i
500 983 58 30 det
582 984 199 40 föreslagna
806 986 305 40 optionssystemet
1137 989 64 29 och
1225 989 126 39 frågan
1375 990 57 30 får
1457 1000 101 20 anses
1583 1000 84 21 vara
1692 1001 41 21 av

244 1035 101 40 ringa
362 1036 162 39 praktisk
542 1037 83 36 vikt,
645 1038 64 30 har
728 1039 170 30 utskottet
918 1040 128 31 avstått
1065 1041 80 30 från
1164 1043 50 28 att
1232 1044 36 28 ta
1287 1043 105 39 något
1409 1043 153 31 initiativ
1581 1045 85 30 däri.

289 1090 229 39 Lagtekniskt
537 1091 71 30 kan
628 1092 56 30 det
704 1102 43 21 av
765 1094 170 29 utskotlet
955 1095 221 31 beträffande
1197 1097 286 30 livstidsarrende
1503 1098 159 40 åsyftade
1682 1108 51 20 re-

246 1144 141 30 sultatet
402 1145 63 29 nås
481 1153 123 31 genom
619 1148 50 28 att
684 1147 468 40 undantagsbestämmelsen
1167 1151 149 29 rörande
1331 1151 285 31 livstidsarrende
1631 1153 11 29 i
1658 1153 37 29 71
1715 1153 15 37 8

248 1197 112 31 första
382 1199 134 39 stycket
538 1199 112 40 utgår.
672 1200 127 31 Vidare
820 1201 63 30 bör
903 1202 12 30 i
938 1202 110 30 andra
1070 1203 135 40 stycket
1227 1204 159 40 tilläggas
1409 1207 50 28 att
1483 1205 127 31 72—82
1636 1206 36 37 88
1698 1206 29 38 ej

249 1252 79 39 äger
346 1253 232 39 tillämpning,
599 1254 44 29 då
661 1255 218 39 upplåtelsen
900 1256 90 30 skett
1009 1257 55 29 för
1083 1258 248 30 arrendatorns
1350 1259 127 35 livstid,
1498 1260 64 29 och
1582 1262 50 28 att
1652 1260 39 30 70
1713 1261 15 36 8

247 1306 109 30 andra
372 1307 134 39 stycket
521 1308 106 38 gäller
641 1309 86 29 utan
741 1309 268 41 inskränkning.

291 1360 64 29 Det
370 1361 98 29 torde
483 1363 86 27 utan
585 1362 142 29 särskilt
743 1363 190 39 stadgande
949 1364 137 39 framgå
1102 1367 49 27 att
1166 1366 114 38 punkt
1296 1366 18 29 3
1331 1367 111 29 första
1459 1368 134 38 stycket
1607 1369 12 29 i
1635 1369 94 29 över-

247 1413 419 39 gångsbestämmelserna
687 1416 73 30 inle
783 1417 64 29 har
871 1418 168 29 avseende
1062 1418 46 40 på
1131 1419 145 30 arrende
1300 1420 54 30 för
1379 1421 247 30 arrendatorns
1650 1422 79 30 livs-

245 1467 60 34 tid,
322 1476 74 21 som
412 1468 116 30 slutits
543 1469 75 30 före
631 1470 118 39 lagens
763 1470 292 32 ikraftträdande.

286 1521 176 30 Utskottet
476 1523 144 39 övergår
634 1533 48 20 nu
697 1524 51 29 till
762 1524 125 40 frågan
902 1534 55 21 om
973 1526 435 40 anläggningsarrendena.

286 1575 228 31 Beträffande
536 1577 101 30 dessa
658 1578 172 30 arrenden
851 1579 65 30 har
936 1580 12 29 i
970 1580 166 40 förslaget
1160 1581 264 30 avtalsfriheten
1446 1583 11 29 i
1479 1583 136 40 princip
1638 1584 92 29 bibe-

241 1629 130 30 hållits.
387 1630 101 29 Avtal
505 1631 89 29 skall
611 1632 88 29 dock
716 1633 99 29 alltid
831 1634 183 39 upprättas
1032 1634 198 40 skriftligen
1246 1636 65 29 och
1327 1636 219 39 upplåtelsen
1563 1646 79 21 avse
1657 1637 71 30 viss

241 1683 61 30 tid.
320 1683 44 30 är
381 1684 97 30 tiden
493 1685 77 30 icke
587 1686 160 30 bestämd
763 1686 46 40 på
827 1687 94 30 detta
938 1688 68 29 sätt
1024 1689 106 39 gäller
1147 1689 128 30 avtalet
1291 1689 71 30 fem
1381 1690 48 30 år.
1447 1690 67 30 Om
1530 1691 73 30 inte
1621 1693 107 28 annat

241 1737 313 31 överenskommits
577 1748 102 21 anses
702 1741 276 30 arrendeavtalet
1000 1742 174 30 innefalta
1196 1743 126 30 villkor
1346 1745 58 33 att,
1429 1753 57 20 om
1509 1746 220 39 uppsägning

239 1791 72 30 inte
335 1792 79 29 sker
435 1793 97 29 inom
554 1793 70 29 rätt
646 1794 60 34 tid,
730 1795 128 29 avtalet
881 1795 89 29 skall
993 1805 101 21 anses
1118 1796 153 40 förlängt
1294 1797 45 40 på
1361 1798 52 29 tid
1436 1807 73 21 som
1532 1800 196 29 motsvarar

241 1845 253 35 arrendetiden,
516 1846 90 30 dock
625 1847 115 39 längst
759 1848 70 29 fem
850 1848 48 30 år.
918 1849 228 40 Uppsägning
1166 1850 88 30 skall
1275 1851 60 29 ske
1354 1851 108 30 minst
1483 1861 59 20 sex
1560 1852 167 30 månader

239 1899 75 29 före
334 1900 262 30 arrendetidens
617 1901 130 40 utgång
767 1910 55 21 om
842 1903 165 38 parterna
1025 1903 73 30 inte
1118 1903 148 30 kommit
1286 1905 144 29 överens
1451 1914 56 20 om
1529 1915 117 20 annan
1665 1906 61 30 tid.

240 1953 13 28 I
272 1953 89 39 syfte
379 1955 50 28 att
445 1954 172 30 förbättra
634 1955 249 31 arrendatorns
900 1956 159 40 trygghet
1078 1957 10 29 i
1104 1957 236 40 besittningen
1358 1968 42 20 av
1415 1959 147 30 marken
1579 1959 149 31 föreslås

239 2008 49 28 att
307 2008 48 28 ett
373 2007 154 30 indirekt
544 2008 325 41 besittningsskydd
886 2010 143 30 införes.
1048 2011 179 39 Förslaget
1245 2012 147 29 innebär
1412 2014 58 33 att,
1492 2021 56 21 om
1566 2013 161 40 jordäga-

238 2069 61 20 ren
320 2062 86 28 utan
427 2062 127 39 sakligt
575 2062 76 30 skäl
671 2063 124 39 vägrar
815 2063 224 40 förlängning
1061 2074 42 20 av
1124 2065 161 30 arrendet
1306 2066 82 29 eller
1409 2066 124 31 kräver
1554 2076 42 20 en
1618 2068 109 38 avgift

243 2123 74 21 som
333 2115 73 29 inte
424 2116 37 28 är
480 2116 112 39 skälig
608 2117 82 29 eller
708 2118 192 38 uppställer
919 2120 107 27 annat
1044 2118 132 40 obilligt
1193 2118 126 30 villkor
1336 2119 56 30 för
1408 2120 143 29 fortsatt
1566 2121 157 34 arrende,

238 2169 230 29 arrendatorn
484 2170 12 29 i
513 2170 136 39 princip
668 2170 89 30 skall
774 2180 84 20 vara
874 2171 195 40 berättigad
1085 2172 52 30 till
1155 2173 194 39 ersättning
1366 2173 55 30 för
1440 2174 64 29 den
1524 2174 109 30 skada
1651 2184 73 20 som

237 2222 403 32 arrendeförhållandets
667 2225 212 39 upplösning
904 2225 137 30 medför
1067 2225 56 30 för
1148 2226 140 30 honom.
1315 2227 187 40 Undantag
1529 2228 105 39 gäller
1661 2229 64 29 när

237 2277 162 29 arrendet
417 2278 138 39 upphör
573 2278 45 39 på
637 2278 112 39 grund
769 2288 41 20 av
828 2280 50 28 att
897 2279 263 30 arrenderätten
1179 2280 38 29 är
1236 2280 197 30 förverkad.
1452 2282 215 39 Jordägaren
1686 2283 38 28 är

236 2330 118 30 vidare
372 2331 107 39 enligt
496 2331 166 40 förslaget
679 2332 195 39 berättigad
892 2334 50 28 att
959 2334 86 28 utan
1065 2333 108 30 sådan
1191 2334 416 40 ersättningsskyldighet
1624 2336 99 39 bryta

236 2384 394 36 arrendeförhållandet,
647 2394 55 21 om
719 2386 229 30 arrendatorn
964 2386 168 31 åsidosatt
1149 2387 75 30 sina
1239 2387 262 40 förpliktelser
1494 2380 20 51 i
1518 2388 108 30 sådan
1641 2389 82 30 mån

236 2440 50 28 att
303 2438 56 30 det
375 2439 72 30 inte
465 2439 155 40 skäligen
637 2440 71 29 kan
724 2440 139 30 fordras
880 2442 50 28 att
946 2440 210 40 jordägaren
1173 2441 176 39 förlänger
1366 2442 171 35 arrendet,
1555 2451 57 21 om
1628 2443 95 36 jord-

236 2492 128 39 ägaren
379 2493 60 38 gör
455 2493 178 29 sannolikt
649 2494 50 28 att
713 2494 147 28 marken
877 2494 88 29 skall
981 2494 179 29 användas
1176 2495 55 29 för
1247 2496 107 28 annat
1369 2495 164 29 ändamål
1549 2496 64 29 och
1628 2496 94 36 jord-

235 2546 146 39 ägarens
400 2546 149 30 intresse
571 2556 42 20 av
634 2548 49 28 att
705 2547 123 29 kunna
848 2547 138 39 förfoga
1006 2548 80 29 över
1108 2547 146 30 marken
1275 2547 168 40 påtagligt
1464 2548 184 40 överväger
1670 2559 52 20 ar-
