1869 2834
238 161 41 31 30
565 160 124 37 Tredje
705 161 244 39 lagutskottets
966 160 177 31 utlåtande
1158 169 43 21 nr
1214 161 42 30 38
1270 161 39 31 år
1325 162 84 30 1968

243 242 126 39 sakligt
388 242 194 31 motiverat.
603 242 201 40 ändringen
823 242 111 31 måste
954 243 87 30 även
1061 243 149 30 framstå
1230 253 75 20 som
1325 243 222 31 ekonomiskt
1567 244 158 40 befogad.

241 296 131 30 Enbart
389 305 41 21 en
447 296 133 31 mindre
599 296 156 32 övervikt
772 298 11 29 i
800 297 99 38 fråga
916 306 56 21 om
989 297 194 31 lönsamhet
1200 297 56 30 för
1273 298 67 30 den
1356 298 200 31 tillämnade
1574 298 151 30 använd-

238 350 128 40 ningen
386 350 71 31 kan
477 351 70 30 inte
566 360 84 21 vara
670 351 196 41 tillräcklig.
888 351 100 31 Vissa
1008 352 303 30 remissinstanser
1332 352 65 30 har
1418 352 121 30 invänt
1561 354 51 29 att
1631 352 95 41 jord-

238 405 126 39 ägaren
393 405 116 40 åläggs
538 414 42 21 en
608 406 118 29 alltför
754 406 218 30 omfattande
999 406 297 40 bevisskyldighet
1322 408 11 29 i
1362 407 100 39 fråga
1489 416 57 20 om
1574 407 151 30 lönsam-

238 460 114 29 heten.
375 460 65 39 Jag
462 459 70 30 kan
557 460 71 29 inte
652 459 76 30 dela
752 460 114 30 denna
890 460 236 40 uppfattning.
1152 461 65 29 Det
1242 460 55 30 får
1323 461 206 30 förutsättas
1556 463 50 28 att
1631 461 94 40 jord-

238 514 126 39 ägaren
392 514 240 39 omsorgsfullt
658 514 164 30 bedömer
849 514 41 30 de
918 514 228 31 ekonomiska
1173 515 315 35 konsekvenserna,
1516 515 110 30 innan
1653 515 72 30 han

237 568 143 40 övergår
401 568 81 30 från
502 577 43 21 en
565 569 329 39 verksamhetsgren
915 569 52 30 till
989 578 42 21 en
1053 578 128 21 annan.
1203 570 64 29 Det
1292 569 95 30 torde
1408 570 72 29 inte
1501 579 83 20 vara
1606 570 118 29 alltför

239 623 93 30 svårt
348 625 50 28 att
413 622 155 38 jämföra
584 623 66 30 den
667 624 210 39 avkastning
894 633 73 21 som
984 624 70 29 kan
1070 624 123 30 väntas
1210 624 216 40 uppkomma
1442 624 58 30 vid
1517 624 66 30 den
1599 624 125 30 ändra-

237 678 41 30 de
299 678 326 40 markvändningen
646 678 79 30 med
746 678 254 40 avkastningen
1020 679 58 30 vid
1099 679 142 29 fortsalt
1262 679 277 39 utarrendering.
1561 678 67 31 Om
1650 678 74 30 vär-

237 732 56 30 det
315 742 41 20 av
379 733 254 40 avkastningen
654 733 58 30 vid
735 733 56 30 det
813 742 69 31 nya
904 733 350 40 användningssättet
1276 733 168 40 påtagligt
1466 734 184 39 överväger
1672 733 52 30 in-

236 787 161 30 komsten
412 797 41 20 av
467 788 162 30 arrendet
644 788 89 30 skall
746 788 209 40 jordägaren
970 788 37 30 få
1019 788 102 40 bryta
1134 788 175 40 optionen.

281 842 66 30 Vid
373 842 100 30 sidan
500 852 42 20 av
567 843 183 39 hänsynen
776 843 53 29 till
854 842 228 40 jordägarens
1110 842 154 40 anspråk
1292 842 183 40 föreligger
1503 844 48 28 ett
1579 842 146 30 allmänt

236 895 147 29 intresse
407 904 43 20 av
473 896 50 28 att
547 896 248 28 arrendatorns
821 895 209 39 optionsrätt
1055 895 71 29 inte
1152 895 199 29 motverkar
1377 895 257 39 planintresset.
1661 896 65 38 Jag

236 950 65 30 har
320 949 146 40 tidigare
486 949 116 30 berört
623 949 115 30 denna
758 948 98 41 fråga
877 949 66 30 och
964 948 145 31 anslutit
1130 949 71 40 mig
1222 949 53 30 till
1297 948 250 40 utredningens
1570 948 155 40 uppfatt-

236 1004 84 38 ning
339 1005 51 28 att
409 1003 337 30 kvarboenderätten
765 1004 12 29 i
798 1003 190 29 allmänhet
1007 1003 62 30 bör
1089 1003 37 29 få
1145 1004 90 28 vika.
1256 1004 64 29 Det
1340 1004 131 38 förslag
1491 1003 233 39 utredningen

236 1058 70 39 lagt
323 1057 92 30 fram
432 1057 146 30 innebär
597 1059 50 28 alt
665 1057 230 30 arrendatorn
914 1057 59 39 går
991 1057 102 30 miste
1111 1066 56 20 om
1187 1057 54 30 sin
1259 1057 210 40 optionsrätt
1485 1057 12 30 i
1516 1057 68 29 alla
1602 1057 41 29 de
1660 1057 63 29 fall

236 1112 44 30 då
302 1112 90 30 hans
415 1112 199 39 byggnader
637 1112 73 30 inte
736 1111 71 30 står
830 1112 12 30 i
866 1112 347 30 överensstämmelse
1238 1111 78 30 med
1341 1111 293 40 planläggningen
1659 1111 65 29 och

236 1166 94 30 detta
350 1168 133 28 oavsett
503 1175 57 20 om
580 1166 247 40 byggnaderna
847 1166 204 29 tillkommit
1071 1166 74 29 före
1167 1166 81 29 eller
1269 1165 88 30 efter
1377 1166 146 38 planens
1543 1165 181 29 ikraftlrä-

236 1221 122 29 dande.

280 1275 179 39 Förslaget
482 1275 65 30 har
570 1275 11 29 i
605 1274 114 30 denna
743 1275 54 29 del
822 1274 171 40 godtagits
1018 1283 42 20 av
1084 1274 56 29 det
1166 1273 238 40 övervägande
1430 1273 130 30 antalet
1585 1273 139 29 remiss-

237 1330 174 29 instanser
433 1338 80 21 men
535 1329 87 30 flera
645 1329 63 29 har
732 1328 164 30 framfört
918 1328 150 30 kritiska
1092 1328 227 39 synpunkter.
1344 1328 64 29 Det
1432 1327 63 30 har
1520 1327 121 30 därvid
1665 1336 59 21 an-

237 1383 88 29 förts
346 1383 45 29 bl.
414 1392 29 20 a.
466 1383 50 29 att
538 1391 81 21 man
642 1383 71 29 inte
735 1382 70 29 kan
827 1382 111 29 räkna
961 1381 77 30 med
1063 1383 51 28 att
1135 1381 209 40 jordägaren
1368 1381 94 29 visar
1484 1381 105 39 något
1614 1381 110 29 större

236 1437 147 30 intresse
408 1436 54 31 för
486 1436 260 40 planfrågorna.
773 1436 13 28 I
812 1436 131 29 sämsta
968 1435 62 30 fall
1055 1435 70 30 kan
1151 1435 268 30 bestämmelsen
1446 1434 167 40 åberopas
1639 1434 85 30 bara

237 1491 54 29 för
308 1492 51 28 att
375 1490 182 40 tillgodose
574 1490 229 40 jordägarens
821 1497 87 32 egna
927 1489 124 40 syften.

281 1545 80 30 Som
387 1544 231 39 utredningen
645 1543 193 30 framhållit
866 1544 36 29 är
929 1543 177 39 praktiskt
1132 1545 92 38 taget
1251 1543 46 30 all
1324 1542 360 40 arrendebebyggelse,
1713 1542 11 29 i

236 1598 66 30 den
321 1598 82 30 mån
422 1598 194 39 detaljplan
636 1597 106 34 finns,
761 1597 144 39 belägen
925 1597 95 29 inom
1041 1596 274 40 byggnadsplan.
1337 1596 114 30 Sådan
1472 1596 83 40 plan
1575 1596 70 30 kan
1667 1605 56 21 en-

235 1652 78 30 dast
331 1653 11 29 i
361 1652 162 40 speciella
541 1651 223 30 hänseenden
785 1650 221 41 genomföras
1027 1650 176 40 tvångsvis
1224 1659 56 21 om
1301 1650 104 30 huset
1425 1649 203 30 tillkommit
1649 1649 74 30 före

236 1706 137 39 planen.
389 1706 65 29 Det
469 1705 182 40 föreligger
668 1705 119 29 därför
803 1706 48 29 ett
866 1705 146 29 intresse
1029 1713 42 21 av
1087 1706 50 28 att
1154 1713 41 21 en
1212 1704 209 39 optionsrält
1438 1704 70 30 inte
1526 1703 54 30 får
1596 1703 127 30 hindra

235 1760 146 39 planens
398 1758 283 41 genomförande.
698 1758 116 40 Enligt
832 1758 72 30 min
922 1757 142 40 mening
1081 1758 38 29 är
1136 1757 193 30 emellertid
1347 1757 66 30 den
1431 1767 43 20 av
1491 1757 231 39 utredningen

235 1814 199 39 föreslagna
454 1813 117 40 regeln
594 1814 50 29 att
667 1812 229 30 arrendatorn
920 1812 98 30 alltid
1042 1812 89 29 skall
1155 1811 41 40 gå
1219 1812 102 29 miste
1345 1820 57 21 om
1426 1811 210 40 optionsrätt
1659 1812 64 28 när

234 1868 103 29 huset
359 1867 124 30 strider
505 1868 72 28 mot
598 1866 82 40 plan
703 1866 81 30 eller
807 1867 107 29 annat
936 1865 144 30 därmed
1100 1865 197 40 jämförligt
1319 1865 113 30 beslut
1455 1874 42 21 av
1520 1864 202 40 myndighet

235 1921 118 30 alltför
381 1920 239 41 långtgående.
649 1919 227 31 Beträffande
905 1919 89 30 först
1022 1919 57 30 det
1108 1919 96 30 fallet
1234 1921 51 28 att
1313 1919 104 29 huset
1445 1918 161 40 uppförts
1637 1920 85 28 utan

234 1975 237 40 byggnadslov
487 1975 62 29 där
568 1974 124 30 sådant
710 1974 128 29 behövs
857 1974 81 29 eller
957 1973 11 30 i
986 1975 107 28 annat
1111 1973 63 30 fall
1192 1973 11 29 i
1222 1973 87 29 strid
1327 1972 79 30 med
1426 1972 221 40 myndighets
1666 1972 57 30 be-

235 2030 79 34 slut,
330 2029 63 30 bör
408 2027 360 41 besittningsskyddet
784 2027 176 39 obetingat
978 2027 36 30 få
1031 2027 129 40 brytas.
1178 2026 212 40 Härigenom
1408 2026 138 40 uppnås
1564 2027 159 29 överens-

235 2083 199 30 stämmelse
451 2082 79 30 med
550 2082 60 30 148
631 2081 15 38 $
665 2081 280 40 byggnadslagen
964 2081 105 40 enligt
1086 2081 108 29 vilket
1211 2081 137 39 lagrum
1366 2080 268 39 handräckning
1652 2080 69 30 kan

235 2137 176 30 meddelas
427 2136 51 30 till
494 2136 141 30 rättelse
651 2145 42 20 av
708 2144 41 21 en
766 2135 169 40 olagligen
952 2134 153 40 uppförd
1120 2134 170 40 byggnad.

277 2191 68 29 För
365 2191 57 29 det
441 2190 62 30 fall
524 2190 72 29 åter
617 2189 44 30 då
681 2189 215 30 arrendehus
917 2188 204 30 tillkommit
1142 2188 75 30 före
1238 2188 100 39 plans
1360 2188 281 30 ikraftträdande
1663 2197 58 20 an-

235 2254 53 21 ser
307 2245 59 40 jag
387 2246 49 28 att
457 2244 121 30 utöver
598 2243 67 30 den
686 2253 42 20 av
748 2242 231 40 utredningen
1001 2242 149 40 angivna
1172 2242 297 39 förutsättningen
1492 2241 55 30 för
1569 2242 152 39 options-

233 2299 146 33 avbrott,
404 2298 177 39 nämligen
606 2299 50 28 att
681 2296 376 40 arrendebebyggelsen
1084 2296 125 30 strider
1236 2297 72 28 mot
1334 2295 302 40 planläggningen,
1664 2295 56 30 det

234 2353 178 29 dessutom
426 2352 61 30 bör
503 2351 137 30 fordras
655 2352 51 29 att
718 2350 210 40 jordägaren
944 2359 98 21 avser
1057 2351 50 28 att
1123 2349 204 40 genomföra
1342 2349 127 40 planen
1485 2349 66 30 och
1566 2351 51 28 att
1632 2349 88 30 hans

234 2407 114 29 avsikt
365 2407 39 28 är
421 2405 142 30 aktuell.
581 2405 92 29 Från
691 2404 199 30 remisshåll
908 2404 64 29 har
992 2403 197 39 föreslagits
1209 2405 50 28 att
1278 2412 42 21 en
1339 2403 92 40 regel
1451 2413 41 20 av
1512 2403 94 30 detta
1625 2403 96 29 inne-

233 2460 71 30 håll
330 2460 89 30 skall
445 2459 166 30 inordnas
638 2458 110 29 under
774 2458 117 39 regeln
918 2466 57 21 om
1001 2457 277 40 optionsavbrott
1306 2456 44 40 på
1378 2456 113 40 grund
1518 2466 42 21 av
1587 2456 132 31 ändrad
