1864 2833
249 153 42 32 52
555 150 124 38 Tredje
699 150 245 41 lagutskottets
964 149 179 31 utlåtande
1161 158 44 20 nr
1223 149 41 30 38
1283 149 40 30 år
1343 149 84 29 1968

249 234 105 29 natur
374 234 50 29 att
445 233 123 30 skälen
587 232 71 30 kan
679 240 105 32 anges
804 231 81 30 med
905 232 110 29 större
1036 231 82 30 eller
1137 230 137 30 mindre
1296 230 165 30 exakthet
1482 229 65 30 och
1567 229 171 30 utskottet

247 288 140 30 befarar
410 289 50 29 att
483 297 42 21 en
549 287 54 30 del
626 286 254 31 svårbedömda
902 285 169 40 gränsfall
1093 285 71 30 kan
1187 285 225 40 uppkomma,
1438 284 142 30 särskilt
1604 283 44 30 då
1670 283 68 30 den

253 343 179 31 allmänna
449 341 271 31 bestämmelsen
737 341 12 30 i
768 341 116 40 punkt
902 340 19 30 6
941 340 178 40 åberopas.
1139 339 112 40 Fråga
1270 338 147 41 uppstår
1437 338 106 30 också
1561 337 176 31 huruvida

253 398 58 29 det
327 397 62 30 bör
406 406 84 21 vara
506 396 126 30 tillåtet
649 396 54 29 för
720 395 211 39 jordägaren
949 396 50 28 att
1015 395 12 29 i
1045 403 42 21 en
1104 394 182 39 rättegång
1304 394 150 39 åberopa
1472 395 107 28 annat
1598 392 75 30 skäl
1691 392 45 29 än

248 452 72 29 han
339 451 131 40 angivit
495 451 3 30 i
517 450 254 31 meddelandet.
791 450 65 29 Det
875 449 71 29 kan
964 449 119 29 vidare
1101 448 128 30 tänkas
1249 449 51 28 att
1319 457 44 20 en
1381 447 138 30 formell
1541 446 197 40 skyldighet

253 506 94 30 leder
366 506 52 30 till
438 514 43 21 en
501 505 141 30 strävan
660 505 64 29 hos
743 504 212 39 jordägarna
975 504 50 29 att
1044 502 71 31 låta
1133 502 278 31 meddelandena
1429 501 104 30 täcka
1553 500 38 31 så
1609 500 128 40 många

253 560 208 31 situationer
484 568 74 21 som
580 559 138 39 möjligt
740 559 55 29 för
817 560 50 28 att
888 558 58 30 vid
967 557 267 39 förhandlingar
1256 556 65 30 och
1342 557 12 30 i
1376 565 42 21 en
1439 564 140 32 process
1600 555 47 31 ha
1669 555 68 29 alla

253 615 223 40 möjligheter
494 615 126 39 öppna.
640 614 13 29 I
673 613 39 30 så
729 613 63 30 fall
811 613 144 30 förfelas
975 612 106 40 syftet
1100 611 79 30 med
1198 620 43 22 en
1260 611 183 30 föreskrift
1467 611 6 30 i
1492 610 126 34 ämnet,
1639 609 98 30 näm-

253 670 92 39 ligen
367 671 50 28 att
439 669 229 30 arrendatorn
689 667 45 41 på
756 669 48 28 ett
826 667 101 40 tidigt
948 666 154 30 stadium
1126 666 89 30 skall
1236 666 123 29 kunna
1379 665 149 29 bedöma
1551 664 75 30 sina
1648 663 89 37 möj-

254 724 145 40 ligheter
416 723 53 31 till
487 723 152 40 förlängt
659 722 146 30 arrende
822 721 80 31 med
920 720 218 41 någorlunda
1157 720 172 30 säkerhet.
1348 719 79 30 Med
1444 719 138 40 hänsyn
1600 718 53 30 till
1670 717 67 31 vad

254 788 48 20 nu
326 780 93 38 sagts
441 778 65 30 har
529 778 170 29 utskottet
723 778 142 28 stannat
887 776 55 30 för
965 777 50 28 att
1039 775 165 40 avstyrka
1226 774 221 30 motionerna
1470 773 28 30 I:
1516 773 60 29 781
1602 773 64 29 och
1689 772 46 30 II:

255 833 83 30 1009
353 833 10 29 i
379 833 115 30 denna
507 833 65 29 del.

299 886 13 28 I
329 886 223 38 lagförslaget
567 886 64 28 har
647 885 76 28 icke
742 885 154 37 stadgats
913 884 114 38 någon
1044 883 79 29 frist
1139 884 96 27 inom
1252 883 118 28 vilken
1386 881 242 39 nyssnämnda
1644 881 93 29 med-

254 940 146 30 delande
423 940 53 29 till
499 939 230 30 arrendatorn
753 938 89 30 skall
865 937 147 30 lämnas.
1036 936 142 30 Motivet
1201 935 120 30 härtill
1344 935 98 30 torde
1465 944 84 20 vara
1573 936 49 28 att
1647 933 56 31 det
1725 933 12 30 i

253 995 112 30 första
383 994 95 30 hand
498 995 131 28 ansetts
647 1002 85 21 vara
749 992 208 37 jordägaren
976 1001 75 20 som
1068 991 64 29 har
1151 990 187 37 anledning
1356 991 50 28 att
1423 989 181 38 påskynda
1622 988 117 30 besitt-

254 1047 465 41 ningsskyddsproceduren.
744 1046 79 30 Som
846 1054 89 21 ovan
958 1044 154 40 framgår
1135 1045 64 29 har
1223 1044 229 30 arrendatorn
1474 1043 69 29 rätt
1567 1044 49 28 att
1638 1042 101 29 kvar-

255 1102 83 30 sitta
355 1102 46 40 på
420 1101 264 31 arrendestället
703 1100 53 30 till
776 1101 78 29 dess
874 1099 126 40 frågan
1018 1108 55 21 om
1094 1098 224 40 förlängning
1339 1107 42 20 av
1400 1098 126 29 avtalet
1547 1097 38 29 är
1606 1096 133 39 slutligt

255 1156 145 40 avgjord
429 1155 57 35 (78
513 1155 50 37 8).
588 1155 14 29 I
627 1155 149 30 avbidan
800 1154 111 40 härpå
936 1154 89 29 skall
1050 1153 40 30 de
1114 1153 97 30 förut
1236 1152 159 39 gällande
1420 1150 319 32 arrendevillkoren

254 1211 188 39 tillämpas.
460 1209 240 30 Arrendatorn
717 1209 64 29 har
797 1210 74 28 mot
888 1207 230 40 bakgrunden
1136 1207 110 29 härav
1261 1207 12 30 i
1292 1206 191 30 allmänhet
1500 1205 104 40 ingen
1623 1204 116 30 anled-

256 1265 84 39 ning
360 1266 50 28 att
429 1264 185 40 påskynda
633 1263 229 30 förfarandet.
883 1262 66 30 Om
971 1262 111 29 denne
1102 1261 130 30 önskar
1252 1260 37 30 få
1309 1269 44 21 en
1371 1260 173 39 prövning
1563 1259 52 29 till
1637 1258 102 30 stånd

253 1319 134 34 snabbt,
413 1318 71 30 står
507 1318 57 30 det
587 1318 130 29 honom
741 1317 89 30 dock
854 1317 76 29 fritt
955 1317 50 29 att
1027 1316 111 29 väcka
1161 1315 97 30 talan
1281 1316 86 28 utan
1391 1315 50 28 att
1465 1313 149 30 avvakta
1636 1312 105 40 något

255 1372 228 30 meddelande
509 1372 80 29 från
613 1371 220 39 jordägaren.
860 1370 14 29 I
899 1370 152 29 flertalet
1076 1369 63 29 fall
1164 1369 98 29 torde
1286 1369 56 29 väl
1368 1367 106 30 också
1500 1367 41 30 de
1565 1367 174 29 intressen

251 1429 166 38 parterna
442 1426 64 30 har
532 1426 12 29 i
571 1426 108 29 saken
705 1434 85 21 vara
816 1424 209 39 tillräckliga
1052 1423 56 31 för
1136 1423 50 30 att
1213 1421 411 40 förlängningsfrågorna
1651 1420 89 30 skall

256 1481 141 39 bringas
416 1480 50 30 till
482 1479 195 40 avgörande
693 1479 97 30 inom
805 1478 116 39 rimlig
936 1478 61 29 tid.
1014 1476 117 40 Enligt
1147 1477 189 29 utskottets
1352 1475 142 39 mening
1510 1475 37 29 är
1565 1475 56 29 det
1638 1474 101 30 emel-

256 1535 102 29 lertid
381 1533 346 31 otillfredsställande
751 1542 56 20 om
829 1532 219 39 jordägaren,
1074 1531 115 29 såsom
1213 1530 198 39 föreslagits
1433 1529 12 30 i
1467 1527 272 41 propositionen,

256 1590 87 28 utan
361 1588 114 39 någon
492 1587 236 39 begränsning
743 1587 12 30 i
773 1586 96 30 tiden
887 1586 72 29 kan
977 1585 101 37 dröja
1095 1584 79 30 med
1193 1586 50 28 att
1260 1584 120 29 lämna
1398 1583 57 30 det
1473 1581 266 41 ifrågavarande

257 1642 253 30 meddelandet.
529 1641 177 30 Utskottet
723 1640 117 30 finner
857 1641 12 29 i
887 1639 110 30 likhet
1016 1639 79 30 med
1114 1638 262 29 motionärerna
1393 1637 168 29 önskvärt
1580 1638 50 27 att
1648 1636 91 29 klar-

257 1697 58 29 het
338 1696 12 30 i
374 1696 182 39 rättsläget
579 1694 137 40 uppnås
742 1696 138 28 snarast
902 1693 149 39 möjligt.
1076 1692 67 30 Om
1166 1692 218 40 proceduren
1409 1691 80 29 drar
1513 1692 39 28 ut
1576 1690 45 40 på
1645 1690 95 29 tiden

254 1750 118 30 alltför
387 1749 148 40 mycket,
551 1749 71 29 kan
637 1748 106 30 också
759 1747 212 40 svårigheter
987 1746 129 40 uppstå
1131 1748 49 28 att
1195 1747 11 28 i
1222 1745 186 30 efterhand
1422 1745 135 38 reglera
1570 1744 171 29 villkoren

257 1805 55 29 för
334 1804 66 29 den
420 1803 52 30 tid
493 1803 230 30 arrendatorn
743 1801 190 30 kvarsuttit
952 1800 46 40 på
1020 1799 263 31 arrendestället
1304 1799 80 29 med
1406 1798 77 30 stöd
1503 1807 44 21 av
1569 1797 40 30 78
1632 1797 28 37 8.
1681 1797 58 30 Ut-

254 1858 130 29 skottet
402 1866 101 21 anser
522 1857 57 29 det
597 1865 83 21 vara
699 1855 168 31 önskvärt
886 1855 65 29 och
969 1854 169 39 naturligt
1156 1855 50 28 att
1225 1853 124 39 frågan
1368 1851 175 30 huruvida
1562 1851 180 39 rättegång

254 1912 158 29 kommer
435 1912 50 29 att
506 1910 134 30 inledas
663 1910 38 30 är
723 1909 146 40 avgjord
892 1910 116 28 senast
1029 1908 59 29 vid
1109 1907 263 29 arrendetidens
1394 1906 140 39 utgång.
1557 1906 54 28 En
1634 1904 109 30 sådan

254 1965 149 39 ordning
421 1965 71 29 kan
510 1964 137 40 uppnås
667 1972 123 31 genom
809 1964 49 28 att
878 1963 55 29 det
953 1961 190 31 föreskrivs
1163 1963 50 27 att
1230 1960 211 39 jordägaren
1461 1961 116 28 senast
1595 1958 58 30 två
1670 1957 73 30 må-

255 2019 109 30 nader
379 2019 75 30 före
471 2018 262 30 arrendetidens
751 2017 130 39 utgång
899 2016 88 30 skall
1005 2015 206 30 underrätta
1227 2014 230 30 arrendatorn
1474 2022 56 20 om
1546 2012 68 30 vad
1630 2012 112 29 denne

258 2074 64 29 har
337 2075 50 28 att
400 2073 122 30 iaktta.
538 2072 211 39 Härigenom
764 2071 54 29 får
833 2072 165 38 parterna
1013 2068 187 40 tillräcklig
1214 2068 51 30 tid
1279 2067 46 40 på
1340 2067 52 39 sig
1406 2067 55 29 för
1475 2066 266 38 förhandlingar

259 2137 57 20 om
333 2127 224 39 förlängning
574 2135 42 21 av
632 2125 127 30 avtalet
777 2125 82 30 eller
877 2133 56 21 om
949 2124 173 29 villkoren
1137 2123 55 29 för
1211 2122 66 29 den
1295 2131 68 30 nya
1380 2121 165 39 perioden
1564 2119 177 39 samtidigt

260 2191 74 21 som
358 2181 57 30 det
438 2181 40 29 är
501 2180 88 37 sörjt
613 2180 54 29 för
692 2181 50 28 att
765 2176 562 41 besittningsskyddsproceduren
1350 2174 166 41 påbörjas
1540 2175 96 29 inom
1660 2173 81 30 rim-

258 2236 47 39 lig
318 2236 61 30 tid.

303 2289 208 31 Underlåter
526 2288 210 39 jordägaren
754 2288 50 28 att
821 2286 119 30 lämna
955 2284 228 31 meddelande
1200 2284 96 29 inom
1314 2283 147 39 angiven
1479 2282 50 30 tid
1546 2282 62 29 bör
1627 2290 114 21 arren-

260 2343 124 30 datorn
409 2344 202 38 garanteras
637 2350 41 21 en
705 2340 214 30 automatisk
943 2338 225 40 förlängning
1193 2347 42 20 av
1260 2336 209 31 avtalstiden
1493 2335 81 30 med
1597 2336 71 29 fem
1693 2334 47 30 år.

259 2397 196 30 Föreskrift
472 2396 123 29 härom
612 2395 65 29 har
695 2394 177 40 upptagits
889 2394 12 30 i
919 2395 48 28 ett
984 2394 76 38 nytt
1079 2392 110 30 andra
1207 2391 119 40 stycke
1342 2392 12 28 i
1373 2390 38 30 77
1434 2390 27 36 8.

304 2451 53 30 Då
378 2449 276 31 arrendeavtalet
674 2449 11 30 i
707 2448 92 39 regel
820 2448 38 29 är
881 2448 110 29 avsett
1013 2448 50 28 att
1084 2446 55 30 för
1160 2445 82 39 lång
1263 2445 51 29 tid
1335 2443 130 31 framåt
1487 2443 132 39 reglera
1640 2443 102 29 rätts-

256 2504 237 31 förhållandet
515 2503 130 30 mellan
667 2502 186 39 jordägare
878 2501 65 29 och
967 2500 214 33 arrendator,
1208 2499 38 29 är
1272 2498 56 30 det
1354 2507 41 20 av
1421 2497 150 30 särskild
1595 2497 74 29 vikt
1694 2497 50 28 att

261 2558 187 40 förebygga
469 2559 50 28 att
541 2557 57 29 det
618 2556 72 30 inte
710 2556 12 29 i
744 2555 190 30 framtiden
956 2553 146 40 uppstår
1125 2552 185 30 osäkerhet
1331 2560 56 20 om
1410 2550 145 30 avtalets
1576 2549 166 30 innehåll.
