1862 2824
433 152 124 36 Tredje
577 152 245 39 lagutskottets
842 151 179 30 utlåtande
1039 159 44 20 nr
1101 151 41 28 38
1161 150 40 30 år
1221 150 84 29 1968
1573 150 41 30 53

131 234 75 30 Den
227 233 176 40 skriftliga
422 233 138 30 formen
580 232 38 30 är
638 232 181 39 härvidlag
839 232 201 39 överlägsen
1061 231 66 30 den
1147 231 182 39 muntliga.
1351 230 184 40 Principen
1556 239 57 20 om

133 288 226 39 obligatorisk
379 287 154 39 skriftlig
552 286 205 30 avtalsform
775 286 62 29 bör
858 286 119 29 därför
995 286 72 29 inte
1086 285 144 39 frångås
1248 287 88 28 utan
1355 284 119 30 starka
1494 284 85 30 skäl.
1600 283 13 29 I

133 342 66 30 den
218 342 12 29 i
252 342 220 29 motionerna
493 341 29 30 I:
540 340 61 30 780
623 341 65 29 och
709 340 45 30 II:
772 339 83 31 1010
879 339 195 31 skisserade
1098 339 211 30 situationen
1331 339 96 29 finns
1450 340 49 28 ett
1519 338 95 30 äldre

134 396 169 39 skriftligt
319 396 101 34 avtal,
439 404 73 21 som
529 395 152 36 alltjämt
696 395 70 29 kan
784 395 90 38 gälla
888 395 11 29 i
914 393 133 40 viktiga
1063 394 104 34 delar,
1185 393 65 29 och
1265 393 244 30 meddelandet
1526 392 88 30 skall

132 450 118 30 vidare
272 450 60 29 ske
353 449 210 39 skriftligen,
586 448 107 30 vilket
715 448 145 29 innebär
883 457 42 20 en
948 448 135 39 garanti
1105 447 55 30 för
1183 449 50 28 att
1253 447 184 39 bevisning
1458 455 56 20 om
1538 446 77 30 dess

131 504 158 30 innehåll
308 504 71 29 kan
399 503 227 39 förebringas,
647 511 81 21 men
748 502 170 29 utskottet
938 502 103 39 hyser
1061 501 107 30 likväl
1188 501 127 30 tvekan
1336 509 56 20 om
1413 500 203 40 lämplighe-

133 560 58 27 ten
213 567 43 21 av
277 560 50 27 att
348 557 142 31 förorda
511 557 104 39 något
637 558 117 37 avsteg
774 556 80 30 från
875 556 122 30 kravet
1018 555 45 40 på
1085 555 153 39 skriftlig
1260 554 215 31 avtalsform.
1496 554 120 29 Form-

134 612 121 30 kravet
275 612 71 29 kan
365 610 203 40 visserligen
588 611 78 29 leda
684 610 52 29 till
756 610 137 29 mindre
913 609 327 30 tillfredsställande
1258 609 146 29 resultat
1424 617 57 20 om
1502 617 41 20 en
1565 617 52 20 ar-

129 666 175 34 rendator,
325 674 73 20 som
414 664 163 30 innehaft
593 664 103 30 mark
711 664 45 39 på
773 663 146 30 arrende
936 663 111 30 under
1064 663 81 39 lång
1161 663 52 29 tid
1229 663 65 29 och
1311 662 143 40 uppfört
1473 670 43 20 en
1533 662 85 28 kan-

135 720 61 29 ske
218 719 173 30 värdefull
413 718 170 40 byggnad,
608 718 71 30 kan
701 718 136 39 tvingas
861 718 104 39 flytta
989 717 118 30 därför
1132 718 50 29 att
1205 718 48 28 ett
1276 715 165 40 muntligt
1464 715 152 39 förläng-

131 774 198 39 ningsavtal
345 774 38 28 är
399 773 143 39 ogiltigt,
559 782 80 20 men
656 772 114 30 denna
786 771 180 40 synpunkt
983 780 101 31 synes
1100 771 71 29 inte
1186 771 84 29 böra
1286 770 168 29 tillmätas
1471 770 147 38 utslags-

136 827 146 40 givande
299 827 185 40 betydelse.
503 826 155 30 Allmänt
677 827 66 29 sett
760 826 125 30 verkar
903 825 216 30 formkravet
1136 824 53 30 till
1207 824 111 30 fördel
1336 824 55 29 för
1411 823 94 30 såväl
1522 823 94 37 jord-

136 882 102 39 ägare
259 890 74 21 som
354 881 214 30 arrendator.
589 880 69 30 För
677 880 247 29 arrendatorns
946 879 53 30 del
1019 879 59 29 må
1097 879 148 29 nämnas
1266 879 49 28 att
1337 877 169 39 skriftligt
1526 877 91 30 avtal

132 936 107 39 gäller
262 937 73 28 mot
359 944 47 31 ny
429 935 103 39 ägare
556 944 42 21 av
621 934 211 40 fastigheten
855 934 12 30 i
893 934 109 29 större
1027 932 245 40 utsträckning
1296 932 46 29 än
1365 931 167 40 muntligt
1554 931 65 29 och

137 992 49 28 att
207 990 123 30 endast
349 989 267 40 nyttjanderätt,
639 997 74 21 som
734 988 153 39 grundar
909 987 51 39 sig
978 987 46 40 på
1044 986 152 39 skriftlig
1216 986 178 39 handling,
1415 986 70 29 kan
1506 985 112 29 förbe-

135 1044 113 30 hållas
267 1043 58 31 vid
345 1043 162 30 exekutiv
526 1042 221 39 försäljning.
768 1041 14 29 I
802 1041 176 40 åtskilliga
997 1041 63 29 fall
1079 1040 98 30 torde
1197 1039 106 30 också
1323 1039 229 30 arrendatorn
1570 1038 48 30 bli

134 1099 12 29 i
162 1098 71 30 viss
251 1097 247 39 utsträckning
511 1096 162 40 skyddad
691 1103 123 32 genom
830 1095 312 29 bestämmelserna
1158 1103 57 20 om
1233 1092 385 40 skadeståndsskyldig-

136 1152 60 29 het
212 1152 56 29 för
285 1151 56 30 det
359 1151 62 29 fall
439 1152 50 28 att
507 1150 168 39 skriftligt
694 1149 90 30 avtal
800 1149 78 30 icke
895 1149 158 29 kommer
1071 1148 52 30 till
1143 1147 102 30 stånd
1262 1148 65 28 och
1345 1147 93 29 detta
1455 1146 30 38 ej
1505 1147 113 29 berott

136 1205 45 38 på
195 1205 132 30 honom
344 1206 87 29 samt
446 1204 151 30 tillträde
614 1203 90 30 ändå
721 1203 98 30 skett.
835 1202 131 31 Risken
982 1202 56 30 för
1055 1200 425 38 skadeståndsskyldighet
1495 1200 97 30 torde
1609 1199 13 30 i

135 1260 40 29 de
194 1260 104 29 flesta
316 1259 62 29 fall
396 1258 115 30 förmå
529 1258 210 39 jordägaren
758 1258 50 29 att
826 1256 188 30 medverka
1032 1256 52 29 till
1105 1255 154 39 skriftlig
1277 1255 196 38 avfattning
1492 1264 42 20 av
1552 1254 69 29 för-

137 1313 327 39 längningsavtalet.

182 1367 117 39 Enligt
321 1366 223 40 lagförslaget
567 1365 88 30 skall
677 1365 310 30 bestämmelserna
1010 1373 57 20 om
1087 1362 291 31 bostadsarrende
1400 1362 72 29 inte
1493 1361 127 30 tilläm-

137 1430 63 31 pas
214 1421 45 40 på
274 1420 145 30 arrende
435 1429 73 20 som
524 1428 98 21 avser
637 1419 247 30 arrendatorns
898 1418 129 30 livstid.

184 1475 14 29 I
218 1475 220 29 motionerna
457 1474 29 29 I:
504 1473 61 30 780
586 1473 65 29 och
671 1473 45 30 II:
735 1472 83 30 1010
837 1472 202 30 hemställes
1060 1473 50 28 att
1130 1471 19 29 2
1169 1471 80 39 kap.
1272 1470 27 34 1,
1321 1469 28 35 3,
1372 1469 40 30 28
1433 1469 65 30 och
1517 1468 41 30 43
1582 1468 37 37 $$

139 1528 380 41 nyttjanderättslagen
542 1527 88 30 skall
650 1544 45 4 —
714 1526 127 30 liksom
862 1526 13 30 i
896 1525 262 40 propositionen
1180 1524 146 30 föreslås
1348 1524 55 29 för
1424 1523 198 30 bostadsar-

138 1583 108 29 rende
264 1600 44 3 —
327 1582 91 39 gälla
437 1582 86 30 även
541 1581 59 30 vid
619 1580 284 31 livstidsarrende
923 1580 55 29 för
997 1578 319 31 bostadsändamål.
1337 1578 14 28 I
1373 1578 15 29 1
1413 1577 14 37 $
1449 1577 173 40 uppställs

140 1637 87 29 krav
245 1636 46 40 på
310 1635 154 40 skriftlig
483 1635 214 34 avtalsform,
716 1634 240 30 innebärande
974 1635 49 28 att
1044 1633 144 29 avtalets
1210 1631 160 40 samtliga
1387 1631 126 30 villkor
1534 1631 88 29 skall

140 1691 185 39 upprättas
348 1689 198 40 skriftligen
567 1689 65 29 och
654 1690 50 29 att
724 1687 174 40 muntliga
918 1687 356 30 överenskommelser
1295 1686 67 29 blir
1383 1685 151 40 ogiltiga.
1556 1684 67 30 Om

142 1744 154 39 skriftlig
314 1744 92 29 form
423 1744 72 29 inte
512 1743 130 29 iakttas
661 1742 55 30 får
736 1741 229 30 arrendatorn
983 1741 70 29 rätt
1070 1741 52 29 till
1142 1739 195 40 ersättning
1353 1739 55 30 för
1428 1739 119 29 skada.
1566 1738 18 30 3
1606 1738 15 36 $

142 1798 212 29 föreskriver
374 1799 50 27 att
445 1797 66 29 den
532 1805 74 21 som
625 1795 53 30 till
699 1804 118 21 annan
835 1794 161 40 upplåter
1015 1794 80 37 jord
1114 1794 45 39 på
1180 1793 145 30 arrende
1345 1793 72 30 inte
1437 1792 55 30 får
1512 1792 112 30 förbe-

139 1851 97 30 hålla
261 1851 51 39 sig
335 1851 70 29 rätt
430 1852 50 28 att
504 1850 185 30 frånträda
712 1849 126 30 avtalet
863 1849 74 29 före
963 1847 262 32 arrendetidens
1251 1847 69 30 slut
1345 1846 45 40 på
1414 1846 110 30 andra
1549 1846 76 29 skäl

143 1906 45 29 än
204 1905 78 30 dem
297 1914 75 20 som
388 1904 142 30 särskilt
546 1911 104 32 anges
664 1903 12 30 i
690 1904 111 38 lagen.
816 1902 118 39 Enligt
949 1901 40 30 28
1008 1901 14 38 $
1041 1901 114 39 gäller,
1173 1901 44 29 då
1232 1900 201 30 överlåtelse
1449 1910 42 20 av
1504 1900 120 38 fastig-

142 1959 105 30 heten
261 1959 83 29 sker
362 1958 87 30 efter
467 1958 56 29 det
542 1959 49 28 att
609 1957 229 30 arrendatorn
855 1956 140 29 tillträtt
1013 1955 214 34 densamma,
1246 1954 275 30 arrendeavtalet
1539 1955 86 27 utan

144 2013 143 30 särskilt
309 2011 172 31 förbehåll
504 2013 74 28 mot
600 2020 66 30 nye
690 2011 137 39 ägaren.
851 2009 14 29 I
888 2008 40 31 43
955 2009 15 37 8
998 2008 163 40 slutligen
1185 2008 139 39 stadgas
1348 2007 93 30 vissa
1462 2007 163 39 begräns-

143 2067 125 39 ningar
281 2066 12 30 i
307 2066 115 29 rätten
437 2067 49 28 att
501 2064 110 31 träffa
626 2064 207 37 skiljeavtal.

190 2120 80 30 Som
289 2118 385 41 departementschefen
693 2118 117 29 anfört
828 2117 40 29 är
885 2115 342 40 förutsättningarna
1245 2115 55 30 för
1318 2116 164 39 parterna
1499 2114 59 30 vid
1576 2114 51 29 in-

146 2174 131 40 gående
298 2183 42 21 av
359 2175 48 28 ett
426 2172 285 31 livstidsarrende
730 2172 11 29 i
761 2172 70 30 viss
851 2170 83 31 mån
955 2170 171 30 artskilda
1145 2169 80 30 från
1246 2169 110 30 andra
1376 2169 250 30 arrendeavtal.

145 2229 103 30 Vissa
270 2237 42 20 av
334 2227 41 30 de
396 2227 263 30 bestämmelser
683 2234 74 21 som
780 2234 47 20 nu
850 2224 147 31 föreslås
1020 2224 54 30 för
1096 2223 316 30 bostadsarrenden
1434 2222 65 30 har
1522 2221 106 31 också

146 2282 110 30 sådan
275 2281 171 30 innebörd
466 2282 50 28 att
537 2280 56 30 det
612 2280 73 29 inte
704 2279 71 30 kan
795 2278 258 40 ifrågakomma
1074 2279 49 28 att
1145 2277 81 39 göra
1248 2277 78 29 dem
1345 2276 208 40 tillämpliga
1571 2276 57 29 be-

145 2335 181 31 träffande
346 2333 322 32 livstidsarrenden.
692 2333 42 30 Så
756 2333 37 29 är
814 2332 97 30 fallet
931 2332 81 30 med
1031 2331 311 30 bestämmelserna
1361 2330 12 30 i
1396 2330 39 30 72
1459 2330 15 37 $
1497 2339 57 20 om
1576 2339 52 20 ar-

145 2389 205 31 rendetiden
375 2389 65 29 och
462 2389 12 29 i
501 2387 39 30 73
567 2387 16 37 8
610 2396 56 21 om
691 2386 230 41 uppsägning.
947 2385 327 31 Livstidsarrenden
1300 2393 101 31 synes
1425 2384 203 39 visserligen

142 2452 148 20 numera
305 2443 72 29 inte
392 2451 85 20 vara
493 2441 141 30 särskilt
650 2441 148 39 vanliga,
815 2449 80 20 men
911 2439 188 39 tillräcklig
1115 2438 189 39 anledning
1319 2439 50 28 att
1384 2438 72 29 helt
1473 2438 159 29 undanta

147 2497 79 30 dem
250 2496 81 30 från
355 2496 57 30 det
435 2495 216 30 förbättrade
675 2493 213 41 rättsskydd,
915 2502 76 21 som
1014 2501 98 22 avses
1136 2492 80 30 med
1238 2491 311 30 bestämmelserna
1573 2500 56 20 om
