1930 2792
442 150 390 30 Jordbruksutskottets
856 150 178 31 utlåtande
1057 159 43 21 nr
1121 151 39 29 31
1184 150 40 31 år
1246 150 85 30 1960
1600 152 40 30 33

180 235 177 30 Utskottet
378 235 65 30 har
463 235 12 30 i
496 236 59 29 det
578 235 208 39 föregående
809 236 169 39 tillstyrkt
1000 236 68 30 den
1093 245 42 20 av
1157 235 126 39 Kungl.
1307 235 106 40 Maj:t
1436 235 200 40 föreslagna

138 285 178 30 allmänna
342 286 284 39 uppläggningen
651 295 42 21 av
717 286 58 30 det
799 286 164 30 tekniska
990 288 166 37 systemet
1182 286 55 30 för
1263 285 333 40 prisutjämningen.
1623 285 14 29 I

138 336 205 39 anslutning
362 336 119 30 härtill
502 336 163 30 förordar
684 337 182 33 utskottet,
889 339 49 27 att
958 336 479 40 prisutjämningsbeloppen,
1459 336 96 30 vilka
1575 335 63 31 bör

138 388 178 28 motsvara
333 386 43 30 de
394 386 297 40 införselavgifter
709 386 66 30 och
795 387 110 30 andra
925 387 157 39 avgifter,
1104 395 75 22 som
1198 387 58 30 vid
1274 386 131 40 import
1424 386 152 30 belastar
1595 386 43 30 de

137 436 12 30 1
168 436 358 40 färdigprodukterna
546 437 160 30 använda
725 437 259 30 kvantiteterna
1003 436 349 41 jordbruksråvaror,
1374 437 88 30 skall
1483 436 156 31 faststäl-

136 487 51 30 las
217 496 43 21 av
287 487 373 39 jordbruksnämnden
689 488 80 29 med
798 487 266 40 utgångspunkt
1094 487 80 30 från
1204 488 42 30 de
1277 487 251 40 avgiftssatser,
1561 495 75 22 som

137 537 106 39 gäller
268 538 58 29 vid
352 537 174 40 ingången
552 547 43 20 av
620 537 343 31 kalendermånaden
989 539 159 29 närmast
1175 537 75 31 före
1276 538 98 39 varje
1401 537 236 40 utjämnings-

137 588 130 39 period.

181 637 127 30 Vidare
341 637 72 34 bör,
444 637 11 29 i
489 637 154 39 enlighet
674 638 79 30 med
787 638 126 39 Kungl.
946 638 125 40 Maj:ts
1107 637 141 40 förslag,
1283 638 11 29 i
1327 637 100 40 fråga
1450 647 57 20 om
1530 638 105 29 chok-

136 687 72 30 lad-
240 688 66 29 och
337 687 295 40 konfektyrvaror
664 690 90 28 samt
784 688 128 30 wafers
942 689 66 29 och
1040 688 146 30 biscuits
1207 688 230 39 erforderliga
1457 687 179 40 uppgifter

139 739 53 30 för
208 738 196 40 beräkning
420 749 42 20 av
478 740 42 30 de
538 739 357 40 utjämningsbelopp,
914 749 75 21 som
1008 740 89 30 skall
1115 739 84 40 utgå
1215 740 53 29 till
1286 739 239 34 tillverkarna,
1545 740 90 29 samt

138 789 54 30 för
217 790 320 30 kontrolländamål
563 790 178 30 inhämtas
766 790 81 30 från
874 790 225 30 tillverkarna
1123 790 12 30 i
1161 790 171 30 samband
1357 790 79 29 med
1460 790 68 29 den
1554 789 83 30 dek-

139 839 160 35 laration,
324 848 75 22 som
422 840 41 29 de
486 840 108 39 enligt
618 840 426 30 skattebestämmelserna
1067 840 65 30 har
1155 842 50 28 att
1229 848 83 32 avge
1336 840 52 30 till
1411 840 226 39 kontrollsty-

138 890 122 34 relsen,
284 890 124 30 därvid
430 891 41 29 de
494 890 64 30 bör
580 891 158 30 redovisa
762 891 42 30 de
828 891 54 29 för
905 891 226 39 tillverkning
1155 900 42 21 av
1220 890 262 40 skattebelagda
1506 890 130 39 färdig-

138 940 193 39 produkter
359 940 214 30 förbrukade
601 941 260 30 kvantiteterna
889 951 41 20 av
957 941 97 30 förut
1082 941 156 30 nämnda
1264 941 372 39 jordbruksreglerade

139 990 151 30 råvaror.
321 990 48 30 På
398 991 170 39 grundval
599 1001 42 20 av
670 991 481 40 förbrukningsuppgifterna
1179 991 63 30 bör
1272 991 180 39 företagen
1481 990 155 30 därefter

139 1050 41 20 av
196 1040 211 39 jordbruket
425 1040 241 40 tillgodoföras
685 1042 41 30 de
745 1041 358 40 utjämningsbelopp,
1124 1050 75 22 som
1220 1041 89 30 skall
1328 1041 199 30 tillkomma
1545 1041 90 30 dem.

138 1090 495 40 Förbrukningsuppgifterna
658 1091 61 30 bör
744 1092 119 30 vidare
888 1092 91 39 ligga
1004 1092 53 29 till
1084 1093 113 38 grund
1224 1091 55 31 för
1303 1091 265 30 bestämmande
1596 1100 40 21 av

137 1141 42 29 de
203 1141 427 40 kompensationsbelopp,
657 1150 73 21 som
756 1141 81 30 från
861 1142 57 30 det
944 1142 180 30 allmänna
1150 1142 88 30 skall
1264 1141 173 30 utbetalas
1462 1141 53 30 till
1541 1141 95 40 jord-

138 1190 136 31 bruket.
299 1191 273 30 Fastställandet
597 1201 43 20 av
663 1191 220 31 sistnämnda
906 1192 124 39 belopp
1055 1192 72 35 bör,
1152 1192 168 30 likaledes
1344 1192 12 30 i
1380 1191 152 40 enlighet
1556 1192 80 29 med

137 1241 125 39 Kungl.
284 1241 125 40 Maj:ts
429 1241 141 40 förslag,
592 1242 188 30 ankomma
799 1242 45 40 på
863 1242 382 40 jordbruksnämnden.

181 1291 13 29 I
214 1292 263 39 propositionen
496 1292 65 30 har
582 1292 145 35 anförts,
748 1295 50 28 att
817 1293 58 30 det
894 1294 11 29 i
925 1293 188 39 praktiken
1132 1293 99 30 torde
1251 1293 122 30 kunna
1393 1292 163 31 befinnas
1577 1293 59 29 än-

137 1342 255 39 damålsenligt,
415 1344 49 28 att
486 1343 250 39 gransknings-
758 1343 66 29 och
845 1343 373 39 utbetalningsarbetet
1240 1342 214 39 ombesörjes
1478 1352 42 20 av
1540 1342 96 40 jord-

136 1391 290 31 bruksnämnden
455 1392 11 30 i
496 1393 141 29 samråd
666 1393 79 29 med
774 1393 227 39 jordbrukets
1032 1393 405 39 regleringsföreningar.
1467 1392 169 30 Häremot

137 1442 64 29 har
222 1442 173 30 utskottet
415 1443 87 29 intet
523 1444 52 28 att
596 1443 125 30 erinra.

181 1492 13 29 I
218 1492 153 39 enlighet
394 1493 78 29 med
496 1492 127 40 Kungl.
647 1492 124 40 Maj:ts
794 1493 131 39 förslag
947 1493 63 30 bör
1035 1493 104 30 såvitt
1163 1493 107 39 gäller
1293 1493 43 30 de
1359 1502 112 25 varor,
1497 1502 75 21 som
1598 1493 38 29 är

137 1542 145 40 belagda
309 1542 80 30 med
416 1542 326 40 utjämningsskatt,
770 1543 122 39 bidrag
918 1543 77 30 icke
1021 1544 138 29 lämnas
1186 1543 211 34 tillverkare,
1426 1552 75 21 som
1528 1543 109 39 enligt

138 1592 428 31 skattebestämmelserna
595 1594 38 29 är
662 1593 154 40 fritagna
845 1593 79 30 från
954 1593 296 40 skattskyldighet
1278 1593 47 40 på
1353 1593 115 41 grund
1496 1602 44 22 av
1567 1592 71 32 till-

138 1643 234 39 verkningens
390 1643 99 39 ringa
506 1643 223 40 omfattning.
749 1644 194 39 Självfallet
961 1644 63 30 bör
1041 1644 345 39 utjämningsbidrag
1405 1644 29 39 ej
1455 1644 110 29 heller
1583 1645 54 28 ut-

139 1693 41 39 gå
199 1693 80 29 med
299 1694 137 29 mindre
457 1694 43 29 än
522 1696 50 28 att
593 1694 67 29 den
681 1694 253 39 skattskyldige
954 1695 11 29 i
985 1694 218 39 vederbörlig
1224 1694 149 40 ordning
1393 1694 135 30 lämnat
1549 1703 87 31 upp-

137 1742 64 40 gift
219 1752 58 21 om
297 1743 55 30 sin
370 1743 373 41 råvaruförbrukning.

182 1793 13 29 I
217 1793 100 39 fråga
337 1802 56 20 om
415 1794 219 39 färdiglagad
656 1803 116 30 senap,
795 1794 105 34 såser,
922 1803 128 31 soppor
1072 1795 65 29 och
1158 1794 263 30 fiskkonserver
1442 1794 194 39 tillstyrker

138 1843 180 34 utskottet,
346 1845 49 28 att
420 1843 44 39 på
488 1844 247 30 motsvarande
762 1845 69 29 sätt
855 1845 42 29 de
923 1844 145 39 företag,
1095 1853 75 21 som
1197 1854 41 20 av
1263 1844 371 39 jordbruksnämnden

137 1893 74 29 icke
237 1893 218 39 undantages
481 1893 80 30 från
586 1894 222 39 redovisning
833 1894 65 30 och
921 1894 123 39 bidrag
1069 1894 45 39 på
1140 1896 112 37 grund
1279 1903 43 21 av
1346 1894 289 39 tillverkningens

138 1943 98 39 ringa
258 1943 223 39 omfattning,
506 1944 52 29 till
581 1945 175 29 nämnden
780 1944 177 30 redovisar
979 1945 42 29 de
1044 1944 55 30 för
1121 1944 226 39 tillverkning
1371 1953 41 21 av
1433 1944 103 30 dessa
1557 1953 79 30 pro-

137 1993 126 30 dukter
288 1994 160 29 använda
472 1994 258 31 kvantiteterna
755 2004 42 19 av
822 1994 95 30 förut
941 1995 151 38 angivna
1115 1994 338 39 jordbruksråvaror
1477 1994 67 29 och
1568 1994 68 30 till-

140 2043 187 39 godoföres
360 2043 466 40 prisutjämningsbeloppen
860 2044 11 29 i
903 2044 237 39 huvudsaklig
1173 2044 349 30 överensstämmelse
1555 2044 79 30 med

138 2093 40 29 de
206 2093 121 39 regler,
356 2103 73 20 som
457 2093 54 30 för
538 2094 218 30 närvarande
783 2094 177 40 tillämpas
987 2095 11 29 i
1026 2094 100 39 fråga
1153 2103 57 21 om
1238 2094 314 40 regleringsbidrag
1581 2094 55 30 för

138 2143 168 29 feltvaror
327 2143 52 29 till
400 2144 64 29 den
487 2143 319 30 kemisk-tekniska
826 2144 208 30 industrien.

181 2193 64 29 Det
266 2193 98 29 torde
384 2193 35 29 få
439 2194 190 29 ankomma
647 2193 44 39 på
710 2194 126 38 Kungl.
856 2194 104 39 Maj:t
980 2194 93 33 eller,
1094 2193 88 30 efter
1203 2194 126 38 Kungl.
1350 2193 124 39 Maj:ts
1493 2194 143 39 bemyn-

137 2242 158 39 digande,
319 2242 372 39 jordbruksnämnden
714 2245 50 27 att
787 2244 57 28 vid
868 2243 97 30 bifall
990 2243 80 30 från
1094 2243 206 39 riksdagens
1324 2243 76 30 sida
1423 2243 52 30 till
1498 2244 44 29 de
1566 2243 70 30 för-

138 2293 71 38 slag
231 2292 171 29 utskottet
421 2292 11 29 i
452 2292 56 29 det
531 2292 207 39 föregående
760 2293 156 29 förordat
937 2293 143 29 utfärda
1101 2292 264 30 bestämmelser
1385 2301 56 21 om
1463 2293 172 30 erforder-

139 2342 65 38 liga
222 2341 354 39 regleringsåtgärder
595 2342 55 29 för
669 2344 48 27 att
735 2342 205 39 genomföra
957 2342 103 30 dessa
1080 2342 140 39 förslag.

164 2433 17 25 3
221 2433 113 30 Bihang
346 2432 47 24 till
404 2433 169 30 riksdagens
585 2433 146 30 protokoll
743 2433 76 24 1960.
841 2433 31 23 10
883 2433 83 23 saml.
996 2435 40 24 Nr
1054 2433 31 24 31
