1908 2788
679 145 376 31 Jordbruksutskottets
1082 145 175 31 utlåtande
1286 156 40 21 nr
1351 146 51 30 43.

652 227 31 40 3)
713 227 20 31 å
750 228 183 31 riksstaten
951 228 55 32 för
1020 228 202 37 budgetåret
1243 224 137 43 1947/48
1399 230 110 30 under
1525 231 127 30 nionde
1670 231 133 31 huvud-

609 278 95 31 titeln
728 278 120 31 anvisa

652 328 31 39 a)
712 329 52 31 till
795 330 393 37 Lantmäteristyrelsen:
1220 331 208 36 Avlöningar
1457 335 46 27 ett
1536 332 268 37 förslagsanslag

607 390 42 20 av
673 381 59 29 551
749 381 63 30 000
836 381 142 35 kronor;

650 430 33 39 b)
715 431 48 29 till
783 431 393 36 Lantmäteristyrelsen:
1213 431 42 30 Om
1266 430 186 33 kostnader
1470 436 46 27 ett
1533 433 270 37 förslagsanslag

606 489 42 21 av
674 481 60 29 100
749 481 62 29 000
834 480 142 36 kronor;

651 529 29 40 ce)
711 531 50 29 till
789 531 394 37 Lantmäteristyrelsen:
1212 532 384 37 Kartlagningsarbeten
1623 539 47 26 ett
1698 542 105 22 reser-

608 581 256 37 vationsanslag
888 591 42 21 av
953 582 41 30 35
1007 582 64 31 000
1096 582 142 36 kronor;

653 631 30 40 4)
712 632 185 36 godkänna
917 632 154 37 följande
1091 632 248 37 avlöningsstat
1359 633 56 31 för
1436 634 367 32 lantmäterikontoren

608 681 11 30 i
645 683 112 35 länen,
784 686 50 27 att
859 682 174 37 tillämpas
1060 682 67 31 tills
1154 683 118 31 vidare
1298 683 79 32 från
1404 684 65 31 och
1496 686 78 29 med
1602 685 201 36 budgetåret

611 730 156 33 1947/48:

1080 816 251 30 Avlöningsstat.

610 878 28 29 1.
663 876 211 37 Avlöningar
900 877 51 30 till
978 877 210 37 tjänstemän
1215 877 21 31 å
1265 878 172 32 ordinarie

708 931 75 32 stat,
815 928 199 36 förslagsvis
1051 952 383 8 .s.......s.sssc.r
1463 929 129 32 kronor
1651 932 63 30 745
1727 932 65 30 600

607 979 29 29 2.
662 978 210 36 Avlöningar
892 978 51 31 till
964 978 211 36 tjänstemän
1195 978 20 31 å
1236 978 201 38 övergångs-

706 1032 75 32 stat,
803 1028 200 37 förslagsvis
1049 1053 383 8 ..ssoss.o.csosossrcsorra
1521 1043 12 14 >
1672 1033 41 29 22
1728 1033 63 30 600

669 1111 2 9 I
1799 1120 2 16 |

857 1135 107 29 Tjänst-

716 1169 57 23 Lön
851 1159 117 44 görings-
1023 1152 84 58 ar
1278 1161 104 43 Titel
1504 1196 1 4 |
1525 1171 85 24 Antal
1628 1162 18 43 |
1661 1172 109 23 Kronor

833 1203 154 30 penningar
1084 1192 32 25 ge
1504 1216 1 8 |

708 1292 15 25 2
732 1292 50 26 200
869 1293 74 26 1500
1053 1294 49 26 150
1126 1290 21 40 |
1159 1296 134 24 Assistent
1302 1297 9 23 i
1318 1297 174 23 Västernorr-

1192 1338 78 23 lands
1287 1338 44 24 län
1346 1357 138 6 .........
1560 1338 13 24 1
1677 1337 76 26 3850
1798 1320 3 42 |

707 1376 75 26 2200
868 1377 75 26 1500
1068 1392 34 5 —
1126 1374 23 40 |
1157 1380 102 24 Annan
1276 1381 124 23 assistent
1414 1399 71 6 .....
1560 1380 13 24 1
1677 1379 16 26 3
1703 1379 49 26 700

1383 1431 113 24 Summa
1515 1432 116 30 kronor
1628 1425 17 42 |
1679 1429 74 27 2550

707 1498 77 22 Anmnm.
811 1497 135 24 Assistent
965 1496 120 32 åtnjuter
1101 1500 41 22 tre
1161 1497 181 32 ålderstillägg
1360 1499 42 23 till
1420 1499 80 24 lönen
1515 1499 14 24 å
1541 1497 50 26 500
1609 1500 102 23 kronor
1727 1500 67 23 efter

665 1545 66 23 resp.
750 1536 24 31 5,
795 1536 30 25 10
843 1539 51 23 och
915 1537 31 25 15
965 1539 36 24 år.

606 1616 29 30 3.
662 1616 210 36 Avlöningar
896 1616 50 32 till
974 1617 266 32 icke-ordinarie
1266 1620 169 35 personal,

705 1667 200 36 förslagsvis
962 1691 447 8 ocoseeesersersrersse
1296 1663 32 46 st
1336 1663 35 46 rr
1382 1663 30 46 rr
1462 1670 128 29 kronor
1617 1672 15 28 1
1651 1671 61 30 109
1726 1671 63 31 600

605 1718 30 29 4,
661 1716 129 37 Rörligt
808 1717 127 38 tillägg,
954 1718 200 37 förslagsvis
1182 1743 249 7 ............
1519 1732 8 15 z
1651 1722 61 30 106
1726 1722 62 30 500

1278 1767 155 51 "Summa
1457 1788 129 30 kronor
1613 1790 14 29 1
1644 1789 64 31 984
1722 1789 77 36 300;

647 1876 31 39 5)
708 1876 20 31 å
755 1877 184 31 riksstaten
966 1877 55 31 för
1048 1877 202 37 budgetåret
1278 1877 141 43 1947/48
1446 1880 109 31 under
1582 1881 127 31 nionde
1736 1882 62 30 hu-

602 1927 169 30 vudtiteln
789 1927 120 31 anvisa

647 1977 30 39 a)
709 1978 50 30 till
779 1978 383 32 Lantmäterikontoren
1181 1981 11 29 i
1209 1980 114 31 länen:
1345 1981 208 37 Avlöningar
1572 1986 47 27 ett
1637 1983 162 37 förslags-

601 2028 119 37 anslag
742 2038 42 20 av
809 2030 13 29 1
839 2030 64 30 984
917 2030 62 30 300
1000 2030 142 36 kronor;

646 2078 33 40 b)
712 2079 48 30 till
788 2079 381 32 Lantmäterikontoren
1196 2082 11 29 i
1232 2081 115 31 länen:
1377 2081 254 33 Omkostnader
1655 2088 48 27 ett
1729 2085 69 36 för-

601 2129 212 37 slagsanslag
831 2139 42 21 av
891 2131 61 29 277
968 2131 63 30 500
1049 2132 143 35 kronor;

646 2179 31 37 6)
707 2180 187 35 godkänna
923 2180 155 37 följande
1108 2182 247 36 avlöningsstat
1387 2183 55 30 för
1470 2184 249 31 lantmäteriets
1749 2185 48 29 di-

606 2229 364 38 striktsorganisation,
999 2235 51 28 att
1077 2232 175 37 tillämpas
1284 2233 109 31 under
1423 2233 94 31 tiden
1547 2234 66 31 den
1645 2237 14 28 1
1691 2235 108 38 juli>

602 2281 40 30 31
668 2281 179 31 december
871 2282 96 30 1947:
