1864 2802
256 183 39 29 18
595 179 102 28 Andra
723 179 214 34 lagutskottets
961 179 158 27 utlåtande
1142 187 37 19 nr
1201 179 51 33 59;
1276 179 127 34 bilagor.

253 270 53 30 till
336 270 82 30 1938
441 268 57 32 års
526 268 142 39 riksdag
691 268 152 30 rörande
869 267 214 39 antagandet
1107 277 42 21 av
1176 266 301 40 sjöarbetstidslag
1503 267 88 30 fann
1615 266 127 39 skäligt

253 318 51 26 att
324 315 79 29 med
422 313 214 30 utfärdande
654 322 42 21 av
715 311 460 39 bemanningsföreskrifter
1195 312 11 29 i
1223 311 154 39 enlighet
1394 313 80 29 med
1494 312 248 30 ovannämnda

253 357 370 39 konventionsförslag
648 358 65 29 och
735 356 219 39 ratificering
979 366 43 21 av
1044 356 263 30 konventionen
1331 355 70 31 låta
1423 355 102 32 anstå
1547 356 92 30 intill
1664 357 78 30 dess

254 402 357 31 ratifikationsbeslut
642 401 154 38 förelåge
829 400 82 31 från
941 401 158 30 förutom
1133 402 43 29 de
1205 400 169 31 nordiska
1408 401 171 30 länderna
1610 400 132 39 jämväl

252 447 82 31 från
354 447 296 35 Nederländerna,
670 445 281 39 Sovjetryssland
974 446 67 29 och
1064 444 290 31 Storbritannien.
1387 444 123 31 Ehuru
1532 444 210 39 föreningen

254 491 148 39 tidigare
434 491 11 30 i
477 491 190 39 yttranden
697 490 175 30 förklarat
901 489 52 39 sig
984 490 122 29 kunna
1136 490 80 30 med
1249 489 91 31 vissa
1370 489 257 31 reservationer
1660 489 81 40 god-

253 536 119 30 känna
397 534 476 39 bemanningssakkunnigas
903 534 143 39 förslag,
1072 534 108 39 ansåg
1208 533 209 40 föreningen
1442 538 50 27 att
1520 535 120 30 starka
1665 534 76 30 skäl

254 581 116 30 talade
399 580 57 30 för
483 583 48 27 ett
561 580 160 38 uppskov
752 579 11 29 i
790 578 153 39 enlighet
970 579 81 30 med
1082 578 407 40 departementschefens
1516 578 46 40 på
1592 578 149 31 ämbets-

252 625 149 30 verkens
419 624 191 39 yttranden
630 624 181 38 grundade
831 623 141 39 förslag.

298 671 121 30 Ehuru
437 670 211 39 föreningen
668 670 172 30 alltsedan
857 670 41 29 de
919 669 112 31 första
1048 668 85 32 åren
1149 679 42 21 av
1212 669 54 30 sin
1285 670 224 30 verksamhet
1527 671 112 29 starkt
1658 670 82 30 häv-

252 716 60 29 dat
338 716 121 29 kravet
482 714 46 40 på
555 715 202 29 införandet
780 724 42 20 av
847 714 500 38 bemanningsbestämmelser
1368 714 57 30 för
1451 714 289 35 handelsflottan,

252 760 46 30 ha
322 759 90 31 vissa
434 759 301 38 omständigheter
755 758 173 36 inträffat,
953 768 77 21 som
1051 760 62 37 gör
1136 762 49 26 att
1207 758 210 39 föreningen
1440 759 78 30 icke
1543 759 118 30 finner
1682 768 58 21 an-

252 804 142 39 ledning
415 807 49 27 att
489 803 185 31 frånträda
696 804 67 29 den
788 802 275 39 uppfattningen
1086 802 209 39 föreningen
1320 804 92 29 hade
1433 803 40 31 år
1499 804 83 30 1938
1604 804 11 29 i
1641 802 100 40 fråga

252 858 59 20 om
331 849 55 29 det
408 848 219 38 berättigade
650 847 10 30 i
681 850 47 27 ett
750 848 172 38 uppskov.
955 847 58 30 Ett
1036 857 44 20 av
1099 848 122 29 skälen
1243 847 124 30 härför
1387 849 48 35 är,
1458 851 50 27 att
1532 849 44 29 de
1598 847 142 39 olidliga

254 892 259 36 förhållanden,
542 902 76 20 som
648 892 148 38 tidigare
825 891 194 31 existerade
1051 891 11 30 i
1092 891 100 39 fråga
1224 901 58 21 om
1311 891 96 31 såväl
1439 893 68 29 den
1535 892 202 31 kvalitativa

253 946 76 21 som
362 936 233 31 kvantitativa
629 936 364 39 sammansättningen
1024 946 43 21 av
1096 936 245 39 besättningen
1373 936 46 39 på
1449 946 44 21 en
1526 938 56 29 del
1613 937 127 39 fartyg,

251 981 215 31 framförallt
492 980 246 39 trampfartyg,
761 980 11 30 i
800 984 71 27 stor
898 980 245 39 utsträckning
1166 981 210 38 undanröjts
1399 989 127 31 genom
1553 982 68 30 den
1644 983 96 29 över-

251 1026 256 30 enskommelse
528 1026 150 29 rörande
698 1025 271 38 bemanningen,
995 1034 76 21 som
1093 1025 142 30 träffats
1259 1027 130 29 mellan
1410 1026 158 39 Sveriges
1592 1026 148 30 Redare-

251 1070 163 39 förening
439 1070 67 30 och
532 1070 154 30 Svenska
713 1069 351 39 Sjöfolksförbundet
1090 1069 45 39 på
1161 1070 126 30 hösten
1315 1071 93 35 1937,
1433 1071 66 29 och
1524 1071 42 29 de
1591 1071 148 29 bestäm-

251 1115 126 30 melser
393 1114 227 31 beträffande
637 1114 224 36 arbetstiden,
884 1123 76 21 som
981 1115 92 37 gälla
1091 1114 106 39 enligt
1218 1114 205 39 riksdagens
1442 1114 39 31 år
1502 1116 83 29 1938
1606 1115 134 30 fattade

250 1159 123 30 beslut.
408 1158 223 39 Föreningen
655 1159 40 29 är
717 1158 179 39 nämligen
921 1158 11 30 i
958 1162 147 27 motsats
1131 1158 52 31 till
1205 1159 265 31 motionärerna
1497 1169 42 20 av
1564 1160 67 30 den
1653 1168 86 30 upp-

251 1203 209 39 fattningen,
489 1206 51 27 att
564 1204 88 29 även
679 1203 11 30 i
717 1202 122 40 frågor
862 1202 133 32 sådana
1022 1212 77 21 som
1126 1203 115 30 denna
1267 1204 361 31 överenskommelser
1656 1204 83 30 mel-

251 1248 59 29 lan
336 1247 265 39 arbetsgivarna
624 1248 65 29 och
713 1248 265 38 arbetstagarna
1005 1248 62 30 äro
1095 1247 106 31 minst
1228 1248 72 31 lika
1324 1248 197 31 värdefulla
1547 1258 76 21 som
1646 1249 11 30 i
1683 1249 57 38 lag

250 1291 198 31 fastställda
478 1292 274 30 bestämmelser.
797 1291 138 32 Sådana
964 1293 132 29 mellan
1128 1296 166 35 parterna
1322 1292 47 40 på
1400 1293 339 30 arbetsmarknaden

250 1336 155 30 träffade
432 1337 362 29 överenskommelser
819 1337 122 30 kunna
970 1336 107 39 enligt
1106 1336 227 40 föreningens
1359 1337 230 40 uppfattning
1616 1337 46 40 på
1692 1341 47 27 ett

250 1380 115 31 bättre
393 1381 66 30 och
490 1380 189 39 smidigare
704 1382 68 29 sätt
801 1390 169 29 anpassas
998 1381 53 30 till
1077 1381 156 31 rådande
1258 1381 250 31 förhållanden
1534 1384 46 29 än
1610 1392 57 21 om
1696 1383 43 30 de

250 1426 62 29 äro
336 1424 11 31 i
374 1426 54 38 lag
452 1425 209 30 fastställda.
701 1425 53 31 Då
779 1426 116 30 denna
922 1426 360 30 avtalsbestämmelse
1308 1427 178 30 dessutom
1511 1427 78 30 icke
1616 1427 123 30 endast

249 1472 98 36 tager
368 1470 139 38 hänsyn
527 1469 53 30 till
601 1470 372 38 sjösäkerhetskravet,
996 1470 149 31 innebär
1169 1471 68 30 den
1257 1472 89 29 även
1365 1471 218 30 härutinnan
1604 1482 43 20 en
1668 1472 71 30 för-

251 1514 66 30 del.
360 1514 338 39 Lagbestämmelser
726 1515 152 30 rörande
909 1515 217 39 bemanning
1157 1516 66 29 och
1255 1515 95 31 befäl
1379 1516 148 31 ombord
1558 1516 21 31 å
1611 1516 127 39 fartyg,

250 1567 76 21 som
354 1559 223 30 uteslutande
607 1562 79 35 taga
713 1559 140 39 hänsyn
883 1559 52 30 till
962 1560 374 38 sjösäkerhetskravet,
1365 1561 62 30 äro
1455 1561 178 39 nämligen
1661 1561 78 30 icke

249 1602 221 39 tillräckliga.
508 1603 124 30 Denna
661 1603 53 30 sin
742 1603 228 40 uppfattning
998 1605 154 38 grundar
1177 1604 209 39 föreningen
1414 1604 46 39 på
1488 1606 68 30 den
1584 1606 154 30 erfaren-

249 1647 60 30 het
338 1647 211 39 föreningen
582 1648 90 39 gjort
705 1647 11 31 i
750 1648 101 39 fråga
881 1658 58 20 om
973 1649 312 31 bestämmelserna
1315 1649 11 30 i
1356 1649 381 39 befälsförordningen.

249 1691 278 40 Förordningen,
554 1702 75 21 som
652 1692 199 31 innehåller
876 1694 224 30 uteslutande
1123 1694 80 30 med
1229 1694 139 39 hänsyn
1393 1694 53 30 till
1472 1694 266 39 sjösäkerheten

250 1735 198 31 fastställda
478 1736 238 37 minimikrav,
745 1737 69 30 blir
839 1737 11 30 i
877 1737 242 39 verkligheten
1149 1738 107 31 också
1286 1738 274 37 maximerande,
1588 1740 66 30 och
1682 1739 56 30 för

250 1779 210 40 uppnående
485 1790 43 21 av
556 1791 44 20 en
623 1781 112 39 skälig
762 1781 331 40 befälsbemanning
1121 1783 65 29 har
1213 1783 57 29 det
1298 1782 88 30 visat
1411 1783 61 38 sig,
1500 1786 50 27 att
1576 1784 78 30 dess
1681 1783 56 30 be-

248 1825 219 30 stämmelser
510 1826 110 30 kräva
663 1826 273 39 komplettering
978 1834 127 31 genom
1146 1826 96 31 såväl
1282 1826 456 40 författningsföreskrifter

249 1878 75 21 som
345 1869 238 38 begränsning
602 1879 42 21 av
662 1870 215 30 arbetstiden
895 1880 77 21 som
993 1872 66 29 ock
1081 1871 11 30 i
1113 1872 476 31 avtalsöverenskommelser
1608 1873 130 29 mellan

248 1914 150 30 redarna
421 1915 66 29 och
508 1915 140 29 befälet.
684 1914 223 39 Föreningen
929 1916 66 29 har
1020 1915 147 31 sålunda
1191 1919 87 27 trots
1300 1916 347 40 sjöarbetstidslagen
1671 1917 66 30 och

247 1957 382 40 befälsförordningen,
650 1968 76 21 som
746 1959 38 39 ju
805 1959 92 31 båda
919 1961 61 29 äro
1003 1960 137 30 relativt
1161 1969 79 30 nya,
1264 1960 90 31 måst
1378 1962 234 38 komplettera
1637 1962 100 30 dessa

248 2003 80 29 med
348 2003 92 30 avtal
457 2004 153 29 rörande
629 2003 95 30 såväl
743 2004 266 30 bestämmelser
1030 2014 76 21 som
1127 2005 235 40 begränsning
1381 2015 42 21 av
1444 2006 215 31 arbetstiden
1681 2007 57 29 för

247 2045 110 31 förste
375 2050 159 35 styrman
553 2057 75 21 som
648 2048 264 31 bestämmelser
932 2059 58 20 om
1013 2049 202 39 ytterligare
1236 2050 95 30 befäl
1353 2051 123 30 utöver
1496 2052 67 29 vad
1583 2060 75 21 som
1680 2059 57 22 en-

247 2090 62 39 ligt
329 2091 371 40 befälsförordningen
725 2093 125 30 kräves
872 2093 57 30 för
953 2094 117 39 fartyg
1095 2094 12 30 i
1130 2094 68 30 viss
1220 2094 81 31 fart.

297 2135 79 31 Med
407 2137 78 29 stöd
522 2146 44 20 av
600 2137 67 30 vad
699 2147 91 20 ovan
824 2138 147 36 anförts,
1005 2148 104 20 anser
1140 2138 51 39 sig
1224 2138 209 40 föreningen
1470 2140 111 30 sakna
1617 2140 117 30 anled-

246 2181 85 40 ning
352 2182 176 39 tillstyrka
550 2191 43 21 av
616 2181 263 32 motionärerna
904 2183 102 39 gjord
1031 2183 210 30 hemställan
1263 2194 58 20 om
1346 2184 231 31 utarbetande
1603 2195 42 20 av
1666 2185 70 30 för-

248 2226 74 39 slag
343 2226 52 31 till
416 2226 301 40 bemanningslag.

291 2315 205 31 Stockholm
519 2316 69 30 den
612 2316 38 30 19
669 2325 94 21 mars
788 2316 93 30 1943.

570 2405 213 31 SVERIGES
804 2400 606 37 FARTYGSBEFÄLSFÖRENING

891 2487 36 30 G.
949 2487 139 30 Osvald.
