1882 2810
257 125 37 29 18
621 133 395 37 Bevillningsutskottets
1042 136 217 32 betänkande
1284 147 43 21 nr
1352 137 49 31 38.

256 208 171 31 beräknas
449 209 12 29 i
482 209 120 39 förväg
621 228 42 4 —
684 212 173 38 ökningen
878 214 247 37 uppskattades
1146 215 53 30 till
1222 216 57 30 100
1292 216 59 30 000
1373 217 217 32 kubikmeter
1612 219 57 30 för
1689 220 71 31 helt

258 260 39 29 år
320 260 139 35 räknat,
484 263 49 29 att
558 263 219 30 statskassan
801 264 205 39 härigenom
1032 266 112 30 skulle
1170 267 132 31 erhålla
1326 269 80 30 med
1431 270 162 40 omkring
1616 270 41 31 45
1683 271 78 31 mil-

256 309 99 36 joner
372 310 132 30 kronor
521 311 108 31 ökade
649 312 272 36 skatteintäkter,
940 317 48 27 att
1006 316 289 38 ransoneringens
1315 318 202 39 avveckling
1536 320 112 30 skulle
1667 321 93 30 med-

255 360 77 30 föra
354 370 43 20 en
418 362 186 30 reduktion
627 372 42 21 av
690 364 238 31 kostnaderna
951 366 93 30 såväl
1067 367 56 29 för
1144 368 58 30 det
1224 368 179 31 allmänna
1426 379 74 21 som
1521 371 56 30 för
1598 372 160 40 närings-

256 409 80 30 livet
358 410 66 30 och
446 412 103 29 utöva
570 414 46 28 ett
638 412 150 31 indirekt
810 417 184 34 gynnsamt
1016 416 194 37 inflytande
1233 420 88 27 samt
1343 421 49 27 att
1414 419 66 30 den
1502 420 109 31 ökade
1633 421 125 30 belast-

256 461 127 39 ningen
403 462 46 39 på
468 462 376 41 betalningsbalansen,
866 475 75 21 som
962 467 319 41 bensinimportens
1301 470 134 40 ökning
1455 471 111 30 skulle
1588 473 169 34 medföra,

255 510 73 30 icke
350 520 82 21 vore
454 521 42 20 av
517 513 64 29 den
604 514 298 39 storleksordning
924 518 48 28 att
993 517 66 29 den
1078 518 108 30 borde
1209 519 97 37 lägga
1326 519 125 31 hinder
1472 521 11 29 i
1504 522 110 37 vägen
1636 522 55 30 för
1713 531 42 22 en

255 561 37 30 så
310 562 177 31 önskvärd
505 564 130 30 reform
656 574 73 21 som
748 566 420 42 bensinransoneringens
1188 570 212 40 avveckling.
1422 572 13 29 I
1455 572 205 41 anslutning
1677 574 79 30 här-

253 610 52 30 till
330 611 64 30 har
420 612 10 29 i
454 613 217 31 motionerna
696 615 220 35 framhållits,
942 619 48 28 att
1015 626 124 29 genom
1163 619 66 30 den
1255 620 238 39 förstärkning
1517 632 43 20 av
1585 623 172 38 budgeten

253 661 55 30 för
324 662 204 40 budgetåret
548 664 150 36 1949/50
716 676 73 20 som
806 667 151 32 erhölles
973 669 44 30 bl.
1036 679 29 20 a.
1084 678 123 31 genom
1225 672 201 39 ytterligare
1443 673 313 31 bensinskatteme-

253 712 53 29 del
326 713 52 29 till
399 714 90 39 följd
509 724 41 21 av
568 715 177 41 ökningen
764 727 43 20 av
824 718 412 38 bensinkonsumtionen,
1257 722 150 31 erhölles
1427 724 167 40 täckning
1613 725 56 30 för
1688 726 67 30 vad

253 763 215 30 statskassan
488 764 136 31 komme
646 767 49 28 att
717 766 131 31 förlora
870 775 123 30 genom
1013 770 65 29 den
1101 770 11 29 i
1133 771 217 31 motionerna
1372 774 175 37 samtidigt
1569 774 185 31 förordade

254 812 220 40 sänkningen
497 823 41 21 av
559 816 396 40 uttagningsprocenten
977 818 55 30 för
1058 820 66 31 den
1149 821 139 39 statliga
1310 822 311 32 inkomstskatten.

297 862 94 31 Även
421 865 106 39 enligt
557 868 189 31 utskottets
772 870 232 40 uppfattning
1033 872 38 29 är
1097 873 60 30 det
1186 874 167 31 önskvärt
1383 877 51 28 att
1460 875 294 32 bensinransone-

254 913 121 40 ringen
389 932 46 3 —
448 915 125 31 liksom
590 918 87 30 även
691 919 68 29 den
777 919 145 41 skärpta
936 921 395 42 bensinbeskattningen
1344 941 46 4 —
1404 926 182 30 avvecklas
1603 927 37 30 så
1657 929 96 29 snart

255 973 73 20 som
359 965 268 33 förhållandena
659 969 159 39 medgiva
847 971 107 30 detta.
985 972 65 30 Vid
1081 972 232 32 bedömandet
1344 985 43 20 av
1417 976 115 30 denna
1559 977 103 39 fråga
1689 978 64 29 bör

254 1015 191 31 emellertid
475 1018 160 30 närmare
666 1020 229 35 undersökas,
926 1021 10 29 i
964 1021 117 31 vilken
1110 1023 214 40 omfattning
1352 1025 400 33 bensinkonsumtionen

249 1064 156 31 kommer
426 1067 49 28 att
496 1066 65 30 öka
581 1067 59 30 vid
662 1067 46 30 fri
728 1068 126 31 handel
876 1070 66 29 och
962 1070 93 30 vilka
1076 1071 258 32 konsekvenser
1355 1083 76 21 som
1452 1074 123 31 härvid
1596 1077 83 37 göra
1700 1077 52 38 sig

249 1115 167 36 gällande.

294 1165 177 30 Utskottet
493 1166 65 30 har
580 1167 82 30 från
687 1168 153 30 bränsle-
865 1170 66 29 och
955 1171 430 33 trafikkommissionerna
1410 1174 231 32 införskaffat
1666 1185 87 32 upp-

248 1214 181 40 lysningar
455 1217 176 39 angående
657 1218 69 29 den
749 1219 178 40 antagliga
952 1219 426 44 konsumtionsökningen
1404 1225 115 30 därest
1546 1226 205 31 bensinran-

250 1265 209 40 soneringen
483 1276 45 20 nu
553 1268 115 29 skulle
694 1269 192 39 upphävas.
912 1271 116 39 Enligt
1053 1272 66 29 vad
1147 1273 170 31 utskottet
1341 1275 124 30 därvid
1489 1276 122 31 erfarit
1635 1278 116 29 skulle

247 1315 427 42 konsumtionsökningen
696 1319 202 40 antagligen
919 1320 144 31 komma
1085 1324 53 28 att
1159 1325 161 29 avsevärt
1342 1325 173 40 överstiga
1536 1327 67 30 den
1625 1328 12 29 i
1658 1328 92 30 före-

248 1366 152 29 varande
419 1367 173 30 motioner
610 1369 151 38 angivna
779 1370 234 36 kvantiteten;
1035 1381 42 20 en
1097 1373 132 40 ökning
1248 1376 79 29 med
1345 1377 165 39 omkring
1528 1378 63 30 200
1606 1378 63 31 000
1687 1380 65 29 ku-

247 1414 172 32 bikmeter
436 1417 55 30 för
507 1417 71 31 helt
597 1418 40 30 år
655 1420 128 30 räknat
802 1421 112 30 skulle
933 1431 82 22 vara
1033 1426 89 27 mest
1142 1425 113 38 trolig.

287 1466 66 30 Vid
380 1467 183 31 ulskottets
591 1470 331 38 ställningstagande
948 1472 52 30 till
1027 1473 67 30 den
1120 1483 47 21 nu
1196 1474 234 39 föreliggande
1457 1477 122 38 frågan
1605 1478 64 31 har
1695 1482 52 28 ut-

246 1517 127 31 skottet
390 1519 72 30 fäst
479 1521 195 38 avgörande
690 1521 74 31 vikt
780 1522 57 30 vid
856 1524 218 38 spörsmålet,
1091 1525 175 31 huruvida
1283 1527 67 30 den
1368 1530 201 30 nuvarande
1587 1526 162 49 tillgång-

244 1575 43 21 en
305 1567 44 37 på
368 1576 26 21 s.
414 1568 34 29 k.
467 1568 206 32 hårdvaluta
691 1570 70 30 kan
779 1580 101 22 anses
901 1573 157 37 medgiva
1077 1583 43 21 en
1140 1575 131 39 ökning
1290 1586 42 21 av
1352 1577 297 39 bensinimporten
1669 1581 79 30 med

244 1618 162 40 omkring
424 1619 64 30 200
502 1620 62 30 000
581 1621 223 31 kubikmeter
821 1632 62 31 per
901 1624 49 31 år.
969 1624 115 40 Enligt
1104 1627 189 31 utskottets
1312 1629 227 41 uppfattning
1557 1632 38 29 är
1613 1632 135 30 valuta-

244 1667 87 38 läget
355 1668 56 29 för
435 1670 213 30 närvarande
673 1671 131 35 sådant,
828 1674 50 28 att
901 1673 205 32 hårdvaluta
1129 1675 76 31 icke
1228 1677 69 30 kan
1321 1679 119 30 ställas
1463 1680 52 30 till
1539 1680 207 39 förfogande

242 1718 55 30 för
317 1719 109 40 inköp
447 1730 42 21 av
510 1722 219 31 sistnämnda
749 1723 173 32 kvantitet
944 1725 132 31 bensin.

285 1769 78 30 Med
387 1769 138 38 hänsyn
548 1770 119 31 härtill
693 1771 114 31 finner
832 1774 167 31 utskottet
1024 1775 51 38 sig
1099 1776 87 31 böra
1210 1779 163 36 avstyrka
1398 1780 217 32 motionerna
1641 1782 105 31 T1:298

243 1819 63 29 och
331 1820 46 29 II:
393 1820 75 36 379,
492 1822 52 29 till
568 1823 67 29 den
661 1823 55 30 del
740 1823 221 33 motionerna
984 1826 174 32 innefatta
1182 1828 211 32 hemställan
1418 1841 57 20 om
1501 1833 165 31 skrivelse
1690 1833 54 31 till

242 1868 122 39 Kungl.
390 1870 104 37 Maj:t
518 1872 77 29 med
621 1872 164 31 anhållan
811 1876 49 28 att
885 1874 124 38 Kungl.
1035 1876 103 37 Maj:t
1163 1878 104 30 måtte
1293 1880 212 32 omedelbart
1531 1882 139 39 vidtaga
1695 1884 49 30 åt-

242 1921 121 38 gärder
383 1921 57 30 för
460 1922 418 42 bensinransoneringens
899 1927 243 31 avskaffande.

288 2019 64 30 Vid
376 2020 42 29 de
443 2020 161 31 tillfällen
627 2023 46 29 då
698 2023 83 29 1948
804 2024 57 30 års
885 2024 346 41 bevillningsutskott
1253 2030 58 38 tog
1334 2031 167 40 ställning
1523 2033 52 31 till
1596 2034 44 30 de
1664 2037 82 28 utav

242 2069 125 40 Kungl.
396 2070 105 39 Maj:t
529 2071 196 40 framlagda
751 2074 178 39 förslagen
957 2084 55 21 om
1040 2077 121 40 skärpt
1189 2079 152 30 indirekt
1368 2081 224 42 beskattning
1618 2086 127 29 under-

243 2120 114 30 ströks
381 2120 81 30 från
486 2122 188 30 utskottets
699 2123 74 31 sida
796 2125 67 29 vad
887 2125 386 40 departementschefen
1296 2130 128 31 uttalat
1448 2133 130 33 därom,
1602 2137 51 28 att
1677 2136 67 29 den

242 2169 141 40 skärpta
402 2170 175 31 indirekta
596 2172 270 40 beskattningen
882 2192 45 3 —
946 2184 73 21 som
1036 2176 40 40 ju
1095 2177 176 32 förordats
1289 2180 12 29 i
1320 2181 90 37 syfte
1430 2185 50 27 att
1498 2183 244 33 åstadkomma

241 2228 42 20 en
303 2220 305 41 överbalansering
628 2232 43 21 av
692 2223 173 39 budgeten
887 2225 65 30 och
973 2226 76 30 icke
1069 2227 56 30 för
1146 2229 51 29 att
1216 2230 101 30 täcka
1339 2231 149 40 löpande
1510 2235 233 39 statsutgifter

239 2287 43 3 —
301 2270 105 31 borde
426 2281 84 21 vara
529 2281 42 21 av
589 2273 125 29 endast
734 2274 153 40 tillfällig
906 2277 115 29 natur.

281 2320 13 29 I
313 2320 111 30 likhet
441 2322 79 29 med
539 2321 83 30 1948
641 2323 58 29 års
718 2323 344 40 bevillningsutskott
1082 2326 59 30 vill
1160 2328 170 31 utskottet
1348 2331 142 31 särskilt
1508 2330 233 49 understryka

237 2372 49 28 att
305 2371 41 30 de
366 2371 58 29 vid
447 2371 82 30 1948
549 2372 56 30 års
626 2373 143 40 riksdag
789 2375 229 38 genomförda
1039 2377 279 40 skärpningarna
1338 2381 46 39 på
1404 2382 67 29 den
1491 2383 175 33 indirekta
1687 2385 56 30 be-

237 2421 243 39 skattningens
499 2423 140 30 område
658 2424 60 30 äro
739 2434 41 20 av
798 2426 124 29 endast
940 2426 153 40 tillfällig
1111 2430 105 28 natur
1235 2430 63 30 och
1320 2431 116 39 åsyfta
1457 2434 49 28 att
1527 2433 144 40 bidraga
1689 2436 52 30 till
