2136 2587
730 192 87 27 Stats-
825 190 144 29 Utskottets
997 189 146 29 Utlåtande
1168 189 54 28 N:o
1246 188 28 30 8.
1722 190 38 27 33

1126 274 217 49 Transport
1371 274 144 36 kronor
1545 275 177 45 206,900:
1754 298 50 4 —

190 342 76 35 nya
307 328 181 37 tillbehör
528 326 57 37 till
627 328 49 35 40
718 326 168 37 ändrade
929 327 421 48 ammunitionsvagnar
1385 327 22 35 å
1443 328 71 34 186

244 381 144 36 KLODOTL
402 411 95 5 oomserssr
507 411 14 4 rr
542 411 234 4 srsrarsssrerrrerere
796 375 39 55 sera
855 411 85 4 sädharre
960 411 95 4 seesres
1065 411 26 4 kar
1100 411 26 4 ser
1134 411 26 3 ser
1169 411 50 4 sense
1240 410 25 5 ene
1285 410 16 4 ie
1310 410 47 5 renar
1377 410 29 5 sen
1415 410 25 4 een
1450 410 25 4 san
1484 411 26 3 nan
1598 380 123 45 17,440:
1752 401 51 3 —

191 432 228 48 förändring
440 431 42 36 af
501 433 47 34 30
571 431 104 36 äldre
696 431 246 48 packvagnar
963 431 87 36 med
1070 430 181 37 tillbehör
1268 431 22 35 å
1307 432 74 35 300
1398 431 143 36 kronor
1597 432 125 45 9,000:
1755 453 47 3 —

191 485 74 36 rid-
297 485 71 35 och
398 483 397 49 anspaunspersedlar
824 482 60 36 för
913 485 23 33 4
965 483 376 46 batterier
1173 478 19 58 äå
1212 483 129 46 30,000
1370 482 144 37 kronor
1546 484 175 46 120,000:
1754 507 49 3 —

191 535 249 38 ammunition
479 535 60 36 för
574 537 20 35 5
624 535 183 36 batterier
837 536 21 35 å
888 537 139 45 37,700
1056 536 144 35 kronor
1229 548 69 35 per
1326 534 185 37 batteri...
1545 536 176 46 188,500:
1753 557 49 3 —-

192 591 20 34 6
251 587 299 37 reservlavetter
586 587 89 36 med
710 587 181 51 tillbehör
927 588 57 35 till
1014 590 21 33 2
1065 587 449 36 artilleriammunitions-

242 640 189 36 kolonner
461 641 21 34 ä
512 641 113 46 d,000:
656 639 142 36 kröl0É
820 671 690 5 m:smsmm.ssmssms.
1117 635 123 57 ss
1349 635 115 57 MONO
1570 641 151 45 21,540:
1753 662 50 4 —

191 692 60 36 för
280 694 23 34 4
333 691 639 37 artilleriammunitionskolonner:
1003 691 164 48 ändring
1197 691 40 36 af
1254 704 158 34 vagnar,
1433 691 74 36 rid-

244 744 72 36 och
346 743 398 50 anspannspersedlar
772 743 86 36 med
889 743 179 36 tillbehör
1098 745 21 34 å
1149 745 114 44 8,500
1289 743 144 36 kronor
1452 775 60 4 ......
1572 744 149 45 34,000:
1753 765 48 4 —

190 796 60 35 för
281 799 18 32 7
331 795 568 37 fältartilleridivisionsstaber:
930 795 165 48 ändring
1115 795 42 36 af
1172 795 153 47 fordon,
1347 795 74 36 rid-
1443 795 71 36 och

244 847 398 49 angspannspersedlar
670 847 87 36 med
787 860 104 23 mera
920 848 21 34 å
973 849 111 45 1,800
1114 847 143 36 kronor
1276 878 235 5 ......eeweweweewu
1572 848 149 42 12,600:
1754 869 47 3 —

1182 900 163 52 summa
1372 916 144 36 kronor
1545 917 177 46 599,980:
1753 940 50 3 —

190 1002 94 36 eller
320 1002 12 35 i
366 1002 114 36 rundt
514 1002 53 36 tal
602 1003 165 46 600,000
805 1001 160 46 kronor;
997 1002 71 35 och
1099 1002 122 35 skulle
1252 1001 99 36 efter
1380 1002 74 36 den
1483 1002 226 48 ifrågasatta
1738 1015 64 23 an-

191 1053 245 48 skaffningen
465 1054 122 35 finnas
618 1054 182 47 kanoner,
830 1053 164 36 lavetter
1024 1054 71 35 och
1125 1053 254 48 föreställare,
1406 1054 87 36 med
1514 1054 67 35 allt
1609 1054 192 46 tillbehör,

190 1106 201 36 äfvensom
435 1105 249 36 ammunition
720 1105 59 36 för
809 1107 47 34 30
886 1105 42 36 af
954 1105 46 37 de
1030 1105 57 36 till
1116 1105 246 48 anskaffning
1391 1105 223 47 föreslagna
1643 1108 48 34 34
1720 1105 82 36 bat-

191 1157 117 36 terier
337 1162 100 31 samt
464 1170 76 36 nya
568 1156 76 37 rid-
673 1157 72 35 och
774 1157 397 48 anspannspersedlar
1200 1157 61 36 för
1292 1159 46 34 18
1368 1158 42 35 af
1436 1157 46 36 de
1512 1160 66 41 263
1606 1157 195 47 batterier,

191 1222 82 23 som
304 1209 224 48 föreslagits
558 1214 56 30 att
643 1208 125 37 förses
798 1208 86 37 med
915 1209 130 48 dylika
1071 1209 211 48 persedlar.

295 1261 57 36 Då
384 1261 224 47 Riksdagen
636 1261 121 35 under
786 1274 46 23 en
861 1260 98 48 följd
988 1260 42 36 af
1056 1263 39 33 år
1123 1260 57 36 till
1209 1260 406 37 fältartillerimateriel
1644 1260 159 48 beviljat

190 1312 76 37 lika
307 1312 142 49 belopp
493 1325 82 23 som
619 1312 66 36 det
723 1312 41 36 af
789 1312 142 47 Kongl.
962 1312 108 48 Maj:t
1098 1326 49 21 nu
1177 1312 143 36 äskade
1350 1318 99 30 samt
1478 1313 64 35 det
1570 1312 85 36 icke
1685 1325 116 35 synes

189 1364 94 36 böra
324 1367 109 33 anstå
475 1364 87 36 med
604 1364 217 36 artilleriets
864 1364 229 48 tillräckliga
1135 1364 205 36 förseende
1375 1364 86 36 med
1503 1364 185 48 tidsenlig
1731 1364 72 36 och

191 1416 84 35 fullt
304 1416 166 36 brukbar
499 1416 184 47 materiel,
712 1415 221 36 hemställer
961 1416 212 47 Utskottet,

699 1473 55 30 att
795 1467 55 36 till
890 1467 245 48 anskaffning
1163 1467 43 36 af
1230 1481 50 35 ny
1311 1467 405 37 fältartillerimateriel
1746 1472 56 30 ett

593 1519 140 48 belopp
764 1519 41 35 af
831 1521 165 44 600,000
1026 1520 143 35 kronor
1197 1522 60 32 må
1272 1522 48 45 på
1336 1525 107 31 extra
1464 1525 76 30 stat
1561 1520 59 35 för
1641 1522 39 32 år
1703 1521 96 34 1887

594 1584 164 23 anvisas.

660 1776 665 40 Positionsartillerimateriel.

297 1882 98 36 20:o.
440 1876 16 59 —
479 1881 74 36 Till
588 1882 494 48 positionsartillerimateriel
1124 1881 68 36 har
1229 1881 142 48 Kongl.
1403 1880 107 48 Maj:t
1540 1881 60 36 för
1629 1883 40 34 år
1701 1883 96 35 1887

191 1935 111 35 äskat
331 1938 55 31 ett
415 1938 108 31 extra
552 1933 135 48 anslag
715 1933 42 36 af
783 1934 140 47 50,000
953 1934 153 35 kronor.

298 1986 56 35 Då
381 1984 294 49 ifrågavarande
704 1984 173 36 materiel
906 1998 158 23 numera
1092 1984 197 36 tillverkas
1319 1984 101 36 inom
1451 1984 130 36 landet
1611 1990 97 31 samt
1735 1985 65 36 det

191 2037 170 48 begärda
403 2036 183 49 beloppet
628 2042 40 31 är
710 2036 76 37 lika
827 2037 88 36 med
958 2037 65 36 det
1063 2036 222 48 Riksdagen
1315 2037 67 35 allt
1410 2036 96 36 ifrån
1537 2039 39 33 år
1609 2038 97 35 1880
1735 2037 65 36 be-

191 2089 108 49 viljat
327 2089 57 36 till
413 2088 251 37 förenämnda
693 2089 186 47 ändamål,
909 2088 222 37 hemställer
1159 2088 212 47 Utskottet,

700 2146 55 31 att
790 2141 58 36 till
886 2140 157 36 fortsatt
1080 2140 245 48 anskaffning
1362 2140 43 36 af
1432 2140 369 48 positionsartilleri-

595 2193 172 36 materiel
810 2198 55 30 ett
905 2192 142 48 belopp
1089 2192 43 36 af
1170 2194 139 46 50,000
1351 2192 143 36 kronor
1528 2195 60 33 må
1616 2195 48 45 på
1693 2199 108 29 extra

594 2250 77 31 stat
700 2244 60 36 för
788 2247 40 34 år
858 2246 97 35 1887
986 2243 165 37 anvisas.

276 2305 64 29 PBih.
365 2306 46 28 till
432 2306 97 28 Riksd.
554 2306 76 27 Prot.
655 2303 93 30 1886.
794 2304 20 29 4
836 2305 70 38 Afd.
953 2304 18 28 1
994 2305 86 27 Saml.
1128 2304 20 28 5
1173 2304 82 38 Häft.
1738 2305 18 27 öd

1859 1894 129 34 Angående

1852 1934 84 29 anslag
1956 1934 36 22 till

1816 1968 208 29 positionsartille-

1849 2003 141 21 rimateriel.

1878 2037 94 45 [18]
