2192 2592
771 218 87 26 Stats-
866 216 142 28 Utskottets
1038 215 144 29 Utlåtande
1204 215 57 29 N:o
1286 213 28 30 8.
1767 214 40 28 43

237 302 185 49 ställning
457 302 147 49 jemväl
646 301 70 36 bör
758 313 111 23 mana
903 300 55 36 till
994 299 243 49 sparsamhet
1272 298 88 37 med
1390 304 148 31 statens
1569 299 135 44 medel,
1737 311 114 24 anser

231 354 69 49 jag
343 360 55 31 att
439 355 202 37 Utskottet
683 354 32 47 ej
760 353 87 36 bort
889 352 194 49 tillstyrka
1120 352 108 36 bifall
1263 351 57 36 till
1357 351 141 48 Kongl.
1530 351 128 48 Maj:ts
1689 350 160 49 förslag.

238 407 76 50 Jag
342 408 116 49 yrkar
488 407 168 45 derföre,

746 463 55 30 att
835 457 142 48 Kongl.
1008 457 127 48 Maj:ts
1166 456 254 36 förevarande
1451 455 287 49 framställning
1765 455 84 37 icke

640 513 61 33 må
729 509 115 36 vinna
872 509 242 48 Riksdagens
1144 508 143 46 bifall»;

341 614 11 35 i
381 613 157 36 hvilken
568 613 240 36 reservation
837 613 158 36 instämt
1024 613 143 36 Herrar
1200 612 37 37 C.
1266 612 202 47 Ifvarsson,
1499 611 83 36 vice
1613 611 237 36 Talmannen

236 669 43 34 L.
314 666 39 37 O.
385 667 172 45 Larsson,
588 666 51 35 N.
670 667 195 44 Petersson,
899 664 39 38 O.
968 666 44 35 B.
1048 664 138 46 Olsson,
1222 664 40 36 G.
1293 665 184 44 Eriksson,
1504 665 82 35 Joh.
1613 665 138 35 Jonson
1778 663 71 36 och

238 720 51 34 M.
319 719 178 41 Jonsson;
527 722 99 31 samt

343 822 42 35 af
409 821 144 36 Herrar
582 822 38 36 S.
650 823 243 43 Andreasson,
923 822 40 34 P.
993 822 186 43 Pehrsson,
1211 822 43 34 A.
1286 821 151 34 Persson
1468 818 72 36 och
1559 820 37 35 J.
1620 819 43 35 E.
1691 818 160 36 Wiksten.

344 925 60 35 vid
417 926 162 46 punkten
602 926 79 34 10:0
705 923 211 47 (angående
939 923 191 36 Gotlands
1152 921 361 48 nationalbeväring
1534 926 99 31 samt
1652 921 199 46 Hallands,

237 975 348 37 Vesternorrlands
630 976 71 35 och
743 975 188 48 Blekinge
961 974 216 48 beväring):
1210 974 42 35 af
1277 973 144 36 Herrar
1452 973 144 36 Grefve
1632 973 40 36 G.
1704 973 147 48 Sparre,

242 1027 36 37 C.
310 1029 43 34 E.
388 1027 238 49 Casparsson,
656 1027 178 36 Friherre
864 1028 40 35 F.
934 1041 67 22 von
1029 1027 114 35 Essen
1174 1026 72 35 och
1277 1025 145 36 Grefve
1452 1026 44 35 PE.
1532 1024 38 37 C.
1601 1026 43 35 A.
1674 1026 119 47 Piper.

342 1132 61 34 vid
439 1132 162 46 pwnkten
644 1132 78 34 11:o
766 1130 213 47 (angående
1015 1128 460 47 bevärimgsmanskapets
1511 1127 340 48 vapenöfningar):

238 1182 40 35 af
317 1182 144 35 Herrar
504 1182 145 36 Grefve
685 1183 41 34 G.
758 1182 147 47 Sparre,
941 1182 36 34 C.
1009 1182 43 35 E.
1086 1180 238 48 Casparsson,
1355 1179 177 36 Friherre
1562 1181 41 34 F.
1633 1193 67 23 von
1728 1180 124 43 Essen,

239 1233 145 37 Grefve
429 1235 37 34 KE.
515 1233 36 37 C.
594 1236 44 33 A.
686 1234 117 47 Piper,
848 1233 144 35 Grefve
1042 1233 43 34 W.
1122 1231 41 37 G.
1192 1232 204 44 Hamilton,
1431 1230 39 37 O.
1509 1232 47 35 W.
1592 1230 181 50 Odelberg,
1806 1232 46 34 H.

236 1287 40 35 P.
306 1287 41 34 P.
382 1286 138 45 Tamm,
549 1284 178 37 Friherre
757 1286 44 35 B.
831 1287 43 34 A.
903 1284 271 49 Leijonhufvud
1203 1283 72 35 och
1304 1284 44 35 E.
1379 1283 226 43 Sederholm;

342 1386 43 37 af
409 1386 99 36 Herr
536 1388 37 35 J.
604 1387 150 45 Jonson,
784 1386 156 36 hvilken
971 1385 238 37 sistnämnde
1240 1385 146 36 anfört:

341 1490 109 36 »Med
493 1489 246 49 åberopande
782 1489 43 36 af
864 1489 45 36 de
951 1489 95 47 skäl,
1079 1488 71 48 jag
1177 1488 12 36 i
1218 1488 78 36 min
1326 1489 147 36 motion
1502 1489 74 36 N:o
1609 1491 72 34 144
1711 1489 141 47 anfört,

237 1543 68 35 har
336 1542 63 48 jag
429 1546 129 32 ansett
586 1546 55 31 att
669 1541 204 37 Utskottet
900 1541 88 35 bort
1016 1541 129 35 kunna
1173 1540 196 48 tillstyrka
1397 1540 237 49 Riksdagen,

745 1649 54 31 att
843 1644 74 36 den
950 1643 11 36 i
998 1645 46 35 35
1075 1643 21 49 $
1125 1643 336 49 värnpligtslagen
1491 1643 238 36 föreskrifna
1760 1643 93 48 dag-

641 1696 171 48 aflöning
855 1698 116 33 måtte
1011 1695 233 36 bestämmas
1281 1694 57 36 till
1369 1697 47 34 50
1447 1700 65 31 öre
1543 1700 99 31 samt
1670 1695 56 36 till
1756 1695 97 47 följd

641 1748 121 47 häraf,
808 1753 55 30 att
905 1747 177 47 anslaget
1124 1746 55 36 till
1214 1746 461 49 bevärmgsmanskapets
1711 1760 142 36 vapen-

642 1800 138 48 öfning
809 1802 116 33 måtte
955 1798 174 48 förhöjas
1158 1798 58 36 till
1245 1798 250 48 erforderligt
1523 1798 175 49 belopp.»

342 1905 60 35 vid
424 1904 162 47 punkten
615 1905 83 34 12:0
728 1902 213 48 (angående
973 1901 216 49 ersättning
1218 1904 37 33 åt
1280 1901 449 49 värnpligtsområdenas
1750 1901 103 37 befäl

237 1969 48 23 m.
316 1956 68 48 fl.):
416 1955 43 36 af
482 1955 101 36 Herr
611 1957 44 35 A.
687 1956 39 35 P.
757 1955 213 44 Danielson,
1001 1967 83 22 som
1115 1953 147 37 anfört:

341 2059 79 37 »Då
456 2060 98 35 1875
592 2061 59 33 års
681 2057 173 48 Riksdag
882 2057 206 48 godkände
1118 2057 143 48 Kongl.
1292 2056 129 48 Maj:ts
1450 2056 47 36 då
1526 2056 149 48 afgifna
1705 2057 149 48 förslag

237 2112 56 35 till
338 2125 50 35 ny
432 2110 289 49 lönereglering
762 2110 60 35 för
864 2110 150 35 arméns
1054 2109 114 46 befäl,
1198 2109 227 48 uppstäldes
1456 2108 145 47 dervid,
1631 2111 49 46 på
1710 2114 77 31 sätt
1816 2109 42 36 af

236 2163 245 47 Riksdagens
526 2162 209 37 skrifvelse
778 2161 73 36 den
889 2164 20 33 3
944 2161 73 48 Maj
1051 2174 145 22 samma
1225 2164 39 32 år
1293 2161 86 47 (N:o
1411 2161 61 47 25)
1503 2160 203 47 inhemtas,
1739 2161 114 36 bland

237 2215 119 36 andra
394 2215 66 36 det
487 2214 137 48 vilkor,
656 2219 54 31 att
741 2214 72 35 den
844 2213 198 48 löntagare
1072 2212 63 36 vid
1165 2212 264 48 krigsmakten
1459 2212 57 36 till
1545 2212 122 48 lands,
1697 2213 157 36 hvilken

238 2270 19 32 å
299 2281 50 34 ny
390 2267 169 36 lönestat
596 2266 174 48 inginge,
808 2265 120 36 skulle
957 2278 91 22 vara
1077 2264 156 48 skyldig
1262 2270 56 31 att
1345 2264 236 36 underkasta
1609 2265 60 47 sig
1698 2264 46 37 de
1775 2265 77 36 för-

238 2318 206 50 ändringar
485 2318 12 37 i
539 2316 512 52 tjenstgöringsskyldighet
1095 2316 70 37 och
1207 2316 401 49 aflöningsförmåner,
1646 2316 129 39 hvilka
1805 2329 48 24 en
