1878 2788
505 163 304 33 Bankoutskottets
821 158 170 33 memorial
1004 168 40 20 nr
1056 159 16 28 1
1089 156 37 31 år
1138 156 82 31 1963
1570 152 40 29 23

417 246 113 32 Tabell
547 247 50 29 10.
615 243 273 32 Diskontosatser
903 238 58 32 vid
977 235 335 41 riksgäldskontorets

548 296 193 41 försäljning
758 305 43 21 av
819 288 360 37 skattkammarväxlar

327 342 668 40 Fr
1102 342 298 40 AA

605 404 64 29 31/3
845 400 65 29 30/6
1084 396 65 29 30/9
1298 391 81 29 31/12

333 444 1066 23 Lr

672 499 234 29 3-månaders
933 496 130 27 växlar

334 563 64 23 1960
430 578 121 7 ........
623 558 57 27 3,85
864 554 56 28 4,13
1103 550 57 28 4,35
1316 546 40 28 4,5

335 608 61 23 1961
430 622 122 7 ....esss
625 603 40 27 5,0
865 599 40 27 5,0
1104 595 40 27 4,0
1317 590 56 28 4,23

335 653 64 23 1962
432 667 121 7 ...ooosa
625 648 40 27 4,5
865 643 56 29 2,25
1104 639 41 27 3,0
1317 635 41 28 2,8

675 740 235 28 6-månaders
935 737 131 27 växlar

339 804 63 23 1960
435 818 121 7 .......+
628 799 57 28 4,15
869 795 56 28 4,45
1108 791 57 27 4,65
1320 787 40 28 5,0

339 848 61 24 1961
434 863 121 7 Lies
628 844 40 27 5,0
868 840 40 27 5,0
1108 835 40 28 5,0
1320 832 56 27 5,25

339 894 63 22 1962
435 908 121 7 ...onoes
628 888 40 28 4,5
868 884 57 28 2,75
1108 879 40 28 4,0
1319 876 41 28 3,8

636 980 319 30 9—12-månaders
981 976 131 28 växlar

342 1044 63 24 1960
437 1059 121 7 ...seees
630 1039 57 28 4,25
871 1035 57 28 4,75
1111 1031 57 28 4,75
1323 1027 40 28 5,0

343 1089 60 23 1961
437 1103 122 7 ...s.o->
631 1084 41 27 5,0
872 1080 40 27 5,0
1111 1076 41 27 5,0
1323 1072 57 27 5,25

342 1134 63 23 1962
437 1149 121 6 ...oo.es
582 1123 147 41 4,75—5,25
838 1119 132 40 3,5—3,75
1112 1119 37 28 4,1
1290 1111 112 40 4,0—4,1

342 1167 1067 23 rr

133 1306 58 37 lar,
216 1307 85 30 även
325 1314 54 21 om
402 1299 273 40 förändringarna
699 1295 154 37 varierat,
876 1293 153 32 tenderat
1053 1295 52 27 att
1128 1289 78 32 falla
1231 1298 89 21 mera
1343 1288 43 29 än
1409 1282 216 34 riksbankens

133 1358 155 32 officiella
309 1356 164 35 diskonto,
494 1357 51 28 ett
564 1350 205 34 förhållande
789 1359 69 21 som
880 1347 66 31 kan
967 1350 52 27 tas
1040 1354 69 21 som
1130 1346 50 28 ett
1200 1339 137 41 uttryck
1358 1338 51 32 för
1428 1338 58 31 det
1505 1336 120 32 lättare

135 1413 81 39 läge,
235 1422 70 21 som
321 1409 105 32 under
444 1410 79 29 1962
541 1406 69 31 rått
626 1404 43 40 på
685 1402 215 33 marknaden.

719 1543 327 35 Aktiemarknaden

181 1643 151 41 Kraftigt
350 1640 149 42 stigande
517 1638 204 33 aktiekurser
738 1635 106 32 under
862 1636 78 29 1959
958 1630 118 40 följdes
1093 1640 42 21 av
1153 1639 40 21 en
1211 1624 190 42 stagnation
1418 1622 104 33 under
1540 1623 90 29 1960.

140 1698 96 32 Efter
255 1708 41 21 en
314 1694 140 40 tillfällig
473 1692 137 40 höjning
628 1702 42 21 av
689 1688 181 33 kursnivån
890 1686 9 32 i
918 1685 120 32 mitten
1056 1694 43 21 av
1121 1684 77 30 1961
1220 1678 178 34 inträffade
1418 1676 9 32 i
1446 1673 185 42 september

139 1756 53 27 ett
210 1751 157 32 markant
386 1745 265 39 tendensomslag
669 1743 76 32 med
765 1740 143 33 fallande
927 1739 124 31 kurser.
1070 1736 115 32 Under
1205 1736 80 29 1962
1304 1730 173 42 präglades
1495 1726 137 34 utveck-

141 1805 110 40 lingen
267 1814 43 21 av
328 1813 39 21 en
385 1798 244 43 genomgående
646 1794 243 39 kurssänkning
906 1792 50 32 för
974 1791 34 32 så
1026 1794 74 36 gott
1117 1799 70 21 som
1205 1785 152 40 samtliga
1374 1782 259 40 huvudgrupper

140 1869 45 21 av
205 1857 116 32 aktier.
340 1852 266 35 Affärsvärldens
625 1848 229 42 generalindex
873 1845 97 40 sjönk
989 1843 138 33 sålunda
1146 1840 105 33 under
1270 1840 72 30 året
1359 1837 77 32 med
1456 1839 15 28 8
1485 1834 51 41 Yg.

184 1911 94 32 Mest
296 1908 156 32 markant
470 1916 59 21 var
546 1904 192 39 nedgången
757 1901 51 31 för
825 1899 115 32 bruks-
959 1897 60 32 och
1038 1895 191 38 träföretag,
1248 1892 50 31 för
1316 1891 90 31 vilka
1424 1889 96 31 index
1539 1886 96 40 sjönk

143 1964 78 31 med
237 1966 40 28 22
294 1972 83 28 resp.
394 1963 38 28 19
442 1959 52 41 99.
511 1958 65 32 För
590 1954 213 34 rederiaktier
818 1951 174 33 noterades
1008 1960 40 20 en
1064 1947 151 40 nedgång
1231 1945 76 31 med
1325 1946 37 29 13
1375 1942 50 41 Yo.
1440 1939 195 34 Verkstads-

143 2016 155 33 aktierna
316 2014 113 32 visade
447 2023 39 20 en
507 2011 100 39 något
625 2019 91 21 mera
735 2006 99 33 stabil
852 2002 191 40 utveckling
1060 2001 77 31 med
1156 2010 40 21 en
1215 1997 152 41 nedgång
1385 2006 70 21 som
1475 1992 162 34 stannade

146 2070 58 32 vid
226 2073 16 28 2
253 2069 51 41 94.
325 2064 248 35 Bankaktierna
593 2067 71 35 steg
683 2061 105 31 under
807 2059 71 31 året
897 2057 76 32 med
993 2059 18 28 6
1023 2055 50 40 Yo.

188 2123 129 39 Många
335 2120 147 32 faktorer
500 2117 60 32 har
579 2115 106 40 spelat
704 2114 32 31 in
756 2113 10 31 i
785 2113 64 31 den
868 2109 181 33 relaterade
1068 2104 243 40 utvecklingen.
1330 2099 309 41 Konjunkturläget

149 2176 10 32 i
174 2174 182 34 allmänhet
371 2172 75 31 med
463 2165 414 42 avsättningssvårigheter
893 2163 49 31 för
958 2157 319 36 cellulosaindustrin
1293 2155 62 32 och
1371 2153 145 33 vikande
1531 2152 108 32 order-

149 2229 122 39 ingång
289 2226 50 32 för
359 2235 112 21 varvs-
491 2222 62 32 och
573 2216 340 36 verkstadsindustrin
932 2215 61 31 har
1012 2212 196 33 medverkat
1227 2210 117 31 liksom
1365 2218 80 21 oron
1465 2206 43 39 på
1528 2205 40 31 de
1588 2208 52 27 ut-

151 2280 141 33 ländska
322 2278 156 31 börserna
509 2275 61 31 och
602 2274 57 30 det
690 2270 102 33 tidvis
824 2268 126 40 spända
983 2263 281 40 utrikespolitiska
1296 2262 97 38 läget.
1424 2259 76 31 Den
1532 2256 109 40 livliga

149 2328 427 37 emissionsverksamheten
602 2326 43 39 på
671 2324 92 32 såväl
789 2322 103 32 aktie-
919 2331 70 20 som
1015 2313 403 44 obligationsmarknaden
1444 2312 60 31 har
1530 2309 112 32 vidare

153 2388 101 30 krävt
275 2383 125 40 kapital
422 2381 61 32 och
506 2380 43 39 på
571 2378 58 32 sitt
652 2380 68 29 sätt
742 2376 118 31 verkat
882 2371 188 40 dämpande
1091 2370 43 39 på
1156 2366 233 39 utvecklingen
1411 2375 43 21 av
1476 2362 167 33 aktiekur-

153 2450 105 21 serna.
278 2438 69 31 Det
366 2436 60 31 bör
446 2433 113 32 vidare
579 2432 218 33 konstateras,
818 2431 53 28 att
890 2426 57 31 det
968 2427 128 29 senaste
1117 2422 88 32 årets
1225 2416 256 36 förhållandevis
1502 2414 141 40 kraftiga

154 2491 136 33 kursfall
314 2489 117 32 endast
454 2485 138 33 återfört
615 2484 158 31 kurserna
797 2481 48 31 till
868 2480 87 38 läget
980 2480 90 29 1959.
1093 2474 196 33 Utsträckes
1312 2470 208 40 jämförelsen
1544 2468 101 39 något
