1870 2776
287 159 35 30 16
651 159 286 31 Statsutskottets
961 160 178 30 utlåtande
1161 170 43 20 nr
1226 163 19 28 9
1266 162 38 29 år
1328 163 80 28 1961

329 242 129 30 Genom
480 243 65 29 den
569 243 144 30 sålunda
737 244 183 30 förordade
944 245 254 38 omslutningen
1223 246 63 30 och
1309 246 239 40 inriktningen
1572 256 42 20 av
1637 247 146 29 investe-

286 292 374 39 ringsverksamheten,
689 303 75 20 som
792 295 169 29 utskottet
988 296 110 29 under
1124 296 159 38 punkten
1312 297 13 28 1
1355 297 10 28 i
1392 297 57 29 det
1476 296 208 40 föregående
1711 297 69 29 för-

285 342 112 30 klarat
420 343 51 39 sig
492 344 156 38 godtaga,
669 344 224 39 möjliggöres
915 347 47 28 ett
984 345 233 30 fortsättande
1239 355 42 21 av
1302 346 55 30 det
1379 347 314 39 rationaliserings-
1715 347 65 30 och

286 392 335 40 utbyggnadsarbete
638 403 76 21 som
731 395 111 29 under
859 404 121 21 senare
997 396 38 29 år
1051 396 167 31 bedrivits
1235 396 95 30 inom
1348 397 349 39 statsbaneföretaget
1715 398 64 29 och

287 452 72 20 som
386 443 78 30 haft
490 452 42 20 en
559 444 93 30 såväl
679 445 350 40 kapacitetshöjande
1056 455 74 21 som
1158 447 10 28 i
1194 447 67 39 hög
1288 447 83 39 grad
1399 448 380 39 personalbesparande

285 492 119 31 effekt.
427 493 13 29 I
462 494 203 40 anslutning
686 495 119 30 härtill
826 495 58 30 må
905 495 55 30 för
981 496 109 39 övrigt
1113 497 221 30 konstateras
1356 499 50 28 att
1429 498 241 38 godstrafiken
1692 498 87 29 efter

285 543 65 29 den
375 544 237 39 tillbakagång
638 554 75 20 som
739 545 85 39 ägde
849 555 79 20 rum
954 547 110 29 under
1088 546 206 40 budgetåret
1322 547 158 36 1958/59,
1505 549 89 29 mätt
1619 549 10 28 i
1656 549 123 28 tonkm

285 594 109 29 ökade
421 595 79 29 med
527 603 39 21 ca
595 595 37 29 12
661 598 144 36 procent
832 596 110 29 under
969 596 204 40 budgetåret
1202 597 159 36 1959/60.
1390 598 287 30 Persontrafiken
1705 598 74 30 åter

284 643 303 31 kännetecknades
607 647 88 28 även
715 646 110 29 under
846 646 219 31 sistnämnda
1083 647 170 40 budgetår
1273 657 41 20 av
1334 657 42 20 en
1397 648 141 31 fortsatt
1558 649 160 39 nedgång
1736 667 44 3 —

284 694 87 29 dock
393 695 123 29 endast
538 696 78 29 med
640 696 18 29 3
681 699 143 36 procent
846 699 73 27 mot
944 697 38 29 10
1004 700 143 36 procent
1170 699 111 28 under
1303 698 204 39 budgetåret
1532 699 159 35 1958/59.

327 744 74 30 Den
428 754 42 20 av
493 745 339 40 järnvägsstyrelsen
856 747 151 39 begärda
1032 747 363 40 medelsanvisningen
1421 758 57 20 om
1504 749 18 30 3
1547 750 80 28 mkr
1653 749 54 29 för
1733 759 46 29 ny

284 794 302 38 sjöfartsmateriel
601 796 65 31 har
681 797 384 39 departementschefen
1081 798 173 30 förklarat
1270 799 49 39 sig
1335 799 30 39 ej
1383 799 128 30 beredd
1527 801 50 28 att
1593 800 45 39 på
1653 800 129 39 grund-

283 845 52 29 val
355 854 42 21 av
417 844 236 41 föreliggande
673 847 159 30 material
853 849 80 38 taga
953 848 164 40 ställning
1138 849 63 30 till.
1229 850 6 29 I
1256 849 188 40 anledning
1464 850 109 30 härav
1593 851 64 29 har
1677 850 10 29 i
1709 860 71 20 mo-

281 894 158 30 tionerna
469 895 28 29 I:
514 895 59 29 241
605 896 67 29 och
701 897 45 29 II:
770 896 55 30 348
854 898 122 38 yrkats
1005 900 49 27 att
1084 900 154 28 nämnda
1268 900 110 29 medel
1409 909 41 20 av
1480 900 186 39 riksdagen
1698 902 81 28 stäl-

282 945 48 29 les
348 945 51 29 till
419 945 206 40 förfogande
644 956 75 21 som
738 947 280 31 förskottslikvid
1037 948 54 31 för
1109 949 181 40 byggande
1308 960 42 19 av
1367 959 42 20 en
1428 960 46 29 ny
1493 950 93 40 färja
1604 951 55 29 för
1678 951 99 30 leden

281 995 408 40 Trelleborg—Sassnitz.
714 998 74 29 Vad
812 998 260 31 motionärerna
1096 999 122 30 därvid
1242 1000 116 30 anfört
1383 1000 52 30 till
1460 1001 77 30 stöd
1561 1001 55 30 för
1640 1001 60 31 sitt
1723 1011 55 29 yr-

283 1045 112 30 kande
421 1046 116 30 finner
562 1047 171 30 utskottet
759 1048 9 29 i
794 1048 64 30 och
884 1048 55 30 för
965 1049 50 39 sig
1039 1051 76 29 värt
1140 1050 205 30 beaktande.
1372 1051 117 39 Enligt
1513 1052 67 29 vad
1607 1052 171 29 utskottet

282 1095 120 30 erfarit
429 1096 65 29 har
520 1098 191 29 emellertid
737 1098 339 40 järnvägsstyrelsen
1103 1109 147 21 numera
1275 1101 122 39 ingivit
1424 1110 43 20 en
1493 1101 150 40 förnyad
1670 1102 107 29 fram-

282 1146 164 40 ställning
467 1147 9 29 i
497 1149 116 28 ämnet
632 1148 53 29 till
706 1149 125 38 Kungl.
851 1149 115 39 Maj:t.
987 1150 77 30 Med
1084 1150 139 39 hänsyn
1242 1151 118 30 härtill
1380 1152 65 29 och
1465 1151 44 30 då
1528 1152 218 39 proposition
1766 1153 11 28 i

284 1195 121 40 frågan
434 1198 186 29 eventuellt
647 1200 40 28 är
714 1201 50 27 att
791 1199 162 30 förvänta
979 1201 106 29 redan
1114 1201 112 29 under
1252 1201 124 30 vårens
1404 1202 82 39 lopp
1513 1202 64 29 har
1606 1203 170 29 utskottet

282 1246 116 30 funnit
415 1247 55 39 sig
488 1248 84 29 böra
591 1249 151 29 avvakta
761 1249 125 39 Kungl.
906 1250 124 39 Maj:ts
1050 1251 171 39 prövning
1241 1261 42 20 av
1303 1251 133 40 frågan.
1456 1252 105 30 Bifall
1581 1253 52 29 till
1654 1253 123 29 motio-

282 1305 106 21 nerna
411 1298 180 39 avstyrkes
614 1299 131 30 därför.

323 1347 176 31 Utskottet
520 1348 63 30 har
604 1349 30 39 ej
658 1349 110 30 heller
788 1350 11 29 i
820 1350 111 40 övrigt
952 1350 118 31 funnit
1092 1352 189 39 anledning
1302 1352 51 30 till
1376 1353 141 29 erinran
1537 1356 74 27 mot
1632 1354 66 29 vad
1721 1354 56 29 de-

280 1398 339 37 partementschefen
641 1399 10 30 i
674 1399 228 31 förevarande
925 1402 255 39 sammanhang
1203 1403 116 29 anfört
1341 1403 64 29 och
1428 1403 167 30 förordat.
1617 1404 67 30 Till
1707 1404 70 30 frå-

280 1455 105 31 gorna
407 1457 56 20 om
486 1449 188 30 anvisande
695 1459 43 20 av
758 1451 111 29 medel
890 1451 51 30 till
963 1451 209 40 driftbidrag
1193 1453 64 29 och
1278 1453 52 29 till
1351 1454 171 29 täckande
1544 1463 42 20 av
1605 1454 171 30 beräknat

280 1497 207 30 underskott
511 1498 54 31 för
589 1500 78 29 SJ:s
693 1501 128 29 rörelse
846 1502 111 29 under
981 1502 203 40 budgetåret
1211 1503 148 36 1961/62
1385 1504 234 30 återkommer
1644 1505 134 29 utskot-

280 1549 46 28 tet
346 1548 57 29 vid
426 1548 54 30 sin
501 1549 212 40 behandling
735 1560 41 20 av
797 1551 202 31 äskandena
1021 1553 110 29 under
1154 1553 104 39 sjätte
1280 1554 222 30 huvudtiteln
1529 1555 48 38 (p.
1600 1555 58 34 61)
1686 1564 89 30 resp.

281 1599 130 29 statens
436 1599 344 31 affärsverksfonder
808 1602 73 33 (bil.
908 1602 37 29 17
970 1603 51 29 till
1047 1604 488 39 statsverkspropositionen).

323 1649 117 29 Under
462 1649 211 41 hänvisning
697 1651 52 29 till
773 1652 65 29 vad
863 1652 148 30 sålunda
1034 1653 136 30 anförts
1194 1654 201 30 hemställer
1419 1655 181 34 utskottet,

631 1717 24 29 I.
678 1720 50 27 att
750 1718 186 40 riksdagen
957 1720 58 29 må
1037 1720 54 30 för
1111 1720 204 40 budgetåret
1341 1722 147 35 1961/62
1509 1722 112 30 under
1644 1724 132 28 statens

585 1767 207 40 järnvägars
809 1769 84 30 fond
910 1770 120 30 anvisa
1047 1770 156 40 följande
1219 1771 364 40 investeringsanslag,
1599 1773 177 39 nämligen

589 1818 27 29 1.
641 1818 97 30 Bana
769 1819 63 29 och
865 1819 197 40 byggnader
1121 1844 338 8 —sosssrssessse
1406 1814 58 50 rea
1493 1822 60 30 110
1569 1823 62 29 500
1646 1823 62 29 000
1723 1824 51 28 kr.

587 1868 29 29 2.
641 1869 217 39 Nybyggnad
883 1870 64 29 och
974 1870 219 40 ombyggnad
1219 1880 42 21 av
1286 1872 180 40 järnvägs-

640 1919 106 39 [180812
1535 1923 19 30 3
1568 1923 63 30 800
1646 1923 62 30 000
1737 1935 14 17 >

588 1969 28 29 3.
640 1968 202 32 Elektriska
874 1971 252 40 anläggningar
1165 1996 293 6 ..sssssssrserea
1513 1973 40 30 36
1567 1973 63 30 400
1646 1974 62 29 000
1736 1986 14 16 >

585 2018 29 30 4.
639 2019 165 40 Billräftfö
856 2044 602 9 -comsm:non:es3N:snn:
1244 2014 64 51 du:
1333 2014 128 51 ns:
1515 2024 39 29 13
1568 2024 63 30 000
1646 2024 62 30 000
1736 2036 15 16 >

588 2069 28 30 3.
640 2070 367 41 Försvarsberedskap
1034 2072 56 30 vid
1117 2074 133 28 statens
1277 2073 189 39 järnvägar
1535 2074 95 30 3000
1646 2074 61 30 000
1736 2086 14 17 >

587 2120 29 29 6.
640 2121 217 29 Inventarier
882 2130 45 21 M.
954 2131 46 20 IM.
1033 2146 425 7 sossrsesrereser
1364 2116 32 50 rr
1408 2116 54 50 era
1535 2124 17 30 9
1568 2125 62 29 000
1645 2125 63 29 000
1736 2137 14 16 >

587 2170 27 29 7.
639 2170 140 30 Statens
803 2171 206 40 järnvägars
1034 2172 349 44 dispositionsanslag
1415 2199 28 5 ..
1500 2175 37 29 15
1552 2174 140 31 000000
1720 2187 13 17 >
1768 2186 7 25 ;

631 2271 40 29 II.
693 2273 50 28 att
764 2272 186 39 riksdagen
971 2273 67 34 må,
1059 2274 78 29 med
1158 2274 99 29 bifall
1279 2275 50 29 till
1351 2275 125 39 Kungl.
1498 2276 124 39 Maj:ts
1644 2276 131 39 förslag

584 2324 90 27 samt
699 2322 79 29 med
804 2323 116 38 avslag
945 2323 20 29 å
989 2324 220 29 motionerna
1233 2325 28 29 I:
1278 2324 59 29 241
1366 2325 64 29 och
1456 2326 44 29 II:
1518 2325 73 34 348,
1617 2327 50 28 till
1693 2327 82 28 Rul-

584 2372 100 29 lande
710 2372 158 29 materiel
893 2373 63 28 och
983 2374 306 38 sjöfartsmateriel
1314 2375 54 30 för
1393 2375 205 39 budgetåret
1627 2377 147 39 1961/62

582 2422 111 29 under
717 2424 131 28 statens
870 2423 205 39 järnvägars
1099 2424 84 29 fond
1207 2425 119 29 anvisa
1349 2428 48 26 ett
1420 2426 355 40 investeringsanslag

582 2481 41 20 av
646 2472 58 30 131
724 2473 59 29 100
798 2473 62 29 000
881 2474 51 28 kr.
