1870 2780
450 150 284 31 Statsutskottets
758 146 179 30 utlåtande
959 154 41 20 nr
1023 145 19 28 9
1063 144 38 29 år
1126 142 79 29 1961
1543 138 35 29 11

127 241 70 28 Mot
223 239 57 29 det
306 248 43 19 av
375 235 236 39 telestyrelsen
637 232 198 30 beräknade
863 228 277 30 medelsbehovet
1168 226 53 28 för
1249 221 328 42 programdistribu-

84 282 72 29 tion
178 282 63 28 och
264 276 341 39 licensinkassering,
631 275 71 33 17,2
724 273 89 34 mkr,
836 273 65 28 har
922 271 59 39 jag
1004 270 79 37 inga
1107 267 195 38 erinringar
1326 267 48 27 att
1399 265 91 38 göra.

128 324 48 29 De
195 323 107 30 totala
320 320 192 39 utgifterna
531 318 112 30 skulle
661 316 107 38 enligt
786 315 42 29 de
847 323 41 20 av
907 312 70 39 mig
996 311 123 39 gjorda
1136 308 283 38 beräkningarna
1436 306 142 29 komma

84 368 50 27 att
152 365 115 40 uppgå
283 364 52 29 till
360 363 89 34 (10,5
487 363 3 36 4
529 361 72 33 13,0
638 361 2 35 +
677 357 73 35 46,3
776 351 22 49 +
832 356 88 34 17,2)
944 355 73 34 87,0
1036 353 88 29 mkr.
1144 352 246 29 Inkomsterna
1405 348 173 29 beräknar

82 408 60 40 jag
161 408 50 29 till
231 407 74 33 82,4
324 406 90 29 mkr.
432 400 350 43 Ljudradiorörelsen
802 398 112 30 skulle
934 395 149 32 sålunda
1100 394 54 30 för
1174 394 101 28 nästa
1294 390 169 40 budgetår
1482 390 97 28 kom-

84 459 57 21 ma
161 452 49 27 att
230 447 148 40 uppvisa
398 448 48 28 ett
465 444 207 31 underskott
692 452 41 20 av
753 442 52 32 4,6
825 440 89 29 mkr.
935 439 101 29 Detta
1057 436 207 30 underskott
1285 434 97 29 torde
1403 432 36 30 få
1457 431 122 30 bestri-

84 491 62 30 das
167 501 41 20 av
227 491 64 29 hos
311 488 187 31 televerket
517 484 227 32 balanserade
766 479 320 33 överskottsmedel.
1109 479 64 29 Det
1194 474 271 32 ackumulerade
1485 475 95 28 över-

85 533 128 29 skottet
233 531 130 39 nedgår
384 529 123 30 härvid
527 528 51 29 till
600 528 69 33 16,1
692 526 80 29 mkr
791 525 58 29 vid
869 523 175 39 utgången
1065 530 42 20 av
1125 519 205 39 budgetåret
1353 516 159 36 1961/62.

129 576 12 28 I
168 574 99 39 fråga
292 583 57 19 om
376 570 225 31 televisionen
628 568 193 39 tillstyrker
845 567 59 38 jag
931 564 185 38 föreslaget
1143 559 354 39 investeringsanslag
1524 566 55 20 om

83 618 71 34 13,2
176 617 77 29 mkr
275 616 54 30 för
350 613 361 31 distributionsnätets
733 608 211 40 utbyggnad.
966 606 164 38 Anslaget
1151 604 196 38 möjliggör,
1369 603 49 28 att
1441 600 141 30 sändar-

86 659 167 29 stationer
270 659 79 28 med
368 657 65 29 full
451 655 166 30 räckvidd
636 654 111 29 under
765 653 102 28 nästa
883 649 169 39 budgetår
1069 648 71 29 kan
1157 645 238 39 färdigställas
1419 645 4 28 i
1442 643 138 29 Emma-

84 701 100 35 boda,
210 699 221 40 Haparanda,
458 697 144 34 Kiruna,
629 695 136 39 Nässjö,
794 691 196 35 Skellefteå,
1019 691 197 31 Storuman,
1245 688 84 37 Sveg
1356 686 65 29 och
1447 683 132 39 Växjö/

81 744 167 31 Vislanda
271 744 91 28 samt
384 743 50 27 att
455 738 236 42 provisoriska
714 736 168 31 stationer
904 735 70 28 kan
996 732 169 39 uppföras
1187 731 11 28 i
1220 729 219 39 Arvidsjaur,
1462 726 122 39 Pajala

84 787 65 29 och
171 785 116 39 Tåsjö.
311 785 68 29 För
401 785 48 28 ett
471 780 191 41 planenligt
685 777 228 40 fullföljande
933 786 42 20 av
996 773 362 32 distributionsnätets
1381 767 200 41 utbyggnad

86 828 159 29 förordar
263 827 59 39 jag
341 826 129 34 vidare,
490 826 50 28 att
559 822 238 39 telestyrelsen
816 821 12 28 i
847 820 109 29 likhet
975 818 79 29 med
1073 816 66 30 vad
1160 824 74 21 som
1255 815 92 29 skett
1366 813 55 29 för
1439 812 143 37 budget-

86 871 82 29 åren
200 867 347 38 1960/61—1964/65
578 865 149 30 erhåller
756 865 49 27 ett
834 856 510 42 beställningsbemyndigande
1374 855 54 29 för
1458 863 42 20 en
1531 853 51 28 in-

85 909 410 41 vesteringsomslutning
520 918 41 19 av
587 907 71 34 13,2
683 906 79 29 mkr
786 904 56 31 för
863 902 204 39 budgetåret
1093 900 159 36 1965/66.

130 955 66 29 För
221 954 41 29 de
288 953 165 29 fortsatta
477 947 400 33 förberedelsearbetena
903 944 168 30 avseende
1097 940 305 32 televisionshuset
1426 939 11 28 i
1465 937 117 30 Stock-

86 997 94 28 holm
208 996 131 28 räknar
365 994 59 39 jag
451 993 78 29 med
557 1001 42 20 en
626 987 368 38 medelsförbrukning
1022 995 42 20 av
1091 983 192 40 tillgänglig
1312 979 270 40 anslagsbehåll-

87 1039 83 39 ning
195 1038 111 29 under
332 1038 102 28 nästa
457 1033 170 40 budgetår
652 1042 42 20 av
718 1041 41 20 ca
784 1032 14 29 1
827 1031 89 29 mkr.
942 1029 187 29 Dessutom
1154 1027 63 28 bör
1241 1027 47 27 ett
1313 1024 124 38 belopp
1463 1031 41 20 av
1531 1021 50 33 8,0

83 1082 89 32 mkr,
194 1079 245 30 motsvarande
461 1076 243 30 televisionens
726 1074 102 29 andel
849 1073 11 29 i
882 1071 212 32 radiohuset,
1116 1068 172 30 bestridas
1310 1076 41 19 av
1372 1065 112 29 medel
1506 1063 79 29 från

87 1122 243 29 televisionens
351 1118 268 41 specialbudget.
640 1117 66 29 Till
727 1115 125 39 frågan
871 1123 57 20 om
947 1111 304 31 televisionshuset
1271 1108 234 30 återkommer
1524 1105 59 39 jag

86 1165 11 29 i
121 1166 56 29 det
202 1163 157 40 följande
382 1162 58 30 vid
463 1161 165 29 anmälan
651 1169 41 19 av
715 1154 372 43 byggnadsstyrelsens
1112 1152 180 30 äskanden
1317 1150 111 29 under
1451 1150 132 28 statens

88 1207 177 29 allmänna
295 1203 283 40 fastighetsfond.

133 1250 11 28 I
162 1248 151 39 enlighet
330 1247 79 29 med
426 1245 164 38 framlagt
608 1243 130 38 förslag
755 1243 172 38 upptager
941 1240 59 39 jag
1017 1238 55 29 för
1089 1236 155 39 Sveriges
1262 1234 127 31 Radios
1406 1240 178 32 program-

88 1290 213 39 produktion
321 1292 48 27 ett
389 1289 123 38 belopp
533 1296 42 20 av
593 1286 73 32 48,5
687 1285 89 29 mkr.
798 1284 66 29 Öm
885 1291 82 20 man
986 1282 135 28 bortser
1140 1279 80 29 från
1240 1275 344 40 täckningsbidraget

88 1334 52 29 till
159 1332 202 40 ljudradion
378 1331 85 29 ökas
480 1326 375 38 medelstilldelningen
874 1325 51 29 till
943 1322 244 31 televisionens
1205 1317 379 42 programproduktion

89 1376 78 28 med
190 1375 29 39 ej
245 1373 137 29 mindre
405 1374 44 28 än
474 1371 69 34 14,1
568 1371 79 28 mkr
669 1369 82 29 eller
774 1368 102 38 drygt
897 1367 40 29 45
965 1366 43 29 2.
1032 1364 211 38 Härigenom
1266 1363 63 28 bör
1351 1370 42 20 en
1415 1358 169 38 väsentlig

89 1417 146 38 höjning
256 1425 41 20 av
318 1414 466 37 televisionsprogrammens
805 1409 144 29 kvalitet
968 1403 236 47 möjliggöras.

133 1458 219 29 Televerkets
371 1455 277 30 driftkostnader
666 1454 171 38 upptager
853 1451 59 39 jag
930 1450 11 29 i
959 1449 109 29 likhet
1086 1447 79 29 med
1183 1445 239 39 telestyrelsen
1440 1443 51 29 till
1511 1443 73 33 23,0

89 1501 89 29 mkr.

135 1543 47 28 De
206 1552 40 19 av
268 1542 71 37 mig
362 1539 198 30 beräknade
582 1536 191 39 utgifterna
797 1535 55 29 för
875 1530 469 33 televisionsverksamheten
1368 1528 54 29 för
1443 1527 143 37 budget-

91 1585 72 29 året
187 1583 147 35 1961/62
358 1582 112 29 skulle
492 1580 149 29 sålunda
662 1578 116 40 uppgå
799 1577 52 30 till
879 1576 90 34 (13,2
1011 1576 2 36 +
1058 1575 48 33 1,0
1148 1575 2 35 —+—
1193 1573 51 33 8,0
1286 1573 3 35 +
1331 1571 72 33 48,5
1446 1571 2 35 +
1491 1568 89 34 23,0)

91 1627 71 33 93,7
186 1627 88 33 mkr,
297 1625 107 29 vilket
427 1623 145 29 innebär
594 1631 42 20 en
658 1621 131 37 ökning
812 1619 79 29 med
914 1618 40 29 26
977 1617 79 29 mkr
1076 1616 11 29 i
1109 1614 203 40 jämförelse
1336 1613 77 29 med
1436 1621 41 20 en
1500 1612 86 27 mot-

91 1668 168 29 svarande
284 1664 320 40 utgiftsberäkning
629 1663 54 29 för
706 1661 237 30 innevarande
967 1658 179 39 budgetår.
1173 1657 244 29 Inkomsterna
1442 1663 41 19 av
1510 1653 77 29 tele-

91 1709 381 30 visionsradiolicenser
502 1707 208 38 uppskattar
738 1704 60 39 jag
827 1703 11 29 i
867 1702 110 29 likhet
1006 1700 79 30 med
1115 1698 238 39 telestyrelsen
1384 1696 51 30 till
1465 1696 10 28 i
1506 1696 81 28 runt

92 1753 46 28 tal
166 1753 58 29 125
248 1751 89 29 mkr.
364 1750 164 29 Rörelsen
555 1747 111 30 skulle
691 1746 144 30 därmed
858 1745 58 28 vid
941 1743 174 38 utgången
1141 1751 42 19 av
1206 1739 205 39 budgetåret
1438 1737 149 35 1961/62

93 1793 156 29 redovisa
270 1795 46 27 ett
337 1792 177 29 överskott
534 1800 42 19 av
595 1799 39 19 ca
654 1789 37 29 31
714 1788 79 29 mkr
815 1788 64 28 och
899 1788 47 27 ett
967 1784 242 30 ackumulerat
1229 1782 177 29 överskott
1426 1789 41 20 av
1487 1789 39 19 ca
1547 1778 40 30 49

93 1836 87 29 mkr.

136 1901 319 38 Anslagsbeloppen
482 1898 111 29 under
619 1896 205 30 televerkets
852 1894 85 30 fond
963 1894 64 28 har
1054 1902 42 19 av
1120 1888 385 42 departementschefen
1532 1887 56 29 be-

92 1953 143 29 räknats
258 1952 79 28 med
361 1948 265 40 utgångspunkt
648 1947 78 29 från
750 1948 50 27 att
824 1946 102 29 dessa
947 1944 109 39 jämte
1080 1943 41 29 de
1144 1942 56 29 vid
1224 1940 174 38 ingången
1422 1948 42 20 av
1487 1939 100 28 nästa

89 2003 167 38 budgetår
279 2001 216 38 förefintliga
517 1999 300 30 reservationerna
840 1996 88 29 skall
949 1995 115 39 jämnt
1087 1993 102 29 täcka
1210 1989 381 37 medelsförbrukning-

90 2064 52 19 en.
159 2056 48 27 De
224 2053 185 29 förordade
426 2049 310 39 anslagsbeloppen
753 2048 110 28 under
881 2046 129 29 fonden
1028 2043 133 40 uppgår
1178 2043 50 29 till
1247 2041 232 37 sammanlagt
1496 2038 95 33 313,6

92 2105 87 28 mkr.
202 2104 66 29 För
291 2105 49 27 att
364 2110 38 30 ge
425 2100 237 39 telestyrelsen
684 2099 91 29 ökad
799 2097 105 29 frihet
926 2096 57 29 vid
1005 2095 54 29 val
1083 2094 127 28 mellan
1233 2092 94 29 olika
1348 2090 245 37 investerings-

91 2155 118 38 objekt
230 2154 63 28 har
314 2152 122 29 därvid
457 2152 144 28 räknats
622 2149 76 29 med
721 2158 40 20 en
784 2146 240 37 förstärkning
1046 2154 41 19 av
1107 2141 387 42 dispositionsanslaget
1514 2139 78 29 med

93 2206 16 27 5
133 2205 87 28 mkr.

141 2305 10 27 I
178 2301 227 31 förevarande
429 2299 254 37 sammanhang
705 2298 66 28 har
794 2296 169 29 utskottet
988 2294 50 29 till
1062 2292 212 37 behandling
1299 2289 152 30 förehaft
1475 2298 41 19 en
1541 2288 50 28 in-

93 2364 54 19 om
168 2354 107 29 andra
294 2354 204 27 kammaren
519 2360 39 19 av
578 2349 119 28 herrar
715 2347 145 29 Hamrin
882 2346 6 28 i
909 2344 199 38 Jönköping
1126 2343 62 28 och
1208 2342 161 28 Carlsson
1390 2341 8 28 i
1418 2340 176 28 Huskvar-

95 2415 42 19 na
159 2405 97 28 väckt
282 2403 129 28 motion
441 2401 60 28 (II:
523 2399 69 33 14),
615 2399 70 28 vari
707 2398 121 38 yrkats
851 2398 45 27 att
923 2395 183 36 riksdagen
1129 2392 107 29 måtte
1259 2392 62 27 hos
1346 2390 121 37 Kungl.
1490 2389 103 37 Maj:t

95 2454 182 30 hemställa
300 2462 54 19 om
381 2449 287 31 föranstaltandet
694 2458 40 19 av
758 2457 39 20 en
822 2445 229 40 omprövning
1075 2453 39 19 av
1138 2442 224 38 möjligheten
1388 2450 39 19 av
1451 2449 39 19 en
1517 2439 78 28 ned-

96 2505 152 36 sättning
270 2513 41 19 av
332 2500 336 37 TV-licensavgiften
695 2499 52 28 för
772 2496 309 39 folkpensionärer.
