1854 2780
262 132 20 28 4
582 130 122 39 Tredje
724 130 244 40 lagutskottets
988 131 179 30 utlåtande
1186 140 44 21 nr
1248 133 20 29 2
1287 132 39 30 år
1347 133 82 29 1965

728 267 156 42 Frågans
900 268 147 42 tidigare
1065 267 214 44 behandling

309 366 98 31 Såväl
427 367 56 30 vid
508 368 83 30 1959
611 368 55 30 års
688 377 74 21 som
784 369 82 30 1963
886 369 57 30 års
964 370 143 39 riksdag
1126 370 237 30 behandlades
1383 370 172 31 motioner
1576 380 56 20 om
1654 371 88 30 infö-

263 420 108 30 rande
395 429 40 21 av
456 421 119 39 lagligt
600 422 323 40 reparationstvång
949 422 55 30 för
1027 423 211 30 innehavare
1262 433 41 20 av
1328 423 274 40 flerfamiljshus
1626 425 116 38 hyres-

262 473 78 30 hus.

306 526 186 31 Allmänna
523 527 379 41 beredningsutskottet
933 530 179 39 avstyrkte
1140 530 65 29 den
1236 530 58 30 vid
1324 530 245 31 förstnämnda
1601 531 141 39 riksdag

262 580 125 29 väckta
411 580 177 30 motionen
613 581 44 29 II:
672 581 61 30 239
758 582 10 29 i
794 582 58 29 sitt
877 592 42 20 av
941 583 188 39 riksdagen
1154 583 185 39 godkända
1366 584 179 30 utlåtande
1570 593 43 20 nr
1640 585 39 28 18
1704 584 39 30 år

263 634 85 29 1959
368 633 109 30 under
496 634 211 40 hänvisning
725 635 44 30 bl.
791 645 28 20 a.
841 635 50 29 till
914 637 50 28 att
984 636 57 30 det
1061 636 125 40 lagliga
1208 637 147 39 skyddet
1378 637 53 30 för
1451 638 201 39 hyresgästs
1673 638 68 29 rätt

261 686 52 29 till
335 687 238 38 reparationer
595 687 188 31 förstärkts
805 696 123 32 genom
952 690 92 29 avtal
1067 690 126 29 mellan
1218 690 147 29 berörda
1388 693 117 36 parter
1528 692 65 28 och
1618 691 50 29 till
1692 693 49 27 att

259 739 266 40 lagstiftningen
546 741 45 39 på
610 741 262 39 hyresområdet
892 751 61 20 var
975 743 112 29 under
1107 743 181 39 prövning.

305 793 66 29 Vid
396 793 256 40 behandlingen
679 804 41 20 av
746 796 219 29 motionerna
990 797 86 29 1:60
1104 797 64 29 och
1195 797 45 29 II:
1259 797 51 34 74,
1336 798 124 29 väckta
1486 798 57 29 vid
1574 798 82 30 1963
1684 797 56 30 års

260 846 152 40 riksdag,
439 847 203 30 inhämtade
672 857 135 21 samma
835 849 134 30 utskott
997 850 188 39 yttranden
1216 851 80 29 över
1325 851 220 29 motionerna
1575 851 78 29 från
1683 851 57 30 bo-

260 900 279 39 stadsstyrelsen,
571 903 131 28 statens
731 902 178 39 hyresråd,
941 903 156 39 Sveriges
1126 903 456 40 fastighetsägareförbund,
1616 905 123 38 Hyres-

259 953 180 39 gästernas
461 953 229 31 riksförbund
712 956 64 29 och
800 956 154 38 Sveriges
979 956 268 40 allmännyttiga
1268 957 281 39 bostadsföretag
1577 958 162 32 (SABO).

258 1006 320 40 Bostadsstyrelsen
595 1008 189 30 hänvisade
801 1009 120 29 därvid
937 1009 51 30 till
1006 1010 42 29 de
1065 1010 262 30 bestämmelser
1344 1020 75 20 som
1435 1011 106 38 gäller
1557 1011 106 39 enligt
1680 1012 59 29 all-

258 1060 131 29 männa
411 1060 206 40 hyreslagen
639 1062 64 29 och
726 1062 100 39 lagen
849 1071 56 20 om
927 1063 288 39 hyresreglering.
1241 1064 173 39 Styrelsen
1440 1064 146 30 anförde
1610 1065 128 33 vidare,

259 1113 50 29 att
328 1113 56 29 det
402 1113 111 30 skulle
531 1114 168 30 innebära
716 1124 41 20 en
775 1116 169 39 väsentlig
964 1116 209 39 förbättring
1192 1126 57 20 om
1267 1117 189 30 innehållet
1476 1118 10 28 i
1506 1118 232 39 reparations-

255 1165 134 38 plikten
407 1166 117 30 kunde
543 1167 141 38 angivas
703 1177 94 20 mera
815 1168 185 39 detaljerat
1017 1178 79 20 men
1116 1170 49 28 att
1183 1170 57 29 det
1259 1170 111 29 skulle
1389 1179 81 20 vara
1490 1170 93 30 svårt
1603 1173 49 27 att
1671 1172 68 28 for-

255 1219 136 29 mulera
410 1219 40 30 de
471 1219 165 40 lämpliga
656 1229 186 21 normerna
862 1222 73 33 och,
957 1231 57 20 om
1034 1231 82 20 man
1136 1222 118 30 kunde
1275 1223 81 38 göra
1379 1223 103 34 detta,
1505 1224 93 29 svårt
1620 1225 50 28 att
1689 1225 50 28 in-

257 1272 82 39 foga
357 1273 78 29 dem
453 1273 11 29 i
482 1273 102 30 deras
604 1275 91 29 rätta
714 1276 264 38 sammanhang.
1001 1276 103 29 Rätta
1124 1276 136 39 platsen
1281 1277 97 29 torde
1398 1286 84 21 vara
1502 1286 74 21 som
1597 1278 139 30 klausul

256 1325 10 30 i
290 1326 253 39 hyresavtalen.
567 1328 65 29 Det
654 1327 184 31 framhölls
861 1330 49 28 att
933 1329 58 30 två
1013 1329 239 39 utredningar,
1275 1331 461 39 hyresregleringskommil-

254 1378 58 29 tén
344 1379 99 30 (SOU
472 1379 98 29 1954:
588 1380 57 35 34)
675 1381 65 29 och
766 1381 389 38 hyreslagskommittén
1189 1382 101 33 (SOU
1321 1383 187 35 1961:47),
1537 1384 63 29 har
1629 1384 109 29 under

257 1441 122 21 senare
398 1432 38 30 år
454 1432 77 31 haft
551 1433 124 40 frågan
694 1443 91 30 uppe
804 1436 85 28 utan
908 1437 49 28 alt
978 1436 143 29 komma
1141 1436 91 29 fram
1253 1437 51 29 till
1326 1437 142 38 positivt
1487 1438 157 29 resultat.
1667 1439 69 28 Mo-

255 1485 200 30 tionärerna
476 1487 65 29 har
562 1487 30 39 ej
617 1487 108 30 heller
746 1488 107 39 enligt
874 1488 315 40 bostadsstyrelsen
1213 1490 136 29 anvisat
1373 1490 114 39 någon
1510 1490 226 40 framkomlig

254 1539 74 38 väg.
351 1539 137 30 Statens
511 1539 169 39 hyresråd
702 1541 189 30 hänvisade
914 1542 168 30 likaledes
1105 1543 50 28 till
1180 1544 50 28 att
1252 1543 392 39 hyreslagskommittén
1669 1545 66 29 dis-

255 1592 139 29 kuterat
412 1592 192 39 problemet
624 1603 78 20 men
722 1594 76 30 icke
817 1596 113 29 ansett
952 1596 50 38 sig
1022 1596 83 29 böra
1126 1596 194 39 framlägga
1341 1596 103 40 något
1464 1597 141 40 förslag.
1627 1598 107 30 Rådet

253 1645 160 30 erinrade
435 1646 118 30 vidare
577 1656 56 20 om
657 1649 49 28 att
728 1648 364 30 överenskommelsen
1115 1649 128 30 mellan
1267 1650 401 39 riksorganisationerna
1692 1653 43 37 på

252 1698 325 39 hyresmarknaden
599 1699 181 41 förlängts.
802 1701 297 31 Erfarenheterna
1121 1712 40 20 av
1183 1703 364 31 överenskommelsen
1571 1705 96 29 torde
1690 1706 44 28 ha

253 1751 90 30 varit
365 1752 137 30 relativt
524 1761 207 31 gynsamma
752 1755 65 29 och
839 1754 97 31 rådet
960 1755 108 40 ansåg
1091 1756 57 29 det
1170 1756 119 30 finnas
1313 1757 188 39 anledning
1522 1760 137 36 antaga,
1685 1760 48 28 att

253 1804 125 40 frågan
396 1815 55 20 om
471 1806 180 39 tillbörligt
671 1807 183 30 underhåll
873 1808 10 29 i
903 1809 41 29 de
964 1808 103 30 flesta
1086 1809 60 29 fall
1165 1810 118 29 kunde
1303 1811 91 29 lösas
1413 1818 124 31 genom
1557 1812 177 38 organisa-

252 1858 179 30 tionernas
452 1859 222 31 medverkan,
695 1860 493 41 Fastighetsägareförbundet
1210 1862 201 31 förklarade
1432 1866 50 28 att
1504 1864 66 30 den
1591 1865 142 38 ingång-

252 1920 45 21 na
323 1912 363 31 överenskommelsen
710 1914 79 29 med
814 1914 467 40 hyresgästorganisationen
1310 1916 162 40 fungerat
1499 1917 234 31 tillfredsstäl-

250 1964 114 30 lande.
384 1965 12 29 I
416 1966 65 29 den
501 1966 83 29 mån
603 1967 320 39 hyresregleringen
944 1968 183 30 avvecklas
1146 1969 159 30 kommer
1326 1970 189 35 dessutom,
1537 1971 107 39 enligt
1664 1971 68 30 för-

250 2018 142 34 bundet,
409 2019 268 30 konkurrensen
693 2021 50 29 att
759 2020 159 31 medföra
934 2023 50 28 att
1002 2021 124 40 frågan
1144 2032 56 19 om
1217 2022 287 41 tvångsåtgärder
1524 2024 55 30 får
1597 2034 41 20 en
1658 2025 73 29 allt-

251 2080 74 20 mer
350 2072 249 39 undanskymd
624 2073 100 39 plats.
750 2074 295 39 Hyresgästernas
1072 2075 231 40 riksförbund
1328 2077 191 30 hänvisade
1548 2078 106 29 också
1681 2078 48 29 till

250 2124 159 39 gällande
430 2125 261 31 bestämmelser
711 2127 65 29 och
796 2127 66 30 den
882 2128 177 39 ingångna
1079 2129 362 31 överenskommelsen
1464 2131 65 29 och
1552 2131 108 39 ansåg
1682 2134 48 27 att

250 2187 42 19 en
310 2177 209 41 förbättring
537 2188 42 20 av
595 2180 403 38 lägenhetsunderhållet
1015 2181 177 40 uppnåtts,
1211 2183 86 29 även
1315 2192 56 20 om
1390 2193 81 20 man
1491 2184 154 39 alltjämt
1661 2184 68 30 kan

248 2230 157 39 påträffa
422 2231 215 40 fastigheter,
653 2233 11 29 i
679 2233 94 30 vilka
788 2234 220 30 underhållet
1025 2236 38 28 är
1079 2235 356 31 otillfredsställande.
1454 2236 200 31 Förbundet
1673 2248 57 20 an-

249 2284 62 40 såg
333 2285 56 29 det
411 2285 211 39 lämpligast,
645 2287 49 29 att
715 2287 200 39 ytterligare
938 2287 238 31 erfarenheter
1200 2298 42 20 av
1266 2290 463 38 partsöverenskommelsen

248 2337 107 31 borde
373 2338 134 34 vinnas,
526 2339 109 29 innan
653 2339 199 40 ytterligare
871 2340 161 39 åtgärder
1049 2341 166 39 vidtages.
1235 2342 113 30 SABO
1369 2343 163 30 framhöll
1556 2344 173 39 slutligen,

248 2392 50 28 att
321 2391 260 30 motionärerna
601 2392 144 30 berörde
766 2395 48 28 ett
837 2393 141 31 område
1003 2403 75 21 som
1101 2395 106 39 ligger
1229 2396 144 29 utanför
1396 2396 79 30 dess
1497 2397 231 31 erfarenhets-

248 2443 73 35 fält,
345 2444 116 30 varför
482 2445 113 30 SABO
617 2445 153 31 saknade
791 2446 167 40 påtagligt
979 2447 170 40 underlag
1171 2448 54 30 för
1249 2451 47 27 ett
1320 2449 345 41 ställningstagande.
