2267 2576
408 144 41 27 22
916 146 247 41 Lagutskottets
1193 148 174 33 Utlåtande
1391 149 63 32 N:o
1482 152 53 31 72,

512 221 80 36 Två
628 230 117 39 vägar
780 225 130 34 kunna
936 226 133 35 tänkas
1097 225 60 36 för
1184 231 55 30 att
1266 232 137 41 trygga
1432 229 45 35 de
1504 229 80 36 små
1611 236 237 40 röstägarnes
1876 234 69 34 och
1972 233 72 36 för-

408 271 281 39 äldramaktens
716 279 86 31 rätt.
855 274 83 36 Den
967 288 69 23 ena
1063 283 42 29 är
1132 282 55 30 att
1213 277 192 36 bibehålla
1431 281 252 44 röstgrunden
1712 281 228 38 oförändrad
1957 297 88 23 men

406 321 127 37 införa
561 337 45 22 en
633 338 53 30 ny
713 326 312 45 valkorporation
1052 326 61 36 för
1139 327 392 46 folkskolestyrelsens
1560 344 70 22 ena
1658 331 105 46 hälft,
1791 346 46 23 en
1857 333 39 36 så
1914 335 131 35 kallad

406 372 344 47 föräldrastämma,
787 375 64 35 vid
887 376 153 37 hvilken
1079 378 131 35 endast
1245 378 352 39 folkskolebarnens
1625 381 189 38 föräldrar
1842 385 68 35 och
1938 385 107 36 måls-

407 431 89 29 män
534 425 95 45 ägde
665 424 133 37 utöfva
833 431 164 31 rösträtt.
1050 427 84 37 Den
1170 429 119 35 andra
1317 437 41 28 är
1386 435 55 31 att
1467 432 66 36 vid
1561 432 103 36 detta
1691 434 63 35 val
1780 434 191 37 bibehålla
1999 448 46 23 en

407 488 53 22 nu
498 475 174 45 befintlig
700 476 311 46 valkorporation
1040 492 85 22 men
1153 478 124 37 införa
1303 482 174 45 röstning
1501 496 47 32 pr
1576 484 123 45 capita
1725 484 119 36 bland
1871 486 45 35 de
1943 487 102 35 kom-

407 526 150 34 munalt
591 525 325 47 röstberättigade.
969 527 105 37 Båda
1102 536 167 39 vägarna
1297 544 111 31 synas
1436 545 91 23 vara
1553 532 277 49 framkomliga.
1884 536 86 36 Men
1999 536 44 36 då

408 576 46 35 de
486 580 138 30 största
660 578 257 45 sympatierna
955 579 119 36 under
1109 579 151 47 frågans
1296 581 273 38 förberedande
1596 584 232 48 behandling
1855 599 110 32 synas
1992 588 51 34 ha

407 626 225 35 tillkommit
660 627 72 35 den
760 629 234 35 sistnämnda
1022 636 173 39 utvägen,
1223 632 109 35 torde
1360 632 62 36 det
1449 646 92 23 vara
1568 635 149 35 klokast
1745 642 55 29 att
1827 643 134 29 stanna
1978 638 67 35 vid

408 676 134 35 denna.
596 676 291 48 Föredragande
921 679 410 46 departementschefen
1359 695 108 31 synes
1494 685 61 35 till
1583 685 68 35 och
1678 686 88 35 med
1793 688 49 34 ha
1869 687 175 40 omfattat

408 726 125 35 denna
568 728 174 46 röstning
773 742 45 33 pr
850 731 124 44 capita
1006 731 84 35 med
1126 733 172 45 sympati.
1359 733 101 36 »Den
1497 736 149 45 tanke>,
1673 741 122 39 yttrar
1823 738 85 45 han,
1942 751 102 23 >som

407 778 96 44 tagit
537 777 57 45 sig
620 780 153 42 uttryck
799 779 12 35 i
840 779 45 36 de
913 794 52 22 nu
993 782 231 35 omnämnda
1250 782 386 48 framställningarna,
1664 787 75 35 kan
1761 788 44 45 ju
1833 801 111 32 synas
1971 789 73 35 till-

407 827 163 41 talande,
600 829 71 35 och
698 829 220 44 betydelsen
945 830 59 36 för
1031 831 214 37 folkskolan
1274 833 42 35 af
1346 839 56 30 att
1430 835 218 37 densamma
1674 837 86 36 utaf
1783 839 161 36 barnens
1971 838 73 37 för-

408 877 128 35 äldrar
565 879 69 35 och
661 879 186 36 målsmän
876 880 177 37 omfattas
1081 883 87 35 med
1194 884 155 35 intresse
1377 886 69 34 och
1474 885 217 38 förtroende
1718 887 59 36 får
1802 889 81 36 icke
1911 889 132 36 under-

407 928 174 35 skattas.>
641 929 156 36 Tanken
833 932 70 34 har
940 933 211 35 emellertid
1188 939 103 38 synts
1321 935 200 36 statsrådet
1547 936 60 36 för
1637 938 205 47 »>radikal>,
1871 940 69 35 och
1966 941 78 34 han

408 978 141 36 afvisar
590 979 72 36 den
704 980 128 36 därför
873 982 85 35 med
999 996 45 22 en
1084 983 210 39 förmodan,
1337 991 55 29 att
1433 985 342 39 föräldraintresset
1812 989 97 36 ändå
1945 991 98 35 skall

412 1029 143 35 >»under
583 1030 46 35 de
657 1044 76 30 nya
759 1030 291 38 förhållandena
1076 1039 86 31 veta
1189 1040 55 29 att
1271 1042 92 38 göra
1391 1037 56 44 sig
1474 1038 211 44 gällande».

418 1120 14 5 .
509 1079 136 36 Denna
670 1079 201 38 förmodan
898 1083 58 35 lär
984 1083 95 36 dock
1105 1098 77 32 nog
1200 1085 189 46 knappast
1406 1101 93 21 vara
1516 1101 105 22 mera
1639 1096 47 28 än
1706 1102 46 23 en
1769 1089 99 36 from
1888 1092 154 34 önskan.

406 1127 131 37 Afven
572 1143 62 22 om
663 1131 64 35 det
754 1132 178 36 hvilande
959 1134 356 47 rösträttsförslaget
1344 1137 121 35 skulle
1492 1139 154 35 komma
1673 1145 55 29 att
1756 1146 166 40 antagas,
1949 1140 93 36 före-

405 1180 121 35 finnes
563 1180 115 46 ingen
706 1194 82 23 som
815 1183 97 35 helst
940 1184 196 46 möjlighet
1162 1184 58 37 för
1248 1187 46 34 de
1323 1187 78 35 små
1429 1193 217 41 röstägarne
1675 1195 55 29 att
1757 1190 41 35 af
1822 1204 92 32 egen
1941 1190 102 37 kraft

406 1229 39 35 få
473 1243 46 22 en
547 1238 259 38 representant
833 1234 90 35 vald
949 1235 10 34 i
989 1234 91 36 våra
1107 1236 125 35 städer
1259 1237 21 35 å
1303 1243 53 29 ett
1375 1238 164 46 område,
1560 1239 67 35 där
1644 1240 81 35 icke
1743 1242 300 45 proportionella

406 1281 63 34 val
495 1281 203 46 tillämpas.
754 1281 80 38 Och
861 1284 101 35 hvad
991 1285 60 35 det
1085 1286 211 36 »radikala»
1331 1288 127 46 angår,
1487 1289 39 35 så
1554 1289 56 36 stå
1633 1290 38 35 vi
1694 1292 63 34 väl
1775 1305 52 22 nu
1845 1292 13 35 i
1875 1291 165 47 begrepp

405 1335 56 30 att
494 1330 125 36 införa
654 1334 173 45 röstning
860 1347 46 33 pr
943 1336 123 45 capita
1104 1336 20 35 å
1161 1342 51 30 ett
1248 1343 116 30 annat
1404 1338 163 46 område,
1609 1340 66 35 där
1701 1354 89 23 man
1816 1341 104 36 förut
1945 1341 97 37 fasat

403 1381 164 35 tillbaka
599 1381 60 36 för
692 1383 268 37 radikalismen
995 1386 13 35 i
1045 1399 46 22 en
1128 1386 117 36 sådan
1281 1389 222 45 anordning.
1557 1390 74 36 Det
1657 1403 108 32 synes
1794 1392 29 45 ej
1853 1406 91 22 vara
1969 1392 73 36 far-

404 1431 120 45 ligare
557 1437 55 30 att
648 1433 173 47 tillämpa
858 1435 124 35 denna
1016 1437 146 46 princip
1197 1438 64 35 vid
1298 1440 63 34 val
1397 1438 42 36 af
1471 1452 45 23 en
1545 1440 61 36 del
1634 1440 41 36 af
1698 1442 265 44 skolstyrelsen
1993 1450 48 28 än

404 1481 65 36 vid
495 1483 65 34 val
588 1482 41 35 af
652 1490 112 39 präst.

512 1532 54 36 Då
594 1533 160 36 sålunda
782 1535 123 36 denna
931 1535 280 48 framställning
1238 1539 171 36 kommer
1436 1545 56 29 att
1518 1546 169 40 upptaga
1710 1543 76 35 lika
1809 1547 147 32 rösträtt
1974 1543 65 36 vid

404 1583 64 34 val
505 1582 42 35 af
578 1582 390 47 folkskolestyrelsens
1004 1599 69 23 ena
1109 1588 71 45 del,
1214 1602 109 31 synes
1350 1590 79 45 mig
1457 1590 95 36 dock
1579 1591 80 36 icke
1686 1592 174 46 lämpligt
1888 1599 55 30 att
1969 1593 72 37 för-

404 1633 115 45 lägga
548 1633 104 36 detta
678 1636 65 35 val
770 1636 60 35 till
857 1637 320 43 kyrkostämman.

508 1683 115 36 Detta
651 1684 41 36 af
715 1686 91 34 flera
834 1687 90 35 skäl.

506 1733 232 37 Folkskolan
776 1743 40 28 är
848 1749 46 23 en
931 1738 75 35 alla
1041 1738 206 36 föräldrars
1285 1741 281 45 angelägenhet.
1620 1742 76 36 Vid
1732 1744 311 43 kyrkostamman

404 1788 218 42 utestängas
664 1786 201 36 dissenters
904 1786 85 36 från
1025 1794 165 30 rösträtt.
1244 1788 81 38 Och
1361 1791 104 35 detta
1500 1804 109 32 synes
1636 1793 91 45 'mig
1753 1807 92 23 vara
1872 1808 46 23 en
1944 1796 98 45 prin-

402 1834 129 46 cipiell
565 1837 191 44 orättvisa,
793 1837 47 35 då
873 1837 63 35 det
963 1839 118 44 gäller
1107 1838 512 48 folkskoleangelägenheter.
1673 1843 17 35 I
1717 1841 18 48 $
1765 1846 18 34 6
1814 1858 111 23 mom.
1956 1847 19 33 2
2005 1845 41 35 af

404 1884 139 46 Kungl.
581 1886 122 46 Maj:ts
740 1886 289 46 ifrågavarande
1065 1888 207 47 lagförslag
1306 1890 240 38 föreskrifves
1583 1893 192 46 angående
1810 1895 167 36 ledamot
2005 1894 42 36 af

403 1933 390 48 folkskolestyrelsen:
826 1938 37 34 »I
891 1937 289 48 öfverläggning
1206 1941 70 35 och
1303 1941 124 36 beslut
1455 1955 62 23 om
1541 1944 147 46 ärende,
1708 1958 79 22 som
1805 1953 64 28 rör
1887 1946 155 35 kristen-

405 1984 435 50 domsundervisningen
867 1988 62 36 må
955 1989 81 35 icke
1064 1989 151 46 deltaga
1241 1991 178 46 ledamot,
1448 2005 82 24 som
1558 2001 41 28 är
1626 1994 41 36 af
1689 1994 236 37 främmande
1950 2000 92 31 tros-

403 2034 229 39 bekännelse
673 2039 92 36 eller
805 2039 144 35 anmält
989 2040 56 45 sig
1083 2040 62 35 till
1181 2042 151 35 utträde
1367 2055 46 23 ur
1445 2045 160 35 svenska
1639 2046 182 43 kyrkan».
1874 2045 167 46 Antages

402 2084 108 37 detta
542 2088 221 47 stadgande,
790 2089 227 37 framträder
1043 2091 64 35 till
1133 2090 95 37 fullo
1258 2093 207 36 orättvisan
1492 2095 13 35 i
1533 2100 56 31 att
1617 2101 196 40 utestänga
1842 2096 199 36 dissenters

401 2134 86 37 från
515 2138 64 34 val
607 2138 42 35 af
671 2140 170 36 ledamot
866 2141 14 35 i
906 2140 381 46 folkskolestyrelsen.

508 2186 72 37 Det
622 2202 110 31 synes
775 2190 181 46 därjämte
997 2205 92 23 vara
1130 2197 55 31 att
1224 2193 227 37 underhålla
1491 2209 46 22 en
1579 2197 140 44 onödig
1754 2197 71 35 och
1861 2197 181 46 olämplig
