<?xml version="1.0" encoding="UTF-8"?>
<alto xmlns="http://www.loc.gov/standards/alto/ns-v3#" xmlns:xlink="http://www.w3.org/1999/xlink" xmlns:xsi="http://www.w3.org/2001/XMLSchema-instance" xsi:schemaLocation="http://www.loc.gov/standards/alto/ns-v3# http://www.loc.gov/alto/v3/alto-3-0.xsd">
	<Description>
		<MeasurementUnit>pixel</MeasurementUnit>
		<sourceImageInformation>
			<fileName>/tmp/tess_wptpgzlh_input.PNG</fileName>
		</sourceImageInformation>
		<OCRProcessing ID="OCR_0">
			<ocrProcessingStep>
				<processingSoftware>
					<softwareName>tesseract 5.3.0</softwareName>
				</processingSoftware>
			</ocrProcessingStep>
		</OCRProcessing>
	</Description>
	<Layout>
		<Page WIDTH="1904" HEIGHT="2796" PHYSICAL_IMG_NR="0" ID="page_0">
			<PrintSpace HPOS="0" VPOS="0" WIDTH="1904" HEIGHT="2796">
				<ComposedBlock ID="cblock_0" HPOS="505" VPOS="160" WIDTH="1136" HEIGHT="38">
					<TextBlock ID="block_0" HPOS="505" VPOS="160" WIDTH="1136" HEIGHT="38">
						<TextLine ID="line_0" HPOS="505" VPOS="160" WIDTH="1136" HEIGHT="38">
							<String ID="string_0" HPOS="505" VPOS="167" WIDTH="378" HEIGHT="31" WC="0.91" CONTENT="Jordbruksutskottets"/><SP WIDTH="28" VPOS="167" HPOS="883"/>
							<String ID="string_1" HPOS="911" VPOS="166" WIDTH="177" HEIGHT="31" WC="0.96" CONTENT="utlåtande"/><SP WIDTH="25" VPOS="166" HPOS="1088"/>
							<String ID="string_2" HPOS="1113" VPOS="175" WIDTH="43" HEIGHT="21" WC="0.93" CONTENT="nr"/><SP WIDTH="26" VPOS="175" HPOS="1156"/>
							<String ID="string_3" HPOS="1182" VPOS="168" WIDTH="49" HEIGHT="29" WC="0.56" CONTENT="51."/><SP WIDTH="392" VPOS="168" HPOS="1231"/>
							<String ID="string_4" HPOS="1623" VPOS="160" WIDTH="18" HEIGHT="29" WC="0.95" CONTENT="5"/>
						</TextLine>
					</TextBlock>
				</ComposedBlock>
				<ComposedBlock ID="cblock_1" HPOS="132" VPOS="248" WIDTH="1509" HEIGHT="1895">
					<TextBlock ID="block_1" HPOS="133" VPOS="248" WIDTH="1508" HEIGHT="504">
						<TextLine ID="line_1" HPOS="178" VPOS="248" WIDTH="1461" HEIGHT="39">
							<String ID="string_5" HPOS="178" VPOS="251" WIDTH="231" HEIGHT="31" WC="0.95" CONTENT="Akademiens"/><SP WIDTH="19" VPOS="251" HPOS="409"/>
							<String ID="string_6" HPOS="428" VPOS="251" WIDTH="285" HEIGHT="36" WC="0.93" CONTENT="angelägenheter"/><SP WIDTH="17" VPOS="251" HPOS="713"/>
							<String ID="string_7" HPOS="730" VPOS="250" WIDTH="203" HEIGHT="31" WC="0.92" CONTENT="handhavas"/><SP WIDTH="20" VPOS="250" HPOS="933"/>
							<String ID="string_8" HPOS="953" VPOS="259" WIDTH="43" HEIGHT="21" WC="0.96" CONTENT="av"/><SP WIDTH="18" VPOS="259" HPOS="996"/>
							<String ID="string_9" HPOS="1014" VPOS="259" WIDTH="125" HEIGHT="27" WC="0.95" CONTENT="preses,"/><SP WIDTH="19" VPOS="259" HPOS="1139"/>
							<String ID="string_10" HPOS="1158" VPOS="250" WIDTH="74" HEIGHT="29" WC="0.96" CONTENT="vice"/><SP WIDTH="19" VPOS="250" HPOS="1232"/>
							<String ID="string_11" HPOS="1251" VPOS="258" WIDTH="125" HEIGHT="27" WC="0.93" CONTENT="preses,"/><SP WIDTH="21" VPOS="258" HPOS="1376"/>
							<String ID="string_12" HPOS="1397" VPOS="248" WIDTH="242" HEIGHT="37" WC="0.90" CONTENT="förvaltnings-"/>
						</TextLine>
						<TextLine ID="line_2" HPOS="134" VPOS="291" WIDTH="1504" HEIGHT="37">
							<String ID="string_13" HPOS="134" VPOS="293" WIDTH="207" HEIGHT="30" WC="0.91" CONTENT="kommittén"/><SP WIDTH="27" VPOS="293" HPOS="341"/>
							<String ID="string_14" HPOS="368" VPOS="297" WIDTH="88" HEIGHT="26" WC="0.96" CONTENT="samt"/><SP WIDTH="27" VPOS="297" HPOS="456"/>
							<String ID="string_15" HPOS="483" VPOS="293" WIDTH="234" HEIGHT="30" WC="0.96" CONTENT="sekreteraren"/><SP WIDTH="26" VPOS="293" HPOS="717"/>
							<String ID="string_16" HPOS="743" VPOS="293" WIDTH="65" HEIGHT="30" WC="0.93" CONTENT="och"/><SP WIDTH="26" VPOS="293" HPOS="808"/>
							<String ID="string_17" HPOS="834" VPOS="292" WIDTH="233" HEIGHT="30" WC="0.87" CONTENT="kamreraren."/><SP WIDTH="29" VPOS="292" HPOS="1067"/>
							<String ID="string_18" HPOS="1096" VPOS="292" WIDTH="119" HEIGHT="30" WC="0.92" CONTENT="Preses"/><SP WIDTH="25" VPOS="292" HPOS="1215"/>
							<String ID="string_19" HPOS="1240" VPOS="292" WIDTH="66" HEIGHT="30" WC="0.96" CONTENT="och"/><SP WIDTH="24" VPOS="292" HPOS="1306"/>
							<String ID="string_20" HPOS="1330" VPOS="292" WIDTH="73" HEIGHT="30" WC="0.96" CONTENT="vice"/><SP WIDTH="26" VPOS="292" HPOS="1403"/>
							<String ID="string_21" HPOS="1429" VPOS="300" WIDTH="116" HEIGHT="28" WC="0.92" CONTENT="preses"/><SP WIDTH="26" VPOS="300" HPOS="1545"/>
							<String ID="string_22" HPOS="1571" VPOS="291" WIDTH="67" HEIGHT="30" WC="0.92" CONTENT="för-"/>
						</TextLine>
						<TextLine ID="line_3" HPOS="135" VPOS="333" WIDTH="1506" HEIGHT="38">
							<String ID="string_23" HPOS="135" VPOS="336" WIDTH="138" HEIGHT="35" WC="0.96" CONTENT="ordnas,"/><SP WIDTH="28" VPOS="336" HPOS="273"/>
							<String ID="string_24" HPOS="301" VPOS="336" WIDTH="105" HEIGHT="30" WC="0.96" CONTENT="sedan"/><SP WIDTH="31" VPOS="336" HPOS="406"/>
							<String ID="string_25" HPOS="437" VPOS="335" WIDTH="206" HEIGHT="30" WC="0.96" CONTENT="akademien"/><SP WIDTH="27" VPOS="335" HPOS="643"/>
							<String ID="string_26" HPOS="670" VPOS="334" WIDTH="185" HEIGHT="31" WC="0.96" CONTENT="inkommit"/><SP WIDTH="26" VPOS="334" HPOS="855"/>
							<String ID="string_27" HPOS="881" VPOS="335" WIDTH="80" HEIGHT="29" WC="0.95" CONTENT="med"/><SP WIDTH="28" VPOS="335" HPOS="961"/>
							<String ID="string_28" HPOS="989" VPOS="334" WIDTH="139" HEIGHT="36" WC="0.96" CONTENT="förslag,"/><SP WIDTH="29" VPOS="334" HPOS="1128"/>
							<String ID="string_29" HPOS="1157" VPOS="343" WIDTH="43" HEIGHT="21" WC="0.96" CONTENT="av"/><SP WIDTH="29" VPOS="343" HPOS="1200"/>
							<String ID="string_30" HPOS="1229" VPOS="334" WIDTH="122" HEIGHT="36" WC="0.93" CONTENT="Kungl."/><SP WIDTH="32" VPOS="334" HPOS="1351"/>
							<String ID="string_31" HPOS="1383" VPOS="334" WIDTH="101" HEIGHT="37" WC="0.96" CONTENT="Maj:t"/><SP WIDTH="30" VPOS="334" HPOS="1484"/>
							<String ID="string_32" HPOS="1514" VPOS="333" WIDTH="56" HEIGHT="31" WC="0.96" CONTENT="för"/><SP WIDTH="29" VPOS="333" HPOS="1570"/>
							<String ID="string_33" HPOS="1599" VPOS="342" WIDTH="42" HEIGHT="22" WC="0.96" CONTENT="en"/>
						</TextLine>
						<TextLine ID="line_4" HPOS="135" VPOS="376" WIDTH="1506" HEIGHT="37">
							<String ID="string_34" HPOS="135" VPOS="377" WIDTH="49" HEIGHT="31" WC="0.96" CONTENT="tid"/><SP WIDTH="22" VPOS="377" HPOS="184"/>
							<String ID="string_35" HPOS="206" VPOS="387" WIDTH="42" HEIGHT="21" WC="0.96" CONTENT="av"/><SP WIDTH="23" VPOS="387" HPOS="248"/>
							<String ID="string_36" HPOS="271" VPOS="380" WIDTH="50" HEIGHT="28" WC="0.96" CONTENT="tre"/><SP WIDTH="21" VPOS="380" HPOS="321"/>
							<String ID="string_37" HPOS="342" VPOS="376" WIDTH="48" HEIGHT="31" WC="0.94" CONTENT="år."/><SP WIDTH="25" VPOS="376" HPOS="390"/>
							<String ID="string_38" HPOS="415" VPOS="377" WIDTH="240" HEIGHT="31" WC="0.93" CONTENT="Sekreteraren"/><SP WIDTH="22" VPOS="377" HPOS="655"/>
							<String ID="string_39" HPOS="677" VPOS="378" WIDTH="182" HEIGHT="29" WC="0.92" CONTENT="utnämnes"/><SP WIDTH="22" VPOS="378" HPOS="859"/>
							<String ID="string_40" HPOS="881" VPOS="376" WIDTH="165" HEIGHT="31" WC="0.96" CONTENT="likaledes"/><SP WIDTH="24" VPOS="376" HPOS="1046"/>
							<String ID="string_41" HPOS="1070" VPOS="386" WIDTH="43" HEIGHT="21" WC="0.96" CONTENT="av"/><SP WIDTH="21" VPOS="386" HPOS="1113"/>
							<String ID="string_42" HPOS="1134" VPOS="376" WIDTH="123" HEIGHT="37" WC="0.96" CONTENT="Kungl."/><SP WIDTH="23" VPOS="376" HPOS="1257"/>
							<String ID="string_43" HPOS="1280" VPOS="376" WIDTH="102" HEIGHT="37" WC="0.96" CONTENT="Maj:t"/><SP WIDTH="22" VPOS="376" HPOS="1382"/>
							<String ID="string_44" HPOS="1404" VPOS="376" WIDTH="87" HEIGHT="31" WC="0.95" CONTENT="efter"/><SP WIDTH="21" VPOS="376" HPOS="1491"/>
							<String ID="string_45" HPOS="1512" VPOS="376" WIDTH="129" HEIGHT="36" WC="0.96" CONTENT="förslag"/>
						</TextLine>
						<TextLine ID="line_5" HPOS="135" VPOS="418" WIDTH="1504" HEIGHT="38">
							<String ID="string_46" HPOS="135" VPOS="429" WIDTH="41" HEIGHT="21" WC="0.96" CONTENT="av"/><SP WIDTH="24" VPOS="429" HPOS="176"/>
							<String ID="string_47" HPOS="200" VPOS="420" WIDTH="214" HEIGHT="30" WC="0.91" CONTENT="akademien."/><SP WIDTH="25" VPOS="420" HPOS="414"/>
							<String ID="string_48" HPOS="439" VPOS="419" WIDTH="446" HEIGHT="37" WC="0.90" CONTENT="Förvaltningskommittén"/><SP WIDTH="23" VPOS="419" HPOS="885"/>
							<String ID="string_49" HPOS="908" VPOS="420" WIDTH="137" HEIGHT="35" WC="0.96" CONTENT="utgöres"/><SP WIDTH="24" VPOS="420" HPOS="1045"/>
							<String ID="string_50" HPOS="1069" VPOS="428" WIDTH="43" HEIGHT="21" WC="0.96" CONTENT="av"/><SP WIDTH="23" VPOS="428" HPOS="1112"/>
							<String ID="string_51" HPOS="1135" VPOS="428" WIDTH="125" HEIGHT="27" WC="0.96" CONTENT="preses,"/><SP WIDTH="25" VPOS="428" HPOS="1260"/>
							<String ID="string_52" HPOS="1285" VPOS="418" WIDTH="72" HEIGHT="31" WC="0.96" CONTENT="vice"/><SP WIDTH="22" VPOS="418" HPOS="1357"/>
							<String ID="string_53" HPOS="1379" VPOS="428" WIDTH="125" HEIGHT="27" WC="0.96" CONTENT="preses,"/><SP WIDTH="23" VPOS="428" HPOS="1504"/>
							<String ID="string_54" HPOS="1527" VPOS="428" WIDTH="41" HEIGHT="21" WC="0.93" CONTENT="en"/><SP WIDTH="22" VPOS="428" HPOS="1568"/>
							<String ID="string_55" HPOS="1590" VPOS="427" WIDTH="49" HEIGHT="21" WC="0.92" CONTENT="re-"/>
						</TextLine>
						<TextLine ID="line_6" HPOS="134" VPOS="461" WIDTH="1505" HEIGHT="38">
							<String ID="string_56" HPOS="134" VPOS="464" WIDTH="200" HEIGHT="34" WC="0.92" CONTENT="presentant"/><SP WIDTH="20" VPOS="464" HPOS="334"/>
							<String ID="string_57" HPOS="354" VPOS="461" WIDTH="54" HEIGHT="31" WC="0.96" CONTENT="för"/><SP WIDTH="21" VPOS="461" HPOS="408"/>
							<String ID="string_58" HPOS="429" VPOS="471" WIDTH="61" HEIGHT="21" WC="0.96" CONTENT="var"/><SP WIDTH="21" VPOS="471" HPOS="490"/>
							<String ID="string_59" HPOS="511" VPOS="463" WIDTH="66" HEIGHT="29" WC="0.96" CONTENT="och"/><SP WIDTH="21" VPOS="463" HPOS="577"/>
							<String ID="string_60" HPOS="598" VPOS="471" WIDTH="42" HEIGHT="21" WC="0.96" CONTENT="en"/><SP WIDTH="21" VPOS="471" HPOS="640"/>
							<String ID="string_61" HPOS="661" VPOS="471" WIDTH="43" HEIGHT="21" WC="0.96" CONTENT="av"/><SP WIDTH="22" VPOS="471" HPOS="704"/>
							<String ID="string_62" HPOS="726" VPOS="462" WIDTH="41" HEIGHT="30" WC="0.96" CONTENT="de"/><SP WIDTH="21" VPOS="462" HPOS="767"/>
							<String ID="string_63" HPOS="788" VPOS="461" WIDTH="54" HEIGHT="38" WC="0.96" CONTENT="sju"/><SP WIDTH="20" VPOS="461" HPOS="842"/>
							<String ID="string_64" HPOS="862" VPOS="461" WIDTH="272" HEIGHT="36" WC="0.95" CONTENT="avdelningarna"/><SP WIDTH="23" VPOS="461" HPOS="1134"/>
							<String ID="string_65" HPOS="1157" VPOS="465" WIDTH="90" HEIGHT="26" WC="0.96" CONTENT="samt"/><SP WIDTH="22" VPOS="465" HPOS="1247"/>
							<String ID="string_66" HPOS="1269" VPOS="461" WIDTH="244" HEIGHT="30" WC="0.93" CONTENT="sekreteraren."/><SP WIDTH="25" VPOS="461" HPOS="1513"/>
							<String ID="string_67" HPOS="1538" VPOS="461" WIDTH="101" HEIGHT="30" WC="0.91" CONTENT="Kom-"/>
						</TextLine>
						<TextLine ID="line_7" HPOS="135" VPOS="503" WIDTH="1506" HEIGHT="37">
							<String ID="string_68" HPOS="135" VPOS="504" WIDTH="121" HEIGHT="30" WC="0.45" CONTENT="mittén"/><SP WIDTH="24" VPOS="504" HPOS="256"/>
							<String ID="string_69" HPOS="280" VPOS="505" WIDTH="39" HEIGHT="29" WC="0.96" CONTENT="är"/><SP WIDTH="23" VPOS="505" HPOS="319"/>
							<String ID="string_70" HPOS="342" VPOS="508" WIDTH="48" HEIGHT="26" WC="0.96" CONTENT="att"/><SP WIDTH="24" VPOS="508" HPOS="390"/>
							<String ID="string_71" HPOS="414" VPOS="514" WIDTH="81" HEIGHT="21" WC="0.96" CONTENT="anse"/><SP WIDTH="24" VPOS="514" HPOS="495"/>
							<String ID="string_72" HPOS="519" VPOS="513" WIDTH="76" HEIGHT="21" WC="0.96" CONTENT="som"/><SP WIDTH="23" VPOS="513" HPOS="595"/>
							<String ID="string_73" HPOS="618" VPOS="504" WIDTH="221" HEIGHT="30" WC="0.96" CONTENT="akademiens"/><SP WIDTH="23" VPOS="504" HPOS="839"/>
							<String ID="string_74" HPOS="862" VPOS="504" WIDTH="163" HEIGHT="36" WC="0.96" CONTENT="styrande"/><SP WIDTH="19" VPOS="504" HPOS="1025"/>
							<String ID="string_75" HPOS="1044" VPOS="512" WIDTH="110" HEIGHT="28" WC="0.96" CONTENT="organ"/><SP WIDTH="24" VPOS="512" HPOS="1154"/>
							<String ID="string_76" HPOS="1178" VPOS="504" WIDTH="65" HEIGHT="30" WC="0.96" CONTENT="och"/><SP WIDTH="24" VPOS="504" HPOS="1243"/>
							<String ID="string_77" HPOS="1267" VPOS="504" WIDTH="66" HEIGHT="30" WC="0.96" CONTENT="har"/><SP WIDTH="23" VPOS="504" HPOS="1333"/>
							<String ID="string_78" HPOS="1356" VPOS="503" WIDTH="50" HEIGHT="31" WC="0.96" CONTENT="till"/><SP WIDTH="24" VPOS="503" HPOS="1406"/>
							<String ID="string_79" HPOS="1430" VPOS="503" WIDTH="139" HEIGHT="37" WC="0.96" CONTENT="uppgift"/><SP WIDTH="23" VPOS="503" HPOS="1569"/>
							<String ID="string_80" HPOS="1592" VPOS="505" WIDTH="49" HEIGHT="29" WC="0.96" CONTENT="att"/>
						</TextLine>
						<TextLine ID="line_8" HPOS="135" VPOS="545" WIDTH="1504" HEIGHT="36">
							<String ID="string_81" HPOS="135" VPOS="547" WIDTH="185" HEIGHT="30" WC="0.95" CONTENT="verkställa"/><SP WIDTH="19" VPOS="547" HPOS="320"/>
							<String ID="string_82" HPOS="339" VPOS="546" WIDTH="222" HEIGHT="31" WC="0.95" CONTENT="akademiens"/><SP WIDTH="17" VPOS="546" HPOS="561"/>
							<String ID="string_83" HPOS="578" VPOS="547" WIDTH="121" HEIGHT="34" WC="0.96" CONTENT="beslut,"/><SP WIDTH="17" VPOS="547" HPOS="699"/>
							<String ID="string_84" HPOS="716" VPOS="546" WIDTH="99" HEIGHT="30" WC="0.96" CONTENT="sköta"/><SP WIDTH="18" VPOS="546" HPOS="815"/>
							<String ID="string_85" HPOS="833" VPOS="546" WIDTH="75" HEIGHT="30" WC="0.96" CONTENT="dess"/><SP WIDTH="18" VPOS="546" HPOS="908"/>
							<String ID="string_86" HPOS="926" VPOS="546" WIDTH="162" HEIGHT="30" WC="0.96" CONTENT="ekonomi"/><SP WIDTH="19" VPOS="546" HPOS="1088"/>
							<String ID="string_87" HPOS="1107" VPOS="550" WIDTH="90" HEIGHT="26" WC="0.96" CONTENT="samt"/><SP WIDTH="16" VPOS="550" HPOS="1197"/>
							<String ID="string_88" HPOS="1213" VPOS="546" WIDTH="150" HEIGHT="30" WC="0.93" CONTENT="förvalta"/><SP WIDTH="16" VPOS="546" HPOS="1363"/>
							<String ID="string_89" HPOS="1379" VPOS="545" WIDTH="260" HEIGHT="31" WC="0.92" CONTENT="donationsfon-"/>
						</TextLine>
						<TextLine ID="line_9" HPOS="135" VPOS="587" WIDTH="1505" HEIGHT="38">
							<String ID="string_90" HPOS="135" VPOS="589" WIDTH="69" HEIGHT="36" WC="0.95" CONTENT="der,"/><SP WIDTH="21" VPOS="589" HPOS="204"/>
							<String ID="string_91" HPOS="225" VPOS="589" WIDTH="222" HEIGHT="30" WC="0.96" CONTENT="akademiens"/><SP WIDTH="22" VPOS="589" HPOS="447"/>
							<String ID="string_92" HPOS="469" VPOS="589" WIDTH="76" HEIGHT="36" WC="0.96" CONTENT="hus,"/><SP WIDTH="21" VPOS="589" HPOS="545"/>
							<String ID="string_93" HPOS="566" VPOS="588" WIDTH="175" HEIGHT="36" WC="0.96" CONTENT="bibliotek,"/><SP WIDTH="21" VPOS="588" HPOS="741"/>
							<String ID="string_94" HPOS="762" VPOS="598" WIDTH="168" HEIGHT="26" WC="0.96" CONTENT="museum,"/><SP WIDTH="23" VPOS="598" HPOS="930"/>
							<String ID="string_95" HPOS="953" VPOS="587" WIDTH="162" HEIGHT="37" WC="0.96" CONTENT="trädgård"/><SP WIDTH="23" VPOS="587" HPOS="1115"/>
							<String ID="string_96" HPOS="1138" VPOS="589" WIDTH="66" HEIGHT="29" WC="0.93" CONTENT="och"/><SP WIDTH="21" VPOS="589" HPOS="1204"/>
							<String ID="string_97" HPOS="1225" VPOS="587" WIDTH="281" HEIGHT="37" WC="0.90" CONTENT="trädgårdsskola"/><SP WIDTH="22" VPOS="587" HPOS="1506"/>
							<String ID="string_98" HPOS="1528" VPOS="598" WIDTH="44" HEIGHT="20" WC="0.90" CONTENT="m."/><SP WIDTH="23" VPOS="598" HPOS="1572"/>
							<String ID="string_99" HPOS="1595" VPOS="597" WIDTH="45" HEIGHT="21" WC="0.91" CONTENT="m."/>
						</TextLine>
						<TextLine ID="line_10" HPOS="133" VPOS="629" WIDTH="1506" HEIGHT="39">
							<String ID="string_100" HPOS="133" VPOS="631" WIDTH="57" HEIGHT="31" WC="0.96" CONTENT="Ett"/><SP WIDTH="21" VPOS="631" HPOS="190"/>
							<String ID="string_101" HPOS="211" VPOS="642" WIDTH="42" HEIGHT="21" WC="0.93" CONTENT="av"/><SP WIDTH="23" VPOS="642" HPOS="253"/>
							<String ID="string_102" HPOS="276" VPOS="632" WIDTH="436" HEIGHT="36" WC="0.90" CONTENT="förvaltningskommittén"/><SP WIDTH="23" VPOS="632" HPOS="712"/>
							<String ID="string_103" HPOS="735" VPOS="632" WIDTH="96" HEIGHT="30" WC="0.96" CONTENT="inom"/><SP WIDTH="22" VPOS="632" HPOS="831"/>
							<String ID="string_104" HPOS="853" VPOS="632" WIDTH="204" HEIGHT="29" WC="0.96" CONTENT="densamma"/><SP WIDTH="21" VPOS="632" HPOS="1057"/>
							<String ID="string_105" HPOS="1078" VPOS="635" WIDTH="103" HEIGHT="26" WC="0.95" CONTENT="utsett"/><SP WIDTH="22" VPOS="635" HPOS="1181"/>
							<String ID="string_106" HPOS="1203" VPOS="631" WIDTH="258" HEIGHT="35" WC="0.93" CONTENT="arbetsutskott,"/><SP WIDTH="23" VPOS="631" HPOS="1461"/>
							<String ID="string_107" HPOS="1484" VPOS="629" WIDTH="155" HEIGHT="32" WC="0.92" CONTENT="beståen-"/>
						</TextLine>
						<TextLine ID="line_11" HPOS="134" VPOS="673" WIDTH="1504" HEIGHT="38">
							<String ID="string_108" HPOS="134" VPOS="675" WIDTH="41" HEIGHT="30" WC="0.96" CONTENT="de"/><SP WIDTH="22" VPOS="675" HPOS="175"/>
							<String ID="string_109" HPOS="197" VPOS="684" WIDTH="43" HEIGHT="21" WC="0.96" CONTENT="av"/><SP WIDTH="23" VPOS="684" HPOS="240"/>
							<String ID="string_110" HPOS="263" VPOS="684" WIDTH="125" HEIGHT="27" WC="0.95" CONTENT="preses,"/><SP WIDTH="25" VPOS="684" HPOS="388"/>
							<String ID="string_111" HPOS="413" VPOS="674" WIDTH="73" HEIGHT="31" WC="0.96" CONTENT="vice"/><SP WIDTH="23" VPOS="674" HPOS="486"/>
							<String ID="string_112" HPOS="509" VPOS="683" WIDTH="126" HEIGHT="27" WC="0.95" CONTENT="preses,"/><SP WIDTH="23" VPOS="683" HPOS="635"/>
							<String ID="string_113" HPOS="658" VPOS="673" WIDTH="56" HEIGHT="31" WC="0.96" CONTENT="två"/><SP WIDTH="23" VPOS="673" HPOS="714"/>
							<String ID="string_114" HPOS="737" VPOS="684" WIDTH="42" HEIGHT="20" WC="0.96" CONTENT="av"/><SP WIDTH="22" VPOS="684" HPOS="779"/>
							<String ID="string_115" HPOS="801" VPOS="674" WIDTH="207" HEIGHT="30" WC="0.96" CONTENT="kommittén"/><SP WIDTH="22" VPOS="674" HPOS="1008"/>
							<String ID="string_116" HPOS="1030" VPOS="673" WIDTH="95" HEIGHT="30" WC="0.96" CONTENT="inom"/><SP WIDTH="26" VPOS="673" HPOS="1125"/>
							<String ID="string_117" HPOS="1151" VPOS="674" WIDTH="204" HEIGHT="29" WC="0.95" CONTENT="densamma"/><SP WIDTH="23" VPOS="674" HPOS="1355"/>
							<String ID="string_118" HPOS="1378" VPOS="673" WIDTH="146" HEIGHT="30" WC="0.92" CONTENT="utsedda"/><SP WIDTH="24" VPOS="673" HPOS="1524"/>
							<String ID="string_119" HPOS="1548" VPOS="673" WIDTH="90" HEIGHT="30" WC="0.92" CONTENT="leda-"/>
						</TextLine>
						<TextLine ID="line_12" HPOS="133" VPOS="716" WIDTH="1199" HEIGHT="36">
							<String ID="string_120" HPOS="133" VPOS="719" WIDTH="111" HEIGHT="28" WC="0.96" CONTENT="möter"/><SP WIDTH="16" VPOS="719" HPOS="244"/>
							<String ID="string_121" HPOS="260" VPOS="718" WIDTH="66" HEIGHT="29" WC="0.96" CONTENT="och"/><SP WIDTH="19" VPOS="718" HPOS="326"/>
							<String ID="string_122" HPOS="345" VPOS="718" WIDTH="245" HEIGHT="34" WC="0.96" CONTENT="sekreteraren,"/><SP WIDTH="19" VPOS="718" HPOS="590"/>
							<String ID="string_123" HPOS="609" VPOS="717" WIDTH="88" HEIGHT="30" WC="0.93" CONTENT="skall"/><SP WIDTH="18" VPOS="717" HPOS="697"/>
							<String ID="string_124" HPOS="715" VPOS="717" WIDTH="187" HEIGHT="29" WC="0.90" CONTENT="handhava"/><SP WIDTH="19" VPOS="717" HPOS="902"/>
							<String ID="string_125" HPOS="921" VPOS="717" WIDTH="41" HEIGHT="29" WC="0.96" CONTENT="de"/><SP WIDTH="18" VPOS="717" HPOS="962"/>
							<String ID="string_126" HPOS="980" VPOS="716" WIDTH="150" HEIGHT="36" WC="0.96" CONTENT="löpande"/><SP WIDTH="18" VPOS="716" HPOS="1130"/>
							<String ID="string_127" HPOS="1148" VPOS="716" WIDTH="184" HEIGHT="30" WC="0.96" CONTENT="ärendena."/>
						</TextLine>
					</TextBlock>
					<TextBlock ID="block_2" HPOS="133" VPOS="757" WIDTH="1507" HEIGHT="167">
						<TextLine ID="line_13" HPOS="178" VPOS="757" WIDTH="1461" HEIGHT="38">
							<String ID="string_128" HPOS="178" VPOS="759" WIDTH="213" HEIGHT="31" WC="0.93" CONTENT="Akademien"/><SP WIDTH="35" VPOS="759" HPOS="391"/>
							<String ID="string_129" HPOS="426" VPOS="759" WIDTH="134" HEIGHT="36" WC="0.90" CONTENT="utgiver"/><SP WIDTH="35" VPOS="759" HPOS="560"/>
							<String ID="string_130" HPOS="595" VPOS="768" WIDTH="42" HEIGHT="21" WC="0.96" CONTENT="en"/><SP WIDTH="34" VPOS="768" HPOS="637"/>
							<String ID="string_131" HPOS="671" VPOS="767" WIDTH="84" HEIGHT="28" WC="0.95" CONTENT="egen"/><SP WIDTH="35" VPOS="767" HPOS="755"/>
							<String ID="string_132" HPOS="790" VPOS="758" WIDTH="163" HEIGHT="36" WC="0.93" CONTENT="tidskrift,"/><SP WIDTH="28" VPOS="758" HPOS="953"/>
							<String ID="string_133" HPOS="981" VPOS="757" WIDTH="445" HEIGHT="31" WC="0.89" CONTENT="»Lantbruksakademiens"/><SP WIDTH="27" VPOS="757" HPOS="1426"/>
							<String ID="string_134" HPOS="1453" VPOS="757" WIDTH="186" HEIGHT="31" WC="0.87" CONTENT="tidskrift»."/>
						</TextLine>
						<TextLine ID="line_14" HPOS="135" VPOS="800" WIDTH="1504" HEIGHT="38">
							<String ID="string_135" HPOS="135" VPOS="802" WIDTH="183" HEIGHT="31" WC="0.96" CONTENT="Dessutom"/><SP WIDTH="17" VPOS="802" HPOS="318"/>
							<String ID="string_136" HPOS="335" VPOS="803" WIDTH="64" HEIGHT="29" WC="0.96" CONTENT="har"/><SP WIDTH="16" VPOS="803" HPOS="399"/>
							<String ID="string_137" HPOS="415" VPOS="802" WIDTH="166" HEIGHT="30" WC="0.90" CONTENT="beslutats"/><SP WIDTH="16" VPOS="802" HPOS="581"/>
							<String ID="string_138" HPOS="597" VPOS="801" WIDTH="117" HEIGHT="37" WC="0.90" CONTENT="utgiva"/><SP WIDTH="15" VPOS="801" HPOS="714"/>
							<String ID="string_139" HPOS="729" VPOS="801" WIDTH="196" HEIGHT="37" WC="0.95" CONTENT="ytterligare"/><SP WIDTH="16" VPOS="801" HPOS="925"/>
							<String ID="string_140" HPOS="941" VPOS="810" WIDTH="42" HEIGHT="21" WC="0.96" CONTENT="en"/><SP WIDTH="17" VPOS="810" HPOS="983"/>
							<String ID="string_141" HPOS="1000" VPOS="801" WIDTH="229" HEIGHT="36" WC="0.96" CONTENT="publikation,"/><SP WIDTH="18" VPOS="801" HPOS="1229"/>
							<String ID="string_142" HPOS="1247" VPOS="801" WIDTH="130" HEIGHT="30" WC="0.96" CONTENT="avsedd"/><SP WIDTH="16" VPOS="801" HPOS="1377"/>
							<String ID="string_143" HPOS="1393" VPOS="804" WIDTH="49" HEIGHT="27" WC="0.96" CONTENT="att"/><SP WIDTH="17" VPOS="804" HPOS="1442"/>
							<String ID="string_144" HPOS="1459" VPOS="800" WIDTH="56" HEIGHT="31" WC="0.96" CONTENT="för"/><SP WIDTH="16" VPOS="800" HPOS="1515"/>
							<String ID="string_145" HPOS="1531" VPOS="810" WIDTH="42" HEIGHT="21" WC="0.93" CONTENT="en"/><SP WIDTH="17" VPOS="810" HPOS="1573"/>
							<String ID="string_146" HPOS="1590" VPOS="800" WIDTH="49" HEIGHT="30" WC="0.93" CONTENT="in-"/>
						</TextLine>
						<TextLine ID="line_15" HPOS="133" VPOS="842" WIDTH="1507" HEIGHT="38">
							<String ID="string_147" HPOS="133" VPOS="845" WIDTH="218" HEIGHT="30" WC="0.91" CONTENT="ternationell"/><SP WIDTH="20" VPOS="845" HPOS="351"/>
							<String ID="string_148" HPOS="371" VPOS="845" WIDTH="122" HEIGHT="35" WC="0.95" CONTENT="publik"/><SP WIDTH="22" VPOS="845" HPOS="493"/>
							<String ID="string_149" HPOS="515" VPOS="844" WIDTH="193" HEIGHT="36" WC="0.96" CONTENT="framlägga"/><SP WIDTH="21" VPOS="844" HPOS="708"/>
							<String ID="string_150" HPOS="729" VPOS="845" WIDTH="185" HEIGHT="29" WC="0.96" CONTENT="resultaten"/><SP WIDTH="22" VPOS="845" HPOS="914"/>
							<String ID="string_151" HPOS="936" VPOS="853" WIDTH="43" HEIGHT="21" WC="0.96" CONTENT="av"/><SP WIDTH="22" VPOS="853" HPOS="979"/>
							<String ID="string_152" HPOS="1001" VPOS="844" WIDTH="124" HEIGHT="30" WC="0.96" CONTENT="svensk"/><SP WIDTH="22" VPOS="844" HPOS="1125"/>
							<String ID="string_153" HPOS="1147" VPOS="843" WIDTH="182" HEIGHT="37" WC="0.96" CONTENT="forskning"/><SP WIDTH="21" VPOS="843" HPOS="1329"/>
							<String ID="string_154" HPOS="1350" VPOS="842" WIDTH="46" HEIGHT="38" WC="0.96" CONTENT="på"/><SP WIDTH="22" VPOS="842" HPOS="1396"/>
							<String ID="string_155" HPOS="1418" VPOS="843" WIDTH="222" HEIGHT="37" WC="0.96" CONTENT="jordbrukets"/>
						</TextLine>
						<TextLine ID="line_16" HPOS="134" VPOS="886" WIDTH="521" HEIGHT="38">
							<String ID="string_156" HPOS="134" VPOS="888" WIDTH="65" HEIGHT="29" WC="0.96" CONTENT="och"/><SP WIDTH="19" VPOS="888" HPOS="199"/>
							<String ID="string_157" HPOS="218" VPOS="887" WIDTH="242" HEIGHT="37" WC="0.95" CONTENT="angränsande"/><SP WIDTH="18" VPOS="887" HPOS="460"/>
							<String ID="string_158" HPOS="478" VPOS="886" WIDTH="177" HEIGHT="31" WC="0.96" CONTENT="områden."/>
						</TextLine>
					</TextBlock>
					<TextBlock ID="block_3" HPOS="132" VPOS="943" WIDTH="1508" HEIGHT="192">
						<TextLine ID="line_17" HPOS="177" VPOS="943" WIDTH="1461" HEIGHT="39">
							<String ID="string_159" HPOS="177" VPOS="945" WIDTH="69" HEIGHT="31" WC="0.93" CONTENT="För"/><SP WIDTH="21" VPOS="945" HPOS="246"/>
							<String ID="string_160" HPOS="267" VPOS="945" WIDTH="163" HEIGHT="37" WC="0.92" CONTENT="avlöning"/><SP WIDTH="23" VPOS="945" HPOS="430"/>
							<String ID="string_161" HPOS="453" VPOS="955" WIDTH="43" HEIGHT="21" WC="0.93" CONTENT="av"/><SP WIDTH="23" VPOS="955" HPOS="496"/>
							<String ID="string_162" HPOS="519" VPOS="944" WIDTH="408" HEIGHT="32" WC="0.91" CONTENT="lantbruksakademiens"/><SP WIDTH="25" VPOS="944" HPOS="927"/>
							<String ID="string_163" HPOS="952" VPOS="944" WIDTH="92" HEIGHT="31" WC="0.95" CONTENT="båda"/><SP WIDTH="22" VPOS="944" HPOS="1044"/>
							<String ID="string_164" HPOS="1066" VPOS="944" WIDTH="212" HEIGHT="37" WC="0.95" CONTENT="tjänstemän"/><SP WIDTH="21" VPOS="944" HPOS="1278"/>
							<String ID="string_165" HPOS="1299" VPOS="943" WIDTH="101" HEIGHT="38" WC="0.93" CONTENT="utgår"/><SP WIDTH="22" VPOS="943" HPOS="1400"/>
							<String ID="string_166" HPOS="1422" VPOS="944" WIDTH="216" HEIGHT="37" WC="0.92" CONTENT="statsanslag,"/>
						</TextLine>
						<TextLine ID="line_18" HPOS="134" VPOS="993" WIDTH="1505" HEIGHT="40">
							<String ID="string_167" HPOS="134" VPOS="996" WIDTH="55" HEIGHT="31" WC="0.96" CONTENT="för"/><SP WIDTH="17" VPOS="996" HPOS="189"/>
							<String ID="string_168" HPOS="206" VPOS="995" WIDTH="202" HEIGHT="38" WC="0.93" CONTENT="budgetåret"/><SP WIDTH="21" VPOS="995" HPOS="408"/>
							<String ID="string_169" HPOS="429" VPOS="993" WIDTH="143" HEIGHT="34" WC="0.91" CONTENT="1945/46"/><SP WIDTH="19" VPOS="993" HPOS="572"/>
							<String ID="string_170" HPOS="591" VPOS="1000" WIDTH="164" HEIGHT="32" WC="0.96" CONTENT="upptaget"/><SP WIDTH="20" VPOS="1000" HPOS="755"/>
							<String ID="string_171" HPOS="775" VPOS="995" WIDTH="50" HEIGHT="31" WC="0.96" CONTENT="till"/><SP WIDTH="21" VPOS="995" HPOS="825"/>
							<String ID="string_172" HPOS="846" VPOS="996" WIDTH="38" HEIGHT="30" WC="0.96" CONTENT="16"/><SP WIDTH="14" VPOS="996" HPOS="884"/>
							<String ID="string_173" HPOS="898" VPOS="996" WIDTH="63" HEIGHT="31" WC="0.96" CONTENT="800"/><SP WIDTH="20" VPOS="996" HPOS="961"/>
							<String ID="string_174" HPOS="981" VPOS="996" WIDTH="140" HEIGHT="30" WC="0.94" CONTENT="kronor."/><SP WIDTH="22" VPOS="996" HPOS="1121"/>
							<String ID="string_175" HPOS="1143" VPOS="995" WIDTH="214" HEIGHT="31" WC="0.96" CONTENT="Akademien"/><SP WIDTH="18" VPOS="995" HPOS="1357"/>
							<String ID="string_176" HPOS="1375" VPOS="994" WIDTH="152" HEIGHT="37" WC="0.93" CONTENT="åtnjuter"/><SP WIDTH="19" VPOS="994" HPOS="1527"/>
							<String ID="string_177" HPOS="1546" VPOS="994" WIDTH="93" HEIGHT="31" WC="0.91" CONTENT="vida-"/>
						</TextLine>
						<TextLine ID="line_19" HPOS="134" VPOS="1045" WIDTH="1506" HEIGHT="37">
							<String ID="string_178" HPOS="134" VPOS="1057" WIDTH="36" HEIGHT="21" WC="0.96" CONTENT="re"/><SP WIDTH="21" VPOS="1057" HPOS="170"/>
							<String ID="string_179" HPOS="191" VPOS="1047" WIDTH="56" HEIGHT="32" WC="0.96" CONTENT="för"/><SP WIDTH="22" VPOS="1047" HPOS="247"/>
							<String ID="string_180" HPOS="269" VPOS="1046" WIDTH="183" HEIGHT="31" WC="0.96" CONTENT="underhåll"/><SP WIDTH="22" VPOS="1046" HPOS="452"/>
							<String ID="string_181" HPOS="474" VPOS="1047" WIDTH="66" HEIGHT="30" WC="0.96" CONTENT="och"/><SP WIDTH="24" VPOS="1047" HPOS="540"/>
							<String ID="string_182" HPOS="564" VPOS="1047" WIDTH="127" HEIGHT="30" WC="0.96" CONTENT="skötsel"/><SP WIDTH="22" VPOS="1047" HPOS="691"/>
							<String ID="string_183" HPOS="713" VPOS="1056" WIDTH="43" HEIGHT="21" WC="0.96" CONTENT="av"/><SP WIDTH="25" VPOS="1056" HPOS="756"/>
							<String ID="string_184" HPOS="781" VPOS="1046" WIDTH="56" HEIGHT="30" WC="0.96" CONTENT="sitt"/><SP WIDTH="22" VPOS="1046" HPOS="837"/>
							<String ID="string_185" HPOS="859" VPOS="1046" WIDTH="178" HEIGHT="36" WC="0.95" CONTENT="bibliotek,"/><SP WIDTH="24" VPOS="1046" HPOS="1037"/>
							<String ID="string_186" HPOS="1061" VPOS="1056" WIDTH="159" HEIGHT="20" WC="0.93" CONTENT="museum"/><SP WIDTH="25" VPOS="1056" HPOS="1220"/>
							<String ID="string_187" HPOS="1245" VPOS="1056" WIDTH="45" HEIGHT="20" WC="0.92" CONTENT="m."/><SP WIDTH="23" VPOS="1056" HPOS="1290"/>
							<String ID="string_188" HPOS="1313" VPOS="1056" WIDTH="46" HEIGHT="20" WC="0.92" CONTENT="m."/><SP WIDTH="23" VPOS="1056" HPOS="1359"/>
							<String ID="string_189" HPOS="1382" VPOS="1045" WIDTH="100" HEIGHT="37" WC="0.93" CONTENT="årligt"/><SP WIDTH="23" VPOS="1045" HPOS="1482"/>
							<String ID="string_190" HPOS="1505" VPOS="1045" WIDTH="135" HEIGHT="31" WC="0.91" CONTENT="statsbi-"/>
						</TextLine>
						<TextLine ID="line_20" HPOS="132" VPOS="1097" WIDTH="1080" HEIGHT="38">
							<String ID="string_191" HPOS="132" VPOS="1100" WIDTH="87" HEIGHT="35" WC="0.96" CONTENT="drag"/><SP WIDTH="20" VPOS="1100" HPOS="219"/>
							<String ID="string_192" HPOS="239" VPOS="1108" WIDTH="74" HEIGHT="21" WC="0.96" CONTENT="som"/><SP WIDTH="21" VPOS="1108" HPOS="313"/>
							<String ID="string_193" HPOS="334" VPOS="1099" WIDTH="55" HEIGHT="30" WC="0.96" CONTENT="för"/><SP WIDTH="20" VPOS="1099" HPOS="389"/>
							<String ID="string_194" HPOS="409" VPOS="1100" WIDTH="100" HEIGHT="29" WC="0.96" CONTENT="nästa"/><SP WIDTH="20" VPOS="1100" HPOS="509"/>
							<String ID="string_195" HPOS="529" VPOS="1097" WIDTH="168" HEIGHT="37" WC="0.96" CONTENT="budgetår"/><SP WIDTH="18" VPOS="1097" HPOS="697"/>
							<String ID="string_196" HPOS="715" VPOS="1097" WIDTH="100" HEIGHT="37" WC="0.96" CONTENT="utgår"/><SP WIDTH="19" VPOS="1097" HPOS="815"/>
							<String ID="string_197" HPOS="834" VPOS="1098" WIDTH="79" HEIGHT="29" WC="0.96" CONTENT="med"/><SP WIDTH="23" VPOS="1098" HPOS="913"/>
							<String ID="string_198" HPOS="936" VPOS="1098" WIDTH="37" HEIGHT="29" WC="0.96" CONTENT="12"/><SP WIDTH="16" VPOS="1098" HPOS="973"/>
							<String ID="string_199" HPOS="989" VPOS="1098" WIDTH="64" HEIGHT="29" WC="0.96" CONTENT="000"/><SP WIDTH="21" VPOS="1098" HPOS="1053"/>
							<String ID="string_200" HPOS="1074" VPOS="1098" WIDTH="138" HEIGHT="29" WC="0.96" CONTENT="kronor."/>
						</TextLine>
					</TextBlock>
					<TextBlock ID="block_4" HPOS="134" VPOS="1146" WIDTH="1506" HEIGHT="133">
						<TextLine ID="line_21" HPOS="178" VPOS="1146" WIDTH="1461" HEIGHT="39">
							<String ID="string_201" HPOS="178" VPOS="1149" WIDTH="14" HEIGHT="29" WC="0.96" CONTENT="I"/><SP WIDTH="27" VPOS="1149" HPOS="192"/>
							<String ID="string_202" HPOS="219" VPOS="1149" WIDTH="92" HEIGHT="29" WC="0.96" CONTENT="detta"/><SP WIDTH="27" VPOS="1149" HPOS="311"/>
							<String ID="string_203" HPOS="338" VPOS="1148" WIDTH="256" HEIGHT="37" WC="0.95" CONTENT="sammanhang"/><SP WIDTH="25" VPOS="1148" HPOS="594"/>
							<String ID="string_204" HPOS="619" VPOS="1148" WIDTH="97" HEIGHT="30" WC="0.93" CONTENT="torde"/><SP WIDTH="24" VPOS="1148" HPOS="716"/>
							<String ID="string_205" HPOS="740" VPOS="1148" WIDTH="130" HEIGHT="30" WC="0.92" CONTENT="erinras"/><SP WIDTH="26" VPOS="1148" HPOS="870"/>
							<String ID="string_206" HPOS="896" VPOS="1147" WIDTH="133" HEIGHT="36" WC="0.96" CONTENT="därom,"/><SP WIDTH="27" VPOS="1147" HPOS="1029"/>
							<String ID="string_207" HPOS="1056" VPOS="1151" WIDTH="49" HEIGHT="26" WC="0.96" CONTENT="att"/><SP WIDTH="25" VPOS="1151" HPOS="1105"/>
							<String ID="string_208" HPOS="1130" VPOS="1147" WIDTH="87" HEIGHT="30" WC="0.92" CONTENT="även"/><SP WIDTH="24" VPOS="1147" HPOS="1217"/>
							<String ID="string_209" HPOS="1241" VPOS="1146" WIDTH="398" HEIGHT="37" WC="0.91" CONTENT="ingenjörsvetenskaps-"/>
						</TextLine>
						<TextLine ID="line_22" HPOS="134" VPOS="1196" WIDTH="1506" HEIGHT="39">
							<String ID="string_210" HPOS="134" VPOS="1198" WIDTH="208" HEIGHT="31" WC="0.96" CONTENT="akademien"/><SP WIDTH="26" VPOS="1198" HPOS="342"/>
							<String ID="string_211" HPOS="368" VPOS="1198" WIDTH="44" HEIGHT="37" WC="0.96" CONTENT="på"/><SP WIDTH="26" VPOS="1198" HPOS="412"/>
							<String ID="string_212" HPOS="438" VPOS="1198" WIDTH="128" HEIGHT="37" WC="0.96" CONTENT="många"/><SP WIDTH="26" VPOS="1198" HPOS="566"/>
							<String ID="string_213" HPOS="592" VPOS="1200" WIDTH="67" HEIGHT="29" WC="0.96" CONTENT="sätt"/><SP WIDTH="25" VPOS="1200" HPOS="659"/>
							<String ID="string_214" HPOS="684" VPOS="1199" WIDTH="137" HEIGHT="29" WC="0.96" CONTENT="lämnar"/><SP WIDTH="25" VPOS="1199" HPOS="821"/>
							<String ID="string_215" HPOS="846" VPOS="1198" WIDTH="58" HEIGHT="30" WC="0.96" CONTENT="sitt"/><SP WIDTH="27" VPOS="1198" HPOS="904"/>
							<String ID="string_216" HPOS="931" VPOS="1198" WIDTH="77" HEIGHT="30" WC="0.96" CONTENT="stöd"/><SP WIDTH="25" VPOS="1198" HPOS="1008"/>
							<String ID="string_217" HPOS="1033" VPOS="1196" WIDTH="35" HEIGHT="32" WC="0.95" CONTENT="åt"/><SP WIDTH="25" VPOS="1196" HPOS="1068"/>
							<String ID="string_218" HPOS="1093" VPOS="1197" WIDTH="227" HEIGHT="37" WC="0.96" CONTENT="forskningen"/><SP WIDTH="25" VPOS="1197" HPOS="1320"/>
							<String ID="string_219" HPOS="1345" VPOS="1196" WIDTH="46" HEIGHT="37" WC="0.96" CONTENT="på"/><SP WIDTH="27" VPOS="1196" HPOS="1391"/>
							<String ID="string_220" HPOS="1418" VPOS="1197" WIDTH="222" HEIGHT="37" WC="0.96" CONTENT="jordbrukets"/>
						</TextLine>
						<TextLine ID="line_23" HPOS="134" VPOS="1248" WIDTH="152" HEIGHT="31">
							<String ID="string_221" HPOS="134" VPOS="1248" WIDTH="152" HEIGHT="31" WC="0.95" CONTENT="område."/>
						</TextLine>
					</TextBlock>
					<TextBlock ID="block_5" HPOS="133" VPOS="1296" WIDTH="1508" HEIGHT="444">
						<TextLine ID="line_24" HPOS="179" VPOS="1296" WIDTH="1462" HEIGHT="38">
							<String ID="string_222" HPOS="179" VPOS="1299" WIDTH="121" HEIGHT="31" WC="0.95" CONTENT="Såsom"/><SP WIDTH="25" VPOS="1299" HPOS="300"/>
							<String ID="string_223" HPOS="325" VPOS="1299" WIDTH="93" HEIGHT="31" WC="0.96" CONTENT="förut"/><SP WIDTH="24" VPOS="1299" HPOS="418"/>
							<String ID="string_224" HPOS="442" VPOS="1300" WIDTH="133" HEIGHT="30" WC="0.96" CONTENT="berörts"/><SP WIDTH="24" VPOS="1300" HPOS="575"/>
							<String ID="string_225" HPOS="599" VPOS="1300" WIDTH="118" HEIGHT="30" WC="0.95" CONTENT="lämna"/><SP WIDTH="24" VPOS="1300" HPOS="717"/>
							<String ID="string_226" HPOS="741" VPOS="1302" WIDTH="48" HEIGHT="27" WC="0.95" CONTENT="ett"/><SP WIDTH="24" VPOS="1302" HPOS="789"/>
							<String ID="string_227" HPOS="813" VPOS="1298" WIDTH="115" HEIGHT="31" WC="0.96" CONTENT="flertal"/><SP WIDTH="23" VPOS="1298" HPOS="928"/>
							<String ID="string_228" HPOS="951" VPOS="1297" WIDTH="260" HEIGHT="37" WC="0.96" CONTENT="vetenskapliga"/><SP WIDTH="25" VPOS="1297" HPOS="1211"/>
							<String ID="string_229" HPOS="1236" VPOS="1297" WIDTH="164" HEIGHT="31" WC="0.96" CONTENT="stiftelser"/><SP WIDTH="25" VPOS="1297" HPOS="1400"/>
							<String ID="string_230" HPOS="1425" VPOS="1297" WIDTH="66" HEIGHT="31" WC="0.96" CONTENT="och"/><SP WIDTH="25" VPOS="1297" HPOS="1491"/>
							<String ID="string_231" HPOS="1516" VPOS="1296" WIDTH="125" HEIGHT="32" WC="0.96" CONTENT="fonder"/>
						</TextLine>
						<TextLine ID="line_25" HPOS="133" VPOS="1347" WIDTH="1507" HEIGHT="40">
							<String ID="string_232" HPOS="133" VPOS="1350" WIDTH="417" HEIGHT="37" WC="0.91" CONTENT="jordbruksforskningen"/><SP WIDTH="23" VPOS="1350" HPOS="550"/>
							<String ID="string_233" HPOS="573" VPOS="1350" WIDTH="196" HEIGHT="36" WC="0.96" CONTENT="betydande"/><SP WIDTH="21" VPOS="1350" HPOS="769"/>
							<String ID="string_234" HPOS="790" VPOS="1349" WIDTH="199" HEIGHT="31" WC="0.96" CONTENT="understöd."/><SP WIDTH="25" VPOS="1349" HPOS="989"/>
							<String ID="string_235" HPOS="1014" VPOS="1349" WIDTH="50" HEIGHT="30" WC="0.96" CONTENT="Av"/><SP WIDTH="24" VPOS="1349" HPOS="1064"/>
							<String ID="string_236" HPOS="1088" VPOS="1349" WIDTH="99" HEIGHT="30" WC="0.96" CONTENT="dessa"/><SP WIDTH="22" VPOS="1349" HPOS="1187"/>
							<String ID="string_237" HPOS="1209" VPOS="1347" WIDTH="58" HEIGHT="32" WC="0.96" CONTENT="må"/><SP WIDTH="22" VPOS="1347" HPOS="1267"/>
							<String ID="string_238" HPOS="1289" VPOS="1348" WIDTH="64" HEIGHT="30" WC="0.96" CONTENT="här"/><SP WIDTH="22" VPOS="1348" HPOS="1353"/>
							<String ID="string_239" HPOS="1375" VPOS="1348" WIDTH="148" HEIGHT="31" WC="0.96" CONTENT="nämnas"/><SP WIDTH="25" VPOS="1348" HPOS="1523"/>
							<String ID="string_240" HPOS="1548" VPOS="1348" WIDTH="92" HEIGHT="30" WC="0.96" CONTENT="Knut"/>
						</TextLine>
						<TextLine ID="line_26" HPOS="134" VPOS="1398" WIDTH="1507" HEIGHT="38">
							<String ID="string_241" HPOS="134" VPOS="1401" WIDTH="66" HEIGHT="30" WC="0.96" CONTENT="och"/><SP WIDTH="18" VPOS="1401" HPOS="200"/>
							<String ID="string_242" HPOS="218" VPOS="1401" WIDTH="92" HEIGHT="30" WC="0.95" CONTENT="Alice"/><SP WIDTH="19" VPOS="1401" HPOS="310"/>
							<String ID="string_243" HPOS="329" VPOS="1399" WIDTH="238" HEIGHT="37" WC="0.96" CONTENT="Wallenbergs"/><SP WIDTH="18" VPOS="1399" HPOS="567"/>
							<String ID="string_244" HPOS="585" VPOS="1400" WIDTH="152" HEIGHT="36" WC="0.96" CONTENT="stiftelse,"/><SP WIDTH="19" VPOS="1400" HPOS="737"/>
							<String ID="string_245" HPOS="756" VPOS="1409" WIDTH="75" HEIGHT="21" WC="0.96" CONTENT="som"/><SP WIDTH="18" VPOS="1409" HPOS="831"/>
							<String ID="string_246" HPOS="849" VPOS="1400" WIDTH="111" HEIGHT="30" WC="0.96" CONTENT="under"/><SP WIDTH="19" VPOS="1400" HPOS="960"/>
							<String ID="string_247" HPOS="979" VPOS="1398" WIDTH="101" HEIGHT="31" WC="0.96" CONTENT="årens"/><SP WIDTH="18" VPOS="1398" HPOS="1080"/>
							<String ID="string_248" HPOS="1098" VPOS="1400" WIDTH="81" HEIGHT="35" WC="0.96" CONTENT="lopp"/><SP WIDTH="19" VPOS="1400" HPOS="1179"/>
							<String ID="string_249" HPOS="1198" VPOS="1398" WIDTH="148" HEIGHT="37" WC="0.96" CONTENT="anslagit"/><SP WIDTH="17" VPOS="1398" HPOS="1346"/>
							<String ID="string_250" HPOS="1363" VPOS="1399" WIDTH="12" HEIGHT="30" WC="0.96" CONTENT="i"/><SP WIDTH="17" VPOS="1399" HPOS="1375"/>
							<String ID="string_251" HPOS="1392" VPOS="1399" WIDTH="57" HEIGHT="30" WC="0.96" CONTENT="det"/><SP WIDTH="16" VPOS="1399" HPOS="1449"/>
							<String ID="string_252" HPOS="1465" VPOS="1400" WIDTH="176" HEIGHT="29" WC="0.96" CONTENT="närmaste"/>
						</TextLine>
						<TextLine ID="line_27" HPOS="135" VPOS="1448" WIDTH="1505" HEIGHT="38">
							<String ID="string_253" HPOS="135" VPOS="1452" WIDTH="18" HEIGHT="29" WC="0.96" CONTENT="5"/><SP WIDTH="16" VPOS="1452" HPOS="153"/>
							<String ID="string_254" HPOS="169" VPOS="1452" WIDTH="64" HEIGHT="29" WC="0.96" CONTENT="500"/><SP WIDTH="13" VPOS="1452" HPOS="233"/>
							<String ID="string_255" HPOS="246" VPOS="1451" WIDTH="63" HEIGHT="30" WC="0.96" CONTENT="000"/><SP WIDTH="30" VPOS="1451" HPOS="309"/>
							<String ID="string_256" HPOS="339" VPOS="1452" WIDTH="130" HEIGHT="29" WC="0.96" CONTENT="kronor"/><SP WIDTH="27" VPOS="1452" HPOS="469"/>
							<String ID="string_257" HPOS="496" VPOS="1450" WIDTH="52" HEIGHT="31" WC="0.96" CONTENT="till"/><SP WIDTH="28" VPOS="1450" HPOS="548"/>
							<String ID="string_258" HPOS="576" VPOS="1451" WIDTH="93" HEIGHT="30" WC="0.93" CONTENT="olika"/><SP WIDTH="29" VPOS="1451" HPOS="669"/>
							<String ID="string_259" HPOS="698" VPOS="1450" WIDTH="310" HEIGHT="36" WC="0.91" CONTENT="forskningsorgan"/><SP WIDTH="29" VPOS="1450" HPOS="1008"/>
							<String ID="string_260" HPOS="1037" VPOS="1448" WIDTH="45" HEIGHT="38" WC="0.93" CONTENT="på"/><SP WIDTH="28" VPOS="1448" HPOS="1082"/>
							<String ID="string_261" HPOS="1110" VPOS="1449" WIDTH="436" HEIGHT="37" WC="0.90" CONTENT="jordbruksforskningens"/><SP WIDTH="28" VPOS="1449" HPOS="1546"/>
							<String ID="string_262" HPOS="1574" VPOS="1448" WIDTH="66" HEIGHT="31" WC="0.96" CONTENT="och"/>
						</TextLine>
						<TextLine ID="line_28" HPOS="134" VPOS="1498" WIDTH="1507" HEIGHT="39">
							<String ID="string_263" HPOS="134" VPOS="1500" WIDTH="207" HEIGHT="32" WC="0.96" CONTENT="närstående"/><SP WIDTH="22" VPOS="1500" HPOS="341"/>
							<String ID="string_264" HPOS="363" VPOS="1500" WIDTH="177" HEIGHT="31" WC="0.96" CONTENT="områden."/><SP WIDTH="24" VPOS="1500" HPOS="540"/>
							<String ID="string_265" HPOS="564" VPOS="1500" WIDTH="200" HEIGHT="37" WC="0.96" CONTENT="Betydande"/><SP WIDTH="24" VPOS="1500" HPOS="764"/>
							<String ID="string_266" HPOS="788" VPOS="1501" WIDTH="125" HEIGHT="35" WC="0.96" CONTENT="belopp"/><SP WIDTH="25" VPOS="1501" HPOS="913"/>
							<String ID="string_267" HPOS="938" VPOS="1500" WIDTH="47" HEIGHT="30" WC="0.95" CONTENT="ha"/><SP WIDTH="23" VPOS="1500" HPOS="985"/>
							<String ID="string_268" HPOS="1008" VPOS="1500" WIDTH="88" HEIGHT="30" WC="0.96" CONTENT="även"/><SP WIDTH="25" VPOS="1500" HPOS="1096"/>
							<String ID="string_269" HPOS="1121" VPOS="1500" WIDTH="109" HEIGHT="30" WC="0.95" CONTENT="ställts"/><SP WIDTH="24" VPOS="1500" HPOS="1230"/>
							<String ID="string_270" HPOS="1254" VPOS="1499" WIDTH="51" HEIGHT="31" WC="0.96" CONTENT="till"/><SP WIDTH="24" VPOS="1499" HPOS="1305"/>
							<String ID="string_271" HPOS="1329" VPOS="1499" WIDTH="208" HEIGHT="36" WC="0.96" CONTENT="förfogande"/><SP WIDTH="24" VPOS="1499" HPOS="1537"/>
							<String ID="string_272" HPOS="1561" VPOS="1498" WIDTH="80" HEIGHT="31" WC="0.96" CONTENT="från"/>
						</TextLine>
						<TextLine ID="line_29" HPOS="134" VPOS="1549" WIDTH="1506" HEIGHT="38">
							<String ID="string_273" HPOS="134" VPOS="1551" WIDTH="322" HEIGHT="31" WC="0.85" CONTENT="Wenner-Grenska"/><SP WIDTH="21" VPOS="1551" HPOS="456"/>
							<String ID="string_274" HPOS="477" VPOS="1551" WIDTH="210" HEIGHT="36" WC="0.96" CONTENT="samfundet,"/><SP WIDTH="21" VPOS="1551" HPOS="687"/>
							<String ID="string_275" HPOS="708" VPOS="1551" WIDTH="142" HEIGHT="30" WC="0.96" CONTENT="Fonden"/><SP WIDTH="19" VPOS="1551" HPOS="850"/>
							<String ID="string_276" HPOS="869" VPOS="1550" WIDTH="56" HEIGHT="31" WC="0.93" CONTENT="för"/><SP WIDTH="20" VPOS="1550" HPOS="925"/>
							<String ID="string_277" HPOS="945" VPOS="1549" WIDTH="341" HEIGHT="38" WC="0.90" CONTENT="skogsvetenskaplig"/><SP WIDTH="21" VPOS="1549" HPOS="1286"/>
							<String ID="string_278" HPOS="1307" VPOS="1550" WIDTH="192" HEIGHT="36" WC="0.93" CONTENT="forskning,"/><SP WIDTH="20" VPOS="1550" HPOS="1499"/>
							<String ID="string_279" HPOS="1519" VPOS="1550" WIDTH="121" HEIGHT="30" WC="0.91" CONTENT="Veten-"/>
						</TextLine>
						<TextLine ID="line_30" HPOS="134" VPOS="1599" WIDTH="1507" HEIGHT="40">
							<String ID="string_280" HPOS="134" VPOS="1602" WIDTH="332" HEIGHT="37" WC="0.91" CONTENT="skapsakademiens"/><SP WIDTH="37" VPOS="1602" HPOS="466"/>
							<String ID="string_281" HPOS="503" VPOS="1601" WIDTH="369" HEIGHT="36" WC="0.89" CONTENT="Hierta-Retziusfond,"/><SP WIDTH="39" VPOS="1601" HPOS="872"/>
							<String ID="string_282" HPOS="911" VPOS="1599" WIDTH="399" HEIGHT="37" WC="0.91" CONTENT="Nilsson-Ehle-fonden,"/><SP WIDTH="37" VPOS="1599" HPOS="1310"/>
							<String ID="string_283" HPOS="1347" VPOS="1600" WIDTH="175" HEIGHT="31" WC="0.96" CONTENT="Stiftelsen"/><SP WIDTH="34" VPOS="1600" HPOS="1522"/>
							<String ID="string_284" HPOS="1556" VPOS="1599" WIDTH="85" HEIGHT="31" WC="0.93" CONTENT="Lars"/>
						</TextLine>
						<TextLine ID="line_31" HPOS="136" VPOS="1650" WIDTH="1505" HEIGHT="39">
							<String ID="string_285" HPOS="136" VPOS="1653" WIDTH="136" HEIGHT="31" WC="0.96" CONTENT="Hiertas"/><SP WIDTH="24" VPOS="1653" HPOS="272"/>
							<String ID="string_286" HPOS="296" VPOS="1653" WIDTH="126" HEIGHT="36" WC="0.93" CONTENT="minne,"/><SP WIDTH="24" VPOS="1653" HPOS="422"/>
							<String ID="string_287" HPOS="446" VPOS="1652" WIDTH="37" HEIGHT="31" WC="0.92" CONTENT="P."/><SP WIDTH="24" VPOS="1652" HPOS="483"/>
							<String ID="string_288" HPOS="507" VPOS="1652" WIDTH="28" HEIGHT="31" WC="0.92" CONTENT="J."/><SP WIDTH="25" VPOS="1652" HPOS="535"/>
							<String ID="string_289" HPOS="560" VPOS="1652" WIDTH="163" HEIGHT="31" WC="0.96" CONTENT="Lundells"/><SP WIDTH="24" VPOS="1652" HPOS="723"/>
							<String ID="string_290" HPOS="747" VPOS="1652" WIDTH="86" HEIGHT="30" WC="0.96" CONTENT="fond"/><SP WIDTH="24" VPOS="1652" HPOS="833"/>
							<String ID="string_291" HPOS="857" VPOS="1652" WIDTH="56" HEIGHT="30" WC="0.93" CONTENT="för"/><SP WIDTH="22" VPOS="1652" HPOS="913"/>
							<String ID="string_292" HPOS="935" VPOS="1651" WIDTH="331" HEIGHT="37" WC="0.92" CONTENT="jordbruksstudier,"/><SP WIDTH="25" VPOS="1651" HPOS="1266"/>
							<String ID="string_293" HPOS="1291" VPOS="1651" WIDTH="35" HEIGHT="31" WC="0.88" CONTENT="C."/><SP WIDTH="26" VPOS="1651" HPOS="1326"/>
							<String ID="string_294" HPOS="1352" VPOS="1651" WIDTH="36" HEIGHT="30" WC="0.91" CONTENT="F."/><SP WIDTH="24" VPOS="1651" HPOS="1388"/>
							<String ID="string_295" HPOS="1412" VPOS="1650" WIDTH="229" HEIGHT="31" WC="0.96" CONTENT="Lundströms"/>
						</TextLine>
						<TextLine ID="line_32" HPOS="136" VPOS="1702" WIDTH="884" HEIGHT="38">
							<String ID="string_296" HPOS="136" VPOS="1704" WIDTH="143" HEIGHT="31" WC="0.96" CONTENT="stiftelse"/><SP WIDTH="19" VPOS="1704" HPOS="279"/>
							<String ID="string_297" HPOS="298" VPOS="1704" WIDTH="66" HEIGHT="30" WC="0.96" CONTENT="och"/><SP WIDTH="20" VPOS="1704" HPOS="364"/>
							<String ID="string_298" HPOS="384" VPOS="1703" WIDTH="246" HEIGHT="37" WC="0.96" CONTENT="Längmanska"/><SP WIDTH="19" VPOS="1703" HPOS="630"/>
							<String ID="string_299" HPOS="649" VPOS="1702" WIDTH="250" HEIGHT="31" WC="0.93" CONTENT="kulturfonden"/><SP WIDTH="18" VPOS="1702" HPOS="899"/>
							<String ID="string_300" HPOS="917" VPOS="1712" WIDTH="45" HEIGHT="21" WC="0.92" CONTENT="m."/><SP WIDTH="21" VPOS="1712" HPOS="962"/>
							<String ID="string_301" HPOS="983" VPOS="1702" WIDTH="37" HEIGHT="30" WC="0.95" CONTENT="fl."/>
						</TextLine>
					</TextBlock>
					<TextBlock ID="block_6" HPOS="136" VPOS="1751" WIDTH="1505" HEIGHT="249">
						<TextLine ID="line_33" HPOS="180" VPOS="1751" WIDTH="1460" HEIGHT="39">
							<String ID="string_302" HPOS="180" VPOS="1755" WIDTH="81" HEIGHT="30" WC="0.96" CONTENT="Som"/><SP WIDTH="19" VPOS="1755" HPOS="261"/>
							<String ID="string_303" HPOS="280" VPOS="1758" WIDTH="46" HEIGHT="27" WC="0.96" CONTENT="ett"/><SP WIDTH="17" VPOS="1758" HPOS="326"/>
							<String ID="string_304" HPOS="343" VPOS="1762" WIDTH="107" HEIGHT="28" WC="0.96" CONTENT="organ"/><SP WIDTH="20" VPOS="1762" HPOS="450"/>
							<String ID="string_305" HPOS="470" VPOS="1754" WIDTH="56" HEIGHT="30" WC="0.96" CONTENT="för"/><SP WIDTH="18" VPOS="1754" HPOS="526"/>
							<String ID="string_306" HPOS="544" VPOS="1754" WIDTH="193" HEIGHT="30" WC="0.96" CONTENT="samarbete"/><SP WIDTH="17" VPOS="1754" HPOS="737"/>
							<String ID="string_307" HPOS="754" VPOS="1754" WIDTH="127" HEIGHT="30" WC="0.93" CONTENT="mellan"/><SP WIDTH="19" VPOS="1754" HPOS="881"/>
							<String ID="string_308" HPOS="900" VPOS="1752" WIDTH="377" HEIGHT="37" WC="0.90" CONTENT="jordbruksforskarna"/><SP WIDTH="17" VPOS="1752" HPOS="1277"/>
							<String ID="string_309" HPOS="1294" VPOS="1752" WIDTH="11" HEIGHT="30" WC="0.96" CONTENT="i"/><SP WIDTH="19" VPOS="1752" HPOS="1305"/>
							<String ID="string_310" HPOS="1324" VPOS="1753" WIDTH="42" HEIGHT="30" WC="0.96" CONTENT="de"/><SP WIDTH="16" VPOS="1753" HPOS="1366"/>
							<String ID="string_311" HPOS="1382" VPOS="1751" WIDTH="168" HEIGHT="31" WC="0.93" CONTENT="nordiska"/><SP WIDTH="18" VPOS="1751" HPOS="1550"/>
							<String ID="string_312" HPOS="1568" VPOS="1752" WIDTH="72" HEIGHT="30" WC="0.92" CONTENT="län-"/>
						</TextLine>
						<TextLine ID="line_34" HPOS="136" VPOS="1802" WIDTH="1505" HEIGHT="39">
							<String ID="string_313" HPOS="136" VPOS="1805" WIDTH="107" HEIGHT="30" WC="0.96" CONTENT="derna"/><SP WIDTH="21" VPOS="1805" HPOS="243"/>
							<String ID="string_314" HPOS="264" VPOS="1805" WIDTH="165" HEIGHT="36" WC="0.96" CONTENT="fungerar"/><SP WIDTH="22" VPOS="1805" HPOS="429"/>
							<String ID="string_315" HPOS="451" VPOS="1805" WIDTH="108" HEIGHT="30" WC="0.96" CONTENT="sedan"/><SP WIDTH="22" VPOS="1805" HPOS="559"/>
							<String ID="string_316" HPOS="581" VPOS="1803" WIDTH="40" HEIGHT="31" WC="0.95" CONTENT="år"/><SP WIDTH="25" VPOS="1803" HPOS="621"/>
							<String ID="string_317" HPOS="646" VPOS="1804" WIDTH="82" HEIGHT="31" WC="0.96" CONTENT="1918"/><SP WIDTH="24" VPOS="1804" HPOS="728"/>
							<String ID="string_318" HPOS="752" VPOS="1803" WIDTH="171" HEIGHT="31" WC="0.93" CONTENT="Nordiska"/><SP WIDTH="22" VPOS="1803" HPOS="923"/>
							<String ID="string_319" HPOS="945" VPOS="1803" WIDTH="367" HEIGHT="36" WC="0.91" CONTENT="jordbruksforskares"/><SP WIDTH="22" VPOS="1803" HPOS="1312"/>
							<String ID="string_320" HPOS="1334" VPOS="1802" WIDTH="169" HEIGHT="36" WC="0.96" CONTENT="förening,"/><SP WIDTH="23" VPOS="1802" HPOS="1503"/>
							<String ID="string_321" HPOS="1526" VPOS="1802" WIDTH="115" HEIGHT="30" WC="0.96" CONTENT="vilken"/>
						</TextLine>
						<TextLine ID="line_35" HPOS="136" VPOS="1852" WIDTH="1504" HEIGHT="39">
							<String ID="string_322" HPOS="136" VPOS="1864" WIDTH="124" HEIGHT="27" WC="0.96" CONTENT="genom"/><SP WIDTH="21" VPOS="1864" HPOS="260"/>
							<String ID="string_323" HPOS="281" VPOS="1856" WIDTH="204" HEIGHT="35" WC="0.93" CONTENT="kongresser"/><SP WIDTH="23" VPOS="1856" HPOS="485"/>
							<String ID="string_324" HPOS="508" VPOS="1855" WIDTH="65" HEIGHT="30" WC="0.96" CONTENT="och"/><SP WIDTH="22" VPOS="1855" HPOS="573"/>
							<String ID="string_325" HPOS="595" VPOS="1855" WIDTH="117" HEIGHT="30" WC="0.96" CONTENT="möten"/><SP WIDTH="23" VPOS="1855" HPOS="712"/>
							<String ID="string_326" HPOS="735" VPOS="1858" WIDTH="89" HEIGHT="26" WC="0.96" CONTENT="samt"/><SP WIDTH="21" VPOS="1858" HPOS="824"/>
							<String ID="string_327" HPOS="845" VPOS="1862" WIDTH="124" HEIGHT="28" WC="0.96" CONTENT="genom"/><SP WIDTH="22" VPOS="1862" HPOS="969"/>
							<String ID="string_328" HPOS="991" VPOS="1853" WIDTH="53" HEIGHT="31" WC="0.96" CONTENT="sin"/><SP WIDTH="21" VPOS="1853" HPOS="1044"/>
							<String ID="string_329" HPOS="1065" VPOS="1853" WIDTH="154" HEIGHT="30" WC="0.93" CONTENT="tidskrift"/><SP WIDTH="27" VPOS="1853" HPOS="1219"/>
							<String ID="string_330" HPOS="1246" VPOS="1852" WIDTH="169" HEIGHT="31" WC="0.80" CONTENT="»Nordisk"/><SP WIDTH="23" VPOS="1852" HPOS="1415"/>
							<String ID="string_331" HPOS="1438" VPOS="1852" WIDTH="202" HEIGHT="37" WC="0.92" CONTENT="jordbruks-"/>
						</TextLine>
						<TextLine ID="line_36" HPOS="139" VPOS="1902" WIDTH="1502" HEIGHT="39">
							<String ID="string_332" HPOS="139" VPOS="1905" WIDTH="197" HEIGHT="36" WC="0.95" CONTENT="forskning»"/><SP WIDTH="23" VPOS="1905" HPOS="336"/>
							<String ID="string_333" HPOS="359" VPOS="1906" WIDTH="125" HEIGHT="29" WC="0.96" CONTENT="verkar"/><SP WIDTH="18" VPOS="1906" HPOS="484"/>
							<String ID="string_334" HPOS="502" VPOS="1904" WIDTH="56" HEIGHT="30" WC="0.96" CONTENT="för"/><SP WIDTH="19" VPOS="1904" HPOS="558"/>
							<String ID="string_335" HPOS="577" VPOS="1908" WIDTH="49" HEIGHT="26" WC="0.96" CONTENT="att"/><SP WIDTH="19" VPOS="1908" HPOS="626"/>
							<String ID="string_336" HPOS="645" VPOS="1903" WIDTH="234" HEIGHT="37" WC="0.96" CONTENT="upprätthålla"/><SP WIDTH="18" VPOS="1903" HPOS="879"/>
							<String ID="string_337" HPOS="897" VPOS="1904" WIDTH="148" HEIGHT="29" WC="0.96" CONTENT="kontakt"/><SP WIDTH="19" VPOS="1904" HPOS="1045"/>
							<String ID="string_338" HPOS="1064" VPOS="1904" WIDTH="127" HEIGHT="29" WC="0.96" CONTENT="mellan"/><SP WIDTH="20" VPOS="1904" HPOS="1191"/>
							<String ID="string_339" HPOS="1211" VPOS="1903" WIDTH="42" HEIGHT="30" WC="0.96" CONTENT="de"/><SP WIDTH="17" VPOS="1903" HPOS="1253"/>
							<String ID="string_340" HPOS="1270" VPOS="1903" WIDTH="167" HEIGHT="30" WC="0.96" CONTENT="nordiska"/><SP WIDTH="19" VPOS="1903" HPOS="1437"/>
							<String ID="string_341" HPOS="1456" VPOS="1902" WIDTH="185" HEIGHT="31" WC="0.96" CONTENT="ländernas"/>
						</TextLine>
						<TextLine ID="line_37" HPOS="136" VPOS="1951" WIDTH="700" HEIGHT="49">
							<String ID="string_342" HPOS="136" VPOS="1951" WIDTH="357" HEIGHT="45" WC="0.92" CONTENT="jordbruksforskare."/><SP WIDTH="335" VPOS="1951" HPOS="493"/>
							<String ID="string_343" HPOS="828" VPOS="1989" WIDTH="8" HEIGHT="11" WC="0.0" CONTENT="."/>
						</TextLine>
					</TextBlock>
					<TextBlock ID="block_7" HPOS="135" VPOS="2001" WIDTH="1505" HEIGHT="142">
						<TextLine ID="line_38" HPOS="181" VPOS="2001" WIDTH="1459" HEIGHT="40">
							<String ID="string_344" HPOS="181" VPOS="2006" WIDTH="68" HEIGHT="30" WC="0.96" CONTENT="För"/><SP WIDTH="17" VPOS="2006" HPOS="249"/>
							<String ID="string_345" HPOS="266" VPOS="2009" WIDTH="49" HEIGHT="27" WC="0.96" CONTENT="att"/><SP WIDTH="16" VPOS="2009" HPOS="315"/>
							<String ID="string_346" HPOS="331" VPOS="2006" WIDTH="107" HEIGHT="30" WC="0.96" CONTENT="bland"/><SP WIDTH="16" VPOS="2006" HPOS="438"/>
							<String ID="string_347" HPOS="454" VPOS="2009" WIDTH="107" HEIGHT="26" WC="0.96" CONTENT="annat"/><SP WIDTH="18" VPOS="2009" HPOS="561"/>
							<String ID="string_348" HPOS="579" VPOS="2004" WIDTH="117" HEIGHT="37" WC="0.96" CONTENT="sprida"/><SP WIDTH="17" VPOS="2004" HPOS="696"/>
							<String ID="string_349" HPOS="713" VPOS="2004" WIDTH="197" HEIGHT="30" WC="0.96" CONTENT="kännedom"/><SP WIDTH="18" VPOS="2004" HPOS="910"/>
							<String ID="string_350" HPOS="928" VPOS="2013" WIDTH="58" HEIGHT="21" WC="0.96" CONTENT="om"/><SP WIDTH="19" VPOS="2013" HPOS="986"/>
							<String ID="string_351" HPOS="1005" VPOS="2004" WIDTH="43" HEIGHT="30" WC="0.96" CONTENT="de"/><SP WIDTH="16" VPOS="2004" HPOS="1048"/>
							<String ID="string_352" HPOS="1064" VPOS="2004" WIDTH="152" HEIGHT="35" WC="0.96" CONTENT="resultat,"/><SP WIDTH="19" VPOS="2004" HPOS="1216"/>
							<String ID="string_353" HPOS="1235" VPOS="2012" WIDTH="75" HEIGHT="22" WC="0.96" CONTENT="som"/><SP WIDTH="19" VPOS="2012" HPOS="1310"/>
							<String ID="string_354" HPOS="1329" VPOS="2001" WIDTH="137" HEIGHT="38" WC="0.95" CONTENT="uppnås"/><SP WIDTH="19" VPOS="2001" HPOS="1466"/>
							<String ID="string_355" HPOS="1485" VPOS="2002" WIDTH="59" HEIGHT="31" WC="0.93" CONTENT="vid"/><SP WIDTH="16" VPOS="2002" HPOS="1544"/>
							<String ID="string_356" HPOS="1560" VPOS="2006" WIDTH="80" HEIGHT="27" WC="0.92" CONTENT="stat-"/>
						</TextLine>
						<TextLine ID="line_39" HPOS="136" VPOS="2053" WIDTH="1503" HEIGHT="40">
							<String ID="string_357" HPOS="136" VPOS="2057" WIDTH="45" HEIGHT="36" WC="0.96" CONTENT="lig"/><SP WIDTH="27" VPOS="2057" HPOS="181"/>
							<String ID="string_358" HPOS="208" VPOS="2057" WIDTH="67" HEIGHT="30" WC="0.93" CONTENT="och"/><SP WIDTH="27" VPOS="2057" HPOS="275"/>
							<String ID="string_359" HPOS="302" VPOS="2055" WIDTH="299" HEIGHT="32" WC="0.91" CONTENT="statsunderstödd"/><SP WIDTH="28" VPOS="2055" HPOS="601"/>
							<String ID="string_360" HPOS="629" VPOS="2054" WIDTH="222" HEIGHT="37" WC="0.91" CONTENT="forsknings-,"/><SP WIDTH="29" VPOS="2054" HPOS="851"/>
							<String ID="string_361" HPOS="880" VPOS="2054" WIDTH="152" HEIGHT="30" WC="0.92" CONTENT="försöks-"/><SP WIDTH="30" VPOS="2054" HPOS="1032"/>
							<String ID="string_362" HPOS="1062" VPOS="2054" WIDTH="65" HEIGHT="30" WC="0.93" CONTENT="och"/><SP WIDTH="28" VPOS="2054" HPOS="1127"/>
							<String ID="string_363" HPOS="1155" VPOS="2053" WIDTH="410" HEIGHT="37" WC="0.91" CONTENT="provningsverksamhet"/><SP WIDTH="25" VPOS="2053" HPOS="1565"/>
							<String ID="string_364" HPOS="1590" VPOS="2053" WIDTH="49" HEIGHT="30" WC="0.91" CONTENT="in-"/>
						</TextLine>
						<TextLine ID="line_40" HPOS="135" VPOS="2103" WIDTH="1446" HEIGHT="40">
							<String ID="string_365" HPOS="135" VPOS="2107" WIDTH="152" HEIGHT="31" WC="0.96" CONTENT="rättades"/><SP WIDTH="18" VPOS="2107" HPOS="287"/>
							<String ID="string_366" HPOS="305" VPOS="2115" WIDTH="123" HEIGHT="28" WC="0.96" CONTENT="genom"/><SP WIDTH="16" VPOS="2115" HPOS="428"/>
							<String ID="string_367" HPOS="444" VPOS="2106" WIDTH="112" HEIGHT="31" WC="0.95" CONTENT="beslut"/><SP WIDTH="18" VPOS="2106" HPOS="556"/>
							<String ID="string_368" HPOS="574" VPOS="2115" WIDTH="42" HEIGHT="21" WC="0.96" CONTENT="av"/><SP WIDTH="21" VPOS="2115" HPOS="616"/>
							<String ID="string_369" HPOS="637" VPOS="2106" WIDTH="81" HEIGHT="30" WC="0.96" CONTENT="1943"/><SP WIDTH="18" VPOS="2106" HPOS="718"/>
							<String ID="string_370" HPOS="736" VPOS="2104" WIDTH="56" HEIGHT="31" WC="0.96" CONTENT="års"/><SP WIDTH="17" VPOS="2104" HPOS="792"/>
							<String ID="string_371" HPOS="809" VPOS="2105" WIDTH="141" HEIGHT="36" WC="0.95" CONTENT="riksdag"/><SP WIDTH="18" VPOS="2105" HPOS="950"/>
							<String ID="string_372" HPOS="968" VPOS="2104" WIDTH="222" HEIGHT="37" WC="0.93" CONTENT="jordbrukets"/><SP WIDTH="19" VPOS="2104" HPOS="1190"/>
							<String ID="string_373" HPOS="1209" VPOS="2103" WIDTH="372" HEIGHT="38" WC="0.92" CONTENT="upplysningsnämnd."/>
						</TextLine>
					</TextBlock>
				</ComposedBlock>
				<ComposedBlock ID="cblock_2" HPOS="372" VPOS="2216" WIDTH="1035" HEIGHT="44">
					<TextBlock ID="block_8" HPOS="372" VPOS="2216" WIDTH="1035" HEIGHT="44">
						<TextLine ID="line_41" HPOS="372" VPOS="2216" WIDTH="1035" HEIGHT="44">
							<String ID="string_374" HPOS="372" VPOS="2218" WIDTH="205" HEIGHT="42" WC="0.95" CONTENT="Förslaget"/><SP WIDTH="26" VPOS="2218" HPOS="577"/>
							<String ID="string_375" HPOS="603" VPOS="2218" WIDTH="176" HEIGHT="33" WC="0.96" CONTENT="rörande"/><SP WIDTH="23" VPOS="2218" HPOS="779"/>
							<String ID="string_376" HPOS="802" VPOS="2217" WIDTH="262" HEIGHT="42" WC="0.85" CONTENT="jordbrukets"/><SP WIDTH="26" VPOS="2217" HPOS="1064"/>
							<String ID="string_377" HPOS="1090" VPOS="2216" WIDTH="317" HEIGHT="43" WC="0.94" CONTENT="forskningsråd."/>
						</TextLine>
					</TextBlock>
				</ComposedBlock>
				<ComposedBlock ID="cblock_3" HPOS="138" VPOS="2296" WIDTH="1505" HEIGHT="239">
					<TextBlock ID="block_9" HPOS="140" VPOS="2296" WIDTH="1500" HEIGHT="89">
						<TextLine ID="line_42" HPOS="182" VPOS="2296" WIDTH="1458" HEIGHT="39">
							<String ID="string_378" HPOS="182" VPOS="2300" WIDTH="49" HEIGHT="30" WC="0.96" CONTENT="De"/><SP WIDTH="17" VPOS="2300" HPOS="231"/>
							<String ID="string_379" HPOS="248" VPOS="2300" WIDTH="139" HEIGHT="35" WC="0.96" CONTENT="förslag,"/><SP WIDTH="19" VPOS="2300" HPOS="387"/>
							<String ID="string_380" HPOS="406" VPOS="2309" WIDTH="75" HEIGHT="20" WC="0.93" CONTENT="som"/><SP WIDTH="17" VPOS="2309" HPOS="481"/>
							<String ID="string_381" HPOS="498" VPOS="2299" WIDTH="144" HEIGHT="36" WC="0.92" CONTENT="avgivits"/><SP WIDTH="17" VPOS="2299" HPOS="642"/>
							<String ID="string_382" HPOS="659" VPOS="2308" WIDTH="42" HEIGHT="21" WC="0.95" CONTENT="av"/><SP WIDTH="16" VPOS="2308" HPOS="701"/>
							<String ID="string_383" HPOS="717" VPOS="2298" WIDTH="228" HEIGHT="36" WC="0.96" CONTENT="utredningen"/><SP WIDTH="15" VPOS="2298" HPOS="945"/>
							<String ID="string_384" HPOS="960" VPOS="2298" WIDTH="149" HEIGHT="30" WC="0.95" CONTENT="rörande"/><SP WIDTH="17" VPOS="2298" HPOS="1109"/>
							<String ID="string_385" HPOS="1126" VPOS="2301" WIDTH="46" HEIGHT="27" WC="0.96" CONTENT="ett"/><SP WIDTH="16" VPOS="2301" HPOS="1172"/>
							<String ID="string_386" HPOS="1188" VPOS="2297" WIDTH="222" HEIGHT="37" WC="0.93" CONTENT="jordbrukets"/><SP WIDTH="17" VPOS="2297" HPOS="1410"/>
							<String ID="string_387" HPOS="1427" VPOS="2296" WIDTH="213" HEIGHT="37" WC="0.92" CONTENT="forsknings-"/>
						</TextLine>
						<TextLine ID="line_43" HPOS="140" VPOS="2348" WIDTH="672" HEIGHT="37">
							<String ID="string_388" HPOS="140" VPOS="2350" WIDTH="69" HEIGHT="35" WC="0.96" CONTENT="råd,"/><SP WIDTH="20" VPOS="2350" HPOS="209"/>
							<String ID="string_389" HPOS="229" VPOS="2350" WIDTH="166" HEIGHT="30" WC="0.96" CONTENT="innebära"/><SP WIDTH="19" VPOS="2350" HPOS="395"/>
							<String ID="string_390" HPOS="414" VPOS="2349" WIDTH="9" HEIGHT="30" WC="0.93" CONTENT="i"/><SP WIDTH="19" VPOS="2349" HPOS="423"/>
							<String ID="string_391" HPOS="442" VPOS="2349" WIDTH="186" HEIGHT="30" WC="0.96" CONTENT="huvudsak"/><SP WIDTH="19" VPOS="2349" HPOS="628"/>
							<String ID="string_392" HPOS="647" VPOS="2348" WIDTH="165" HEIGHT="36" WC="0.96" CONTENT="följande."/>
						</TextLine>
					</TextBlock>
					<TextBlock ID="block_10" HPOS="138" VPOS="2396" WIDTH="1505" HEIGHT="139">
						<TextLine ID="line_44" HPOS="182" VPOS="2396" WIDTH="1459" HEIGHT="40">
							<String ID="string_393" HPOS="182" VPOS="2401" WIDTH="69" HEIGHT="30" WC="0.96" CONTENT="För"/><SP WIDTH="20" VPOS="2401" HPOS="251"/>
							<String ID="string_394" HPOS="271" VPOS="2404" WIDTH="49" HEIGHT="26" WC="0.93" CONTENT="att"/><SP WIDTH="20" VPOS="2404" HPOS="320"/>
							<String ID="string_395" HPOS="340" VPOS="2399" WIDTH="416" HEIGHT="37" WC="0.92" CONTENT="jordbruksforskningen"/><SP WIDTH="22" VPOS="2399" HPOS="756"/>
							<String ID="string_396" HPOS="778" VPOS="2399" WIDTH="88" HEIGHT="30" WC="0.96" CONTENT="skall"/><SP WIDTH="20" VPOS="2399" HPOS="866"/>
							<String ID="string_397" HPOS="886" VPOS="2398" WIDTH="47" HEIGHT="30" WC="0.95" CONTENT="bli"/><SP WIDTH="22" VPOS="2398" HPOS="933"/>
							<String ID="string_398" HPOS="955" VPOS="2397" WIDTH="145" HEIGHT="31" WC="0.96" CONTENT="effektiv"/><SP WIDTH="22" VPOS="2397" HPOS="1100"/>
							<String ID="string_399" HPOS="1122" VPOS="2399" WIDTH="39" HEIGHT="29" WC="0.96" CONTENT="är"/><SP WIDTH="20" VPOS="2399" HPOS="1161"/>
							<String ID="string_400" HPOS="1181" VPOS="2397" WIDTH="104" HEIGHT="36" WC="0.96" CONTENT="enligt"/><SP WIDTH="21" VPOS="2397" HPOS="1285"/>
							<String ID="string_401" HPOS="1306" VPOS="2396" WIDTH="245" HEIGHT="37" WC="0.93" CONTENT="utredningens"/><SP WIDTH="21" VPOS="2396" HPOS="1551"/>
							<String ID="string_402" HPOS="1572" VPOS="2406" WIDTH="69" HEIGHT="21" WC="0.91" CONTENT="me-"/>
						</TextLine>
						<TextLine ID="line_45" HPOS="138" VPOS="2447" WIDTH="1503" HEIGHT="40">
							<String ID="string_403" HPOS="138" VPOS="2451" WIDTH="81" HEIGHT="36" WC="0.95" CONTENT="ning"/><SP WIDTH="27" VPOS="2451" HPOS="219"/>
							<String ID="string_404" HPOS="246" VPOS="2460" WIDTH="42" HEIGHT="21" WC="0.96" CONTENT="en"/><SP WIDTH="27" VPOS="2460" HPOS="288"/>
							<String ID="string_405" HPOS="315" VPOS="2449" WIDTH="224" HEIGHT="36" WC="0.96" CONTENT="samordning"/><SP WIDTH="28" VPOS="2449" HPOS="539"/>
							<String ID="string_406" HPOS="567" VPOS="2459" WIDTH="42" HEIGHT="21" WC="0.93" CONTENT="av"/><SP WIDTH="28" VPOS="2459" HPOS="609"/>
							<String ID="string_407" HPOS="637" VPOS="2448" WIDTH="466" HEIGHT="36" WC="0.90" CONTENT="forskningsverksamheten"/><SP WIDTH="27" VPOS="2448" HPOS="1103"/>
							<String ID="string_408" HPOS="1130" VPOS="2447" WIDTH="208" HEIGHT="37" WC="0.93" CONTENT="nödvändig."/><SP WIDTH="29" VPOS="2447" HPOS="1338"/>
							<String ID="string_409" HPOS="1367" VPOS="2447" WIDTH="274" HEIGHT="36" WC="0.91" CONTENT="Samordningen"/>
						</TextLine>
						<TextLine ID="line_46" HPOS="138" VPOS="2497" WIDTH="1505" HEIGHT="38">
							<String ID="string_410" HPOS="138" VPOS="2502" WIDTH="110" HEIGHT="30" WC="0.96" CONTENT="skulle"/><SP WIDTH="15" VPOS="2502" HPOS="248"/>
							<String ID="string_411" HPOS="263" VPOS="2500" WIDTH="260" HEIGHT="31" WC="0.95" CONTENT="åstadkommas"/><SP WIDTH="18" VPOS="2500" HPOS="523"/>
							<String ID="string_412" HPOS="541" VPOS="2508" WIDTH="123" HEIGHT="27" WC="0.96" CONTENT="genom"/><SP WIDTH="15" VPOS="2508" HPOS="664"/>
							<String ID="string_413" HPOS="679" VPOS="2503" WIDTH="48" HEIGHT="26" WC="0.95" CONTENT="att"/><SP WIDTH="16" VPOS="2503" HPOS="727"/>
							<String ID="string_414" HPOS="743" VPOS="2503" WIDTH="109" HEIGHT="27" WC="0.95" CONTENT="staten"/><SP WIDTH="16" VPOS="2503" HPOS="852"/>
							<String ID="string_415" HPOS="868" VPOS="2498" WIDTH="172" HEIGHT="31" WC="0.96" CONTENT="inrättade"/><SP WIDTH="15" VPOS="2498" HPOS="1040"/>
							<String ID="string_416" HPOS="1055" VPOS="2502" WIDTH="46" HEIGHT="26" WC="0.93" CONTENT="ett"/><SP WIDTH="16" VPOS="2502" HPOS="1101"/>
							<String ID="string_417" HPOS="1117" VPOS="2499" WIDTH="239" HEIGHT="35" WC="0.89" CONTENT="centralorgan"/><SP WIDTH="15" VPOS="2499" HPOS="1356"/>
							<String ID="string_418" HPOS="1371" VPOS="2498" WIDTH="78" HEIGHT="30" WC="0.85" CONTENT="med"/><SP WIDTH="-2" VPOS="2498" HPOS="1449"/>
							<String ID="string_419" HPOS="1447" VPOS="2493" WIDTH="19" HEIGHT="46" WC="0.85" CONTENT="i"/><SP WIDTH="18" VPOS="2493" HPOS="1466"/>
							<String ID="string_420" HPOS="1484" VPOS="2501" WIDTH="84" HEIGHT="27" WC="0.95" CONTENT="stort"/><SP WIDTH="11" VPOS="2501" HPOS="1568"/>
							<String ID="string_421" HPOS="1579" VPOS="2500" WIDTH="64" HEIGHT="28" WC="0.96" CONTENT="sett"/>
						</TextLine>
					</TextBlock>
				</ComposedBlock>
			</PrintSpace>
		</Page>
	</Layout>
</alto>
