1894 2848
324 182 17 26 6
519 181 102 27 Andra
642 181 188 27 kammarens
849 181 115 33 tredje
983 181 151 34 tillfälliga
1156 180 123 27 utskotts
1299 180 152 26 utlåtande
1470 180 42 26 Nr
1529 180 26 26 8.

294 262 184 31 beredande
502 267 140 33 rapport
666 263 71 30 med
761 263 72 29 kort
858 262 299 37 sammanfattning
1180 272 40 20 av
1254 260 323 38 omständigheterna
1600 261 10 29 i
1635 259 144 32 ärendet.

295 317 68 29 För
388 317 299 30 trafiksäkerheten
713 316 103 30 skulle
844 315 53 31 det
925 314 118 39 betyda
1073 325 40 21 en
1141 316 140 37 avgjord
1307 314 109 31 fördel
1442 318 49 27 att
1518 324 114 28 genom
1659 313 121 39 vidgad

294 370 194 38 befogenhet
512 370 54 30 för
590 370 290 38 ordningsmakten
904 369 103 30 denna
1032 373 101 26 sattes
1156 369 10 29 i
1188 369 96 30 stånd
1306 372 47 27 att
1378 368 154 31 effektivt
1556 367 141 37 ingripa,
1721 365 60 32 där

296 424 174 37 uppenbar
490 424 75 30 fara
587 423 128 31 hotade.

337 480 245 36 Länsstyrelsen
612 480 12 29 i
649 480 162 29 Hallands
839 480 63 30 län.
939 481 61 29 Det
1028 489 76 20 vore
1133 479 139 37 önskligt
1303 482 47 27 att
1378 478 57 30 vid
1462 478 111 37 fylleri
1600 477 107 30 under
1733 477 46 30 fö-

296 533 102 31 rande
426 544 40 20 av
493 533 227 31 motorfordon
750 533 77 31 eller
857 533 56 31 vid
942 543 109 21 annan
1079 532 144 31 särdeles
1251 542 79 26 grov
1359 532 152 30 förseelse
1541 530 63 31 den
1633 530 147 38 skyldige

295 587 199 31 omedelbart
513 587 179 31 berövades
710 589 106 28 rätten
840 591 48 26 att
910 587 70 31 föra
1002 586 107 38 dylikt
1131 585 128 31 fordon.
1294 585 194 30 Emellertid
1509 588 110 34 syntes
1640 584 53 31 det
1716 584 65 30 for-

295 642 91 30 mellt
406 641 136 38 oriktigt
563 645 50 27 att
635 641 278 38 polismyndighet
933 641 91 36 finge
1047 640 161 30 återkalla
1230 643 47 27 ett
1299 649 40 21 av
1361 638 206 32 överordnad
1588 637 193 39 myndighet

296 696 87 37 givet
410 694 158 31 tillstånd.
609 696 156 30 Däremot
790 695 93 30 torde
909 695 81 30 intet
1019 704 80 20 vara
1126 697 50 27 att
1204 692 144 32 invända
1376 696 65 27 mot
1471 696 49 27 att
1547 691 234 39 polismyndig-

295 750 98 30 heten
412 749 89 37 finge
519 751 70 29 rätt
608 753 50 27 att
676 749 10 30 i
704 749 117 30 sådant
840 749 62 29 fall
920 748 155 37 fråntaga
1094 748 64 30 den
1178 746 131 32 felande
1328 747 169 30 körkortet
1517 747 152 29 ävensom
1689 754 92 21 even-

294 804 98 30 tuellt
414 803 178 31 trafikkort
618 807 64 26 mot
706 802 186 38 skyldighet
915 806 48 26 att
987 801 241 38 ofördröjligen
1251 800 130 31 anmäla
1406 799 224 31 förhållandet
1653 799 54 31 till
1730 809 50 20 ve-

295 857 203 31 derbörande
534 856 210 38 länsstyrelse
781 857 57 29 och
876 855 180 31 översända
1092 855 106 30 kortet
1243 854 145 37 (korten)
1421 857 84 26 samt
1532 852 172 31 hemställa
1730 862 50 20 om

297 911 232 31 återkallande.

336 966 248 36 Länsstyrelsen
605 966 12 29 i
639 966 195 30 Värmlands
857 966 63 30 län.
953 966 79 30 Skäl
1051 965 110 31 talade
1182 966 54 29 för
1257 969 49 26 att
1327 964 63 32 den
1411 965 198 37 ifrågasatta
1630 965 150 37 befogen-

295 1021 97 29 heten
419 1020 214 30 tillerkändes
661 1020 85 30 lokal
775 1019 278 38 polismyndighet
1087 1018 207 38 (stadsfiskal
1324 1019 78 31 eller
1433 1018 307 38 poliskommissarie
1770 1019 11 29 i

295 1074 74 30 stad
392 1075 57 29 och
472 1073 197 31 landsfiskal
692 1074 16 29 å
733 1073 142 34 landet).
932 1073 128 30 Härvid
1085 1072 193 31 förutsattes
1304 1070 191 39 emellertid,
1522 1076 47 27 att
1595 1072 92 37 dylik
1710 1072 70 29 kör-

296 1128 294 38 kortsindragning
616 1127 92 38 finge
735 1128 53 29 ske
817 1127 137 31 allenast
982 1127 10 29 i
1018 1125 125 32 sådana
1171 1125 69 39 fall,
1268 1125 41 31 då
1335 1130 47 26 ett
1408 1126 136 30 fortsatt
1571 1126 143 30 innehav
1741 1136 39 20 av

296 1182 134 30 körkort
454 1182 101 30 måste
580 1191 94 21 anses
699 1181 159 31 innebära
882 1191 39 20 en
945 1181 175 37 uppenbar
1144 1180 68 30 risk
1236 1180 53 30 för
1313 1180 308 37 trafiksäkerheten,
1647 1180 60 30 och
1732 1182 49 27 att

295 1236 108 37 dylikt
422 1236 105 30 beslut
547 1245 53 21 om
620 1235 224 30 återkallande
864 1245 40 19 av
925 1235 133 30 körkort
1080 1234 93 38 finge
1194 1234 86 38 gälla
1300 1233 138 31 allenast
1458 1233 69 30 tills
1547 1232 123 38 vidare,
1692 1232 89 31 intill

296 1290 72 30 dess
394 1289 245 31 vederbörande
665 1289 208 37 länsstyrelse
902 1287 161 31 meddelat
1092 1288 107 30 beslut
1228 1287 122 37 därom,
1391 1287 72 30 med
1501 1286 188 38 skyldighet
1728 1286 54 30 för

296 1343 275 38 polismyndighet
599 1347 48 27 att
675 1342 200 38 skyndsamt,
904 1341 191 38 förslagsvis
1120 1341 89 29 inom
1234 1345 50 26 tre
1311 1340 103 38 dagar
1439 1340 86 31 efter
1551 1341 149 36 beslutet,
1728 1340 54 31 för

296 1398 163 37 prövning
483 1397 207 30 underställa
715 1396 179 31 detsamma
920 1395 61 31 den
1008 1395 220 37 länsstyrelse,
1256 1404 68 20 som
1350 1395 94 37 eljest
1470 1394 82 31 hade
1579 1397 49 28 att
1654 1394 127 31 besluta

295 1462 52 20 om
370 1451 184 31 körkortets
579 1450 211 38 indragning,
815 1453 85 27 samt
926 1453 47 27 att
1000 1449 54 30 vid
1081 1448 104 31 sådan
1209 1447 267 38 underställning
1499 1447 114 37 bifoga
1638 1448 142 30 förhörs-

296 1506 162 37 protokoll
480 1504 169 38 angående
671 1504 52 31 det
745 1503 227 31 underställda
995 1501 146 33 ärendet.

335 1559 249 36 Länsstyrelsen
602 1558 12 30 i
635 1556 120 33 Örebro
775 1558 63 29 län.
870 1557 76 31 Med
963 1557 195 31 nuvarande
1178 1557 251 38 förfaringssätt
1448 1558 109 31 kunde
1578 1558 203 31 återkallelse

296 1624 40 20 av
354 1613 133 30 körkort
504 1613 70 30 ieke
593 1613 55 30 ske
666 1611 198 31 omedelbart
884 1611 85 30 efter
988 1611 195 30 förseelsens
1201 1611 172 37 begående.
1405 1612 16 29 TI
1441 1611 87 38 följd
1547 1612 102 30 härav
1668 1612 83 31 hade
1771 1613 10 30 i

296 1671 47 26 ett
369 1667 114 30 flertal
507 1666 64 31 fall
596 1666 169 37 inträffat,
794 1669 45 27 att
871 1665 53 30 det
949 1665 84 30 visat
1060 1664 49 38 sig
1135 1675 81 20 vara
1243 1665 129 30 förenat
1399 1665 73 31 med
1499 1665 206 36 svårigheter
1731 1669 49 27 att

295 1720 177 31 verkställa
497 1719 166 32 meddelat
687 1720 104 30 beslut
818 1720 43 37 på
886 1719 108 37 grund
1018 1729 39 20 av
1084 1723 50 26 att
1158 1719 375 30 körkortsinnehavaren
1560 1719 68 31 icke
1653 1720 128 30 kunnat

297 1775 176 31 anträffas.
509 1775 101 30 Detta
635 1773 83 31 hade
743 1772 142 31 framför
911 1773 57 30 allt
994 1772 87 31 varit
1109 1772 104 40 fallet,
1241 1773 41 30 då
1306 1772 54 31 det
1387 1773 87 31 varit
1499 1773 97 37 fråga
1621 1784 52 20 om
1698 1774 82 30 åter-

295 1829 133 30 kallelse
449 1839 39 20 av
507 1828 136 31 körkort
663 1827 53 30 för
736 1836 164 28 personer,
923 1836 66 20 som
1010 1827 11 29 i
1042 1830 68 26 stor
1129 1826 231 38 utsträckning
1380 1827 146 30 befunne
1548 1827 48 37 sig
1616 1829 43 36 på
1682 1837 97 27 resor,

295 1882 196 38 exempelvis
513 1880 284 32 handelsresande.
837 1881 46 29 Då
907 1881 76 37 lång
1006 1877 47 34 tid
1077 1880 110 30 kunde
1211 1880 150 37 förflyta,
1387 1880 102 30 innan
1513 1881 134 30 föraren
1671 1880 110 31 kunde

295 1936 168 31 anträffas
482 1936 58 30 och
557 1936 170 30 körkortet
746 1935 173 36 fråntagas
939 1934 125 35 honom,
1086 1933 146 37 förelåge
1251 1933 138 36 givetvis
1409 1934 73 30 fara
1503 1934 54 29 för
1577 1938 49 26 att
1647 1935 134 29 föraren

294 1989 108 32 under
425 1990 91 31 tiden
542 1989 139 37 beginge
706 1988 194 38 ytterligare
926 1988 152 29 förseelse
1104 1988 60 29 och
1190 1991 48 26 att
1264 1987 298 31 trafiksäkerheten
1591 1987 191 37 därigenom

295 2043 227 39 äventyrades.
557 2044 49 30 Ur
630 2042 108 31 denna
760 2041 170 38 synpunkt
954 2045 111 33 syntes
1089 2041 53 30 det
1168 2041 165 37 önskvärt,
1359 2044 49 27 att
1433 2040 277 38 polismyndighet
1735 2051 46 20 er-

295 2098 85 31 hölle
400 2098 193 36 befogenhet
616 2100 47 27 att
684 2096 154 35 fråntaga
862 2095 109 30 förare
991 2095 143 30 körkort,
1158 2094 38 30 då
1219 2095 176 30 förseelsen
1416 2105 74 20 vore
1512 2105 40 20 av
1572 2094 61 30 den
1655 2094 126 31 beskaf-

295 2152 124 36 fenhet,
443 2155 49 26 att
514 2151 169 30 körkortet
706 2148 262 39 uppenbarligen
991 2148 99 30 borde
1113 2148 184 30 återkallas.
1343 2148 195 30 Emellertid
1562 2148 100 31 borde
1686 2149 94 37 polis-

295 2205 234 39 myndigheten
551 2204 70 31 icke
643 2203 124 30 erhålla
789 2202 195 37 befogenhet
1008 2205 49 28 att
1080 2201 159 31 återkalla
1262 2202 142 31 körkort.
1438 2202 49 30 Ur
1510 2202 189 38 principiell
1723 2203 57 30 och

295 2257 390 39 enhetlighetssynpunkt
707 2256 98 31 borde
829 2256 204 30 återkallelse
1057 2256 54 30 ske
1136 2266 40 19 av
1199 2256 217 38 länsstyrelse,
1442 2265 67 21 som
1531 2256 153 31 utfärdat
1710 2257 70 29 kör-

295 2315 116 29 kortet.
450 2309 342 40 Polismyndighetens
819 2309 193 37 befogenhet
1040 2308 101 32 borde
1169 2309 192 31 inskränkas
1387 2309 52 31 till
1466 2314 48 26 att
1542 2309 139 31 omfatta
1710 2310 71 29 kör-

294 2368 126 30 kortets
438 2365 143 38 tagande
601 2365 9 29 i
633 2365 114 30 förvar
768 2364 57 30 och
847 2362 213 31 meddelande
1079 2363 53 30 till
1154 2363 110 30 förare
1287 2373 40 20 av
1348 2363 121 30 förbud
1490 2367 67 27 mot
1580 2363 139 31 förande
1741 2374 40 20 av

296 2419 225 32 motorfordon
544 2419 55 30 till
622 2418 72 30 dess
716 2417 105 31 beslut
846 2417 10 29 i
882 2416 95 38 fråga
1004 2427 51 20 om
1077 2416 186 31 körkortets
1288 2416 224 32 återkallande
1536 2416 181 31 meddelats
1741 2428 40 19 av

295 2474 218 38 länsstyrelse.
557 2471 326 38 Polismyndigheten
916 2468 98 32 borde
1045 2469 240 39 ofördröjligen
1317 2469 195 31 underrätta
1547 2471 234 38 länsstyrelsen

295 2539 51 21 om
371 2529 55 30 sitt
450 2528 104 30 beslut
578 2527 59 29 och
662 2525 116 31 därvid
802 2525 186 31 överlämna
1014 2524 178 37 körkortet,
1217 2524 146 31 varefter
1388 2524 243 39 länsstyrelsen,
1658 2535 51 20 om
1734 2524 46 31 fö-
