1904 2824
405 162 117 31 Andra
547 161 238 38 lagutskottets
810 161 176 31 utlåtande
1011 161 49 30 Nr
1086 162 58 37 30;
1170 161 140 38 bilagor.
1592 156 19 30 5

1389 343 119 38 Bilaga
1531 344 37 31 A.

540 591 65 31 Till
626 591 201 37 riksdagens
850 590 110 31 andra
983 590 197 37 lagutskott.

149 684 132 31 Genom
302 683 122 32 remiss
447 685 67 30 den
537 685 19 30 6
579 684 153 31 februari
759 684 81 30 1942
864 684 64 30 har
950 683 124 36 Kungl.
1098 682 102 37 Maj:t
1222 683 169 31 anbefallt
1413 681 199 43 medicinal-

105 727 168 38 styrelsen
291 730 50 28 att
360 730 115 27 senast
494 727 68 30 den
583 727 38 30 15
641 735 93 22 mars
758 727 81 29 1942
859 726 50 31 till
929 726 166 30 utskottet
1113 725 123 37 avgiva
1255 726 160 37 yttrande
1435 724 178 37 angående

105 769 132 31 motion
259 771 10 30 i
291 770 110 30 andra
422 770 207 30 kammaren
650 778 41 21 nr
712 769 42 30 80
776 778 58 21 om
855 768 69 31 viss
947 767 147 37 ändring
1115 777 42 21 av
1178 767 251 38 epidemilagen
1452 768 67 30 och
1541 776 71 21 mo-

105 811 72 31 tion
197 812 11 30 i
229 812 110 30 första
359 812 207 30 kammaren
587 821 41 20 nr
648 812 40 29 47
711 820 57 21 om
789 810 221 31 bestridande
1031 812 78 30 med
1131 810 199 31 statsmedel
1351 819 43 22 av
1415 810 79 30 hela
1514 809 98 31 vård-

105 854 194 31 kostnaden
324 854 55 30 för
404 862 136 29 person,
567 863 74 21 som
666 856 97 28 utom
788 853 88 30 riket
899 852 182 38 insjuknat
1105 852 10 30 i
1141 851 191 39 epidemisk
1358 851 164 38 sjukdom
1547 852 66 30 och

105 897 112 30 under
239 895 210 38 sjukdomen
470 896 185 31 inkommit
676 896 51 30 till
750 895 146 37 Sverige.

150 939 79 30 Med
254 938 186 37 anledning
465 939 109 30 härav
597 937 55 32 får
675 937 353 38 medicinalstyrelsen
1054 937 123 31 anföra
1202 937 166 37 följande.

151 981 257 31 Motionärerna
439 982 210 35 konstatera,
681 983 49 28 att
761 980 104 36 enligt
897 980 160 36 gällande
1089 980 259 30 bestämmelser
1379 979 235 31 kostnaderna

106 1023 55 31 för
180 1023 86 31 vård
284 1024 66 30 och
368 1022 186 32 underhåll
573 1032 43 21 av
636 1031 134 29 person,
792 1031 73 21 som
885 1021 182 38 insjuknat
1086 1022 10 30 i
1116 1021 110 31 sådan
1245 1021 175 37 sjukdom,
1441 1021 85 31 varå
1544 1021 68 37 epi-

106 1065 194 37 demilagen
325 1066 64 30 har
415 1065 230 38 tillämpning,
673 1066 66 30 och
766 1064 119 31 därför
912 1064 139 37 intagits
1077 1063 21 32 å
1125 1064 146 31 allmänt
1296 1073 79 21 rum
1402 1063 21 32 å
1450 1063 163 38 epidemi-

106 1106 158 38 sjukhus,
286 1107 170 31 bestridas
477 1117 45 21 av
542 1108 56 30 det
619 1107 297 37 epidemidistrikt,
939 1107 63 30 där
1024 1105 249 38 insjuknandet
1294 1106 138 31 skedde.
1455 1105 159 31 Rörande

106 1149 110 32 sådan
235 1159 135 28 person,
390 1159 76 22 som
485 1148 180 38 insjuknat
685 1152 96 28 utom
801 1149 97 36 riket,
920 1150 128 30 saknas
1068 1149 157 30 däremot
1244 1149 269 31 bestämmelser.
1536 1148 78 31 Med

107 1192 187 37 anledning
315 1202 42 21 av
380 1192 124 37 Kungl.
528 1190 118 38 Maj:ts
668 1191 111 37 utslag
800 1192 66 30 den
889 1192 19 30 5
931 1191 194 37 september
1150 1191 81 30 1941
1254 1191 149 30 rörande
1424 1190 190 31 bestridan-

107 1236 56 30 det
186 1245 43 21 av
252 1235 236 30 kostnaderna
512 1234 55 31 för
591 1233 130 32 vården
744 1234 21 31 å
788 1233 299 38 epidemisjukhus
1112 1242 42 22 av
1179 1243 42 21 en
1246 1233 129 31 utrikes
1399 1233 11 30 i
1434 1232 181 31 nervfeber

106 1276 191 37 insjuknad
321 1276 138 37 sjöman
483 1276 21 32 å
527 1277 361 37 flygplanskryssaren
912 1276 158 36 Gotland,
1095 1276 200 36 varigenom
1318 1275 158 31 marinen
1497 1274 32 38 ej
1555 1284 59 22 an-

107 1318 77 38 sågs
206 1319 137 37 skyldig
364 1320 128 30 ersätta
512 1319 244 37 kostnaderna,
779 1320 69 29 kan
872 1317 201 38 prejudikat
1094 1327 100 22 anses
1217 1318 166 36 föreligga
1404 1320 51 29 att
1476 1318 139 30 kostna-

107 1363 108 29 derna
233 1362 56 31 för
308 1361 129 32 vården
456 1372 43 20 av
518 1361 130 31 utrikes
667 1360 189 38 insjuknad
876 1370 125 28 person
1021 1361 88 30 skall
1128 1360 169 31 bestridas
1316 1370 44 21 av
1378 1361 57 30 det
1452 1359 162 38 epidemi-

105 1404 147 37 distrikt,
274 1405 96 30 inom
392 1404 107 31 vilket
519 1405 72 30 han
611 1403 135 32 vårdas.

154 1447 256 30 Motionärerna
441 1445 198 36 framhålla,
669 1448 50 28 att
749 1446 93 31 detta
871 1445 219 31 bedömande
1121 1454 43 21 av
1194 1444 320 37 insjukningsorten
1545 1445 70 29 kan

107 1488 158 31 medföra
290 1488 155 37 oskäliga
469 1488 129 30 bördor
624 1488 54 30 för
703 1488 42 30 de
770 1487 298 37 epidemidistrikt,
1095 1488 80 29 över
1200 1487 93 30 vilka
1316 1486 298 31 utomlandstrafi-

108 1531 68 31 ken
196 1532 39 30 är
254 1530 138 31 särskilt
411 1530 227 36 omfattande,
658 1531 65 29 och
743 1533 49 28 att
811 1530 56 30 det
887 1529 120 31 därför
1027 1538 81 21 vore
1127 1529 125 36 skäligt
1271 1531 49 29 att
1339 1531 111 28 staten
1470 1529 70 30 helt
1559 1529 56 30 be-

108 1573 146 31 kostade
274 1572 85 31 vård
380 1573 66 30 och
467 1571 183 32 underhåll
671 1581 42 21 av
734 1573 100 29 dessa
855 1571 112 37 sjuka.

153 1615 217 31 Motionerna
394 1619 173 33 utmynna
593 1615 9 30 i
629 1623 43 21 en
696 1614 207 31 hemställan
929 1616 50 28 att
1004 1614 186 36 riksdagen
1216 1613 106 31 måtte
1347 1614 135 30 besluta
1508 1612 108 32 sådan

109 1657 147 37 ändring
281 1667 42 21 av
347 1656 253 37 epidemilagen
623 1659 49 27 att
697 1656 193 30 kostnaden
916 1656 55 30 för
996 1654 86 32 vård
1107 1656 65 30 och
1199 1655 193 37 underhåll,
1419 1665 74 21 som
1519 1664 97 22 avses

108 1700 12 30 i
143 1701 41 29 23
208 1700 19 37 8
251 1699 260 38 epidemilagen,
535 1699 10 30 i
569 1698 98 37 fråga
691 1708 57 21 om
772 1707 134 28 person,
932 1707 75 21 som
1031 1698 181 37 insjuknat
1236 1699 80 30 eller
1340 1697 208 32 misstänkes
1571 1698 45 30 ha

109 1741 181 37 insjuknat
310 1745 96 27 utom
426 1742 100 36 riket,
548 1741 71 31 helt
639 1741 166 30 bestrides
827 1751 42 20 av
890 1741 209 30 statsmedel.

154 1784 353 37 Medicinalstyrelsen
534 1785 63 29 har
623 1783 172 31 infordrat
821 1783 71 30 dels
918 1782 177 37 uppgifter
1122 1792 57 21 om
1206 1783 57 30 det
1289 1784 94 29 antal
1409 1782 131 31 utrikes
1567 1783 49 30 in-

110 1826 173 37 sjuknade
302 1835 172 28 personer,
494 1835 75 21 som
588 1826 110 30 under
717 1826 43 31 de
777 1825 82 31 sista
879 1825 72 30 fem
971 1825 83 30 åren
1074 1824 139 31 vårdats
1234 1824 20 31 å
1274 1824 343 37 epidemisjukhusen

109 1868 97 30 inom
232 1868 91 31 vissa
347 1867 289 38 epidemidistrikt
662 1868 71 30 dels
759 1868 65 29 ock
850 1867 184 37 yttranden
1061 1866 177 37 angående
1264 1867 173 36 förslaget.

154 1910 51 31 Av
225 1911 247 30 ovannämnda
495 1909 174 37 uppgifter
691 1909 153 36 framgår
867 1908 166 37 följande.

155 2002 102 30 Antal
281 2010 172 27 personer,
477 2010 75 22 som
574 2002 109 29 under
706 2000 83 31 åren
813 2001 214 30 1937—1941
1055 1999 179 37 insjuknat
1256 2001 200 30 utomlands
1480 2001 65 29 och
1569 2000 48 29 in-

111 2044 100 36 tagits
237 2043 20 32 å
282 2042 310 38 epidemisjukhus,
619 2047 89 27 samt
733 2043 160 31 medeltal
920 2042 19 31 å
966 2041 344 38 epidemisjukhusen
1337 2042 141 37 intagna
1505 2051 112 28 perso-

111 2096 61 20 ner
197 2087 111 29 under
333 2085 81 32 åren
444 2086 225 30 1937—1939
695 2088 89 28 samt
809 2085 308 31 medelkostnaden
1143 2093 60 28 per
1230 2084 152 37 vårddag
1409 2085 110 30 under
1545 2084 72 31 sist-

111 2129 154 30 nämnda
288 2128 57 30 tid.
