2186 2653
430 147 18 29 2
858 149 107 31 Stats-
986 149 166 33 Utskottets
1181 151 171 33 Memorial
1374 154 66 31 N:o
1465 159 53 27 33.

386 234 195 30 tementets
621 229 463 51 Kommando-expedition
1114 234 110 35 måtte
1255 236 80 34 med
1368 239 131 38 12,000
1528 237 90 36 R:dr
1645 239 170 50 förhöjas.
1870 241 112 37 Detta

387 275 209 52 Utskottets
633 282 257 49 tillstyrkande
932 289 39 30 är
1012 285 38 34 af
1084 284 127 37 Första
1247 287 226 37 Kammaren
1503 289 150 41 bifallet,
1683 305 82 21 men
1795 294 37 34 af
1858 295 123 35 Andra

387 331 225 38 Kammaren
653 334 165 50 afslaget,
857 335 140 36 hvadan
1039 336 188 38 Utskottet
1263 341 54 33 för
1346 341 144 48 frågans
1519 343 194 48 afgörande
1743 345 151 36 föreslår
1917 348 65 34 föl-

381 385 107 48 jande
513 385 423 51 voteringsproposition:

518 436 109 43 »Den,
668 451 76 23 som
789 440 71 40 vill,
901 447 52 28 att
989 439 206 50 Riksdagen
1226 443 142 36 bifaller
1397 444 132 50 Kongl.
1558 446 122 50 Maj:ts
1709 449 127 48 nådiga
1870 451 111 34 fram-

385 488 174 50 ställning
587 490 135 42 derom,
752 497 53 30 att
833 492 161 48 anslaget
1017 492 55 35 till
1101 492 609 53 Landtförsvars-departementets
1733 484 34 65 IK
1768 504 212 33 ommando-

383 541 207 48 expedition
620 544 111 34 måtte
760 544 157 48 förhöjas
947 544 81 35 med
1060 549 129 37 12,000
1219 547 89 35 R:dr
1336 549 51 35 till
1419 550 155 48 aflöning
1602 552 36 34 åt
1666 553 59 34 två
1749 554 230 35 militäratta-

382 592 116 42 chéer,
527 600 115 29 röstar

1149 648 59 42 Ja;

515 695 82 36 Den
625 697 61 34 det
714 699 30 46 ej
774 698 70 40 vill,
874 705 115 28 röstar

1136 751 81 50 Nej;

514 816 136 36 Vinner
678 817 78 49 Nej,
797 819 64 34 har
890 819 149 36 berörda
1068 821 350 51 anslagsförhöjning
1447 825 76 35 icke
1553 825 118 37 blifvit
1699 829 38 34 af
1765 828 207 51 Riksdagen

380 867 179 49 beviljad.»
1855 927 4 4 |

513 924 65 31 2:0.
632 920 71 36 För
731 922 322 37 åstadkommande
1083 925 38 34 af
1148 925 111 49 årliga
1280 926 344 50 fälttjenstöfningar
1654 932 81 35 med
1764 940 150 42 trupper
1935 935 39 34 af

378 971 70 35 alla
488 984 112 36 vapen
641 972 65 35 och
740 974 55 34 för
823 975 249 49 utsträckning
1100 977 38 34 af
1162 976 540 50 infanteriunderbefälsskolans
1730 992 94 28 samt
1852 986 118 35 förbe-

377 1023 157 36 redande
561 1023 582 52 kavalleriunderbefälsskolornas
1171 1028 169 49 öfningar
1370 1031 63 35 har
1462 1032 132 50 Kongl.
1617 1033 104 51 Maj:t
1739 1037 52 34 uti
1808 1037 161 48 anslaget

376 1074 56 36 till
472 1074 142 36 Indelta
656 1076 164 37 arméens
862 1078 66 35 och
956 1078 242 37 Wermlands
1227 1080 431 52 Fältjägareregementes
1688 1089 281 49 vapenöfningar

377 1126 103 35 äskat
507 1124 204 52 förhöjning
739 1129 82 35 med
852 1131 156 40 257,443
1039 1130 87 36 R:dr
1154 1134 45 34 73
1229 1139 68 29 öre.
1354 1134 186 37 Utskottet
1568 1137 92 36 hade
1689 1140 51 34 uti
1760 1139 79 37 S:de
1861 1141 107 47 punk-

375 1182 55 29 ten
470 1189 100 23 mom.
599 1190 32 22 a.
660 1179 196 39 hemställt,
891 1187 52 28 att
972 1181 130 48 Kongl.
1127 1182 121 49 Maj:ts
1278 1185 233 37 förevarande
1540 1189 131 47 nådiga
1699 1186 268 58 framställning

376 1228 112 35 måtte
517 1229 128 35 endast
672 1231 47 47 på
747 1231 61 35 det
836 1237 71 29 sätt
935 1233 38 33 af
1000 1232 207 49 Riksdagen
1238 1234 152 42 bifallas,
1412 1244 61 34 att,
1502 1239 55 34 för
1585 1240 323 37 åstadkommande
1930 1246 38 32 af

375 1279 111 48 årliga
514 1279 347 51 fälttjenstöfningar
889 1284 82 34 med
1000 1291 149 41 trupper
1177 1287 37 33 af
1241 1286 69 35 alla
1338 1301 113 34 vapen
1481 1290 65 34 och
1576 1291 54 34 för
1657 1294 250 48 utsträckning
1930 1296 38 33 af

375 1330 553 39 infanteriunderbefälsskolans
964 1342 94 27 samt
1081 1336 258 36 förberedande
1370 1339 594 42 kavalleriunderbefälsskolornas

374 1381 173 48 öfningar,
577 1383 161 48 anslaget
760 1384 55 35 till
843 1385 136 35 indelta
1007 1386 163 36 arméens
1188 1389 65 33 och
1276 1388 237 38 Wermlands
1531 1392 432 51 Fältjägareregementes

373 1433 281 48 vapenöfningar
695 1436 111 34 måtte
848 1437 82 34 med
971 1441 157 36 200,0009
1156 1438 85 35 R:dr
1269 1441 165 47 förhöjas.
1491 1443 127 35 Första
1648 1445 223 37 Kammaren
1900 1449 64 34 har

371 1483 134 36 bifallit
543 1484 117 36 denna
701 1485 227 43 hemställan,
966 1488 185 36 hvaremot
1190 1491 121 35 Andra
1349 1492 233 43 Kammaren,
1612 1497 82 34 med
1724 1498 115 48 afslag
1867 1500 94 41 derå,

372 1534 158 43 beslutit,
561 1542 52 28 att
636 1537 61 35 det
719 1537 273 47 ifrågavarande
1017 1540 160 48 anslaget
1205 1542 115 35 skulle
1350 1543 199 37 bibehållas
1579 1548 58 33 vid
1666 1548 63 35 sitt
1758 1553 203 33 nuvarande

371 1585 141 49 belopp.
565 1586 71 36 För
675 1588 116 36 denna
814 1590 119 47 frågas
963 1591 192 47 afgörande
1184 1592 151 36 föreslår
1362 1594 189 37 Utskottet
1579 1598 155 48 följande
1764 1602 197 48 voterings-

370 1637 241 48 proposition:

503 1687 108 42 »Den,
640 1702 77 23 som
747 1690 71 42 vill,
843 1698 51 28 att
925 1692 129 48 Kongl.
1083 1693 121 49 Maj:ts
1234 1696 130 46 nådiga
1387 1698 268 50 framställning
1683 1715 55 21 om
1757 1703 202 49 förhöjning

369 1739 10 35 i
409 1739 161 49 anslaget
597 1740 56 36 till
681 1741 143 36 Indelta
852 1743 163 36 arméens
1045 1745 65 34 och
1130 1745 236 38 Wermlands
1381 1748 430 52 Fältjägareregementes
1828 1768 130 36 vapen-

368 1791 165 48 öfningar
573 1793 59 33 må
673 1793 129 36 endast
841 1796 46 46 på
915 1796 61 33 det
999 1802 72 28 sätt
1099 1797 37 34 af
1161 1797 205 50 Riksdagen
1395 1800 154 42 bifallas,
1578 1810 61 33 att,
1668 1806 55 32 för
1751 1807 206 34 åstadkom-

368 1843 130 34 mande
540 1843 39 34 af
616 1844 112 47 årliga
769 1845 345 50 fälttjenstöfningar
1138 1850 80 33 med
1248 1856 150 42 trupper
1426 1853 38 33 af
1489 1853 69 34 alla
1587 1868 111 34 vapen
1729 1857 64 34 och
1819 1858 54 34 för
1902 1865 56 28 ut-

367 1893 208 47 sträckning
602 1894 38 35 af
666 1895 551 40 infonteriunderbefälsskolans
1247 1910 94 27 samt
1369 1903 258 37 förberedande
1654 1907 303 37 kavalleriunder-

366 1942 305 39 befälsskolornas
700 1947 173 49 öfningar,
903 1948 150 35 berörda
1081 1951 123 48 anslag
1233 1954 80 33 med
1344 1957 157 38 200,000
1533 1956 86 35 R:dr
1647 1958 165 49 förhöjes,
1843 1967 114 29 röstar

1131 2017 59 42 Ja;

500 2062 78 35 Den
608 2064 60 35 det
696 2066 30 47 ej
756 2065 71 42 vill,
856 2073 114 29 röstar

1119 2119 80 50 Nej;

498 2180 136 38 Vinner
673 2182 78 50 Nej,
788 2185 64 35 har
895 2186 204 49 Riksdagen
1140 2188 157 42 beslutit,
1328 2198 50 27 att
1407 2192 60 35 det
1492 2193 269 45 ifrågavarande
1792 2197 160 41 anslaget

363 2231 89 35 skall
483 2233 198 35 bibehållas
713 2236 55 34 vid
798 2237 62 34 sitt
888 2240 204 32 nuvarande
1124 2240 155 48 belopp.»
