<?xml version="1.0" encoding="UTF-8"?>
<alto xmlns="http://www.loc.gov/standards/alto/ns-v3#" xmlns:xlink="http://www.w3.org/1999/xlink" xmlns:xsi="http://www.w3.org/2001/XMLSchema-instance" xsi:schemaLocation="http://www.loc.gov/standards/alto/ns-v3# http://www.loc.gov/alto/v3/alto-3-0.xsd">
	<Description>
		<MeasurementUnit>pixel</MeasurementUnit>
		<sourceImageInformation>
			<fileName>/tmp/tess_4z4h2nro_input.PNG</fileName>
		</sourceImageInformation>
		<OCRProcessing ID="OCR_0">
			<ocrProcessingStep>
				<processingSoftware>
					<softwareName>tesseract 5.3.0</softwareName>
				</processingSoftware>
			</ocrProcessingStep>
		</OCRProcessing>
	</Description>
	<Layout>
		<Page WIDTH="2206" HEIGHT="2652" PHYSICAL_IMG_NR="0" ID="page_0">
			<PrintSpace HPOS="0" VPOS="0" WIDTH="2206" HEIGHT="2652">
				<ComposedBlock ID="cblock_0" HPOS="380" VPOS="159" WIDTH="1401" HEIGHT="42">
					<TextBlock ID="block_0" HPOS="380" VPOS="159" WIDTH="1401" HEIGHT="42">
						<TextLine ID="line_0" HPOS="380" VPOS="159" WIDTH="1401" HEIGHT="42">
							<String ID="string_0" HPOS="380" VPOS="164" WIDTH="36" HEIGHT="31" WC="0.95" CONTENT="12"/><SP WIDTH="160" VPOS="164" HPOS="416"/>
							<String ID="string_1" HPOS="576" VPOS="165" WIDTH="110" HEIGHT="30" WC="0.96" CONTENT="Andra"/><SP WIDTH="23" VPOS="165" HPOS="686"/>
							<String ID="string_2" HPOS="709" VPOS="165" WIDTH="203" HEIGHT="29" WC="0.95" CONTENT="Kammarens"/><SP WIDTH="27" VPOS="165" HPOS="912"/>
							<String ID="string_3" HPOS="939" VPOS="164" WIDTH="177" HEIGHT="37" WC="0.93" CONTENT="Tillfälliga"/><SP WIDTH="33" VPOS="164" HPOS="1116"/>
							<String ID="string_4" HPOS="1149" VPOS="163" WIDTH="137" HEIGHT="30" WC="0.87" CONTENT="Utskotts"/><SP WIDTH="23" VPOS="163" HPOS="1286"/>
							<String ID="string_5" HPOS="1309" VPOS="162" WIDTH="71" HEIGHT="34" WC="0.96" CONTENT="(N:o"/><SP WIDTH="22" VPOS="162" HPOS="1380"/>
							<String ID="string_6" HPOS="1402" VPOS="163" WIDTH="35" HEIGHT="33" WC="0.96" CONTENT="4)"/><SP WIDTH="28" VPOS="163" HPOS="1437"/>
							<String ID="string_7" HPOS="1465" VPOS="159" WIDTH="164" HEIGHT="32" WC="0.96" CONTENT="Utlåtande"/><SP WIDTH="22" VPOS="159" HPOS="1629"/>
							<String ID="string_8" HPOS="1651" VPOS="161" WIDTH="57" HEIGHT="30" WC="0.96" CONTENT="N:o"/><SP WIDTH="22" VPOS="161" HPOS="1708"/>
							<String ID="string_9" HPOS="1730" VPOS="162" WIDTH="51" HEIGHT="29" WC="0.95" CONTENT="27."/>
						</TextLine>
					</TextBlock>
				</ComposedBlock>
				<ComposedBlock ID="cblock_1" HPOS="379" VPOS="235" WIDTH="1604" HEIGHT="961">
					<TextBlock ID="block_1" HPOS="379" VPOS="235" WIDTH="1602" HEIGHT="320">
						<TextLine ID="line_1" HPOS="380" VPOS="235" WIDTH="1601" HEIGHT="51">
							<String ID="string_10" HPOS="380" VPOS="242" WIDTH="198" HEIGHT="35" WC="0.95" CONTENT="motionen."/><SP WIDTH="58" VPOS="242" HPOS="578"/>
							<String ID="string_11" HPOS="636" VPOS="240" WIDTH="232" HEIGHT="46" WC="0.95" CONTENT="Visserligen"/><SP WIDTH="28" VPOS="240" HPOS="868"/>
							<String ID="string_12" HPOS="896" VPOS="240" WIDTH="67" HEIGHT="34" WC="0.96" CONTENT="har"/><SP WIDTH="29" VPOS="240" HPOS="963"/>
							<String ID="string_13" HPOS="992" VPOS="240" WIDTH="129" HEIGHT="34" WC="0.96" CONTENT="Första"/><SP WIDTH="28" VPOS="240" HPOS="1121"/>
							<String ID="string_14" HPOS="1149" VPOS="239" WIDTH="227" HEIGHT="34" WC="0.95" CONTENT="Kammaren"/><SP WIDTH="27" VPOS="239" HPOS="1376"/>
							<String ID="string_15" HPOS="1403" VPOS="237" WIDTH="116" HEIGHT="34" WC="0.96" CONTENT="redan"/><SP WIDTH="28" VPOS="237" HPOS="1519"/>
							<String ID="string_16" HPOS="1547" VPOS="235" WIDTH="14" HEIGHT="35" WC="0.91" CONTENT="1"/><SP WIDTH="29" VPOS="235" HPOS="1561"/>
							<String ID="string_17" HPOS="1590" VPOS="235" WIDTH="165" HEIGHT="47" WC="0.96" CONTENT="enlighet"/><SP WIDTH="20" VPOS="235" HPOS="1755"/>
							<String ID="string_18" HPOS="1775" VPOS="238" WIDTH="84" HEIGHT="35" WC="0.93" CONTENT="med"/><SP WIDTH="19" VPOS="238" HPOS="1859"/>
							<String ID="string_19" HPOS="1878" VPOS="238" WIDTH="103" HEIGHT="34" WC="0.91" CONTENT="hem-"/>
						</TextLine>
						<TextLine ID="line_2" HPOS="380" VPOS="289" WIDTH="1598" HEIGHT="50">
							<String ID="string_20" HPOS="380" VPOS="296" WIDTH="133" HEIGHT="35" WC="0.92" CONTENT="ställan"/><SP WIDTH="43" VPOS="296" HPOS="513"/>
							<String ID="string_21" HPOS="556" VPOS="294" WIDTH="40" HEIGHT="35" WC="0.96" CONTENT="af"/><SP WIDTH="36" VPOS="294" HPOS="596"/>
							<String ID="string_22" HPOS="632" VPOS="294" WIDTH="65" HEIGHT="35" WC="0.96" CONTENT="sitt"/><SP WIDTH="40" VPOS="294" HPOS="697"/>
							<String ID="string_23" HPOS="737" VPOS="292" WIDTH="186" HEIGHT="47" WC="0.95" CONTENT="tillfälliga"/><SP WIDTH="42" VPOS="292" HPOS="923"/>
							<String ID="string_24" HPOS="965" VPOS="292" WIDTH="146" HEIGHT="35" WC="0.91" CONTENT="utskott"/><SP WIDTH="40" VPOS="292" HPOS="1111"/>
							<String ID="string_25" HPOS="1151" VPOS="303" WIDTH="61" HEIGHT="23" WC="0.94" CONTENT="n:o"/><SP WIDTH="47" VPOS="303" HPOS="1212"/>
							<String ID="string_26" HPOS="1259" VPOS="293" WIDTH="17" HEIGHT="32" WC="0.90" CONTENT="1"/><SP WIDTH="48" VPOS="293" HPOS="1276"/>
							<String ID="string_27" HPOS="1324" VPOS="290" WIDTH="147" HEIGHT="46" WC="0.90" CONTENT="afslagit"/><SP WIDTH="35" VPOS="290" HPOS="1471"/>
							<String ID="string_28" HPOS="1506" VPOS="289" WIDTH="73" HEIGHT="35" WC="0.96" CONTENT="den"/><SP WIDTH="38" VPOS="289" HPOS="1579"/>
							<String ID="string_29" HPOS="1617" VPOS="301" WIDTH="128" HEIGHT="23" WC="0.96" CONTENT="senare"/><SP WIDTH="34" VPOS="301" HPOS="1745"/>
							<String ID="string_30" HPOS="1779" VPOS="291" WIDTH="199" HEIGHT="44" WC="0.96" CONTENT="motionen,"/>
						</TextLine>
						<TextLine ID="line_3" HPOS="379" VPOS="342" WIDTH="1602" HEIGHT="51">
							<String ID="string_31" HPOS="379" VPOS="349" WIDTH="150" HEIGHT="35" WC="0.92" CONTENT="hvadan"/><SP WIDTH="19" VPOS="349" HPOS="529"/>
							<String ID="string_32" HPOS="548" VPOS="348" WIDTH="239" HEIGHT="45" WC="0.95" CONTENT="Riksdagens"/><SP WIDTH="19" VPOS="348" HPOS="787"/>
							<String ID="string_33" HPOS="806" VPOS="346" WIDTH="104" HEIGHT="35" WC="0.96" CONTENT="bifall"/><SP WIDTH="19" VPOS="346" HPOS="910"/>
							<String ID="string_34" HPOS="929" VPOS="345" WIDTH="59" HEIGHT="36" WC="0.96" CONTENT="till"/><SP WIDTH="27" VPOS="345" HPOS="988"/>
							<String ID="string_35" HPOS="1015" VPOS="346" WIDTH="72" HEIGHT="34" WC="0.96" CONTENT="den"/><SP WIDTH="30" VPOS="346" HPOS="1087"/>
							<String ID="string_36" HPOS="1117" VPOS="345" WIDTH="66" HEIGHT="34" WC="0.96" CONTENT="här"/><SP WIDTH="26" VPOS="345" HPOS="1183"/>
							<String ID="string_37" HPOS="1209" VPOS="344" WIDTH="282" HEIGHT="46" WC="0.96" CONTENT="ifrågavarande"/><SP WIDTH="27" VPOS="344" HPOS="1491"/>
							<String ID="string_38" HPOS="1518" VPOS="342" WIDTH="189" HEIGHT="36" WC="0.96" CONTENT="motionen"/><SP WIDTH="19" VPOS="342" HPOS="1707"/>
							<String ID="string_39" HPOS="1726" VPOS="342" WIDTH="13" HEIGHT="35" WC="0.96" CONTENT="i"/><SP WIDTH="20" VPOS="342" HPOS="1739"/>
							<String ID="string_40" HPOS="1759" VPOS="343" WIDTH="222" HEIGHT="37" WC="0.96" CONTENT="oförändrad"/>
						</TextLine>
						<TextLine ID="line_4" HPOS="379" VPOS="396" WIDTH="1601" HEIGHT="52">
							<String ID="string_41" HPOS="379" VPOS="402" WIDTH="91" HEIGHT="36" WC="0.96" CONTENT="form"/><SP WIDTH="30" VPOS="402" HPOS="470"/>
							<String ID="string_42" HPOS="500" VPOS="402" WIDTH="84" HEIGHT="35" WC="0.92" CONTENT="icke"/><SP WIDTH="29" VPOS="402" HPOS="584"/>
							<String ID="string_43" HPOS="613" VPOS="412" WIDTH="110" HEIGHT="36" WC="0.96" CONTENT="synes"/><SP WIDTH="30" VPOS="412" HPOS="723"/>
							<String ID="string_44" HPOS="753" VPOS="412" WIDTH="87" HEIGHT="23" WC="0.96" CONTENT="vara"/><SP WIDTH="29" VPOS="412" HPOS="840"/>
							<String ID="string_45" HPOS="869" VPOS="402" WIDTH="53" HEIGHT="32" WC="0.97" CONTENT="att"/><SP WIDTH="29" VPOS="402" HPOS="922"/>
							<String ID="string_46" HPOS="951" VPOS="411" WIDTH="50" HEIGHT="23" WC="0.96" CONTENT="nu"/><SP WIDTH="30" VPOS="411" HPOS="1001"/>
							<String ID="string_47" HPOS="1031" VPOS="399" WIDTH="180" HEIGHT="35" WC="0.96" CONTENT="förvänta."/><SP WIDTH="59" VPOS="399" HPOS="1211"/>
							<String ID="string_48" HPOS="1270" VPOS="397" WIDTH="88" HEIGHT="35" WC="0.96" CONTENT="Med"/><SP WIDTH="27" VPOS="397" HPOS="1358"/>
							<String ID="string_49" HPOS="1385" VPOS="397" WIDTH="148" HEIGHT="47" WC="0.96" CONTENT="hänsyn"/><SP WIDTH="28" VPOS="397" HPOS="1533"/>
							<String ID="string_50" HPOS="1561" VPOS="396" WIDTH="57" HEIGHT="35" WC="0.96" CONTENT="till"/><SP WIDTH="29" VPOS="396" HPOS="1618"/>
							<String ID="string_51" HPOS="1647" VPOS="396" WIDTH="110" HEIGHT="35" WC="0.93" CONTENT="ofvan"/><SP WIDTH="30" VPOS="396" HPOS="1757"/>
							<String ID="string_52" HPOS="1787" VPOS="398" WIDTH="193" HEIGHT="35" WC="0.91" CONTENT="anmärkta"/>
						</TextLine>
						<TextLine ID="line_5" HPOS="381" VPOS="448" WIDTH="1600" HEIGHT="55">
							<String ID="string_53" HPOS="381" VPOS="455" WIDTH="234" HEIGHT="48" WC="0.96" CONTENT="synpunkter"/><SP WIDTH="30" VPOS="455" HPOS="615"/>
							<String ID="string_54" HPOS="645" VPOS="465" WIDTH="107" HEIGHT="24" WC="0.96" CONTENT="anser"/><SP WIDTH="27" VPOS="465" HPOS="752"/>
							<String ID="string_55" HPOS="779" VPOS="453" WIDTH="183" HEIGHT="35" WC="0.96" CONTENT="utskottet"/><SP WIDTH="29" VPOS="453" HPOS="962"/>
							<String ID="string_56" HPOS="991" VPOS="451" WIDTH="216" HEIGHT="43" WC="0.96" CONTENT="emellertid,"/><SP WIDTH="33" VPOS="451" HPOS="1207"/>
							<String ID="string_57" HPOS="1240" VPOS="454" WIDTH="54" HEIGHT="32" WC="0.96" CONTENT="att"/><SP WIDTH="29" VPOS="454" HPOS="1294"/>
							<String ID="string_58" HPOS="1323" VPOS="450" WIDTH="222" HEIGHT="36" WC="0.96" CONTENT="åtminstone"/><SP WIDTH="31" VPOS="450" HPOS="1545"/>
							<String ID="string_59" HPOS="1576" VPOS="452" WIDTH="52" HEIGHT="33" WC="0.96" CONTENT="ett"/><SP WIDTH="29" VPOS="452" HPOS="1628"/>
							<String ID="string_60" HPOS="1657" VPOS="456" WIDTH="81" HEIGHT="39" WC="0.96" CONTENT="steg"/><SP WIDTH="19" VPOS="456" HPOS="1738"/>
							<String ID="string_61" HPOS="1757" VPOS="448" WIDTH="67" HEIGHT="36" WC="0.96" CONTENT="bör"/><SP WIDTH="18" VPOS="448" HPOS="1824"/>
							<String ID="string_62" HPOS="1842" VPOS="452" WIDTH="139" HEIGHT="44" WC="0.95" CONTENT="tagas"/><SP WIDTH="-22" VPOS="452" HPOS="1981"/>
							<String ID="string_63" HPOS="1959" VPOS="444" WIDTH="25" HEIGHT="63" WC="0.95" CONTENT="i"/>
						</TextLine>
						<TextLine ID="line_6" HPOS="381" VPOS="507" WIDTH="347" HEIGHT="48">
							<String ID="string_64" HPOS="381" VPOS="509" WIDTH="206" HEIGHT="36" WC="0.95" CONTENT="motionens"/><SP WIDTH="36" VPOS="509" HPOS="587"/>
							<String ID="string_65" HPOS="623" VPOS="507" WIDTH="105" HEIGHT="48" WC="0.95" CONTENT="syfte."/>
						</TextLine>
					</TextBlock>
					<TextBlock ID="block_2" HPOS="380" VPOS="555" WIDTH="1603" HEIGHT="589">
						<TextLine ID="line_7" HPOS="484" VPOS="555" WIDTH="1497" HEIGHT="52">
							<String ID="string_66" HPOS="484" VPOS="562" WIDTH="115" HEIGHT="35" WC="0.96" CONTENT="Detta"/><SP WIDTH="41" VPOS="562" HPOS="599"/>
							<String ID="string_67" HPOS="640" VPOS="564" WIDTH="81" HEIGHT="43" WC="0.96" CONTENT="steg"/><SP WIDTH="42" VPOS="564" HPOS="721"/>
							<String ID="string_68" HPOS="763" VPOS="560" WIDTH="104" HEIGHT="35" WC="0.96" CONTENT="torde"/><SP WIDTH="36" VPOS="560" HPOS="867"/>
							<String ID="string_69" HPOS="903" VPOS="560" WIDTH="45" HEIGHT="34" WC="0.96" CONTENT="då"/><SP WIDTH="36" VPOS="560" HPOS="948"/>
							<String ID="string_70" HPOS="984" VPOS="562" WIDTH="164" HEIGHT="31" WC="0.96" CONTENT="närmast"/><SP WIDTH="28" VPOS="562" HPOS="1148"/>
							<String ID="string_71" HPOS="1176" VPOS="557" WIDTH="156" HEIGHT="48" WC="0.96" CONTENT="erbjuda"/><SP WIDTH="29" VPOS="557" HPOS="1332"/>
							<String ID="string_72" HPOS="1361" VPOS="557" WIDTH="55" HEIGHT="46" WC="0.96" CONTENT="sig"/><SP WIDTH="29" VPOS="557" HPOS="1416"/>
							<String ID="string_73" HPOS="1445" VPOS="559" WIDTH="47" HEIGHT="44" WC="0.96" CONTENT="på"/><SP WIDTH="30" VPOS="559" HPOS="1492"/>
							<String ID="string_74" HPOS="1522" VPOS="558" WIDTH="73" HEIGHT="34" WC="0.96" CONTENT="den"/><SP WIDTH="28" VPOS="558" HPOS="1595"/>
							<String ID="string_75" HPOS="1623" VPOS="555" WIDTH="207" HEIGHT="36" WC="0.92" CONTENT="statistiska"/><SP WIDTH="30" VPOS="555" HPOS="1830"/>
							<String ID="string_76" HPOS="1860" VPOS="557" WIDTH="121" HEIGHT="34" WC="0.91" CONTENT="utred-"/>
						</TextLine>
						<TextLine ID="line_8" HPOS="383" VPOS="608" WIDTH="1598" HEIGHT="54">
							<String ID="string_77" HPOS="383" VPOS="615" WIDTH="159" HEIGHT="47" WC="0.95" CONTENT="ningens"/><SP WIDTH="39" VPOS="615" HPOS="542"/>
							<String ID="string_78" HPOS="581" VPOS="615" WIDTH="159" HEIGHT="35" WC="0.95" CONTENT="område."/><SP WIDTH="63" VPOS="615" HPOS="740"/>
							<String ID="string_79" HPOS="803" VPOS="613" WIDTH="104" HEIGHT="35" WC="0.94" CONTENT="Efter"/><SP WIDTH="41" VPOS="613" HPOS="907"/>
							<String ID="string_80" HPOS="948" VPOS="612" WIDTH="214" HEIGHT="35" WC="0.96" CONTENT="inhämtade"/><SP WIDTH="40" VPOS="612" HPOS="1162"/>
							<String ID="string_81" HPOS="1202" VPOS="610" WIDTH="272" HEIGHT="35" WC="0.95" CONTENT="meddelanden"/><SP WIDTH="34" VPOS="610" HPOS="1474"/>
							<String ID="string_82" HPOS="1508" VPOS="623" WIDTH="59" HEIGHT="22" WC="0.96" CONTENT="om"/><SP WIDTH="31" VPOS="623" HPOS="1567"/>
							<String ID="string_83" HPOS="1598" VPOS="611" WIDTH="62" HEIGHT="34" WC="0.95" CONTENT="det"/><SP WIDTH="32" VPOS="611" HPOS="1660"/>
							<String ID="string_84" HPOS="1692" VPOS="608" WIDTH="180" HEIGHT="43" WC="0.95" CONTENT="material,"/><SP WIDTH="31" VPOS="608" HPOS="1872"/>
							<String ID="string_85" HPOS="1903" VPOS="620" WIDTH="78" HEIGHT="23" WC="0.96" CONTENT="som"/>
						</TextLine>
						<TextLine ID="line_9" HPOS="380" VPOS="658" WIDTH="1601" HEIGHT="69">
							<String ID="string_86" HPOS="380" VPOS="669" WIDTH="207" HEIGHT="36" WC="0.91" CONTENT="innehålles"/><SP WIDTH="28" VPOS="669" HPOS="587"/>
							<String ID="string_87" HPOS="615" VPOS="668" WIDTH="13" HEIGHT="35" WC="0.96" CONTENT="i"/><SP WIDTH="30" VPOS="668" HPOS="628"/>
							<String ID="string_88" HPOS="658" VPOS="668" WIDTH="71" HEIGHT="35" WC="0.96" CONTENT="den"/><SP WIDTH="29" VPOS="668" HPOS="729"/>
							<String ID="string_89" HPOS="758" VPOS="679" WIDTH="51" HEIGHT="23" WC="0.96" CONTENT="nu"/><SP WIDTH="27" VPOS="679" HPOS="809"/>
							<String ID="string_90" HPOS="836" VPOS="665" WIDTH="196" HEIGHT="47" WC="0.95" CONTENT="befintliga"/><SP WIDTH="28" VPOS="665" HPOS="1032"/>
							<String ID="string_91" HPOS="1060" VPOS="664" WIDTH="239" HEIGHT="37" WC="0.96" CONTENT="kommunala"/><SP WIDTH="21" VPOS="664" HPOS="1299"/>
							<String ID="string_92" HPOS="1320" VPOS="658" WIDTH="494" HEIGHT="69" WC="0.81" CONTENT="beskattningsstatistiken,"/><SP WIDTH="27" VPOS="658" HPOS="1814"/>
							<String ID="string_93" HPOS="1841" VPOS="662" WIDTH="67" HEIGHT="34" WC="0.93" CONTENT="har"/><SP WIDTH="19" VPOS="662" HPOS="1908"/>
							<String ID="string_94" HPOS="1927" VPOS="665" WIDTH="54" HEIGHT="31" WC="0.92" CONTENT="ut-"/>
						</TextLine>
						<TextLine ID="line_10" HPOS="381" VPOS="715" WIDTH="1602" HEIGHT="54">
							<String ID="string_95" HPOS="381" VPOS="723" WIDTH="140" HEIGHT="35" WC="0.96" CONTENT="skottet"/><SP WIDTH="40" VPOS="723" HPOS="521"/>
							<String ID="string_96" HPOS="561" VPOS="721" WIDTH="107" HEIGHT="48" WC="0.96" CONTENT="tyckt"/><SP WIDTH="42" VPOS="721" HPOS="668"/>
							<String ID="string_97" HPOS="710" VPOS="721" WIDTH="56" HEIGHT="46" WC="0.96" CONTENT="sig"/><SP WIDTH="42" VPOS="721" HPOS="766"/>
							<String ID="string_98" HPOS="808" VPOS="721" WIDTH="112" HEIGHT="42" WC="0.96" CONTENT="finna,"/><SP WIDTH="36" VPOS="721" HPOS="920"/>
							<String ID="string_99" HPOS="956" VPOS="723" WIDTH="54" HEIGHT="32" WC="0.96" CONTENT="att"/><SP WIDTH="41" VPOS="723" HPOS="1010"/>
							<String ID="string_100" HPOS="1051" VPOS="719" WIDTH="121" HEIGHT="35" WC="0.96" CONTENT="denna"/><SP WIDTH="32" VPOS="719" HPOS="1172"/>
							<String ID="string_101" HPOS="1204" VPOS="717" WIDTH="85" HEIGHT="35" WC="0.96" CONTENT="icke"/><SP WIDTH="28" VPOS="717" HPOS="1289"/>
							<String ID="string_102" HPOS="1317" VPOS="717" WIDTH="14" HEIGHT="35" WC="0.96" CONTENT="i"/><SP WIDTH="34" VPOS="717" HPOS="1331"/>
							<String ID="string_103" HPOS="1365" VPOS="717" WIDTH="63" HEIGHT="35" WC="0.96" CONTENT="sitt"/><SP WIDTH="27" VPOS="717" HPOS="1428"/>
							<String ID="string_104" HPOS="1455" VPOS="718" WIDTH="217" HEIGHT="34" WC="0.95" CONTENT="nuvarande"/><SP WIDTH="30" VPOS="718" HPOS="1672"/>
							<String ID="string_105" HPOS="1702" VPOS="715" WIDTH="109" HEIGHT="36" WC="0.96" CONTENT="skick"/><SP WIDTH="28" VPOS="715" HPOS="1811"/>
							<String ID="string_106" HPOS="1839" VPOS="716" WIDTH="144" HEIGHT="34" WC="0.96" CONTENT="lämnar"/>
						</TextLine>
						<TextLine ID="line_11" HPOS="381" VPOS="767" WIDTH="1600" HEIGHT="55">
							<String ID="string_107" HPOS="381" VPOS="775" WIDTH="218" HEIGHT="47" WC="0.96" CONTENT="erforderlig"/><SP WIDTH="28" VPOS="775" HPOS="599"/>
							<String ID="string_108" HPOS="627" VPOS="774" WIDTH="154" HEIGHT="46" WC="0.96" CONTENT="ledning"/><SP WIDTH="30" VPOS="774" HPOS="781"/>
							<String ID="string_109" HPOS="811" VPOS="777" WIDTH="53" HEIGHT="32" WC="0.96" CONTENT="att"/><SP WIDTH="27" VPOS="777" HPOS="864"/>
							<String ID="string_110" HPOS="891" VPOS="773" WIDTH="102" HEIGHT="46" WC="0.96" CONTENT="tjäna"/><SP WIDTH="28" VPOS="773" HPOS="993"/>
							<String ID="string_111" HPOS="1021" VPOS="772" WIDTH="58" HEIGHT="35" WC="0.96" CONTENT="till"/><SP WIDTH="28" VPOS="772" HPOS="1079"/>
							<String ID="string_112" HPOS="1107" VPOS="772" WIDTH="181" HEIGHT="45" WC="0.96" CONTENT="underlag"/><SP WIDTH="28" VPOS="772" HPOS="1288"/>
							<String ID="string_113" HPOS="1316" VPOS="771" WIDTH="56" HEIGHT="35" WC="0.96" CONTENT="för"/><SP WIDTH="27" VPOS="771" HPOS="1372"/>
							<String ID="string_114" HPOS="1399" VPOS="771" WIDTH="231" HEIGHT="35" WC="0.95" CONTENT="bedömande"/><SP WIDTH="29" VPOS="771" HPOS="1630"/>
							<String ID="string_115" HPOS="1659" VPOS="770" WIDTH="39" HEIGHT="36" WC="0.95" CONTENT="af"/><SP WIDTH="25" VPOS="770" HPOS="1698"/>
							<String ID="string_116" HPOS="1723" VPOS="769" WIDTH="73" HEIGHT="35" WC="0.96" CONTENT="alla"/><SP WIDTH="20" VPOS="769" HPOS="1796"/>
							<String ID="string_117" HPOS="1816" VPOS="769" WIDTH="45" HEIGHT="34" WC="0.96" CONTENT="de"/><SP WIDTH="21" VPOS="769" HPOS="1861"/>
							<String ID="string_118" HPOS="1882" VPOS="767" WIDTH="99" HEIGHT="37" WC="0.96" CONTENT="olika"/>
						</TextLine>
						<TextLine ID="line_12" HPOS="380" VPOS="821" WIDTH="1601" HEIGHT="52">
							<String ID="string_119" HPOS="380" VPOS="830" WIDTH="174" HEIGHT="43" WC="0.96" CONTENT="faktorer,"/><SP WIDTH="31" VPOS="830" HPOS="554"/>
							<String ID="string_120" HPOS="585" VPOS="841" WIDTH="77" HEIGHT="23" WC="0.96" CONTENT="som"/><SP WIDTH="30" VPOS="841" HPOS="662"/>
							<String ID="string_121" HPOS="692" VPOS="827" WIDTH="120" HEIGHT="36" WC="0.96" CONTENT="skulle"/><SP WIDTH="32" VPOS="827" HPOS="812"/>
							<String ID="string_122" HPOS="844" VPOS="827" WIDTH="155" HEIGHT="35" WC="0.96" CONTENT="inverka"/><SP WIDTH="31" VPOS="827" HPOS="999"/>
							<String ID="string_123" HPOS="1030" VPOS="828" WIDTH="46" HEIGHT="44" WC="0.96" CONTENT="på"/><SP WIDTH="29" VPOS="828" HPOS="1076"/>
							<String ID="string_124" HPOS="1105" VPOS="825" WIDTH="125" HEIGHT="36" WC="0.96" CONTENT="vidare"/><SP WIDTH="31" VPOS="825" HPOS="1230"/>
							<String ID="string_125" HPOS="1261" VPOS="825" WIDTH="171" HEIGHT="46" WC="0.96" CONTENT="åtgärder"/><SP WIDTH="28" VPOS="825" HPOS="1432"/>
							<String ID="string_126" HPOS="1460" VPOS="824" WIDTH="82" HEIGHT="34" WC="0.96" CONTENT="från"/><SP WIDTH="31" VPOS="824" HPOS="1542"/>
							<String ID="string_127" HPOS="1573" VPOS="824" WIDTH="62" HEIGHT="35" WC="0.96" CONTENT="det"/><SP WIDTH="29" VPOS="824" HPOS="1635"/>
							<String ID="string_128" HPOS="1664" VPOS="824" WIDTH="206" HEIGHT="35" WC="0.96" CONTENT="allmännas"/><SP WIDTH="30" VPOS="824" HPOS="1870"/>
							<String ID="string_129" HPOS="1900" VPOS="821" WIDTH="81" HEIGHT="35" WC="0.96" CONTENT="sida"/>
						</TextLine>
						<TextLine ID="line_13" HPOS="381" VPOS="876" WIDTH="1598" HEIGHT="71">
							<String ID="string_130" HPOS="381" VPOS="883" WIDTH="56" HEIGHT="36" WC="0.96" CONTENT="till"/><SP WIDTH="39" VPOS="883" HPOS="437"/>
							<String ID="string_131" HPOS="476" VPOS="882" WIDTH="242" HEIGHT="65" WC="0.93" CONTENT="utjämnande"/><SP WIDTH="43" VPOS="882" HPOS="718"/>
							<String ID="string_132" HPOS="761" VPOS="881" WIDTH="39" HEIGHT="35" WC="0.96" CONTENT="af"/><SP WIDTH="31" VPOS="881" HPOS="800"/>
							<String ID="string_133" HPOS="831" VPOS="880" WIDTH="222" HEIGHT="35" WC="0.95" CONTENT="åtminstone"/><SP WIDTH="37" VPOS="880" HPOS="1053"/>
							<String ID="string_134" HPOS="1090" VPOS="891" WIDTH="45" HEIGHT="23" WC="0.96" CONTENT="en"/><SP WIDTH="30" VPOS="891" HPOS="1135"/>
							<String ID="string_135" HPOS="1165" VPOS="878" WIDTH="60" HEIGHT="35" WC="0.96" CONTENT="del"/><SP WIDTH="29" VPOS="878" HPOS="1225"/>
							<String ID="string_136" HPOS="1254" VPOS="877" WIDTH="41" HEIGHT="36" WC="0.96" CONTENT="af"/><SP WIDTH="25" VPOS="877" HPOS="1295"/>
							<String ID="string_137" HPOS="1320" VPOS="878" WIDTH="44" HEIGHT="34" WC="0.96" CONTENT="de"/><SP WIDTH="30" VPOS="878" HPOS="1364"/>
							<String ID="string_138" HPOS="1394" VPOS="877" WIDTH="238" HEIGHT="36" WC="0.93" CONTENT="kommunala"/><SP WIDTH="29" VPOS="877" HPOS="1632"/>
							<String ID="string_139" HPOS="1661" VPOS="876" WIDTH="318" HEIGHT="36" WC="0.91" CONTENT="skattebördorna."/>
						</TextLine>
						<TextLine ID="line_14" HPOS="380" VPOS="928" WIDTH="1602" HEIGHT="54">
							<String ID="string_140" HPOS="380" VPOS="937" WIDTH="122" HEIGHT="35" WC="0.94" CONTENT="Innan"/><SP WIDTH="37" VPOS="937" HPOS="502"/>
							<String ID="string_141" HPOS="539" VPOS="938" WIDTH="117" HEIGHT="44" WC="0.96" CONTENT="några"/><SP WIDTH="35" VPOS="938" HPOS="656"/>
							<String ID="string_142" HPOS="691" VPOS="935" WIDTH="138" HEIGHT="35" WC="0.95" CONTENT="sådana"/><SP WIDTH="30" VPOS="935" HPOS="829"/>
							<String ID="string_143" HPOS="859" VPOS="934" WIDTH="172" HEIGHT="46" WC="0.96" CONTENT="åtgärder"/><SP WIDTH="29" VPOS="934" HPOS="1031"/>
							<String ID="string_144" HPOS="1060" VPOS="933" WIDTH="126" HEIGHT="35" WC="0.96" CONTENT="kunna"/><SP WIDTH="30" VPOS="933" HPOS="1186"/>
							<String ID="string_145" HPOS="1216" VPOS="931" WIDTH="182" HEIGHT="47" WC="0.96" CONTENT="vidtagas,"/><SP WIDTH="30" VPOS="931" HPOS="1398"/>
							<String ID="string_146" HPOS="1428" VPOS="942" WIDTH="113" HEIGHT="36" WC="0.96" CONTENT="synes"/><SP WIDTH="29" VPOS="942" HPOS="1541"/>
							<String ID="string_147" HPOS="1570" VPOS="931" WIDTH="120" HEIGHT="34" WC="0.96" CONTENT="denna"/><SP WIDTH="28" VPOS="931" HPOS="1690"/>
							<String ID="string_148" HPOS="1718" VPOS="930" WIDTH="93" HEIGHT="35" WC="0.96" CONTENT="brist"/><SP WIDTH="28" VPOS="930" HPOS="1811"/>
							<String ID="string_149" HPOS="1839" VPOS="928" WIDTH="13" HEIGHT="36" WC="0.93" CONTENT="i"/><SP WIDTH="29" VPOS="928" HPOS="1852"/>
							<String ID="string_150" HPOS="1881" VPOS="928" WIDTH="101" HEIGHT="36" WC="0.92" CONTENT="stati-"/>
						</TextLine>
						<TextLine ID="line_15" HPOS="382" VPOS="983" WIDTH="1599" HEIGHT="52">
							<String ID="string_151" HPOS="382" VPOS="990" WIDTH="123" HEIGHT="35" WC="0.92" CONTENT="stiken"/><SP WIDTH="28" VPOS="990" HPOS="505"/>
							<String ID="string_152" HPOS="533" VPOS="990" WIDTH="93" HEIGHT="35" WC="0.96" CONTENT="först"/><SP WIDTH="27" VPOS="990" HPOS="626"/>
							<String ID="string_153" HPOS="653" VPOS="989" WIDTH="89" HEIGHT="35" WC="0.96" CONTENT="böra"/><SP WIDTH="29" VPOS="989" HPOS="742"/>
							<String ID="string_154" HPOS="771" VPOS="990" WIDTH="40" HEIGHT="33" WC="0.96" CONTENT="så"/><SP WIDTH="29" VPOS="990" HPOS="811"/>
							<String ID="string_155" HPOS="840" VPOS="987" WIDTH="79" HEIGHT="36" WC="0.96" CONTENT="vidt"/><SP WIDTH="29" VPOS="987" HPOS="919"/>
							<String ID="string_156" HPOS="948" VPOS="986" WIDTH="146" HEIGHT="49" WC="0.96" CONTENT="möjligt"/><SP WIDTH="26" VPOS="986" HPOS="1094"/>
							<String ID="string_157" HPOS="1120" VPOS="986" WIDTH="116" HEIGHT="35" WC="0.93" CONTENT="botas."/><SP WIDTH="67" VPOS="986" HPOS="1236"/>
							<String ID="string_158" HPOS="1303" VPOS="985" WIDTH="59" HEIGHT="35" WC="0.89" CONTENT="En"/><SP WIDTH="30" VPOS="985" HPOS="1362"/>
							<String ID="string_159" HPOS="1392" VPOS="983" WIDTH="276" HEIGHT="47" WC="0.96" CONTENT="framställning"/><SP WIDTH="24" VPOS="983" HPOS="1668"/>
							<String ID="string_160" HPOS="1692" VPOS="984" WIDTH="138" HEIGHT="42" WC="0.96" CONTENT="därom,"/><SP WIDTH="31" VPOS="984" HPOS="1830"/>
							<String ID="string_161" HPOS="1861" VPOS="984" WIDTH="120" HEIGHT="34" WC="0.95" CONTENT="såsom"/>
						</TextLine>
						<TextLine ID="line_16" HPOS="382" VPOS="1035" WIDTH="1600" HEIGHT="56">
							<String ID="string_162" HPOS="382" VPOS="1043" WIDTH="295" HEIGHT="48" WC="0.96" CONTENT="uppenbarligen"/><SP WIDTH="36" VPOS="1043" HPOS="677"/>
							<String ID="string_163" HPOS="713" VPOS="1042" WIDTH="213" HEIGHT="35" WC="0.96" CONTENT="innesluten"/><SP WIDTH="42" VPOS="1042" HPOS="926"/>
							<String ID="string_164" HPOS="968" VPOS="1041" WIDTH="99" HEIGHT="34" WC="0.95" CONTENT="inom"/><SP WIDTH="46" VPOS="1041" HPOS="1067"/>
							<String ID="string_165" HPOS="1113" VPOS="1038" WIDTH="206" HEIGHT="36" WC="0.96" CONTENT="motionens"/><SP WIDTH="42" VPOS="1038" HPOS="1319"/>
							<String ID="string_166" HPOS="1361" VPOS="1050" WIDTH="88" HEIGHT="31" WC="0.96" CONTENT="ram,"/><SP WIDTH="39" VPOS="1050" HPOS="1449"/>
							<String ID="string_167" HPOS="1488" VPOS="1038" WIDTH="107" HEIGHT="35" WC="0.95" CONTENT="torde"/><SP WIDTH="34" VPOS="1038" HPOS="1595"/>
							<String ID="string_168" HPOS="1629" VPOS="1036" WIDTH="82" HEIGHT="36" WC="0.96" CONTENT="icke"/><SP WIDTH="36" VPOS="1036" HPOS="1711"/>
							<String ID="string_169" HPOS="1747" VPOS="1036" WIDTH="119" HEIGHT="36" WC="0.96" CONTENT="heller"/><SP WIDTH="27" VPOS="1036" HPOS="1866"/>
							<String ID="string_170" HPOS="1893" VPOS="1035" WIDTH="89" HEIGHT="36" WC="0.95" CONTENT="böra"/>
						</TextLine>
						<TextLine ID="line_17" HPOS="384" VPOS="1092" WIDTH="907" HEIGHT="52">
							<String ID="string_171" HPOS="384" VPOS="1109" WIDTH="107" HEIGHT="24" WC="0.95" CONTENT="anses"/><SP WIDTH="29" VPOS="1109" HPOS="491"/>
							<String ID="string_172" HPOS="520" VPOS="1097" WIDTH="103" HEIGHT="47" WC="0.96" CONTENT="ligga"/><SP WIDTH="28" VPOS="1097" HPOS="623"/>
							<String ID="string_173" HPOS="651" VPOS="1095" WIDTH="148" HEIGHT="36" WC="0.96" CONTENT="utanför"/><SP WIDTH="28" VPOS="1095" HPOS="799"/>
							<String ID="string_174" HPOS="827" VPOS="1095" WIDTH="201" HEIGHT="35" WC="0.96" CONTENT="utskottets"/><SP WIDTH="30" VPOS="1095" HPOS="1028"/>
							<String ID="string_175" HPOS="1058" VPOS="1092" WIDTH="233" HEIGHT="47" WC="0.96" CONTENT="befogenhet."/>
						</TextLine>
					</TextBlock>
					<TextBlock ID="block_3" HPOS="487" VPOS="1145" WIDTH="800" HEIGHT="51">
						<TextLine ID="line_18" HPOS="487" VPOS="1145" WIDTH="800" HEIGHT="51">
							<String ID="string_176" HPOS="487" VPOS="1151" WIDTH="53" HEIGHT="35" WC="0.96" CONTENT="På"/><SP WIDTH="29" VPOS="1151" HPOS="540"/>
							<String ID="string_177" HPOS="569" VPOS="1150" WIDTH="123" HEIGHT="46" WC="0.96" CONTENT="grund"/><SP WIDTH="27" VPOS="1150" HPOS="692"/>
							<String ID="string_178" HPOS="719" VPOS="1148" WIDTH="110" HEIGHT="36" WC="0.95" CONTENT="häraf"/><SP WIDTH="23" VPOS="1148" HPOS="829"/>
							<String ID="string_179" HPOS="852" VPOS="1147" WIDTH="215" HEIGHT="35" WC="0.95" CONTENT="hemställer"/><SP WIDTH="27" VPOS="1147" HPOS="1067"/>
							<String ID="string_180" HPOS="1094" VPOS="1145" WIDTH="193" HEIGHT="44" WC="0.96" CONTENT="utskottet,"/>
						</TextLine>
					</TextBlock>
				</ComposedBlock>
				<ComposedBlock ID="cblock_2" HPOS="807" VPOS="1241" WIDTH="1182" HEIGHT="370">
					<TextBlock ID="block_4" HPOS="807" VPOS="1241" WIDTH="1182" HEIGHT="370">
						<TextLine ID="line_19" HPOS="916" VPOS="1241" WIDTH="1073" HEIGHT="50">
							<String ID="string_181" HPOS="916" VPOS="1248" WIDTH="53" HEIGHT="32" WC="0.96" CONTENT="att"/><SP WIDTH="29" VPOS="1248" HPOS="969"/>
							<String ID="string_182" HPOS="998" VPOS="1244" WIDTH="236" HEIGHT="47" WC="0.95" CONTENT="Riksdagens"/><SP WIDTH="34" VPOS="1244" HPOS="1234"/>
							<String ID="string_183" HPOS="1268" VPOS="1243" WIDTH="130" HEIGHT="35" WC="0.96" CONTENT="Andra"/><SP WIDTH="33" VPOS="1243" HPOS="1398"/>
							<String ID="string_184" HPOS="1431" VPOS="1243" WIDTH="212" HEIGHT="43" WC="0.96" CONTENT="Kammare,"/><SP WIDTH="29" VPOS="1243" HPOS="1643"/>
							<String ID="string_185" HPOS="1672" VPOS="1241" WIDTH="14" HEIGHT="35" WC="0.96" CONTENT="i"/><SP WIDTH="28" VPOS="1241" HPOS="1686"/>
							<String ID="string_186" HPOS="1714" VPOS="1241" WIDTH="204" HEIGHT="47" WC="0.95" CONTENT="anledning"/><SP WIDTH="31" VPOS="1241" HPOS="1918"/>
							<String ID="string_187" HPOS="1949" VPOS="1242" WIDTH="40" HEIGHT="34" WC="0.96" CONTENT="af"/>
						</TextLine>
						<TextLine ID="line_20" HPOS="809" VPOS="1295" WIDTH="1174" HEIGHT="46">
							<String ID="string_188" HPOS="809" VPOS="1300" WIDTH="85" HEIGHT="34" WC="0.92" CONTENT="herr"/><SP WIDTH="31" VPOS="1300" HPOS="894"/>
							<String ID="string_189" HPOS="925" VPOS="1299" WIDTH="189" HEIGHT="35" WC="0.91" CONTENT="Matssons"/><SP WIDTH="34" VPOS="1299" HPOS="1114"/>
							<String ID="string_190" HPOS="1148" VPOS="1296" WIDTH="151" HEIGHT="44" WC="0.95" CONTENT="motion,"/><SP WIDTH="37" VPOS="1296" HPOS="1299"/>
							<String ID="string_191" HPOS="1336" VPOS="1298" WIDTH="111" HEIGHT="33" WC="0.96" CONTENT="måtte"/><SP WIDTH="29" VPOS="1298" HPOS="1447"/>
							<String ID="string_192" HPOS="1476" VPOS="1296" WIDTH="158" HEIGHT="43" WC="0.96" CONTENT="besluta,"/><SP WIDTH="31" VPOS="1296" HPOS="1634"/>
							<String ID="string_193" HPOS="1665" VPOS="1298" WIDTH="53" HEIGHT="32" WC="0.96" CONTENT="att"/><SP WIDTH="28" VPOS="1298" HPOS="1718"/>
							<String ID="string_194" HPOS="1746" VPOS="1296" WIDTH="67" HEIGHT="35" WC="0.96" CONTENT="hos"/><SP WIDTH="29" VPOS="1296" HPOS="1813"/>
							<String ID="string_195" HPOS="1842" VPOS="1295" WIDTH="141" HEIGHT="46" WC="0.96" CONTENT="Kungl."/>
						</TextLine>
						<TextLine ID="line_21" HPOS="809" VPOS="1348" WIDTH="1177" HEIGHT="52">
							<String ID="string_196" HPOS="809" VPOS="1352" WIDTH="109" HEIGHT="48" WC="0.95" CONTENT="Maj:t"/><SP WIDTH="28" VPOS="1352" HPOS="918"/>
							<String ID="string_197" HPOS="946" VPOS="1352" WIDTH="13" HEIGHT="35" WC="0.96" CONTENT="i"/><SP WIDTH="29" VPOS="1352" HPOS="959"/>
							<String ID="string_198" HPOS="988" VPOS="1351" WIDTH="194" HEIGHT="36" WC="0.93" CONTENT="skrifvelse"/><SP WIDTH="30" VPOS="1351" HPOS="1182"/>
							<String ID="string_199" HPOS="1212" VPOS="1350" WIDTH="160" HEIGHT="44" WC="0.91" CONTENT="anbålla,"/><SP WIDTH="31" VPOS="1350" HPOS="1372"/>
							<String ID="string_200" HPOS="1403" VPOS="1352" WIDTH="54" HEIGHT="33" WC="0.96" CONTENT="att"/><SP WIDTH="25" VPOS="1352" HPOS="1457"/>
							<String ID="string_201" HPOS="1482" VPOS="1348" WIDTH="141" HEIGHT="47" WC="0.95" CONTENT="Kungl."/><SP WIDTH="21" VPOS="1348" HPOS="1623"/>
							<String ID="string_202" HPOS="1644" VPOS="1348" WIDTH="108" HEIGHT="48" WC="0.96" CONTENT="Maj:t"/><SP WIDTH="25" VPOS="1348" HPOS="1752"/>
							<String ID="string_203" HPOS="1777" VPOS="1351" WIDTH="113" HEIGHT="33" WC="0.96" CONTENT="måtte"/><SP WIDTH="20" VPOS="1351" HPOS="1890"/>
							<String ID="string_204" HPOS="1910" VPOS="1349" WIDTH="76" HEIGHT="34" WC="0.96" CONTENT="låta"/>
						</TextLine>
						<TextLine ID="line_22" HPOS="808" VPOS="1401" WIDTH="1177" HEIGHT="50">
							<String ID="string_205" HPOS="808" VPOS="1405" WIDTH="203" HEIGHT="37" WC="0.96" CONTENT="verkställa"/><SP WIDTH="30" VPOS="1405" HPOS="1011"/>
							<String ID="string_206" HPOS="1041" VPOS="1417" WIDTH="47" HEIGHT="23" WC="0.93" CONTENT="en"/><SP WIDTH="28" VPOS="1417" HPOS="1088"/>
							<String ID="string_207" HPOS="1116" VPOS="1403" WIDTH="122" HEIGHT="37" WC="0.90" CONTENT="såvidt"/><SP WIDTH="26" VPOS="1403" HPOS="1238"/>
							<String ID="string_208" HPOS="1264" VPOS="1403" WIDTH="144" HEIGHT="48" WC="0.96" CONTENT="möjligt"/><SP WIDTH="18" VPOS="1403" HPOS="1408"/>
							<String ID="string_209" HPOS="1426" VPOS="1401" WIDTH="233" HEIGHT="48" WC="0.96" CONTENT="fullständig,"/><SP WIDTH="17" VPOS="1401" HPOS="1659"/>
							<String ID="string_210" HPOS="1676" VPOS="1402" WIDTH="235" HEIGHT="48" WC="0.93" CONTENT="jämförande"/><SP WIDTH="20" VPOS="1402" HPOS="1911"/>
							<String ID="string_211" HPOS="1931" VPOS="1405" WIDTH="54" HEIGHT="31" WC="0.92" CONTENT="ut-"/>
						</TextLine>
						<TextLine ID="line_23" HPOS="808" VPOS="1455" WIDTH="1175" HEIGHT="51">
							<String ID="string_212" HPOS="808" VPOS="1459" WIDTH="159" HEIGHT="47" WC="0.96" CONTENT="redning"/><SP WIDTH="30" VPOS="1459" HPOS="967"/>
							<String ID="string_213" HPOS="997" VPOS="1458" WIDTH="193" HEIGHT="47" WC="0.96" CONTENT="angående"/><SP WIDTH="28" VPOS="1458" HPOS="1190"/>
							<String ID="string_214" HPOS="1218" VPOS="1457" WIDTH="46" HEIGHT="35" WC="0.96" CONTENT="de"/><SP WIDTH="25" VPOS="1457" HPOS="1264"/>
							<String ID="string_215" HPOS="1289" VPOS="1456" WIDTH="99" HEIGHT="36" WC="0.96" CONTENT="olika"/><SP WIDTH="22" VPOS="1456" HPOS="1388"/>
							<String ID="string_216" HPOS="1410" VPOS="1456" WIDTH="239" HEIGHT="36" WC="0.93" CONTENT="kommunala"/><SP WIDTH="27" VPOS="1456" HPOS="1649"/>
							<String ID="string_217" HPOS="1676" VPOS="1455" WIDTH="307" HEIGHT="36" WC="0.90" CONTENT="skattebördorna"/>
						</TextLine>
						<TextLine ID="line_24" HPOS="807" VPOS="1508" WIDTH="1179" HEIGHT="53">
							<String ID="string_218" HPOS="807" VPOS="1513" WIDTH="114" HEIGHT="48" WC="0.96" CONTENT="jämte"/><SP WIDTH="39" VPOS="1513" HPOS="921"/>
							<String ID="string_219" HPOS="960" VPOS="1513" WIDTH="115" HEIGHT="46" WC="0.93" CONTENT="därpå"/><SP WIDTH="33" VPOS="1513" HPOS="1075"/>
							<String ID="string_220" HPOS="1108" VPOS="1511" WIDTH="231" HEIGHT="36" WC="0.92" CONTENT="inverkande"/><SP WIDTH="33" VPOS="1511" HPOS="1339"/>
							<String ID="string_221" HPOS="1372" VPOS="1509" WIDTH="259" HEIGHT="36" WC="0.94" CONTENT="förhållanden"/><SP WIDTH="27" VPOS="1509" HPOS="1631"/>
							<String ID="string_222" HPOS="1658" VPOS="1509" WIDTH="57" HEIGHT="35" WC="0.96" CONTENT="till"/><SP WIDTH="27" VPOS="1509" HPOS="1715"/>
							<String ID="string_223" HPOS="1742" VPOS="1508" WIDTH="157" HEIGHT="48" WC="0.96" CONTENT="ledning"/><SP WIDTH="30" VPOS="1508" HPOS="1899"/>
							<String ID="string_224" HPOS="1929" VPOS="1508" WIDTH="57" HEIGHT="36" WC="0.96" CONTENT="för"/>
						</TextLine>
						<TextLine ID="line_25" HPOS="810" VPOS="1562" WIDTH="1172" HEIGHT="49">
							<String ID="string_225" HPOS="810" VPOS="1566" WIDTH="210" HEIGHT="36" WC="0.96" CONTENT="eventuella"/><SP WIDTH="20" VPOS="1566" HPOS="1020"/>
							<String ID="string_226" HPOS="1040" VPOS="1565" WIDTH="126" HEIGHT="36" WC="0.96" CONTENT="vidare"/><SP WIDTH="30" VPOS="1565" HPOS="1166"/>
							<String ID="string_227" HPOS="1196" VPOS="1565" WIDTH="172" HEIGHT="46" WC="0.96" CONTENT="åtgärder"/><SP WIDTH="26" VPOS="1565" HPOS="1368"/>
							<String ID="string_228" HPOS="1394" VPOS="1564" WIDTH="13" HEIGHT="35" WC="0.96" CONTENT="i"/><SP WIDTH="29" VPOS="1564" HPOS="1407"/>
							<String ID="string_229" HPOS="1436" VPOS="1563" WIDTH="208" HEIGHT="36" WC="0.95" CONTENT="motionens"/><SP WIDTH="20" VPOS="1563" HPOS="1644"/>
							<String ID="string_230" HPOS="1664" VPOS="1564" WIDTH="187" HEIGHT="34" WC="0.96" CONTENT="allmänna"/><SP WIDTH="20" VPOS="1564" HPOS="1851"/>
							<String ID="string_231" HPOS="1871" VPOS="1562" WIDTH="111" HEIGHT="48" WC="0.96" CONTENT="syfte."/>
						</TextLine>
					</TextBlock>
				</ComposedBlock>
				<ComposedBlock ID="cblock_3" HPOS="492" VPOS="1672" WIDTH="667" HEIGHT="48">
					<TextBlock ID="block_5" HPOS="492" VPOS="1672" WIDTH="667" HEIGHT="48">
						<TextLine ID="line_26" HPOS="492" VPOS="1672" WIDTH="667" HEIGHT="48">
							<String ID="string_232" HPOS="492" VPOS="1674" WIDTH="213" HEIGHT="38" WC="0.96" CONTENT="Stockholm"/><SP WIDTH="32" VPOS="1674" HPOS="705"/>
							<String ID="string_233" HPOS="737" VPOS="1674" WIDTH="71" HEIGHT="35" WC="0.96" CONTENT="den"/><SP WIDTH="35" VPOS="1674" HPOS="808"/>
							<String ID="string_234" HPOS="843" VPOS="1676" WIDTH="45" HEIGHT="33" WC="0.96" CONTENT="19"/><SP WIDTH="32" VPOS="1676" HPOS="888"/>
							<String ID="string_235" HPOS="920" VPOS="1672" WIDTH="94" HEIGHT="48" WC="0.96" CONTENT="april"/><SP WIDTH="33" VPOS="1672" HPOS="1014"/>
							<String ID="string_236" HPOS="1047" VPOS="1674" WIDTH="112" HEIGHT="34" WC="0.96" CONTENT="1907."/>
						</TextLine>
					</TextBlock>
				</ComposedBlock>
				<ComposedBlock ID="cblock_4" HPOS="946" VPOS="1825" WIDTH="468" HEIGHT="46">
					<TextBlock ID="block_6" HPOS="946" VPOS="1825" WIDTH="468" HEIGHT="46">
						<TextLine ID="line_27" HPOS="946" VPOS="1825" WIDTH="468" HEIGHT="46">
							<String ID="string_237" HPOS="946" VPOS="1827" WIDTH="52" HEIGHT="34" WC="0.96" CONTENT="På"/><SP WIDTH="32" VPOS="1827" HPOS="998"/>
							<String ID="string_238" HPOS="1030" VPOS="1825" WIDTH="200" HEIGHT="36" WC="0.96" CONTENT="utskottets"/><SP WIDTH="31" VPOS="1825" HPOS="1230"/>
							<String ID="string_239" HPOS="1261" VPOS="1829" WIDTH="153" HEIGHT="42" WC="0.96" CONTENT="vägnar:"/>
						</TextLine>
					</TextBlock>
				</ComposedBlock>
				<ComposedBlock ID="cblock_5" HPOS="946" VPOS="1956" WIDTH="477" HEIGHT="48">
					<TextBlock ID="block_7" HPOS="946" VPOS="1956" WIDTH="477" HEIGHT="48">
						<TextLine ID="line_28" HPOS="946" VPOS="1956" WIDTH="477" HEIGHT="48">
							<String ID="string_240" HPOS="946" VPOS="1968" WIDTH="203" HEIGHT="36" WC="0.87" CONTENT="RUDOLF"/><SP WIDTH="36" VPOS="1968" HPOS="1149"/>
							<String ID="string_241" HPOS="1185" VPOS="1956" WIDTH="238" HEIGHT="47" WC="0.61" CONTENT="KJELLÉN."/>
						</TextLine>
					</TextBlock>
				</ComposedBlock>
				<ComposedBlock ID="cblock_6" HPOS="822" VPOS="2220" WIDTH="741" HEIGHT="43">
					<TextBlock ID="block_8" HPOS="822" VPOS="2220" WIDTH="741" HEIGHT="43">
						<TextLine ID="line_29" HPOS="822" VPOS="2220" WIDTH="741" HEIGHT="43">
							<String ID="string_242" HPOS="822" VPOS="2223" WIDTH="176" HEIGHT="37" WC="0.95" CONTENT="Stockholm,"/><SP WIDTH="20" VPOS="2223" HPOS="998"/>
							<String ID="string_243" HPOS="1018" VPOS="2230" WIDTH="64" HEIGHT="32" WC="0.92" CONTENT="Nya"/><SP WIDTH="20" VPOS="2230" HPOS="1082"/>
							<String ID="string_244" HPOS="1102" VPOS="2220" WIDTH="361" HEIGHT="43" WC="0.91" CONTENT="Tryckeri-Aktiebolaget,"/><SP WIDTH="22" VPOS="2220" HPOS="1463"/>
							<String ID="string_245" HPOS="1485" VPOS="2228" WIDTH="78" HEIGHT="25" WC="0.96" CONTENT="1907."/>
						</TextLine>
					</TextBlock>
				</ComposedBlock>
			</PrintSpace>
		</Page>
	</Layout>
</alto>
