1890 2860
527 174 318 31 Bankoutskottets
865 174 187 31 utlåtande
1072 175 52 30 Nr
1147 174 51 30 34.
1532 176 35 30 17

110 249 213 32 underlärare
359 251 97 35 hava,
491 251 145 30 frånsett
669 250 266 37 dyrtidstillägg,
971 252 76 30 från
1070 252 62 30 och
1157 251 75 32 med
1260 256 41 27 är
1327 252 82 31 1920
1433 253 143 36 utgjort:
1601 253 8 30 i

108 293 214 32 aftonskolan
350 296 108 29 såsom
482 295 192 30 överlärare
698 295 11 29 i
732 294 219 36 modellering
976 296 95 35 1,542
1096 295 133 36 kronor,
1254 296 10 30 i
1289 296 181 36 kvinnliga
1492 296 117 31 skolan

107 337 107 30 såsom
238 338 191 30 överlärare
454 337 61 31 963
541 338 124 30 kronor
689 338 61 30 och
775 338 11 30 i
809 338 215 31 aftonskolan
1048 339 109 30 såsom
1180 338 216 32 underlärare
1417 340 11 30 i
1444 340 167 31 frihands-

109 380 159 36 teckning
292 381 95 36 1,519
412 381 134 35 kronor,
571 381 116 31 vartill
708 381 144 30 kommit
869 382 62 30 200
949 382 124 30 kronor
1090 382 10 30 i
1117 382 123 30 arvode
1256 384 108 29 såsom
1382 383 229 31 föreståndare

109 423 50 30 för
182 424 245 36 gipsgjuteriet,
450 425 63 30 allt
537 425 53 30 för
613 426 38 29 år
676 425 132 30 räknat.

150 467 113 30 Maria
287 467 166 31 Carolina
477 467 159 36 Kardell,
660 478 71 20 som
754 470 39 27 är
816 467 78 31 född
917 468 65 30 den
1006 468 40 30 13
1070 469 65 35 juli
1161 469 94 35 1856,
1279 469 63 30 har
1359 470 100 30 sedan
1474 471 38 28 år
1526 470 83 30 1888

107 509 196 36 tjänstgjort
326 511 178 30 oavbrutet
528 511 75 30 med
628 511 174 30 utmärkta
827 511 127 30 vitsord
977 513 110 28 såsom
1110 512 286 30 underlärarinna
1419 513 11 29 i
1454 513 157 30 tekniska

103 553 121 30 skolan
247 553 53 30 för
322 554 182 35 kvinnliga
527 554 179 35 lärjungar
729 553 76 31 med
828 554 249 35 undervisning
1101 555 53 30 för
1177 554 214 31 närvarande
1415 556 9 29 i
1443 555 167 31 frihands-

107 596 169 36 teckning,
311 597 200 35 geometrisk
546 597 390 35 konstruktionsritning
964 597 63 30 och
1051 598 165 34 målning.
1263 598 176 31 Alltsedan
1463 599 38 29 år
1525 599 83 30 1890

106 639 62 30 har
191 639 66 31 hon
280 640 208 36 tjänstgjort,
512 640 162 30 likaledes
697 640 186 36 oavbrutet,
907 640 74 31 med
1005 641 174 30 utmärkta
1202 641 127 31 vitsord
1357 643 109 29 såsom
1490 642 119 30 under-

106 682 172 31 lärarinna
301 684 11 30 i
336 684 103 35 högre
462 684 313 30 konstindustriella
798 684 117 30 skolan
938 684 75 31 med
1037 684 248 36 undervisning
1303 686 10 29 i
1328 686 280 37 mönsterritning

105 725 74 32 med
213 727 272 36 tillämpningar.
532 727 139 31 Hennes
706 727 247 36 undervisning
988 728 161 31 omfattar
1173 729 228 35 sammanlagt
1424 730 40 30 27
1489 729 119 31 under-

104 769 296 37 visningstimmar
423 771 12 30 i
459 771 127 30 veckan
609 771 64 30 och
696 771 124 30 hennes
843 771 354 35 avlöningsförmåner
1219 773 21 29 å
1256 772 58 31 vid
1330 772 278 37 undervisnings-

102 814 169 30 anstalten
296 814 191 31 innehavda
511 815 243 35 befattningar,
779 815 142 30 frånsett
943 814 269 36 dyrtidstillägg,
1236 815 87 30 hava
1348 816 77 30 från
1449 816 61 30 och
1531 816 75 30 med

99 857 42 29 år
166 857 83 30 1920
273 858 131 35 utgjort
427 858 95 35 2,538
546 858 135 30 kronor.

146 917 76 30 Med
246 918 163 30 avseende
432 919 20 28 å
476 918 228 35 utredningen
728 919 12 29 i
763 919 112 34 övrigt
899 919 127 30 tillåter
1049 919 52 35 sig
1125 920 162 30 utskottet
1310 921 51 29 att
1383 920 145 30 hänvisa
1552 920 55 30 till

104 969 257 36 propositionen.

144 1065 117 31 Under
284 1066 139 30 erinran
446 1067 51 28 att
520 1065 181 36 riksdagen
725 1065 58 31 vid
807 1065 187 36 upprepade
1018 1066 161 31 tillfällen
1203 1066 141 37 beviljat
1367 1067 177 35 pensioner
1570 1068 35 30 åt

101 1117 336 36 befattningshavare
470 1117 60 31 vid
566 1117 157 31 tekniska
757 1118 119 31 skolan
899 1119 12 30 i
934 1118 207 36 Stockholm,
1165 1119 54 30 får
1241 1120 172 35 utskottet,
1437 1129 70 21 som
1531 1120 73 30 icke

100 1170 74 30 haft
197 1171 102 34 något
323 1172 49 28 att
395 1171 111 29 erinra
531 1171 69 29 mot
624 1170 131 36 Kungl.
780 1170 115 36 Maj:ts
919 1170 220 31 förevarande
1162 1171 138 35 förslag,
1325 1172 185 35 hemställa,

540 1249 51 30 att
607 1248 132 36 Kungl.
753 1249 114 35 Maj:ts
894 1248 248 35 ifrågavarande
1155 1248 256 36 framställning
1424 1251 55 29 må
1497 1250 104 30 vinna

500 1300 195 35 riksdagens
718 1301 107 30 bifall.

142 1405 84 37 29:0)
249 1404 18 31 I
289 1404 150 35 enlighet
462 1404 74 31 med
560 1404 132 35 Kungl.
717 1405 116 35 Maj:ts
856 1405 106 30 under
977 1405 111 35 punkt
1105 1406 72 29 10:0
1192 1416 43 20 av
1252 1416 130 21 samma
1398 1408 204 35 proposition

97 1456 213 31 framställda
333 1456 127 36 förslag
483 1456 62 31 och
569 1457 77 30 med
670 1457 209 35 hänvisning
903 1457 54 30 till
981 1457 64 30 den
1070 1457 11 30 i
1105 1458 251 35 propositionen
1380 1459 159 31 lämnade
1551 1462 51 28 ut-

97 1509 186 35 redningen
318 1509 12 30 i
364 1508 220 31 förevarande
615 1509 123 31 ärende
761 1509 54 30 får
837 1509 174 36 utskottet,
1036 1509 108 31 under
1167 1510 211 36 åberopande
1400 1511 132 36 jämväl
1557 1522 43 20 av

96 1561 65 31 vad
185 1562 11 29 i
219 1560 278 36 nästföregående
520 1562 111 35 punkt
653 1561 140 36 anförts,
818 1562 187 36 hemställa,

537 1641 51 29 att
621 1640 179 35 riksdagen
823 1641 56 29 må
903 1640 169 36 medgiva,
1096 1642 51 29 att
1169 1641 101 31 andre
1294 1642 222 31 maskinisten
1541 1642 59 31 vid

495 1692 157 30 tekniska
687 1693 117 29 skolan
839 1693 11 29 i
884 1692 197 31 Stockholm
1110 1692 86 32 Lars
1220 1694 128 35 Gustaf
1371 1694 147 32 Carlson
1542 1696 56 29 må

494 1745 77 29 från
603 1744 62 30 och
700 1744 74 31 med
809 1744 166 31 månaden
1007 1747 78 29 näst
1119 1746 84 31 efter
1237 1746 74 35 den,
1335 1747 171 31 varunder
1529 1747 68 31 han

492 1795 188 36 entledigas
714 1796 77 30 från
824 1797 53 29 sin
911 1797 106 36 tjänst
1051 1797 59 31 vid
1149 1799 129 36 skolan,
1306 1799 108 30 under
1436 1800 54 29 sin
1512 1800 86 30 åter-

492 1848 136 31 stående
661 1849 117 30 livstid
802 1849 77 30 från
902 1850 176 30 allmänna
1102 1850 336 36 indragningsstaten
1462 1852 133 35 åtnjuta

491 1910 41 21 en
556 1901 90 35 årlig
668 1901 138 35 pension
829 1912 44 19 av
896 1903 130 29 ettusen
1050 1903 133 30 kronor.

137 2006 83 38 30:0)
244 2005 116 32 Under
383 2006 109 35 punkt
517 2008 71 29 11:o
612 2016 44 20 av
680 2006 242 31 meranämnda
944 2007 212 36 proposition
1180 2017 41 21 nr
1237 2008 62 30 136
1317 2008 64 30 har
1396 2008 200 44 hemställts,

91 2059 52 30 att
174 2058 181 35 riksdagen
389 2059 55 29 må
479 2059 168 35 medgiva,
681 2059 49 30 att
765 2059 252 30 vaktmästaren
1052 2059 60 31 vid
1147 2060 218 36 bergsskolan
1394 2062 12 29 i
1429 2060 168 37 Filipstad

92 2110 132 31 Anders
246 2109 137 31 Olssons
405 2111 87 30 änka
518 2110 129 31 Lovisa
672 2110 134 36 Olsson,
829 2112 86 34 född
939 2111 163 36 Nyqvist,
1126 2113 56 29 må
1205 2113 79 30 från
1307 2113 62 30 och
1392 2113 75 31 med
1489 2114 65 30 den
1577 2115 12 29 1

91 2162 137 31 oktober
260 2162 84 30 1925
368 2162 107 31 under
498 2163 53 30 sin
574 2163 209 30 återstående
805 2163 128 36 livstid,
958 2165 36 29 så
1017 2164 100 35 länge
1140 2164 67 31 hon
1231 2165 164 30 förbliver
1418 2166 12 29 i
1452 2166 59 30 sitt
1534 2176 61 20 nu-

90 2214 149 31 varande
271 2214 197 36 änkestånd,
500 2216 21 29 å
543 2215 177 30 allmänna
743 2215 336 36 indragningsstaten
1104 2217 150 35 uppbära
1276 2218 49 29 ett
1346 2218 106 35 årligt
1477 2218 117 31 under-

90 2267 72 30 stöd
193 2276 44 20 av
271 2267 62 30 180
369 2267 133 36 kronor,
536 2267 108 30 under
679 2267 127 31 villkor
839 2269 50 29 att
922 2268 68 30 hon
1019 2268 54 30 för
1095 2278 129 21 samma
1247 2269 50 31 tid
1320 2270 145 30 erhåller
1488 2271 105 35 årligt

89 2319 183 31 understöd
296 2319 78 31 från
397 2319 235 36 jJärnkontoret
655 2320 76 30 med
756 2320 62 31 120
842 2321 138 34 kronor;
1004 2321 163 31 skolande
1190 2321 255 37 dyrtidstillägg
1468 2323 21 29 å
1505 2332 87 21 sam-

90 2371 181 36 manlagda
294 2371 350 37 understödsbeloppet
667 2373 164 30 beräknas
853 2374 108 35 enligt
984 2373 41 31 de
1041 2374 159 36 grunder,
1217 2384 73 21 som
1305 2377 60 28 äro
1380 2375 82 30 eller
1474 2376 118 30 kunna

89 2423 104 31 varda
226 2424 188 31 fastställda
437 2424 53 31 för
512 2425 109 30 änkor
644 2425 61 31 och
730 2425 83 31 barn
836 2426 83 30 efter
942 2424 337 38 befattningshavare
1302 2427 12 30 i
1338 2429 124 29 statens
1485 2428 105 36 tjänst

88 2485 46 21 m,
158 2476 44 35 fl.,
226 2476 76 30 med
325 2476 217 37 iakttagande
566 2477 110 31 likväl
699 2479 50 29 att
772 2488 43 20 av
839 2477 55 32 det
917 2478 146 31 sålunda
1085 2478 189 32 beräknade
1297 2478 294 38 dyrtidstillägget

91 2539 106 30 Bihang
214 2539 39 24 till
270 2539 166 30 riksdagens
452 2539 143 31 protokoll
612 2540 75 25 1925.
726 2542 15 22 8
760 2542 78 23 saml.
877 2541 32 24 27
932 2542 67 30 häft.
1038 2543 54 23 INr
1111 2543 55 23 34.)
1539 2542 16 23 2

1662 1076 135 25 Utskottet.

1691 1415 65 30 Ang.

1645 1448 110 30 pension
1773 1448 27 24 åt

1681 1484 82 24 andre

1636 1518 170 24 maskinisten

1629 1554 43 22 vid
1690 1554 119 24 tekniska

1675 1589 93 24 skolan

1635 1623 10 23 i
1663 1623 146 25 Stockholm

1617 1658 30 23 IL.
1662 1659 29 23 G.
1706 1658 118 27 Carlson,

1685 2015 65 33 Ång.

1626 2051 141 24 understöd
1786 2051 27 24 åt

1619 2086 196 25 vaktmästaren

1642 2121 28 22 Å.
1691 2120 105 26 Olssons

1675 2157 77 23 änka.
