1866 2782
259 175 40 29 26
587 176 285 31 Statsutskottets
899 177 179 30 utlåtande
1104 187 42 20 nr
1172 178 61 29 139
1257 178 39 30 år
1322 178 85 30 1955

255 254 351 31 EEG-laboratorium
644 256 111 30 skulle
788 257 123 29 kunna
945 257 210 39 nedbringas
1189 265 123 31 genom
1347 260 51 27 att
1431 258 310 38 Eugeniahemmet

254 306 93 39 finge
372 308 162 29 använda
557 309 245 30 motsvarande
827 318 158 21 resurser
1008 310 58 29 vid
1090 310 204 30 karolinska
1320 310 188 39 sjukhuset
1532 311 83 29 eHer
1639 311 103 29 Norr-

253 360 298 30 backainstitutet.
574 362 68 29 För
665 363 101 29 nästa
788 362 170 39 budgetår
982 372 102 20 anses
1108 373 42 19 av
1173 363 57 30 det
1254 364 130 29 äskade
1409 363 166 39 anslaget,
1602 363 61 30 150
1677 364 62 29 000

252 412 140 35 kronor,
419 413 123 30 endast
566 414 103 30 halva
693 414 160 40 beloppet
879 415 83 30 eller
989 416 38 29 75
1043 416 62 30 000
1132 416 130 29 kronor
1287 416 134 30 behöva
1447 416 120 30 ställas
1592 417 53 29 till
1672 417 69 29 för-

253 465 160 39 fogande.
438 467 238 39 Sammanlagt
699 468 61 29 bör
784 468 103 30 alltså
910 469 53 28 till
986 469 324 38 byggnadsarbeten
1334 469 65 29 och
1424 469 235 39 upprustning
1682 469 58 30 vid

252 518 311 39 Eugeniahemmet
585 520 138 30 anvisas
746 520 62 30 450
824 521 62 30 000
908 522 141 29 kronor.
1071 522 69 29 För
1161 522 200 31 ändamålet
1383 531 103 21 anses
1508 522 20 30 å
1549 523 190 29 riksstaten

251 571 84 30 böra
363 572 169 39 uppföras
560 575 48 28 ett
637 574 141 29 särskilt
806 574 122 39 anslag
956 584 42 20 av
1025 575 375 39 reservationsanslags
1429 577 114 32 natur,
1572 576 167 29 benämnt

250 623 230 41 Ombyggnad
505 626 64 29 och
594 627 201 39 utrustning
820 637 43 20 av
886 627 321 39 Eugeniahemmet.

294 677 65 30 Det
386 677 199 40 föreslagna
613 680 330 38 spastikerhemmet
970 681 10 28 i
1008 680 170 40 Göteborg
1205 681 64 29 har
1296 681 361 30 kostnadsberäknats
1685 682 52 29 till

250 730 62 29 990
327 730 63 30 000
415 731 140 30 kronor.
582 732 79 29 Som
685 741 89 21 ovan
799 732 224 35 framhållits,
1048 743 103 20 anser
1177 734 50 39 sig
1250 734 388 39 departementschefen
1662 735 75 29 icke

249 782 121 31 kunna
393 783 138 35 föreslå,
555 787 50 27 att
627 785 112 29 medel
762 785 55 30 för
839 786 200 30 ändamålet
1062 787 140 29 anvisas
1224 787 109 30 redan
1356 787 55 30 för
1434 788 102 29 nästa
1557 788 179 38 budgetår.

249 836 64 30 Det
335 836 217 35 förutsättes,
576 840 50 27 att
649 838 236 39 föreliggande
911 839 265 39 skissritningar
1198 840 66 29 blir
1288 840 148 30 föremål
1460 840 54 30 för
1537 841 198 39 ytterligare

248 889 237 40 bearbetning.
518 891 66 29 För
615 891 58 30 det
704 891 163 31 fortsatta
900 892 341 39 utredningsarbetet
1272 894 62 29 bör
1365 894 113 29 medel
1511 894 139 29 anvisas
1682 894 55 29 för

248 942 100 30 nästa
371 942 170 39 budgetår
563 944 65 29 och
651 944 387 39 departementschefen
1061 945 171 34 förordar,
1257 948 50 28 att
1330 948 49 28 ett
1403 947 124 39 belopp
1552 957 43 20 av
1618 947 40 29 30
1673 947 62 30 000

246 994 131 30 kronor
400 995 118 31 ställes
540 997 53 29 till
616 996 206 40 förfogande
845 998 82 30 från
949 1000 48 28 ett
1021 998 54 30 för
1099 999 199 30 ändamålet
1322 1000 145 39 uppfört
1489 1000 247 30 reservations-

247 1047 120 40 anslag
393 1049 54 29 till
474 1049 192 40 Utredning
691 1051 149 29 rörande
867 1053 49 28 ett
943 1051 255 39 spastikerhem
1224 1053 12 28 i
1262 1052 180 40 Göteborg.

290 1101 227 31 Beträffande
542 1102 163 40 slutligen
728 1103 319 41 medelsanvisning
1072 1104 55 30 för
1151 1105 219 39 uppförande
1396 1106 65 29 och
1484 1106 185 39 inredning
1693 1116 43 20 av

246 1162 46 31 ny
324 1154 251 40 köksbyggnad
610 1156 57 30 vid
698 1156 277 31 kustsanatoriet
1008 1157 192 40 Apelviken
1234 1158 171 34 förordas,
1440 1161 50 28 att
1524 1159 210 39 statsbidrag

245 1206 147 40 beviljas
423 1207 205 40 föreningen
657 1209 277 30 kustsanatoriet
963 1210 192 40 Apelviken
1185 1211 55 30 för
1270 1212 188 30 utförande
1489 1222 42 20 av
1559 1213 42 29 de
1632 1213 102 39 bygg-

245 1259 243 35 nadsarbeten,
513 1270 73 21 som
610 1262 167 31 omfattas
799 1273 43 20 av
863 1263 68 30 den
954 1273 42 20 av
1018 1264 360 39 medicinalstyrelsen
1402 1265 198 39 föreslagna
1623 1265 111 30 första

243 1314 159 38 etappen.
423 1313 75 30 Den
517 1314 122 30 härför
658 1315 228 40 erforderliga
905 1316 385 40 medelstilldelningen,
1311 1318 99 30 cirka
1430 1318 63 30 840
1508 1318 62 30 000
1591 1319 140 33 kronor,

244 1365 148 31 föreslås
423 1367 99 30 skola
550 1368 169 39 uppdelas
748 1369 43 39 på
821 1369 59 30 två
908 1369 180 39 budgetår.
1118 1371 68 29 För
1216 1372 100 29 nästa
1345 1371 171 39 budgetår
1546 1381 101 21 anses
1678 1372 54 30 för

244 1418 183 31 arbetenas
455 1419 215 40 påbörjande
697 1423 48 28 ett
772 1421 125 41 belopp
925 1432 43 20 av
994 1422 63 30 375
1072 1423 63 30 000
1163 1423 130 30 kronor
1320 1424 86 30 böra
1435 1425 120 29 ställas
1583 1425 52 29 till
1663 1425 70 30 för-

244 1470 160 40 fogande.
430 1472 136 30 Medlen
591 1473 147 31 föreslås
763 1474 99 31 skola
887 1475 139 30 anvisas
1052 1475 80 31 från
1157 1476 155 40 anslaget
1338 1477 53 30 till
1416 1478 127 39 Bidrag
1568 1478 53 30 till
1647 1487 85 31 upp-

243 1524 146 31 förande
406 1525 84 30 eller
505 1526 199 31 inrättande
723 1537 41 20 av
780 1528 580 40 tuberkulossjukvårdsanstalter.
1378 1531 53 29 Då
1449 1530 20 30 å
1487 1531 94 30 detta
1599 1531 130 40 anslag,

241 1576 107 31 vilket
372 1578 12 29 i
408 1579 456 40 statsverkspropositionen
888 1581 220 39 preliminärt
1132 1582 163 40 uppförts
1319 1583 81 30 med
1424 1585 49 28 ett
1497 1584 155 30 formellt
1675 1585 56 29 be-

242 1629 79 41 lopp
343 1640 42 20 av
408 1631 61 30 100
490 1632 140 34 kronor,
652 1632 116 31 finnes
787 1643 44 20 en
852 1634 233 40 odisponerad
1106 1636 214 30 reservation
1341 1646 43 20 av
1404 1637 163 39 omkring
1588 1637 63 30 400
1666 1638 63 29 000

240 1682 140 36 kronor,
409 1684 65 30 och
501 1684 44 31 då
572 1685 387 40 departementschefen
985 1688 12 29 i
1023 1688 113 39 övrigt
1162 1689 76 29 icke
1265 1689 149 30 föreslår
1442 1689 115 40 någon
1584 1691 146 29 medels-

240 1736 186 40 anvisning
452 1737 54 30 för
531 1738 323 39 byggnadsarbeten
879 1740 58 30 vid
962 1741 627 40 tuberkulossjukvårdsanstalterna,
1618 1744 111 29 skulle

240 1789 157 39 anslaget
418 1789 56 31 för
493 1790 204 40 budgetåret
720 1792 151 37 1955/56,
894 1793 116 30 såsom
1031 1794 11 29 i
1063 1795 458 40 statsverkspropositionen
1542 1796 186 35 förordats,

240 1842 169 39 uppföras
438 1842 147 32 allenast
613 1845 80 29 med
721 1847 48 28 ett
797 1845 156 31 formellt
981 1846 124 41 belopp
1135 1857 42 20 av
1207 1848 60 30 100
1296 1848 141 30 kronor.
1469 1849 120 30 Såsom
1620 1850 109 30 förut-

239 1895 154 40 sättning
412 1895 55 30 för
485 1897 246 40 statsbidraget
748 1898 52 30 till
818 1898 207 40 föreningen
1042 1899 276 32 kustsanatoriet
1336 1901 192 40 Apelviken
1545 1903 63 29 bör
1626 1903 100 39 gälla,

239 1949 50 28 att
306 1948 352 41 byggnadsföretaget
676 1950 133 31 utföres
833 1951 5 30 i
855 1952 236 40 huvudsaklig
1109 1953 348 32 överensstämmelse
1475 1955 79 30 med
1573 1965 47 20 nu
1640 1956 88 30 före-

238 2000 159 39 liggande
421 2002 182 39 ritningar,
627 2003 106 30 sedan
755 2003 103 31 dessa
880 2005 236 31 överarbetats
1139 2006 107 39 enligt
1268 2007 372 40 byggnadsstyrelsens
1663 2009 64 30 och

237 2054 156 30 centrala
411 2054 444 42 sjukvårdsberedningens
873 2058 226 39 anvisningar
1116 2059 64 29 och
1198 2059 154 31 därefter
1369 2061 173 39 godkänts
1560 2071 42 20 av
1620 2062 107 30 medi-

235 2106 276 40 cinalstyrelsen.

885 2234 188 36 Motioner

280 2315 12 28 I
318 2315 41 29 de
385 2315 223 40 likalydande
634 2317 220 31 motionerna
878 2319 32 29 I:
925 2319 64 29 232
1014 2329 42 20 av
1080 2320 82 29 herr
1187 2320 93 31 Huss
1305 2331 46 20 m.
1378 2322 37 29 fl.
1442 2323 65 29 och
1532 2323 47 29 II:
1594 2323 64 30 295
1683 2333 42 20 av

235 2367 57 30 fru
318 2368 185 38 Sjöstrand
527 2379 46 20 m.
598 2369 36 30 fl.
659 2370 64 30 har
746 2371 132 39 yrkats,
904 2373 51 28 att
978 2372 188 40 riksdagen
1190 2373 154 30 beslutar
1370 2376 51 28 att
1444 2375 12 29 i
1481 2376 165 30 skrivelse
1672 2377 51 29 till

234 2420 125 40 Kungl.
382 2421 107 40 Maj:t
510 2422 185 31 hemställa
717 2426 50 27 att
789 2423 125 40 frågan
936 2434 57 20 om
1015 2425 241 40 förstärkning
1279 2437 42 20 av
1343 2427 381 41 rehabiliteringsverk-

235 2474 191 34 samheten,
449 2475 32 29 d.
503 2485 31 19 v.
557 2484 25 21 s.
605 2475 269 40 möjligheterna
897 2479 50 28 att
968 2477 147 31 medelst
1139 2479 94 30 såväl
1255 2480 219 30 medicinska
1497 2490 74 21 som
1594 2483 130 30 arbets-
