1930 2852
564 183 256 34 Statsutskottets
842 185 170 32 utlåtande
1035 186 53 31 Nr
1111 188 75 29 183.
1611 187 17 30 7

453 263 173 33 allmänna
658 264 195 40 grunderna
885 265 53 32 för
966 265 194 41 beviljande
1183 276 43 22 av
1250 265 251 42 dyrtidstillägg
1524 265 107 32 under

454 317 285 33 ecklesiastikåret
765 316 187 38 1930/1931
979 318 50 32 till
1053 318 41 32 de
1117 321 186 39 prästmän,
1329 329 73 22 som
1427 319 109 32 finnas
1561 329 69 21 om-

454 370 169 33 förmälda
657 371 11 31 i
701 371 100 42 lagen
837 372 66 32 den
938 372 43 32 30
1005 372 136 41 augusti
1168 373 85 31 1918
1278 369 51 44 (nr
1353 369 75 44 724)
1452 372 176 41 angående

452 424 348 42 krigstidsunderstöd
824 427 34 30 åt
880 428 131 39 präster
1033 425 12 32 i
1068 425 220 42 nyreglerade
1312 428 150 39 pastorat
1485 429 88 29 samt
1596 428 34 30 åt

452 478 91 32 vissa
575 481 94 30 extra
702 479 168 32 ordinarie
893 482 131 39 präster
1047 479 63 32 och
1134 479 207 33 innehavare
1365 490 43 22 av
1432 479 197 42 prästerliga

452 531 226 33 emeritilöner
713 538 163 27 ävensom
910 533 11 32 i
956 533 100 42 lagen
1091 533 66 33 den
1194 534 39 32 19
1258 533 184 33 november
1468 535 86 31 1920
1577 531 52 43 (nr

453 583 77 43 844)
553 586 177 42 angående
754 586 252 43 dyrtidstillägg
1030 588 34 31 åt
1087 587 321 42 kontraktsprostar,

496 637 33 43 b)
564 639 207 43 bemyndiga
805 640 128 42 Kungl.
969 641 98 41 Maj:t
1099 644 58 36 att,
1187 641 111 32 därest
1331 641 55 32 det
1419 641 45 32 tal
1488 642 55 31 för
1564 641 65 33 lev-

451 692 436 43 nadskostnadsökningen,
916 694 11 32 i
951 694 215 32 förhållande
1190 694 112 33 vartill
1326 695 303 40 statstjänstemän-

451 757 84 21 nens
560 746 251 43 dyrtidstillägg
835 749 107 40 utgår,
966 747 65 33 blir
1054 748 143 32 föremål
1213 749 54 31 för
1283 747 155 42 ändring,
1456 748 172 39 förordna,

451 802 49 29 att
529 799 56 33 det
615 800 51 32 till
691 800 41 33 de
755 801 11 31 i
791 801 106 41 tjänst
920 801 149 33 varande
1093 804 244 39 prästmännen
1361 802 170 41 utgående
1555 801 73 42 dyr-

451 853 220 42 tidstillägget
694 854 87 32 skall
805 854 153 42 undergå
982 855 109 41 skälig
1113 855 193 42 jämkning.

175 930 201 34 Stockholm
401 932 65 33 den
493 935 42 31 26
559 934 69 41 maj
657 935 95 32 1930.

622 1032 49 33 På
695 1033 265 32 statsutskottets
984 1038 145 37 vägnar:

646 1121 184 33 ANDERS
855 1121 256 33 ANDERSON.

175 1432 198 26 Närvarande:
395 1440 30 18 se
445 1433 92 25 under
557 1433 161 26 utlåtandet
738 1442 34 16 nr
792 1433 59 26 182.
