1894 2832
310 157 20 29 6
732 158 105 27 Andra
859 158 216 34 lagutskottets
1098 159 159 28 utlåtande
1280 160 43 27 Nr
1345 161 27 26 9.

356 235 120 31 Såsom
492 246 90 21 ovan
599 237 133 31 anförts
748 238 65 30 har
829 238 417 31 socialvårdskommittén
1263 239 104 39 enligt
1383 239 76 31 sina
1476 240 144 31 direktiv
1637 244 51 27 att
1703 242 98 29 verk-

310 289 97 30 ställa
425 298 42 21 en
486 290 131 30 allmän
635 291 147 39 översyn
802 301 42 20 av
862 291 245 31 socialvården.
1127 292 112 30 Bland
1259 293 41 30 de
1318 293 304 40 huvuduppgifter,
1643 303 76 22 som
1738 304 59 21 an-

311 341 100 31 visats
436 343 216 37 kommittén,
677 343 59 31 må
762 345 145 30 nämnas
933 344 149 31 revision
1107 354 42 22 av
1174 345 316 40 fattigvårdslagen,
1519 347 213 40 granskning
1757 357 42 21 av

310 394 356 41 socialförsäkringen,
688 397 256 31 samordnande
964 398 11 30 i
995 398 108 39 görlig
1122 397 83 31 mån
1225 408 43 21 av
1289 398 253 32 socialvårdens
1562 400 91 30 olika
1675 409 125 31 grenar

310 451 87 27 samt
416 449 229 40 omprövning
664 459 42 21 av
728 449 415 41 socialvårdsutgifternas
1163 451 197 40 fördelning
1378 452 130 31 mellan
1528 456 66 27 stat
1613 454 66 29 och
1700 454 97 30 kom-

310 510 92 21 mun.
427 501 79 31 Med
530 502 135 39 hänsyn
689 502 119 31 härtill
830 504 64 30 och
918 503 45 31 då
988 504 57 30 det
1068 505 11 29 i
1101 504 177 31 motionen
1302 505 145 31 berörda
1472 505 205 39 spörsmålet
1701 507 98 30 torde

308 554 140 31 komma
473 558 51 27 att
550 555 156 40 tilldraga
733 556 52 40 sig
809 558 311 37 uppmärksamhet
1145 558 112 31 under
1282 558 222 31 kommitténs
1530 559 125 36 arbete,
1682 559 116 31 finner

309 608 162 30 utskottet
491 607 32 39 ej
544 609 76 30 skäl
638 608 129 31 föreslå
787 609 183 40 riksdagen
990 613 51 28 att
1060 610 54 31 för
1134 611 218 31 närvarande
1372 612 82 39 göra
1474 611 116 40 någon
1609 612 187 31 framställ-

310 660 81 39 ning
410 660 50 31 till
481 661 123 40 Kungl.
626 662 101 39 Maj:t
753 663 4 29 i
779 664 124 30 ämnet.

352 713 170 32 Utskottet
544 714 55 31 får
619 715 121 31 därför
760 716 191 36 hemställa,

658 824 51 28 att
737 821 228 33 förevarande
994 824 132 30 motion
1155 823 75 31 icke
1259 823 106 32 måtte
1392 824 182 31 föranleda
1602 825 51 31 till
1682 824 115 41 någon

615 874 203 40 riksdagens
847 874 130 40 åtgärd.

352 979 200 31 Stockholm
573 980 65 30 den
661 982 38 29 14
721 980 154 32 februari
898 982 93 31 1939.

752 1087 48 31 På
819 1088 107 31 andra
946 1089 239 38 lagutskottets
1204 1091 144 38 vägnar:

870 1167 138 31 DAVID
1029 1163 199 37 NORMAN.

346 1450 54 27 Vid
423 1451 143 27 ärendets
588 1451 191 36 behandling
801 1452 79 27 hava
902 1452 151 28 närvarit:

344 1510 69 28 från
442 1511 149 28 första
619 1512 197 27 kammaren:
834 1513 107 27 herrar
961 1514 149 34 Norman,
1130 1515 120 35 Tamm,
1269 1514 170 36 Hagman",
1461 1516 156 35 Västberg,
1637 1517 85 28 Knut
1740 1517 54 28 Pe-

307 1557 126 33 tersson,
452 1557 85 35 Sten,
561 1556 155 29 Wistrand
736 1558 60 27 och
815 1558 204 34 Holstenson;

344 1615 67 28 från
447 1618 139 26 andra
620 1618 196 27 kammaren:
842 1619 106 27 herrar
976 1618 136 30 Olovson
1137 1621 9 26 i
1172 1620 154 33 Västerås,
1351 1621 178 28 Pettersson
1554 1623 9 26 i
1590 1623 203 32 Hällbacken,

306 1661 166 36 Hallagård
497 1663 59 27 och
580 1663 194 36 Sandström,
800 1663 49 28 fru
874 1664 173 35 Nordgren,
1072 1665 71 27 herr
1167 1666 184 34 Barnekow,
1376 1666 112 29 fröken
1514 1667 177 29 Andersson
1716 1672 79 24 samt

305 1707 70 27 herr
394 1707 104 28 Holm.

347 1782 12 12 "
379 1783 34 31 Ej
432 1783 179 25 närvarande
631 1784 46 25 vid
698 1783 174 27 utlåtandets
890 1785 149 33 justering.

753 2467 71 20 Iduns
843 2468 111 24 tryckeri,
972 2468 91 21 Esselte
1078 2468 35 21 ab.
1131 2469 138 21 Stockholm
1287 2470 49 20 1939

992 2506 103 22 916236
