2198 2638
671 221 300 34 Bankoutskottels
994 218 193 42 Memorial,
1212 217 62 33 N:o
1296 219 31 30 4.
1786 216 19 30 3

364 314 140 48 Enligt
545 315 23 46 8
601 313 50 36 43
689 312 43 37 af
762 309 396 49 bankoreglementet
1186 319 72 37 ega
1285 305 252 49 fullmägtige
1565 307 60 36 att
1652 304 154 49 bevilja

205 368 270 39 riksbankens
516 366 236 50 gäldenärer
794 363 149 39 ackord
984 362 95 39 eller
1111 360 181 50 eftergift
1323 360 146 38 endast
1494 360 15 36 i
1537 358 67 39 det
1631 358 85 47 fall,
1746 361 60 35 att

205 423 50 38 de
297 421 153 38 afträdt
496 421 63 37 sin
607 419 197 49 egendom
849 417 64 38 till
954 416 192 45 konkurs,
1191 415 76 37 och
1300 414 63 37 till
1395 412 107 49 följd
1533 412 120 38 häraf
1679 412 126 38 hafva

205 475 265 49 fullmägtige,
499 474 64 38 till
590 473 143 38 hvilka
759 484 51 25 en
837 470 177 38 likartad
1040 468 301 48 framställning
1368 467 15 37 i
1408 468 138 36 ämnet
1563 466 115 37 förut
1696 466 109 37 varit

204 529 195 50 ingifven,
430 529 36 48 ej
497 528 159 37 kunnat
683 526 65 38 till
775 526 236 37 densamma
1037 523 135 37 lemna
1199 521 126 46 bifall,
1355 532 95 26 men
1479 519 52 38 då
1557 519 169 38 ärendet
1747 532 58 25 nu

206 583 104 38 skall
341 581 270 39 underställas
643 580 221 38 utskottets
897 577 204 49 pröfning,
1131 575 127 38 hafva
1284 573 264 49 fullmägtige,
1578 585 89 25 som
1695 585 107 33 anse,

207 640 60 35 att
307 637 15 37 i
362 634 268 40 förevarande
672 633 74 38 fall
780 630 399 49 omständigheterna
1211 632 69 34 äro
1313 627 163 46 sådana,
1507 629 59 35 att
1594 626 144 38 dervid
1765 628 37 46 ej

206 691 79 37 den
314 690 100 38 allra
437 690 224 47 strängaste
680 689 155 35 rättens
853 685 230 47 fordringar
1101 683 100 38 böra
1218 681 213 48 fullföljas,
1452 680 108 38 velat
1578 680 224 46 hemställa,

366 746 60 35 att
467 743 81 37 Per
575 742 164 48 August
767 740 147 37 Olsson
943 739 15 36 i
986 737 165 49 Ekaryd
1179 739 68 34 må
1274 735 150 38 befrias
1452 734 92 37 från
1573 733 232 50 skyldighet

205 800 61 36 att
306 797 160 48 erlägga
507 798 118 35 ränta
666 795 77 37 och
783 792 219 38 kostnader
1029 791 65 37 för
1121 790 69 38 det
1219 790 43 37 af
1288 789 153 37 honom
1468 787 130 38 under
1626 790 46 34 år
1701 788 102 36 1886

204 854 211 46 upptagna
442 850 68 37 lån
539 850 14 36 i
580 847 258 45 riksbanken,
868 845 131 38 under
1025 845 134 36 vilkor
1188 846 59 35 att
1274 843 82 37 han
1385 842 169 48 styrker,
1585 840 69 38 det
1687 853 113 36 qvar-

204 904 179 38 varande
411 904 301 37 löftesmännen
741 901 65 37 för
833 900 111 37 lånet
971 897 252 39 fortfarande
1253 908 173 26 ansvara
1452 895 66 37 för
1544 894 259 48 betalningen

205 959 44 37 af
275 957 269 38 riksbankens
572 954 252 40 återstående
852 953 169 37 fordran
1048 954 53 45 på
1129 950 133 49 grund
1290 950 43 37 af
1360 961 157 25 samma
1543 948 106 37 lån».

365 1118 117 38 Efter
528 1117 49 38 de
623 1116 306 49 upplysningar,
978 1125 87 26 som
1105 1111 252 39 beträffande
1399 1108 309 50 ifrågavarande
1736 1108 68 38 lån

207 1172 138 38 blifvit
389 1170 197 46 lemnade,
632 1171 133 36 finner
804 1168 201 38 utskottet
1045 1166 14 37 i
1086 1166 130 37 likhet
1248 1164 93 38 med
1373 1162 390 49 bankofullmägtige
1791 1163 13 36 i

206 1225 267 39 förevarande
515 1224 73 37 fall
629 1223 153 38 sådana
822 1220 343 48 omständigheter
1206 1218 205 48 föreligga,
1447 1219 59 35 att
1537 1216 267 37 riksbankens

205 1278 252 39 återstående
498 1277 169 38 fordran
709 1277 75 36 hos
824 1276 80 36 Per
946 1274 161 48 August
1149 1272 147 37 Olsson
1331 1270 195 48 billigtvis
1558 1272 67 34 må
1652 1269 153 37 honom

205 1332 251 49 eftergifvas;
487 1331 76 37 och
590 1331 65 37 får
682 1329 199 38 utskottet
908 1330 54 46 på
989 1326 132 49 grund
1148 1325 121 37 häraf
1295 1326 107 36 samt
1429 1323 54 38 då
1509 1323 199 37 utskottet
1735 1322 70 37 vid

205 1386 146 38 sådant
382 1384 256 39 förhållande
672 1395 117 25 anser
817 1381 89 39 skäl
933 1380 147 38 saknas
1108 1382 59 35 att
1195 1376 254 40 fortfarande
1478 1376 99 38 söka
1602 1375 204 38 bibehålla

205 1438 308 50 ifrågavarande
554 1437 169 38 fordran
756 1439 94 46 gent
883 1437 108 35 emot
1023 1434 79 37 Per
1137 1432 164 49 August
1329 1430 168 39 Olssons
1525 1429 279 49 qvarvarande

205 1493 230 44 löftesmän,
466 1491 141 38 hvilka
633 1490 163 49 jemväl,
818 1488 126 49 enligt
962 1487 109 38 hvad
1090 1487 43 37 af
1151 1485 296 48 handlingarne
1467 1484 189 47 framgår,
1678 1483 127 37 sakna

205 1545 353 49 utmätningsbara
585 1544 224 49 tillgångar,
839 1541 223 45 hemställa,

794 1644 59 34 att
894 1639 231 48 Riksdagen
1167 1640 68 34 må
1275 1636 131 38 befria
1438 1636 107 37 förre
1578 1636 225 36 hemmans-

633 1707 146 37 egaren
825 1694 80 37 Per
947 1693 162 48 August
1151 1691 148 37 Olsson
1339 1690 95 36 från
1476 1688 230 49 skyldighet
1747 1691 58 34 att

634 1749 161 47 erlägga
822 1745 252 39 återstående
1097 1747 120 35 ränta
1236 1744 76 36 och
1330 1743 239 47 uppkomna
1586 1741 219 38 kostnader

633 1803 66 36 för
740 1801 125 37 ofvan
908 1798 270 38 omförmälda
1211 1797 43 37 af
1285 1797 152 36 honom
1471 1795 128 37 under
1628 1797 45 35 år
1702 1795 103 36 1886

632 1858 209 45 upptagna
868 1853 69 37 lån
965 1853 14 36 i
1007 1851 256 38 riksbanken.

369 1954 235 38 Stockholm
634 1953 79 38 den
743 1954 48 35 11
821 1951 180 38 februari
1030 1951 113 36 1901.

686 2051 61 36 På
775 2048 354 39 bankoutskottets
1157 2050 166 44 vägnar:

796 2147 37 36 J.
866 2146 49 36 A.
948 2136 272 46 BOSTRÖM.
