2210 2634
717 190 247 34 Stalsutskottets
993 191 174 33 Utlåtande
1190 192 67 32 N:o
1281 194 52 31 66.
1750 193 36 30 11

223 273 103 31 emot
353 273 119 44 angår
500 269 65 37 det
594 269 207 50 sydligare,
830 270 88 37 med
946 270 69 37 litt.
1046 271 41 37 C.
1117 273 20 34 å
1164 271 134 36 kartau
1327 270 158 48 angifna
1513 270 183 46 området,
1718 283 112 24 anser

223 318 199 48 utskottet,
462 326 65 39 att,
570 320 58 48 då,
657 320 87 36 med
772 321 209 47 anledning
1008 321 42 37 af
1072 321 99 37 hvad
1200 322 89 35 herr
1316 320 141 37 Olsson
1485 321 10 35 i
1525 321 56 36 sin
1612 321 113 36 ofvan
1754 335 78 23 om-

223 369 184 37 förmälda
435 371 143 36 motion
608 370 203 47 meddelat,
840 371 152 37 befaras
1021 372 87 45 kan,
1136 377 53 32 att
1216 371 341 38 utarrenderandet
1584 372 41 36 af
1648 372 74 36 den
1743 371 89 48 syd-

224 419 88 48 liga,
340 420 57 36 till
427 420 135 49 berget
589 421 227 37 Liikavaara
842 422 216 47 gräusande
1087 422 112 37 delen
1228 422 42 36 af
1293 422 212 37 detsamma
1533 422 123 36 skulle
1678 422 153 36 komma

224 475 53 31 att
321 471 136 36 beröra
497 484 146 23 annans
667 476 87 41 rätt,
783 472 72 35 och
884 473 60 45 då,
973 472 87 36 med
1088 473 148 48 hänsyn
1265 473 59 35 till
1351 472 101 36 hvad
1480 473 8 34 i
1508 472 89 36 herr
1615 472 216 36 Hörnsténs

223 520 291 49 ifrågavarande
552 522 142 36 motion
710 521 240 47 frambållits,
976 523 173 35 området
1176 522 182 48 möjligen
1385 522 56 35 till
1469 525 128 45 någon
1625 523 60 36 del
1714 522 117 36 borde

224 576 109 41 tagas
373 571 11 36 i
427 571 167 49 anspråk
635 571 59 36 för
721 571 214 49 upplåtelse
965 576 38 33 åt
1030 573 172 36 euskilde
1231 573 57 35 till
1317 572 268 48 bebyggande,
1615 573 85 35 bela
1728 573 104 36 detta

225 620 154 36 område
407 620 84 37 icke
521 621 68 37 bör
616 624 49 46 på
692 622 161 36 arrende
880 622 59 36 till
968 622 155 48 bolaget
1149 623 188 48 upplåtas,
1365 623 116 36 innan
1510 622 207 47 utredning
1737 636 93 21 vun-

225 671 75 36 nits
341 671 199 46 angående
583 672 47 36 de
663 672 42 36 af
728 672 286 37 motionärerna
1041 673 199 49 påpekade
1269 672 275 43 förhållanden,
1573 678 90 31 utan
1693 672 137 37 endast

226 721 74 36 den
328 735 113 23 norra
469 721 145 38 hälften
639 722 41 37 af
703 723 182 47 området,
913 723 271 37 innehållande
1214 737 48 23 en
1286 723 100 37 areal
1416 723 42 37 af
1482 725 46 35 32
1559 723 145 46 hektar,
1736 723 94 36 hvil-

226 772 74 36 ken
341 772 108 47 hälft,
491 773 121 48 enligt
652 773 102 37 hvad
780 774 57 36 för
868 775 189 36 utskottet
1084 774 125 37 blifvit
1236 774 168 50 upplyst,
1432 774 100 36 lärer
1561 788 90 23 vara
1680 776 60 35 för
1766 774 66 37 be-

226 822 199 37 drifvande
454 822 41 37 af
518 824 175 48 bolagets
722 825 251 37 verksamhet
1000 825 315 48 oundgängligen
1343 824 237 48 erforderlig.

360 922 201 37 Utskottet
583 923 222 39 hemställer
832 925 127 37 alltså:

730 973 34 48 a)
793 981 54 31 att
875 976 141 47 Kungl.
1046 975 125 46 Maj:ts
1199 975 292 47 ifrågavarande
1516 975 238 50 proposition
1774 978 59 36 må

629 1028 49 45 på
705 1025 67 37 det
799 1031 76 32 sätt
903 1026 163 44 bifallas,
1095 1033 55 30 att
1176 1026 223 47 Riksdagen
1429 1026 213 45 medgifver

730 1078 75 36 dels
831 1084 55 30 att
913 1077 42 37 af
977 1078 144 36 kronan
1145 1077 172 47 tillhörig
1345 1077 219 48 kronopark
1592 1080 21 33 å
1640 1077 69 37 och
1726 1076 106 37 invid

629 1126 136 50 berget
791 1128 202 37 Nautanen
1016 1128 12 36 i
1057 1127 192 38 Gellivare
1279 1127 143 38 socken
1451 1128 40 35 af
1504 1128 329 36 Norrbottens
1766 1122 70 58 län

629 1183 55 31 ett
711 1182 21 33 å
758 1192 49 24 en
835 1179 42 37 af
900 1180 118 36 förste
1047 1179 280 36 landtmätaren
1356 1178 39 37 C.
1423 1179 43 36 A.
1497 1178 167 48 Sjöberg
1680 1182 39 33 år
1739 1180 93 34 1902

629 1230 206 47 upprättad
876 1230 108 36 karta
1023 1229 86 37 med
1151 1234 121 43 gröna
1304 1229 232 47 gränslivjer
1562 1230 169 35 utmärkt
1759 1230 72 35 och

631 1279 88 37 med
746 1280 69 37 litt.
865 1282 15 35 A
920 1280 233 37 betecknadt
1180 1280 153 36 område
1361 1292 61 23 om
1453 1281 46 34 14
1527 1279 135 36 hektar
1690 1282 60 33 må
1777 1279 58 36 till

629 1330 261 48 aktiebolaget
928 1330 222 37 Nautanens
1192 1329 216 50 kopparfält
1446 1329 121 37 under
1607 1329 227 48 äganderätt

628 1381 177 49 upplåtas
846 1387 80 31 mot
966 1395 47 23 en
1054 1381 259 49 köpeskilling
1352 1380 42 36 af
1428 1382 112 45 2,800
1568 1381 141 36 kronor
1736 1386 98 31 samt

630 1432 123 36 under
780 1432 139 37 villkor
945 1432 13 36 i
986 1432 130 48 öfrigt:

732 1489 66 41 att,
827 1483 119 37 sedan
978 1482 312 50 köpeskillingen
1320 1481 126 37 blifvit
1473 1481 145 48 erlagd,
1649 1481 190 49 köpebref

631 1536 21 33 å
679 1533 67 37 det
785 1534 167 37 försålda
980 1534 172 36 området
1180 1538 55 31 att
1258 1532 237 37 omedelbart
1518 1532 41 37 af
1578 1532 159 46 bolaget
1759 1532 75 36 till-

630 1584 141 48 trädas,
796 1588 60 33 må
884 1585 41 36 af
948 1584 140 49 Kungl.
1106 1584 125 49 Maj:ts
1246 1583 586 49 befallningshafvande
1684 1579 19 58 i
1724 1579 110 58 Norr-

630 1634 156 39 bottens
814 1635 61 37 län
903 1635 187 46 utfärdas;

732 1692 56 31 att
814 1686 147 37 kronan
988 1689 62 33 må
1076 1686 106 48 njuta
1209 1685 75 36 den
1311 1689 76 32 rätt
1413 1684 57 37 till
1490 1684 168 37 afkomst
1672 1684 70 37 och
1758 1684 78 37 för-

632 1740 88 33 mån
747 1737 82 37 från
858 1738 77 36 den
963 1737 57 36 till
1043 1737 157 48 bolaget
1226 1735 167 37 försålda
1421 1735 119 47 mark,
1569 1741 54 31 att
1650 1735 144 36 kronan
1822 1735 12 37 i

632 1787 110 49 fråga
782 1801 61 24 om
882 1786 353 50 tillgodogörandet
1273 1786 42 37 af
1340 1786 245 50 fyndigheter
1612 1788 21 34 å
1656 1786 74 36 den
1758 1786 77 36 för-

631 1839 109 36 sålda
781 1839 156 37 marken
970 1838 213 37 bibehåller
1210 1837 77 37 den
1314 1842 86 40 rätt,
1430 1850 80 23 som
1542 1837 145 36 kronan
1712 1836 124 48 enligt

630 1889 259 48 grufstadgan
930 1889 123 37 skulle
1082 1892 123 34 såsom
1229 1888 209 48 jordägare
1466 1887 190 45 innehaft;
1685 1894 99 29 samt

733 1946 56 32 att
820 1940 154 48 bolaget
1002 1939 97 38 skall
1126 1945 149 32 ensamt
1297 1938 216 37 vidkännas
1541 1938 74 37 alla
1642 1938 86 37 med
1755 1938 81 49 lag-

631 1991 126 37 farten
784 1990 185 38 förenade
996 1989 222 46 kostnader;

733 2043 74 36 dels
846 2047 55 31 att
943 2041 41 37 af
1020 2041 251 37 omförmälda
1312 2039 217 49 kronopark
1569 2042 59 34 må
1654 2040 58 37 till
1739 2039 98 38 före-

632 2092 169 37 nämnda
840 2092 119 48 bolag
998 2096 49 44 på
1074 2091 160 37 arrende
1263 2090 121 37 under
1412 2104 47 23 en
1486 2090 55 36 tid
1570 2091 42 37 af
1635 2090 132 38 femtio
1795 2095 41 32 år

632 2144 179 48 upplåtas
832 2143 106 37 såväl
955 2142 64 37 det
1038 2146 21 34 å
1072 2142 278 37 ofvanberörda
1366 2141 109 36 karta
1492 2141 86 36 med
1595 2141 91 37 röda
1701 2147 135 44 gräns-

632 2194 115 49 linjer
786 2194 193 37 utmärkta
1009 2193 73 37 och
1111 2192 85 38 med
1225 2192 69 37 litt.
1343 2192 11 37 B
1382 2192 240 37 betecknade
1652 2192 184 46 området,

634 2259 82 24 som
746 2245 72 38 ock
845 2258 113 24 norra
981 2244 145 38 hälften
1154 2243 41 38 af
1210 2243 65 38 det
1306 2247 8 33 å
1328 2243 167 38 nämnda
1509 2243 108 38 karta
1630 2246 48 45 på
1693 2257 144 25 samma
