1856 2790
255 184 19 30 4
536 183 453 31 Konstitutionsutskottets
1010 184 179 30 utlåtande
1210 193 43 20 nr
1276 184 39 29 14
1338 184 39 30 år
1400 184 83 30 1959

261 270 127 30 dernas
407 269 226 40 kungörelser
652 269 128 30 införts
798 269 12 29 i
829 268 89 31 flera
936 268 275 39 lokaltidningar
1231 269 43 28 än
1294 267 321 40 länsstyrelsernas.
1635 267 52 29 Då
1707 267 57 30 de-

261 319 342 40 partementschefen
629 319 187 30 förordade
842 319 68 29 den
935 318 146 30 berörda
1107 318 252 40 lagändringen
1387 317 200 30 förklarade
1615 317 71 29 han
1713 317 51 39 sig

260 370 121 30 därför
403 370 184 30 förutsätta
605 372 47 28 att
671 371 41 29 de
732 378 254 29 gemensamma
1004 369 271 37 kungörelserna
1295 368 156 30 infördes
1470 368 11 29 i
1501 368 262 37 ortstidningar-

261 429 44 20 na
323 420 11 29 i
353 420 67 29 den
438 419 254 40 utsträckning,
711 421 49 28 att
778 419 256 30 allmänhetens
1052 419 221 39 möjligheter
1292 420 50 28 att
1360 418 37 29 få
1415 418 199 29 kännedom
1633 427 56 20 om
1706 427 58 20 va-

261 470 54 29 len
334 470 77 29 icke
428 470 117 29 kunde
564 479 101 20 anses
684 469 46 30 bli
749 469 228 30 försämrade.
997 469 126 31 Utöver
1143 469 66 29 den
1227 478 48 20 nu
1294 468 151 40 angivna
1464 468 197 39 föreslagna
1680 468 84 29 änd-

261 520 123 39 ringen
402 520 11 29 i
431 520 228 29 kommunala
676 520 159 39 vallagen
854 519 154 30 innehöll
1027 519 262 39 propositionen
1310 519 106 29 bland
1434 521 105 27 annat
1558 518 130 38 förslag
1708 528 56 21 om

261 572 49 28 att
328 570 305 30 bestämmelserna
651 570 11 29 i
682 570 150 29 nämnda
853 571 54 37 lag
927 579 56 20 om
1002 569 318 37 tillkännagivande
1341 571 11 29 i
1372 569 137 37 kyrkan
1529 569 110 29 skulle
1659 570 105 28 ersät-

261 621 52 28 tas
335 620 80 29 med
438 619 182 31 föreskrift
641 622 51 27 att
713 619 235 40 kungörelsen
971 619 112 30 skulle
1105 619 118 30 anslås
1245 619 45 39 på
1311 619 276 30 kommunernas
1610 619 155 39 anslags-

263 670 121 30 tavlor.

305 720 50 29 De
378 720 10 29 i
410 720 262 39 propositionen
695 719 200 40 föreslagna
917 719 237 40 ändringarna
1175 719 11 29 i
1209 720 231 29 kommunala
1461 719 158 39 vallagen
1642 721 123 37 antogs

262 779 41 20 av
323 770 188 39 riksdagen
531 770 66 30 och
617 770 202 39 därigenom
841 770 82 30 kom
944 770 310 29 bestämmelserna
1275 779 58 20 om
1354 769 229 40 kungörande
1606 779 41 20 av
1668 770 97 29 kom-

261 820 146 31 munala
423 821 54 29 val
496 822 50 28 att
565 820 133 30 erhålla
716 820 60 30 sitt
794 820 204 31 nuvarande
1015 819 166 31 innehåll.

306 922 226 29 Motionerna.
563 922 47 29 De
639 921 11 29 i
680 921 295 37 ortstidningarna
1004 920 141 30 införda
1173 920 336 40 valkungörelserna
1538 920 90 30 läses
1658 920 107 39 enligt

261 971 280 31 motionärernas
560 971 227 39 uppfattning
807 971 124 30 endast
951 980 41 20 av
1010 973 49 28 ett
1078 970 86 30 fåtal
1183 971 144 38 väljare.
1347 970 244 30 Kostnaderna
1611 970 54 30 för
1684 970 82 30 den-

262 1030 45 21 na
328 1021 236 40 annonsering
587 1030 102 30 synes
709 1022 258 29 motionärerna
987 1022 87 29 även
1096 1031 83 20 vara
1198 1021 204 37 betydande.
1423 1021 115 37 Enligt
1557 1021 67 30 vad
1644 1020 122 31 motio-

263 1073 150 29 närerna
436 1072 168 34 inhämtat
629 1072 149 37 uppgick
804 1071 145 30 sålunda
973 1072 101 29 dessa
1098 1071 188 30 kostnader
1310 1071 56 30 för
1391 1071 209 37 Gävleborgs
1627 1072 56 29 län
1708 1071 58 30 vid

263 1121 387 40 riksdagsmannavalet
673 1121 12 29 i
707 1121 80 39 juni
813 1121 83 30 1958
921 1121 51 29 till
1000 1121 38 30 13
1052 1121 63 31 290
1140 1121 130 30 kronor
1294 1121 66 29 och
1383 1121 59 29 vid
1467 1121 299 30 kommunalvalet

262 1172 11 28 i
291 1171 196 39 september
507 1181 135 20 samma
660 1172 38 29 år
716 1172 52 29 till
789 1171 39 30 10
844 1171 62 30 090
928 1172 139 29 kronor.
1087 1172 67 28 För
1173 1171 79 30 hela
1271 1171 119 30 landet
1410 1171 98 30 torde
1528 1171 162 39 utgiften,
1709 1181 58 20 en-

262 1221 61 40 ligt
344 1222 279 29 motionärernas
644 1222 205 39 beräkning,
871 1222 46 29 ha
937 1222 147 39 uppgått
1105 1221 52 30 till
1178 1224 48 27 ett
1247 1221 126 40 belopp
1395 1221 76 31 icke
1494 1221 272 40 understigande

262 1281 43 20 en
328 1272 82 29 halv
431 1272 124 39 miljon
578 1272 140 29 kronor.
742 1272 77 30 Med
843 1272 202 30 nuvarande
1071 1272 454 34 kommunikationsmedel,
1547 1272 45 29 bl.
1616 1281 29 20 a.
1669 1272 98 29 radio

262 1322 66 29 och
351 1322 190 35 television,
564 1322 95 30 vilka
684 1323 108 38 ägnar
816 1324 72 28 stor
911 1322 314 40 uppmärksamhet
1250 1322 34 30 åt
1307 1322 111 34 valen,
1443 1322 98 30 torde
1565 1322 106 39 enligt
1695 1332 72 19 mo-

264 1372 201 30 tionärerna
489 1372 104 40 ingen
617 1372 117 40 undgå
758 1375 50 27 att
832 1372 36 30 få
892 1373 254 29 underrättelse
1170 1382 57 20 om
1252 1372 191 31 desamma.
1468 1373 75 29 Den
1566 1372 201 40 ytterligare

265 1422 139 36 service,
430 1432 73 20 som
526 1423 258 29 kommunerna
808 1422 108 40 åtagit
940 1423 50 39 sig
1013 1431 124 31 genom
1162 1425 50 28 att
1236 1422 212 31 distribuera
1471 1423 155 30 röstkort
1650 1423 51 29 till
1726 1423 41 29 de

263 1472 299 40 röstberättigade,
586 1472 116 31 finner
724 1473 262 29 motionärerna
1007 1474 86 29 även
1115 1473 121 30 kunna
1261 1474 102 38 göras
1385 1473 238 40 obligatorisk.
1647 1473 121 30 Motio-

263 1523 152 29 närerna
434 1532 101 21 anser
553 1523 57 30 det
628 1523 119 30 därför
765 1523 85 30 böra
867 1524 198 38 övervägas,
1083 1523 175 29 huruvida
1275 1524 204 38 vallagarna
1495 1523 12 29 i
1525 1523 243 40 fortsättning-

263 1582 43 20 en
322 1573 112 30 måste
451 1573 178 30 innehålla
645 1573 218 40 stadganden
880 1583 56 20 om
953 1574 303 39 valkungörelsers
1273 1573 187 30 införande
1477 1575 10 29 i
1504 1574 263 39 ortstidningar,

264 1623 64 29 och
348 1623 202 30 hemställer
570 1633 57 20 om
646 1623 189 40 utredning
855 1623 133 30 härom.

307 1716 183 29 Utskottet.
513 1716 120 30 Såsom
656 1715 152 38 framgår
831 1726 42 20 av
896 1717 55 29 det
974 1716 204 38 föregående
1203 1726 101 28 synes
1328 1717 114 37 någon
1464 1717 139 30 erinran
1624 1717 144 37 tidigare

264 1765 76 30 icke
363 1766 46 29 ha
431 1766 110 39 gjorts
566 1768 73 27 mot
661 1766 252 39 lämpligheten
937 1776 41 19 av
1001 1767 41 29 de
1065 1766 275 35 bestämmelser,
1366 1776 73 20 som
1464 1767 212 30 föreskriver
1698 1767 70 29 val-

266 1817 246 38 kungörelsers
538 1816 185 31 införande
748 1819 12 26 i
784 1816 264 39 ortstidningar.
1074 1817 165 29 Tvärtom
1264 1817 65 30 har
1354 1817 11 29 i
1391 1817 170 30 samband
1586 1817 78 29 med
1691 1817 41 30 de
1757 1817 11 29 i

264 1866 230 29 kommunala
511 1866 158 40 vallagen
689 1866 38 30 år
749 1866 83 30 1953
852 1866 164 40 vidtagna
1037 1867 237 39 ändringarna
1294 1867 80 29 från
1395 1867 95 30 såväl
1510 1867 258 30 vederbörande

266 1916 342 39 departementschef
634 1925 74 21 som
734 1917 429 29 konstitutionsutskottet
1189 1917 145 30 uttalats
1361 1919 50 28 att
1437 1918 57 29 det
1519 1927 81 20 vore
1626 1927 42 20 av
1694 1918 75 28 vikt

267 1968 48 28 att
341 1966 42 29 de
411 1975 41 20 av
478 1967 289 36 länsstyrelserna
794 1967 182 30 utfärdade
1002 1968 330 36 valkungörelserna
1359 1968 155 30 infördes
1542 1970 11 28 i
1581 1968 38 30 så
1645 1968 122 37 många

264 2015 65 30 och
352 2015 147 30 allmänt
520 2016 142 39 spridda
684 2016 180 40 tidningar
886 2019 50 28 att
958 2017 96 39 varje
1077 2017 74 30 risk
1173 2018 118 29 kunde
1317 2027 102 20 anses
1442 2018 177 30 utesluten
1642 2018 55 30 för
1719 2020 50 27 att

265 2065 256 32 allmänhetens
545 2067 199 29 kännedom
766 2076 57 21 om
844 2068 102 29 valen
968 2067 246 30 försämrades.
1238 2068 212 39 Visserligen
1473 2069 70 29 kan
1565 2069 204 29 kostnader-

266 2125 45 20 na
332 2116 56 30 för
408 2117 304 39 valkungörelsers
733 2117 188 30 införande
941 2117 12 29 i
974 2118 252 39 ortstidningar
1247 2118 11 29 i
1280 2118 65 30 och
1368 2118 55 30 för
1445 2119 50 39 sig
1516 2119 177 29 måhända
1716 2128 53 30 sy-

265 2176 64 20 nas
358 2166 205 40 betydande.
595 2167 153 30 Sålunda
776 2167 164 40 uppgick,
969 2168 106 39 enligt
1104 2168 67 29 vad
1199 2169 172 29 utskottet
1400 2169 185 35 inhämtat,
1615 2170 155 29 nämnda

265 2216 191 30 kostnader
477 2216 56 30 vid
556 2217 298 39 septembervalen
879 2218 82 30 1958
984 2218 54 30 för
1061 2219 220 30 Stockholms
1305 2219 97 30 stads
1423 2219 272 30 vidkommande
1717 2220 51 29 till

265 2266 97 30 cirka
385 2266 40 30 50
441 2267 61 30 000
522 2267 131 29 kronor
672 2267 64 30 och
755 2268 56 29 för
832 2268 220 30 Stockholms
1072 2269 77 29 läns
1167 2268 274 31 vidkommande
1461 2270 51 29 till
1533 2269 97 30 cirka
1651 2270 40 30 30
1706 2270 62 29 000

265 2317 142 29 kronor.
438 2319 12 28 I
478 2317 229 30 betraktande
735 2318 109 29 härav
874 2318 177 29 förefaller
1079 2318 66 30 den
1174 2328 41 20 av
1243 2319 262 30 motionärerna
1534 2320 235 39 uppskattade

267 2367 265 39 sammanlagda
549 2367 197 30 kostnaden
762 2368 12 29 i
790 2377 49 21 nu
856 2369 124 29 nämnt
997 2369 198 30 hänseende
1214 2369 54 30 för
1285 2370 79 29 hela
1381 2370 119 30 landet
1516 2370 58 29 vid
1592 2372 48 28 ett
1657 2371 111 39 dylikt

265 2418 111 29 större
398 2418 66 34 val,
486 2428 40 20 en
551 2418 92 29 halv'
662 2418 117 40 miljon
804 2418 141 37 kronor,
970 2419 171 29 sannolik.
1166 2420 78 29 Men
1268 2420 177 30 storleken
1468 2430 42 20 av
1532 2421 236 30 kostnaderna

266 2467 54 30 för
339 2467 116 31 denna
473 2468 236 40 annonsering
727 2469 70 29 kan
817 2468 108 40 enligt
944 2469 189 30 utskottets
1152 2469 228 40 uppfattning
1399 2470 112 30 under
1530 2471 68 29 alla
1617 2473 153 28 omstän-
