1858 2792
371 187 452 30 Konstitutionsutskottets
845 187 179 31 utlåtande
1046 197 42 20 nr
1111 188 40 30 14
1174 188 38 30 år
1235 188 83 30 1959
1581 189 17 30 3

93 269 222 39 förrättning,
335 269 117 30 vilken
472 271 111 29 skulle
603 272 63 38 äga
684 280 78 20 rum
782 271 112 30 under
915 271 70 30 viss
1005 271 203 39 tidsperiod.
1229 271 45 30 År
1296 271 82 30 1942
1399 272 197 30 bestämdes

93 319 163 40 slutligen
276 320 113 39 dagen
409 320 54 30 för
483 321 40 29 de
544 321 179 29 allmänna
742 321 230 30 kommunala
991 322 102 29 valen
1113 322 45 39 på
1178 322 68 29 sätt
1266 330 48 21 nu
1335 322 117 39 gäller.
1479 324 6 29 I
1506 331 90 21 sam-

92 370 92 29 band
205 370 78 30 med
303 370 103 30 dessa
424 371 248 40 lagändringar
691 371 255 40 omreglerades
966 372 76 31 icke
1062 372 194 39 ordningen
1278 372 55 30 för
1352 372 244 40 kungörandet

93 429 42 20 av
152 420 42 30 de
212 420 230 30 kommunala
461 421 111 30 valen.

137 472 13 29 I
169 470 172 30 motioner
358 471 59 30 vid
439 471 79 31 1951
540 472 56 30 års
616 472 142 40 riksdag
783 472 45 32 (1:
845 472 63 31 240
929 482 41 21 av
988 473 81 30 herr
1089 473 116 30 Cassel
1224 473 66 30 och
1310 474 45 29 IH:
1373 473 61 30 317
1455 483 42 20 av
1515 474 81 29 herr

92 521 150 35 Håstad)
268 521 227 31 hemställdes
516 531 56 21 om
594 522 131 40 förslag
747 523 51 29 till
822 523 111 30 sådan
954 523 149 40 ändring
1125 533 42 21 av
1188 523 66 30 den
1275 524 230 30 kommunala
1525 525 71 29 val-

91 571 102 39 lagen
218 573 50 28 att
292 572 252 40 länsstyrelsen
568 572 94 40 finge
688 573 159 40 uppdrag
873 576 50 27 att
948 574 161 39 kungöra
1133 574 130 39 jämväl
1288 575 55 29 val
1370 584 42 20 av
1436 575 160 29 kommu-

92 621 283 41 nalfullmäktige
399 623 65 29 och
488 623 320 40 stadsfullmäktige
833 624 180 40 samtidigt
1037 624 80 30 med
1141 625 245 39 kungörandet
1411 634 42 21 av
1474 625 55 30 val
1554 634 42 21 av

91 671 292 41 landstingsmän,
404 674 13 29 I
437 673 59 30 sitt
516 673 180 30 utlålande
715 675 81 29 över
815 674 221 30 motionerna
1062 675 59 33 (nr
1143 675 167 36 12/1951)
1336 675 154 30 uttalade
1510 676 86 29 kon-

92 722 354 31 stitutionsutskottet
465 726 49 27 att
532 732 124 31 genom
675 724 57 30 det
750 724 230 40 kungörande
999 725 10 29 i
1029 725 275 40 lokaltidningar
1323 726 83 30 eller
1425 726 44 39 på
1488 727 107 29 annat

93 774 79 33 sätt,
202 782 120 21 varom
352 774 278 30 valnämnderna
660 774 65 30 och
755 775 271 39 magistraterna
1057 776 241 40 regelmässigt
1330 776 264 35 föranstaltade,

92 822 131 31 nåddes
241 825 94 29 stora
352 832 151 31 grupper
519 824 144 40 väljare,
679 824 95 31 vilka
791 825 76 30 icke
886 826 113 30 skulle
1016 826 133 30 erhålla
1168 826 255 31 underrättelse
1441 836 55 21 om
1516 826 80 30 full-

91 874 267 39 mäktigevalen,
376 875 117 30 därest
509 876 228 30 meddelande
754 876 122 30 därom
896 876 135 40 intoges
1048 877 125 30 endast
1190 877 10 29 i
1218 878 41 29 de
1277 886 42 21 av
1336 877 259 40 länsstyrelser-

91 933 45 21 na
160 924 186 31 utfärdade
371 925 285 40 kungörelserna,
681 935 74 21 som
780 936 43 20 av
846 927 231 30 ekonomiska
1102 927 82 30 eller
1209 927 110 31 andra
1345 928 75 30 skäl
1446 927 73 31 ofta
1543 928 52 29 in-

92 974 117 31 fördes
237 975 11 29 i
276 975 125 30 endast
429 978 48 27 ett
504 976 186 39 begränsat
718 977 94 29 antal
842 976 188 40 tidningar.
1060 978 78 29 Med
1167 977 66 30 den
1263 987 42 21 av
1333 978 261 31 motionärerna

91 1025 199 40 föreslagna
317 1025 195 40 ordningen
540 1026 112 30 skulle
680 1027 107 39 enligt
814 1028 172 29 utskottet
1016 1028 245 39 kungörandet
1289 1038 42 20 av
1359 1028 235 41 fullmäktige-

89 1075 102 29 valen
211 1075 142 31 komma
373 1078 51 28 att
444 1076 47 30 bli
509 1076 137 31 mindre
666 1076 162 31 effektivt
850 1078 44 29 än
914 1077 125 31 dittills
1059 1079 90 29 varit
1169 1079 106 30 fallet.
1296 1079 172 30 Utskottet
1488 1080 107 37 ansåg

90 1126 52 37 sig
162 1126 119 30 därför
302 1126 76 30 icke
398 1126 118 31 kunna
536 1127 175 37 tillstyrka
731 1128 228 30 motionerna.
981 1127 76 31 Åtta
1078 1129 189 30 ledamöter
1287 1139 43 20 av
1352 1130 165 30 utskottet
1537 1139 57 21 av-

89 1183 65 32 gav
174 1176 225 37 reservation,
422 1177 74 29 vari
518 1177 41 30 de
581 1177 199 30 förklarade
803 1178 51 39 sig
874 1178 87 39 vilja
983 1178 122 30 bifalla
1126 1179 231 30 motionerna.

135 1227 13 29 I
174 1227 188 39 riksdagen
388 1227 201 40 godkändes
616 1228 189 30 utskottets
831 1228 132 41 förslag
989 1238 42 21 av
1056 1229 112 31 andra
1193 1229 218 36 kammaren,
1436 1233 156 28 varemot

89 1276 112 31 första
221 1277 206 30 kammaren
447 1277 96 31 biföll
564 1279 270 30 reservationen.

133 1327 66 30 Vid
223 1327 82 30 1952
326 1328 58 30 års
405 1327 142 41 riksdag
567 1329 142 30 väcktes
729 1329 174 30 motioner
929 1329 46 34 (1:
992 1330 63 30 244
1079 1339 43 21 av
1141 1330 80 31 herr
1243 1331 116 31 Cassel
1381 1332 65 29 och
1467 1332 46 30 II:
1529 1332 60 30 321

90 1386 41 21 av
148 1376 124 31 fröken
288 1378 265 34 Wetterström)
574 1379 79 30 med
671 1388 136 21 samma
823 1379 213 31 hemställan
1053 1389 75 21 som
1146 1381 10 29 i
1174 1380 41 31 de
1232 1381 58 30 vid
1309 1381 209 40 föregående
1535 1382 57 30 års

88 1427 143 40 riksdag
247 1428 128 30 väckta
392 1428 229 31 motionerna.
640 1429 436 31 Konstitutionsutskottet
1094 1431 198 31 förklarade
1310 1431 11 29 i
1341 1432 58 30 sitt
1417 1432 176 30 utlåtande

94 1477 59 34 (nr
171 1477 145 36 7/1952)
340 1480 51 28 att
408 1478 170 30 utskottet
597 1479 57 29 vid
673 1478 141 40 förnyat
832 1480 240 39 övervägande
1090 1490 43 20 av
1151 1480 229 32 förevarande
1399 1482 99 39 fråga
1516 1482 76 31 icke

88 1527 119 39 längre
225 1528 91 29 velat
336 1528 166 40 avstyrka
520 1530 49 28 ett
588 1529 167 39 enhetligt
774 1530 230 39 kungörande
1023 1538 125 32 genom
1166 1531 271 40 länsstyrelsens
1456 1532 136 41 försorg

88 1586 42 21 av
149 1577 432 40 landstingsmannavalen
600 1579 65 30 och
684 1580 41 29 de
745 1579 366 40 primärkommunala
1130 1582 112 34 valen,
1263 1582 44 30 då
1326 1582 94 31 vissa
1440 1582 153 31 fördelar

87 1627 240 40 otvivelaktigt
350 1628 77 30 stod
449 1631 49 28 att
518 1629 108 31 vinna
646 1637 124 32 genom
792 1639 43 22 en
857 1630 97 40 dylik
976 1631 207 40 anordning.
1206 1632 203 31 Emellertid
1433 1633 87 30 fann
1541 1634 51 40 sig

87 1678 171 30 utskottet
278 1678 86 30 böra
385 1679 234 39 understryka
639 1680 306 40 nödvändigheten
967 1690 42 21 av
1029 1683 51 28 att
1100 1681 42 31 de
1164 1691 41 20 av
1227 1682 292 40 länsstyrelserna
1540 1686 52 28 ut-

88 1728 142 30 färdade
253 1729 330 37 valkungörelserna
605 1738 82 30 gavs
710 1740 42 20 en
774 1730 38 30 så
836 1731 219 38 överskådlig
1078 1732 216 39 utformning
1316 1733 65 30 och
1404 1734 154 32 infördes
1580 1736 11 28 i

89 1778 37 29 så
145 1778 127 40 många
293 1779 65 29 och
379 1779 146 30 allmänt
545 1780 143 39 spridda
708 1780 188 40 tidningar,
918 1783 50 28 att
987 1782 98 39 varje
1106 1782 72 30 risk
1199 1782 118 31 kunde
1339 1793 102 21 anses
1462 1785 130 30 uteslu-

87 1830 57 27 ten
166 1828 54 30 för
239 1830 50 28 att
309 1829 255 31 allmänhetens
583 1830 199 30 kännedom
802 1840 57 20 om
878 1831 102 30 valen
1000 1831 247 32 försämrades.

132 1878 13 29 I
164 1878 152 39 enlighet
334 1879 80 29 med
433 1879 445 32 konstitutionsutskottets
898 1881 211 30 hemställan
1129 1882 118 30 anhöll
1266 1883 188 40 riksdagen
1473 1885 11 28 i
1505 1885 87 29 skri-

86 1928 93 29 velse
198 1930 50 27 att
266 1928 126 39 Kungl.
413 1929 103 39 Maj:t
535 1929 108 30 måtte
661 1929 55 31 för
734 1931 189 39 riksdagen
942 1930 196 41 framlägga
1155 1932 132 40 förslag
1305 1933 51 29 till
1380 1934 108 30 sådan
1508 1935 83 29 änd-

87 1976 77 41 ring
186 1987 41 20 av
249 1978 229 31 kommunala
499 1979 158 39 vallagen
680 1982 49 27 att
751 1980 252 40 länsstyrelsen
1026 1981 94 40 finge
1142 1982 11 29 i
1177 1983 158 40 uppdrag
1359 1986 50 28 att
1432 1985 158 39 kungöra

87 2028 130 38 jämväl
246 2029 54 28 val
330 2038 42 20 av
402 2029 429 40 kommunalfullmäktige
860 2031 65 29 och
955 2031 320 41 stadsfullmäktige
1305 2034 178 40 samtidigt
1511 2036 78 29 med

87 2078 244 38 kungörandet
351 2088 43 20 av
415 2080 54 28 val
490 2089 41 19 av
552 2080 292 39 landstingsmän.

133 2128 12 28 I
168 2128 218 39 proposition
409 2138 41 19 nr
473 2129 61 30 210
559 2130 51 29 till
636 2130 82 30 1953
741 2131 56 29 års
820 2131 143 40 riksdag
986 2132 172 30 framlade
1181 2134 125 39 Kungl.
1331 2135 105 38 Maj:t
1459 2135 131 40 förslag

86 2177 52 29 till
157 2187 45 30 ny
220 2178 274 40 kommunallag,
511 2179 107 30 vilket
636 2180 146 30 innebar
801 2181 106 29 bland
926 2184 108 27 annat
1052 2184 50 27 att
1121 2183 385 31 kommunalstämman
1525 2187 64 28 och

87 2227 178 30 allmänna
281 2228 191 39 rådstugan
489 2229 235 30 avskaffades.
743 2231 266 38 Propositionen
1026 2232 154 29 innehöll
1198 2233 174 39 därjämte
1392 2234 130 40 förslag
1539 2236 49 29 till

86 2276 93 29 vissa
196 2277 189 39 ändringar
402 2279 10 27 i
429 2279 227 29 kommunala
672 2280 168 38 vallagen.
860 2283 12 27 I
890 2281 152 39 enlighet
1059 2282 79 29 med
1156 2282 206 39 riksdagens
1380 2284 209 30 hemställan

88 2326 167 37 föreslogs
272 2327 146 30 sålunda
434 2330 47 27 att
496 2330 42 35 på
555 2329 244 37 länsstyrelsen
818 2331 110 29 skulle
944 2332 185 29 ankomma
1145 2334 47 27 att
1208 2333 155 37 kungöra
1387 2351 3 3 —
1438 2335 150 29 förutom

86 2376 54 29 val
162 2386 41 19 av
222 2376 280 40 landstingsmän
522 2396 13 3 —
583 2380 53 28 val
658 2388 42 20 av
721 2379 431 41 kommunalfullmäktige
1173 2382 64 29 och
1257 2383 330 41 stadsfullmäktige.

88 2427 11 28 I
124 2426 113 30 denna
261 2427 52 29 del
338 2436 42 20 av
406 2427 165 39 förslaget
595 2429 154 30 uttalade
773 2430 388 38 departementschefen
1185 2432 105 30 bland
1315 2436 118 36 annat,
1458 2436 50 28 att
1532 2435 57 30 det

88 2475 279 31 dittillsvarande
398 2480 164 37 systemet
591 2479 150 38 erbjudit
773 2489 41 20 en
845 2480 71 30 viss
945 2480 109 30 fördel
1085 2481 215 31 därutinnan
1331 2486 49 27 att
1408 2486 183 29 valnämn-
