1914 2788
542 135 105 27 Andra
665 135 215 34 lagutskottets
900 136 157 28 utlåtande
1076 146 37 18 nr
1134 138 43 26 12.
1594 141 14 28 1

783 393 67 39 Nr
880 393 62 39 12.

317 503 182 31 Utlåtande
528 505 10 29 i
564 504 187 39 anledning
778 514 42 20 av
849 505 123 30 väckta
1000 506 169 29 motioner
1197 505 178 39 angående
1405 506 203 39 lagstadgad

515 557 151 31 kontroll
687 559 80 29 över
786 558 153 30 handeln
961 559 78 30 med
1061 569 24 20 s.
1107 559 32 30 k.
1165 559 375 39 bekämpningsmedel.

160 699 116 31 Andra
294 700 223 39 lagutskottet
535 701 64 29 har
618 701 49 29 till
683 701 212 39 behandling
912 702 152 30 förehaft
1081 702 56 30 två
1154 703 96 29 inom
1267 703 185 38 riksdagen
1472 703 134 35 väckta,

118 752 50 30 till
192 753 190 39 lagutskott
409 753 189 30 hänvisade
624 754 179 35 motioner,
829 755 174 39 nämligen
1029 765 41 20 nr
1097 756 38 28 12
1163 755 10 30 i
1199 755 109 31 första
1335 756 205 30 kammaren
1565 765 43 21 av

118 807 79 29 herr
216 806 185 30 Bondeson
422 816 44 20 m.
488 806 37 38 fl.
546 808 66 29 och
633 817 41 20 nr
696 808 40 29 23
757 807 11 30 i
789 808 110 30 andra
923 809 203 29 kammaren
1148 818 42 21 av
1211 809 81 29 herr
1314 808 166 39 Liedberg
1504 818 42 21 m.
1570 809 36 37 fl.

161 860 14 29 I
196 860 228 35 motionerna,
446 860 93 30 vilka
558 861 61 30 äro
640 860 233 40 likalydande,
894 862 65 29 har
979 862 201 35 hemställts,
1208 865 67 27 »att
1295 862 186 39 riksdagen
1502 861 106 31 måtte

116 913 12 30 1
147 913 163 31 skrivelse
330 914 50 29 till
403 914 123 39 Kungl.
548 914 100 38 Maj:t
668 913 141 32 anhålla
830 924 57 20 om
907 915 190 38 skyndsam
1119 915 183 39 utredning
1324 914 179 40 angående
1525 916 82 29 kva-

116 967 244 30 litetskontroll
378 977 43 20 av
438 966 131 31 sådana
587 970 171 36 preparat,
779 977 75 21 som
871 978 80 20 avse
969 969 256 38 bekämpandet
1244 978 41 21 av
1306 968 94 31 såväl
1420 970 93 28 växt-
1534 978 74 20 som

118 1020 258 39 djurparasiter,
401 1021 189 38 skadedjur
613 1022 65 29 och
700 1022 110 38 ogräs,
835 1025 89 26 samt
946 1022 130 39 förslag
1099 1022 50 30 till
1174 1023 56 38 lag
1254 1021 178 40 angående
1455 1022 153 30 handeln

117 1074 79 30 med
216 1074 118 39 dylika
353 1078 194 35 preparat».

161 1127 226 31 Beträffande
412 1128 41 29 de
476 1128 85 34 skäl,
586 1137 74 20 som
684 1128 133 30 anförts
844 1128 51 30 till
920 1128 75 30 stöd
1018 1128 56 30 för
1097 1129 113 29 denna
1235 1128 217 35 hemställan,
1477 1127 57 31 får
1556 1131 51 27 ut-

118 1181 125 30 skottet
264 1181 147 30 hänvisa
431 1181 51 29 till
502 1181 226 31 motionerna.

162 1281 14 30 I
198 1279 82 40 218
302 1282 18 29 2
343 1291 104 20 mom.
470 1281 213 39 giftstadgan
706 1282 67 31 den
794 1283 42 29 26
858 1283 187 30 november
1071 1284 84 30 1943
1178 1284 164 31 hänvisas
1365 1286 51 29 till
1440 1285 89 31 vissa
1551 1286 56 30 be-

119 1336 224 35 stämmelser,
365 1335 142 39 intagna
527 1335 11 29 i
559 1335 66 30 den
647 1335 58 30 vid
725 1337 147 38 stadgan
893 1336 124 39 fogade
1039 1337 119 39 Bilaga
1181 1339 29 34 2,
1235 1338 93 30 vilka
1349 1339 260 30 bestämmelser

119 1388 97 30 skola
233 1389 173 38 iakttagas
423 1389 58 29 vid
496 1389 226 30 utlämnande
738 1399 44 20 av
799 1389 90 31 vissa
907 1390 100 39 gifter
1024 1390 79 30 från
1120 1390 325 40 försäljningsställe
1461 1391 51 31 till
1529 1392 79 30 bru-

120 1442 90 29 kare.
233 1442 14 29 I
268 1441 141 39 bilagan
431 1443 60 28 äro
512 1442 306 30 bestämmelserna
839 1460 44 3 —
905 1442 100 31 såvitt
1028 1454 48 19 nu
1099 1444 38 29 är
1159 1443 98 39 fråga
1279 1461 45 4 —
1345 1444 263 31 sammanförda

119 1495 10 29 i
156 1494 57 31 två
238 1503 160 31 grupper,
427 1495 159 39 gällande
614 1496 65 29 den
706 1505 64 21 ena
798 1506 111 25 varor,
937 1497 151 29 avsedda
1115 1497 51 30 till
1191 1497 244 39 bekämpande
1461 1508 44 20 av
1532 1499 75 29 ska-

118 1548 194 30 deinsekter
338 1548 58 30 vid
419 1547 321 40 trädgårdsskötsel,
766 1549 170 38 jordbruk
962 1550 81 30 eller
1068 1550 194 39 skogsbruk
1289 1538 164 42 ävensom
1480 1560 127 29 myror,

118 1602 65 29 och
207 1602 66 30 den
296 1602 111 30 andra
430 1611 110 26 varor,
565 1602 151 30 avsedda
741 1602 50 30 till
815 1603 141 39 betning
982 1613 43 20 av
1049 1604 130 35 utsäde,
1207 1603 231 31 desinfektion
1464 1614 43 20 av
1532 1604 77 38 jord

118 1655 81 30 eller
217 1656 335 38 lantbruksredskap
573 1665 45 20 m.
639 1666 44 19 m.
705 1660 89 26 samt
814 1656 52 30 till
888 1657 181 30 utrotande
1091 1666 42 21 av
1153 1658 100 37 ogräs
1274 1657 81 30 eller
1376 1666 117 21 annan
1515 1658 93 29 växt-

118 1708 114 40 lighet.
267 1709 7 30 I
300 1709 316 35 bestämmelserna,
643 1719 74 20 som
744 1709 148 31 omfatta
919 1720 101 20 varor
1047 1709 244 31 innehållande
1318 1710 135 30 nikotin
1480 1710 12 30 1
1519 1711 89 30 vissa

118 1762 130 30 former
274 1765 91 27 samt
390 1763 163 34 arsenik-,
581 1763 169 29 antimon-
777 1764 66 29 och
869 1763 417 39 kvicksilverföreningar,
1314 1763 218 36 föreskrives,
1561 1767 48 27 att

119 1825 148 21 varorna
292 1815 36 31 få
354 1816 173 30 utlämnas
552 1817 121 29 endast
697 1817 9 28 i
734 1817 54 29 väl
813 1817 112 29 sluten
949 1817 380 38 originalförpackning
1356 1817 79 30 med
1462 1817 147 30 obruten

118 1869 197 39 försegling.
344 1869 125 29 Vidare
494 1869 88 30 skall
608 1868 193 40 påskriften
827 1869 175 30 innehålla
1028 1869 107 39 tydlig
1161 1870 138 38 uppgift
1326 1879 58 20 om
1410 1879 107 20 namn
1543 1871 66 29 och

120 1923 128 38 mängd
268 1921 46 40 på
333 1921 160 39 samtliga
512 1922 11 29 i
543 1931 107 21 varan
670 1921 169 39 ingående
860 1922 100 39 gifter
982 1932 42 20 av
1044 1922 109 30 första
1176 1923 147 34 klassen,
1349 1923 169 38 varjämte
1540 1923 68 29 för-

119 1975 220 39 packningen
370 1976 88 29 skall
488 1974 140 39 åtföljas
661 1985 42 20 av
734 1975 108 39 tydlig
873 1975 301 39 bruksanvisning.
1210 1975 174 30 Förseelse
1417 1978 71 27 mot
1520 1975 88 31 före-

121 2029 187 29 skrifterna
334 2029 39 29 är
397 2029 10 29 i
431 2029 41 29 38
497 2026 20 40 &
542 2028 109 30 första
676 2029 132 38 stycket
834 2028 212 39 giftstadgan
1071 2028 124 39 belagd
1219 2029 81 29 med
1327 2028 191 39 dagsböter.

164 2082 115 39 Enligt
298 2083 39 28 21
360 2083 79 37 kap.
461 2083 16 28 7
498 2080 19 40 $
537 2082 176 30 allmänna
733 2083 204 39 strafflagen
957 2084 118 30 dömes
1095 2084 55 30 för
1169 2085 145 38 oredligt
1334 2085 204 31 förfarande
1559 2086 51 30 till

119 2136 96 29 böter
238 2136 83 29 eller
344 2135 153 39 fängelse
522 2136 91 34 eller,
638 2145 56 20 om
718 2136 126 30 brottet
870 2137 37 29 är
935 2140 106 35 grovt,
1067 2137 50 29 till
1144 2138 222 30 straffarbete
1391 2139 10 29 i
1427 2140 100 37 högst
1553 2139 57 30 två

120 2187 38 31 år
181 2189 76 34 den,
283 2198 75 20 som
384 2188 134 30 förmår
541 2188 114 39 någon
681 2189 50 29 till
756 2189 168 39 handling
949 2190 80 29 eller
1055 2189 263 32 underlåtenhet
1344 2191 143 30 medelst
1512 2192 97 30 vilse-

122 2241 154 35 ledande,
296 2242 62 29 där
378 2241 245 29 vilseledandet
640 2242 78 28 sker
737 2242 10 28 i
767 2242 166 38 utövning
952 2252 42 20 av
1012 2243 83 37 yrke
1112 2243 82 29 eller
1211 2244 123 38 näring
1353 2245 65 28 och
1437 2254 100 20 avser
1554 2245 55 29 be-

122 2294 209 34 skaffenhet,
355 2294 208 37 myckenhet
586 2294 82 29 eller
690 2302 172 30 ursprung
886 2304 43 20 av
951 2295 66 29 vad
1041 2299 72 25 mot
1135 2296 160 38 vederlag
1319 2296 290 30 tillhandahålles.

123 2348 129 29 Brottet
276 2346 57 30 må
355 2346 105 38 enligt
486 2347 36 28 11
548 2344 20 40 &
592 2355 133 21 samma
749 2346 128 39 kapitel
901 2347 31 37 ej
956 2346 119 36 åtalas,
1101 2348 79 29 med
1205 2348 135 30 mindre
1365 2348 246 40 överåklagare

122 2400 115 30 funnit
261 2399 70 30 åtal
356 2408 82 21 vara
463 2408 39 20 ur
527 2399 130 29 allmän
685 2400 177 38 synpunkt
889 2399 162 39 påkallat.

124 2471 118 34 Bihang
261 2470 45 27 till
325 2469 181 34 riksdagens
527 2469 157 35 protokoll
705 2470 83 26 1947.
808 2471 17 25 9
846 2469 87 27 saml.
952 2471 17 25 2
989 2470 68 26 avd.
1079 2470 43 27 Nr
1144 2472 42 25 12.
1596 2471 9 26 1
