2196 2628
729 227 230 30 Statsutskottets
988 226 155 30 Utlåtande
1167 226 60 29 N:o
1253 226 50 29 73.
1770 222 39 31 21

318 306 83 36 Med
446 305 78 36 stöd
553 306 39 35 af
620 305 98 36 hvad
743 305 71 35 han
843 303 154 37 sålunda
1025 302 133 45 anfört,
1187 302 199 38 hemstälde
1415 301 396 51 departementschefen

211 373 60 24 om
301 359 213 50 afgifvande
542 360 61 35 till
631 359 209 49 Riksdagen
869 356 41 38 af
935 356 241 38 förevarande
1205 355 146 50 förslag.

318 467 51 36 På
397 467 121 49 grund
547 465 40 37 af
613 466 97 36 hvad
741 466 9 35 i
780 465 149 36 ärendet
956 464 247 45 förekommit,
1232 463 58 37 får
1318 465 176 35 utskottet
1522 464 207 43 hemställa,

747 579 53 29 att
829 572 218 49 Riksdagen,
1079 572 83 36 med
1192 570 106 37 bifall
1327 572 60 35 till
1416 571 134 49 Kongl.
1581 570 117 48 Maj:ts
1722 571 90 34 före-

638 626 160 36 varande
843 626 235 48 proposition,
1120 625 59 36 må
1223 624 197 49 medgifva,
1450 630 54 30 att
1533 623 40 37 af
1599 624 214 48 uppkomna

640 681 236 47 besparingar
917 679 56 36 för
1014 680 100 35 tiden
1158 680 57 35 till
1252 680 68 34 och
1349 679 83 35 med
1460 678 40 36 år
1533 680 98 35 1900
1662 677 20 36 å
1709 678 104 48 sjette

641 734 270 35 hufvudtitelns
941 734 127 48 anslag
1095 734 58 35 till
1179 733 232 48 jordbruket,
1430 732 161 35 handeln
1612 731 67 36 och
1696 731 117 35 närin-

641 800 114 36 garna
786 788 112 43 2,200
927 787 135 35 kronor
1091 786 60 36 må
1172 786 203 36 bibehållas
1394 787 98 34 inom
1514 786 119 35 denna
1652 783 160 37 hufvud-

641 842 79 34 titel
764 841 67 35 och
873 839 159 37 tillföras
1073 841 81 35 dess
1193 840 188 35 allmänna
1416 839 250 48 besparingar,
1696 839 116 43 3,300

641 896 135 34 kronor
818 893 159 36 tillföras
1018 894 128 48 sjunde
1176 892 267 37 hufvudtitelns
1472 894 187 34 allmänna
1688 892 126 48 bespa-

642 949 125 47 ringar
795 948 68 35 och
894 949 112 43 5,500
1037 948 135 35 kronor
1199 945 203 37 öfverföras
1420 947 60 35 till
1500 946 134 36 nionde
1653 943 160 38 hufvud-

642 1002 105 35 titeln
788 1001 67 35 och
898 1014 102 23 anses
1037 1006 131 44 utgöra
1197 1000 235 49 besparingar
1460 999 20 36 å
1509 1000 119 35 denna
1655 997 159 37 hufvud-

599 1056 135 46 titel,
777 1054 186 36 äfvensom
1005 1060 55 30 att
1097 1054 44 36 de
1169 1055 217 48 ytterligare
1415 1054 245 48 besparingar,
1688 1065 77 23 som
1794 1051 21 36 å

641 1109 161 35 nämnda
831 1109 126 48 anslag
985 1107 57 37 för
1070 1108 99 36 tiden
1198 1109 58 34 till
1286 1108 67 36 och
1382 1107 82 36 med
1493 1107 38 36 år
1563 1108 100 36 1900
1688 1107 127 34 kunna

642 1163 239 47 uppkomma,
921 1161 59 36 må
1022 1161 199 37 bibehållas
1261 1161 20 36 å
1319 1162 102 48 sjette
1463 1159 254 38 hufvudtiteln
1746 1159 68 36 och

642 1215 159 36 tillföras
829 1216 79 35 dess
937 1216 185 34 allmänna
1151 1216 242 47 besparingar.

322 1323 211 37 Stockholm
562 1322 70 37 den
663 1324 49 36 26
743 1323 95 48 april
872 1324 110 35 1901.

741 1428 51 37 På
820 1428 286 36 statsutskottets
1134 1435 156 42 vägnar:

857 1535 40 36 P.
937 1534 241 38 PEHRSON.
