2216 2642
721 180 257 34 Statsutskottets
999 178 174 34 Memorial
1194 182 57 31 N:o
1273 181 50 32 97.
1742 177 38 31 13

362 261 60 37 till
470 262 239 48 fortsättning
754 263 46 49 af
841 261 209 37 statsbanan
1092 261 132 36 mellan
1271 259 178 39 Gellivare
1490 259 60 37 och
1591 259 233 49 riksgränsen

233 315 207 49 4,000,000
468 313 138 37 kronor
634 313 324 47 (statsutskottets
986 312 195 37 utlåtande
1209 326 61 23 n:o
1300 314 47 35 30
1376 311 171 51 punkten
1577 310 74 50 5:0)
1681 310 71 37 och

362 365 59 37 till
463 367 236 48 fortsättning
739 367 46 46 af
821 366 212 36 statsbanan
1072 365 90 48 från
1205 364 173 49 Göteborg
1418 364 56 37 till
1505 362 87 38 Skee
1620 363 203 47 2,000,000

234 418 142 37 kronor
404 417 323 50 (statsutskottets
756 417 195 37 utlåtande
980 429 61 25 n:o
1071 418 46 35 78
1147 416 172 50 punkten
1349 415 84 50 2:0).

360 470 58 36 Då
446 469 212 50 upplåning
686 482 114 37 synes
828 468 227 50 erforderlig
1082 469 60 36 för
1170 468 249 37 anskaffande
1447 467 42 37 af
1502 467 32 48 ej
1558 466 148 37 mindre
1725 465 99 37 före-

231 521 169 38 nämnda
427 525 66 33 två
521 521 138 49 anslag
688 526 48 32 än
764 521 113 37 äfven
905 521 47 37 de
980 521 57 36 för
1064 523 42 34 år
1136 522 99 35 1900
1255 520 189 49 beviljade
1467 520 201 48 1,500,000
1685 518 140 36 kronor

231 573 41 38 af
313 575 97 36 1896
441 576 60 34 års
530 573 92 37 fond
651 573 58 37 till
737 574 279 36 låneunderstöd
1042 574 60 46 för
1131 573 167 36 enskilda
1319 572 209 49 jernvägar,
1558 571 56 36 tår
1637 569 187 38 utskottet

233 625 215 48 hemställa,

1197 729 60 35 9:0

759 837 56 32 att
856 831 81 38 dels
966 831 178 49 anslaget
1171 831 58 37 till
1257 830 250 48 fortsättning
1534 829 38 38 af
1599 830 226 37 statsbanan

629 884 139 38 mellan
811 883 191 38 Gellivare
1043 883 72 37 och
1156 883 249 50 riksgränsen
1440 883 204 48 4,000,000
1673 882 151 48 kronor,

630 936 84 38 dels
743 936 177 48 anslaget
947 935 57 37 till
1031 935 252 50 fortsättning
1311 935 41 37 af
1366 934 225 38 statsbanan
1606 934 85 37 från
1707 933 117 38 Göte-

629 989 99 49 borg
755 988 57 37 till
841 987 101 38 Skee
972 988 203 48 2,000,000
1204 987 150 48 kronor,
1383 987 83 37 dels
1490 986 71 37 ock
1591 986 47 37 de
1667 986 42 37 af
1727 987 95 36 1896

631 1043 62 35 års
734 1040 172 49 Riksdag
947 1040 58 36 för
1039 1042 40 34 år
1110 1041 97 35 1900
1236 1039 189 50 beviljade
1455 1039 202 49 1,500,000
1685 1038 140 37 kronor

629 1092 59 37 till
729 1091 297 38 låneunderstöd
1059 1092 58 36 för
1146 1091 174 37 enskilda
1343 1092 220 49 jernvägar,
1592 1093 61 34 må
1680 1090 58 37 till
1766 1095 58 32 ut-

629 1144 151 49 gående
830 1144 84 37 från
962 1143 373 49 riksgäldskontoret
1386 1143 163 47 anvisas,
1601 1147 57 32 att
1702 1142 123 50 enligt

628 1196 144 49 Kongl.
814 1196 129 48 Maj:ts
985 1195 228 50 disposition
1254 1195 202 46 utbetalas,
1499 1195 70 37 och
1612 1193 212 50 riksgälds-

631 1248 180 37 kontoret
839 1247 253 49 bemyndigas
1112 1252 57 32 att
1184 1247 162 37 medelst
1361 1246 229 50 försäljning
1606 1246 42 37 af
1659 1246 165 37 svenska

630 1299 357 49 statsobligationer
1014 1298 10 37 i
1055 1301 87 34 mån
1184 1298 42 37 af
1260 1298 121 38 behof
1416 1298 139 38 bereda
1598 1297 226 50 erforderlig

630 1351 165 49 tillgång
822 1351 59 37 till
910 1350 251 38 förenämnda
1190 1349 160 51 belopps
1379 1349 255 50 utbetalning.

356 1452 221 50 Riksdagen
607 1453 81 49 har,
717 1453 87 37 med
831 1453 106 38 bifall
966 1453 57 37 till
1047 1455 141 49 Kongl.
1209 1454 127 50 Maj:ts
1352 1454 130 37 derom
1496 1454 142 37 aflåtna
1652 1454 173 50 proposi-

228 1504 82 38 tion
352 1504 72 38 och
464 1505 211 37 utskottets
717 1505 230 38 hemställan
988 1505 12 37 i
1036 1507 90 37 dess
1167 1506 195 38 utlåtande
1391 1519 62 24 n:o
1481 1508 60 46 25,
1571 1506 251 50 bemyndigat

229 1556 377 50 riksgäldskontoret
634 1563 56 32 att
717 1557 288 38 tillhandahålla
1033 1558 369 51 telegrafstyrelsen,
1424 1558 57 37 för
1500 1558 154 37 fortsatt
1669 1559 155 37 utveck-

232 1608 83 49 ling
355 1609 44 37 af
434 1616 133 29 statens
607 1610 296 48 telefonväsende,
937 1615 54 32 ett
1017 1610 229 51 lånebelopp
1275 1611 41 36 af
1338 1624 47 23 en
1415 1610 143 38 million
1588 1610 151 48 kronor,
1769 1616 56 31 att

232 1661 12 36 i
272 1663 87 34 mån
389 1660 41 37 af
456 1660 118 37 behof
597 1661 72 37 och
698 1662 118 37 sedan
845 1662 105 36 detta
978 1662 57 36 för
1062 1663 136 48 hvarje
1226 1665 105 46 gång
1358 1662 126 37 blifvit
1503 1662 41 37 af
1560 1662 141 50 Kongl.
1718 1662 106 50 Maj:t

229 1711 191 50 pröfvadt,
449 1712 42 36 af
514 1712 354 50 telegrafstyrelsen
897 1713 11 36 i
937 1713 374 49 riksgäldskontoret
1338 1713 117 50 lyftas
1475 1713 69 37 och
1558 1715 123 48 jemte
1701 1719 121 43 ränta,

229 1763 271 38 motsvarande
543 1763 74 38 den
660 1764 240 49 ränteutgift,
943 1778 80 23 som
1064 1778 142 37 genom
1244 1764 158 38 berörda
1431 1765 159 50 belopps
1619 1764 204 38 öfverlem-

230 1815 123 37 nande
394 1815 58 37 till
493 1815 354 50 telegrafstyrelsen
889 1816 216 37 förorsakas
1140 1816 378 50 riksgäldskontoret
1552 1817 104 36 inom
1684 1817 75 37 tolf
1783 1820 41 34 år

229 1867 81 36 från
338 1866 120 38 första
487 1867 317 50 lyftningsdagen
834 1868 216 49 återgäldas
1079 1869 161 37 medelst
1268 1868 294 50 afbetalningar,
1597 1869 6 36 i
1632 1868 74 37 den
1735 1872 88 34 mån

229 1919 319 48 telegrafverkets
589 1920 126 36 medel
753 1920 127 50 dertill
909 1920 173 38 lemnade
1111 1921 176 50 tillgång,
1316 1920 97 38 dock
1442 1924 53 45 så,
1524 1926 55 32 att
1607 1920 130 50 dylika
1770 1921 54 36 af-

230 1970 243 50 betalningar
512 1971 118 37 borde
672 1985 48 23 en
763 1972 136 37 månad
942 1973 99 36 förut
1078 1973 42 36 af
1143 1972 355 50 telegrafstyrelsen
1527 1973 57 36 för
1611 1973 213 49 riksgälds-

229 2022 180 36 kontoret
436 2022 329 50 tillkännagifvas.

358 2073 88 37 Med
488 2073 105 38 bifall
631 2074 58 37 till
717 2075 130 36 derom
873 2075 42 35 af
938 2075 140 48 Kongl.
1108 2075 107 46 Maj:t
1241 2075 112 49 gjord
1381 2074 286 50 framställning
1694 2076 129 46 (stats-

230 2124 212 37 utskottets
466 2125 198 37 utlåtande
693 2139 62 23 n:o
784 2127 47 35 78
861 2126 172 48 punkten
1065 2128 73 45 1:0)
1159 2126 69 36 har
1247 2126 222 49 Riksdagen
1487 2126 200 49 härjemte,
1704 2127 120 37 under

229 2176 299 49 godkännande,
569 2176 59 37 till
671 2176 298 50 hufvudsakliga
1009 2177 118 48 delar,
1169 2177 40 37 af
1235 2178 45 36 de
1309 2178 65 36 vid
1403 2178 418 48 statsrådsprotokollet

230 2230 107 35 öfver
370 2227 259 37 civilärenden
664 2228 72 37 den
767 2231 19 34 6
817 2242 101 23 mars
951 2231 95 34 1899
1076 2229 140 49 fogade
1244 2229 350 50 förslagskontrakt
1623 2230 199 48 angående

230 2279 270 38 förvärfvande
537 2280 58 37 för
623 2280 169 37 svenska
820 2285 147 32 statens
995 2281 166 49 räkning
1190 2281 41 37 af
1255 2282 175 36 bandelen
1459 2273 298 46 Örebro—Frövi
1783 2282 43 37 af
