2192 2586
618 202 123 41 Bilaga
766 204 51 31 till
843 204 267 34 Statsutskottets
1140 207 179 33 Utlåtande
1342 210 64 30 N:o
1430 213 49 29 16.
1819 217 16 30 1

858 816 85 40 Till
971 817 293 52 Riksdagen.

358 976 90 36 Som
492 977 64 35 det
599 978 41 34 af
680 979 175 37 sistlidne
886 983 59 33 års
975 981 160 49 riksdag
1164 983 60 36 för
1253 984 381 49 riksgäldskontoret
1662 989 204 38 utfärdade

250 1028 238 47 reglemente
520 1028 33 47 ej
584 1029 211 37 innehåller
825 1034 129 45 någon
982 1033 203 37 föreskrift
1215 1035 130 36 derom
1378 1042 54 30 att
1463 1038 244 50 fullmäktige
1737 1041 10 35 i
1769 1042 97 36 riks-

248 1079 299 47 gäldskontoret
590 1081 109 36 skola
740 1082 57 36 till
840 1083 259 37 innevarande
1141 1086 174 49 Riksdag
1361 1089 148 47 afgifva
1552 1091 208 37 berättelse
1804 1107 60 23 om

248 1130 401 48 riksgäldskontorets
694 1134 185 48 ställning
916 1135 72 36 och
1017 1136 249 49 förvaltning,
1297 1153 86 23 men
1416 1154 47 22 en
1492 1141 209 38 berättelse
1731 1145 132 36 härom

248 1182 62 36 för
340 1182 74 36 den
442 1183 67 46 tid,
540 1196 83 23 som
654 1185 160 36 förflutit
844 1186 120 36 sedan
994 1187 262 49 fullmäktiges
1286 1190 208 38 berättelse
1534 1193 72 37 den
1639 1197 47 33 22
1712 1196 151 47 januari

246 1234 262 37 innevarande
555 1237 40 33 år
636 1236 142 47 afgafs,
822 1237 127 36 kunde
978 1252 92 23 vara
1100 1240 60 36 för
1188 1241 259 39 innevarande
1478 1244 175 49 Riksdag
1680 1246 181 50 behöflig,

247 1285 69 36 har
358 1285 244 49 Riksdagens
646 1289 250 35 statsutskott
937 1289 12 36 i
992 1290 205 37 skrifvelse
1236 1293 42 36 af
1317 1294 73 37 den
1424 1298 42 33 11
1499 1296 259 38 innevarande
1790 1300 72 48 maj

246 1337 170 47 anhållit,
460 1343 56 31 att
558 1338 240 49 fullmäktige
843 1344 116 33 måtte
1002 1342 58 35 till
1098 1343 222 49 Riksdagen
1363 1347 148 48 afgifva
1555 1349 72 35 och
1662 1350 57 35 till
1748 1357 115 30 stats-

245 1389 192 36 utskottet
465 1389 75 36 låta
570 1391 161 35 aflemna
761 1405 46 22 en
845 1393 117 35 sådan
991 1393 229 48 berättelse;
1253 1398 71 35 och
1354 1398 37 36 få
1420 1398 242 50 fullmäktige
1691 1401 12 36 i
1732 1402 129 37 anled-

244 1440 96 48 ning
368 1441 113 36 häraf
506 1442 177 36 meddela
711 1443 188 47 följande:
1433 1459 2 3 |

349 1492 17 35 I
396 1493 74 35 den
501 1493 217 49 berättelse,
763 1495 241 49 fullmäktige
1049 1498 71 35 den
1152 1501 47 34 22
1232 1500 174 37 sistlidne
1431 1502 152 48 januari
1612 1503 57 36 till
1698 1504 161 37 Riksda-

242 1556 79 34 gen
350 1544 172 48 afgåfvo,
553 1545 174 36 erinrade
757 1546 256 50 fullmäktige,
1043 1555 66 41 att,
1154 1563 83 24 som
1267 1552 400 48 riksgäldskontorets
1697 1556 162 36 hufvud-

243 1595 77 35 bok
363 1596 61 35 för
465 1599 40 33 år
538 1598 95 35 1886
678 1597 46 36 då
752 1603 100 31 ännu
883 1599 33 47 ej
947 1600 145 36 kunnat
1120 1602 57 35 till
1207 1603 93 36 fullo
1331 1604 172 44 afslutas,
1536 1620 48 22 en
1613 1606 61 36 del
1704 1607 42 36 af
1772 1608 46 35 de
1847 1609 10 35 i

243 1660 147 22 samma
430 1647 208 37 berättelse
684 1649 317 38 förekommande
1046 1652 126 37 siffror
1214 1655 65 35 vid
1313 1655 196 37 bokslutet
1538 1658 126 35 kunde
1704 1659 153 37 komma

241 1703 57 31 att
335 1699 173 47 undergå
549 1703 130 44 någon
709 1700 238 50 förändring.
1005 1703 17 36 I
1051 1705 210 49 anledning
1289 1707 115 36 häraf
1429 1708 71 36 och
1531 1722 82 23 som
1644 1710 213 48 riksgälds-

241 1750 203 36 kontorets
474 1751 225 36 hufvudbok
728 1766 159 23 numera
916 1759 42 31 är
986 1755 179 48 afslutad,
1197 1771 91 22 anse
1318 1758 242 50 fullmäktige
1591 1761 61 48 sig
1679 1761 92 37 böra
1793 1763 62 36 vid

240 1801 128 36 denna
409 1802 208 37 berättelse
661 1804 92 47 foga
796 1810 55 30 ett
893 1808 48 45 på
982 1806 274 38 hufvudboken
1292 1811 194 47 grundadt
1515 1813 273 48 sammandrag
1817 1816 42 34 af

239 1853 401 47 riksgäldskontorets
683 1855 251 38 balanserade
976 1858 208 49 tillgångar
1227 1861 72 35 och
1342 1862 155 36 skulder
1538 1864 63 35 vid
1652 1867 97 43 1886
1794 1869 59 33 års

239 1904 136 48 början
423 1906 72 35 och
538 1906 86 47 slut,
668 1907 145 37 hvilket
842 1908 241 50 fullmäktige
1113 1912 38 35 få
1180 1912 54 36 till
1264 1914 237 48 upplysning
1528 1915 12 35 i
1569 1916 163 36 berörda
1762 1917 91 36 hän-

238 1956 144 36 seende
411 1957 178 48 åberopa.

343 2008 132 37 Under
516 2009 258 38 innevarande
817 2014 41 33 år
895 2012 97 36 intill
1022 2013 125 37 denna
1176 2015 76 48 dag
1280 2016 115 36 hafva
1424 2017 323 50 hufvudsakligen
1780 2021 72 36 föl-

230 2060 120 49 jande
380 2060 286 49 utbetalningar
696 2063 71 36 och
795 2063 286 50 inbetalningar
1110 2072 66 42 egt
1204 2081 93 22 rum.

340 2112 56 35 AT
420 2114 264 36 statskontorets
712 2117 61 34 hos
802 2117 342 47 riksgäldskontoret
1155 2120 66 48 för
1234 2121 230 47 förvaltning
1485 2122 226 47 deponerade
1725 2125 123 35 kassa-

235 2165 252 48 behällningar
514 2165 116 36 hafva
658 2166 56 36 till
744 2167 285 37 statskontoret
1058 2170 224 36 återbetalts
1313 2173 204 44 2,900,000
1547 2173 156 49 kronor,
1738 2176 110 35 hvar-

235 2215 100 36 efter
365 2218 143 34 återstå
536 2217 71 36 hos
637 2217 382 49 riksgäldskontoret
1048 2221 245 48 deponerade
1325 2224 204 45 7,000,000
1560 2225 154 48 kronor,
1738 2227 112 36 deraf

234 2268 207 47 3,200,000
485 2269 144 36 kronor
670 2269 210 37 levererats
923 2277 81 30 mot
1046 2273 531 50 återbetalningsskyldighet
1619 2291 47 22 en
1709 2279 137 35 månad

318 2327 65 28 Bih.
408 2328 47 28 till
476 2330 98 27 Iiksd.
597 2330 77 28 Prot.
699 2329 91 30 1587.
836 2334 42 25 B.
923 2331 19 29 4
965 2333 89 27 Saml.
1101 2332 18 28 1
1141 2334 70 37 Afd.
