2222 2642
382 233 44 35 12
828 233 387 31 Konstitlutionsutskottets
1246 232 165 33 Utllitande
1436 232 64 32 N:o
1523 235 30 29 2.

511 315 133 36 Redan
684 314 64 37 vid
788 314 75 37 den
903 315 119 36 första
1054 315 207 48 riksdagen
1291 315 99 36 efter
1413 314 64 37 det
1504 314 223 37 nuvarande
1751 322 239 42 representa-

380 365 272 37 tionsskickets
692 365 220 49 antagande
953 365 169 46 väcktes,
1162 365 11 36 1
1211 365 281 49 sammanhang
1530 365 88 36 med
1658 367 258 47 upprättande
1950 367 42 36 af

382 416 298 49 arbetsordning
707 415 61 37 för
795 415 132 37 Andra
953 415 246 47 Kammaren,
1227 415 151 49 förslag
1397 428 59 24 om
1477 416 74 36 den
1572 416 300 48 proportionella
1891 422 97 31 röst-

380 472 145 31 rättens
564 465 248 49 tillämpning
846 465 64 37 vid
951 466 62 36 val
1041 466 44 36 af
1109 466 211 36 ledamöter
1347 465 57 37 till
1431 466 105 36 vissa
1563 466 159 46 utskott,
1750 480 88 23 men
1867 467 119 36 ehuru

380 517 134 49 frågan
554 517 138 36 endast
726 516 42 36 af
793 515 176 38 formella
996 516 85 36 skäl
1110 516 47 37 då
1183 518 34 46 ej
1247 529 68 23 ens
1344 516 127 36 kunde
1499 516 155 37 komma
1680 516 122 37 under
1829 517 159 37 Riksda-

380 580 96 36 gens
504 567 194 49 pröfning,
726 567 75 36 fick
830 567 74 36 den
932 566 114 37 likväl
1076 567 219 36 sedermera
1322 566 103 37 hvila
1452 567 101 36 ända
1580 566 57 37 till
1666 569 96 34 1878
1792 570 60 34 års
1879 568 109 36 Riks-

381 617 87 50 dag.
520 617 60 37 Då
618 617 157 37 väcktes
808 617 103 36 inom
939 616 133 37 Andra
1099 617 232 36 Kammaren
1360 617 42 36 af
1424 617 89 37 herr
1536 617 47 36 H.
1613 618 39 35 L.
1681 616 125 50 Rydin
1835 631 46 23 en
1909 632 78 23 mo-

379 667 79 37 tion
486 681 60 23 om
575 667 203 37 införande
806 667 11 36 i
847 664 20 50 $
898 669 44 34 75
972 667 398 49 riksdagsordningen
1398 668 42 36 af
1459 673 56 31 ett
1541 667 150 49 tillägg,
1720 681 141 35 genom
1890 668 95 37 hvil-

380 718 65 37 ket
485 718 47 37 de
571 718 102 36 olika
712 718 363 48 meningsgrupper,
1114 731 80 24 som
1233 718 131 36 kunde
1404 718 102 36 inom
1536 718 202 36 kamrarne
1766 718 220 48 förefinnas,

381 768 122 37 skulle
532 768 164 37 beredas
723 773 121 44 utväg
873 774 65 40 att,
966 768 11 35 1
1005 773 56 31 ett
1087 768 97 37 visst
1210 768 239 37 förhållande
1468 768 58 36 till
1546 768 133 48 hvarje
1700 768 119 37 sådan
1838 782 147 36 grupps

380 819 260 49 personantal,
678 819 10 35 i
728 818 244 49 Riksdagens
1013 819 149 37 utskott
1187 819 145 36 insätta
1364 819 261 46 medlemmar,
1654 825 99 30 samt
1780 819 207 37 såmedelst

381 869 122 37 skulle
531 870 131 36 kunna
689 869 247 49 förebyggas,
966 874 56 32 att
1048 869 282 37 utskottsvalen
1358 869 117 49 ginge
1503 869 246 36 uteslutande
1768 870 11 35 i
1800 870 75 36 den
1895 870 92 48 rigt-

380 920 104 48 ning,
513 933 82 23 som
625 933 46 23 en
700 919 99 37 enda
828 919 176 49 menings
1032 920 124 36 flertal
1183 920 119 36 funne
1330 920 60 36 för
1416 920 96 49 godt
1540 924 56 32 att
1615 919 223 37 bestämma.
1884 920 94 37 Kon:

381 970 387 37 stitutionsutskottet
809 969 187 50 afstyrkte
1025 970 213 36 emellertid
1266 970 206 46 motionen,
1501 970 73 36 och
1602 970 126 36 denna
1755 970 230 37 hemställan

381 1020 82 36 blef
500 1021 42 36 af
579 1021 99 36 båda
718 1020 203 37 kamrarne
949 1026 93 30 utan
1071 1020 219 37 diskussion
1318 1020 169 45 bifallen,
1516 1021 195 36 hvarefter
1738 1021 138 48 frågan
1903 1021 83 36 icke

380 1070 80 37 förr
487 1076 48 32 än
563 1071 64 36 vid
656 1071 126 36 denna
809 1071 159 48 riksdag
995 1071 252 37 återkommit.
1295 1070 134 38 Såsom
1458 1071 84 36 skäl
1568 1071 59 37 för
1652 1071 65 36 sitt
1736 1071 250 49 afstyrkande

380 1120 98 38 hade
517 1121 466 37 konstitutionsutskottet
1018 1121 327 49 hufvudsakligen
1374 1122 143 36 anfört:
1543 1127 57 30 att
1627 1121 179 49 samtliga
1835 1121 47 37 de
1908 1122 79 36 val-

382 1176 155 45 system,
567 1186 82 23 som
677 1172 203 49 grundade
908 1172 59 48 sig
994 1175 50 46 på
1060 1172 74 36 den
1152 1172 301 49 proportionella
1472 1177 229 31 rösträttens
1720 1172 161 49 princip,
1902 1172 85 36 blif-

380 1222 54 36 vit
460 1223 208 48 uppstälda
694 1223 11 35 i
733 1222 103 49 syfte
864 1227 54 31 att
944 1221 116 38 vinna
1086 1222 247 49 tillämpning
1356 1222 275 37 företrädesvis
1662 1222 63 36 vid
1744 1222 63 37 val
1827 1222 42 37 af
1885 1223 102 36 med-

380 1272 160 37 lemmar
580 1273 58 37 till
670 1272 195 37 nationala
893 1273 553 48 representantförsamlingar,
1475 1286 89 23 men
1592 1278 55 31 att
1673 1273 112 49 ringa
1812 1272 94 38 eller
1933 1274 55 35 in-

381 1336 75 36 gen
496 1323 84 49 vigt
619 1323 127 37 blifvit
785 1322 127 37 fästad
941 1323 62 37 vid
1033 1323 134 49 frågan
1197 1336 60 24 om
1288 1323 114 37 dessa
1429 1329 167 43 systems
1623 1323 274 49 tillämplighet
1923 1323 63 37 vid

381 1373 60 37 val
470 1374 41 36 af
535 1374 47 36 de
610 1374 199 45 komitéer,
839 1374 135 48 byråer
1001 1374 94 37 eller
1122 1374 159 46 utskott,
1303 1387 82 24 som
1405 1377 157 45 utsåges
1580 1374 42 36 af
1637 1374 71 37 och
1727 1374 102 36 inom
1850 1374 138 48 sjelfva

381 1424 607 49 representantförsamlingarna;
1030 1431 57 30 att
1127 1425 73 36 den
1237 1424 303 49 proportionella
1568 1430 206 31 rösträtten
1804 1425 35 48 ej
1867 1424 121 37 heller

380 1474 160 37 kommit
578 1474 58 37 till
664 1474 249 49 användning
939 1475 102 37 inom
1071 1478 118 46 något
1215 1481 118 30 annat
1360 1474 110 37 lands
1500 1474 310 49 riksförsamling
1838 1480 47 31 än
1913 1475 74 36 den

382 1525 157 46 danska,
569 1525 158 37 oaktadt
755 1525 121 36 andra
902 1525 154 37 länders
1084 1525 544 49 representantförsamlingar
1651 1528 144 45 ansåge
1817 1525 60 49 sig
1894 1525 93 36 böra

381 1574 172 51 iakttaga
591 1576 162 49 mycken
794 1588 157 37 omsorg
988 1576 64 37 vid
1079 1576 202 37 tillseende
1310 1576 120 46 deraf,
1459 1581 56 31 att
1543 1575 250 37 medlemmar
1822 1576 41 36 af
1887 1575 101 37 olika

381 1626 350 50 meningsgrupper
770 1626 130 37 blefve
940 1627 143 36 insatta
1122 1626 55 36 uti
1203 1626 48 37 de
1280 1626 186 37 komitéer
1493 1626 94 37 eller
1609 1626 148 48 byråer,
1783 1639 81 23 som
1894 1632 94 30 mot-

382 1677 160 36 svarade
570 1680 68 33 vår
665 1676 194 49 Riksdags
887 1677 158 45 utskott,
1075 1683 55 30 ett
1157 1676 240 37 förhållande
1416 1690 83 23 som
1519 1676 216 48 förtjenade
1755 1676 109 37 desto
1886 1689 102 24 mera

382 1732 55 31 att
474 1726 174 46 beaktas,
692 1740 81 23 som
815 1728 49 35 de
902 1727 181 50 politiska
1120 1727 294 49 partistriderna
1442 1727 11 36 i
1481 1740 48 24 en
1557 1726 63 37 del
1649 1727 41 36 af
1714 1726 115 38 dessa
1856 1727 133 36 länder

382 1778 191 36 utmärkte
613 1777 61 49 sig
713 1777 58 37 för
806 1790 47 24 en
881 1777 199 50 synnerlig
1107 1778 152 48 skärpa,
1288 1781 126 33 såsom
1444 1778 81 36 ofta
1553 1776 193 50 utgående
1775 1778 84 36 från
1889 1777 100 37 olika

384 1827 142 48 åsigter
565 1841 61 24 om
661 1828 137 48 sjelfva
826 1828 328 50 styrelseformen,
1182 1829 199 36 äfvensom
1410 1828 84 36 från
1523 1828 181 48 missnöje
1732 1828 89 36 med
1849 1827 140 37 sociala

385 1878 283 46 förhållanden;
711 1883 55 31 att
807 1879 114 37 häraf
946 1878 149 38 således
1123 1878 127 37 kunde
1279 1891 115 24 anses
1421 1879 162 47 framgå,
1613 1883 54 31 att
1694 1878 74 36 den
1796 1878 193 49 benägen-

383 1928 65 37 het
487 1929 60 36 för
585 1929 287 37 åsidosättande
914 1929 42 37 af
992 1928 262 38 minoritetens
1296 1928 148 48 skäliga
1485 1928 179 50 anspråk,
1692 1941 80 23 som
1802 1929 63 36 vid
1894 1934 97 31 röst-

384 1984 145 31 rättens
571 1980 181 48 utöfning
791 1980 60 36 för
892 1979 60 37 val
990 1980 42 36 af
1069 1979 251 37 medlemmar
1357 1979 57 37 till
1447 1979 543 49 representantförsamlingar

384 2029 236 37 framträdde
661 2033 126 34 såsom
827 2035 55 32 ett
914 2029 300 50 karaktersdrag
1242 2030 71 36 hos
1342 2029 255 49 majoriteten,
1625 2029 97 37 dock
1749 2030 12 35 i
1790 2030 111 49 fråga
1928 2043 61 23 om

384 2080 614 50 representantförsamlingarnas
1039 2080 63 37 val
1136 2080 40 37 af
1200 2093 101 36 egna
1328 2079 198 48 komitéer,
1555 2080 138 49 byråer
1720 2080 95 37 eller
1843 2080 147 36 utskott

383 2130 13 36 i
424 2131 208 36 allmänhet
659 2131 35 48 ej
723 2130 125 38 skulle
876 2131 98 37 visat
1001 2131 60 49 sig
1089 2131 184 46 starkare,
1303 2136 48 31 än
1380 2135 54 32 att
1453 2130 126 37 denna
1600 2130 244 49 benägenhet
1863 2130 127 36 kunde

386 2181 42 36 af
451 2181 242 48 majoriteten
722 2181 198 49 sjelfmant
946 2180 236 50 tillbörligen
1210 2181 231 49 begränsas;
1471 2186 66 42 att,
1567 2194 61 23 om
1657 2181 86 36 med
1773 2181 66 37 det
1866 2180 10 36 i
1896 2180 94 37 riks-

385 2231 315 50 dagsordningen
728 2232 202 37 bestämda
957 2232 209 36 arbetssätt
1183 2251 48 5 —
1251 2232 122 48 enligt
1400 2231 157 47 hvilket,
1585 2231 13 36 i
1622 2230 145 38 olikhet
1783 2231 87 37 med
1890 2231 100 36 hvad

388 2294 80 24 som
498 2282 99 49 egde
626 2296 82 22 rum
736 2282 104 37 inom
870 2282 119 37 andra
1016 2281 542 50 representantförsamlingar
1586 2281 87 37 med
1700 2285 65 34 två
1783 2282 207 45 kammare,
