1871 2834
233 205 40 30 46
539 205 119 30 Andra
678 206 243 39 lagutskottets
943 205 177 30 utlåtande
1141 214 41 20 nr
1201 205 41 29 24
1262 205 38 30 år
1321 204 83 30 1968

232 295 75 21 som
327 288 85 28 utan
432 288 50 28 att
502 286 71 30 lida
592 295 42 21 av
655 285 108 31 sådan
785 285 167 40 sjukdom
971 285 54 30 för
1046 285 81 30 eller
1147 284 192 31 misstänks
1360 284 77 31 föra
1457 284 120 31 smitta
1596 285 117 30 därav.

231 340 170 40 Reglerna
416 341 198 39 avgränsar,
632 340 43 40 på
693 340 67 30 sätt
777 349 83 31 nyss
878 339 175 40 framgått,
1070 339 93 30 vilka
1180 339 323 40 personkategorier
1521 348 75 21 som
1614 339 100 30 drab-

230 395 62 30 bas
313 404 42 21 av
376 395 354 39 inskränkningarna,
754 394 142 30 fastslår
917 395 75 29 vari
1013 394 100 30 dessa
1135 394 115 30 består
1272 394 65 29 och
1360 401 104 32 anger
1487 394 41 29 de
1552 395 161 29 närmare

231 448 340 40 förutsättningarna
595 448 54 30 för
672 449 41 29 de
736 448 94 30 olika
853 448 178 30 formerna
1054 457 42 21 av
1118 448 155 39 ingrepp.
1297 448 138 40 Tydligt
1460 449 37 28 är
1521 448 192 29 emellertid

230 504 50 28 att
308 512 42 21 av
379 502 201 30 smittfaran
607 502 212 30 motiverade
848 501 389 31 frihetsinskränkande
1267 501 160 40 åtgärder
1455 501 119 31 ibland
1602 501 111 31 måste

230 557 110 29 riktas
368 557 71 30 inte
466 557 85 30 bara
579 559 71 27 mot
678 557 41 29 de
748 557 77 40 fyra
853 556 228 40 uppräknade
1110 556 240 40 kategorierna
1380 556 114 39 sjuka,
1525 556 187 29 misstänkt

231 610 113 41 sjuka,
373 610 221 31 smittbärare
620 610 65 31 och
712 610 188 31 misstänkt
928 610 245 30 smittförande
1201 612 85 28 utan
1313 612 72 28 mot
1413 610 67 30 alla
1508 610 205 30 människor

230 665 11 29 i
260 666 66 29 den
346 675 42 20 av
406 665 201 30 smittfaran
625 665 146 30 berörda
791 666 98 29 orten
909 665 81 29 eller
1009 664 174 40 regionen.
1204 664 85 31 Sker
1309 664 227 40 spridningen
1555 674 41 20 av
1616 664 95 40 sjuk-

230 720 125 29 domen
379 719 141 30 särskilt
544 719 124 31 snabbt
691 719 81 30 eller
796 719 54 30 får
873 719 173 40 epidemin
1069 728 41 21 av
1133 728 116 21 annan
1273 719 113 40 grund
1409 728 43 20 en
1476 718 153 41 speciellt
1653 719 60 29 all-

229 773 109 41 varlig
353 774 177 34 karaktär,
547 774 70 30 kan
633 774 56 30 det
707 773 148 30 sålunda
869 773 48 30 bli
933 773 212 40 nödvändigt
1162 775 50 28 att
1229 773 125 30 isolera
1369 773 78 30 hela
1464 773 248 40 befolkningen

229 828 11 29 i
261 830 99 28 orten
381 828 82 30 eller
484 828 167 30 området.
673 828 182 39 Lagregler
878 837 75 21 som
974 827 185 40 möjliggör
1180 830 50 27 att
1251 836 83 21 man
1355 828 11 29 i
1388 830 47 27 ett
1457 828 253 29 extraordinärt

229 882 75 38 läge
319 882 155 38 vidtager
491 881 390 29 frihetsinskränkande
898 881 159 38 åtgärder
1074 884 71 26 mot
1163 890 117 20 annan
1296 890 127 29 person
1441 882 42 28 än
1502 882 92 37 sjuk,
1613 881 99 28 miss-

228 935 101 31 tänkt
357 935 92 41 sjuk,
478 935 221 31 smittbärare
725 935 82 31 eller
834 935 188 31 misstänkt
1050 934 254 36 smittförande,
1334 935 128 31 saknas
1489 935 90 30 dock
1605 934 71 31 helt
1702 934 13 30 i

228 990 175 40 förslaget.
429 990 102 30 Detta
555 992 169 39 upptager
748 990 177 40 nämligen
949 990 71 30 inte
1045 999 62 21 ens
1131 989 114 41 någon
1270 989 250 40 motsvarighet
1543 989 54 30 till
1623 989 92 31 stad-

227 1044 126 40 gandet
375 1044 11 31 i
410 1043 38 31 13
474 1044 15 37 $
515 1044 14 30 1
554 1053 105 21 mom.
682 1044 111 30 första
816 1044 133 40 stycket
972 1043 261 41 epidemilagen,
1256 1043 106 41 enligt
1384 1043 107 31 vilket
1514 1043 200 40 länsstyrel-

229 1108 60 20 sen
310 1098 64 30 har
396 1100 60 34 att,
479 1099 63 30 när
566 1098 138 31 svårare
727 1098 174 31 smittsam
925 1097 165 41 sjukdom
1112 1098 102 30 hotar
1236 1098 83 30 eller
1339 1097 109 31 redan
1469 1099 126 39 yppats
1617 1097 96 31 inom

227 1153 103 35 länet,
350 1152 140 40 vidtaga
509 1152 106 30 därav
635 1152 154 40 speciellt
807 1152 183 40 betingade
1010 1151 170 41 åtgärder,
1201 1151 274 41 uppenbarligen
1495 1152 120 30 utöver
1634 1151 80 30 dem

230 1215 74 22 som
333 1206 106 41 enligt
469 1206 270 41 epidemilagens
769 1206 207 40 föregående
1008 1206 215 40 stadganden
1253 1206 71 30 kan
1352 1205 113 31 riktas
1495 1207 72 29 mot
1598 1204 114 41 sjuka,

228 1260 189 31 misstänkt
446 1261 114 39 sjuka,
590 1260 221 31 smittbärare
839 1261 82 29 eller
949 1260 188 30 misstänkt
1167 1259 256 31 smittförande.
1451 1259 60 31 Att
1539 1259 68 30 den
1635 1268 79 31 syn-

228 1315 155 40 nerligen
403 1315 146 30 allmänt
568 1315 121 30 hållna
707 1314 410 41 tillsynsbestämmelsen
1136 1315 11 30 i
1167 1314 185 40 förslagets
1373 1314 18 30 2
1414 1312 16 39 8
1452 1322 57 22 om
1530 1315 50 29 att
1602 1313 113 31 »läns-

230 1369 169 39 styrelsen
430 1369 88 29 skall
547 1369 91 29 vaka
667 1369 79 29 över
777 1370 49 28 att
857 1369 234 29 smittsamma
1122 1368 208 40 sjukdomar
1358 1368 191 39 bekämpas
1579 1368 12 29 i
1619 1368 94 29 länet

228 1422 64 30 och
312 1422 91 30 tillse
424 1424 50 28 att
495 1422 165 41 lämpliga
681 1422 160 40 åtgärder
861 1422 135 40 vidtags
1018 1422 54 31 för
1094 1421 218 31 ändamålet»
1337 1421 112 31 skulle
1471 1421 10 30 i
1502 1420 111 31 likhet
1634 1420 80 31 med

227 1476 66 30 vad
314 1485 75 21 som
408 1476 167 41 möjligen
596 1477 37 30 är
654 1477 96 30 fallet
770 1477 11 30 i
801 1476 99 41 fråga
919 1485 57 22 om
999 1475 38 31 13
1060 1476 15 37 8
1099 1476 15 30 1
1137 1485 105 21 mom.
1263 1476 111 31 första
1395 1475 134 41 stycket
1549 1474 165 42 epidemi-

227 1531 101 39 lagen
357 1530 66 40 (jfr
448 1540 25 21 s.
498 1530 40 30 65
564 1531 11 30 i
597 1530 353 41 remissprotokollet)
978 1531 122 29 kunna
1123 1530 174 40 begagnas
1322 1539 75 21 som
1422 1529 77 31 stöd
1523 1529 55 31 för
1603 1530 111 29 extra-

228 1583 164 31 ordinära
421 1583 426 41 frihetsinskränkningar
876 1584 111 30 måste
1016 1593 42 21 av
1087 1584 95 30 förut
1212 1585 114 39 antytt
1356 1583 76 30 skäl
1463 1582 248 31 tillbakavisas.

228 1636 68 31 Vill
319 1646 83 21 man
427 1637 207 40 möjliggöra
659 1637 389 31 frihetsinskränkande
1073 1637 160 40 åtgärder
1258 1638 86 29 även
1369 1639 72 27 mot
1466 1637 110 29 andra
1602 1637 44 29 än
1671 1636 41 29 de

229 1690 78 40 fyra
323 1691 149 39 angivna
490 1691 251 39 kategorierna,
761 1701 102 30 synes
881 1691 79 31 med
977 1691 110 31 andra
1105 1691 63 30 ord
1185 1691 252 39 ofrånkomligt
1455 1692 50 28 att
1524 1690 188 40 uttrycklig

227 1744 92 39 regel
338 1744 122 30 därom
480 1745 122 30 införs.
622 1745 53 29 En
695 1745 109 30 sådan
823 1745 90 39 regel
934 1754 57 21 om
1012 1744 425 39 frihetsinskränkningar
1458 1745 37 29 är
1517 1744 36 30 så
1574 1744 137 39 mycket

228 1806 96 22 mera
352 1798 191 30 motiverad
574 1808 74 20 som
678 1801 46 27 ett
753 1799 211 39 jämförbart
993 1799 190 39 stadgande
1213 1798 169 30 avseende
1411 1798 191 39 förstöring
1631 1797 80 30 eller

228 1850 205 41 förändring
457 1862 42 19 av
523 1852 167 40 egendom
716 1852 177 40 upptagits
918 1853 11 29 i
952 1852 224 40 lagförslaget
1206 1852 55 34 (11
1291 1852 54 37 $);
1374 1852 95 30 detta
1494 1851 216 30 sistnämnda

228 1905 191 41 stadgande
437 1908 38 28 är
493 1907 45 39 på
557 1907 58 30 sitt
634 1907 141 30 område
792 1908 75 39 just
886 1908 103 39 ägnat
1008 1907 207 39 möjliggöra
1233 1908 50 29 att
1302 1906 160 40 åtgärder
1481 1906 135 39 vidtags
1634 1906 77 29 ock-

230 1959 37 29 så
281 1961 72 27 mot
368 1968 117 21 annan
500 1960 44 29 än
559 1960 66 29 den
641 1969 75 21 som
731 1961 37 29 är
784 1960 83 39 sjuk
881 1960 82 30 eller
978 1960 44 40 på
1036 1963 108 27 annat
1159 1961 68 29 sätt
1243 1960 54 30 för
1313 1960 153 30 smittan.

272 2012 49 30 På
343 2013 114 38 grund
481 2022 42 20 av
545 2014 66 29 vad
636 2013 149 31 sålunda
809 2014 184 40 åberopats
1017 2013 160 30 förordar
1202 2013 154 40 lagrådet
1381 2015 50 28 att
1456 2013 11 29 i
1494 2013 35 29 11
1559 2013 15 37 $
1601 2012 109 30 införs

228 2070 47 28 ett
294 2068 119 40 tillägg
432 2078 42 20 av
493 2068 202 39 förslagsvis
715 2068 66 29 den
801 2068 214 29 innebörden
1035 2070 49 27 att
1106 2067 124 40 Kungl.
1251 2067 105 40 Maj:t
1376 2067 82 29 eller
1478 2067 87 29 efter
1586 2066 123 39 Kungl.

227 2122 124 39 Maj:ts
369 2122 277 39 bemyndigande
665 2121 248 40 länsstyrelsen
932 2122 70 29 kan
1020 2121 222 30 beträffande
1260 2120 249 40 befolkningen
1529 2121 94 28 inom
1641 2120 68 29 viss

227 2177 54 28 ort
300 2175 83 30 eller
401 2176 86 29 visst
506 2175 142 30 område
668 2175 167 30 förordna
853 2184 57 21 om
930 2175 164 39 isolering
1113 2175 82 29 eller
1215 2175 144 29 därmed
1377 2174 182 40 jämförlig
1578 2174 131 39 åtgärd,

226 2238 58 21 om
301 2229 57 30 det
377 2230 37 29 är
432 2229 155 40 påkallat
604 2239 42 20 av
664 2228 174 31 särskilda
856 2228 75 31 skäl
949 2229 54 30 för
1021 2231 50 28 att
1088 2228 128 31 hindra
1234 2228 254 40 utbredningen
1506 2238 42 20 av
1566 2227 142 31 allmän-

227 2283 104 39 farlig
349 2283 177 40 sjukdom.

834 2435 37 30 13
896 2434 65 32 och
989 2435 37 30 15
1054 2435 49 37 88.

270 2498 187 39 Angående
479 2498 119 39 tillägg
620 2498 51 29 till
692 2498 228 30 förevarande
942 2497 202 40 paragrafer
1166 2497 234 30 återkommer
1423 2498 154 39 lagrådet
1600 2498 110 28 under

229 2551 38 29 16
294 2551 27 37 8.
