1867 2826
474 156 119 29 Andra
613 156 243 38 lagutskottets
878 154 178 29 utlåtande
1075 162 42 20 nr
1136 153 41 28 24
1197 153 38 29 år
1256 152 84 29 1968
1609 149 39 29 37

213 236 67 31 Om
302 236 191 39 anmaning
514 235 72 30 inte
608 235 84 40 följs
715 234 70 30 kan
807 233 249 41 länsstyrelsen
1079 232 92 35 eller,
1193 232 11 30 i
1227 231 61 31 fall
1312 240 74 21 som
1409 240 99 21 avses
1530 230 10 30 i
1568 228 38 31 14
1632 229 15 37 3

167 291 84 29 sista
277 290 144 40 stycket,
447 288 384 31 hälsovårdsnämnden
855 287 136 30 besluta
1015 295 57 20 om
1098 294 135 21 samma
1258 284 159 40 åtgärder
1444 292 74 21 som
1543 283 106 39 gäller

173 346 11 29 i
200 345 99 40 fråga
313 354 57 21 om
386 344 67 30 den
470 353 75 21 som
561 344 38 29 är
616 343 92 39 sjuk.
724 342 68 30 För
808 342 62 30 fall
887 350 75 22 som
979 350 98 21 avses
1092 340 12 29 i
1120 339 115 30 denna
1250 338 165 41 paragraf
1429 338 72 30 kan
1515 337 139 40 tvångs-

174 399 121 39 åtgärd
313 398 72 30 inte
404 397 154 30 beslutas
578 399 85 27 utan
683 395 207 40 föregående
910 394 199 39 anmaning.

866 502 38 30 17
932 502 28 37 8.

216 567 213 40 Paragrafen
451 567 128 30 saknar
601 565 248 39 motsvarighet
870 566 11 28 i
904 564 202 31 nuvarande
1128 564 55 40 lag
1204 564 65 29 och
1292 563 135 30 medför
1451 564 50 29 att
1525 562 57 30 det
1604 570 48 21 nu

172 621 232 30 oinskränkta
432 619 385 41 anonymitetsskyddet
845 620 11 28 i
883 619 71 30 viss
981 618 82 30 mån
1089 618 170 39 upphävs.
1288 615 367 41 Uppgiftslämnarens

172 675 160 30 identitet
359 674 89 31 skall
475 673 191 30 emellertid
693 674 122 29 endast
840 672 96 40 röjas
963 681 57 22 om
1048 672 106 30 saken
1180 671 67 30 blir
1275 669 146 31 föremål
1449 669 54 30 för
1528 669 126 30 brotts-

172 729 195 39 utredning.
386 728 314 30 Bestämmelserna
718 727 63 29 har
799 727 161 29 närmare
978 725 207 31 behandlats
1202 725 11 29 i
1231 724 67 30 den
1316 724 178 30 allmänna
1512 722 142 30 motive-

170 784 132 39 ringen.

870 879 39 30 18
936 879 27 37 8.
1537 904 2 2 ;

218 945 11 28 I
257 944 208 40 paragrafen
492 943 142 30 fastslås
663 941 483 41 sjukvårdshuvudmännens
1174 940 196 39 skyldighet
1397 941 49 28 att
1474 948 100 20 svara
1602 938 53 29 för

173 998 236 30 kostnaderna
433 998 59 29 vid
516 996 263 40 undersökning
804 996 65 29 och
893 995 212 39 behandling
1129 995 11 29 i
1166 995 113 38 öppen
1304 993 84 29 vård
1413 992 57 30 vid
1496 992 159 29 venerisk

175 1052 176 40 sjukdom.
371 1053 102 29 Detta
491 1051 145 30 innebär
654 1051 45 30 bl.
719 1060 28 20 a.
768 1052 49 28 att
836 1049 222 39 landstingen
1078 1049 136 29 övertar
1233 1049 160 28 ansvaret
1413 1047 54 29 för
1486 1046 66 29 den
1572 1045 83 30 vård

183 1116 73 20 som
277 1116 47 20 nu
346 1106 138 30 bedrivs
505 1105 58 30 vid
584 1104 363 40 könspoliklinikerna
967 1103 12 30 i
999 1103 93 30 vissa
1115 1101 125 31 städer.
1262 1100 209 31 Läkemedel
1493 1100 89 30 skall
1603 1099 56 30 vid

183 1160 64 30 len
272 1161 115 38 öppna
411 1159 129 30 vården
567 1168 74 20 som
666 1167 47 20 nu
739 1156 285 31 tillhandahållas
1049 1154 258 32 kostnadsfritt.

874 1254 39 30 19
940 1254 27 37 8.
1616 1279 2 2 .

220 1320 116 39 Enligt
364 1319 238 39 huvudregeln
632 1319 88 29 skall
749 1315 429 41 anmaningsförfarandet
1207 1315 118 30 skötas
1354 1324 41 20 av
1423 1314 235 30 länsläkarna.

177 1375 129 29 Genom
335 1374 113 29 denna
475 1373 165 40 paragraf
665 1373 137 29 lämnas
828 1371 182 39 möjlighet
1038 1371 54 29 för
1120 1369 277 39 socialstyrelsen
1425 1370 48 28 att
1502 1367 157 30 anförtro

178 1429 100 29 dessa
297 1428 175 40 uppgifter
491 1427 34 30 åt
543 1436 117 20 annan
677 1427 128 29 läkare.

875 1524 40 31 20
943 1524 27 37 8.
1479 1550 2 2 .

228 1590 338 39 Smittskyddslagen
586 1591 54 28 tar
661 1590 11 29 i
694 1589 110 29 första
823 1588 95 29 hand
941 1587 88 30 sikte
1051 1587 44 39 på
1117 1586 41 29 de
1180 1585 258 39 allmänfarliga
1460 1584 65 30 och
1546 1584 41 29 de
1609 1592 54 21 ve-

182 1643 141 31 neriska
345 1643 264 39 sjukdomarna.
631 1642 130 30 Genom
782 1641 114 30 denna
916 1640 165 40 paragraf
1101 1640 118 39 åläggs
1239 1638 424 31 hälsovårdsnämnderna

185 1697 196 40 skyldighet
405 1699 49 28 att
480 1697 43 30 då
549 1697 56 29 det
630 1696 190 39 uppträder
846 1695 109 30 andra
982 1694 234 39 smittsamma
1244 1692 206 40 sjukdomar
1475 1691 189 30 verkställa

184 1752 41 29 de
247 1751 226 38 utredningar
494 1751 65 28 och
578 1750 94 29 vidta
692 1750 41 29 de
754 1749 159 38 åtgärder
935 1757 74 20 som
1029 1747 224 30 länsläkaren
1273 1738 115 37 finner
1409 1744 194 40 påkallade.

878 1846 38 30 21
946 1845 27 37 8.

229 1911 431 30 Hälsovårdsnämnderna
685 1909 235 30 tillförsäkras
947 1916 123 31 genom
1096 1906 309 31 bestämmelserna
1431 1906 10 28 i
1468 1904 114 30 denna
1608 1913 58 29 pa-

184 1966 118 38 ragraf
321 1975 42 20 en
383 1964 189 40 uttrycklig
591 1964 69 30 rätt
679 1964 53 29 till
751 1962 135 31 biträde
906 1972 42 20 av
966 1961 251 40 tjänsteläkare
1237 1960 64 29 och
1321 1957 346 32 distriktssköterska

187 2020 57 29 vid
269 2019 219 40 fullgörande
513 2028 41 20 av
580 2018 75 29 sina
679 2016 235 41 skyldigheter
939 2016 106 39 enligt
1071 2015 98 39 lagen
1195 2014 65 30 och
1283 2014 79 29 med
1388 2013 77 30 stöd
1489 2022 42 20 av
1554 2012 114 29 denna

189 2073 202 30 meddelade
414 2072 230 30 föreskrifter.

882 2168 39 30 23
950 2167 27 38 $.

232 2232 528 39 Laboratorieundersökningar
787 2241 42 20 av
855 2240 85 30 prov
966 2240 29 20 o.
1024 2230 31 30 d.
1084 2230 80 29 från
1190 2237 165 31 personer
1384 2237 74 20 som
1486 2226 184 39 insjuknat

190 2288 82 30 eller
295 2287 192 30 misstänks
511 2287 45 30 ha
579 2286 165 30 drabbats
767 2295 42 21 av
832 2284 236 39 allmänfarlig
1092 2283 82 30 eller
1196 2282 161 31 venerisk
1382 2280 165 41 sjukdom
1570 2280 102 40 utgör

192 2344 47 29 ett
254 2341 259 41 betydelsefullt
530 2341 54 29 led
599 2341 11 29 i
627 2339 335 40 diagnostiseringen
980 2348 41 20 av
1038 2337 65 30 och
1119 2337 152 39 kampen
1288 2337 72 30 mot
1378 2336 41 29 de
1438 2334 235 31 smittsamma

192 2396 264 38 sjukdomarna.

234 2449 129 29 Genom
388 2448 310 30 bestämmelserna
722 2447 11 30 i
758 2444 111 32 första
894 2445 134 40 stycket
1053 2445 11 29 i
1089 2443 228 31 förevarande
1342 2441 164 41 paragraf
1531 2439 141 31 fastslås

191 2507 49 26 att
263 2504 101 29 dessa
386 2501 188 31 kostnader
597 2502 10 29 i
630 2502 86 29 intet
739 2501 61 29 fall
824 2500 88 30 skall
935 2499 131 29 drabba
1088 2498 66 29 den
1177 2496 167 31 enskilde.
