1934 2858
408 199 101 29 Andra
532 199 182 28 kammarens
731 198 105 33 femte
860 194 149 36 tillfälliga
1035 193 118 28 utskotts
1177 190 144 29 utlatande
1344 189 46 28 Nr
1412 191 27 25 8.
1659 184 18 30 5

175 281 136 31 skrifter
349 278 199 32 meddelade
586 277 9 31 i
634 276 114 41 kungl.
788 275 188 31 cirkulären
1015 272 48 31 till
1103 272 105 30 rikets
1241 271 173 29 hovrätter
1450 268 65 30 den
1551 267 39 30 17
1623 266 54 31 de-

176 333 134 30 cembeor
343 332 106 33 1920,
481 330 65 31 den
578 330 19 30 2
628 327 179 32 december
839 327 87 30 1921
964 325 63 30 och
1056 324 66 30 den
1154 324 18 29 8
1203 321 178 32 december
1418 320 102 30 1922.

228 435 52 30 Då
309 434 58 31 det
394 432 206 32 fortfarande
629 431 65 30 kan
723 430 198 31 förutsättas
950 429 49 29 att
1027 437 41 20 en
1097 424 277 39 häradshövding
1401 422 72 31 icke
1502 422 85 40 själv
1616 421 64 30 kan

176 485 247 40 kontinuerligt
440 483 192 40 handlägga
647 481 156 41 samtliga
817 484 43 37 på
874 480 126 30 honom
1016 475 248 33 ankommande
1279 474 162 42 göromål,
1458 474 85 30 hava
1558 473 11 30 i
1589 472 91 31 dom-

177 536 268 42 sagostadgorna
472 533 191 32 meddelats
691 531 256 32 bestämmelser
971 540 54 20 om
1046 528 66 31 den
1132 527 160 40 ledighet,
1309 524 277 40 häradshövding
1605 525 78 38 äger

177 589 141 41 åtnjuta.
375 587 118 40 Enligt
525 586 42 30 19
597 582 21 42 8
645 584 11 31 i
689 584 95 30 1920
813 584 53 29 års
895 579 286 41 domsagostadga
1208 580 54 28 må
1282 575 258 43 tjänstledighet
1555 575 127 39 årligen

178 640 142 41 beviljas
358 636 278 41 häradshövding
673 636 51 30 för
756 633 199 42 åtnjutande
983 643 40 20 av
1052 632 164 30 semester
1244 630 102 39 högst
1374 639 40 19 en
1444 627 63 30 och
1536 637 41 19 en
1606 626 78 30 halv

178 691 123 32 månad
330 693 87 29 samt
444 689 52 31 för
523 687 172 32 vinnande
723 697 39 20 av
789 684 131 32 lättnad
948 684 11 30 i
987 681 247 33 arbetsbördan
1263 680 63 31 och
1356 677 260 42 ombesörjunde
1645 688 40 19 av

179 742 157 33 enskilda
372 740 285 43 angelägenheter
693 737 223 40 sammanlagt
951 736 103 40 högst
1091 745 41 20 cen
1162 733 62 31 och
1259 744 41 20 en
1328 731 78 31 halv
1434 730 133 37 månad,
1599 728 86 31 dock

180 797 54 29 må
270 794 163 41 ledighet,
463 803 73 21 som
574 802 47 20 nu
654 791 146 36 nämnts,
831 789 28 40 ej
889 787 143 41 beviljas
1061 788 19 28 å
1108 785 105 31 sådan
1242 784 60 37 tid,
1333 785 49 29 att
1410 780 276 40 häradshövding

180 847 197 41 därigenom
405 845 120 31 vinner
552 842 160 32 befrielse
739 841 73 31 från
841 850 91 21 mera
960 840 42 30 än
1030 838 102 40 högst
1160 838 49 29 tre
1237 836 171 30 allmänna
1427 834 257 40 tingssamman-

181 898 119 33 träden
338 908 55 20 om
430 897 80 29 året.
567 894 55 31 Då
658 892 163 41 tillfälligt
856 890 152 42 göromål
1036 900 40 20 av
1104 888 157 41 vidlyftig
1288 887 82 30 eller
1397 884 206 32 tidsödande
1630 884 55 30 be-

182 949 201 37 skaffenhet,
414 949 112 29 såsom
555 944 232 40 rannsakning
814 942 76 32 med
918 940 128 32 häktad
1073 950 125 31 person
1227 939 82 30 eller
1329 935 290 44 syneförrättning
1637 935 48 30 in-

182 1001 125 37 träffar,
338 1000 65 31 kan
431 996 278 41 häradshövding
736 995 105 41 enligt
871 994 46 31 20
945 991 22 42 &
994 990 310 42 domsagostadgan
1331 989 103 31 vinna
1461 988 152 40 ledighet
1632 998 54 19 an-

182 1053 117 41 tingen
336 1052 74 31 från
446 1049 148 32 nämnda
622 1047 151 42 göromål
810 1046 81 31 eller
926 1045 74 30 från
1037 1043 150 31 ämbetet
1222 1042 11 30 i
1270 1041 119 41 övrigt.
1447 1040 117 40 Enligt
1594 1039 43 30 21
1668 1036 21 42 8

182 1104 149 32 nämnda
368 1102 119 41 stadga
523 1102 55 30 må
614 1098 286 41 häradshövding,
930 1098 61 30 när
1023 1095 74 32 skäl
1125 1094 114 31 därtill
1267 1095 69 36 äro,
1366 1092 125 31 befrias
1520 1091 68 32 dels
1615 1090 72 31 från

184 1159 50 29 att
261 1158 19 29 å
308 1154 224 41 sammanlagt
559 1153 103 40 högst
689 1151 99 31 halva
815 1149 127 32 antalet
970 1148 171 31 allmänna
1160 1143 368 44 tingssammanträden
1548 1154 55 19 om
1619 1144 71 29 året

184 1209 11 31 i
233 1209 186 40 domsagan
455 1204 192 41 handlägga
683 1214 26 21 s.
744 1203 31 30 k.
810 1198 406 43 tremanstingsärenden,
1247 1198 69 30 dels
1352 1196 72 31 från
1461 1197 50 29 att
1538 1196 19 29 å
1585 1193 105 32 andra

185 1258 273 34 sammanträden
493 1259 42 29 än
564 1256 170 31 allmänna
761 1251 367 44 tingssammanträden
1157 1249 190 41 handlägga
1375 1247 126 32 sådana
1529 1246 159 37 ärenden,

186 1312 69 32 dels
282 1311 55 32 ock
364 1311 73 30 från
466 1307 204 34 utfärdande
699 1305 107 32 under
832 1305 71 31 viss
931 1303 51 32 tid
1002 1314 39 20 av
1061 1300 303 44 gravationsbevis,
1386 1298 167 32 avseende
1576 1297 114 41 fastig-

186 1364 106 37 heter,
321 1360 211 34 beträffande
560 1359 91 31 vilka
677 1358 151 41 lagfarts-
857 1356 63 32 och
948 1352 367 42 inteckningsärenden
1343 1351 207 40 handläggas
1579 1361 40 19 av
1646 1348 44 31 vi-

186 1415 102 31 karie.
345 1414 131 32 Utöver
503 1423 46 20 nu
577 1409 128 33 nämnd
732 1408 150 42 ledighet
910 1409 55 29 må
992 1406 107 41 enligt
1129 1406 45 30 22
1202 1402 22 42 &
1251 1404 10 31 i
1290 1414 128 20 samma
1446 1401 119 42 stadga
1588 1400 103 41 ledig-

187 1468 59 30 het
272 1466 74 31 icke
374 1464 143 42 beviljas
544 1460 278 42 häradshövding
849 1461 43 40 på
919 1469 113 21 annan
1060 1456 111 43 grund
1190 1458 42 29 än
1252 1455 111 42 styrkt
1382 1453 169 43 sjukdom,
1574 1453 117 30 offent-

187 1519 62 41 ligt
277 1517 156 42 uppdrag
460 1516 83 32 eller
570 1516 104 30 annat
701 1513 74 41 laga
802 1510 121 33 förfall.
963 1510 96 31 Efter
1086 1507 255 33 vederbörande
1368 1507 153 30 hovrätts
1541 1503 151 33 hörande

188 1572 55 30 må
270 1568 189 34 emellertid
486 1567 128 41 Kungl.
644 1565 110 42 Maj:t,
781 1563 133 43 jämlikt
943 1563 46 31 22
1018 1560 21 42 8
1066 1561 11 31 i
1106 1560 153 42 stadgan,
1288 1558 161 32 förordna
1475 1559 50 29 att
1544 1556 78 32 med
1641 1567 51 20 av-

190 1622 125 33 seende
353 1623 19 30 å
399 1618 248 34 arbetsbördan
675 1618 12 30 i
714 1617 70 31 viss
825 1615 162 41 domsaga
1028 1614 83 31 eller
1138 1613 11 31 i
1176 1613 92 40 fråga
1309 1622 55 20 om
1405 1608 286 41 häradshövding,

189 1686 74 20 som
301 1674 148 41 uppnått
476 1672 68 40 hög
571 1670 95 31 ålder
693 1669 82 31 eller
801 1678 76 21 vars
905 1667 97 31 hälsa
1029 1667 37 29 är
1092 1663 195 38 vacklande,
1319 1663 66 30 den
1413 1661 104 42 årliga
1544 1660 151 41 ledighet

190 1738 74 20 som
301 1736 98 21 avses
436 1724 10 31 i
487 1724 43 31 19
568 1720 31 43 8,
630 1723 54 29 må
711 1720 200 32 utsträckas.
969 1716 156 33 Särskild
1152 1715 152 42 ledighet
1331 1715 65 30 kan
1426 1713 106 41 enligt
1562 1712 45 31 22
1636 1709 58 43 81

191 1778 144 41 stadgan
372 1776 143 41 beviljas
551 1772 278 41 häradshövding
859 1771 10 31 i
899 1770 173 41 domsaga,
1102 1768 61 31 där
1189 1766 202 33 biträdande
1420 1765 137 31 domare
1585 1765 110 30 finnes

190 1829 159 33 anställd.

244 1933 18 31 I
302 1932 93 41 fråga
435 1941 55 20 om
526 1928 146 32 vikarier
708 1925 193 43 uppdrager
937 1922 309 42 domsagostadgan
1284 1932 42 20 en
1362 1919 158 32 bestämd
1548 1917 148 33 skillnad

193 1985 125 32 mellan
360 1983 87 37 dem,
492 1992 73 21 som
608 1981 61 40 äga
709 1981 49 29 att
799 1979 80 30 utan
920 1974 249 41 inskränkning
1208 1973 144 32 förvalta
1387 1970 308 40 häradshövdinge-

194 2037 145 33 ämbete,
379 2036 88 31 samt
495 2033 88 37 dem,
614 2042 74 21 som
717 2032 60 40 äga
805 2029 132 32 mindre
964 2026 217 42 befogenhet.
1237 2023 256 38 Förordnande,
1525 2033 73 21 som
1627 2023 69 30 ute-

194 2087 160 34 slutande
383 2097 96 21 avser
505 2083 255 42 handläggning
787 2093 40 20 av
855 2092 26 20 s.
912 2080 31 31 k.
974 2076 407 43 tremanstingsärenden,
1411 2077 54 29 må
1485 2074 106 42 enligt
1613 2074 45 31 23
1678 2071 21 42 8

195 2152 40 20 av
271 2140 136 31 hovrätt
443 2136 175 33 meddelas
656 2135 76 37 den,
772 2144 73 21 som
882 2133 148 41 uppnått
1069 2131 46 31 24
1153 2132 54 29 års
1244 2128 95 32 ålder
1375 2128 64 31 och
1467 2127 85 31 efter
1579 2125 120 41 avlagd

196 2202 140 22 examen
365 2190 109 32 under
502 2191 49 29 ett
579 2189 36 30 år
643 2186 195 43 tjänstgjort
857 2195 73 21 som
949 2182 135 33 biträde
1104 2183 35 30 åt
1156 2179 286 41 häradshövding.
1486 2177 214 42 Befogenhet

197 2247 49 29 att
282 2246 82 29 utan
393 2240 249 41 inskränkning
670 2237 182 43 uppehålla
880 2232 434 43 häradshövdingeämbete
1342 2231 207 32 tillkommer
1577 2229 53 32 till
1658 2240 41 20 en

196 2296 121 42 början
344 2295 73 31 vice
445 2290 288 42 häradshövding.
790 2289 121 32 Såsom
940 2287 106 32 sådan
1067 2288 54 30 må
1140 2285 72 32 icke
1231 2284 180 32 förordnas
1430 2294 112 20 annan
1562 2284 42 29 än
1620 2281 77 38 den,

198 2359 73 21 som
308 2347 100 31 hållit
443 2345 86 32 visst
566 2343 92 32 antal
695 2342 170 32 allmänna
892 2338 275 33 sammanträden
1196 2339 88 29 samt
1312 2336 163 41 därjämte
1503 2333 198 43 tjänstgjort

199 2402 113 30 såsom
350 2398 149 32 ledamot
536 2396 83 32 eller
646 2394 98 32 fiskal
772 2394 11 31 i
810 2393 136 31 hovrätt
974 2390 225 41 sammanlagt
1226 2391 49 29 ett
1303 2390 36 29 år
1367 2388 82 31 eller
1477 2394 113 24 såsom
1618 2385 82 31 revi-

199 2451 317 33 sionssekreterare.
573 2446 214 43 Befogenhet
823 2446 49 30 att
899 2447 82 29 utan
1010 2441 247 41 inskränkning
1284 2439 183 43 uppehålla
1495 2437 206 32 häradshöv-

200 2503 237 42 dingeämbete
466 2501 207 32 tillkommer
700 2497 133 43 jämlikt
858 2497 46 31 24
924 2494 22 43 8
963 2495 116 32 vidare
1099 2493 169 33 ordinarie
1287 2492 205 32 innehavare
1512 2501 39 20 av
1571 2490 129 31 domar-

1744 424 117 22 Hårads-

1711 457 193 29 hövdingarnas

1744 492 116 29 lediyhet.

1736 1920 165 24 Vikariernas

1743 1956 156 28 kompetens.
