2198 2683
450 194 103 30 Andra
576 194 192 30 Kammarens
794 194 162 38 Tillfälliga
984 194 125 30 Utskotts
1134 194 70 37 (N:o
1227 192 33 35 4)
1289 194 152 30 Utlåtande
1464 194 58 29 N:o
1548 195 50 29 38.
1795 194 17 30 5

218 276 100 35 tiden
347 288 65 36 per
441 276 72 48 dag
541 275 121 36 kunde
690 278 144 46 antaga.
872 274 125 37 Under
1016 275 62 36 det
1097 279 55 32 att
1172 274 143 46 således,
1334 274 118 37 såsom
1472 273 100 38 förut
1592 279 220 42 omnämnts,

220 331 139 44 44,688
391 330 101 49 (70,7
525 330 163 49 procent)
717 331 39 36 af
784 330 83 36 hela
895 330 138 37 antalet
1060 331 65 35 här
1151 328 275 50 ifrågavarande
1455 330 166 37 arbetare
1641 328 110 39 hafva
1770 343 43 24 en

219 384 127 50 daglig
375 384 174 37 arbetstid
579 383 41 37 af
648 386 46 36 10
724 385 151 36 timmar
903 384 65 38 och
997 384 194 45 därunder,
1220 386 143 47 uppgår
1391 385 139 35 antalet
1549 385 161 36 arbetare
1730 384 84 37 med

220 452 44 23 en
289 439 176 36 arbetstid
494 451 63 36 per
584 439 111 36 vecka
723 438 41 36 af
792 441 47 36 60
868 440 154 36 timmar
1051 439 67 36 och
1147 439 182 36 därunder
1357 439 55 35 till
1442 440 139 43 51,628
1611 439 88 36 eller
1725 441 84 43 81,7

220 498 163 43 procent.
440 491 79 37 Och
561 493 132 36 medan
735 494 140 44 27,074
920 493 101 49 (42,8
1063 493 159 48 procent)
1257 492 163 37 arbetare
1449 492 92 36 hade
1569 504 44 24 en
1642 492 174 37 arbetstid

220 560 65 36 per
327 547 71 46 dag
439 547 36 36 af
502 547 115 48 precis
647 549 48 36 10
724 547 160 45 timmar,
913 546 171 50 utgjorde
1113 547 139 36 antalet
1281 546 38 37 af
1345 546 94 46 dem,
1467 547 144 36 hvilkas
1639 547 177 53 arbetstid

220 613 63 37 per
311 601 114 37 vecka
453 614 64 23 var
545 602 112 48 precis
687 603 48 36 60
765 602 161 44 timmar,
954 601 129 37 endast
1116 603 135 44 14,255
1284 601 101 49 (22,6
1417 601 174 49 procent).
1647 602 35 36 Å
1700 601 115 36 andra

220 655 101 36 sidan
361 657 108 47 utgör
501 656 138 35 antalet
671 656 166 36 arbetare
865 656 84 35 med
978 668 43 24 en
1050 655 174 37 arbetstid
1251 654 41 36 af
1318 668 78 23 mer
1424 663 45 28 än
1497 657 45 36 72
1573 655 150 36 timmar
1750 668 65 36 per

222 709 113 37 vecka
381 711 122 44 1,302,
546 709 116 36 under
703 709 63 37 det
798 714 54 32 att
880 710 97 36 blott
1006 711 48 37 50
1084 710 165 36 arbetare
1278 709 173 50 angifvits
1479 708 110 38 hafva
1618 722 44 23 en
1691 710 124 48 daglig

220 763 187 46 arbetstid,
451 764 269 49 öfverstigande
759 766 43 35 12
832 765 159 44 timmar,
1022 764 101 36 detta
1151 763 179 37 beroende
1359 765 46 48 på
1434 768 53 32 att
1516 776 45 24 en
1589 769 74 31 stor
1690 764 60 36 del
1778 765 38 35 af

221 817 282 38 skiftarbetarne
532 819 112 36 hafva
672 819 123 36 arbete
824 817 105 39 äfven
958 817 46 50 på
1032 818 236 48 söndagarna.

329 871 71 38 Vid
429 873 319 49 undersökningen
776 872 41 36 af
842 871 472 38 arbetstidsförhållandena
1342 873 12 35 i
1382 871 82 38 vårt
1491 871 88 37 land
1600 872 66 36 bör
1685 871 130 50 gifvet-

220 926 55 37 vis
317 925 58 37 för
413 926 252 49 jämförelsens
708 927 98 36 skull
847 927 112 49 nödig
1001 926 325 50 uppmärksamhet
1358 933 112 43 ägnas
1500 925 37 38 åt
1564 926 252 37 motsvarande

220 981 315 49 undersökningar
563 981 12 36 i
604 981 174 37 utlandet.
834 981 71 37 Det
933 989 39 29 är
1000 981 93 36 dock
1122 982 125 36 endast
1275 983 51 34 ett
1354 980 98 46 land,
1480 981 188 49 nämligen
1697 973 119 44 Öster-

220 1035 91 45 rike,
340 1036 64 36 där
432 1048 43 24 en
505 1035 470 50 arbetstidsundersökning
1003 1034 40 37 af
1068 1048 140 23 samma
1236 1035 223 48 omfattning
1477 1047 78 24 som
1575 1036 68 35 den
1663 1035 154 37 svenska

221 1088 242 38 förekommit.
520 1088 124 50 Några
678 1088 40 37 af
744 1089 44 36 de
816 1090 194 48 viktigaste
1039 1090 196 36 resultaten
1265 1088 39 36 af
1331 1089 69 36 den
1429 1089 231 36 österrikiska
1686 1090 129 35 under-

220 1144 212 49 sökningen,
463 1156 76 24 som
567 1144 78 36 helt
673 1144 148 49 nyligen
851 1144 236 49 publicerats,
1117 1143 185 37 meddelas
1330 1143 74 36 här.

327 1197 95 37 Hela
450 1199 139 35 antalet
616 1198 177 45 arbetare,
824 1211 76 23 som
929 1198 143 36 beröras
1097 1196 40 37 af
1154 1198 325 47 undersökningen,
1501 1196 143 50 uppgår
1663 1197 12 35 i
1696 1189 120 44 Öster-

223 1252 78 36 rike
330 1252 58 36 till
412 1253 216 44 1,037,601,
648 1250 39 37 af
706 1252 128 36 hvilka
857 1253 165 44 106,671
1045 1265 88 24 voro
1153 1252 207 49 sysselsatta
1380 1251 12 35 i
1413 1252 229 45 kontinuerlig
1661 1250 154 37 fabriks-

222 1304 101 47 drift,
367 1305 66 37 där
474 1305 107 37 alltså
618 1307 140 35 arbetet
790 1305 140 49 fortgår
958 1311 87 31 utan
1074 1304 149 44 afbrott,
1254 1304 108 38 äfven
1391 1318 60 23 om
1480 1305 239 49 söndagarna,
1750 1307 68 35 och

224 1362 166 42 930,930
420 1361 91 35 eller
540 1360 69 36 den
638 1365 96 32 stora
762 1359 286 38 hufvudmassan
1077 1361 11 34 i
1112 1360 317 45 icke-kontinuerlig
1450 1358 243 38 fabriksdrift.
1739 1359 79 37 Den

222 1414 153 49 dagliga
408 1414 179 37 ordinarie
615 1414 216 37 arbetstiden
860 1427 65 35 per
953 1414 70 49 dag
1051 1413 57 37 för
1136 1414 223 36 sistnämnda
1387 1414 166 49 kategori
1582 1413 38 36 af
1648 1414 169 36 arbetare

222 1468 131 37 ställde
382 1470 54 47 sig
464 1469 12 35 i
504 1471 92 35 stort
623 1468 79 37 sedt
730 1468 46 50 på
802 1469 162 49 följande
983 1471 85 34 sätt:
1093 1470 20 36 9
1134 1468 150 36 timmar
1303 1469 68 35 och
1391 1468 186 36 därunder
1596 1466 56 38 för
1674 1469 141 45 81,945

223 1524 165 35 arbetare
431 1522 72 50 (8,8
549 1523 173 49 procent),
761 1521 103 39 öfver
895 1525 128 36 9—10
1051 1523 149 37 timmar
1227 1523 56 36 för
1312 1524 166 44 427,732
1510 1522 101 49 (45,9
1644 1523 175 48 procent),

223 1576 103 38 öfver
371 1579 148 36 10—11
551 1578 151 35 timmar
734 1576 57 37 för
820 1579 168 44 407,686
1021 1577 96 47 (43,8
1149 1577 163 49 procent)
1341 1577 68 36 och
1438 1578 169 48 slutligen
1635 1576 103 37 öfver
1769 1579 42 34 11

222 1631 152 36 timmar
409 1632 58 35 för
501 1633 113 44 6,130
646 1633 74 46 (0,7
753 1631 173 49 procent).
983 1631 81 37 Den
1091 1632 13 35 i
1131 1632 108 48 lagen
1267 1631 147 36 tillåtna
1442 1630 374 37 maximiarbetstiden

223 1684 39 36 af
307 1687 40 35 11
395 1686 149 36 timmar
584 1698 65 36 per
690 1686 71 49 dag
802 1685 228 50 utnyttjades
1062 1686 12 34 i
1102 1686 72 36 full
1204 1685 254 49 utsträckning
1486 1683 39 37 af
1551 1685 268 48 sammanlagdt

227 1740 163 44 160,381
423 1740 165 37 arbetare
619 1740 97 47 (17,2
749 1740 174 50 procent).
980 1740 146 36 Mindre
1154 1746 46 29 än
1232 1741 19 36 9
1281 1740 150 35 timmar
1459 1752 63 36 per
1550 1740 71 48 dag
1647 1739 171 36 arbetade

224 1795 138 43 30,615
393 1794 165 36 arbetare
587 1793 72 49 (3,3
691 1795 172 47 procent).

329 1846 54 38 Af
409 1847 44 37 de
482 1848 12 35 i
522 1848 250 49 kontinuerlig
800 1846 92 38 drift
919 1848 208 49 sysselsatta
1156 1847 190 37 arbetarne
1374 1846 93 37 hade
1493 1848 115 44 3,080
1639 1847 69 48 (2,9
1736 1859 82 36 pro-

223 1902 94 48 cent)
348 1902 203 38 8-timmars
578 1903 89 35 skift
694 1903 69 35 och
794 1903 141 44 94,330
967 1901 99 49 (88,4
1096 1901 162 49 procent)
1293 1902 229 36 12-timmars
1550 1899 98 44 skift,
1672 1901 144 36 hvadan

223 1956 107 36 alltså
374 1956 229 37 12-timmars
645 1956 241 49 arbetsdagen
930 1962 41 29 är
1003 1956 127 49 regeln
1158 1954 57 37 för
1244 1955 99 36 dessa
1372 1955 178 36 arbetare.
1608 1954 140 36 Härvid
1777 1962 41 28 är

224 2009 93 37 dock
359 2012 55 34 att
455 2011 136 44 märka,
625 2014 54 32 att
711 2009 135 37 skiften
875 2008 73 38 afse
976 2010 70 36 den
1076 2009 145 49 dagliga
1249 2009 219 36 arbetstiden
1496 2010 77 35 med
1598 2010 221 35 inräknande

224 2064 49 44 af
292 2068 126 42 raster,
446 2065 125 36 hvilka
598 2063 58 37 för
683 2064 138 36 inemot
849 2062 139 38 hälften
1017 2062 41 37 af
1083 2064 71 35 alla
1182 2063 216 37 hithörande
1418 2063 163 36 arbetare
1601 2063 144 48 belöpte
1765 2063 53 49 sig

222 2118 61 36 till
312 2131 79 23 mer
419 2125 45 29 än
497 2121 15 34 1
545 2118 138 36 timme.

330 2171 55 37 De
404 2172 206 45 industrier,
628 2184 78 24 som
725 2173 110 36 ofvan
851 2172 194 37 anmärkta
1065 2171 153 38 svenska
1238 2171 157 36 statistik
1411 2169 185 48 omfattar,
1616 2177 62 30 äro
1698 2171 121 49 skogs-

223 2226 109 44 bruk,
371 2225 193 51 grufdrift,
607 2239 121 24 annan
769 2227 208 49 brytnings-
1018 2228 69 35 och
1121 2225 413 50 upptagningsindustri,
1561 2226 161 48 närings-
1751 2227 68 35 och

221 2281 486 50 njutningsämnesindustri,
749 2281 278 46 textilindustri,
1070 2280 390 45 beklädnadsindustri,
1503 2280 111 45 läder,
1647 2279 79 37 hår-
1752 2280 66 36 och
