2236 2658
741 176 227 42 Lagutskottets
985 177 178 31 Utlåtande
1186 177 64 32 N:o
1275 177 51 31 18.
1774 178 20 30 7

988 315 21 44 $
1039 318 32 34 9.

357 416 52 36 En
446 416 87 36 hvar
564 416 202 48 välfräjdad
798 418 129 35 svensk
958 417 205 44 undersåte,
1192 431 76 23 som
1296 425 41 28 är
1365 418 155 37 medlem
1549 418 39 36 af
1612 419 223 36 kommunen

222 471 90 31 samt
342 467 118 46 enligt
486 466 23 44 $
538 469 45 34 40
612 466 212 37 förbunden
853 474 54 29 att
934 469 55 35 till
1017 468 212 37 densamma
1256 470 150 47 erlägga
1433 470 107 42 skatt,
1569 477 41 28 är
1641 470 71 35 med
1732 470 102 36 iakt-

223 517 156 46 tagande
409 517 39 35 af
472 517 44 36 de
544 525 168 28 närmare
740 518 272 37 bestämmelser
1039 519 67 36 och
1126 520 321 47 inskränkningar,
1468 533 76 23 som
1564 519 49 45 $$
1639 523 42 33 10
1700 522 66 35 och
1789 523 40 33 11

206 568 210 40 "innehålla,
446 568 204 47 berättigad
679 574 56 30 att
761 570 12 34 i
801 570 56 36 val
885 569 40 36 af
940 569 345 49 stadsfullmäktige
1313 570 158 47 dehaga.

355 618 201 37 Enahanda
582 619 180 48 rättighet
790 620 223 36 tillkommer
1040 620 121 48 bolag.

975 772 23 44 $$
1023 774 62 35 116

356 872 40 47 Ej
440 876 58 32 må
533 872 82 46 den,
641 886 86 26 som
759 873 55 37 för
842 874 162 47 oguldna
1031 874 293 50 stadsutskylder
1348 875 132 45 häftar,
1507 875 13 36 i
1548 876 99 36 valet
1674 875 157 48 deltaga.

973 1025 23 45 &
1026 1029 56 33 14.

355 1124 319 50 Stadsfullmäktig
715 1128 69 35 kan
822 1127 32 47 ej
895 1127 70 36 den
1007 1141 96 31 vara,
1143 1141 77 23 som
1261 1129 78 36 icke
1369 1132 156 45 uppnått
1556 1129 185 48 tjugufem
1774 1134 58 32 års

219 1176 112 44 ålder,
360 1176 32 47 ej
421 1177 129 36 heller:

354 1226 35 45 a)
418 1227 69 35 den
516 1240 76 23 som
620 1228 80 35 icke
728 1229 105 35 råder
860 1229 102 35 öfver
989 1230 56 47 sig
1071 1230 68 35 och
1168 1230 65 35 sitt
1258 1230 107 46 gods;

353 1274 38 47 b)
432 1277 69 36 den
543 1291 78 22 som
662 1279 55 35 till
759 1279 220 46 borgenärer
1017 1281 47 34 all
1105 1280 55 35 sin
1194 1281 178 46 egendom
1406 1280 140 36 afträdt
1572 1281 68 36 och
1667 1282 91 43 icke,
1780 1285 52 45 på

218 1333 73 30 sätt
317 1328 61 46 lag
405 1327 147 43 förmår,
579 1329 115 47 gitter
720 1330 88 42 visa,
837 1335 54 30 att
918 1330 70 35 han
1015 1330 83 36 från
1127 1330 104 36 deras
1259 1330 85 36 kraf
1368 1331 139 36 befriad
1535 1339 56 35 är;

351 1376 35 47 c)
415 1378 69 36 den
513 1391 77 24 som
613 1386 41 29 är
681 1379 171 49 förlustig
879 1380 290 48 medborgerligt
1196 1380 209 38 förtroende
1433 1383 87 35 eller
1547 1394 132 36 genom
1700 1384 129 46 utslag,

218 1429 138 36 hvilket
395 1436 98 29 ännu
533 1430 78 35 icke
653 1431 132 35 vunnit
825 1431 83 48 laga
940 1431 106 43 kraft,
1080 1439 41 28 är
1152 1431 110 36 dömd
1289 1433 58 35 till
1374 1431 132 37 förlust
1534 1432 40 36 af
1596 1433 132 36 sådant
1754 1433 77 36 för-

217 1480 162 43 troende,
412 1480 90 36 eller
533 1480 69 36 den
635 1494 77 23 som
741 1489 40 28 är
808 1482 95 35 stäld
933 1482 115 36 under
1076 1482 197 37 framtiden
1301 1482 56 36 för
1385 1483 110 44 brott,
1523 1484 140 35 hvilket
1691 1483 140 37 medför

217 1530 159 38 nämnda
402 1530 155 48 påföljd;

350 1578 40 48 d)
431 1581 69 36 den
542 1595 78 23 som
661 1590 41 28 är
742 1582 186 37 förklarad
963 1584 153 48 ovärdig
1144 1589 53 31 att
1224 1583 97 37 inför
1349 1590 96 30 rätta
1467 1584 78 37 föra
1572 1584 134 37 andras
1734 1587 95 34 talan

217 1632 88 34 eller
332 1637 54 30 att
413 1632 12 35 i
454 1632 112 36 rikets
592 1633 113 47 tjenst
732 1633 126 36 vidare
886 1635 147 48 nyttjas.

965 1785 22 45 8
1019 1788 54 34 16.

351 1883 76 37 Den
461 1897 76 24 som
567 1885 123 36 blifvit
716 1887 57 34 till
800 1886 211 48 fullmäktig
1039 1887 82 36 vald
1158 1891 58 32 må
1244 1889 124 35 kunna
1396 1889 204 47 uppdraget
1619 1890 58 47 sig
1695 1890 132 47 afsäga,

216 1947 58 22 om
318 1934 70 35 han
430 1935 80 35 icke
551 1943 40 27 är
631 1937 11 34 i
684 1936 126 36 staden
852 1938 87 35 eller
979 1939 98 34 inom
1120 1938 81 36 dess
1234 1939 149 36 område
1416 1939 155 43 boende;
1600 1953 59 23 om
1688 1941 69 35 han
1787 1948 40 28 är

215 1985 156 36 embets-
405 1987 89 34 eller
522 1986 217 46 tjensteman
768 1988 67 35 och
863 1987 41 36 af
927 1989 53 35 sin
1010 1987 210 49 befattning
1248 1990 149 36 hindras
1425 1985 66 40 att
1507 1990 204 47 uppdraget
1739 1990 87 36 full-

213 2041 104 40 göra;
359 2048 60 22 om
460 2036 69 35 han
571 2040 156 45 uppnått
768 2039 117 34 sextio
924 2042 56 32 års
1012 2039 110 42 ålder,
1159 2039 183 36 tillförene
1370 2041 12 35 i
1411 2040 78 48 fyra
1518 2043 41 32 år
1586 2042 88 34 eller
1700 2042 125 47 längre

215 2084 51 35 tid
308 2088 120 33 såsom
469 2086 312 47 stadsfullmäktig
820 2088 211 47 tjenstgjort
1063 2090 88 34 eller
1178 2089 105 46 eljest
1309 2089 138 37 förmår
1475 2091 75 34 visa
1580 2091 139 43 hinder,
1748 2104 74 23 som

213 2134 38 35 af
274 2135 156 35 flertalet
458 2136 124 36 ibland
610 2137 117 46 öfrige
754 2137 232 47 fullmäktige
1013 2139 223 46 godkännes.

348 2183 71 37 Om
460 2185 214 49 fullmäktig
714 2186 39 36 af
791 2187 110 37 sådan
943 2189 105 35 orsak
1090 2189 130 35 varder
1260 2189 93 36 ifrån
1397 2189 254 49 befattningen
1687 2191 137 36 befriad

214 2235 87 36 eller
340 2234 41 36 af
418 2235 160 48 tillfällig
618 2237 200 49 anledning
857 2237 106 48 afgår
1003 2239 115 36 under
1150 2239 69 36 den
1248 2239 67 45 tid,
1343 2239 58 38 för
1429 2240 146 37 hvilken
1605 2240 71 36 han
1706 2241 120 36 blifvit
