2262 2628
470 127 39 31 18
846 133 372 42 Bevillningsutskottets
1242 137 213 33 Betänkande
1479 140 62 32 N:o
1564 143 52 31 18.

424 208 136 49 stadga
589 210 260 49 stämpelplikt
877 212 12 34 i
919 218 114 30 annat
1062 213 65 36 fall
1157 219 48 31 än
1234 221 55 30 att
1320 216 277 49 kreditmedlet,
1626 223 149 47 växeln,
1804 224 197 49 verkligen
2031 227 12 35 i

423 259 122 38 denna
588 261 58 36 sin
689 261 194 50 egenskap
927 263 171 37 kommer
1125 265 57 36 till
1212 268 256 49 användning.
1525 269 74 37 Vid
1627 274 159 37 växelns
1814 276 228 37 utställande

422 311 122 38 finnes
586 312 209 36 emellertid
838 314 117 48 ingen
984 315 175 38 säkerhet
1188 318 137 37 därför.
1384 319 73 37 Om
1487 327 186 32 trassaten
1702 326 117 36 nekar
1847 334 194 44 acceptera

422 365 148 46 växeln,
601 364 203 37 förefinnes
832 365 84 37 icke
944 369 128 46 någon
1099 369 187 37 växelrätt
1314 377 81 31 mot
1423 372 134 48 denne,
1586 379 93 32 utan
1704 376 71 36 den
1797 377 155 39 fordran
1971 380 69 37 hos

421 428 145 24 samma
608 428 102 35 man,
740 416 11 35 i
781 417 208 49 anledning
1029 419 140 37 hvaraf
1205 423 135 35 växeln
1368 423 76 37 kan
1480 438 91 23 vara
1598 427 171 53 utställd,
1799 432 120 34 måste
1947 439 94 40 gent

420 472 102 30 emot
549 467 143 36 honom
721 473 115 42 göras
864 469 177 48 gällande
1069 471 12 36 i
1109 473 136 48 vanlig
1262 476 230 47 processuell
1512 477 175 49 ordning.
1731 482 35 32 Å
1786 480 116 37 andra
1931 483 108 37 sidan

419 521 158 45 uppstår
604 519 199 46 växelrätt,
833 533 62 23 om
925 521 72 36 ock
1016 522 82 37 icke
1118 530 82 31 mot
1219 531 198 42 trassaten,
1439 528 12 35 i
1472 528 66 36 allt
1558 529 64 36 fall
1643 536 81 30 mot
1744 544 124 24 annan
1887 545 149 37 person,

419 571 41 33 så
480 576 105 32 snart
604 571 111 36 växel
736 571 239 38 diskonteras
995 574 88 36 eller
1102 575 109 49 eljest
1231 577 214 38 öfverlåtes.
1489 579 131 38 Under
1640 582 142 37 sådana
1802 585 236 49 omständig-

417 620 107 37 heter
565 621 73 37 och
679 622 49 36 då
768 624 307 49 stämpelplikten
1108 627 84 37 icke
1220 629 209 49 lämpligen
1457 631 75 37 kan
1561 633 161 48 åläggas
1751 641 245 43 acceptanten
2025 639 11 34 i

418 672 121 36 denna
568 674 95 36 hans
693 674 207 51 egenskap,
929 676 71 36 bör
1027 678 121 49 enligt
1177 680 79 36 min
1285 682 158 48 mening
1471 685 261 48 stämpelplikt
1760 686 147 38 inträda
1928 683 107 58 först,

418 723 47 37 då
491 726 109 35 växel
630 726 203 36 öfverlåtes
867 728 90 36 eller
993 729 54 36 till
1076 729 199 51 betalning
1304 733 151 37 företes.
1511 735 60 36 En
1600 736 118 37 sådan
1747 739 176 48 ordning,
1954 753 80 24 som

416 776 254 48 tillmötesgår
711 784 65 41 ett,
819 781 126 34 såsom
989 780 62 37 det
1093 795 113 36 synes
1248 784 91 49 mig,
1373 785 234 50 berättigadt
1634 788 92 36 kraf
1751 789 82 38 från
1861 791 173 49 närings-

415 827 178 37 idkarnes
636 829 94 47 sida,
774 835 40 31 är
855 834 41 32 så
938 833 152 48 mycket
1131 834 237 50 lämpligare,
1398 851 82 23 som
1516 852 87 23 man
1632 839 224 49 därigenom
1885 843 150 48 undgår

414 879 132 48 hvarje
586 881 458 39 restitutionsförfarande
1079 891 89 31 utan
1198 893 55 30 att
1281 889 201 49 samtidigt
1509 890 13 36 i
1549 893 129 46 någon
1707 894 211 36 nämnvärd
1947 898 86 33 mån

414 931 149 37 minska
591 932 214 37 kontrollen
834 934 108 37 öfver
970 935 292 51 skattepliktens
1292 940 250 48 fullgörande.
1592 942 441 52 Stämpelskyldigheten

414 982 165 38 inträder
621 985 193 48 nämligen
856 986 97 37 först
995 988 71 36 och
1108 989 148 49 främst,
1286 994 41 33 så
1356 999 105 30 snart
1489 995 195 36 utställare
1712 996 203 38 öfverlåter
1943 999 90 36 eller

414 1034 237 38 diskonterar
691 1038 148 47 växeln,
884 1039 71 36 och
997 1047 177 31 ansvaret
1208 1042 58 36 för
1293 1044 290 39 underlåtenhet
1610 1047 230 37 härutinnan
1869 1049 164 37 drabbar

413 1087 104 35 såväl
544 1088 196 37 utställare
769 1102 81 23 som
880 1090 204 38 endossent
1113 1094 91 36 eller
1232 1094 206 39 diskontör.
1497 1097 72 37 Om
1600 1098 59 47 då,
1690 1102 127 34 såsom
1846 1102 185 48 naturligt

411 1143 52 41 är,
493 1137 62 37 det
584 1139 236 49 ojämförligt
849 1147 142 31 största
1020 1145 140 36 antalet
1187 1147 132 36 växlar
1351 1148 111 37 söker
1491 1150 61 47 sig
1578 1150 40 36 in
1646 1151 13 34 i
1687 1150 216 38 bankernas
1927 1152 103 49 port-

411 1189 122 49 följer,
576 1190 69 36 har
687 1204 99 34 man,
820 1193 138 36 liksom
987 1195 120 37 under
1136 1200 91 33 åren
1258 1200 267 48 1895—13898,
1555 1201 11 36 i
1595 1207 97 31 stort
1734 1202 83 37 sedt
1846 1203 184 37 öfverfört

411 1242 305 49 ansvarsplikten
757 1246 49 46 på
833 1245 160 48 institut,
1024 1260 61 22 om
1114 1247 152 39 hvilkas
1295 1250 112 48 lojala
1436 1251 286 50 handlingssätt
1751 1260 135 42 staten,
1917 1256 112 36 äfven

408 1298 93 30 utan
542 1293 72 37 den
657 1294 197 50 offentliga
896 1297 141 49 tillsyn,
1081 1299 45 37 de
1168 1306 65 30 äro
1268 1302 292 50 underkastade,
1590 1306 11 35 i
1630 1306 106 48 regel
1765 1306 106 37 torde
1899 1307 129 37 kunna

408 1358 89 22 vara
539 1345 208 38 försäkrad.
803 1348 148 37 Endast
992 1350 12 35 i
1046 1350 109 49 fråga
1197 1366 62 22 om
1300 1354 140 37 sådana
1481 1357 141 47 växlar,
1666 1370 82 24 som
1791 1358 83 36 icke
1902 1359 125 36 lämna

407 1396 243 37 utställarens
692 1398 220 51 kassaskåp,
956 1401 127 37 förrän
1121 1404 46 36 de
1195 1411 237 41 presenteras
1462 1407 55 36 till
1545 1408 212 49 betalning,
1787 1410 123 36 skulle
1939 1424 87 22 man

408 1447 118 37 sakna
554 1462 47 23 en
630 1450 234 37 kontrollant
891 1452 65 36 vid
986 1453 259 49 fullgörandet
1273 1457 42 35 af
1339 1459 241 37 utställarens
1610 1461 270 49 stämpelplikt.
1936 1462 89 36 Man

406 1499 98 36 lärer
544 1502 196 47 nämligen
777 1502 82 37 icke
892 1504 208 49 lämpligen
1127 1507 130 37 kunna
1286 1509 141 48 ålägga
1455 1517 258 43 acceptanten,
1744 1512 157 37 hvilken
1929 1516 95 34 åter-

405 1550 222 38 bekommer
668 1554 135 35 växeln
849 1557 125 34 såsom
1021 1557 120 36 kvitto
1185 1561 21 33 å
1248 1559 183 49 fullgjord
1474 1561 453 52 betalningsskyldighet,
1971 1571 54 30 att

406 1616 159 23 ansvara
607 1604 140 48 därför,
791 1611 54 31 att
885 1606 370 51 betalningsbeviset
1295 1611 126 37 blifvit
1449 1612 212 51 behörigen
1691 1616 330 50 stämpelbelagdt.

404 1654 18 35 I
451 1655 109 48 fråga
589 1669 62 23 om
681 1657 164 36 nämnda
872 1659 133 36 växlar
1033 1665 40 31 är
1102 1662 209 37 emellertid
1342 1669 54 30 att
1424 1665 143 47 märka,
1598 1666 80 37 dels
1707 1672 66 40 att,
1803 1670 126 34 såsom
1952 1669 71 48 jag

403 1706 116 36 redan
549 1708 146 49 antydt,
726 1709 45 36 de
799 1715 138 43 utgöra
967 1723 47 23 en
1042 1711 271 39 försvinnande
1342 1715 92 36 liten
1463 1716 60 37 del
1552 1717 41 36 af
1618 1718 85 36 hela
1731 1719 290 46 växelförrådet,

404 1758 79 36 dels
512 1759 71 35 ock
612 1765 55 31 att
696 1761 46 36 de
771 1761 12 35 i
810 1762 104 48 regel
943 1763 106 36 torde
1078 1765 175 36 utställas
1283 1766 41 36 af
1352 1780 190 35 personer,
1577 1769 131 37 hvilka
1731 1770 83 36 icke
1833 1771 79 36 lära
1929 1772 93 48 vilja

402 1810 146 36 riskera
590 1811 59 35 sin
687 1812 183 49 ställning
898 1814 72 35 och
999 1815 66 36 sitt
1093 1817 191 37 anseende
1311 1831 141 35 genom
1483 1825 54 31 ett
1564 1820 199 50 brottsligt
1792 1822 227 47 förfarande,

404 1861 193 37 allrahelst
626 1875 84 24 som
741 1870 53 30 ett
821 1864 136 37 sådant
986 1866 216 38 förfarande
1231 1870 190 48 svårligen
1449 1871 87 48 kan,
1557 1872 114 37 äfven
1691 1886 62 23 om
1775 1880 244 43 acceptanten

402 1912 82 37 icke
526 1918 41 31 är
609 1914 59 36 för
710 1916 329 49 stämpelpliktens
1082 1919 241 49 fullgörande
1365 1923 191 49 ansvarig,
1594 1924 132 49 undgå
1754 1925 141 37 dennes
1924 1939 95 36 upp-

402 1965 270 37 märksamhet.

532 2017 16 35 I
591 2018 249 38 förevarande
883 2021 177 38 afseende
1102 2025 283 37 sammanfaller
1417 2027 64 36 det
1509 2041 50 22 nu
1588 2029 103 36 inom
1720 2025 298 57 finansdeparte-

401 2074 142 30 mentet
583 2069 222 38 utarbetade
847 2072 183 50 förslaget
1057 2075 12 36 i
1098 2075 218 38 hufvudsak
1344 2078 85 36 med
1459 2079 64 36 det
1551 2079 145 50 förslag
1723 2081 13 35 i
1765 2085 138 42 ämnet,
1934 2094 81 23 som

401 2119 185 38 förelades
619 2123 98 35 1903
749 2125 60 34 års
837 2123 185 50 Riksdag.
1064 2126 179 38 Därifrån
1264 2128 130 49 skiljer
1413 2130 63 36 det
1497 2131 261 37 förstnämnda
1778 2133 61 47 sig
1859 2133 157 36 allenast

401 2171 92 47 däri,
537 2177 54 31 att
631 2174 177 47 reglerna
850 2175 59 37 för
951 2179 449 50 stämpelbeläggningen
1443 2182 120 48 enligt
1605 2196 147 24 samma
1780 2184 144 49 förslag
1951 2190 64 30 äro

400 2223 197 37 ensartade
627 2224 58 37 för
715 2226 72 36 alla
814 2227 142 37 inrikes
985 2231 142 35 växlar.
1185 2231 74 36 Vid
1288 2232 106 37 bifall
1424 2234 56 36 till
1512 2236 96 35 1903
1639 2237 60 34 års
1731 2235 145 49 förslag
1895 2236 119 37 skulle
