2248 2640
652 139 364 42 Bevillningsutskottets
1041 135 208 33 Betänkande
1272 134 64 31 N:o
1361 134 49 31 18.
1743 129 40 30 21

230 224 74 37 den
346 223 82 36 icke
468 234 89 23 vore
598 220 113 36 ställd
753 223 54 31 att
847 216 145 37 betalas
1034 214 64 36 vid
1130 211 264 50 uppvisandet.
1451 209 97 37 Ville
1577 221 87 23 man
1692 207 140 37 bereda

229 276 117 36 frihet
387 274 83 36 från
512 271 162 49 stämpel
716 270 58 36 för
815 268 73 37 alla
929 266 65 37 vid
1034 264 254 51 uppvisandet
1331 262 193 37 betalbara
1551 259 142 46 växlar,
1722 258 110 36 torde

232 327 129 36 därför
388 347 50 5 —
466 325 13 36 i
507 324 127 36 stället
674 322 59 36 för
774 321 73 36 den
875 319 13 36 i
916 319 64 36 det
1019 316 245 38 remitterade
1306 314 186 48 förslaget
1531 316 201 44 upptagna
1767 309 65 36 be-

231 378 245 37 stämmelsen
504 388 61 24 om
595 374 114 37 frihet
737 373 85 35 från
850 370 159 48 stämpel
1037 369 60 36 för
1124 368 121 46 växel,
1267 379 82 24 som
1369 378 91 24 vore
1480 364 112 37 ställd
1612 367 55 31 att
1686 361 149 37 betalas

232 430 65 35 vid
339 427 256 50 uppvisandet
634 447 52 5 —
714 425 91 35 böra
846 422 156 48 stadgas
1044 420 117 36 sådan
1203 419 116 35 frihet
1359 417 60 36 för
1459 416 123 45 växel,
1623 427 82 23 som
1741 425 92 23 vore

234 480 112 37 ställd
388 484 56 31 att
484 479 145 36 betalas
671 476 63 36 vid
776 472 254 51 uppvisandet
1064 471 91 37 eller
1183 469 80 37 däri
1292 471 129 45 någon
1450 464 274 49 betalningstid
1751 464 86 35 icke

232 545 91 23 vore
365 530 153 46 nämnd,
561 528 93 37 eller
694 527 70 36 ock
806 525 78 36 helt
926 523 127 37 enkelt
1094 522 60 36 för
1187 520 124 45 växel,
1340 532 82 23 som
1450 531 90 23 vore
1568 516 173 37 betalbar
1768 514 67 36 vid

233 581 267 52 uppvisandet.

365 632 139 38 Vidare
532 632 69 35 har
629 629 278 37 statskontoret
940 626 136 46 anfört,
1106 628 67 42 att,
1203 623 48 36 då
1279 622 13 36 i
1319 620 177 50 gällande
1526 615 309 51 stämpelförord-

234 686 97 48 ning
371 684 117 37 check
528 681 200 51 upptagits
774 678 115 37 bland
933 675 326 51 stämpelpliktiga
1300 672 230 47 handlingar
1570 669 86 37 med
1697 668 142 48 tillägg

236 738 99 37 lika
363 736 87 37 med
477 735 143 47 växeb,
654 732 275 38 statskontoret
956 729 100 46 ville,
1086 726 86 38 med
1200 726 152 37 erinran
1380 728 55 32 att
1463 722 117 37 check
1609 720 108 37 alltid
1745 731 92 25 vore

234 789 175 37 betalbar
435 788 65 36 vid
527 784 256 52 uppvisandet
811 783 70 36 och
910 780 147 38 således
1087 778 123 49 enligt
1238 791 50 23 nu
1308 776 221 48 föreslagna
1550 771 289 39 bestämmelser

236 841 49 36 fri
313 841 83 36 från
424 838 173 50 stämpel,
626 841 106 32 utom
760 835 60 37 för
847 834 64 36 det
939 832 67 37 fall
1035 836 54 32 att
1108 831 70 36 hos
1198 828 175 48 offentlig
1393 825 226 51 myndighet
1637 823 202 48 betalning

238 893 129 36 därför
395 891 139 46 söktes,
564 890 48 35 då
640 889 73 36 den
742 886 122 37 skulle
894 888 142 33 åsättas
1064 881 161 49 stämpel
1244 880 76 36 lika
1339 878 86 37 med
1445 875 230 47 skuldebref,
1695 874 145 48 ifråga-

237 949 111 41 sätta,
379 941 186 37 huruvida
593 940 83 37 icke
702 936 237 39 beträffande
968 934 117 37 check
1112 932 210 49 lämpligen
1350 929 116 37 borde
1495 927 258 46 föreskrifvas,
1784 929 59 32 att

238 996 74 36 den
341 993 121 38 skulle
490 990 350 51 stämpelbeläggas
867 988 77 35 lika
972 986 87 36 med
1086 982 232 39 skuldebref.

368 1045 111 37 Hvad
520 1043 274 38 statskontoret
835 1038 158 38 sålunda
1034 1037 69 36 och
1130 1036 13 36 i
1171 1035 119 48 öfrigt
1330 1031 210 49 föreslagit,
1575 1030 171 37 däremot
1770 1028 72 49 jag

239 1100 32 48 ej
316 1098 127 37 funnit
484 1095 206 48 anledning
731 1093 57 36 till
830 1091 164 46 erinran,
1035 1089 69 36 har
1135 1087 176 37 beaktats
1339 1085 66 36 vid
1432 1081 251 52 uppgörande
1713 1080 40 37 af
1778 1080 64 36 det

240 1150 155 49 slutliga
422 1149 196 48 förslaget.

370 1202 85 36 Den
496 1200 41 36 af
570 1199 81 48 mig
677 1197 65 37 vid
770 1193 285 51 tillstyrkandet
1082 1192 73 36 den
1185 1191 47 35 14
1260 1188 174 38 sistlidne
1458 1185 151 51 januari
1637 1184 42 37 af
1702 1195 141 38 propo-

241 1255 165 37 sitionen
434 1251 198 50 angående
665 1248 247 38 statsverkets
941 1243 172 39 tillstånd
1141 1242 72 37 och
1240 1241 119 37 behof
1382 1239 57 37 till
1470 1238 201 47 1,800,000
1700 1236 145 35 kronor

240 1305 217 38 beräknade
487 1302 224 48 afkastning
740 1300 40 37 af
806 1297 190 50 stämpeln
1024 1299 21 33 å
1072 1294 145 38 inrikes
1245 1292 134 37 växlar
1407 1288 197 52 grundade
1624 1287 72 49 sig,
1717 1289 126 34 såsom

236 1359 73 48 jag
349 1357 64 36 vid
455 1368 145 24 samma
640 1352 151 37 tillfälle
833 1348 189 48 framhöll,
1051 1350 48 46 på
1127 1346 101 36 vissa
1256 1344 84 36 från
1368 1340 375 50 bankinspektionen
1770 1338 75 36 och

241 1408 232 38 riksbanken
513 1404 220 39 inhämtade
770 1401 291 51 upplysningar.
1116 1398 54 36 På
1198 1396 79 36 min
1305 1394 189 37 anmodan
1522 1392 97 36 hade
1646 1389 199 49 nämligen

242 1458 374 51 bankinspektionen
666 1457 83 35 från
799 1453 179 48 samtliga
1018 1448 364 47 bankinrättningar
1420 1444 188 37 infordrat
1648 1441 200 50 uppgifter

245 1512 197 49 angående
483 1509 287 47 omsättningen
798 1509 22 34 å
846 1505 106 37 vissa
978 1502 210 48 räkningar
1214 1499 122 37 under
1364 1500 41 34 år
1435 1498 107 35 1907.
1597 1494 18 37 TI
1643 1493 204 37 skrifvelse

244 1566 74 36 den
359 1565 50 35 24
451 1561 198 38 december
692 1561 97 35 1908
832 1555 218 39 meddelade
1090 1550 373 51 bankinspektionen
1504 1552 55 33 ett
1600 1544 247 39 summariskt

245 1615 273 48 sammandrag
559 1613 42 36 af
642 1611 165 37 nämnda
842 1607 207 51 uppgifter.
1117 1604 135 49 Enligt
1293 1602 103 37 detta
1438 1598 270 48 sammandrag
1748 1595 100 37 hade

245 1669 47 36 de
334 1666 172 39 enskilda
547 1661 413 49 bankinrättningarna
993 1661 41 34 år
1077 1658 95 35 1907
1204 1655 238 37 diskonterat
1471 1652 203 46 2,533,874
1702 1648 146 37 inrikes

244 1720 133 38 växlar
406 1722 20 33 å
454 1723 56 32 ett
547 1714 283 49 sammanlagdt
866 1712 138 49 belopp
1047 1709 41 37 af
1126 1706 295 50 3,113,526,000
1462 1704 153 36 kronor.
1670 1700 93 37 Däri
1790 1699 58 36 in-

246 1773 122 49 gingo
397 1768 209 39 emellertid
634 1768 41 36 af
697 1767 102 36 vissa
827 1769 122 32 större
978 1762 143 37 banker
1150 1763 38 33 åt
1217 1759 118 36 andra
1361 1756 145 37 banker
1538 1751 312 40 rediskonterade

246 1824 143 46 växlar,
432 1821 159 49 tillhopa
631 1817 227 52 uppgående
900 1815 60 37 till
1000 1812 179 48 omkring
1217 1809 230 49 53,000,000
1475 1807 152 36 kronor.
1682 1805 79 36 När
1789 1803 63 36 för

246 1874 245 39 undvikande
533 1873 41 36 af
612 1868 309 48 dubbelräkning
962 1864 236 39 sistnämnda
1240 1862 136 48 belopp
1419 1858 186 48 afdragits
1647 1856 84 36 från
1764 1855 86 36 hela

248 1927 299 45 växelsumman,
577 1922 191 39 återstodo
796 1921 12 36 i
827 1919 116 38 rundt
962 1918 53 37 tal
1034 1915 295 50 3,060,000,000
1349 1912 150 36 kronor.
1538 1908 140 38 Härtill
1696 1907 154 36 kommo

249 1980 47 37 de
339 1979 41 37 af
417 1976 235 38 riksbanken
689 1973 234 38 omedelbart
952 1967 265 40 diskonterade
1244 1987 50 5 —
1323 1963 159 38 sålunda
1509 1961 84 38 icke
1620 1958 232 50 inbegripna

249 2032 59 37 för
350 2032 46 36 de
424 2028 173 39 enskilda
623 2026 216 38 bankernas
866 2022 167 48 räkning
1060 2016 310 41 rediskonterade
1400 2037 44 5 —
1475 2014 142 36 växlar.
1675 2009 177 39 Samlade

250 2083 182 50 beloppet
459 2081 41 36 af
524 2080 112 37 dessa
663 2078 135 37 växlar
824 2074 172 51 uppgick
1024 2076 40 33 år
1095 2072 95 36 1907
1221 2070 57 36 till
1310 2067 255 47 140,000,000
1594 2064 151 36 kronor.

380 2134 164 37 Frånser
573 2145 88 22 man
688 2127 368 48 rediskonteringen,
1085 2123 98 37 hade
1212 2122 110 36 alltså
1349 2117 246 39 Riksbanken
1622 2115 72 37 och
1722 2113 46 37 de
1797 2112 55 37 öf-

250 2188 84 49 riga
367 2183 412 48 bankinrättningarna
807 2182 41 34 år
879 2180 95 35 1907
1006 2176 236 37 diskonterat
1268 2172 144 38 inrikes
1434 2169 134 37 växlar
1586 2167 56 37 till
1663 2178 190 25 samman-

250 2239 110 50 lagdt
386 2237 139 49 belopp
556 2235 41 37 af
621 2233 180 49 omkring
830 2228 294 51 3,200,000,000
1154 2226 150 37 kronor.
1360 2223 56 37 De
1444 2221 143 37 inrikes
1606 2218 143 48 växlar,
1770 2229 84 24 som
