1880 2788
507 184 287 29 Statsutskottets
814 183 179 30 utlåtande
1012 192 43 20 nr
1076 183 37 29 11
1135 183 39 29 år
1194 183 84 29 1959
1598 181 41 28 43

150 264 72 39 slag
247 274 56 19 om
330 264 136 29 mindre
493 263 241 39 förstärkning
759 263 222 29 beträffande
1006 262 375 39 ekonomipersonalen
1407 262 156 38 uppvägs
1588 260 52 29 till

151 310 71 29 stor
240 309 54 29 del
313 318 42 20 av
372 308 410 40 personalminskningar
801 308 51 28 till
872 307 89 39 följd
980 316 42 20 av
1040 306 255 38 nedläggandet
1314 315 42 20 av
1374 306 92 29 vissa
1484 305 157 39 bagerier

150 354 64 28 och
230 353 180 29 tvätterier
428 362 44 21 m.
490 363 45 19 m.
553 353 281 38 Nettoökningen
853 352 53 29 för
923 351 183 38 befintliga
1122 351 218 39 vårdplatser
1359 352 143 27 stannar
1520 349 121 29 därför

150 398 55 29 vid
227 398 38 29 12
284 398 160 38 tjänster,
463 397 115 29 vartill
598 397 159 29 kommer
779 397 14 28 1
815 396 54 29 för
888 396 218 39 Falbygdens
1126 395 162 39 sjukhus.

193 441 395 40 Sammanfattningsvis
614 441 144 29 innebär
784 441 41 29 de
851 450 41 20 av
917 441 69 39 mig
1012 439 185 30 förordade
1223 439 176 38 förslagen
1424 439 10 28 i
1460 438 99 40 fråga
1584 447 57 20 om

149 486 458 40 personalförstärkningar,
633 487 50 28 att
707 486 62 29 330
796 495 68 30 nya
888 486 149 38 tjänster
1061 485 149 29 inrättas
1234 486 75 27 mot
1334 483 62 30 390
1422 483 53 30 för
1500 483 142 28 inneva-

149 531 107 30 rande
278 531 180 38 budgetår.
481 531 50 29 Av
555 530 245 30 förstnämnda
824 531 95 28 antal
942 539 98 20 avses
1062 529 42 29 42
1128 529 54 29 för
1204 528 314 40 nytillkommande
1541 527 101 30 vård-

149 575 130 40 platser
298 576 65 29 och
383 575 63 30 288
465 575 54 30 för
538 575 182 39 befintliga
739 575 141 39 platser,
900 575 107 29 därav
1029 573 60 30 113
1111 574 53 28 för
1184 572 288 40 genomförandet
1493 581 42 20 av
1557 571 84 30 1958

149 619 57 31 års
229 619 424 39 arbetstidsförkortning.

192 691 394 39 Departementschefen
604 690 143 39 övergår
764 690 155 29 härefter
937 689 52 30 till
1009 698 43 21 en
1069 690 162 28 närmare
1248 688 212 39 behandling
1478 697 42 20 av
1538 687 42 30 de
1598 696 42 20 av

147 745 360 39 medicinalstyrelsen
529 744 196 29 framförda
746 744 186 38 förslagen.

192 803 74 29 Vad
288 802 52 29 till
361 811 43 21 en
425 802 125 39 början
573 801 108 40 angår
703 801 124 39 frågan
849 810 57 20 om
927 800 241 40 personal
1202 799 85 30 till
1319 798 133 41 följd
1484 808 52 20 av
1568 808 72 29 ny-

149 856 386 30 tillkommande
568 855 320 39 vårdplatser
918 855 97 29 torde
1037 854 58 29 det
1116 863 69 30 nya
1205 853 189 40 sjukhuset
1413 853 11 29 i
1444 851 195 40 Falköping

146 927 44 4 —
206 909 221 39 Falbygdens
446 909 152 40 sjukhus
617 926 45 3 —
679 909 122 29 kunna
821 908 172 30 beräknas
1013 917 85 20 vara
1117 907 72 29 helt
1209 905 212 40 färdigställt
1441 906 52 30 till
1513 906 126 29 hösten

151 964 93 29 1961.
267 964 68 29 För
360 963 202 39 utrustning
585 963 66 29 och
674 962 109 30 andra
806 961 252 31 förberedande
1083 961 142 30 arbeten
1248 960 56 30 för
1328 960 186 39 sjukhuset
1538 968 103 21 anses

148 1016 162 40 omkring
339 1016 182 30 årsskiftet
553 1015 140 37 1959/60
724 1016 84 29 böra
840 1015 167 29 anställas
1040 1015 14 28 1
1087 1014 202 30 överläkare
1325 1012 268 40 (sjukhuschef)
1628 1011 12 29 i

147 1070 49 29 Bo
212 1071 27 33 1,
259 1070 15 29 1
295 1070 337 39 sjukhusintendent
649 1069 11 29 i
678 1069 49 29 Ao
742 1069 51 33 21,
822 1069 6 29 I
848 1068 295 30 maskinmästare
1161 1068 11 29 i
1189 1067 50 29 Ao
1256 1066 39 30 14
1313 1066 65 30 och
1398 1066 14 29 1
1431 1065 135 30 biträde
1585 1065 55 29 för

148 1123 109 30 skriv-
277 1123 66 30 och
363 1122 303 40 kontorsgöromål
687 1123 11 28 i
719 1122 45 29 Af
780 1122 111 29 1—-Ae
906 1122 29 29 53.
956 1121 68 30 För
1045 1120 152 30 arvoden
1217 1120 53 30 till
1291 1119 349 30 direktionsledamö-

148 1178 51 28 ter
218 1186 45 20 m.
285 1177 37 29 fl.
343 1177 62 29 bör
424 1177 174 29 beräknas
617 1176 162 38 omkring
799 1176 18 29 2
833 1175 62 30 300
915 1175 141 30 kronor.

193 1231 183 39 Paviljong
392 1231 32 28 M
439 1231 40 29 59
495 1231 57 29 vid
567 1230 56 29 S:t
637 1229 148 39 Sigfrids
801 1229 153 39 sjukhus
969 1228 99 30 torde
1084 1228 75 30 icke
1175 1228 144 29 komma
1334 1228 50 28 att
1400 1225 237 40 färdigställas

146 1285 12 28 i
182 1284 109 30 sådan
313 1284 51 29 tid
387 1285 51 28 att
460 1283 162 40 personal
645 1283 121 29 härför
789 1282 177 30 erfordras
990 1282 109 29 redan
1122 1281 111 29 under
1256 1280 204 39 budgetåret
1486 1279 152 36 1959/60.

189 1338 68 29 För
278 1337 179 40 paviljong
479 1337 66 29 MK
562 1337 14 29 1
602 1336 57 30 vid
681 1337 217 29 Furunäsets
921 1336 153 39 sjukhus
1097 1334 173 30 beräknas
1293 1333 112 30 medel
1429 1333 53 29 för
1506 1332 42 30 38
1571 1341 68 30 nya

147 1391 160 39 tjänster.

190 1443 396 39 Sammanfattningsvis
614 1443 145 29 innebär
788 1442 102 30 alltså
918 1440 406 41 departementschefens
1353 1440 128 38 förslag
1510 1438 129 30 beträf-

147 1497 105 30 fande
278 1497 315 39 nytillkommande
620 1496 228 39 vårdplatser,
876 1497 50 28 att
952 1494 157 39 följande
1142 1493 78 34 (4
1236 1493 58 33 +38)
1326 1493 41 29 42
1395 1502 67 30 nya
1488 1492 151 39 tjänster

147 1551 159 33 inrättas,
330 1550 175 39 nämligen
532 1551 15 28 1
573 1549 201 30 överläkare
798 1549 11 29 i
832 1549 48 29 Bo
897 1549 26 33 1,
949 1549 14 28 1
990 1546 338 41 sjukhusintendent
1350 1546 12 29 i
1384 1545 50 30 Ao
1448 1546 51 33 21,
1526 1545 15 30 1
1567 1554 73 20 ma-

149 1604 234 29 skinmästare
401 1604 11 29 i
430 1603 49 29 Ao
496 1603 49 38 14,
566 1604 14 28 1
601 1602 267 30 översköterska
885 1602 11 29 i
914 1601 49 30 Ao
980 1601 49 34 10,
1049 1601 19 30 2
1087 1601 223 29 överskötare
1328 1600 11 29 i
1358 1599 49 29 Ao
1424 1599 48 34 10,
1491 1599 19 29 3
1530 1598 109 30 förste

149 1658 137 29 skötare
308 1658 12 29 i
342 1657 49 29 Ao
406 1657 29 33 9,
458 1657 40 29 29
521 1657 139 29 skötare
683 1656 10 29 i
716 1656 49 29 Ao
780 1656 29 34 8,
832 1656 18 29 3
873 1654 366 39 avdelningsbiträden
1261 1654 11 29 i
1295 1653 47 29 Ae
1358 1653 52 36 2/3
1435 1654 90 28 samt
1551 1653 14 28 1
1591 1652 49 29 bi-

147 1711 97 29 träde
265 1711 55 29 för
342 1710 108 30 skriv-
470 1711 64 29 och
555 1709 304 39 kontorsgöromål
881 1709 10 29 i
911 1708 45 29 Af
972 1708 112 29 1—Ae
1099 1708 29 29 5.

193 1765 12 28 I
225 1765 99 38 fråga
344 1774 56 19 om
436 1763 240 39 personal
710 1763 78 39 för
825 1761 280 40 befintliga
1142 1760 314 39 vårdplatser
1493 1759 147 30 föreslås

147 1817 167 39 följande.

190 1871 78 29 Med
294 1870 169 29 avseende
489 1871 44 38 på
583 1868 438 40 läkarpersonalen
1048 1876 102 20 anser
1176 1865 386 41 departementschefen
1589 1865 50 38 sig

146 1924 45 39 på
211 1924 95 29 förut
326 1923 148 29 anförda
495 1923 75 29 skäl
590 1923 75 29 icke
686 1923 121 28 kunna
829 1921 175 39 tillstyrka
1024 1930 43 19 en
1089 1919 241 38 förstärkning
1350 1928 41 20 av
1411 1919 65 28 den
1497 1918 143 29 omfatt-

147 1977 83 38 ning
255 1976 361 39 medicinalstyrelsen
642 1975 189 38 föreslagit.
857 1975 77 29 Med
959 1974 139 38 hänsyn
1124 1973 51 29 till
1201 1972 294 38 angelägenheten
1522 1981 42 19 av
1590 1972 49 27 att

147 2030 199 39 ytterligare
370 2030 151 38 sjukhus
543 2030 71 28 kan
636 2029 35 29 få
693 2029 144 38 tillgång
860 2028 51 29 till
933 2027 150 39 tjänster
1107 2027 53 28 för
1183 2024 349 31 intern-medicinska
1554 2024 86 29 kon-

149 2084 107 28 sulter
276 2083 160 29 förordas
455 2093 41 19 en
517 2082 240 37 förstärkning
777 2082 9 29 i
805 2082 94 29 detta
919 2080 198 30 hänseende
1137 2080 78 29 med
1235 2079 18 29 3
1274 2078 335 38 överläkartjänster
1629 2077 11 29 i

147 2137 45 28 Be
210 2137 26 33 1,
260 2138 157 27 närmast
440 2136 150 29 avsedda
615 2136 52 28 för
692 2136 75 28 S:ta
791 2134 119 33 Maria,
935 2134 139 38 Ryhovs
1097 2134 64 28 och
1186 2133 75 28 S:ta
1285 2131 166 29 Gertruds
1475 2131 163 38 sjukhus.

147 2189 227 29 Beträffande
395 2189 65 29 den
482 2189 117 29 slutna
620 2188 236 39 psykiatriska
877 2187 129 29 vården
1029 2186 159 29 förordas
1209 2195 42 19 en
1272 2184 171 38 utökning
1463 2193 41 19 av
1526 2183 114 29 läkar-

147 2242 207 39 personalen
378 2242 78 28 med
480 2242 17 28 3
523 2242 159 37 tjänster,
707 2241 175 36 nämligen
907 2240 78 29 med
1012 2240 13 27 1
1054 2239 107 28 förste
1185 2238 118 29 läkare
1328 2238 10 28 i
1362 2237 46 28 Ae
1423 2236 40 30 24
1487 2237 80 28 med
1591 2236 49 28 bi-

148 2295 169 28 trädande
336 2294 220 29 överläkares
576 2294 164 37 ställning
759 2293 57 29 vid
835 2292 163 38 Birgittas
1018 2291 163 38 sjukhus,
1203 2291 14 28 1
1239 2290 108 29 förste
1367 2289 117 29 läkare
1503 2289 11 29 i
1533 2288 51 29 Ao
1599 2288 40 29 24

148 2347 55 29 vid
230 2347 198 29 Ulleråkers
454 2347 152 38 sjukhus
631 2346 63 29 och
724 2347 10 27 1
767 2346 106 28 förste
899 2345 117 28 läkare
1042 2345 9 28 i
1079 2344 46 28 Ae
1141 2343 40 29 24
1206 2343 56 29 vid
1290 2342 158 38 Sidsjöns
1476 2342 162 37 sjukhus.

149 2400 124 29 Vidare
297 2400 160 28 förordas
478 2402 48 27 att
549 2399 56 29 vid
628 2400 50 28 S:t
703 2399 98 28 Olofs
824 2398 150 38 sjukhus
996 2407 41 19 en
1062 2397 109 38 tjänst
1194 2405 73 19 som
1292 2395 116 29 läkare
1431 2395 9 28 i
1462 2395 47 28 Ae
1525 2395 40 28 23
1589 2395 51 27 ul-

148 2454 96 38 bytes
269 2455 68 27 mot
363 2463 40 19 en
429 2453 108 37 tjänst
561 2462 72 19 som
659 2452 105 28 förste
789 2452 116 28 läkare
927 2452 10 28 i
960 2451 49 28 Ao
1025 2450 40 29 24
1089 2450 77 29 med
1190 2450 205 29 biträdande
1419 2448 220 30 överläkares

149 2506 175 38 ställning.
350 2507 170 37 Tjänsten
545 2506 60 28 bör
632 2506 117 28 kunna
775 2515 98 19 avses
899 2504 90 29 såväl
1019 2504 52 28 för
1097 2504 66 28 den
1189 2503 115 29 slutna
1332 2502 125 29 vården
1485 2512 72 18 som
1587 2502 52 27 för
