1812 2788
440 179 284 32 Statsutskottets
744 180 179 31 utlåtande
941 191 45 20 nr
1005 182 37 29 11
1064 183 39 28 år
1123 182 84 30 1959
1527 182 40 29 25

81 256 88 29 skall
185 258 138 38 uttagas
341 258 107 40 avgift
464 259 56 30 för
536 259 154 30 vaccinet
708 260 10 29 i
735 260 136 40 princip
888 261 171 29 täckande
1077 261 489 39 framställningskostnaden.

81 310 47 29 På
149 311 113 38 grund
286 320 41 20 av
349 312 56 29 det
427 312 148 30 anförda
597 322 101 20 anser
721 313 51 40 sig
795 314 386 39 departementschefen
1203 314 84 30 böra
1309 314 129 30 föreslå
1459 315 109 29 inrät-

81 364 103 29 tande
201 372 43 21 av
260 363 149 39 tjänster
425 365 55 30 för
498 367 50 28 tre
563 365 224 39 djurskötare
804 367 10 29 i
831 367 50 39 Ag
896 367 16 29 7
931 367 63 30 och
1013 368 57 29 två
1087 367 160 30 biträden
1264 368 11 29 i
1291 368 101 39 högst
1409 368 50 39 Ag
1473 367 20 29 4
1509 368 57 30 vid

79 416 328 41 virusavdelningen
432 420 92 28 samt
547 428 42 20 en
613 419 459 31 institutionsvaktmästare
1097 421 11 29 i
1132 420 48 30 Ae
1195 421 19 29 8
1239 421 64 30 och
1328 422 48 29 ett
1400 420 168 30 kanslibi-

79 470 96 29 träde
200 470 11 29 i
236 470 51 40 Ag
303 471 15 29 7
344 471 57 30 vid
425 471 406 41 ekonomiavdelningen,
857 474 68 29 den
951 473 220 31 sistnämnda
1195 473 371 40 befattningshavaren

80 524 77 28 med
179 523 140 40 uppgift
339 525 50 28 att
408 524 138 31 biträda
566 527 78 29 med
663 525 380 40 registratorsgöromål
1065 526 56 31 vid
1143 526 234 31 laboratoriet.

123 581 394 39 Departementschefen
538 592 101 21 anser
660 584 51 39 sig
730 584 46 30 ha
797 584 189 40 anledning
1006 586 50 28 att
1076 585 111 29 räkna
1208 586 79 29 med
1308 587 51 27 att
1378 603 44 2 —
1442 593 124 31 genom

78 634 66 29 den
165 642 47 21 nu
234 634 186 31 förordade
442 635 286 41 förstärkningen
751 647 42 20 av
813 638 208 39 personalen
1043 638 64 30 och
1129 639 44 29 då
1194 638 372 40 poliovaccintillverk-

80 687 127 39 ningen
230 696 48 21 nu
300 697 101 30 synes
423 689 45 30 ha
491 689 229 30 stabiliserats
744 691 93 29 såväl
862 691 10 28 i
895 691 100 38 fråga
1018 700 57 20 om
1098 691 200 30 metodiken
1322 700 74 20 som
1419 692 51 28 till
1494 700 72 20 om-

78 740 118 39 fånget
215 758 45 3 -—
278 742 200 39 ytterligare
498 743 87 30 krav
604 744 44 39 på
667 743 297 40 personalökning
985 744 55 29 för
1061 744 200 30 ändamålet
1281 744 30 39 ej
1335 745 159 28 kommer
1515 745 51 28 att

79 793 232 31 aktualiseras
329 795 54 30 för
401 796 102 29 nästa
519 796 178 39 budgetår.
716 797 49 30 På
783 798 113 38 grund
913 797 110 30 härav
1042 806 101 30 synes
1162 798 57 29 det
1238 797 183 39 tillfyllest,
1441 799 49 28 att
1509 797 56 29 det

77 847 134 40 belopp,
234 856 75 21 som
327 848 173 31 beräknas
521 849 55 30 för
596 851 49 28 att
666 851 96 29 möta
782 850 227 30 oförutsedda
1030 852 276 38 personalbehov
1327 853 63 29 och
1412 862 75 20 som
1508 853 57 29 må

78 900 204 39 disponeras
307 901 89 30 först
420 902 88 30 efter
535 903 141 29 särskilt
700 903 228 39 medgivande
955 913 41 21 av
1023 904 124 39 Kungl.
1174 905 116 39 Maj:t,
1317 907 169 38 upptages
1512 905 52 29 till

78 953 39 30 25
132 953 62 30 000
215 954 142 30 kronor.

121 1011 74 29 Vad
217 1012 171 38 styrelsen
408 1012 118 30 anfört
547 1014 147 29 rörande
716 1013 361 41 arbetsbelastningen
1097 1015 44 40 på
1160 1015 160 30 kemiska
1341 1015 224 30 laboratoriet

77 1064 63 29 har
158 1065 180 39 övertygat
357 1065 386 39 departementschefen
762 1076 56 20 om
838 1067 304 39 nödvändigheten
1161 1070 50 27 att
1230 1068 176 30 förstärka
1426 1069 67 29 den
1513 1078 52 19 ar-

76 1117 199 40 betsgrupp,
303 1127 74 20 som
403 1119 95 30 utför
524 1119 309 40 serviceuppgifter
858 1121 35 29 åt
919 1119 368 41 fackavdelningarna.
1313 1121 65 30 Det
1403 1122 161 29 förordas

77 1171 49 29 att
147 1179 42 20 en
210 1170 113 39 tjänst
345 1180 73 21 som
437 1171 345 31 laboratoriebiträde
805 1174 10 28 i
836 1173 101 39 högst
960 1173 48 30 Ae
1023 1174 18 29 9
1062 1174 149 30 inrättas
1233 1174 55 30 för
1310 1175 208 29 ändamålet.

121 1223 93 30 Enär
238 1224 68 29 den
330 1224 259 39 arvodestjänst
613 1225 53 30 för
692 1235 43 20 en
760 1226 170 39 ingenjör,
958 1236 74 20 som
1057 1226 165 31 inrättats
1247 1226 55 31 för
1325 1227 134 31 biträde
1485 1228 78 29 med

76 1276 92 30 vissa
190 1277 391 41 planeringsuppgifter,
605 1279 137 30 kunnat
765 1279 153 30 besättas
942 1280 89 30 först
1054 1281 42 29 fr.
1121 1290 29 20 o.
1174 1291 45 19 m.
1244 1282 67 28 den
1338 1282 12 28 1
1378 1282 185 29 november

80 1329 91 34 1958,
189 1329 193 40 tillstyrkes
401 1333 50 28 att
469 1331 156 39 tjänsten
643 1333 55 29 får
717 1332 191 31 bibehållas
928 1334 86 29 även
1034 1334 110 29 under
1163 1336 102 28 nästa
1284 1335 179 38 budgetår.

120 1383 227 30 Beträffande
378 1384 177 39 förslagen
585 1386 50 28 till
668 1385 382 40 tjänsteförändringar
1081 1387 161 30 förordas
1274 1389 49 28 att
1355 1388 208 29 laborators-

76 1435 155 39 tjänsten
251 1437 11 28 i
283 1436 50 39 Ag
347 1436 41 30 24
407 1437 57 30 vid
484 1437 240 39 diagnostiska
745 1438 230 39 avdelningen
995 1439 385 30 extraordinariesättes
1401 1442 90 27 samt
1513 1442 50 27 att

75 1490 48 28 ett
143 1490 96 28 extra
262 1489 282 31 kontorsbiträde
566 1491 53 29 för
640 1491 525 40 poliovaccinframställningen
1187 1493 166 29 anställes
1375 1493 10 29 i
1406 1493 156 39 reglerad

76 1542 322 40 befordringsgång.
414 1543 182 39 Härjämte
610 1544 61 29 bör
684 1545 11 28 i
711 1544 152 39 enlighet
878 1546 78 28 med
973 1546 198 38 grunderna
1188 1545 54 30 för
1257 1547 153 29 nämnda
1425 1546 138 30 beford-

76 1594 187 40 ringsgång
283 1596 57 29 två
358 1596 307 30 kontorsbiträden
684 1598 11 28 i
715 1597 48 29 Ae
778 1598 18 29 5
816 1597 178 30 överföras
1014 1599 44 38 på
1078 1598 174 30 ordinarie
1274 1600 77 28 stat.

119 1648 125 29 Vidare
264 1648 147 31 föreslås
430 1651 51 28 att
500 1649 56 30 vid
577 1651 213 38 serologiska
810 1651 249 39 avdelningens
1078 1652 158 29 kemiska
1258 1652 134 29 sektion
1413 1652 149 30 inrättas

76 1710 42 20 en
135 1700 111 39 tjänst
264 1702 55 29 för
336 1702 236 30 vaktmästare
589 1704 9 28 i
616 1703 47 29 Ae
679 1704 16 28 7
715 1704 64 29 och
798 1705 50 28 alt
864 1713 43 20 en
924 1704 112 39 tjänst
1054 1705 54 29 för
1125 1704 135 30 biträde
1277 1706 12 28 i
1307 1705 46 29 Ae
1368 1705 19 29 4
1405 1706 111 39 utgår.

117 1754 74 29 Vad
218 1754 169 38 styrelsen
414 1755 118 30 anfört
557 1756 147 29 rörande
730 1757 68 28 den
823 1756 295 40 immunologiska
1143 1757 315 40 tumörforskning,
1488 1767 73 19 som

75 1808 77 28 med
169 1808 123 38 anslag
309 1808 78 29 från
404 1808 281 39 riksföreningen
703 1812 73 27 mot
793 1819 123 20 cancer
934 1810 63 29 och
1015 1810 417 39 Wallenbergsstiftelsen
1450 1811 112 29 bedri-

73 1869 58 20 ves
151 1860 57 29 vid
229 1860 295 30 radiumhemmet
546 1862 63 29 och
631 1862 233 34 laboratoriet,
887 1871 57 30 ger
965 1864 385 38 departementschefen
1373 1864 188 37 anledning

74 1913 113 28 erinra
209 1922 57 19 om
288 1914 64 29 vad
374 1914 69 29 han
464 1914 146 30 anförde
630 1915 57 29 vid
708 1915 165 29 anmälan
895 1925 41 20 av
958 1917 244 28 motsvarande
1225 1917 120 37 anslag
1366 1917 11 28 i
1401 1917 82 29 1958
1505 1917 56 29 års

76 1966 421 39 statsverksproposition.
519 1967 120 30 Ehuru
660 1968 70 28 han
751 1978 101 19 anser
873 1969 56 28 det
952 1969 188 38 angeläget,
1163 1971 50 27 att
1232 1970 41 28 de
1294 1969 176 39 pågående
1492 1969 70 29 för-

75 2019 106 28 söken
205 2019 70 29 kan
297 2019 185 39 fullföljas,
506 2021 109 28 måste
638 2021 70 29 han
732 2021 152 38 alltjämt
908 2021 76 38 giva
1008 2022 173 29 företräde
1206 2022 35 29 åt
1266 2022 129 29 sådana
1419 2022 141 39 förslag,

74 2080 73 20 som
171 2081 99 19 avser
295 2073 307 38 upprätthållande
627 2083 41 20 av
692 2074 67 29 den
784 2074 146 39 löpande
955 2075 268 29 verksamheten
1247 2077 56 29 vid
1327 2077 233 29 laboratoriet.

73 2124 64 29 Det
152 2124 216 35 förutsättes,
385 2127 49 27 att
450 2126 317 39 forskningsmedel
784 2128 84 28 även
885 2128 9 28 i
911 2127 272 39 fortsättningen
1199 2130 158 28 kommer
1374 2131 49 27 att
1440 2130 120 29 ställas

74 2177 49 28 till
151 2177 206 38 förfogande
385 2179 61 28 och
475 2178 385 39 departementschefen
888 2181 68 28 kan
984 2180 74 29 icke
1085 2180 186 39 tillstyrka,
1300 2184 48 27 att
1376 2183 108 28 medel
1514 2191 45 19 nu

74 2230 138 28 anvisas
235 2230 54 29 för
312 2231 199 29 ändamålet
533 2232 110 28 under
665 2232 95 28 detta
783 2232 130 39 anslag.

117 2282 75 29 Med
210 2282 137 38 hänsyn
367 2283 49 29 till
434 2283 196 38 föreslagna
649 2284 445 39 personalförstärkningar
1110 2286 61 28 och
1191 2287 153 28 ändrade
1363 2287 197 37 lönegrads-

73 2334 217 39 placeringar
307 2345 43 18 m.
368 2345 42 19 m.
427 2336 173 29 beräknas
617 2337 53 29 för
686 2336 183 29 vikariats-
885 2338 63 28 och
965 2338 389 38 övertidsersättningar
1371 2349 41 18 en
1429 2340 131 37 ökning

74 2397 40 19 av
137 2387 362 38 medelsanvisningen
523 2390 76 28 med
622 2389 17 27 9
655 2389 62 28 500
740 2390 139 28 kronor.

117 2444 50 29 Då
187 2444 108 38 enligt
316 2446 63 28 vad
403 2445 169 38 styrelsen
592 2446 133 39 påvisat
751 2446 235 38 sjukligheten
1009 2447 102 29 bland
1135 2448 241 29 laboratoriets
1398 2449 158 38 personal

74 2498 36 28 är
127 2497 104 37 högre
248 2499 42 27 än
308 2499 63 28 vad
390 2508 72 18 som
481 2498 273 39 genomsnittligt
775 2500 93 29 torde
887 2500 216 29 förekomma
1120 2501 55 28 vid
1195 2501 107 28 andra
1320 2501 238 29 institutioner
