1868 2786
233 165 38 29 88
584 166 286 31 Statsutskottets
892 167 177 30 utlåtande
1089 178 44 19 nr
1155 169 36 29 11
1213 170 40 29 år
1273 169 85 30 1959

229 244 107 30 derna
356 245 56 30 för
430 245 266 40 ifrågavarande
715 246 314 40 byggnadsföretag
1048 248 66 29 har
1133 248 385 39 departementschefen
1538 249 76 30 icke
1636 250 79 29 fun-

229 297 50 29 nit
307 298 188 39 anledning
523 299 52 29 till
604 299 141 29 erinran
773 300 64 29 och
867 299 159 31 förordar
1055 300 113 35 alltså,
1198 303 49 28 att
1275 301 196 30 detsamma
1499 302 214 39 godkännes.

229 350 11 28 I
263 350 154 40 enlighet
439 352 77 29 med
537 352 67 29 vad
627 352 278 30 kommissionen
927 353 178 40 föreslagit
1129 354 190 39 tillstyrkes
1343 354 55 30 för
1422 356 99 28 nästa
1544 356 169 38 budgetår

229 412 42 19 en
290 404 319 40 medelsanvisning
631 415 42 20 av
693 406 62 29 256
769 406 62 29 000
853 406 130 30 kronor
1004 406 54 30 för
1079 407 209 30 ändamålet.

272 457 66 29 Vid
365 457 99 29 bifall
491 458 51 29 till
569 458 67 29 vad
663 459 11 29 i
701 459 57 29 det
784 458 208 40 föregående
1020 459 176 31 förordats
1224 460 112 30 skulle
1364 461 58 30 det
1450 462 263 38 sammanlagda

229 510 278 30 medelsbehovet
539 511 54 29 för
626 512 100 29 nästa
756 512 170 39 budgetår
958 513 114 39 uppgå
1104 513 52 29 till
1189 514 17 29 3
1223 513 60 29 788
1298 514 63 30 000
1395 514 81 29 eller
1508 515 10 28 i
1550 517 83 27 runt
1666 515 46 29 tal

228 562 18 29 3
260 562 63 30 800
338 563 64 30 000
424 563 139 30 kronor.

273 669 186 37 Utskottet,
481 679 73 21 som
576 671 77 29 icke
674 671 118 30 funnit
813 672 188 40 anledning
1022 672 52 29 till
1096 673 141 29 erinran
1258 675 73 27 mot
1352 674 67 29 vad
1440 673 274 40 departements-

228 722 124 29 chefen
369 723 116 29 anfört
501 724 64 29 och
582 724 189 39 föreslagit,
788 725 193 39 tillstyrker
998 726 125 39 Kungl.
1141 726 122 39 Maj:ts
1281 726 131 40 förslag
1429 727 64 29 och
1510 727 202 29 hemställer

226 775 130 34 därför,

579 832 52 27 att
651 829 186 41 riksdagen
858 831 58 30 må

580 901 37 33 a)
648 902 185 38 godkänna
848 912 42 20 av
904 903 384 39 departementschefen
1303 904 11 28 i
1330 903 384 40 statsrådsprotokollet

536 955 81 28 över
631 955 288 30 inrikesärenden
934 956 53 30 för
1001 956 67 29 den
1083 956 18 30 3
1116 956 141 39 januari
1275 957 83 29 1959
1374 957 164 29 förordad
1553 958 160 28 överens-

535 1007 192 30 kommelse
743 1009 78 29 med
836 1008 188 40 Göteborgs
1040 1010 78 29 stad
1133 1019 57 20 om
1206 1009 197 40 fördelning
1419 1019 42 20 av
1475 1010 237 29 kostnaderna

535 1060 56 30 för
605 1061 218 39 uppförande
839 1071 42 20 av
896 1071 43 20 en
952 1063 215 38 tillbyggnad
1181 1063 51 29 till
1248 1062 188 39 Göteborgs
1451 1062 258 40 barnsjukhus;

579 1131 38 34 b)
648 1131 52 30 till
720 1132 128 40 Bidrag
871 1132 52 30 till
944 1133 89 30 vissa
1056 1133 322 39 byggnadsarbeten
1402 1133 56 30 vid
1478 1133 235 40 Sahlgrenska

534 1184 191 39 sjukhuset
750 1186 10 29 i
785 1186 171 39 Göteborg
980 1196 104 20 m.m.
1112 1186 55 30 för
1192 1186 205 39 budgetåret
1426 1186 138 30 1959/60
1592 1187 120 29 anvisa

534 1240 49 27 ett
608 1239 357 40 reservationsanslag
990 1249 41 21 av
1057 1240 18 29 3
1091 1239 63 30 800
1169 1240 61 30 000
1257 1240 141 29 kronor.

272 1418 97 34 70:0)
400 1418 123 37 Bidrag
542 1420 53 28 till
615 1420 93 29 vissa
729 1421 271 29 driftkostnader
1020 1422 57 29 vid
1099 1422 173 29 lasarettet
1301 1423 2 29 i
1323 1423 117 29 Umeå.
1462 1423 124 39 Kungl.
1609 1423 106 39 Maj:t

227 1471 62 29 har
314 1471 132 40 (punkt
466 1472 48 35 74,
535 1482 26 20 s.
581 1473 64 29 249
665 1474 63 29 och
749 1474 79 33 250)
854 1474 178 40 föreslagit
1052 1475 187 39 riksdagen
1259 1478 50 28 att
1329 1475 52 30 till
1402 1476 125 39 Bidrag
1547 1477 53 29 till
1620 1477 92 29 vissa

226 1524 277 30 driftkostnader
522 1526 58 30 vid
601 1526 179 30 lasarettet
810 1527 1 29 i
833 1528 110 29 Umeå
964 1528 53 29 för
1038 1528 204 40 budgetåret
1267 1529 140 33 1959/60
1430 1530 120 29 anvisa
1572 1531 48 28 ett
1644 1530 68 29 för-

227 1577 215 40 slagsanslag
473 1588 40 20 av
544 1579 62 29 650
622 1579 63 30 000
715 1580 141 29 kronor.

268 1684 112 39 Något
403 1685 119 39 anslag
545 1685 55 31 för
623 1686 95 30 detta
741 1687 164 30 ändamål
928 1688 37 29 är
987 1688 75 29 icke
1085 1688 145 39 uppfört
1251 1689 11 29 i
1285 1688 160 39 gällande
1469 1689 155 30 riksstat.

269 1737 132 31 Genom
417 1738 112 30 beslut
544 1739 68 30 den
629 1739 41 30 28
686 1739 155 31 februari
860 1740 83 30 1958
959 1741 64 29 har
1037 1741 127 39 Kungl.
1181 1741 104 39 Maj:t
1302 1742 155 39 godkänt
1474 1743 90 29 avtal
1582 1742 129 30 mellan

226 1791 114 28 staten
364 1792 65 28 och
453 1792 263 29 Västerbottens
741 1792 76 30 läns
842 1793 177 40 landsting
1043 1793 178 39 angående
1246 1794 200 30 inrättande
1472 1804 41 20 av
1537 1804 43 21 en
1606 1795 107 29 medi-

224 1843 99 30 cinsk
349 1844 207 31 läroanstalt
588 1846 4 29 i
619 1846 108 29 Umeå
753 1855 44 20 m.
812 1856 46 20 m.
886 1847 115 39 Enligt
1027 1847 95 30 detta
1149 1848 101 34 avtal,
1277 1848 222 30 beträffande
1526 1858 79 20 vars
1634 1850 77 28 när-

225 1905 94 21 mare
339 1897 156 30 innehåll
514 1899 99 29 torde
634 1898 36 31 få
689 1899 165 30 hänvisas
875 1900 53 29 till
947 1900 262 39 propositionen
1229 1910 41 21 nr
1294 1900 161 31 188/1957
1483 1901 42 33 (s.
1547 1901 163 34 58—66),

227 1950 87 29 skall
341 1951 213 39 landstinget
580 1952 268 30 tillhandahålla
875 1954 128 33 värme,
1030 1953 100 39 ånga,
1158 1954 165 29 elektrisk
1351 1954 106 34 kraft,
1485 1962 69 31 gas,
1582 1956 129 32 vatten,

225 2003 193 30 destillerat
440 2005 127 34 vatten,
592 2005 180 39 tryckluft,
796 2014 152 21 vacuum
970 2007 64 29 och
1059 2015 120 31 syrgas
1203 2007 51 29 till
1277 2007 95 30 vissa
1397 2007 140 30 särskilt
1562 2008 149 38 angivna

226 2055 353 31 institutionslokaler
599 2058 58 29 vid
677 2058 178 30 lasarettet
877 2061 90 27 samt
987 2068 99 21 svara
1107 2059 55 30 för
1182 2059 185 30 underhåll
1388 2069 42 21 av
1449 2060 100 29 dessa
1570 2060 142 29 lokaler.

224 2109 66 29 Till
308 2110 238 30 kostnaderna
565 2111 124 30 härför
709 2112 87 29 skall
817 2114 116 28 staten
951 2112 142 40 bidraga
1113 2114 79 29 med
1212 2114 40 29 50
1272 2116 155 37 procent.
1449 2115 120 30 Såsom
1589 2115 122 39 bidrag

226 2162 51 29 till
296 2161 199 32 lasarettets
514 2164 119 39 övriga
653 2164 279 30 driftkostnader
952 2165 88 30 skall
1061 2167 116 28 staten
1196 2166 132 40 årligen
1348 2167 138 39 erlägga
1509 2167 37 31 10
1568 2169 145 38 procent

223 2224 42 21 av
285 2216 68 30 den
375 2216 56 30 del
453 2226 41 20 av
515 2217 102 30 dessa
639 2218 199 34 kostnader,
863 2227 76 21 som
960 2219 87 30 efter
1070 2220 132 29 antalet
1223 2220 195 40 vårddagar
1440 2221 138 39 belöper
1601 2222 45 39 på
1669 2231 41 20 av

224 2269 297 40 undervisningen
542 2270 231 40 disponerade
795 2271 229 40 vårdplatser.
1047 2272 76 30 Den
1146 2272 249 36 driftkostnad,
1421 2283 75 21 som
1519 2274 116 40 lägges
1660 2273 51 31 till

224 2323 112 38 grund
361 2323 55 30 för
440 2323 239 40 beräkningen
702 2333 42 21 av
767 2326 133 29 statens
924 2325 130 40 bidrag,
1080 2326 90 30 skall
1194 2326 149 31 omfatta
1368 2327 155 39 följande
1549 2328 159 39 utgifter:

225 2376 215 39 avlöningar,
467 2377 186 39 pensioner
681 2387 104 20 m.m.
813 2378 53 30 till
894 2379 171 39 personal,
1095 2388 76 21 som
1198 2379 75 30 icke
1302 2381 38 29 är
1369 2380 152 40 uppförd
1549 2381 45 39 på
1623 2381 89 30 läro-

225 2429 194 30 anstaltens
455 2431 76 33 stat,
567 2430 420 40 expeditionskostnader,
1023 2432 145 35 diverse,
1204 2433 203 34 läkemedel,
1444 2433 267 40 förbruknings-

225 2481 146 30 artiklar
395 2491 103 20 m.m.
523 2482 54 30 för
603 2482 224 40 sjukvården,
852 2484 163 34 kosthåll,
1039 2485 130 34 värme,
1194 2485 98 39 ånga,
1317 2485 168 30 elektrisk
1508 2486 107 34 kraft,
1641 2494 70 31 gas,
