<?xml version="1.0" encoding="UTF-8"?>
<alto xmlns="http://www.loc.gov/standards/alto/ns-v3#" xmlns:xlink="http://www.w3.org/1999/xlink" xmlns:xsi="http://www.w3.org/2001/XMLSchema-instance" xsi:schemaLocation="http://www.loc.gov/standards/alto/ns-v3# http://www.loc.gov/alto/v3/alto-3-0.xsd">
	<Description>
		<MeasurementUnit>pixel</MeasurementUnit>
		<sourceImageInformation>
			<fileName>/tmp/tess_c4e33xn4_input.PNG</fileName>
		</sourceImageInformation>
		<OCRProcessing ID="OCR_0">
			<ocrProcessingStep>
				<processingSoftware>
					<softwareName>tesseract 5.3.0</softwareName>
				</processingSoftware>
			</ocrProcessingStep>
		</OCRProcessing>
	</Description>
	<Layout>
		<Page WIDTH="1876" HEIGHT="2786" PHYSICAL_IMG_NR="0" ID="page_0">
			<PrintSpace HPOS="0" VPOS="0" WIDTH="1876" HEIGHT="2786">
				<ComposedBlock ID="cblock_0" HPOS="245" VPOS="175" WIDTH="1125" HEIGHT="34">
					<TextBlock ID="block_0" HPOS="245" VPOS="175" WIDTH="1125" HEIGHT="34">
						<TextLine ID="line_0" HPOS="245" VPOS="175" WIDTH="1125" HEIGHT="34">
							<String ID="string_0" HPOS="245" VPOS="180" WIDTH="39" HEIGHT="29" WC="0.96" CONTENT="12"/><SP WIDTH="318" VPOS="180" HPOS="284"/>
							<String ID="string_1" HPOS="602" VPOS="177" WIDTH="284" HEIGHT="30" WC="0.92" CONTENT="Statsutskottets"/><SP WIDTH="20" VPOS="177" HPOS="886"/>
							<String ID="string_2" HPOS="906" VPOS="175" WIDTH="180" HEIGHT="31" WC="0.96" CONTENT="utlåtande"/><SP WIDTH="19" VPOS="175" HPOS="1086"/>
							<String ID="string_3" HPOS="1105" VPOS="185" WIDTH="43" HEIGHT="20" WC="0.96" CONTENT="nr"/><SP WIDTH="20" VPOS="185" HPOS="1148"/>
							<String ID="string_4" HPOS="1168" VPOS="175" WIDTH="36" HEIGHT="29" WC="0.96" CONTENT="11"/><SP WIDTH="22" VPOS="175" HPOS="1204"/>
							<String ID="string_5" HPOS="1226" VPOS="175" WIDTH="40" HEIGHT="29" WC="0.95" CONTENT="år"/><SP WIDTH="20" VPOS="175" HPOS="1266"/>
							<String ID="string_6" HPOS="1286" VPOS="175" WIDTH="84" HEIGHT="29" WC="0.96" CONTENT="1959"/>
						</TextLine>
					</TextBlock>
				</ComposedBlock>
				<ComposedBlock ID="cblock_1" HPOS="244" VPOS="251" WIDTH="1492" HEIGHT="1154">
					<TextBlock ID="block_1" HPOS="244" VPOS="251" WIDTH="1489" HEIGHT="470">
						<TextLine ID="line_1" HPOS="288" VPOS="251" WIDTH="1443" HEIGHT="45">
							<String ID="string_7" HPOS="288" VPOS="259" WIDTH="13" HEIGHT="28" WC="0.96" CONTENT="I"/><SP WIDTH="17" VPOS="259" HPOS="301"/>
							<String ID="string_8" HPOS="318" VPOS="258" WIDTH="168" HEIGHT="30" WC="0.96" CONTENT="samband"/><SP WIDTH="15" VPOS="258" HPOS="486"/>
							<String ID="string_9" HPOS="501" VPOS="258" WIDTH="80" HEIGHT="29" WC="0.96" CONTENT="med"/><SP WIDTH="15" VPOS="258" HPOS="581"/>
							<String ID="string_10" HPOS="596" VPOS="256" WIDTH="267" HEIGHT="40" WC="0.96" CONTENT="omläggningen"/><SP WIDTH="15" VPOS="256" HPOS="863"/>
							<String ID="string_11" HPOS="878" VPOS="266" WIDTH="41" HEIGHT="20" WC="0.93" CONTENT="av"/><SP WIDTH="16" VPOS="266" HPOS="919"/>
							<String ID="string_12" HPOS="935" VPOS="253" WIDTH="430" HEIGHT="41" WC="0.92" CONTENT="sjuksköterskeregistret"/><SP WIDTH="16" VPOS="253" HPOS="1365"/>
							<String ID="string_13" HPOS="1381" VPOS="253" WIDTH="232" HEIGHT="40" WC="0.93" CONTENT="uppkommer"/><SP WIDTH="16" VPOS="253" HPOS="1613"/>
							<String ID="string_14" HPOS="1629" VPOS="251" WIDTH="102" HEIGHT="30" WC="0.91" CONTENT="emel-"/>
						</TextLine>
						<TextLine ID="line_2" HPOS="244" VPOS="305" WIDTH="1487" HEIGHT="43">
							<String ID="string_15" HPOS="244" VPOS="312" WIDTH="104" HEIGHT="29" WC="0.92" CONTENT="lertid"/><SP WIDTH="21" VPOS="312" HPOS="348"/>
							<String ID="string_16" HPOS="369" VPOS="311" WIDTH="92" HEIGHT="30" WC="0.96" CONTENT="vissa"/><SP WIDTH="19" VPOS="311" HPOS="461"/>
							<String ID="string_17" HPOS="480" VPOS="311" WIDTH="201" HEIGHT="33" WC="0.96" CONTENT="kostnader,"/><SP WIDTH="23" VPOS="311" HPOS="681"/>
							<String ID="string_18" HPOS="704" VPOS="310" WIDTH="109" HEIGHT="29" WC="0.96" CONTENT="delvis"/><SP WIDTH="23" VPOS="310" HPOS="813"/>
							<String ID="string_19" HPOS="836" VPOS="319" WIDTH="41" HEIGHT="20" WC="0.93" CONTENT="av"/><SP WIDTH="22" VPOS="319" HPOS="877"/>
							<String ID="string_20" HPOS="899" VPOS="309" WIDTH="270" HEIGHT="39" WC="0.91" CONTENT="engångsnatur,"/><SP WIDTH="22" VPOS="309" HPOS="1169"/>
							<String ID="string_21" HPOS="1191" VPOS="307" WIDTH="95" HEIGHT="30" WC="0.96" CONTENT="vilka"/><SP WIDTH="24" VPOS="307" HPOS="1286"/>
							<String ID="string_22" HPOS="1310" VPOS="307" WIDTH="110" HEIGHT="29" WC="0.96" CONTENT="under"/><SP WIDTH="22" VPOS="307" HPOS="1420"/>
							<String ID="string_23" HPOS="1442" VPOS="307" WIDTH="58" HEIGHT="29" WC="0.96" CONTENT="det"/><SP WIDTH="23" VPOS="307" HPOS="1500"/>
							<String ID="string_24" HPOS="1523" VPOS="306" WIDTH="112" HEIGHT="29" WC="0.96" CONTENT="första"/><SP WIDTH="22" VPOS="306" HPOS="1635"/>
							<String ID="string_25" HPOS="1657" VPOS="305" WIDTH="74" HEIGHT="30" WC="0.96" CONTENT="året"/>
						</TextLine>
						<TextLine ID="line_3" HPOS="244" VPOS="359" WIDTH="1488" HEIGHT="44">
							<String ID="string_26" HPOS="244" VPOS="365" WIDTH="76" HEIGHT="29" WC="0.96" CONTENT="icke"/><SP WIDTH="18" VPOS="365" HPOS="320"/>
							<String ID="string_27" HPOS="338" VPOS="365" WIDTH="250" HEIGHT="38" WC="0.96" CONTENT="kompenseras"/><SP WIDTH="18" VPOS="365" HPOS="588"/>
							<String ID="string_28" HPOS="606" VPOS="373" WIDTH="41" HEIGHT="20" WC="0.96" CONTENT="av"/><SP WIDTH="16" VPOS="373" HPOS="647"/>
							<String ID="string_29" HPOS="663" VPOS="363" WIDTH="225" HEIGHT="39" WC="0.96" CONTENT="besparingar"/><SP WIDTH="17" VPOS="363" HPOS="888"/>
							<String ID="string_30" HPOS="905" VPOS="362" WIDTH="44" HEIGHT="39" WC="0.93" CONTENT="på"/><SP WIDTH="16" VPOS="362" HPOS="949"/>
							<String ID="string_31" HPOS="965" VPOS="361" WIDTH="277" HEIGHT="40" WC="0.91" CONTENT="personalsidan."/><SP WIDTH="19" VPOS="361" HPOS="1242"/>
							<String ID="string_32" HPOS="1261" VPOS="360" WIDTH="117" HEIGHT="30" WC="0.96" CONTENT="Under"/><SP WIDTH="17" VPOS="360" HPOS="1378"/>
							<String ID="string_33" HPOS="1395" VPOS="361" WIDTH="124" HEIGHT="38" WC="0.96" CONTENT="posten"/><SP WIDTH="17" VPOS="361" HPOS="1519"/>
							<String ID="string_34" HPOS="1536" VPOS="359" WIDTH="53" HEIGHT="29" WC="0.93" CONTENT="till"/><SP WIDTH="19" VPOS="359" HPOS="1589"/>
							<String ID="string_35" HPOS="1608" VPOS="367" WIDTH="124" HEIGHT="31" WC="0.92" CONTENT="expen-"/>
						</TextLine>
						<TextLine ID="line_4" HPOS="246" VPOS="411" WIDTH="1486" HEIGHT="45">
							<String ID="string_36" HPOS="246" VPOS="427" WIDTH="54" HEIGHT="20" WC="0.96" CONTENT="ser"/><SP WIDTH="22" VPOS="427" HPOS="300"/>
							<String ID="string_37" HPOS="322" VPOS="417" WIDTH="55" HEIGHT="30" WC="0.96" CONTENT="för"/><SP WIDTH="21" VPOS="417" HPOS="377"/>
							<String ID="string_38" HPOS="398" VPOS="419" WIDTH="74" HEIGHT="37" WC="0.96" CONTENT="eget"/><SP WIDTH="20" VPOS="419" HPOS="472"/>
							<String ID="string_39" HPOS="492" VPOS="417" WIDTH="113" HEIGHT="29" WC="0.96" CONTENT="behov"/><SP WIDTH="20" VPOS="417" HPOS="605"/>
							<String ID="string_40" HPOS="625" VPOS="416" WIDTH="176" HEIGHT="29" WC="0.96" CONTENT="erfordras"/><SP WIDTH="23" VPOS="416" HPOS="801"/>
							<String ID="string_41" HPOS="824" VPOS="415" WIDTH="146" HEIGHT="30" WC="0.96" CONTENT="sålunda"/><SP WIDTH="22" VPOS="415" HPOS="970"/>
							<String ID="string_42" HPOS="992" VPOS="414" WIDTH="112" HEIGHT="30" WC="0.96" CONTENT="medel"/><SP WIDTH="24" VPOS="414" HPOS="1104"/>
							<String ID="string_43" HPOS="1128" VPOS="414" WIDTH="53" HEIGHT="29" WC="0.96" CONTENT="för"/><SP WIDTH="22" VPOS="414" HPOS="1181"/>
							<String ID="string_44" HPOS="1203" VPOS="412" WIDTH="231" HEIGHT="39" WC="0.95" CONTENT="anskaffning"/><SP WIDTH="23" VPOS="412" HPOS="1434"/>
							<String ID="string_45" HPOS="1457" VPOS="422" WIDTH="42" HEIGHT="20" WC="0.93" CONTENT="av"/><SP WIDTH="20" VPOS="422" HPOS="1499"/>
							<String ID="string_46" HPOS="1519" VPOS="411" WIDTH="213" HEIGHT="39" WC="0.91" CONTENT="förvarings-"/>
						</TextLine>
						<TextLine ID="line_5" HPOS="246" VPOS="464" WIDTH="1487" HEIGHT="46">
							<String ID="string_47" HPOS="246" VPOS="471" WIDTH="88" HEIGHT="39" WC="0.93" CONTENT="skåp"/><SP WIDTH="20" VPOS="471" HPOS="334"/>
							<String ID="string_48" HPOS="354" VPOS="480" WIDTH="45" HEIGHT="19" WC="0.92" CONTENT="m."/><SP WIDTH="20" VPOS="480" HPOS="399"/>
							<String ID="string_49" HPOS="419" VPOS="479" WIDTH="55" HEIGHT="25" WC="0.91" CONTENT="m.,"/><SP WIDTH="20" VPOS="479" HPOS="474"/>
							<String ID="string_50" HPOS="494" VPOS="470" WIDTH="148" HEIGHT="38" WC="0.92" CONTENT="årshyra"/><SP WIDTH="17" VPOS="470" HPOS="642"/>
							<String ID="string_51" HPOS="659" VPOS="469" WIDTH="54" HEIGHT="29" WC="0.96" CONTENT="för"/><SP WIDTH="19" VPOS="469" HPOS="713"/>
							<String ID="string_52" HPOS="732" VPOS="478" WIDTH="43" HEIGHT="20" WC="0.93" CONTENT="en"/><SP WIDTH="19" VPOS="478" HPOS="775"/>
							<String ID="string_53" HPOS="794" VPOS="467" WIDTH="340" HEIGHT="41" WC="0.90" CONTENT="posteringsmaskin"/><SP WIDTH="21" VPOS="467" HPOS="1134"/>
							<String ID="string_54" HPOS="1155" VPOS="468" WIDTH="89" HEIGHT="28" WC="0.91" CONTENT="samt"/><SP WIDTH="20" VPOS="468" HPOS="1244"/>
							<String ID="string_55" HPOS="1264" VPOS="465" WIDTH="256" HEIGHT="39" WC="0.87" CONTENT="blankettryck."/><SP WIDTH="22" VPOS="465" HPOS="1520"/>
							<String ID="string_56" HPOS="1542" VPOS="465" WIDTH="72" HEIGHT="29" WC="0.93" CONTENT="Mot"/><SP WIDTH="22" VPOS="465" HPOS="1614"/>
							<String ID="string_57" HPOS="1636" VPOS="464" WIDTH="97" HEIGHT="39" WC="0.92" CONTENT="sjuk-"/>
						</TextLine>
						<TextLine ID="line_6" HPOS="245" VPOS="517" WIDTH="1488" HEIGHT="45">
							<String ID="string_58" HPOS="245" VPOS="523" WIDTH="517" HEIGHT="39" WC="0.91" CONTENT="vårdsberedskapsnämndens"/><SP WIDTH="18" VPOS="523" HPOS="762"/>
							<String ID="string_59" HPOS="780" VPOS="521" WIDTH="193" HEIGHT="39" WC="0.96" CONTENT="beräkning"/><SP WIDTH="18" VPOS="521" HPOS="973"/>
							<String ID="string_60" HPOS="991" VPOS="530" WIDTH="42" HEIGHT="21" WC="0.93" CONTENT="av"/><SP WIDTH="18" VPOS="530" HPOS="1033"/>
							<String ID="string_61" HPOS="1051" VPOS="519" WIDTH="280" HEIGHT="31" WC="0.91" CONTENT="medelsbehovet"/><SP WIDTH="18" VPOS="519" HPOS="1331"/>
							<String ID="string_62" HPOS="1349" VPOS="518" WIDTH="130" HEIGHT="34" WC="0.96" CONTENT="härför,"/><SP WIDTH="20" VPOS="518" HPOS="1479"/>
							<String ID="string_63" HPOS="1499" VPOS="517" WIDTH="234" HEIGHT="39" WC="0.96" CONTENT="sammanlagt"/>
						</TextLine>
						<TextLine ID="line_7" HPOS="246" VPOS="573" WIDTH="1486" HEIGHT="41">
							<String ID="string_64" HPOS="246" VPOS="577" WIDTH="16" HEIGHT="29" WC="0.85" CONTENT="7"/><SP WIDTH="16" VPOS="577" HPOS="262"/>
							<String ID="string_65" HPOS="278" VPOS="576" WIDTH="63" HEIGHT="29" WC="0.81" CONTENT="000"/><SP WIDTH="29" VPOS="576" HPOS="341"/>
							<String ID="string_66" HPOS="370" VPOS="576" WIDTH="140" HEIGHT="34" WC="0.96" CONTENT="kronor,"/><SP WIDTH="27" VPOS="576" HPOS="510"/>
							<String ID="string_67" HPOS="537" VPOS="576" WIDTH="66" HEIGHT="30" WC="0.93" CONTENT="har"/><SP WIDTH="28" VPOS="576" HPOS="603"/>
							<String ID="string_68" HPOS="631" VPOS="574" WIDTH="383" HEIGHT="40" WC="0.91" CONTENT="departementschefen"/><SP WIDTH="29" VPOS="574" HPOS="1014"/>
							<String ID="string_69" HPOS="1043" VPOS="574" WIDTH="31" HEIGHT="39" WC="0.96" CONTENT="ej"/><SP WIDTH="31" VPOS="574" HPOS="1074"/>
							<String ID="string_70" HPOS="1105" VPOS="574" WIDTH="104" HEIGHT="38" WC="0.96" CONTENT="något"/><SP WIDTH="27" VPOS="574" HPOS="1209"/>
							<String ID="string_71" HPOS="1236" VPOS="575" WIDTH="51" HEIGHT="27" WC="0.96" CONTENT="att"/><SP WIDTH="27" VPOS="575" HPOS="1287"/>
							<String ID="string_72" HPOS="1314" VPOS="573" WIDTH="125" HEIGHT="29" WC="0.92" CONTENT="erinra."/><SP WIDTH="28" VPOS="573" HPOS="1439"/>
							<String ID="string_73" HPOS="1467" VPOS="573" WIDTH="265" HEIGHT="39" WC="0.90" CONTENT="Expensposten"/>
						</TextLine>
						<TextLine ID="line_8" HPOS="246" VPOS="625" WIDTH="1487" HEIGHT="43">
							<String ID="string_74" HPOS="246" VPOS="638" WIDTH="103" HEIGHT="21" WC="0.96" CONTENT="anses"/><SP WIDTH="23" VPOS="638" HPOS="349"/>
							<String ID="string_75" HPOS="372" VPOS="629" WIDTH="146" HEIGHT="29" WC="0.96" CONTENT="sålunda"/><SP WIDTH="20" VPOS="629" HPOS="518"/>
							<String ID="string_76" HPOS="538" VPOS="629" WIDTH="86" HEIGHT="29" WC="0.96" CONTENT="böra"/><SP WIDTH="21" VPOS="629" HPOS="624"/>
							<String ID="string_77" HPOS="645" VPOS="629" WIDTH="203" HEIGHT="39" WC="0.96" CONTENT="uppräknas"/><SP WIDTH="21" VPOS="629" HPOS="848"/>
							<String ID="string_78" HPOS="869" VPOS="628" WIDTH="78" HEIGHT="29" WC="0.95" CONTENT="med"/><SP WIDTH="21" VPOS="628" HPOS="947"/>
							<String ID="string_79" HPOS="968" VPOS="628" WIDTH="96" HEIGHT="29" WC="0.95" CONTENT="detta"/><SP WIDTH="20" VPOS="628" HPOS="1064"/>
							<String ID="string_80" HPOS="1084" VPOS="627" WIDTH="134" HEIGHT="40" WC="0.96" CONTENT="belopp,"/><SP WIDTH="21" VPOS="627" HPOS="1218"/>
							<String ID="string_81" HPOS="1239" VPOS="635" WIDTH="108" HEIGHT="21" WC="0.95" CONTENT="varav"/><SP WIDTH="18" VPOS="635" HPOS="1347"/>
							<String ID="string_82" HPOS="1365" VPOS="626" WIDTH="18" HEIGHT="29" WC="0.95" CONTENT="3"/><SP WIDTH="15" VPOS="626" HPOS="1383"/>
							<String ID="string_83" HPOS="1398" VPOS="625" WIDTH="62" HEIGHT="30" WC="0.95" CONTENT="300"/><SP WIDTH="21" VPOS="625" HPOS="1460"/>
							<String ID="string_84" HPOS="1481" VPOS="626" WIDTH="132" HEIGHT="29" WC="0.96" CONTENT="kronor"/><SP WIDTH="22" VPOS="626" HPOS="1613"/>
							<String ID="string_85" HPOS="1635" VPOS="633" WIDTH="98" HEIGHT="21" WC="0.95" CONTENT="avses"/>
						</TextLine>
						<TextLine ID="line_9" HPOS="246" VPOS="672" WIDTH="691" HEIGHT="49">
							<String ID="string_86" HPOS="246" VPOS="683" WIDTH="55" HEIGHT="29" WC="0.93" CONTENT="för"/><SP WIDTH="24" VPOS="683" HPOS="301"/>
							<String ID="string_87" HPOS="325" VPOS="681" WIDTH="396" HEIGHT="40" WC="0.92" CONTENT="engångsanskaffning."/><SP WIDTH="213" VPOS="681" HPOS="721"/>
							<String ID="string_88" HPOS="934" VPOS="672" WIDTH="3" HEIGHT="2" WC="0.90" CONTENT="|"/>
						</TextLine>
					</TextBlock>
					<TextBlock ID="block_2" HPOS="246" VPOS="730" WIDTH="1490" HEIGHT="574">
						<TextLine ID="line_10" HPOS="291" VPOS="730" WIDTH="1442" HEIGHT="41">
							<String ID="string_89" HPOS="291" VPOS="735" WIDTH="123" HEIGHT="29" WC="0.96" CONTENT="Såsom"/><SP WIDTH="29" VPOS="735" HPOS="414"/>
							<String ID="string_90" HPOS="443" VPOS="735" WIDTH="136" HEIGHT="29" WC="0.96" CONTENT="berörts"/><SP WIDTH="31" VPOS="735" HPOS="579"/>
							<String ID="string_91" HPOS="610" VPOS="734" WIDTH="56" HEIGHT="30" WC="0.96" CONTENT="vid"/><SP WIDTH="32" VPOS="734" HPOS="666"/>
							<String ID="string_92" HPOS="698" VPOS="733" WIDTH="166" HEIGHT="29" WC="0.96" CONTENT="anmälan"/><SP WIDTH="32" VPOS="733" HPOS="864"/>
							<String ID="string_93" HPOS="896" VPOS="743" WIDTH="41" HEIGHT="20" WC="0.93" CONTENT="av"/><SP WIDTH="30" VPOS="743" HPOS="937"/>
							<String ID="string_94" HPOS="967" VPOS="731" WIDTH="380" HEIGHT="40" WC="0.91" CONTENT="medicinalstyrelsens"/><SP WIDTH="33" VPOS="731" HPOS="1347"/>
							<String ID="string_95" HPOS="1380" VPOS="730" WIDTH="353" HEIGHT="39" WC="0.88" CONTENT="omkostnadsanslag"/>
						</TextLine>
						<TextLine ID="line_11" HPOS="252" VPOS="784" WIDTH="1481" HEIGHT="44">
							<String ID="string_96" HPOS="252" VPOS="788" WIDTH="48" HEIGHT="40" WC="0.91" CONTENT="(p."/><SP WIDTH="25" VPOS="788" HPOS="300"/>
							<String ID="string_97" HPOS="325" VPOS="788" WIDTH="52" HEIGHT="34" WC="0.94" CONTENT="5),"/><SP WIDTH="23" VPOS="788" HPOS="377"/>
							<String ID="string_98" HPOS="400" VPOS="788" WIDTH="64" HEIGHT="29" WC="0.95" CONTENT="har"/><SP WIDTH="21" VPOS="788" HPOS="464"/>
							<String ID="string_99" HPOS="485" VPOS="788" WIDTH="113" HEIGHT="29" WC="0.96" CONTENT="medel"/><SP WIDTH="24" VPOS="788" HPOS="598"/>
							<String ID="string_100" HPOS="622" VPOS="787" WIDTH="54" HEIGHT="30" WC="0.96" CONTENT="för"/><SP WIDTH="24" VPOS="787" HPOS="676"/>
							<String ID="string_101" HPOS="700" VPOS="787" WIDTH="171" HEIGHT="29" WC="0.96" CONTENT="täckande"/><SP WIDTH="25" VPOS="787" HPOS="871"/>
							<String ID="string_102" HPOS="896" VPOS="796" WIDTH="41" HEIGHT="20" WC="0.96" CONTENT="av"/><SP WIDTH="22" VPOS="796" HPOS="937"/>
							<String ID="string_103" HPOS="959" VPOS="787" WIDTH="41" HEIGHT="29" WC="0.96" CONTENT="de"/><SP WIDTH="26" VPOS="787" HPOS="1000"/>
							<String ID="string_104" HPOS="1026" VPOS="787" WIDTH="80" HEIGHT="29" WC="0.96" CONTENT="med"/><SP WIDTH="24" VPOS="787" HPOS="1106"/>
							<String ID="string_105" HPOS="1130" VPOS="784" WIDTH="412" HEIGHT="40" WC="0.91" CONTENT="försöksregistreringen"/><SP WIDTH="25" VPOS="784" HPOS="1542"/>
							<String ID="string_106" HPOS="1567" VPOS="784" WIDTH="166" HEIGHT="29" WC="0.96" CONTENT="förenade"/>
						</TextLine>
						<TextLine ID="line_12" HPOS="246" VPOS="836" WIDTH="1488" HEIGHT="41">
							<String ID="string_107" HPOS="246" VPOS="842" WIDTH="237" HEIGHT="28" WC="0.96" CONTENT="kostnaderna"/><SP WIDTH="29" VPOS="842" HPOS="483"/>
							<String ID="string_108" HPOS="512" VPOS="840" WIDTH="128" HEIGHT="30" WC="0.93" CONTENT="hittills"/><SP WIDTH="28" VPOS="840" HPOS="640"/>
							<String ID="string_109" HPOS="668" VPOS="840" WIDTH="154" HEIGHT="30" WC="0.92" CONTENT="anvisats"/><SP WIDTH="31" VPOS="840" HPOS="822"/>
							<String ID="string_110" HPOS="853" VPOS="840" WIDTH="109" HEIGHT="29" WC="0.96" CONTENT="under"/><SP WIDTH="30" VPOS="840" HPOS="962"/>
							<String ID="string_111" HPOS="992" VPOS="839" WIDTH="156" HEIGHT="29" WC="0.95" CONTENT="nämnda"/><SP WIDTH="28" VPOS="839" HPOS="1148"/>
							<String ID="string_112" HPOS="1176" VPOS="838" WIDTH="132" HEIGHT="38" WC="0.93" CONTENT="anslag."/><SP WIDTH="31" VPOS="838" HPOS="1308"/>
							<String ID="string_113" HPOS="1339" VPOS="836" WIDTH="395" HEIGHT="41" WC="0.91" CONTENT="Departementschefen"/>
						</TextLine>
						<TextLine ID="line_13" HPOS="246" VPOS="891" WIDTH="1487" HEIGHT="42">
							<String ID="string_114" HPOS="246" VPOS="894" WIDTH="159" HEIGHT="34" WC="0.96" CONTENT="föreslår,"/><SP WIDTH="29" VPOS="894" HPOS="405"/>
							<String ID="string_115" HPOS="434" VPOS="896" WIDTH="49" HEIGHT="28" WC="0.96" CONTENT="att"/><SP WIDTH="29" VPOS="896" HPOS="483"/>
							<String ID="string_116" HPOS="512" VPOS="894" WIDTH="161" HEIGHT="39" WC="0.96" CONTENT="samtliga"/><SP WIDTH="29" VPOS="894" HPOS="673"/>
							<String ID="string_117" HPOS="702" VPOS="893" WIDTH="249" HEIGHT="29" WC="0.96" CONTENT="omkostnader"/><SP WIDTH="27" VPOS="893" HPOS="951"/>
							<String ID="string_118" HPOS="978" VPOS="893" WIDTH="56" HEIGHT="29" WC="0.93" CONTENT="för"/><SP WIDTH="31" VPOS="893" HPOS="1034"/>
							<String ID="string_119" HPOS="1065" VPOS="892" WIDTH="429" HEIGHT="39" WC="0.91" CONTENT="sjuksköterskeregistret"/><SP WIDTH="28" VPOS="892" HPOS="1494"/>
							<String ID="string_120" HPOS="1522" VPOS="892" WIDTH="12" HEIGHT="29" WC="0.96" CONTENT="i"/><SP WIDTH="31" VPOS="892" HPOS="1534"/>
							<String ID="string_121" HPOS="1565" VPOS="891" WIDTH="168" HEIGHT="30" WC="0.96" CONTENT="samband"/>
						</TextLine>
						<TextLine ID="line_14" HPOS="247" VPOS="944" WIDTH="1486" HEIGHT="42">
							<String ID="string_122" HPOS="247" VPOS="948" WIDTH="79" HEIGHT="29" WC="0.96" CONTENT="med"/><SP WIDTH="18" VPOS="948" HPOS="326"/>
							<String ID="string_123" HPOS="344" VPOS="947" WIDTH="216" HEIGHT="39" WC="0.94" CONTENT="övergången"/><SP WIDTH="19" VPOS="947" HPOS="560"/>
							<String ID="string_124" HPOS="579" VPOS="947" WIDTH="52" HEIGHT="29" WC="0.93" CONTENT="till"/><SP WIDTH="18" VPOS="947" HPOS="631"/>
							<String ID="string_125" HPOS="649" VPOS="947" WIDTH="291" HEIGHT="38" WC="0.91" CONTENT="hålkortssystem"/><SP WIDTH="19" VPOS="947" HPOS="940"/>
							<String ID="string_126" HPOS="959" VPOS="946" WIDTH="89" HEIGHT="29" WC="0.96" CONTENT="skall"/><SP WIDTH="19" VPOS="946" HPOS="1048"/>
							<String ID="string_127" HPOS="1067" VPOS="946" WIDTH="171" HEIGHT="29" WC="0.96" CONTENT="bestridas"/><SP WIDTH="18" VPOS="946" HPOS="1238"/>
							<String ID="string_128" HPOS="1256" VPOS="944" WIDTH="82" HEIGHT="30" WC="0.96" CONTENT="från"/><SP WIDTH="17" VPOS="944" HPOS="1338"/>
							<String ID="string_129" HPOS="1355" VPOS="944" WIDTH="230" HEIGHT="30" WC="0.96" CONTENT="förevarande"/><SP WIDTH="18" VPOS="944" HPOS="1585"/>
							<String ID="string_130" HPOS="1603" VPOS="944" WIDTH="130" HEIGHT="38" WC="0.96" CONTENT="anslag."/>
						</TextLine>
						<TextLine ID="line_15" HPOS="247" VPOS="997" WIDTH="1489" HEIGHT="42">
							<String ID="string_131" HPOS="247" VPOS="1001" WIDTH="54" HEIGHT="28" WC="0.96" CONTENT="En"/><SP WIDTH="21" VPOS="1001" HPOS="301"/>
							<String ID="string_132" HPOS="322" VPOS="1000" WIDTH="150" HEIGHT="30" WC="0.93" CONTENT="särskild"/><SP WIDTH="21" VPOS="1000" HPOS="472"/>
							<String ID="string_133" HPOS="493" VPOS="1000" WIDTH="220" HEIGHT="39" WC="0.91" CONTENT="anslagspost"/><SP WIDTH="20" VPOS="1000" HPOS="713"/>
							<String ID="string_134" HPOS="733" VPOS="1000" WIDTH="53" HEIGHT="29" WC="0.93" CONTENT="till"/><SP WIDTH="21" VPOS="1000" HPOS="786"/>
							<String ID="string_135" HPOS="807" VPOS="999" WIDTH="305" HEIGHT="30" WC="0.92" CONTENT="hålkortsarbeten"/><SP WIDTH="20" VPOS="999" HPOS="1112"/>
							<String ID="string_136" HPOS="1132" VPOS="999" WIDTH="61" HEIGHT="29" WC="0.96" CONTENT="bör"/><SP WIDTH="21" VPOS="999" HPOS="1193"/>
							<String ID="string_137" HPOS="1214" VPOS="998" WIDTH="125" HEIGHT="30" WC="0.96" CONTENT="härvid"/><SP WIDTH="22" VPOS="998" HPOS="1339"/>
							<String ID="string_138" HPOS="1361" VPOS="997" WIDTH="169" HEIGHT="40" WC="0.96" CONTENT="uppföras"/><SP WIDTH="19" VPOS="997" HPOS="1530"/>
							<String ID="string_139" HPOS="1549" VPOS="998" WIDTH="12" HEIGHT="28" WC="0.93" CONTENT="i"/><SP WIDTH="22" VPOS="998" HPOS="1561"/>
							<String ID="string_140" HPOS="1583" VPOS="997" WIDTH="153" HEIGHT="29" WC="0.92" CONTENT="omkost-"/>
						</TextLine>
						<TextLine ID="line_16" HPOS="248" VPOS="1052" WIDTH="1487" HEIGHT="40">
							<String ID="string_141" HPOS="248" VPOS="1054" WIDTH="215" HEIGHT="29" WC="0.91" CONTENT="nadsstaten."/><SP WIDTH="25" VPOS="1054" HPOS="463"/>
							<String ID="string_142" HPOS="488" VPOS="1053" WIDTH="12" HEIGHT="29" WC="0.96" CONTENT="I"/><SP WIDTH="27" VPOS="1053" HPOS="500"/>
							<String ID="string_143" HPOS="527" VPOS="1053" WIDTH="153" HEIGHT="39" WC="0.96" CONTENT="enlighet"/><SP WIDTH="24" VPOS="1053" HPOS="680"/>
							<String ID="string_144" HPOS="704" VPOS="1054" WIDTH="79" HEIGHT="28" WC="0.96" CONTENT="med"/><SP WIDTH="25" VPOS="1054" HPOS="783"/>
							<String ID="string_145" HPOS="808" VPOS="1053" WIDTH="66" HEIGHT="29" WC="0.96" CONTENT="vad"/><SP WIDTH="26" VPOS="1053" HPOS="874"/>
							<String ID="string_146" HPOS="900" VPOS="1053" WIDTH="178" HEIGHT="29" WC="0.95" CONTENT="nämnden"/><SP WIDTH="26" VPOS="1053" HPOS="1078"/>
							<String ID="string_147" HPOS="1104" VPOS="1052" WIDTH="157" HEIGHT="30" WC="0.96" CONTENT="förordat"/><SP WIDTH="24" VPOS="1052" HPOS="1261"/>
							<String ID="string_148" HPOS="1285" VPOS="1052" WIDTH="173" HEIGHT="30" WC="0.96" CONTENT="beräknas"/><SP WIDTH="25" VPOS="1052" HPOS="1458"/>
							<String ID="string_149" HPOS="1483" VPOS="1052" WIDTH="113" HEIGHT="29" WC="0.96" CONTENT="under"/><SP WIDTH="25" VPOS="1052" HPOS="1596"/>
							<String ID="string_150" HPOS="1621" VPOS="1052" WIDTH="114" HEIGHT="29" WC="0.96" CONTENT="denna"/>
						</TextLine>
						<TextLine ID="line_17" HPOS="247" VPOS="1105" WIDTH="1489" HEIGHT="41">
							<String ID="string_151" HPOS="247" VPOS="1108" WIDTH="79" HEIGHT="38" WC="0.96" CONTENT="post"/><SP WIDTH="22" VPOS="1108" HPOS="326"/>
							<String ID="string_152" HPOS="348" VPOS="1106" WIDTH="36" HEIGHT="29" WC="0.92" CONTENT="11"/><SP WIDTH="17" VPOS="1106" HPOS="384"/>
							<String ID="string_153" HPOS="401" VPOS="1106" WIDTH="61" HEIGHT="29" WC="0.92" CONTENT="000"/><SP WIDTH="18" VPOS="1106" HPOS="462"/>
							<String ID="string_154" HPOS="480" VPOS="1107" WIDTH="132" HEIGHT="28" WC="0.96" CONTENT="kronor"/><SP WIDTH="20" VPOS="1107" HPOS="612"/>
							<String ID="string_155" HPOS="632" VPOS="1106" WIDTH="50" HEIGHT="29" WC="0.93" CONTENT="till"/><SP WIDTH="19" VPOS="1106" HPOS="682"/>
							<String ID="string_156" HPOS="701" VPOS="1106" WIDTH="345" HEIGHT="39" WC="0.90" CONTENT="engångskostnader"/><SP WIDTH="19" VPOS="1106" HPOS="1046"/>
							<String ID="string_157" HPOS="1065" VPOS="1105" WIDTH="55" HEIGHT="30" WC="0.96" CONTENT="för"/><SP WIDTH="17" VPOS="1105" HPOS="1120"/>
							<String ID="string_158" HPOS="1137" VPOS="1105" WIDTH="238" HEIGHT="40" WC="0.95" CONTENT="uppläggning"/><SP WIDTH="18" VPOS="1105" HPOS="1375"/>
							<String ID="string_159" HPOS="1393" VPOS="1115" WIDTH="41" HEIGHT="20" WC="0.92" CONTENT="av"/><SP WIDTH="19" VPOS="1115" HPOS="1434"/>
							<String ID="string_160" HPOS="1453" VPOS="1105" WIDTH="283" HEIGHT="39" WC="0.92" CONTENT="sjuksköterske-"/>
						</TextLine>
						<TextLine ID="line_18" HPOS="248" VPOS="1157" WIDTH="1488" HEIGHT="41">
							<String ID="string_161" HPOS="248" VPOS="1159" WIDTH="161" HEIGHT="39" WC="0.93" CONTENT="registret"/><SP WIDTH="27" VPOS="1159" HPOS="409"/>
							<String ID="string_162" HPOS="436" VPOS="1159" WIDTH="20" HEIGHT="30" WC="0.93" CONTENT="å"/><SP WIDTH="25" VPOS="1159" HPOS="456"/>
							<String ID="string_163" HPOS="481" VPOS="1159" WIDTH="143" HEIGHT="30" WC="0.96" CONTENT="hålkort"/><SP WIDTH="26" VPOS="1159" HPOS="624"/>
							<String ID="string_164" HPOS="650" VPOS="1159" WIDTH="63" HEIGHT="29" WC="0.96" CONTENT="och"/><SP WIDTH="30" VPOS="1159" HPOS="713"/>
							<String ID="string_165" HPOS="743" VPOS="1159" WIDTH="38" HEIGHT="29" WC="0.79" CONTENT="13"/><SP WIDTH="16" VPOS="1159" HPOS="781"/>
							<String ID="string_166" HPOS="797" VPOS="1159" WIDTH="62" HEIGHT="29" WC="0.79" CONTENT="000"/><SP WIDTH="28" VPOS="1159" HPOS="859"/>
							<String ID="string_167" HPOS="887" VPOS="1159" WIDTH="130" HEIGHT="29" WC="0.96" CONTENT="kronor"/><SP WIDTH="28" VPOS="1159" HPOS="1017"/>
							<String ID="string_168" HPOS="1045" VPOS="1158" WIDTH="52" HEIGHT="29" WC="0.96" CONTENT="till"/><SP WIDTH="29" VPOS="1158" HPOS="1097"/>
							<String ID="string_169" HPOS="1126" VPOS="1158" WIDTH="85" HEIGHT="39" WC="0.96" CONTENT="årlig"/><SP WIDTH="27" VPOS="1158" HPOS="1211"/>
							<String ID="string_170" HPOS="1238" VPOS="1158" WIDTH="195" HEIGHT="39" WC="0.96" CONTENT="ersättning"/><SP WIDTH="26" VPOS="1158" HPOS="1433"/>
							<String ID="string_171" HPOS="1459" VPOS="1158" WIDTH="53" HEIGHT="29" WC="0.96" CONTENT="till"/><SP WIDTH="29" VPOS="1158" HPOS="1512"/>
							<String ID="string_172" HPOS="1541" VPOS="1157" WIDTH="195" HEIGHT="30" WC="0.96" CONTENT="statistiska"/>
						</TextLine>
						<TextLine ID="line_19" HPOS="247" VPOS="1210" WIDTH="1489" HEIGHT="41">
							<String ID="string_173" HPOS="247" VPOS="1211" WIDTH="246" HEIGHT="40" WC="0.96" CONTENT="centralbyrån"/><SP WIDTH="16" VPOS="1211" HPOS="493"/>
							<String ID="string_174" HPOS="509" VPOS="1212" WIDTH="56" HEIGHT="29" WC="0.96" CONTENT="för"/><SP WIDTH="16" VPOS="1212" HPOS="565"/>
							<String ID="string_175" HPOS="581" VPOS="1213" WIDTH="67" HEIGHT="28" WC="0.96" CONTENT="den"/><SP WIDTH="17" VPOS="1213" HPOS="648"/>
							<String ID="string_176" HPOS="665" VPOS="1212" WIDTH="146" HEIGHT="39" WC="0.95" CONTENT="löpande"/><SP WIDTH="17" VPOS="1212" HPOS="811"/>
							<String ID="string_177" HPOS="828" VPOS="1211" WIDTH="272" HEIGHT="40" WC="0.95" CONTENT="bearbetningen"/><SP WIDTH="18" VPOS="1211" HPOS="1100"/>
							<String ID="string_178" HPOS="1118" VPOS="1221" WIDTH="40" HEIGHT="20" WC="0.96" CONTENT="av"/><SP WIDTH="16" VPOS="1221" HPOS="1158"/>
							<String ID="string_179" HPOS="1174" VPOS="1210" WIDTH="161" HEIGHT="40" WC="0.93" CONTENT="registret"/><SP WIDTH="11" VPOS="1210" HPOS="1335"/>
							<String ID="string_180" HPOS="1346" VPOS="1220" WIDTH="45" HEIGHT="20" WC="0.90" CONTENT="m."/><SP WIDTH="12" VPOS="1220" HPOS="1391"/>
							<String ID="string_181" HPOS="1403" VPOS="1220" WIDTH="45" HEIGHT="20" WC="0.91" CONTENT="m."/><SP WIDTH="13" VPOS="1220" HPOS="1448"/>
							<String ID="string_182" HPOS="1461" VPOS="1210" WIDTH="275" HEIGHT="39" WC="0.92" CONTENT="Anslagsposten"/>
						</TextLine>
						<TextLine ID="line_20" HPOS="248" VPOS="1263" WIDTH="1115" HEIGHT="41">
							<String ID="string_183" HPOS="248" VPOS="1266" WIDTH="63" HEIGHT="29" WC="0.96" CONTENT="bör"/><SP WIDTH="15" VPOS="1266" HPOS="311"/>
							<String ID="string_184" HPOS="326" VPOS="1265" WIDTH="103" HEIGHT="30" WC="0.96" CONTENT="alltså"/><SP WIDTH="14" VPOS="1265" HPOS="429"/>
							<String ID="string_185" HPOS="443" VPOS="1265" WIDTH="54" HEIGHT="30" WC="0.96" CONTENT="för"/><SP WIDTH="15" VPOS="1265" HPOS="497"/>
							<String ID="string_186" HPOS="512" VPOS="1266" WIDTH="104" HEIGHT="29" WC="0.96" CONTENT="nästa"/><SP WIDTH="12" VPOS="1266" HPOS="616"/>
							<String ID="string_187" HPOS="628" VPOS="1265" WIDTH="167" HEIGHT="39" WC="0.96" CONTENT="budgetår"/><SP WIDTH="16" VPOS="1265" HPOS="795"/>
							<String ID="string_188" HPOS="811" VPOS="1264" WIDTH="167" HEIGHT="40" WC="0.96" CONTENT="uppföras"/><SP WIDTH="15" VPOS="1264" HPOS="978"/>
							<String ID="string_189" HPOS="993" VPOS="1265" WIDTH="81" HEIGHT="29" WC="0.96" CONTENT="med"/><SP WIDTH="15" VPOS="1265" HPOS="1074"/>
							<String ID="string_190" HPOS="1089" VPOS="1263" WIDTH="41" HEIGHT="31" WC="0.95" CONTENT="24"/><SP WIDTH="15" VPOS="1263" HPOS="1130"/>
							<String ID="string_191" HPOS="1145" VPOS="1264" WIDTH="60" HEIGHT="30" WC="0.95" CONTENT="000"/><SP WIDTH="16" VPOS="1264" HPOS="1205"/>
							<String ID="string_192" HPOS="1221" VPOS="1265" WIDTH="142" HEIGHT="28" WC="0.96" CONTENT="kronor."/>
						</TextLine>
					</TextBlock>
					<TextBlock ID="block_3" HPOS="250" VPOS="1315" WIDTH="1486" HEIGHT="90">
						<TextLine ID="line_21" HPOS="293" VPOS="1315" WIDTH="1443" HEIGHT="42">
							<String ID="string_193" HPOS="293" VPOS="1318" WIDTH="166" HEIGHT="39" WC="0.96" CONTENT="Anslaget"/><SP WIDTH="20" VPOS="1318" HPOS="459"/>
							<String ID="string_194" HPOS="479" VPOS="1318" WIDTH="62" HEIGHT="29" WC="0.96" CONTENT="bör"/><SP WIDTH="23" VPOS="1318" HPOS="541"/>
							<String ID="string_195" HPOS="564" VPOS="1317" WIDTH="147" HEIGHT="30" WC="0.96" CONTENT="sålunda"/><SP WIDTH="18" VPOS="1317" HPOS="711"/>
							<String ID="string_196" HPOS="729" VPOS="1317" WIDTH="55" HEIGHT="30" WC="0.96" CONTENT="för"/><SP WIDTH="21" VPOS="1317" HPOS="784"/>
							<String ID="string_197" HPOS="805" VPOS="1319" WIDTH="101" HEIGHT="28" WC="0.96" CONTENT="nästa"/><SP WIDTH="19" VPOS="1319" HPOS="906"/>
							<String ID="string_198" HPOS="925" VPOS="1317" WIDTH="171" HEIGHT="39" WC="0.96" CONTENT="budgetår"/><SP WIDTH="20" VPOS="1317" HPOS="1096"/>
							<String ID="string_199" HPOS="1116" VPOS="1317" WIDTH="101" HEIGHT="39" WC="0.96" CONTENT="höjas"/><SP WIDTH="22" VPOS="1317" HPOS="1217"/>
							<String ID="string_200" HPOS="1239" VPOS="1318" WIDTH="80" HEIGHT="29" WC="0.95" CONTENT="med"/><SP WIDTH="27" VPOS="1318" HPOS="1319"/>
							<String ID="string_201" HPOS="1346" VPOS="1316" WIDTH="35" HEIGHT="33" WC="0.93" CONTENT="(2"/><SP WIDTH="15" VPOS="1316" HPOS="1381"/>
							<String ID="string_202" HPOS="1396" VPOS="1316" WIDTH="61" HEIGHT="30" WC="0.93" CONTENT="000"/><SP WIDTH="17" VPOS="1316" HPOS="1457"/>
							<String ID="string_203" HPOS="1474" VPOS="1320" WIDTH="28" HEIGHT="28" WC="0.69" CONTENT="+"/><SP WIDTH="15" VPOS="1320" HPOS="1502"/>
							<String ID="string_204" HPOS="1517" VPOS="1315" WIDTH="64" HEIGHT="30" WC="0.69" CONTENT="400"/><SP WIDTH="16" VPOS="1315" HPOS="1581"/>
							<String ID="string_205" HPOS="1597" VPOS="1320" WIDTH="28" HEIGHT="28" WC="0.61" CONTENT="+"/><SP WIDTH="16" VPOS="1320" HPOS="1625"/>
							<String ID="string_206" HPOS="1641" VPOS="1316" WIDTH="16" HEIGHT="29" WC="0.61" CONTENT="7"/><SP WIDTH="16" VPOS="1316" HPOS="1657"/>
							<String ID="string_207" HPOS="1673" VPOS="1315" WIDTH="63" HEIGHT="30" WC="0.96" CONTENT="000"/>
						</TextLine>
						<TextLine ID="line_22" HPOS="250" VPOS="1368" WIDTH="1486" HEIGHT="37">
							<String ID="string_208" HPOS="250" VPOS="1375" WIDTH="27" HEIGHT="28" WC="0.95" CONTENT="+"/><SP WIDTH="16" VPOS="1375" HPOS="277"/>
							<String ID="string_209" HPOS="293" VPOS="1371" WIDTH="42" HEIGHT="29" WC="0.95" CONTENT="24"/><SP WIDTH="15" VPOS="1371" HPOS="335"/>
							<String ID="string_210" HPOS="350" VPOS="1370" WIDTH="79" HEIGHT="35" WC="0.96" CONTENT="000)"/><SP WIDTH="21" VPOS="1370" HPOS="429"/>
							<String ID="string_211" HPOS="450" VPOS="1371" WIDTH="39" HEIGHT="29" WC="0.96" CONTENT="33"/><SP WIDTH="15" VPOS="1371" HPOS="489"/>
							<String ID="string_212" HPOS="504" VPOS="1370" WIDTH="64" HEIGHT="30" WC="0.96" CONTENT="400"/><SP WIDTH="16" VPOS="1370" HPOS="568"/>
							<String ID="string_213" HPOS="584" VPOS="1372" WIDTH="129" HEIGHT="28" WC="0.96" CONTENT="kronor"/><SP WIDTH="16" VPOS="1372" HPOS="713"/>
							<String ID="string_214" HPOS="729" VPOS="1371" WIDTH="64" HEIGHT="29" WC="0.96" CONTENT="och"/><SP WIDTH="15" VPOS="1371" HPOS="793"/>
							<String ID="string_215" HPOS="808" VPOS="1370" WIDTH="212" HEIGHT="30" WC="0.96" CONTENT="bestämmas"/><SP WIDTH="16" VPOS="1370" HPOS="1020"/>
							<String ID="string_216" HPOS="1036" VPOS="1370" WIDTH="53" HEIGHT="30" WC="0.96" CONTENT="till"/><SP WIDTH="22" VPOS="1370" HPOS="1089"/>
							<String ID="string_217" HPOS="1111" VPOS="1369" WIDTH="57" HEIGHT="34" WC="0.96" CONTENT="(49"/><SP WIDTH="14" VPOS="1369" HPOS="1168"/>
							<String ID="string_218" HPOS="1182" VPOS="1369" WIDTH="62" HEIGHT="30" WC="0.96" CONTENT="500"/><SP WIDTH="16" VPOS="1369" HPOS="1244"/>
							<String ID="string_219" HPOS="1260" VPOS="1373" WIDTH="29" HEIGHT="28" WC="0.91" CONTENT="+"/><SP WIDTH="15" VPOS="1373" HPOS="1289"/>
							<String ID="string_220" HPOS="1304" VPOS="1369" WIDTH="41" HEIGHT="29" WC="0.91" CONTENT="33"/><SP WIDTH="15" VPOS="1369" HPOS="1345"/>
							<String ID="string_221" HPOS="1360" VPOS="1368" WIDTH="79" HEIGHT="34" WC="0.96" CONTENT="400)"/><SP WIDTH="22" VPOS="1368" HPOS="1439"/>
							<String ID="string_222" HPOS="1461" VPOS="1369" WIDTH="40" HEIGHT="29" WC="0.90" CONTENT="82"/><SP WIDTH="16" VPOS="1369" HPOS="1501"/>
							<String ID="string_223" HPOS="1517" VPOS="1369" WIDTH="63" HEIGHT="29" WC="0.96" CONTENT="900"/><SP WIDTH="15" VPOS="1369" HPOS="1580"/>
							<String ID="string_224" HPOS="1595" VPOS="1369" WIDTH="141" HEIGHT="29" WC="0.96" CONTENT="kronor."/>
						</TextLine>
					</TextBlock>
				</ComposedBlock>
				<ComposedBlock ID="cblock_2" HPOS="248" VPOS="1479" WIDTH="1490" HEIGHT="255">
					<TextBlock ID="block_4" HPOS="248" VPOS="1479" WIDTH="1490" HEIGHT="255">
						<TextLine ID="line_23" HPOS="292" VPOS="1479" WIDTH="1446" HEIGHT="43">
							<String ID="string_225" HPOS="292" VPOS="1483" WIDTH="12" HEIGHT="28" WC="0.96" CONTENT="I"/><SP WIDTH="27" VPOS="1483" HPOS="304"/>
							<String ID="string_226" HPOS="331" VPOS="1483" WIDTH="41" HEIGHT="29" WC="0.96" CONTENT="de"/><SP WIDTH="26" VPOS="1483" HPOS="372"/>
							<String ID="string_227" HPOS="398" VPOS="1483" WIDTH="110" HEIGHT="29" WC="0.96" CONTENT="under"/><SP WIDTH="24" VPOS="1483" HPOS="508"/>
							<String ID="string_228" HPOS="532" VPOS="1483" WIDTH="159" HEIGHT="39" WC="0.96" CONTENT="punkten"/><SP WIDTH="25" VPOS="1483" HPOS="691"/>
							<String ID="string_229" HPOS="716" VPOS="1482" WIDTH="18" HEIGHT="29" WC="0.96" CONTENT="2"/><SP WIDTH="25" VPOS="1482" HPOS="734"/>
							<String ID="string_230" HPOS="759" VPOS="1482" WIDTH="156" HEIGHT="29" WC="0.96" CONTENT="nämnda"/><SP WIDTH="25" VPOS="1482" HPOS="915"/>
							<String ID="string_231" HPOS="940" VPOS="1481" WIDTH="223" HEIGHT="39" WC="0.96" CONTENT="likalydande"/><SP WIDTH="25" VPOS="1481" HPOS="1163"/>
							<String ID="string_232" HPOS="1188" VPOS="1480" WIDTH="220" HEIGHT="30" WC="0.96" CONTENT="motionerna"/><SP WIDTH="25" VPOS="1480" HPOS="1408"/>
							<String ID="string_233" HPOS="1433" VPOS="1480" WIDTH="28" HEIGHT="30" WC="0.64" CONTENT="I:"/><SP WIDTH="17" VPOS="1480" HPOS="1461"/>
							<String ID="string_234" HPOS="1478" VPOS="1480" WIDTH="63" HEIGHT="30" WC="0.64" CONTENT="267"/><SP WIDTH="33" VPOS="1480" HPOS="1541"/>
							<String ID="string_235" HPOS="1574" VPOS="1480" WIDTH="59" HEIGHT="33" WC="0.96" CONTENT="(av"/><SP WIDTH="24" VPOS="1480" HPOS="1633"/>
							<String ID="string_236" HPOS="1657" VPOS="1479" WIDTH="81" HEIGHT="30" WC="0.95" CONTENT="herr"/>
						</TextLine>
						<TextLine ID="line_24" HPOS="248" VPOS="1532" WIDTH="1490" HEIGHT="41">
							<String ID="string_237" HPOS="248" VPOS="1535" WIDTH="187" HEIGHT="34" WC="0.96" CONTENT="Sundelin)"/><SP WIDTH="27" VPOS="1535" HPOS="435"/>
							<String ID="string_238" HPOS="462" VPOS="1535" WIDTH="63" HEIGHT="30" WC="0.96" CONTENT="och"/><SP WIDTH="23" VPOS="1535" HPOS="525"/>
							<String ID="string_239" HPOS="548" VPOS="1536" WIDTH="46" HEIGHT="29" WC="0.66" CONTENT="II:"/><SP WIDTH="18" VPOS="1536" HPOS="594"/>
							<String ID="string_240" HPOS="612" VPOS="1535" WIDTH="61" HEIGHT="30" WC="0.92" CONTENT="329"/><SP WIDTH="29" VPOS="1535" HPOS="673"/>
							<String ID="string_241" HPOS="702" VPOS="1535" WIDTH="58" HEIGHT="33" WC="0.96" CONTENT="(av"/><SP WIDTH="19" VPOS="1535" HPOS="760"/>
							<String ID="string_242" HPOS="779" VPOS="1535" WIDTH="81" HEIGHT="29" WC="0.96" CONTENT="herr"/><SP WIDTH="21" VPOS="1535" HPOS="860"/>
							<String ID="string_243" HPOS="881" VPOS="1534" WIDTH="99" HEIGHT="30" WC="0.93" CONTENT="Ståhl"/><SP WIDTH="19" VPOS="1534" HPOS="980"/>
							<String ID="string_244" HPOS="999" VPOS="1544" WIDTH="47" HEIGHT="20" WC="0.92" CONTENT="m."/><SP WIDTH="22" VPOS="1544" HPOS="1046"/>
							<String ID="string_245" HPOS="1068" VPOS="1534" WIDTH="56" HEIGHT="39" WC="0.96" CONTENT="fl.)"/><SP WIDTH="27" VPOS="1534" HPOS="1124"/>
							<String ID="string_246" HPOS="1151" VPOS="1534" WIDTH="63" HEIGHT="30" WC="0.93" CONTENT="har"/><SP WIDTH="22" VPOS="1534" HPOS="1214"/>
							<String ID="string_247" HPOS="1236" VPOS="1534" WIDTH="208" HEIGHT="34" WC="0.91" CONTENT="hemställts,"/><SP WIDTH="25" VPOS="1534" HPOS="1444"/>
							<String ID="string_248" HPOS="1469" VPOS="1533" WIDTH="105" HEIGHT="30" WC="0.96" CONTENT="såvitt"/><SP WIDTH="23" VPOS="1533" HPOS="1574"/>
							<String ID="string_249" HPOS="1597" VPOS="1542" WIDTH="47" HEIGHT="20" WC="0.96" CONTENT="nu"/><SP WIDTH="23" VPOS="1542" HPOS="1644"/>
							<String ID="string_250" HPOS="1667" VPOS="1534" WIDTH="38" HEIGHT="28" WC="0.96" CONTENT="är"/><SP WIDTH="21" VPOS="1534" HPOS="1705"/>
							<String ID="string_251" HPOS="1726" VPOS="1532" WIDTH="12" HEIGHT="29" WC="0.96" CONTENT="i"/>
						</TextLine>
						<TextLine ID="line_25" HPOS="248" VPOS="1586" WIDTH="1490" HEIGHT="42">
							<String ID="string_252" HPOS="248" VPOS="1589" WIDTH="111" HEIGHT="39" WC="0.96" CONTENT="fråga,"/><SP WIDTH="23" VPOS="1589" HPOS="359"/>
							<String ID="string_253" HPOS="382" VPOS="1590" WIDTH="50" HEIGHT="28" WC="0.96" CONTENT="att"/><SP WIDTH="20" VPOS="1590" HPOS="432"/>
							<String ID="string_254" HPOS="452" VPOS="1588" WIDTH="189" HEIGHT="40" WC="0.96" CONTENT="riksdagen"/><SP WIDTH="20" VPOS="1588" HPOS="641"/>
							<String ID="string_255" HPOS="661" VPOS="1588" WIDTH="56" HEIGHT="30" WC="0.96" CONTENT="vid"/><SP WIDTH="22" VPOS="1588" HPOS="717"/>
							<String ID="string_256" HPOS="739" VPOS="1588" WIDTH="55" HEIGHT="29" WC="0.96" CONTENT="sin"/><SP WIDTH="20" VPOS="1588" HPOS="794"/>
							<String ID="string_257" HPOS="814" VPOS="1587" WIDTH="212" HEIGHT="40" WC="0.96" CONTENT="behandling"/><SP WIDTH="22" VPOS="1587" HPOS="1026"/>
							<String ID="string_258" HPOS="1048" VPOS="1597" WIDTH="42" HEIGHT="20" WC="0.96" CONTENT="av"/><SP WIDTH="21" VPOS="1597" HPOS="1090"/>
							<String ID="string_259" HPOS="1111" VPOS="1587" WIDTH="125" HEIGHT="39" WC="0.94" CONTENT="Kungl."/><SP WIDTH="23" VPOS="1587" HPOS="1236"/>
							<String ID="string_260" HPOS="1259" VPOS="1587" WIDTH="125" HEIGHT="39" WC="0.95" CONTENT="Maj:ts"/><SP WIDTH="21" VPOS="1587" HPOS="1384"/>
							<String ID="string_261" HPOS="1405" VPOS="1586" WIDTH="219" HEIGHT="40" WC="0.96" CONTENT="proposition"/><SP WIDTH="21" VPOS="1586" HPOS="1624"/>
							<String ID="string_262" HPOS="1645" VPOS="1595" WIDTH="41" HEIGHT="20" WC="0.95" CONTENT="nr"/><SP WIDTH="24" VPOS="1595" HPOS="1686"/>
							<String ID="string_263" HPOS="1710" VPOS="1586" WIDTH="28" HEIGHT="33" WC="0.93" CONTENT="1,"/>
						</TextLine>
						<TextLine ID="line_26" HPOS="248" VPOS="1639" WIDTH="1490" HEIGHT="42">
							<String ID="string_264" HPOS="248" VPOS="1642" WIDTH="58" HEIGHT="29" WC="0.94" CONTENT="bil."/><SP WIDTH="29" VPOS="1642" HPOS="306"/>
							<String ID="string_265" HPOS="335" VPOS="1642" WIDTH="50" HEIGHT="34" WC="0.96" CONTENT="13,"/><SP WIDTH="25" VPOS="1642" HPOS="385"/>
							<String ID="string_266" HPOS="410" VPOS="1642" WIDTH="109" HEIGHT="29" WC="0.96" CONTENT="under"/><SP WIDTH="25" VPOS="1642" HPOS="519"/>
							<String ID="string_267" HPOS="544" VPOS="1642" WIDTH="228" HEIGHT="30" WC="0.96" CONTENT="förevarande"/><SP WIDTH="25" VPOS="1642" HPOS="772"/>
							<String ID="string_268" HPOS="797" VPOS="1642" WIDTH="114" HEIGHT="39" WC="0.96" CONTENT="punkt"/><SP WIDTH="24" VPOS="1642" HPOS="911"/>
							<String ID="string_269" HPOS="935" VPOS="1642" WIDTH="54" HEIGHT="29" WC="0.96" CONTENT="för"/><SP WIDTH="23" VPOS="1642" HPOS="989"/>
							<String ID="string_270" HPOS="1012" VPOS="1641" WIDTH="205" HEIGHT="39" WC="0.93" CONTENT="budgetåret"/><SP WIDTH="27" VPOS="1641" HPOS="1217"/>
							<String ID="string_271" HPOS="1244" VPOS="1640" WIDTH="142" HEIGHT="37" WC="0.92" CONTENT="1959/60"/><SP WIDTH="24" VPOS="1640" HPOS="1386"/>
							<String ID="string_272" HPOS="1410" VPOS="1640" WIDTH="108" HEIGHT="30" WC="0.96" CONTENT="måtte"/><SP WIDTH="26" VPOS="1640" HPOS="1518"/>
							<String ID="string_273" HPOS="1544" VPOS="1639" WIDTH="121" HEIGHT="31" WC="0.96" CONTENT="anvisa"/><SP WIDTH="24" VPOS="1639" HPOS="1665"/>
							<String ID="string_274" HPOS="1689" VPOS="1640" WIDTH="49" HEIGHT="29" WC="0.96" CONTENT="ett"/>
						</TextLine>
						<TextLine ID="line_27" HPOS="249" VPOS="1694" WIDTH="631" HEIGHT="40">
							<String ID="string_275" HPOS="249" VPOS="1695" WIDTH="274" HEIGHT="39" WC="0.91" CONTENT="förslagsanslag"/><SP WIDTH="19" VPOS="1695" HPOS="523"/>
							<String ID="string_276" HPOS="542" VPOS="1703" WIDTH="43" HEIGHT="21" WC="0.96" CONTENT="av"/><SP WIDTH="20" VPOS="1703" HPOS="585"/>
							<String ID="string_277" HPOS="605" VPOS="1694" WIDTH="40" HEIGHT="30" WC="0.95" CONTENT="74"/><SP WIDTH="14" VPOS="1694" HPOS="645"/>
							<String ID="string_278" HPOS="659" VPOS="1694" WIDTH="60" HEIGHT="30" WC="0.95" CONTENT="600"/><SP WIDTH="19" VPOS="1694" HPOS="719"/>
							<String ID="string_279" HPOS="738" VPOS="1695" WIDTH="142" HEIGHT="29" WC="0.96" CONTENT="kronor."/>
						</TextLine>
					</TextBlock>
				</ComposedBlock>
				<ComposedBlock ID="cblock_3" HPOS="251" VPOS="1808" WIDTH="1490" HEIGHT="412">
					<TextBlock ID="block_5" HPOS="251" VPOS="1808" WIDTH="1490" HEIGHT="412">
						<TextLine ID="line_28" HPOS="296" VPOS="1808" WIDTH="1445" HEIGHT="40">
							<String ID="string_280" HPOS="296" VPOS="1809" WIDTH="185" HEIGHT="30" WC="0.96" CONTENT="Utskottet."/><SP WIDTH="24" VPOS="1809" HPOS="481"/>
							<String ID="string_281" HPOS="505" VPOS="1810" WIDTH="52" HEIGHT="30" WC="0.96" CONTENT="Av"/><SP WIDTH="25" VPOS="1810" HPOS="557"/>
							<String ID="string_282" HPOS="582" VPOS="1810" WIDTH="75" HEIGHT="29" WC="0.96" CONTENT="skäl"/><SP WIDTH="26" VPOS="1810" HPOS="657"/>
							<String ID="string_283" HPOS="683" VPOS="1818" WIDTH="74" HEIGHT="21" WC="0.96" CONTENT="som"/><SP WIDTH="23" VPOS="1818" HPOS="757"/>
							<String ID="string_284" HPOS="780" VPOS="1810" WIDTH="171" HEIGHT="29" WC="0.96" CONTENT="utskottet"/><SP WIDTH="23" VPOS="1810" HPOS="951"/>
							<String ID="string_285" HPOS="974" VPOS="1809" WIDTH="120" HEIGHT="30" WC="0.96" CONTENT="anfört"/><SP WIDTH="23" VPOS="1809" HPOS="1094"/>
							<String ID="string_286" HPOS="1117" VPOS="1810" WIDTH="109" HEIGHT="29" WC="0.96" CONTENT="under"/><SP WIDTH="25" VPOS="1810" HPOS="1226"/>
							<String ID="string_287" HPOS="1251" VPOS="1809" WIDTH="161" HEIGHT="39" WC="0.96" CONTENT="punkten"/><SP WIDTH="23" VPOS="1809" HPOS="1412"/>
							<String ID="string_288" HPOS="1435" VPOS="1808" WIDTH="18" HEIGHT="30" WC="0.95" CONTENT="2"/><SP WIDTH="26" VPOS="1808" HPOS="1453"/>
							<String ID="string_289" HPOS="1479" VPOS="1808" WIDTH="183" HEIGHT="39" WC="0.93" CONTENT="avstyrker"/><SP WIDTH="24" VPOS="1808" HPOS="1662"/>
							<String ID="string_290" HPOS="1686" VPOS="1808" WIDTH="55" HEIGHT="28" WC="0.92" CONTENT="ut-"/>
						</TextLine>
						<TextLine ID="line_29" HPOS="251" VPOS="1861" WIDTH="1267" HEIGHT="40">
							<String ID="string_291" HPOS="251" VPOS="1864" WIDTH="131" HEIGHT="29" WC="0.96" CONTENT="skottet"/><SP WIDTH="17" VPOS="1864" HPOS="382"/>
							<String ID="string_292" HPOS="399" VPOS="1863" WIDTH="229" HEIGHT="30" WC="0.96" CONTENT="förevarande"/><SP WIDTH="16" VPOS="1863" HPOS="628"/>
							<String ID="string_293" HPOS="644" VPOS="1862" WIDTH="181" HEIGHT="34" WC="0.96" CONTENT="motioner,"/><SP WIDTH="17" VPOS="1862" HPOS="825"/>
							<String ID="string_294" HPOS="842" VPOS="1862" WIDTH="130" HEIGHT="39" WC="0.95" CONTENT="jämväl"/><SP WIDTH="19" VPOS="1862" HPOS="972"/>
							<String ID="string_295" HPOS="991" VPOS="1863" WIDTH="9" HEIGHT="28" WC="0.95" CONTENT="i"/><SP WIDTH="17" VPOS="1863" HPOS="1000"/>
							<String ID="string_296" HPOS="1017" VPOS="1863" WIDTH="67" HEIGHT="29" WC="0.96" CONTENT="vad"/><SP WIDTH="18" VPOS="1863" HPOS="1084"/>
							<String ID="string_297" HPOS="1102" VPOS="1863" WIDTH="41" HEIGHT="29" WC="0.96" CONTENT="de"/><SP WIDTH="17" VPOS="1863" HPOS="1143"/>
							<String ID="string_298" HPOS="1160" VPOS="1871" WIDTH="97" HEIGHT="20" WC="0.96" CONTENT="avser"/><SP WIDTH="18" VPOS="1871" HPOS="1257"/>
							<String ID="string_299" HPOS="1275" VPOS="1862" WIDTH="95" HEIGHT="29" WC="0.96" CONTENT="detta"/><SP WIDTH="17" VPOS="1862" HPOS="1370"/>
							<String ID="string_300" HPOS="1387" VPOS="1861" WIDTH="131" HEIGHT="39" WC="0.95" CONTENT="anslag."/>
						</TextLine>
						<TextLine ID="line_30" HPOS="294" VPOS="1914" WIDTH="1293" HEIGHT="41">
							<String ID="string_301" HPOS="294" VPOS="1916" WIDTH="79" HEIGHT="29" WC="0.92" CONTENT="Med"/><SP WIDTH="23" VPOS="1916" HPOS="373"/>
							<String ID="string_302" HPOS="396" VPOS="1916" WIDTH="245" HEIGHT="38" WC="0.91" CONTENT="tillstyrkande"/><SP WIDTH="24" VPOS="1916" HPOS="641"/>
							<String ID="string_303" HPOS="665" VPOS="1925" WIDTH="40" HEIGHT="20" WC="0.96" CONTENT="av"/><SP WIDTH="23" VPOS="1925" HPOS="705"/>
							<String ID="string_304" HPOS="728" VPOS="1916" WIDTH="126" HEIGHT="39" WC="0.95" CONTENT="Kungl."/><SP WIDTH="24" VPOS="1916" HPOS="854"/>
							<String ID="string_305" HPOS="878" VPOS="1915" WIDTH="123" HEIGHT="39" WC="0.96" CONTENT="Maj:ts"/><SP WIDTH="23" VPOS="1915" HPOS="1001"/>
							<String ID="string_306" HPOS="1024" VPOS="1915" WIDTH="133" HEIGHT="39" WC="0.96" CONTENT="förslag"/><SP WIDTH="21" VPOS="1915" HPOS="1157"/>
							<String ID="string_307" HPOS="1178" VPOS="1915" WIDTH="203" HEIGHT="29" WC="0.96" CONTENT="hemställer"/><SP WIDTH="25" VPOS="1915" HPOS="1381"/>
							<String ID="string_308" HPOS="1406" VPOS="1914" WIDTH="181" HEIGHT="34" WC="0.96" CONTENT="utskottet,"/>
						</TextLine>
						<TextLine ID="line_31" HPOS="607" VPOS="1967" WIDTH="1133" HEIGHT="41">
							<String ID="string_309" HPOS="607" VPOS="1971" WIDTH="50" HEIGHT="27" WC="0.96" CONTENT="att"/><SP WIDTH="13" VPOS="1971" HPOS="657"/>
							<String ID="string_310" HPOS="670" VPOS="1969" WIDTH="187" HEIGHT="39" WC="0.96" CONTENT="riksdagen"/><SP WIDTH="16" VPOS="1969" HPOS="857"/>
							<String ID="string_311" HPOS="873" VPOS="1969" WIDTH="57" HEIGHT="29" WC="0.96" CONTENT="må"/><SP WIDTH="14" VPOS="1969" HPOS="930"/>
							<String ID="string_312" HPOS="944" VPOS="1969" WIDTH="79" HEIGHT="29" WC="0.96" CONTENT="med"/><SP WIDTH="14" VPOS="1969" HPOS="1023"/>
							<String ID="string_313" HPOS="1037" VPOS="1968" WIDTH="99" HEIGHT="30" WC="0.95" CONTENT="bifall"/><SP WIDTH="17" VPOS="1968" HPOS="1136"/>
							<String ID="string_314" HPOS="1153" VPOS="1968" WIDTH="51" HEIGHT="29" WC="0.96" CONTENT="till"/><SP WIDTH="15" VPOS="1968" HPOS="1204"/>
							<String ID="string_315" HPOS="1219" VPOS="1967" WIDTH="127" HEIGHT="39" WC="0.95" CONTENT="Kungl."/><SP WIDTH="16" VPOS="1967" HPOS="1346"/>
							<String ID="string_316" HPOS="1362" VPOS="1967" WIDTH="123" HEIGHT="39" WC="0.95" CONTENT="Maj:ts"/><SP WIDTH="16" VPOS="1967" HPOS="1485"/>
							<String ID="string_317" HPOS="1501" VPOS="1967" WIDTH="133" HEIGHT="39" WC="0.96" CONTENT="förslag"/><SP WIDTH="16" VPOS="1967" HPOS="1634"/>
							<String ID="string_318" HPOS="1650" VPOS="1967" WIDTH="90" HEIGHT="28" WC="0.96" CONTENT="samt"/>
						</TextLine>
						<TextLine ID="line_32" HPOS="561" VPOS="2019" WIDTH="1179" HEIGHT="42">
							<String ID="string_319" HPOS="561" VPOS="2023" WIDTH="80" HEIGHT="29" WC="0.96" CONTENT="med"/><SP WIDTH="19" VPOS="2023" HPOS="641"/>
							<String ID="string_320" HPOS="660" VPOS="2022" WIDTH="117" HEIGHT="39" WC="0.91" CONTENT="avslag"/><SP WIDTH="21" VPOS="2022" HPOS="777"/>
							<String ID="string_321" HPOS="798" VPOS="2022" WIDTH="20" HEIGHT="30" WC="0.91" CONTENT="å"/><SP WIDTH="22" VPOS="2022" HPOS="818"/>
							<String ID="string_322" HPOS="840" VPOS="2021" WIDTH="220" HEIGHT="30" WC="0.96" CONTENT="motionerna"/><SP WIDTH="22" VPOS="2021" HPOS="1060"/>
							<String ID="string_323" HPOS="1082" VPOS="2021" WIDTH="28" HEIGHT="29" WC="0.93" CONTENT="I:"/><SP WIDTH="18" VPOS="2021" HPOS="1110"/>
							<String ID="string_324" HPOS="1128" VPOS="2021" WIDTH="60" HEIGHT="29" WC="0.93" CONTENT="267"/><SP WIDTH="24" VPOS="2021" HPOS="1188"/>
							<String ID="string_325" HPOS="1212" VPOS="2021" WIDTH="65" HEIGHT="29" WC="0.96" CONTENT="och"/><SP WIDTH="22" VPOS="2021" HPOS="1277"/>
							<String ID="string_326" HPOS="1299" VPOS="2021" WIDTH="46" HEIGHT="29" WC="0.84" CONTENT="II:"/><SP WIDTH="17" VPOS="2021" HPOS="1345"/>
							<String ID="string_327" HPOS="1362" VPOS="2020" WIDTH="72" HEIGHT="34" WC="0.84" CONTENT="329,"/><SP WIDTH="23" VPOS="2020" HPOS="1434"/>
							<String ID="string_328" HPOS="1457" VPOS="2020" WIDTH="11" HEIGHT="29" WC="0.96" CONTENT="i"/><SP WIDTH="20" VPOS="2020" HPOS="1468"/>
							<String ID="string_329" HPOS="1488" VPOS="2021" WIDTH="68" HEIGHT="29" WC="0.96" CONTENT="vad"/><SP WIDTH="21" VPOS="2021" HPOS="1556"/>
							<String ID="string_330" HPOS="1577" VPOS="2019" WIDTH="41" HEIGHT="30" WC="0.96" CONTENT="de"/><SP WIDTH="21" VPOS="2019" HPOS="1618"/>
							<String ID="string_331" HPOS="1639" VPOS="2020" WIDTH="101" HEIGHT="28" WC="0.96" CONTENT="berör"/>
						</TextLine>
						<TextLine ID="line_33" HPOS="560" VPOS="2071" WIDTH="1181" HEIGHT="43">
							<String ID="string_332" HPOS="560" VPOS="2075" WIDTH="228" HEIGHT="30" WC="0.96" CONTENT="förevarande"/><SP WIDTH="21" VPOS="2075" HPOS="788"/>
							<String ID="string_333" HPOS="809" VPOS="2075" WIDTH="130" HEIGHT="39" WC="0.96" CONTENT="anslag,"/><SP WIDTH="21" VPOS="2075" HPOS="939"/>
							<String ID="string_334" HPOS="960" VPOS="2075" WIDTH="52" HEIGHT="29" WC="0.93" CONTENT="till"/><SP WIDTH="19" VPOS="2075" HPOS="1012"/>
							<String ID="string_335" HPOS="1031" VPOS="2073" WIDTH="379" HEIGHT="39" WC="0.90" CONTENT="Medicinalstyrelsens"/><SP WIDTH="19" VPOS="2073" HPOS="1410"/>
							<String ID="string_336" HPOS="1429" VPOS="2071" WIDTH="312" HEIGHT="41" WC="0.91" CONTENT="sjukvårdsbered-"/>
						</TextLine>
						<TextLine ID="line_34" HPOS="560" VPOS="2126" WIDTH="1179" HEIGHT="41">
							<String ID="string_337" HPOS="560" VPOS="2128" WIDTH="258" HEIGHT="39" WC="0.92" CONTENT="skapsnämnd:"/><SP WIDTH="17" VPOS="2128" HPOS="818"/>
							<String ID="string_338" HPOS="835" VPOS="2128" WIDTH="260" HEIGHT="30" WC="0.91" CONTENT="Omkostnader"/><SP WIDTH="14" VPOS="2128" HPOS="1095"/>
							<String ID="string_339" HPOS="1109" VPOS="2127" WIDTH="54" HEIGHT="30" WC="0.96" CONTENT="för"/><SP WIDTH="13" VPOS="2127" HPOS="1163"/>
							<String ID="string_340" HPOS="1176" VPOS="2127" WIDTH="205" HEIGHT="39" WC="0.93" CONTENT="budgetåret"/><SP WIDTH="18" VPOS="2127" HPOS="1381"/>
							<String ID="string_341" HPOS="1399" VPOS="2126" WIDTH="140" HEIGHT="33" WC="0.91" CONTENT="1959/60"/><SP WIDTH="17" VPOS="2126" HPOS="1539"/>
							<String ID="string_342" HPOS="1556" VPOS="2126" WIDTH="120" HEIGHT="30" WC="0.96" CONTENT="anvisa"/><SP WIDTH="15" VPOS="2126" HPOS="1676"/>
							<String ID="string_343" HPOS="1691" VPOS="2126" WIDTH="48" HEIGHT="28" WC="0.96" CONTENT="ett"/>
						</TextLine>
						<TextLine ID="line_35" HPOS="560" VPOS="2181" WIDTH="634" HEIGHT="39">
							<String ID="string_344" HPOS="560" VPOS="2181" WIDTH="275" HEIGHT="39" WC="0.91" CONTENT="förslagsanslag"/><SP WIDTH="20" VPOS="2181" HPOS="835"/>
							<String ID="string_345" HPOS="855" VPOS="2190" WIDTH="41" HEIGHT="21" WC="0.96" CONTENT="av"/><SP WIDTH="19" VPOS="2190" HPOS="896"/>
							<String ID="string_346" HPOS="915" VPOS="2181" WIDTH="40" HEIGHT="29" WC="0.96" CONTENT="82"/><SP WIDTH="15" VPOS="2181" HPOS="955"/>
							<String ID="string_347" HPOS="970" VPOS="2181" WIDTH="63" HEIGHT="29" WC="0.96" CONTENT="900"/><SP WIDTH="21" VPOS="2181" HPOS="1033"/>
							<String ID="string_348" HPOS="1054" VPOS="2181" WIDTH="140" HEIGHT="29" WC="0.96" CONTENT="kronor."/>
						</TextLine>
					</TextBlock>
				</ComposedBlock>
				<ComposedBlock ID="cblock_4" HPOS="251" VPOS="2338" WIDTH="1491" HEIGHT="201">
					<TextBlock ID="block_6" HPOS="251" VPOS="2338" WIDTH="1491" HEIGHT="201">
						<TextLine ID="line_36" HPOS="297" VPOS="2338" WIDTH="1445" HEIGHT="39">
							<String ID="string_349" HPOS="297" VPOS="2342" WIDTH="77" HEIGHT="33" WC="0.79" CONTENT="8:0)"/><SP WIDTH="30" VPOS="2342" HPOS="374"/>
							<String ID="string_350" HPOS="404" VPOS="2341" WIDTH="191" HEIGHT="35" WC="0.96" CONTENT="Förvaring"/><SP WIDTH="21" VPOS="2341" HPOS="595"/>
							<String ID="string_351" HPOS="616" VPOS="2341" WIDTH="62" HEIGHT="29" WC="0.96" CONTENT="och"/><SP WIDTH="22" VPOS="2341" HPOS="678"/>
							<String ID="string_352" HPOS="700" VPOS="2341" WIDTH="182" HEIGHT="29" WC="0.96" CONTENT="underhåll"/><SP WIDTH="21" VPOS="2341" HPOS="882"/>
							<String ID="string_353" HPOS="903" VPOS="2350" WIDTH="41" HEIGHT="19" WC="0.96" CONTENT="av"/><SP WIDTH="20" VPOS="2350" HPOS="944"/>
							<String ID="string_354" HPOS="964" VPOS="2340" WIDTH="72" HEIGHT="29" WC="0.93" CONTENT="viss"/><SP WIDTH="21" VPOS="2340" HPOS="1036"/>
							<String ID="string_355" HPOS="1057" VPOS="2339" WIDTH="344" HEIGHT="35" WC="0.91" CONTENT="sjukvårdsmateriel"/><SP WIDTH="22" VPOS="2339" HPOS="1401"/>
							<String ID="string_356" HPOS="1423" VPOS="2349" WIDTH="43" HEIGHT="19" WC="0.91" CONTENT="m."/><SP WIDTH="22" VPOS="2349" HPOS="1466"/>
							<String ID="string_357" HPOS="1488" VPOS="2349" WIDTH="44" HEIGHT="19" WC="0.92" CONTENT="m."/><SP WIDTH="22" VPOS="2349" HPOS="1532"/>
							<String ID="string_358" HPOS="1554" VPOS="2339" WIDTH="14" HEIGHT="29" WC="0.95" CONTENT="I"/><SP WIDTH="22" VPOS="2339" HPOS="1568"/>
							<String ID="string_359" HPOS="1590" VPOS="2338" WIDTH="152" HEIGHT="39" WC="0.96" CONTENT="enlighet"/>
						</TextLine>
						<TextLine ID="line_37" HPOS="251" VPOS="2391" WIDTH="1490" HEIGHT="42">
							<String ID="string_360" HPOS="251" VPOS="2395" WIDTH="80" HEIGHT="29" WC="0.96" CONTENT="med"/><SP WIDTH="23" VPOS="2395" HPOS="331"/>
							<String ID="string_361" HPOS="354" VPOS="2394" WIDTH="125" HEIGHT="39" WC="0.95" CONTENT="Kungl."/><SP WIDTH="23" VPOS="2394" HPOS="479"/>
							<String ID="string_362" HPOS="502" VPOS="2393" WIDTH="126" HEIGHT="39" WC="0.96" CONTENT="Maj:ts"/><SP WIDTH="22" VPOS="2393" HPOS="628"/>
							<String ID="string_363" HPOS="650" VPOS="2393" WIDTH="131" HEIGHT="39" WC="0.96" CONTENT="förslag"/><SP WIDTH="25" VPOS="2393" HPOS="781"/>
							<String ID="string_364" HPOS="806" VPOS="2393" WIDTH="130" HEIGHT="39" WC="0.96" CONTENT="(punkt"/><SP WIDTH="22" VPOS="2393" HPOS="936"/>
							<String ID="string_365" HPOS="958" VPOS="2394" WIDTH="28" HEIGHT="33" WC="0.93" CONTENT="8,"/><SP WIDTH="26" VPOS="2394" HPOS="986"/>
							<String ID="string_366" HPOS="1012" VPOS="2402" WIDTH="25" HEIGHT="20" WC="0.92" CONTENT="s."/><SP WIDTH="24" VPOS="2402" HPOS="1037"/>
							<String ID="string_367" HPOS="1061" VPOS="2392" WIDTH="161" HEIGHT="35" WC="0.88" CONTENT="30—33),"/><SP WIDTH="23" VPOS="2392" HPOS="1222"/>
							<String ID="string_368" HPOS="1245" VPOS="2392" WIDTH="108" HEIGHT="30" WC="0.96" CONTENT="vilket"/><SP WIDTH="22" VPOS="2392" HPOS="1353"/>
							<String ID="string_369" HPOS="1375" VPOS="2392" WIDTH="146" HEIGHT="30" WC="0.96" CONTENT="innebär"/><SP WIDTH="22" VPOS="2392" HPOS="1521"/>
							<String ID="string_370" HPOS="1543" VPOS="2401" WIDTH="43" HEIGHT="20" WC="0.96" CONTENT="en"/><SP WIDTH="24" VPOS="2401" HPOS="1586"/>
							<String ID="string_371" HPOS="1610" VPOS="2391" WIDTH="131" HEIGHT="38" WC="0.96" CONTENT="ökning"/>
						</TextLine>
						<TextLine ID="line_38" HPOS="251" VPOS="2444" WIDTH="1490" HEIGHT="42">
							<String ID="string_372" HPOS="251" VPOS="2457" WIDTH="42" HEIGHT="21" WC="0.93" CONTENT="av"/><SP WIDTH="20" VPOS="2457" HPOS="293"/>
							<String ID="string_373" HPOS="313" VPOS="2447" WIDTH="365" HEIGHT="39" WC="0.91" CONTENT="medelsanvisningen"/><SP WIDTH="20" VPOS="2447" HPOS="678"/>
							<String ID="string_374" HPOS="698" VPOS="2447" WIDTH="79" HEIGHT="29" WC="0.95" CONTENT="med"/><SP WIDTH="21" VPOS="2447" HPOS="777"/>
							<String ID="string_375" HPOS="798" VPOS="2447" WIDTH="42" HEIGHT="29" WC="0.95" CONTENT="86"/><SP WIDTH="15" VPOS="2447" HPOS="840"/>
							<String ID="string_376" HPOS="855" VPOS="2446" WIDTH="61" HEIGHT="30" WC="0.96" CONTENT="000"/><SP WIDTH="22" VPOS="2446" HPOS="916"/>
							<String ID="string_377" HPOS="938" VPOS="2447" WIDTH="131" HEIGHT="29" WC="0.96" CONTENT="kronor"/><SP WIDTH="22" VPOS="2447" HPOS="1069"/>
							<String ID="string_378" HPOS="1091" VPOS="2446" WIDTH="125" HEIGHT="29" WC="0.96" CONTENT="främst"/><SP WIDTH="21" VPOS="2446" HPOS="1216"/>
							<String ID="string_379" HPOS="1237" VPOS="2446" WIDTH="45" HEIGHT="39" WC="0.96" CONTENT="på"/><SP WIDTH="22" VPOS="2446" HPOS="1282"/>
							<String ID="string_380" HPOS="1304" VPOS="2446" WIDTH="112" HEIGHT="38" WC="0.96" CONTENT="grund"/><SP WIDTH="21" VPOS="2446" HPOS="1416"/>
							<String ID="string_381" HPOS="1437" VPOS="2455" WIDTH="41" HEIGHT="20" WC="0.96" CONTENT="av"/><SP WIDTH="21" VPOS="2455" HPOS="1478"/>
							<String ID="string_382" HPOS="1499" VPOS="2444" WIDTH="112" HEIGHT="30" WC="0.93" CONTENT="ökade"/><SP WIDTH="23" VPOS="2444" HPOS="1611"/>
							<String ID="string_383" HPOS="1634" VPOS="2444" WIDTH="107" HEIGHT="29" WC="0.90" CONTENT="lokal-"/>
						</TextLine>
						<TextLine ID="line_39" HPOS="252" VPOS="2499" WIDTH="1181" HEIGHT="40">
							<String ID="string_384" HPOS="252" VPOS="2502" WIDTH="200" HEIGHT="37" WC="0.96" CONTENT="utrymmen"/><SP WIDTH="25" VPOS="2502" HPOS="452"/>
							<String ID="string_385" HPOS="477" VPOS="2500" WIDTH="63" HEIGHT="29" WC="0.96" CONTENT="och"/><SP WIDTH="24" VPOS="2500" HPOS="540"/>
							<String ID="string_386" HPOS="564" VPOS="2500" WIDTH="109" HEIGHT="39" WC="0.93" CONTENT="höjda"/><SP WIDTH="21" VPOS="2500" HPOS="673"/>
							<String ID="string_387" HPOS="694" VPOS="2499" WIDTH="306" HEIGHT="39" WC="0.92" CONTENT="hyreskostnader,"/><SP WIDTH="25" VPOS="2499" HPOS="1000"/>
							<String ID="string_388" HPOS="1025" VPOS="2499" WIDTH="202" HEIGHT="30" WC="0.96" CONTENT="hemställer"/><SP WIDTH="24" VPOS="2499" HPOS="1227"/>
							<String ID="string_389" HPOS="1251" VPOS="2499" WIDTH="182" HEIGHT="33" WC="0.96" CONTENT="utskottet,"/>
						</TextLine>
					</TextBlock>
				</ComposedBlock>
			</PrintSpace>
		</Page>
	</Layout>
</alto>
