2189 2671
675 155 343 33 Jordbruksutskottets
1040 157 164 32 utlåtande
1227 157 53 32 Nr
1305 160 71 31 105.
1753 162 17 31 7

617 236 174 48 tagande,
821 236 264 49 entledigande
1115 238 90 36 eller
1233 238 161 37 dödsfall
1418 239 136 49 själfva
1574 240 112 37 lönen
1705 244 112 46 utgår

616 287 56 37 till
701 288 206 37 månadens
936 290 91 45 slut;

746 346 53 32 att
826 341 12 36 i
867 341 108 49 fråga
1003 356 60 23 om
1092 343 221 49 skyldighet
1342 349 53 32 att
1423 344 84 38 från
1534 345 168 49 tjänsten
1727 347 89 49 afgå

616 393 193 37 äfvensom
829 394 12 36 i
861 394 108 49 fråga
997 408 60 23 om
1085 400 76 32 rätt
1189 395 57 37 till
1273 397 161 48 pension
1462 397 95 36 skall
1586 398 101 48 gälla
1715 399 101 37 hvad

613 446 12 35 i
654 446 160 36 särskild
855 447 65 48 lag
961 447 196 49 angående
1190 448 109 36 civila
1327 449 385 48 tjänstinnehafvares
1740 457 76 31 rätt

614 498 56 36 till
706 498 158 49 pension
893 503 41 32 är
962 499 63 37 vid
1053 499 104 38 tiden
1186 500 60 36 för
1274 500 73 37 den
1374 515 75 35 nya
1476 501 338 50 aflöningsstatens

613 549 299 38 ikraftträdande
941 551 101 48 eller,
1072 552 122 36 såvidt
1218 556 118 46 angår
1354 553 246 39 innehafvare
1619 555 41 36 af
1676 555 137 37 befatt-

613 603 107 48 ning,
760 616 81 23 som
870 603 164 37 därefter
1062 605 195 47 tillträdes,
1287 605 63 36 vid
1379 605 182 38 tillträdet
1589 606 58 38 till
1674 607 139 38 befatt-

613 654 143 50 ningen
789 655 194 49 stadgadt;
1013 661 97 32 samt

743 712 54 32 att
825 708 83 47 den,
938 721 81 24 som
1046 709 187 37 tillträder
1261 710 72 37 den
1356 724 76 37 nya
1451 716 134 43 staten,
1606 711 97 37 skall
1722 726 92 24 vara

613 759 154 50 skyldig
807 760 227 37 underkasta
1076 761 72 49 sig,
1191 762 94 36 efter
1321 763 142 50 Kungl.
1492 763 129 50 Maj:ts
1649 764 163 38 bestäm-

613 811 147 49 mande,
779 812 247 50 upphörande
1046 814 41 36 af
1102 814 88 36 eller
1209 814 222 50 minskning
1445 816 12 36 i
1473 821 105 32 extra
1593 816 219 51 inkomster,

613 877 81 24 som
722 864 128 37 kunna
879 865 131 49 åtfölja
1037 865 359 52 tjänstebefattning
1424 868 88 38 eller
1540 872 93 45 utgå
1662 869 58 37 för
1747 869 64 38 be-

613 923 80 42 styr
720 918 12 35 i
761 918 275 48 sammanhang
1064 918 171 45 därmed;

742 968 31 49 c)
815 969 204 50 medgifva,
1050 976 54 31 att
1137 971 178 37 assistent
1335 972 62 37 vid
1417 973 185 37 anstalten
1622 974 95 37 skall
1737 979 73 46 äga

612 1027 65 42 att,
707 1022 94 36 efter
829 1021 142 50 Kungl.
1001 1022 126 50 Maj:ts
1155 1023 270 49 bepröfvande,
1451 1025 60 36 för
1531 1026 221 49 åtnjutande
1771 1029 42 35 af

612 1073 400 50 arfvodesförhöjning
1051 1075 118 36 räkna
1211 1075 60 49 sig
1312 1076 55 36 till
1408 1078 100 47 godo
1542 1077 71 37 den
1636 1078 67 48 tid,
1732 1080 76 36 han

612 1125 81 37 före
735 1126 72 36 den
848 1140 75 35 nya
962 1131 142 33 statens
1132 1128 182 37 trädande
1341 1129 12 35 i
1382 1129 100 36 kraft
1509 1130 11 36 i
1550 1130 117 37 sådan
1695 1144 113 36 egen-

612 1177 92 50 skap
724 1178 83 36 haft
827 1178 291 49 stadigvarande
1138 1180 261 50 tjänstgöring
1412 1182 64 36 vid
1492 1183 200 45 anstalten;
1710 1189 98 31 samt

741 1229 36 50 d)
824 1231 90 49 höja
961 1231 62 36 det
1063 1232 119 36 under
1223 1233 263 49 anslagstiteln
1530 1234 278 49 »skogsunder-

609 1282 155 49 visning
806 1283 69 36 och
917 1283 365 50 skogshushållning
1321 1286 12 35 i
1362 1285 226 38 allmänhet»
1619 1287 189 50 uppförda

611 1334 170 49 anslaget
826 1335 56 36 till
924 1340 143 32 statens
1112 1336 421 50 skogsförsöksanstalt,
1575 1353 51 22 nu
1668 1341 138 47 29,000

609 1387 150 47 kronor,
788 1387 85 37 med
904 1389 136 46 18,100
1070 1389 139 35 kronor
1237 1389 57 36 till
1322 1391 139 46 47,100
1489 1390 151 37 kronor.

338 1489 73 37 Vid
452 1490 106 37 bifall
599 1491 126 36 härtill
753 1492 170 36 kommer
953 1493 281 49 anslagstitelns
1264 1493 224 38 slutsumma
1517 1501 53 31 att
1599 1496 92 36 ökas
1719 1497 87 37 med

209 1542 266 37 motsvarande
516 1542 151 50 belopp,
709 1544 153 36 hvartill
903 1545 187 36 utskottet
1132 1546 249 37 återkommer
1408 1547 119 37 under
1554 1548 252 49 nästföljande

208 1593 133 48 punkt.

337 1749 74 50 2:0)
451 1750 129 37 Under
620 1752 122 48 punkt
782 1754 46 35 10
871 1753 41 35 af
948 1753 137 37 nionde
1126 1754 257 37 hufvudtiteln
1411 1755 12 36 i
1452 1759 98 33 årets
1579 1759 225 38 statsverks-

207 1802 235 48 proposition
470 1802 69 37 har
566 1803 144 49 Kungl.
740 1803 107 49 Maj:t
875 1804 197 49 föreslagit
1099 1805 223 50 Riksdagen
1351 1812 54 31 att

337 1856 75 35 dels
453 1855 208 48 medgifva,
695 1861 66 31 satt
788 1856 58 36 till
875 1862 142 32 statens
1047 1858 297 49 skogsingenjör
1372 1860 80 36 Tell
1481 1860 222 38 Grenander
1731 1865 73 44 må,

207 1906 82 36 från
331 1907 69 35 och
441 1907 86 36 med
570 1910 40 33 år
653 1909 97 35 1913
794 1908 216 49 tillsvidare,
1054 1913 41 33 så
1135 1911 114 48 länge
1277 1911 76 36 han
1381 1911 231 43 fortfarande
1640 1914 12 36 i
1681 1915 125 37 denna

207 1958 194 49 egenskap
430 1958 85 37 med
544 1959 94 48 godt
666 1960 146 36 vitsord
832 1961 200 48 tjänstgör,
1052 1964 94 46 utgå
1167 1965 123 33 såsom
1309 1965 212 48 personligt
1541 1965 265 51 ålderstillägg

208 2014 54 31 ett
288 2010 137 49 belopp
455 2011 41 35 af
520 2012 75 35 400
624 2011 140 37 kronor
792 2013 57 36 för
877 2016 39 33 år
944 2014 176 45 räknadt;

337 2064 75 35 dels
452 2064 73 46 ock,
568 2063 152 37 utöfver
746 2064 13 36 i
787 2065 314 48 nästföregående
1137 2067 122 48 punkt
1301 2068 247 37 omförmälda
1576 2070 58 36 för
1662 2076 143 31 statens

207 2113 413 49 skogsförsöksanstalt
661 2115 99 37 med:
786 2118 136 46 18,100
950 2118 140 36 kronor
1119 2119 138 36 äskade
1287 2120 232 50 förhöjning,
1549 2121 87 51 höja
1663 2122 142 50 ifråga-

206 2166 166 36 varande
401 2166 258 50 anslagstitels
688 2168 223 37 slutsumma
941 2170 84 36 med
1053 2171 220 49 ytterligare
1303 2174 111 46 9,000
1443 2173 148 37 kronor.

335 2218 242 38 Beträffande
618 2220 255 50 utredningen
914 2222 12 36 i
968 2223 154 37 ärendet
1164 2224 139 36 tillåter
1332 2224 60 50 sig
1420 2226 182 37 utskottet
1631 2232 54 31 att
1712 2228 92 36 hän-

204 2270 84 37 visa
317 2270 54 37 till
399 2271 283 38 vederbörande
710 2273 382 50 statsrådsprotokoll.

1842 1762 169 32 Skogsingen-

1838 1797 73 31 jörer
1929 1805 32 18 m.
1981 1806 32 18 m.
