1902 2822
245 146 22 28 4
693 149 101 30 Andra
818 153 195 36 lagutskottets
1035 156 146 28 utlåtande
1204 157 47 27 Nr
1274 158 28 28 4.

247 221 118 37 sätter,
399 224 50 29 att
481 224 85 30 även
601 223 205 33 hithörande
840 226 112 41 frågor
984 227 138 32 komma
1144 229 108 32 under
1275 232 233 40 övervägande
1532 232 58 32 vid
1613 233 65 32 den
1701 247 49 19 nu

246 271 188 41 pågående,
457 274 34 29 åt
513 272 95 33 vissa
631 274 212 43 sakkunniga
866 277 222 32 anförtrodda
1110 279 194 32 revisionen
1321 292 40 20 av
1377 277 372 52 fastighetsbildnings-

246 322 167 31 väsendet
435 324 19 29 å
475 323 128 32 landet.
648 325 66 31 Vid
738 326 126 32 sådant
886 327 214 33 förhållande
1123 329 97 32 torde
1244 330 58 32 det
1325 331 73 32 icke
1421 343 78 20 vara
1515 333 166 42 lämpligt,
1698 338 50 29 att

246 371 184 42 riksdagen
453 383 45 21 nu
523 375 95 40 tager
641 376 215 41 ståndpunkt
878 377 52 31 till
952 378 118 42 frågan
1095 391 54 20 om
1173 391 41 20 en
1237 381 203 42 lagändring
1462 383 10 30 i
1489 383 68 32 den
1574 395 41 20 av
1630 386 117 31 motio-

245 423 107 30 nären
376 423 144 41 angivna
543 424 205 43 riktningen.

299 472 180 33 Utskottet
501 474 51 31 får
576 474 114 33 därför
711 476 192 40 hemställa,

568 544 51 29 att
641 543 222 33 förevarande
886 546 130 31 motion
1040 547 75 31 icke
1139 549 103 31 måtte
1265 549 177 32 föranleda
1465 551 52 31 till
1538 554 111 39 någon
1665 553 84 32 riks-

514 592 130 41 dagens
666 594 127 41 åtgärd.

299 648 198 33 Stockholm
522 650 68 32 den
616 652 38 31 15
675 652 150 32 februari
851 655 88 31 1940.

699 746 48 31 På
770 747 107 31 andra
898 748 245 41 lagutskottets
1165 753 137 39 vägnar:

807 823 150 32 DAVID
980 824 212 33 NORMAN.

294 983 63 27 Vid
381 985 147 28 ärendets
552 985 195 37 behandling
770 988 86 27 hava
877 990 155 27 närvarit:

293 1042 73 27 från
400 1043 142 29 första
570 1045 201 28 kammaren:
797 1047 109 27 herrar
929 1047 141 35 Norman,
1095 1049 118 34 Linder,
1242 1050 108 33 Tamm,
1377 1051 143 36 Hagman,
1545 1052 200 37 Löfvandert,

241 1083 76 35 Olof
338 1083 133 30 Carlsson
494 1086 59 28 och
578 1086 166 32 Näslund;

293 1134 73 28 från
390 1136 134 28 andra
552 1138 203 28 kammaren:
792 1139 109 28 herrar
939 1140 89 36 Hage,
1066 1141 120 29 Olovson
1210 1143 10 27 i
1244 1143 162 35 Västerås,
1442 1144 160 29 Pettersson
1625 1146 10 26 i
1658 1146 83 28 Häll-

239 1176 133 35 backen,
407 1176 179 37 Hallagård,
621 1178 169 30 Sandström
824 1182 59 27 och
917 1182 190 35 Barnekowt,
1131 1184 109 28 fröken
1270 1185 82 28 Ebon
1375 1185 164 30 Andersson
1563 1190 84 25 samt
1669 1189 77 27 herr

239 1218 101 28 Holm.

289 1301 17 17 +
325 1301 33 31 Ej
378 1303 178 24 närvarande
577 1303 48 24 vid
644 1304 178 25 utlåtandets
840 1305 150 33 justering.

668 2449 129 47 Stockholm
813 2454 63 33 1940.
895 2451 35 46 K.
939 2469 24 19 L.
978 2469 129 20 Beckmans
1122 2471 158 22 Boktrycker].
