1874 2836
319 145 18 30 2
702 151 292 35 Statsutskottets
1018 154 184 32 utlåtande
1227 156 53 32 Nr
1306 158 51 29 59.

950 458 61 39 Nr
1038 460 62 40 59.

786 574 110 24 Ankom
916 576 43 23 till
978 576 165 32 riksdagens
1162 579 94 23 kausli
1276 579 54 25 den
1350 581 15 23 6
1384 582 73 30 april
1479 583 67 23 1934
1565 583 37 24 kl.
1625 585 10 22 I
1659 592 22 15 e.
1702 592 37 17 m.

372 654 196 32 Utlåtande
589 657 14 31 i
624 656 195 40 anledning
842 669 43 22 av
909 659 136 38 Kungl.
1067 662 129 36 Maj:ts
1217 665 222 35 proposition
1463 666 185 37 angående
1667 669 108 36 efter-

570 708 208 33 skänkande
796 720 45 22 av
858 712 72 31 viss
947 712 58 31 del
1021 723 45 21 av
1081 713 139 33 kronan
1238 714 161 38 tillfallet
1417 717 161 33 danaarv
1594 720 93 35 efter
1703 721 72 31 An-

570 760 84 32 nika
680 761 176 37 Hansson,
882 763 86 36 född
993 764 363 37 Christoffersdotter.

1549 821 67 37 (3:e
1637 824 95 36 avd.)

310 904 19 31 I
347 914 42 22 en
410 905 57 32 till
486 906 193 38 riksdagen
697 909 157 37 avlåten,
872 911 69 31 den
960 912 39 31 23
1022 912 160 33 februari
1202 914 80 32 1934
1298 915 227 38 dagtecknad
1543 919 230 36 proposition,

269 965 44 22 nr
332 957 67 36 197,
417 957 69 32 har
504 957 135 39 Kungl.
657 958 122 39 Maj:t,
798 962 112 32 under
928 963 224 37 åberopande
1170 976 46 21 av
1235 966 115 37 bilagt
1367 967 133 39 utdrag
1519 979 46 22 av
1582 971 191 32 statsråds-

269 1007 215 34 protokollet
505 1010 85 31 över
612 1010 279 35 finansärenden
912 1012 58 34 för
994 1026 135 21 samma
1149 1017 82 38 dag,
1254 1018 188 38 föreslagit
1462 1021 193 37 riksdagen
1676 1023 94 32 med-

270 1058 93 37 giva,
399 1062 55 30 att
487 1071 45 21 en
564 1062 187 36 sjundedel
772 1074 47 22 av
841 1065 60 32 det
922 1066 141 32 kronan
1088 1068 176 32 tillfallna
1285 1070 201 33 danaarvet
1508 1073 92 31 efter
1622 1073 148 33 Annika

268 1110 167 33 Hansson
452 1113 87 31 från
555 1113 232 40 Sundstabyn
803 1117 13 30 i
833 1116 210 39 Blomskogs
1061 1119 127 32 socken
1203 1122 62 30 må
1284 1122 250 33 efterskänkas
1554 1125 56 31 till
1630 1125 142 33 förmån

269 1163 56 32 för
346 1163 116 33 Gerda
483 1164 134 34 Emilia
639 1166 204 39 Grönkvist,
866 1168 84 33 född
972 1170 164 33 Jansson.
1296 1167 3 1 |

98 1278 119 25 skottet.
308 1267 193 39 Utskottet,
517 1280 77 22 som
608 1271 13 30 i
638 1270 115 33 likhet
769 1272 80 31 med
865 1272 392 37 departementschefen
1275 1279 118 30 ansett
1411 1278 264 38 billighetsskäl
1696 1281 76 32 tala

268 1319 58 32 för
346 1320 105 32 bifall
474 1321 59 31 till
556 1322 236 33 förevarande
814 1324 146 38 förslag,
983 1326 58 31 får
1063 1327 106 32 alltså
1191 1328 199 38 hemställa,

701 1411 56 30 att
780 1410 194 38 riksdagen
997 1415 59 30 må
1078 1413 178 38 medgiva,
1279 1416 54 31 att
1357 1425 43 22 en
1427 1416 186 37 sjundedel
1640 1429 46 22 av
1708 1420 63 32 det

660 1461 141 32 kronan
818 1462 175 34 tillfallna
1009 1464 200 35 danaarvet
1227 1466 92 33 efter
1335 1467 148 34 Annika
1500 1469 166 33 Hansson
1686 1471 84 32 från

660 1513 231 39 Sundstabyn
918 1516 13 30 i
958 1515 210 39 Blomskogs
1195 1519 128 32 socken
1348 1521 59 31 må
1434 1520 250 34 efterskänkas
1712 1522 57 32 till

660 1566 144 31 förmån
826 1566 56 32 för
906 1567 118 33 Gerda
1046 1569 132 32 Emilia
1202 1570 202 38 Grönkvist,
1429 1572 87 32 född
1539 1572 165 33 Jansson.

305 1665 206 32 Stockholm
534 1667 66 31 den
621 1668 18 30 6
658 1669 96 35 april
775 1669 86 31 1934.

744 1772 53 32 På
820 1774 282 32 statsutskottets
1127 1778 153 34 vägnar:

771 1876 192 33 ANDERS
982 1878 267 33 ANDERSON.

302 2211 196 25 Närvarande:
518 2220 28 16 se
565 2213 90 24 under
673 2210 162 28 utlåtandet
854 2222 34 16 nr
907 2216 40 23 38.
