1874 2792
256 142 18 29 2
567 143 119 31 Andra
712 143 245 40 lagutskottets
985 145 178 30 utlåtande
1188 154 44 21 nr
1258 146 15 29 1
1300 146 39 29 år
1365 147 85 29 1955

304 226 401 31 Rekommendationens
724 228 110 39 regler
853 228 57 30 må
928 228 142 39 bringas
1089 229 10 29 i
1117 229 223 40 tillämpning
1357 230 44 40 på
1420 230 279 34 föranstaltande
1718 240 42 21 av

260 276 344 40 författningsenliga
625 285 109 32 organ
754 278 55 30 för
829 278 245 31 fastställande
1095 288 41 21 av
1158 280 107 34 löner,
1288 288 124 31 genom
1433 281 231 40 lagstiftning,
1687 282 74 29 kol-

260 326 210 34 lektivavtal,
497 327 187 39 skiljedom
709 328 82 29 eller
815 329 11 29 i
849 338 119 20 annan
991 329 78 29 med
1093 329 167 30 nationell
1283 331 117 39 praxis
1426 330 150 41 förenlig
1599 332 160 39 ordning.

261 376 64 29 Om
348 376 44 40 på
413 377 145 39 frivillig
581 379 63 37 väg
665 378 166 39 vidtagna
852 378 162 40 åtgärder
1036 379 76 30 icke
1134 380 121 29 länder
1277 381 53 28 till
1352 381 132 30 snabba
1507 382 65 29 och
1594 382 166 30 tillfreds-

261 426 168 30 ställande
456 427 157 34 resultat,
640 427 162 30 förordar
828 429 383 35 rekommendationen,
1239 432 50 27 att
1316 430 248 40 regeringarna
1592 432 90 29 skall
1708 432 52 29 in-

261 476 96 40 gripa
382 477 54 29 för
463 479 52 27 att
541 480 184 36 garantera
751 479 274 38 genomförande
1053 488 41 22 av
1120 481 175 28 semester.
1323 482 13 29 I
1362 482 48 28 ett
1435 481 127 39 viktigt
1589 483 169 29 avseende

261 527 152 29 sträcker
433 527 52 40 sig
502 528 372 30 rekommendationen
890 529 81 30 vida
988 529 118 39 längre
1123 531 45 28 än
1184 539 48 20 nu
1251 531 159 39 gällande
1428 531 214 30 konvention
1659 532 11 29 i
1688 533 72 29 äm-

260 578 67 32 net,
355 577 177 40 nämligen
556 578 11 28 i
593 578 99 39 fråga
717 587 58 21 om
801 579 412 39 tillämpningsområdet.
1241 581 125 30 Medan
1390 582 262 29 konventionen
1679 584 80 38 äger

259 627 222 40 tillämpning
499 628 44 39 på
559 637 175 30 personer,
753 629 204 39 sysselsatta
976 630 9 29 i
1005 629 143 41 företag,
1168 639 76 21 som
1262 631 140 39 angives
1420 631 12 29 i
1449 641 44 20 en
1510 632 160 40 vidlyftig
1689 632 72 30 för-

259 677 163 40 teckning
453 678 67 29 och
551 687 75 20 som
655 678 282 41 huvudsakligen
969 689 99 20 avser
1098 680 163 35 industri,
1293 681 128 30 handel
1452 682 65 29 och
1550 682 209 30 samfärdsel

265 727 112 33 (utom
408 728 161 39 sjöfart),
601 730 38 28 är
671 729 374 30 rekommendationen
1079 730 183 40 tillämplig
1293 731 44 40 på
1370 732 69 29 alla
1473 732 175 30 anställda
1679 733 80 30 med

258 778 178 39 undantag
457 778 56 30 för
532 778 148 39 sjömän,
703 779 233 30 lantarbetare
956 780 66 29 och
1041 789 165 30 personer
1226 782 174 29 anställda
1420 782 12 29 i
1451 782 136 40 företag
1607 783 82 29 eller
1708 783 51 29 in-

259 827 208 35 stitutioner,
492 829 62 29 där
579 829 123 30 endast
725 830 227 31 medlemmar
976 839 43 21 av
1041 831 276 39 arbetsgivarens
1341 832 113 39 familj
1481 833 39 29 är
1544 833 214 39 sysselsatta.

259 879 13 28 I
291 878 98 40 fråga
408 888 57 20 om
484 879 311 39 jordbruksarbete
814 880 210 31 hänvisades
1043 881 58 30 vid
1120 882 233 30 konferensen
1373 882 54 30 till
1446 883 68 30 den
1534 883 38 30 år
1595 884 82 30 1952
1698 893 60 20 an-

257 931 104 37 tagna
375 929 260 30 konventionen
650 930 178 39 angående
844 933 166 27 semester
1025 931 95 30 inom
1135 931 217 40 jordbruket.
1369 933 14 29 I
1400 932 100 40 fråga
1517 942 56 20 om
1591 935 166 28 semester

257 978 55 30 för
330 979 139 39 sjömän
491 980 106 39 gäller
615 989 42 20 en
676 980 38 30 år
735 980 83 30 1946
836 983 150 37 antagen
1005 981 222 30 konvention.
1248 982 65 30 Det
1331 983 135 29 kanske
1484 984 90 29 mest
1594 984 163 29 anmärk-

258 1029 210 39 ningsvärda
493 1030 120 39 draget
638 1030 10 29 i
673 1031 68 29 den
767 1040 68 30 nya
859 1031 372 30 rekommendationen
1257 1033 48 34 är,
1331 1034 51 29 att
1408 1033 68 30 den
1503 1033 167 30 omfattar
1697 1042 60 21 an-

259 1079 124 30 ställda
402 1080 11 29 i
434 1080 133 39 husligt
587 1080 126 35 arbete,
734 1081 95 30 vilka
849 1081 178 30 uteslutits
1049 1082 79 30 från
1149 1082 41 29 de
1211 1082 103 30 flesta
1334 1082 148 40 tidigare
1503 1083 254 30 konventioner

258 1130 64 29 och
341 1130 376 30 rekommendationer.

300 1179 100 30 Ännu
428 1182 49 28 ett
500 1180 12 29 i
535 1180 203 39 jämförelse
764 1182 78 29 med
866 1181 261 30 konventionen
1153 1182 125 39 viktigt
1304 1182 168 40 framsteg
1498 1183 106 39 gäller
1631 1192 127 21 semes-

256 1234 93 26 terns
373 1232 105 39 längd
500 1232 65 29 och
586 1232 65 30 den
673 1232 274 31 kvalificerande
970 1233 298 39 tjänstgöringens
1291 1234 63 29 art.
1378 1233 266 31 Konventionen
1667 1233 90 31 före-

257 1280 131 30 skriver
410 1289 43 21 en
477 1281 88 39 årlig
587 1283 166 28 semester
776 1291 43 22 av
841 1282 108 29 minst
972 1291 59 21 sex
1054 1282 224 40 arbetsdagar
1301 1283 87 30 efter
1411 1285 49 28 ett
1484 1283 57 30 års
1564 1284 193 29 oavbruten

256 1330 124 39 tjänst;
405 1331 375 30 rekommendationen
804 1333 158 29 däremot
985 1332 170 36 förordar,
1179 1335 51 27 att
1254 1335 210 28 semesterns
1489 1334 106 39 längd
1617 1334 62 30 bör
1703 1333 54 31 stå

256 1380 10 29 i
289 1381 221 30 förhållande
533 1381 53 30 till
611 1382 169 39 fullgjord
806 1382 183 40 tjänstetid
1014 1382 64 30 hos
1102 1392 43 20 en
1168 1384 83 29 eller
1275 1383 87 31 flera
1386 1384 235 40 arbetsgivare
1646 1384 110 30 under

256 1430 73 30 året
348 1431 64 30 och
430 1431 64 30 bör
515 1432 115 40 uppgå
648 1432 54 29 till
722 1432 108 30 minst
850 1433 56 30 två
925 1433 244 30 arbetsveckor
1189 1433 54 30 för
1264 1434 71 30 tolv
1354 1434 187 30 månaders
1561 1434 194 39 tjänstetid.

299 1532 58 29 Ett
378 1532 57 30 vid
458 1532 235 30 konferensen
716 1532 166 40 framlagt
904 1533 354 40 resolutionsförslag,
1283 1536 50 28 att
1356 1534 236 30 konferensen
1617 1536 138 28 snarast

255 1582 137 39 möjligt
412 1583 115 29 skulle
548 1583 168 39 överväga
736 1592 43 20 en
800 1583 150 30 revision
972 1593 42 20 av
1037 1584 82 29 1936
1140 1583 56 30 års
1218 1584 214 31 konvention
1454 1585 82 29 eller
1559 1585 195 39 antagande

256 1642 42 20 av
317 1641 41 21 en
377 1642 47 30 ny
442 1632 225 35 konvention,
687 1633 79 30 blev
787 1635 139 38 antaget
946 1643 43 21 av
1006 1633 245 30 konferensen.

909 1776 189 29 Yttranden

299 1865 85 31 Över
409 1866 374 30 rekommendationen
808 1867 63 29 har
896 1867 290 39 socialstyrelsen,
1212 1868 405 39 Landsorganisationen
1640 1868 12 29 i
1678 1869 77 29 Sve-

254 1918 80 39 rige,
366 1918 156 30 Svenska
551 1918 451 40 arbetsgivareföreningen,
1034 1918 317 40 Tjänstemännens
1382 1919 373 39 centralorganisation

253 1966 65 29 och
336 1967 241 39 delegationen
594 1967 54 30 för
666 1968 57 29 det
741 1967 284 30 internationella
1044 1968 274 40 socialpolitiska
1336 1969 212 29 samarbetet
1565 1970 108 38 yttrat
1692 1969 62 40 sig.

297 2017 285 39 Socialstyrelsen
608 2018 198 34 anmärker,
831 2020 50 27 att
906 2018 67 29 den
999 2018 148 29 svenska
1173 2019 434 39 semesterlagstiftningen
1631 2019 11 29 i
1667 2021 87 28 stort

254 2069 65 28 sett
341 2067 142 39 erbjöde
506 2067 108 30 minst
635 2068 72 29 lika
728 2067 212 40 förmånliga
962 2068 127 30 villkor
1111 2068 54 30 för
1187 2069 264 39 arbetstagarna
1476 2078 76 21 som
1575 2069 67 30 den
1665 2069 87 30 före-

254 2117 120 39 slagna
395 2118 385 30 rekommendationen.
805 2119 176 38 Styrelsen
1005 2119 98 38 säger
1127 2119 51 39 sig
1200 2119 47 29 ha
1269 2119 118 29 funnit
1411 2119 190 39 anledning
1625 2121 50 28 att
1698 2120 56 29 be-

253 2169 129 29 handla
410 2170 77 30 däri
516 2170 178 39 upptagna
723 2169 263 30 bestämmelser
1015 2170 122 29 endast
1165 2170 11 29 i
1204 2171 68 29 den
1299 2170 83 30 mån
1410 2171 41 29 de
1481 2171 118 30 kunde
1627 2171 126 30 tänkas

253 2217 138 40 påkalla
418 2218 150 40 ändring
592 2219 11 29 i
629 2219 67 29 den
724 2219 150 30 svenska
898 2219 266 39 lagstiftningen
1190 2221 91 28 samt
1308 2220 101 31 anför
1434 2220 125 30 härom
1585 2220 167 40 följande.

297 2277 115 39 Enligt
439 2278 116 39 punkt
584 2277 18 29 3
631 2286 99 21 avses
760 2277 80 31 från
867 2279 373 29 rekommendationen
1271 2279 97 30 skola
1397 2279 221 40 undantagas
1648 2279 105 30 bland

252 2318 109 29 andra
383 2328 178 30 personer,
585 2319 175 30 anställda
782 2319 11 29 i
816 2319 135 40 företag
976 2320 82 29 eller
1081 2320 248 34 institutioner,
1354 2321 63 29 där
1440 2321 125 29 endast
1588 2321 165 29 medlem-

253 2370 75 20 mar
353 2370 41 21 av
419 2362 277 39 arbetsgivarens
723 2362 113 39 familj
865 2363 60 29 äro
952 2363 212 38 sysselsatta.
1191 2363 117 38 Enligt
1333 2363 246 31 motsvarande
1605 2363 149 29 bestäm-

253 2403 104 29 melse
383 2403 10 29 i
423 2404 69 28 den
522 2404 148 29 svenska
698 2404 270 39 semesterlagen
997 2405 38 28 är
1063 2404 79 29 från
1170 2405 79 29 dess
1277 2405 223 39 tillämpning
1527 2405 226 38 undantagen

253 2445 244 39 arbetstagare,
524 2455 75 20 som
623 2447 38 28 är
686 2446 149 29 medlem
861 2455 42 22 av
927 2446 278 39 arbetsgivarens
1230 2447 126 38 familj.
1382 2447 66 29 Det
1472 2447 71 29 kan
1569 2447 184 38 ifrågasät-
