2224 2630
713 208 255 31 Statsutskottets
997 205 172 33 Utlåtande
1194 204 59 31 N:o
1277 206 50 30 80.
1743 202 34 30 11

758 291 53 32 att
832 285 232 48 Riksdagen,
1099 284 86 37 med
1205 282 105 38 bifall
1329 282 56 37 till
1405 282 139 48 Kongl.
1566 281 129 49 Maj:ts
1710 281 114 37 fram-

629 338 182 48 ställning
852 337 70 37 och
964 336 86 37 med
1092 336 123 48 afslag
1248 338 20 33 å
1296 335 46 37 de
1368 335 42 36 af
1433 335 131 36 herrar
1592 333 133 36 Tamm
1754 333 72 36 och

629 390 187 48 Kihlberg
843 389 12 36 i
884 394 128 31 ämnet
1040 388 137 36 väckta
1206 387 194 47 motioner,
1430 389 61 33 må
1522 385 59 37 till
1600 384 226 37 understöd-

624 441 128 49 jande,
782 440 160 37 medelst
971 439 133 48 anslag
1127 444 92 31 utan
1240 436 530 50 återbetalningsskyldighet,
1789 435 42 36 af

628 493 140 36 sådana
797 491 333 49 myrutdikningar
1157 490 70 36 och
1246 488 413 50 vattenaftappningar,
1679 487 148 36 hvilkas

629 543 172 37 ändamål
825 548 46 31 är
899 548 55 31 att
975 541 149 37 minska
1143 540 338 48 frostländigheten
1501 540 59 36 för
1578 538 248 50 närliggande

628 595 116 50 bygd,
774 596 60 35 för
862 597 40 34 år
932 595 97 36 1899
1060 592 130 37 anvisa
1219 594 165 47 300,000
1411 591 150 37 kronor.

995 716 69 35 4:0.

359 803 55 35 De
455 816 49 22 nu
547 803 179 48 gällande
768 802 189 37 allmänna
999 802 115 36 vilkor
1146 801 61 36 och
1242 797 262 39 bestämmelser
1531 798 59 45 för
1618 793 212 38 erhållande

231 856 61 34 och
339 855 324 47 tillgodonjutande
704 856 45 46 af
787 855 111 46 ofvan
940 852 245 47 omförmälda
1225 851 225 47 statsbidrag
1490 854 94 30 samt
1631 846 198 36 kontrollen

232 906 100 42 derå,
361 909 53 32 att
433 907 208 48 faststälda
665 906 138 48 planer
826 906 119 35 varda
965 905 63 35 vid
1048 905 188 34 arbetenas
1256 898 197 58 utförande
1463 900 140 49 följda,
1624 898 205 36 återfinnas

230 957 12 36 i
283 956 239 49 Riksdagens
551 957 218 37 skrifvelser
795 957 75 36 den
899 958 45 34 27
977 955 94 50 april
1103 956 95 35 1881
1230 954 76 48 (n:o
1337 952 75 49 69),
1441 951 74 37 den
1546 952 43 35 11
1615 949 86 49 juni
1733 951 96 36 1883

233 1008 75 49 (n:o
338 1008 74 49 67),
442 1009 72 36 den
545 1012 18 33 7
595 1010 74 48 maj
704 1011 96 35 1889
831 1009 75 49 (n:o
935 1007 64 49 43)
1029 1007 71 37 och
1129 1006 73 37 den
1231 1007 48 35 30
1308 1004 95 49 april
1434 1004 96 36 1897
1560 1002 77 50 (n:o
1659 1001 79 50 52);
1760 1001 71 37 och

231 1065 44 32 är
301 1060 207 37 innehållet
535 1061 11 36 i
576 1061 112 37 dessa
717 1059 238 50 stadganden
984 1057 275 39 sammanfördt
1286 1057 13 37 i
1326 1056 74 37 den
1424 1054 66 50 vid
1510 1054 106 37 detta
1634 1052 195 38 utlåtande

232 1112 138 49 fogade
398 1112 138 49 bilaga.
978 1116 6 5 |

362 1164 139 50 Kongl.
531 1165 107 50 Maj:t
667 1165 68 36 har
763 1163 197 49 föreslagit
988 1162 219 49 Riksdagen
1227 1166 55 32 att
1301 1158 190 39 bibehålla
1511 1156 320 39 dessa'allmänna

234 1216 120 37 vilkor
387 1217 71 37 och
489 1217 302 47 bestämmelser,
820 1216 97 36 dock
945 1215 86 36 med
1058 1213 167 50 följande
1253 1212 139 49 tillägg
1419 1210 57 38 till
1504 1223 113 24 mom.
1648 1212 22 34 3
1701 1209 42 37 af
1767 1209 63 37 be-

234 1267 288 38 stämmelserna
549 1269 12 36 i
588 1269 239 49 Riksdagens
856 1267 199 37 skrifvelse
1084 1266 73 37 den
1186 1268 46 34 27
1264 1264 95 50 april
1391 1264 114 36 1881:

364 1320 95 37 »För
499 1321 144 37 mindre
685 1321 169 46 hamnar,
892 1318 270 37 företrädesvis
1190 1317 267 45 fiskehamnar,
1486 1317 62 33 må
1577 1312 136 49 anslag
1739 1317 94 32 utan

235 1372 521 50 återbetalningsskyldighet
798 1372 41 36 af
870 1370 141 49 Kongl.
1055 1370 106 49 Maj:t
1200 1369 232 36 bestämmas
1472 1366 57 36 till
1570 1378 80 24 mer
1683 1369 49 32 än
1768 1367 65 33 två

234 1424 237 49 tredjedelar,
500 1424 97 37 dock
625 1424 118 49 högst
769 1423 57 37 till
853 1423 63 36 nio
943 1421 233 37 tiondedelar
1199 1420 41 36 af
1262 1420 72 37 den
1363 1417 214 39 beräknade
1606 1416 226 48 kostnaden,

237 1476 119 36 under
382 1476 122 37 vilkor
532 1482 56 31 att
616 1475 264 50 betryggande
909 1474 178 37 säkerhet
1114 1474 59 36 för
1201 1471 177 38 framtida
1397 1469 236 38 underhållet
1659 1469 41 36 af
1714 1468 119 37 sådan

236 1528 354 50 hamnanläggning
631 1528 131 37 ställes
804 1527 72 37 och
918 1531 67 43 att,
1015 1526 81 37 före
1124 1524 189 51 lyftandet
1341 1523 42 37 af
1406 1526 129 46 någon
1564 1521 60 37 del
1651 1521 43 37 af
1719 1525 112 46 stats-

237 1580 185 49 anslaget,
466 1580 271 49 ådagalägges,
779 1585 56 31 att
876 1579 34 49 ej
955 1577 145 37 mindre
1141 1576 136 51 sjelfva
1310 1575 170 38 området
1503 1572 61 39 för
1590 1573 166 37 hamnen
1785 1577 49 32 än

237 1632 111 37 äfven
390 1638 54 31 ett
484 1632 57 37 för
581 1632 72 37 den
694 1631 153 48 rörelse,
890 1644 82 23 som
1015 1629 96 37 skall
1138 1629 12 36 i
1178 1629 162 36 hamnen
1381 1626 202 48 bedrifvas,
1611 1624 222 49 tillräckligt

237 1684 149 37 område
414 1684 13 36 i
454 1684 89 37 land
571 1684 124 37 blifvit
721 1684 58 37 för
807 1683 63 37 det
898 1695 286 36 gemensamma
1212 1680 178 37 behofvet
1418 1677 259 38 afsöndrade.»

365 1736 87 37 Med
480 1736 175 38 afseende
684 1736 89 36 härå
801 1734 192 38 meddelas
1020 1733 13 37 i
1062 1731 418 51 statsrådsprotokollet
1507 1729 178 51 följande.

365 1788 16 36 I
409 1802 47 23 en
488 1788 58 37 till
578 1787 140 50 Kongl.
757 1788 108 49 Maj:t
900 1786 100 37 stäld
1032 1785 109 37 skrift
1164 1785 42 37 af
1229 1784 73 37 den
1330 1785 22 35 8
1381 1783 199 37 december
1610 1782 97 36 1896
1736 1780 97 37 hade

237 1840 214 37 ledamoten
488 1841 40 36 af
550 1840 240 49 Riksdagens
819 1839 129 37 Andra
975 1838 203 47 kammare,
1208 1835 138 38 doktor
1373 1836 44 36 A.
1446 1834 46 37 V.
1522 1834 218 50 Ljungman
1768 1845 65 24 an-

237 1893 85 47 fört,
352 1897 64 43 att,
445 1893 47 37 då
519 1892 205 38 understöd
752 1892 82 36 från
863 1890 176 49 anslaget
1062 1889 58 37 till
1139 1886 322 51 understödjande
1482 1887 41 36 af
1538 1884 297 51 brobyggnader

239 1944 81 49 och,
364 1944 266 38 företrädesvis
672 1944 156 46 mindre,
862 1941 343 51 hamnbyggnader
1233 1954 47 23 m.
1311 1953 48 24 m.
1389 1938 195 39 lemnades
1612 1938 60 37 för
1700 1938 132 36 hamn-

238 1997 281 49 anläggningar
547 1997 69 37 och
645 1995 389 48 hamnförbättringar
1052 1993 64 37 vid
1136 1993 218 48 fiskelägen,
1375 1991 121 49 enligt
1519 1990 175 51 gällande
1713 1988 122 38 vilkor

237 2049 59 37 för
323 2049 154 50 bidrags
506 2049 222 49 åtnjutande
756 2047 163 48 kräfdes,
948 2051 55 31 att
1030 2045 194 49 fiskeläge,
1246 2057 79 24 som
1344 2043 180 49 undfinge
1545 2042 134 38 sådant
1697 2041 137 38 under-

238 2101 95 48 stöd,
377 2101 121 37 skulle
528 2101 104 49 sjelft
659 2100 187 50 tillskjuta
874 2098 116 37 minst
1018 2111 47 24 en
1093 2096 184 50 tredjedel
1305 2096 41 37 af
1368 2095 214 38 beräknade
1609 2093 224 48 kostnaden,

238 2167 88 23 men
354 2158 56 33 att
437 2166 140 37 genom
605 2152 124 37 denna
757 2151 155 37 fordran
937 2149 217 38 ändamålet
1173 2148 86 38 med
1279 2148 62 37 det
1360 2148 40 36 af
1414 2146 219 50 Riksdagen
1654 2145 180 38 anvisade

239 2205 175 50 anslaget
439 2207 13 36 i
481 2205 188 48 väsentlig
710 2207 86 34 mån
832 2201 217 47 förfelades,
1091 2201 159 37 emedan
1291 2200 45 37 de
1364 2200 108 37 flesta
1500 2199 222 49 fiskelägen,
1752 2210 82 24 som

238 2257 165 38 behöfde
444 2256 401 49 hamnförbättringar,
874 2267 90 25 vore
992 2254 12 36 i
1032 2253 73 37 den
1133 2266 118 36 svaga
1279 2251 249 39 ekonomiska
1556 2249 193 50 ställning,
1779 2255 56 31 att

239 2310 73 37 den
354 2310 154 50 angifna
541 2309 109 38 delen
678 2309 42 36 af
744 2306 367 50 kostnadsbeloppet
1139 2306 184 49 antingen
1350 2303 240 50 fullständigt
1617 2303 217 48 öfverstege
