2224 2634
714 204 253 32 Statsutskottets
998 202 176 32 Utlåtande
1196 202 66 32 N:o
1284 204 54 30 80.
1765 201 19 29 5

228 285 231 48 statsbidrag
486 284 57 37 till
563 284 146 36 mindre
727 281 301 50 hamnbyggnad
1050 281 120 37 skulle
1190 281 129 36 kunna
1338 283 95 46 utgå
1453 279 84 37 med
1557 280 118 48 högre
1691 279 139 49 belopp

227 342 48 32 än
304 337 147 48 hittills,
482 337 55 36 får
565 336 187 36 utskottet
779 334 213 47 hemställa,

757 443 54 32 att
839 437 231 49 Riksdagen,
1100 436 85 37 med
1213 435 106 37 bifall
1343 435 57 36 till
1421 434 138 49 Kongl.
1582 434 128 48 Maj:ts
1731 434 98 36 före-

626 489 167 37 varande
829 488 156 48 förslag,
1022 491 71 44 må,
1130 487 57 37 till
1220 486 321 48 understödjande
1571 485 40 36 af
1635 485 194 48 brobygg-

627 541 118 36 nader
774 540 83 46 och,
886 539 267 37 företrädesvis
1182 538 156 46 mindre,
1370 536 343 49 hamnbyggnader
1733 540 99 32 samt

630 591 264 50 upprensning
927 591 42 36 af
999 593 64 33 åar
1103 590 72 37 och
1210 589 174 47 farleder,
1414 589 59 36 för
1501 591 41 33 år
1573 589 96 35 1899
1699 587 132 36 anvisa

631 645 166 46 300,000
827 643 150 36 kronor.

997 781 72 34 3:0.

797 886 457 44 Frostminskningsföretag.

360 1001 142 49 Kongl.
544 1002 108 48 Maj:t
688 1001 69 37 har
791 1000 201 49 föreslagit
1019 999 218 49 Riksdagen
1266 1003 55 32 att
1350 998 60 37 för
1437 1001 42 33 år
1510 999 96 35 1899
1637 997 110 37 ställa
1774 997 59 37 till

230 1054 139 50 Kongl.
412 1054 130 49 Maj:ts
583 1053 228 49 förfogande
853 1053 166 47 300,000
1060 1052 140 36 kronor
1240 1050 58 37 till
1334 1051 324 47 understödjande,
1686 1050 148 35 medelst

232 1108 127 48 anslag
387 1111 92 32 utan
507 1105 500 48 återbetalningsskyldighet,
1037 1106 45 45 af
1105 1103 146 37 sådana
1272 1103 321 47 myrutdikningar
1613 1102 62 36 och
1694 1109 140 28 vatten-

231 1158 285 49 aftappningar,
559 1158 140 36 hvilkas
742 1157 177 36 ändamål
960 1161 44 31 är
1047 1163 51 29 att
1133 1156 143 36 minska
1307 1154 323 48 frostländigheten
1661 1154 57 42 för
1747 1158 86 31 när-

232 1211 169 49 liggande
429 1211 104 46 bygd.

360 1261 56 38 Af
441 1261 173 37 sistlidna
642 1264 60 33 års
730 1259 170 48 Riksdag
927 1258 135 50 höjdes
1089 1258 12 36 i
1130 1257 205 49 anledning
1363 1256 42 37 af
1430 1256 147 37 enskild
1601 1256 146 37 motion
1767 1268 65 24 an-

232 1313 123 50 slaget
383 1314 60 37 för
471 1312 249 38 omförmälda
748 1310 174 38 ändamål
950 1311 83 36 från
1062 1311 165 45 200,000
1252 1309 142 36 kronor
1411 1308 59 37 till
1490 1309 165 46 300,000
1676 1308 155 45 kronor;

232 1365 70 38 och
330 1364 124 38 beslöt
482 1364 220 49 Riksdagen
729 1364 13 36 i
762 1362 280 49 sammanhang
1061 1361 154 37 dermed
1235 1360 72 37 den
1327 1359 163 50 ändring
1507 1360 12 36 i
1537 1360 102 36 förut
1656 1359 177 48 gällande

230 1417 122 38 vilkor
392 1416 60 38 för
493 1416 135 49 anslag
660 1415 60 38 till
747 1414 292 50 ifrågavarande
1068 1413 159 48 företag,
1257 1417 54 33 att
1341 1411 186 49 anslaget,
1557 1424 80 24 som
1667 1411 165 37 dessför-

231 1469 115 39 innan
375 1468 149 37 kunnat
551 1467 41 38 af
618 1467 137 49 Kongl.
784 1467 110 49 Maj:t
919 1466 233 37 bestämmas
1180 1464 58 37 till
1265 1464 117 48 högst
1409 1477 48 23 en
1483 1462 184 50 tredjedel
1693 1464 43 36 af
1760 1462 74 37 den

232 1521 57 38 för
315 1521 193 48 företaget
535 1519 215 38 beräknade
777 1518 227 47 kostnaden,
1032 1516 122 38 skulle
1183 1516 128 37 kunna
1338 1518 92 46 utgå
1459 1515 86 38 med
1570 1515 149 49 belopp,
1735 1520 97 31 mot-

233 1572 186 39 svarande
447 1571 148 40 hälften
623 1572 41 37 af
688 1584 145 25 samma
861 1569 175 39 kostnad.

362 1677 17 37 I
406 1679 64 35 två
498 1676 77 38 lika
600 1675 166 51 lydande
795 1674 199 48 motioner,
1023 1673 136 37 väckta
1187 1686 63 23 n:o
1281 1673 45 35 15
1355 1671 14 37 i
1392 1671 134 38 Första
1545 1670 230 39 Kammaren
1795 1670 42 37 af

232 1730 87 37 herr
347 1730 50 36 H.
429 1729 43 36 P.
502 1729 43 36 P.
578 1728 127 36 Tamm
734 1727 69 37 och
831 1741 63 22 n:o
924 1728 47 35 93
1000 1725 12 38 i
1032 1725 127 37 Andra
1179 1724 232 37 Kammaren
1431 1722 42 37 af
1489 1722 86 37 herr
1597 1724 40 35 K&K.
1661 1725 43 34 A.
1728 1723 105 36 Kihl-

233 1784 95 45 berg,
356 1781 69 38 har
452 1780 212 47 hemstälts,
693 1785 56 31 att
768 1778 220 50 Riksdagen
1007 1777 90 37 ville
1116 1776 148 38 besluta
1283 1776 119 37 sådan
1422 1774 222 49 förändring
1662 1774 12 37 i
1693 1774 138 48 Kongl.

231 1833 132 49 Maj:ts
404 1832 114 38 ofvan
550 1831 214 38 refererade
792 1830 159 48 förslag:
981 1833 52 32 att
1061 1829 60 37 för
1149 1831 41 34 år
1221 1829 95 36 1899
1349 1827 54 37 till
1431 1826 139 49 Kongl.
1600 1826 128 48 Maj:ts
1756 1826 76 37 för-

231 1884 168 50 fogande
428 1883 130 38 ställes
586 1888 55 32 ett
668 1883 139 49 belopp
836 1883 42 36 af
903 1882 166 47 300,000
1096 1880 142 37 kronor
1256 1880 57 36 för
1332 1878 321 49 understödjande
1673 1877 162 38 medelst

235 1936 134 50 anslag
408 1941 92 32 utan
542 1933 522 50 återbetalningsskyldighet
1105 1932 41 37 af
1183 1932 140 36 sådana
1365 1930 243 48 afdikningar
1641 1930 42 37 af
1706 1943 128 24 annan

236 1989 204 38 sankmark
468 1992 47 32 än
543 1988 89 37 åker
661 1987 70 38 och
758 1985 413 49 vattenaftappningar,
1191 1983 147 37 hvilkas
1359 1981 174 39 ändamål
1552 1987 42 31 är
1612 1987 56 32 att
1686 1982 149 37 minska

235 2039 307 50 frostländighet,
572 2044 53 32 att
652 2038 216 37 underlätta
896 2038 203 47 odlingens
1127 2035 232 49 utbredning
1386 2035 12 36 i
1427 2039 101 32 orter
1555 2034 86 37 med
1665 2034 91 49 föga
1774 2039 60 31 ut-

235 2092 176 38 veckladt
435 2091 186 50 jordbruk
649 2090 92 38 eller
769 2095 54 32 att
858 2089 193 49 torrlägga
1078 2088 226 48 högmossar
1331 2088 104 36 inom
1463 2086 122 37 bättre
1610 2086 224 48 jordbruks-

237 2144 163 48 distrikt,
442 2152 52 28 att
526 2143 134 48 bidrag
689 2143 83 36 från
800 2142 111 37 dessa
940 2140 121 38 medel
1089 2140 39 36 få
1164 2142 93 46 utgå
1285 2139 86 36 med
1400 2138 146 36 hälften
1576 2138 42 37 af
1642 2137 194 37 beräknad

237 2195 357 51 dikningskostnad,
628 2195 48 37 då
710 2194 72 37 den
814 2207 139 36 genom
982 2192 222 48 fullständig
1232 2190 163 49 dikning
1421 2189 308 50 uppkommande
1758 2190 76 36 för-

236 2248 160 50 höjning
422 2248 13 37 i
460 2246 223 51 jordvärdet
711 2246 35 49 ej
777 2245 224 49 öfverstiger
1033 2243 128 37 halfva
1189 2242 213 38 kostnaden
1431 2242 60 37 för
1518 2241 117 37 sådan
1663 2240 171 49 dikning,

235 2314 90 27 men
353 2301 63 39 vid
444 2305 119 32 större
592 2297 341 50 värdeförhöjning
960 2296 170 37 minskas
1158 2295 12 36 i
1190 2295 144 37 samma
1354 2293 236 39 förhållande
1610 2307 82 24 som
1713 2293 122 37 denna
