1886 2814
508 159 274 32 Statsutskottets
808 156 176 32 utlåtande
1008 165 42 23 nr
1076 156 70 29 252.
1593 148 18 29 5

98 247 146 36 righeter
261 246 47 31 ha
328 247 87 29 även
433 244 81 38 givit
535 242 185 38 anledning
740 242 49 31 till
811 242 233 36 uppkomsten
1065 241 62 29 hos
1146 239 136 37 privata
1301 238 131 36 företag
1456 246 42 21 av
1518 240 91 27 stora

99 288 371 34 likviditetsöverskott,
494 287 55 30 för
573 285 93 31 vilka
688 285 178 35 företagen
891 284 74 30 icke
989 283 12 30 i
1025 282 202 30 nuvarande
1251 281 74 35 läge
1349 284 85 26 utan
1458 279 71 30 risk
1554 279 56 30 för

103 331 164 31 framtida
290 327 399 37 likviditetssvårigheter
714 328 119 29 kunna
858 326 99 29 finna
981 334 42 21 en
1044 324 157 30 räntabel
1227 322 184 36 placering.
1438 322 74 29 Den
1536 330 71 21 om-

100 373 238 37 ständigheten
359 375 59 32 att,
444 370 116 31 såsom
582 371 87 29 även
693 367 418 36 riksräkenskapsverket
1132 364 206 36 framhållit,
1362 365 42 30 de
1425 358 184 45 affärsdri-

100 416 111 30 vande
228 415 129 31 verken
374 414 76 30 icke
466 413 134 31 behöva
617 412 144 37 gardera
781 410 48 37 sig
849 413 71 27 mot
939 409 115 30 risken
1071 408 54 30 för
1144 407 227 36 kapitalbrist,
1389 410 84 26 utan
1491 406 119 29 kunna

99 457 11 30 i
134 458 38 30 så
198 461 70 27 stor
290 455 239 37 utsträckning
552 464 74 21 som
649 454 78 30 sker
750 453 169 30 investera
942 450 284 38 uppkommande
1249 448 362 31 likviditetsöverskott

101 501 11 29 i
137 500 161 30 räntabla
322 498 252 36 anläggningar
599 505 58 28 ger
681 496 80 30 dem
788 494 108 31 också
921 503 43 21 en
987 501 171 29 gynnsam
1181 491 166 36 ställning
1371 491 11 30 i
1406 489 204 37 jämförelse

101 543 79 30 med
200 540 134 38 privata
355 540 141 36 företag.
520 539 79 30 Med
619 539 136 35 hänsyn
775 536 49 31 till
845 538 68 29 vad
932 537 64 29 här
1014 534 142 36 anförts,
1177 543 100 27 synes
1297 535 57 30 det
1372 532 71 37 mig
1461 532 76 30 icke
1555 532 56 30 be-

102 584 137 36 rättigat
269 586 49 27 att
344 581 124 37 frångå
493 580 236 36 huvudregeln
757 579 56 30 för
838 578 260 35 behandlingen
1124 586 43 20 av
1196 575 375 31 likviditetsöverskott
1601 573 10 29 i

102 626 89 37 syfte
209 629 49 26 att
281 624 200 37 därigenom
500 623 129 31 tillföra
652 622 238 30 affärsverken
911 630 41 20 en
973 618 250 32 ränteinkomst
1242 617 46 37 på
1309 618 99 30 dessa
1427 617 122 29 medel.

149 717 290 30 Erfarenheterna
467 725 42 20 av
537 715 57 31 det
619 723 67 27 nya
715 711 451 37 redovisningsförfarande,
1197 719 75 21 som
1301 709 153 30 infördes
1484 709 10 29 i
1525 717 88 21 sam-

103 769 94 29 band
217 768 80 30 med
316 766 322 37 kapitalbudgetens
658 763 229 38 omläggning,
909 763 188 29 inskränka
1118 760 50 37 sig
1188 761 49 30 till
1262 760 56 31 två
1337 758 178 37 budgetår.
1537 758 77 30 Med

105 820 136 35 hänsyn
262 817 116 31 härtill
400 818 64 29 har
485 817 166 30 utskottet
672 815 83 30 intet
780 818 49 26 att
850 812 114 32 erinra
988 816 71 27 mot
1083 815 48 28 att
1158 811 139 36 slutliga
1322 810 132 36 förslag
1480 810 9 29 i
1515 808 100 37 fråga

105 879 57 21 om
194 867 350 38 anslagsanvisnings-
575 868 65 29 och
671 863 454 37 redovisningsförfarandet
1155 862 209 35 framläggas
1394 861 86 30 först
1510 861 105 29 sedan

106 922 56 29 det
183 929 69 27 nya
272 922 162 33 systemet
451 920 140 35 prövats
613 915 194 39 ytterligare
825 915 114 36 någon
958 914 58 31 tid.

150 971 73 30 Vad
243 969 109 37 angår
373 971 66 29 den
459 978 42 21 av
521 965 380 39 departementschefen
921 965 146 31 berörda
1088 963 123 37 frågan
1231 972 57 21 om
1309 959 307 39 anslagsöverskri-

107 1021 137 31 danden
267 1021 64 30 hos
358 1019 240 31 affärsverken
622 1018 65 30 har
712 1018 164 30 utskottet
903 1019 109 27 ansett
1037 1015 136 30 erinran
1200 1014 75 30 icke
1301 1014 84 30 böra
1411 1012 107 30 riktas
1545 1015 72 27 mot

106 1075 49 28 att
175 1070 258 32 vederbörande
452 1070 99 30 verks
571 1068 342 37 dispositionsanslag
932 1066 57 31 får
1007 1064 198 32 förskottvis
1227 1064 177 30 användas
1429 1063 54 30 för
1502 1062 115 37 igång-

108 1123 157 30 sättande
282 1132 43 20 av
344 1120 122 31 sådant
485 1120 142 36 företag,
647 1119 112 30 vartill
777 1118 112 30 medel
910 1117 149 30 anvisats
1079 1116 55 30 för
1155 1117 55 29 det
1230 1114 155 37 följande
1405 1112 211 37 budgetåret,

108 1173 80 30 eller
205 1174 62 29 där
286 1171 38 31 så
341 1171 171 30 erfordras
534 1171 54 30 för
606 1169 228 31 fortsättande
853 1178 42 20 av
917 1167 131 37 företag
1069 1168 120 29 utöver
1206 1167 67 29 vad
1291 1165 55 30 för
1365 1164 150 37 löpande
1532 1164 85 30 bud-

109 1223 93 37 getår
217 1222 144 36 beviljat
376 1220 349 38 investeringsanslag
744 1218 183 37 medgiver.
950 1217 134 31 Sådana
1106 1217 147 30 förskott
1274 1217 85 29 böra
1379 1218 133 27 snarast
1534 1214 85 30 efter

108 1272 306 38 budgetårsskiftet
429 1273 145 29 ersättas
592 1281 43 21 av
652 1271 110 30 medel
780 1269 79 31 från
877 1268 256 32 vederbörande
1150 1265 356 38 investeringsanslag.
1527 1265 91 36 Upp-

111 1325 65 38 gift
193 1325 149 30 rörande
361 1324 172 30 storleken
552 1332 42 20 av
613 1324 41 30 de
673 1322 157 34 förskott,
850 1330 75 21 som
943 1321 119 28 kunna
1081 1319 142 29 komma
1244 1321 49 26 att
1311 1316 185 36 medgivas,
1518 1324 99 27 synes

109 1384 85 30 böra
214 1383 134 30 lämnas
371 1381 183 36 riksdagen
577 1381 9 30 i
610 1380 170 30 samband
802 1379 79 29 med
903 1379 41 29 de
963 1377 107 36 årliga
1091 1376 279 36 redogörelserna
1392 1374 55 31 för
1467 1373 152 31 använd-

110 1433 127 36 ningen
259 1442 43 21 av
325 1430 395 38 dispositionsanslagen.

155 1484 73 30 Vad
249 1480 382 38 departementschefen
654 1478 175 38 föreslagit
851 1479 10 30 i
881 1478 98 36 fråga
1002 1488 56 20 om
1079 1476 235 31 bestridandet
1334 1485 42 21 av
1397 1474 224 31 oförutsedda

111 1533 140 37 utgifter
277 1532 47 37 på
352 1531 305 37 kapitalbudgeten
684 1531 64 30 har
777 1530 30 36 ej
834 1528 83 37 givit
944 1529 164 29 utskottet
1138 1527 185 37 anledning
1350 1525 50 31 till
1428 1524 147 31 erinran.

155 1585 13 30 I
194 1584 97 35 fråga
317 1593 58 20 om
402 1581 248 37 dispositionen
674 1591 43 20 av
741 1580 175 31 överskott
940 1589 42 20 av
1006 1578 128 30 likvida
1159 1577 110 30 medel
1294 1577 62 29 hos
1381 1575 240 31 affärsverken

110 1636 64 29 har
193 1632 381 38 departementschefen
595 1631 183 38 föreslagit,
801 1634 48 26 att
867 1629 190 37 insättning
1081 1638 41 20 av
1143 1628 131 30 sådana
1297 1627 110 30 medel
1428 1628 72 27 mot
1522 1626 99 29 ränta

111 1686 62 30 hos
201 1684 331 36 riksgäldskontoret
558 1683 76 30 icke
662 1683 86 29 skall
778 1683 63 34 äga
870 1690 78 20 rum
976 1679 78 31 från
1080 1679 64 31 och
1171 1679 78 29 med
1275 1679 100 28 nästa
1401 1675 177 38 budgetår.
1607 1675 13 30 I

112 1737 66 29 den
200 1735 82 31 mån
306 1733 286 38 uppkommande
618 1734 173 30 överskott
814 1733 59 29 äro
898 1740 43 21 av
966 1729 262 37 stadigvarande
1251 1731 103 27 natur
1379 1727 110 30 skulle
1512 1728 42 29 de
1579 1735 42 20 av

111 1786 116 30 verket
251 1789 169 32 upptagas
444 1783 114 31 såsom
583 1784 151 29 inkomst
757 1784 10 29 i
790 1780 336 37 investeringsstaten
1150 1783 64 28 och
1238 1778 200 36 därigenom
1462 1778 161 36 upphöra

112 1840 48 27 att
179 1845 82 22 vara
283 1835 210 37 tillgängliga
514 1835 55 30 för
591 1834 116 30 verket
729 1832 116 32 såsom
865 1831 247 31 rörelsemedel.
1137 1830 65 30 Om
1227 1828 396 31 likviditetsöverskottet

113 1886 72 31 åter
201 1888 38 29 är
258 1895 42 21 av
317 1885 148 36 tillfällig
482 1888 114 32 natur,
616 1884 110 30 skulle
743 1883 145 34 medlen,
909 1881 45 37 på
973 1891 131 20 samma
1123 1882 65 28 sätt
1206 1889 74 20 som
1298 1880 9 28 i
1325 1878 97 36 fråga
1440 1887 56 21 om
1515 1878 108 30 andra

113 1936 134 37 statliga
268 1937 93 35 verk,
382 1935 142 30 insättas
544 1934 46 37 på
613 1932 256 37 checkräkning
890 1932 10 30 i
921 1931 219 30 riksbanken.
1165 1930 74 30 Vad
1262 1928 146 31 sålunda
1430 1922 193 46 föreslagits

115 1986 69 31 står
210 1987 11 30 i
247 1985 342 32 överensstämmelse
615 1985 78 29 med
720 1984 201 34 riksdagens
948 1981 142 36 tidigare
1118 1981 130 29 fattade
1274 1980 112 30 beslut
1412 1988 57 22 om
1498 1977 124 30 affärs-

113 2038 144 29 verkens
276 2035 289 37 pensionsfonds-
589 2035 65 30 och
673 2032 401 38 förnyelsefondsmedel
1096 2034 89 26 samt
1206 2031 80 29 med
1308 2029 240 35 huvudregeln
1568 2027 56 30 för

114 2086 255 37 behandlingen
398 2097 42 19 av
471 2085 371 31 likviditetsöverskott.
876 2083 169 30 Utskottet
1074 2082 112 29 finner
1217 2081 49 35 sig
1299 2079 119 32 därför
1446 2080 85 29 böra
1560 2078 63 30 till-

116 2139 116 35 styrka
257 2138 123 34 Kungl.
405 2136 117 36 Maj:ts
545 2136 128 36 förslag
695 2136 130 36 jämväl
847 2133 10 30 i
880 2135 113 29 denna
1016 2134 62 29 del.

160 2189 169 29 Utskottet
355 2187 206 34 hemställer,

470 2273 47 26 att
540 2269 182 34 riksdagen
747 2267 56 30 må

471 2320 29 37 a)
533 2318 207 37 bemyndiga
767 2317 121 34 Kungl.
918 2316 99 35 Maj:t
1041 2319 48 26 att
1117 2315 7 29 i
1149 2313 339 31 överensstämmelse
1513 2313 77 28 med
1616 2310 9 29 i

427 2368 372 36 statsrådsprotokollet
822 2369 81 27 över
926 2365 266 30 finansärenden
1218 2364 53 29 för
1293 2365 65 28 den
1381 2364 40 28 24
1448 2362 68 36 maj
1544 2362 83 29 1946

429 2420 181 28 förordade
629 2419 148 36 grunder
795 2416 182 36 disponera
996 2418 79 28 över
1092 2416 41 28 de
1154 2415 53 29 för
1226 2413 255 30 vederbörande
1502 2411 123 30 affärs-

428 2471 80 28 verk
538 2468 163 30 anvisade
730 2466 386 37 dispositionsanslagen
1145 2466 52 29 för
1227 2463 243 36 förskottering
1500 2472 42 20 av
1571 2462 54 29 be-

428 2520 133 30 slutade
587 2516 377 38 investeringsutgifter;

1665 716 127 25 Utskottet.
