2160 2644
642 197 367 32 Konstitutionsutskottets
1038 198 159 32 Utlåtande
1220 199 63 32 N:o
1308 201 50 31 13.

1784 204 16 27 [dad

898 686 92 43 N:o
1026 687 69 42 13.

887 879 65 26 Ank.
972 880 43 25 till
1032 880 90 26 Biksd.
1142 880 87 26 kansli
1247 881 49 26 den
1317 881 12 25 1
1349 882 51 32 maj
1422 882 72 31 1889,
1513 882 33 26 kl.
1568 883 31 25 12
1618 882 79 27 midd.

392 1019 442 37 Konstitutionsutskottets
875 1019 195 45 utlåtande,
1114 1021 12 34 i
1162 1021 196 48 anledning
1385 1023 46 47 af
1455 1022 102 36 väckt
1583 1023 131 35 motion
1742 1036 55 22 om

594 1087 156 48 ändring
777 1088 46 48 af
846 1086 26 46 $
899 1088 48 36 13
973 1088 330 49 regeringsformen.

291 1204 53 36 På
385 1204 65 37 det
491 1210 55 31 att
586 1208 83 33 vårt
710 1205 77 37 folk
821 1207 83 35 icke
933 1212 79 31 mot
1039 1208 55 35 sin
1125 1208 89 48 vilja
1243 1211 115 34 måtte
1387 1208 176 49 indragas
1592 1210 11 34 i
1631 1209 165 49 krigiska

191 1254 292 50 förvecklingar,
526 1256 191 36 äfvensom
760 1263 56 30 att
856 1258 313 48 upprigtigheten
1211 1258 39 37 af
1287 1263 67 32 vår
1396 1260 142 36 önskan
1576 1266 56 30 att
1660 1261 138 36 bevara

191 1305 132 36 freden
365 1311 114 31 måtte
522 1308 139 47 tydligt
693 1308 155 36 framstå
877 1309 69 35 och
976 1309 219 48 derigenom
1224 1310 128 48 hvarje
1381 1311 160 47 anspråk
1570 1311 82 36 från
1681 1313 117 35 andra

191 1363 164 42 magters
396 1358 81 36 sida
520 1362 46 44 på
607 1359 132 36 allians
774 1360 84 35 med
889 1373 60 23 oss
977 1361 268 44 tillbakavisas,
1275 1361 67 36 har
1370 1362 87 35 herr
1485 1362 43 35 L.
1562 1360 39 38 O.
1632 1361 124 46 Smith,
1787 1365 10 33 i

191 1408 183 36 samband
414 1409 86 35 med
542 1410 117 35 andra
699 1409 142 49 förslag
880 1411 59 36 till
976 1412 427 48 grundlagsändringar,
1433 1413 126 35 hvilka
1588 1413 77 36 afse
1695 1427 102 23 mera

191 1459 262 49 betryggande
482 1459 141 36 former
651 1468 47 28 än
726 1461 46 35 de
806 1463 218 35 nuvarande
1054 1462 57 35 för
1139 1463 277 49 behandlingen
1446 1463 40 36 af
1511 1464 177 44 ärenden,
1717 1478 80 22 som

191 1513 96 43 angå
327 1510 117 36 rikets
474 1510 237 37 förhållande
744 1512 58 35 till
830 1512 234 37 främmande
1093 1520 157 41 magter,
1280 1515 101 35 inom
1410 1514 132 36 Första
1572 1515 224 36 Kammaren

190 1561 113 35 väckt
344 1573 46 23 en
427 1562 58 34 till
527 1562 466 37 konstitutionsutskottet
1029 1563 257 37 öfverlemnad
1315 1566 158 44 motion,
1502 1579 60 22 n:o
1593 1569 58 42 56,
1680 1566 40 35 af
1745 1567 53 35 in-

191 1611 143 35 nehåll:

290 1667 75 30 »att
405 1662 366 48 regeringsformens
806 1661 17 48 $
855 1666 43 34 13
928 1668 59 32 må
1016 1665 142 36 erhålla
1187 1665 164 48 följande
1380 1665 227 38 förändrade
1636 1668 159 47 lydelse:

292 1712 211 49 Konungen
532 1717 60 33 må
621 1715 30 47 ej
682 1714 107 47 börja
817 1715 84 48 krig
930 1716 90 35 eller
1049 1716 98 36 sluta
1176 1715 80 37 fred
1281 1723 90 29 utan
1391 1717 249 48 Riksdagens,
1660 1732 136 35 genom

190 1763 97 36 båda
333 1764 218 36 kamrarnes
599 1766 404 36 sammanstämmande
1049 1767 138 47 beslut,
1235 1768 222 35 meddelade
1504 1770 193 46 samtycke
1738 1770 59 36 till

191 1813 232 50 Konungens
451 1815 132 36 derom
611 1815 142 49 afgifna
782 1817 266 47 proposition.»

290 1865 66 36 Ett
397 1866 155 36 alldeles
580 1867 76 35 lika
684 1868 163 47 lydande
875 1867 141 49 förslag
1045 1869 67 35 har
1140 1868 206 37 framstälts
1375 1869 39 36 af
1439 1883 139 23 samme
1607 1872 190 36 motionär

189 1916 10 35 1
242 1916 117 36 andra
400 1917 171 47 punkten
613 1917 40 37 af
678 1918 91 36 hans
798 1919 102 35 inom
929 1919 133 36 Första
1091 1919 224 37 Kammaren
1344 1921 147 44 väckta,
1519 1922 58 35 till
1607 1923 189 36 utskottet

185 1967 142 47 jemväl
356 1968 245 36 remitterade
631 1970 156 43 motion,
817 1983 59 22 n:o
907 1972 58 42 54,
995 1970 152 36 hvilken
1177 1972 211 36 emellertid
1417 1972 83 36 icke
1521 1973 210 36 innehåller
1751 1988 45 22 en

189 2021 40 32 så
258 2017 161 49 utförlig
446 2019 228 48 motivering
702 2033 80 23 som
810 2020 247 37 förenämnda
1084 2022 145 36 motion
1258 2036 59 22 n:o
1348 2025 58 34 56.

290 2069 56 35 Då
375 2069 223 49 betydelsen
633 2071 40 35 af
704 2071 105 36 detta
838 2072 324 48 ändringsförslag
1190 2073 318 48 hufvudsakligen
1536 2075 113 36 beror
1678 2076 117 44 deraf,

190 2119 99 36 huru
317 2120 88 36 vida
433 2134 51 22 nu
512 2122 176 47 gällande
716 2122 238 37 föreskrifter
982 2137 61 22 om
1062 2124 145 36 besluts
1227 2124 169 36 fattande
1417 2126 11 34 i
1448 2125 176 36 afseende
1645 2130 47 44 på
1712 2128 84 47 krig

189 2171 71 35 och
289 2170 83 36 fred
401 2177 97 30 samt
526 2185 60 22 om
615 2172 242 37 anskaffande
887 2173 40 36 af
951 2174 45 35 de
1025 2175 58 35 till
1104 2180 55 31 ett
1179 2175 101 48 krigs
1300 2175 201 37 utförande
1521 2177 138 49 nödiga
1679 2178 117 35 finan-

188 2221 106 36 siella
323 2222 230 48 hjelpmedel
585 2223 185 36 innefatta
799 2224 228 48 tillräckliga
1055 2227 192 46 garantier
1275 2232 79 30 mot
1382 2240 44 22 en
1455 2226 193 37 förhastad
1678 2229 118 46 krigs-

189 2271 220 51 förklaring,
451 2274 143 35 tillåter
634 2275 57 48 sig
734 2275 188 36 utskottet
963 2281 56 31 att
1060 2277 124 35 erinra
1226 2290 60 22 om
1328 2278 45 35 de
1406 2277 295 46 bestämmelser,
1731 2283 65 32 vår
