1912 2834
523 155 274 31 Statsutskottets
823 154 176 31 utlåtande
1023 163 41 21 nr
1092 153 68 31 165.
1603 147 19 30 5

159 240 340 36 Järnvägsstyrelsen
527 239 65 31 har
620 240 10 30 i
663 238 172 31 infordrat
863 236 178 32 utlåtande
1071 237 186 36 hemställt,
1288 241 49 26 att
1368 236 122 35 Kungl.
1523 235 101 37 Maj:t

115 290 106 31 måtte
242 289 127 32 föreslå
388 290 185 36 riksdagen
593 288 72 34 dels
686 289 132 30 besluta
839 292 50 27 att
910 287 156 31 aktierna
1086 288 12 30 i
1117 288 264 35 Bergslagernas
1403 296 45 20 m.
1470 286 36 30 fl.
1530 286 93 36 järn-

115 341 280 36 vägsaktiebolag
418 340 57 31 må
497 339 45 37 på
564 341 273 29 överenskomna
859 338 125 31 villkor
1005 338 180 33 förvärvas
1210 348 43 20 av
1276 341 120 34 staten,
1420 337 72 31 dels
1515 337 65 30 ock
1603 335 21 32 å

116 392 184 30 riksstaten
330 392 55 29 för
414 390 201 37 budgetåret
646 386 138 42 1947/48
813 389 20 31 å
864 388 305 38 kapitalbudgeten
1198 388 111 30 under
1338 387 121 31 rubrik
1488 388 135 30 Statens

115 441 350 37 affärsverksfonder,
493 445 128 27 statens
648 441 186 37 järnvägar
860 440 50 31 till
937 440 151 31 Förvärv
1115 449 43 21 av
1185 438 111 31 aktier
1322 439 10 30 i
1361 439 262 35 Bergslagernas

115 503 44 20 m.
181 493 36 30 fl.
240 492 360 38 järnvägsaktiebolag
622 491 120 31 anvisa
766 495 47 28 ett
834 490 346 36 investeringsanslag
1201 499 43 21 av
1266 491 41 29 80
1321 490 63 30 500
1398 490 63 30 000
1483 490 139 29 kronor.

159 544 337 36 Järnvägsstyrelsen
520 543 65 30 har
605 543 10 29 i
640 542 198 36 anslutning
861 541 115 30 därtill
999 541 83 36 givit
1104 542 139 35 uttryck
1266 539 34 33 åt
1325 540 52 30 sin
1399 539 224 37 uppfattning

115 594 147 31 rörande
285 594 199 30 fördelarna
506 593 77 31 med
606 598 45 26 ett
673 592 231 31 införlivande
926 602 42 21 av
989 592 269 36 bergslagsnätet
1280 592 78 29 med
1381 594 128 27 statens
1530 590 92 36 järn-

115 645 115 35 vägar,
252 644 235 36 beräkningen
507 653 41 20 av
571 643 354 39 GDG-järnvägarnas
947 642 226 36 affärsvärde,
1197 642 284 36 anslagsbehovet
1494 641 56 31 för
1561 641 59 30 ak-

118 694 235 31 tieförvärvets
376 694 271 36 genomförande
668 698 89 26 samt
780 694 326 39 järnvägsbolagens
1128 692 154 31 fortvaro
1304 693 66 30 tills
1392 692 118 30 vidare
1533 695 91 27 samt

115 745 214 30 likvidation.
356 745 220 29 Härutinnan
602 743 53 31 får
680 745 165 29 utskottet
868 744 146 30 hänvisa
1039 744 49 30 till
1112 743 259 36 propositionen
1403 742 36 38 (s.
1464 740 158 39 25—34).

159 797 172 36 Styrelsen
357 796 65 30 har
447 795 381 35 sammanfattningsvis
856 794 125 36 anfört,
1009 798 49 27 att
1084 794 185 36 styrelsens
1294 792 329 37 ställningstagande

115 847 49 31 till
189 846 231 31 förevarande
442 846 204 36 uppgörelse
667 846 166 30 bestämts
857 855 41 20 av
923 843 393 38 järnvägsekonomiska
1338 844 65 30 och
1431 842 191 38 trafikpoli-

115 897 90 31 tiska
229 897 118 31 motiv.
375 898 163 29 Däremot
564 896 90 31 hade
679 897 57 30 det
761 900 128 27 ansetts
914 896 89 35 ligga
1027 895 141 31 utanför
1196 896 182 35 styrelsens
1404 895 217 35 kompetens-

114 947 142 33 område
278 952 51 27 att
352 949 84 29 söka
459 948 176 35 klarlägga
658 947 66 30 och
747 947 148 30 bedöma
919 947 189 30 eventuella
1134 945 301 37 följdverkningar
1457 944 46 37 på
1525 943 97 38 kapi-

115 998 265 31 talmarknaden
404 998 65 30 och
491 997 315 37 prisutvecklingen
828 998 10 29 i
860 997 199 30 allmänhet.

158 1049 231 35 Fullmäktige
413 1050 10 28 i
447 1046 332 39 riksgäldskontoret
802 1049 91 29 hava
916 1047 126 36 avgivit
1066 1047 161 37 yttrande
1252 1047 10 30 i
1289 1046 141 31 ärendet
1454 1046 65 30 och
1546 1045 75 30 där-

114 1099 56 30 vid
188 1099 221 31 beträffande
428 1099 190 30 förvärvets
637 1099 227 36 finansiering
882 1098 117 31 anfört
1017 1097 165 38 följande.

159 1167 170 31 Likviden
346 1177 44 21 av
408 1167 58 31 det
486 1167 263 37 sammanlagda
767 1167 160 36 beloppet
945 1166 56 31 för
1020 1169 127 28 statens
1166 1165 235 31 aktieförvärv
1418 1165 11 30 i
1449 1165 68 30 alla
1538 1163 82 32 ifrå-

112 1211 200 34 gavarande
332 1210 111 36 bolag,
467 1210 190 36 utgörande
681 1209 161 38 omkring
864 1210 71 36 80,5
956 1208 86 37 milj.
1065 1209 139 37 kronor,
1231 1208 89 31 skall
1345 1208 87 31 efter
1453 1207 167 36 säljarens

114 1252 137 31 önskan
269 1253 61 30 ske
347 1253 146 30 kontant
511 1252 83 31 eller
609 1252 12 30 i
642 1252 250 36 treprocentiga
911 1251 321 37 statsobligationer.
1252 1250 66 31 Vid
1338 1251 109 30 likvid
1464 1250 10 30 i
1492 1249 128 37 obliga-

115 1295 110 31 tioner
245 1295 71 30 kan
339 1295 112 30 denna
474 1294 61 31 ske
555 1304 43 21 av
622 1295 56 30 det
700 1296 19 29 3
742 1297 161 33 procents
924 1293 67 38 lån,
1018 1294 212 31 förfallande
1255 1292 39 31 år
1320 1294 91 34 1992,
1436 1302 74 22 som
1534 1292 85 31 riks-

112 1336 261 36 gäldskontoret
397 1337 152 36 upplade
570 1338 12 30 i
610 1337 181 31 december
818 1337 93 30 1946.
935 1337 52 30 Av
1014 1337 92 30 detta
1132 1335 59 31 lån
1215 1335 118 31 finnas
1356 1335 264 37 obligationsva-

114 1380 90 31 lörer
228 1379 20 31 å
278 1380 40 30 10
331 1380 74 37 000,
434 1380 17 30 5
465 1380 65 31 000
554 1380 65 30 och
648 1380 94 30 1000
767 1380 139 30 kronor.
933 1378 53 31 Då
1014 1379 110 30 under
1150 1379 204 30 nuvarande
1378 1377 242 31 förhållanden

115 1426 47 28 ett
189 1423 228 30 utlämnande
443 1432 42 21 av
515 1423 98 30 dessa
639 1422 228 36 obligationer
893 1422 51 30 till
971 1421 195 30 underkurs
1193 1420 31 36 ej
1257 1421 70 30 kan
1354 1419 266 37 ifrågakomma,

115 1465 98 31 skola
239 1464 273 36 obligationerna
541 1463 101 31 alltså
667 1462 282 32 tillhandahållas
975 1463 51 30 till
1050 1463 76 36 pari
1152 1464 91 34 eller,
1273 1463 114 30 därest
1411 1462 211 30 börskursen

116 1506 75 32 före
213 1507 67 31 den
306 1508 14 28 1
343 1506 291 31 nästkommande
653 1505 63 38 juli
738 1506 112 31 skulle
870 1506 86 36 stiga
977 1507 81 29 över
1079 1505 86 36 pari,
1189 1505 51 30 till
1261 1505 67 30 den
1351 1505 92 36 kurs,
1465 1514 75 21 som
1560 1513 60 21 no-

116 1553 89 27 teras
225 1549 66 30 den
311 1549 41 30 30
373 1548 75 37 juni
472 1549 92 30 1947.

160 1632 117 31 Under
294 1632 209 37 hänvisning
520 1633 51 30 till
591 1635 49 28 att
658 1633 42 30 de
718 1632 220 31 remitterade
957 1632 255 36 handlingarna
1232 1631 76 31 icke
1326 1631 163 31 lämnade
1507 1629 113 38 någon

115 1683 212 37 upplysning
349 1692 56 22 om
431 1684 41 30 de
499 1683 157 37 grunder,
684 1683 88 30 efter
798 1683 93 31 vilka
915 1692 83 21 man
1021 1682 242 31 framkommit
1288 1682 49 32 till
1363 1683 41 30 de
1429 1682 10 30 i
1464 1683 156 29 överens-

114 1734 257 31 kommelserna
390 1734 149 36 angivna
556 1734 156 36 priserna
732 1734 55 31 för
803 1734 168 37 aktierna,
990 1734 156 30 förklara
1166 1733 227 37 fullmäktige,
1414 1737 49 27 att
1480 1734 43 30 de
1544 1733 76 30 där-

115 1784 56 31 för
190 1784 77 31 icke
287 1785 90 30 hava
401 1784 179 37 möjlighet
600 1788 48 27 att
669 1784 149 31 bedöma
837 1785 175 36 prisernas
1034 1784 180 36 skälighet,
1237 1787 90 27 samt
1348 1784 124 30 anföra
1493 1783 126 31 vidare.

159 1852 195 37 Anledning
377 1852 115 31 finnes
520 1852 189 30 emellertid
735 1857 49 26 att
812 1856 135 33 antaga,
973 1856 49 27 att
1046 1853 99 30 dessa
1172 1852 77 30 icke
1273 1852 134 30 kunnat
1431 1851 116 37 undgå
1573 1856 49 27 att

115 1893 170 37 påverkas
305 1903 43 21 av
367 1895 66 30 den
453 1894 56 31 för
526 1895 219 30 närvarande
763 1894 155 32 rådande
936 1894 333 36 högkonjunkturen
1288 1895 65 29 och
1374 1904 42 20 av
1439 1895 56 29 det
1513 1902 107 28 gynn-

116 1946 134 21 samma
269 1937 75 35 läge
358 1935 266 37 ifrågavarande
643 1937 266 36 järnvägsbolag
926 1936 120 31 därför
1063 1937 55 29 för
1135 1937 218 29 närvarande
1369 1936 143 31 befinna
1531 1935 50 38 sig
1600 1936 19 30 i.

115 1978 232 36 Fullmäktige
369 1978 83 36 vilja
476 1979 111 29 under
608 1978 131 31 sådana
763 1979 294 35 omständigheter
1079 1977 204 37 ifrågasätta
1306 1978 246 36 lämpligheten
1579 1988 43 20 av

115 2024 49 27 att
191 2030 47 21 nu
262 2020 44 37 gå
332 2021 50 30 till
406 2021 141 29 förvärv
572 2030 42 20 av
639 2020 266 36 ifrågavarande
931 2021 119 36 aktier,
1076 2020 105 31 vilket
1278 2021 151 30 förutom
1457 2021 163 30 framtida

116 2063 231 35 övertagande
368 2073 42 20 av
432 2062 327 37 järnvägsbolagens
783 2064 141 30 skulder
943 2081 44 3 —
1012 2063 109 30 skulle
1143 2063 108 30 kräva
1274 2067 45 27 ett
1343 2063 111 30 direkt
1475 2062 145 36 kapital-

115 2105 116 36 utlägg
256 2115 43 20 av
323 2105 161 36 omkring
508 2105 69 35 80,5
599 2105 162 35 miljoner
781 2106 138 30 kronor.
944 2106 63 29 Det
1032 2115 100 26 synes
1154 2105 77 31 icke
1252 2105 207 37 osannolikt,
1483 2108 48 28 att
1554 2110 66 25 sta-

115 2150 57 27 ten
192 2148 186 29 framdeles
398 2148 8 29 i
428 2150 47 27 ett
494 2151 106 26 annat
621 2147 295 36 konjunkturläge
935 2148 110 30 skulle
1066 2148 118 30 kunna
1205 2147 141 31 komma
1367 2147 91 30 fram
1482 2147 48 31 till
1552 2147 68 30 för-

116 2188 212 36 delaktigare
351 2189 118 35 priser.
497 2189 63 29 Till
588 2189 55 30 det
669 2199 45 20 nu
742 2190 147 29 anförda
915 2190 166 35 kommer,
1108 2193 49 26 att
1184 2190 138 30 affären
1348 2190 111 30 skulle
1481 2198 139 27 genom-

116 2230 93 31 föras
231 2232 110 29 under
363 2235 47 26 ett
432 2231 218 35 synnerligen
674 2236 206 30 ogynnsamt
901 2232 75 34 läge
998 2230 43 36 på
1062 2231 360 35 kapitalmarknaden.
1446 2231 174 30 Fullmäk-

117 2272 65 35 tive
206 2282 84 20 anse
314 2272 50 37 sig
390 2273 76 30 icke
489 2273 65 29 här
577 2273 84 30 böra
686 2274 161 29 närmare
872 2273 78 34 ingå
974 2272 46 36 på
1045 2274 91 29 detta
1164 2275 112 33 ämne,
1303 2283 79 20 men
1406 2273 82 36 vilja
1515 2273 104 30 fram-

115 2313 103 37 hålla,
244 2317 49 27 att
316 2324 42 20 en
382 2313 190 36 upplåning
595 2324 41 20 av
660 2316 41 28 80
725 2315 160 36 miljoner
910 2315 129 29 kronor
1062 2317 120 27 utöver
1210 2316 42 29 de
1277 2314 343 36 lånetransaktioner,

116 2365 74 21 som
218 2355 218 34 fullmäktige
459 2355 109 31 måste
591 2356 110 29 räkna
725 2358 79 28 med
829 2357 108 29 under
963 2357 65 29 den
1052 2359 175 27 närmaste
1251 2356 102 36 tiden,
1379 2360 49 27 alt
1452 2358 103 29 döma
1579 2366 42 21 av

116 2398 89 35 läget
225 2398 55 29 för
302 2398 108 35 dagen
431 2398 75 30 icke
527 2398 94 30 torde
644 2408 80 20 vara
750 2398 120 36 möjlig
889 2402 48 26 att
960 2398 114 30 utföra
1093 2400 45 33 på
1159 2399 225 29 marknaden.
