1912 2828
301 130 37 29 12
731 138 275 32 Atatsutskottets
1031 141 177 30 utlåtande
1234 152 39 20 nr
1300 144 68 29 165.

302 217 216 38 fullmäktige
537 220 119 32 anfört
676 221 210 37 svårigheter
906 223 134 37 uppstå.
1064 225 109 31 Dessa
1194 225 207 37 svårigheter
1422 228 150 31 hänföra
1594 229 50 36 sig
1666 230 11 30 i
1699 230 108 31 första

302 269 96 31 hand
420 270 48 31 till
490 269 256 39 lånebeloppets
767 274 138 30 storlek.
926 274 49 30 Av
996 276 85 35 skäl,
1105 276 94 31 vilka
1218 277 160 31 närmare
1399 278 98 31 skola
1517 280 177 31 utvecklas
1714 281 12 30 i
1747 281 58 30 det

303 319 164 37 följande,
489 322 98 30 torde
606 323 189 31 emellertid
816 324 152 31 likviden
988 326 55 30 för
1065 326 159 32 aktierna
1243 328 11 29 i
1274 328 58 36 BJ,
1355 328 53 31 DJ
1429 330 65 29 och
1518 329 118 37 LLEJ,
1659 331 145 36 tillhopa

303 371 160 37 omkring
481 373 71 34 55,2
570 373 162 36 miljoner
751 375 139 35 kronor,
910 376 142 30 komma
1073 380 49 28 att
1141 377 165 36 fullgöras
1327 379 88 31 först
1433 380 112 30 under
1563 381 123 30 hösten
1710 382 94 34 1947,

303 422 124 30 medan
453 423 119 36 övriga
595 424 120 36 aktier,
742 425 56 30 för
823 426 95 30 vilka
944 426 271 38 likvidbeloppet
1239 428 135 37 uppgår
1400 430 50 30 till
1477 433 231 36 sammanlagt
1733 441 71 21 om-

302 472 101 37 kring
421 473 68 35 25,1
509 473 163 37 miljoner
692 475 137 37 kronor,
850 476 120 32 kunna
987 478 128 30 inlösas
1137 479 106 30 redan
1262 480 66 30 den
1354 481 14 29 1
1389 480 64 36 juli
1477 482 92 30 1947.
1593 483 79 30 Med
1691 483 113 30 denna

303 520 194 39 fördelning
518 533 43 20 av
580 523 192 32 likviderna
785 525 143 32 komma
941 528 272 37 uppenbarligen
1227 530 251 37 verkningarna
1492 532 45 36 på
1557 533 248 37 kapitalmark-

301 573 113 30 naden
441 577 49 28 att
515 575 153 30 mildras.
697 575 125 32 Vidare
848 578 40 29 är
912 581 50 27 att
986 579 132 36 märka,
1145 583 50 27 att
1219 581 43 29 de
1287 581 132 31 likvida
1443 583 111 29 medel
1580 593 74 20 som
1684 585 118 29 kunna

301 623 142 32 komma
462 628 50 27 att
531 625 156 37 erläggas
708 627 59 30 vid
785 628 278 32 aktieförvärven
1086 630 11 30 i
1120 630 52 30 sin
1195 635 54 26 tur
1269 630 110 32 måste
1398 633 155 35 placeras
1575 643 42 21 av
1640 630 162 45 säljarna.

302 674 260 32 Kommunerna
582 677 99 30 torde
701 678 121 30 därvid
844 696 45 4 —
911 679 11 30 i
942 680 66 30 den
1029 679 83 31 mån
1136 682 135 31 medlen
1293 682 76 31 icke
1389 684 214 31 omedelbart
1625 686 178 30 användas

303 723 57 30 för
376 724 248 38 investeringar
640 744 45 4 —
703 727 65 31 tills
789 728 119 31 vidare
923 729 141 31 komma
1081 735 51 27 att
1149 732 136 35 placera
1304 734 137 30 medlen
1456 735 11 29 i
1485 735 93 30 bank
1594 737 85 30 eller
1693 737 8 27 i
1721 737 83 30 obli-

302 774 156 35 gationer
477 775 81 30 eller
573 775 108 32 också
701 778 161 31 använda
881 779 77 30 dem
976 779 55 31 för
1047 780 251 39 återbetalning
1316 793 43 20 av
1379 784 149 33 skulder.
1549 786 15 29 I
1585 785 37 31 så
1641 786 61 31 fall
1720 797 85 26 upp-

303 823 158 32 kommer
482 825 77 31 icke
584 831 106 27 annat
713 828 46 30 än
784 837 42 21 en
853 831 172 35 temporär
1049 832 156 36 störning
1228 832 44 37 på
1299 833 359 37 kapitalmarknaden.
1686 837 121 30 Denna

303 875 98 31 torde
423 876 187 32 emellertid
633 877 119 31 kunna
772 879 154 36 mildras,
949 890 57 20 om
1029 881 332 37 riksgäldskontoret
1383 884 149 31 erhåller
1554 886 180 37 möjlighet
1757 891 49 28 att

303 924 58 30 vid
380 926 286 35 genomförandet
686 937 41 21 av
746 928 267 37 ifrågavarande
1035 932 256 32 transaktioner
1309 933 36 31 få
1367 934 137 38 förfoga
1527 937 81 30 över
1630 937 175 37 järnvägs-

303 976 181 35 styrelsens
503 977 260 40 värdeportfölj,
784 979 115 31 vilken
919 980 191 34 innehåller
1130 982 226 37 obligationer
1373 994 42 21 av
1435 986 93 30 olika
1547 989 100 34 typer
1664 1005 45 4 —
1729 989 75 30 där-

302 1024 119 33 ibland
444 1027 85 29 även
553 1026 186 39 Göteborgs
764 1030 96 32 stads
883 1030 58 31 lån
965 1050 44 4 —
1032 1032 52 31 till
1110 1037 48 26 ett
1182 1035 228 36 sammanlagt
1433 1036 180 32 nominellt
1638 1038 104 31 värde
1764 1048 43 21 av

303 1075 160 37 omkring
484 1078 60 29 160
568 1078 161 36 miljoner
747 1080 139 31 kronor.
909 1081 65 36 Jag
991 1081 101 37 utgår
1114 1082 80 31 från
1216 1086 48 29 att
1283 1085 342 39 riksgäldskontoret,
1648 1087 157 32 riksban-

302 1125 68 31 ken
388 1126 65 30 och
474 1126 330 39 järnvägsstyrelsen
826 1130 57 31 vid
902 1131 295 33 aktieförvärvens
1218 1135 64 29 och
1303 1135 210 32 likvidernas
1535 1138 272 35 genomförande

303 1175 141 33 komma
465 1180 49 27 att
533 1179 184 30 samverka
740 1179 56 31 för
818 1184 51 28 att
890 1181 46 36 på
957 1182 178 37 smidigast
1156 1184 140 39 möjliga
1320 1186 67 30 sätt
1409 1188 164 30 avveckla
1598 1189 206 30 transaktio-

302 1234 117 23 nerna.
447 1227 130 31 Därvid
600 1228 63 31 bör
685 1229 143 36 givetvis
851 1230 45 37 på
922 1231 150 32 förhand
1094 1233 147 32 kontakt
1267 1235 101 31 sökas
1395 1237 80 30 med
1498 1238 230 38 säljarparten
1751 1240 56 30 för

302 1279 49 27 att
377 1278 132 35 utröna,
537 1278 174 32 huruvida
733 1280 348 37 riksgäldskontorets
1109 1283 225 37 obligationer
1358 1287 65 30 och
1451 1290 128 28 statens
1603 1285 202 45 järnvägars

302 1326 248 41 värdeportfölj
570 1328 120 32 kunna
709 1330 112 31 direkt
842 1333 176 30 användas
1040 1332 56 31 för
1113 1334 169 32 likvidens
1303 1335 218 38 fullgörande
1538 1339 82 33 eller
1638 1348 57 21 om
1709 1340 96 36 eljest

301 1375 159 38 åtgärder
486 1378 10 30 i
523 1380 238 35 nyssnämnda
785 1380 92 37 syfte
902 1383 120 30 kunna
1045 1383 166 38 vidtagas.
1239 1386 63 31 Det
1326 1387 66 30 här
1418 1387 101 32 förda
1544 1385 261 46 resonemanget

302 1427 38 29 är
364 1428 154 31 närmast
543 1429 196 37 tillämpligt
764 1430 45 37 på
833 1431 182 32 förvärven
1039 1442 45 22 av
1108 1434 111 33 aktier
1243 1435 79 31 från
1343 1437 264 33 kommunerna.
1633 1435 94 36 Även
1750 1440 55 31 för

302 1477 43 31 de
375 1478 154 31 enskilda
562 1479 240 37 aktieägarnas
832 1482 271 32 vidkommande
1131 1485 145 37 uppstår
1304 1488 188 31 emellertid
1524 1493 45 27 ett
1599 1491 204 36 placerings-

302 1527 122 36 behov,
452 1538 73 21 som
550 1530 11 30 i
591 1530 65 32 den
681 1530 82 31 mån
791 1532 57 30 det
876 1532 112 31 direkt
1012 1534 82 31 eller
1118 1534 151 33 indirekt
1292 1537 111 31 riktar
1427 1538 52 37 sig
1506 1539 50 31 till
1584 1540 218 37 obligations-

301 1577 214 32 marknaden
541 1580 159 30 kommer
725 1585 48 29 att
799 1583 179 32 motverka
1005 1584 55 31 det
1085 1586 99 36 tryck
1211 1595 74 21 som
1309 1587 349 38 riksgäldskontorets
1683 1591 120 37 upplå-

299 1627 358 37 ningstransaktioner
680 1631 70 30 kan
777 1633 66 29 öva
870 1632 45 37 på
940 1635 225 31 marknaden.
1203 1637 50 30 De
1275 1637 94 31 förut
1392 1640 154 30 nämnda
1572 1641 187 33 skulderna
1783 1640 20 32 å

301 1677 96 32 cirka
419 1679 41 30 50
479 1680 162 36 miljoner
662 1681 138 37 kronor,
820 1683 94 32 vilka
935 1684 86 31 efter
1041 1686 163 36 bolagens
1223 1687 205 32 likvidation
1447 1690 98 30 skola
1564 1692 177 36 övertagas
1762 1702 42 20 av

301 1731 120 33 staten,
448 1731 137 35 utgöras
611 1731 276 38 huvudsakligen
911 1744 45 22 av
981 1735 220 37 obligations-
1225 1738 65 30 och
1311 1739 175 31 reverslån
1511 1741 79 30 med
1613 1741 93 32 olika
1731 1743 71 35 löp-

299 1778 61 30 lid.
382 1779 73 30 Här
472 1780 160 31 kommer
652 1786 109 27 staten
781 1786 50 27 att
852 1784 135 31 inträda
1006 1787 10 29 i
1038 1786 42 30 de
1099 1787 199 36 rättigheter
1317 1789 67 30 och
1406 1790 233 37 skyldigheter
1660 1802 73 21 som
1756 1802 47 21 nu

300 1827 90 32 åvila
418 1829 154 38 bolagen.
605 1830 111 38 Några
745 1833 210 37 verkningar
979 1835 45 36 på
1054 1837 348 36 kapitalmarknaden
1430 1841 150 31 behöver
1607 1842 92 31 detta
1728 1843 76 30 icke

301 1878 140 32 erhålla.

343 1930 97 31 Efter
458 1932 100 30 dessa
576 1934 260 36 överväganden
856 1935 65 31 har
938 1936 58 37 jag
1014 1937 148 31 kommit
1183 1938 49 31 till
1251 1940 64 30 den
1335 1940 278 39 uppfattningen,
1633 1945 51 28 att
1703 1945 96 28 stats-

297 1979 174 33 förvärvet
495 1992 42 21 av
563 1983 266 37 ifrågavarande
853 1986 111 30 aktier
989 2005 44 4 —
1058 1988 198 36 genomfört
1280 1990 111 32 under
1416 1991 223 36 iakttagande
1664 2002 43 22 av
1733 1992 67 31 vad

296 2030 59 37 jag
376 2041 80 28 nyss
478 2033 159 31 förordat
655 2052 45 3 —
716 2035 76 31 icke
814 2036 159 30 kommer
991 2041 48 28 att
1058 2038 133 32 erhålla
1210 2039 131 32 sådana
1360 2042 209 36 verkningar
1588 2042 47 37 på
1654 2044 143 35 kapital-

297 2083 224 37 marknaden,
547 2088 50 26 att
622 2085 56 30 det
700 2087 80 29 med
801 2087 137 37 hänsyn
963 2088 115 31 härtill
1104 2089 166 33 framstår
1293 2090 113 32 såsom
1429 2093 183 31 motiverat
1638 2097 49 28 att
1711 2103 88 27 upp-

300 2130 115 39 skjuta
434 2132 277 32 aktieförvärven
733 2136 49 30 till
803 2146 43 20 en
866 2146 120 22 senare
1005 2139 192 36 tidpunkt.»

341 2212 13 29 I
381 2211 98 37 fråga
503 2222 57 21 om
587 2213 279 36 detaljspörsmål
890 2214 219 32 beträffande
1134 2217 282 37 avtalsförslagen
1443 2220 64 30 har
1532 2219 267 37 departements-

296 2262 124 31 chefen
440 2263 115 30 anfört
576 2263 166 37 följande.

344 2313 182 36 »Samtliga
544 2314 241 36 avtalsförslag
806 2319 97 26 utom
922 2316 125 31 avtalet
1066 2317 80 30 med
1165 2317 185 38 Göteborgs
1371 2320 75 30 stad
1466 2320 96 30 torde
1580 2321 120 31 kunna
1718 2321 82 36 god-

300 2366 96 32 tagas
424 2363 11 30 i
462 2363 173 37 befintligt
662 2364 106 31 skick.
800 2365 76 30 Vad
904 2365 102 31 Gävle
1034 2367 313 38 stadsfullmäktige
1378 2370 56 31 vid
1462 2371 268 36 godkännandet
1760 2381 42 21 av

295 2415 126 29 avtalet
443 2424 56 20 om
521 2415 208 36 försäljning
751 2425 43 20 av
820 2417 119 29 staden
964 2417 174 36 tillhöriga
1161 2418 210 32 GDJ-aktier
1391 2421 163 31 anmärkt
1577 2420 221 32 beträffande

297 2462 270 38 formuleringen
589 2474 43 21 av
651 2465 39 37 8$
712 2466 16 28 7
748 2465 66 30 och
835 2466 19 30 8
874 2475 99 27 synes
994 2476 82 22 vara
1095 2476 44 21 av
1158 2468 136 31 formell
1314 2474 103 26 natur
1434 2472 65 30 och
1519 2471 115 38 någon
1655 2472 145 36 ändring
