1898 2802
499 176 440 34 Konstitutionsutskottets
965 180 176 31 utlåtande
1167 182 50 30 Nr
1233 184 28 29 6.
1626 182 14 29 1

834 365 50 41 Nr
908 361 50 57 6.

502 486 127 27 Ankom
652 486 46 27 till
721 487 178 35 riksdagens
920 489 99 27 kansli
1044 490 58 27 den
1127 491 38 27 10
1189 499 82 20 mars
1295 492 79 28 1938
1398 493 40 27 kl.
1465 494 16 27 5
1506 502 24 19 e.
1555 502 41 19 m.

351 577 438 35 Konstitutionsutskottets
820 581 176 33 utlåtande
1031 585 10 29 i
1074 584 186 38 anledning
1294 596 41 20 av
1369 588 101 30 väckt
1502 590 131 29 motion

575 640 55 21 om
651 633 68 29 viss
737 632 148 39 ändring
906 635 10 29 i
936 634 99 37 lagen
1055 645 55 20 om
1131 636 182 37 landsting.

179 727 55 32 Uti
258 738 41 21 en
324 729 95 31 inom
444 731 109 30 andra
579 731 203 32 kammaren
807 733 111 37 väckt,
943 734 51 31 till
1020 736 165 31 utskottet
1210 737 66 30 den
1305 738 37 29 15
1369 738 152 31 februari
1551 740 83 30 1938

134 778 168 32 hänvisad
329 780 131 31 motion
486 791 42 20 nr
552 783 62 29 357
638 791 44 21 av
708 783 79 31 herr
811 783 175 40 Hällgren,
1012 785 207 37 hemställes,
1246 790 49 28 att
1322 788 183 37 riksdagen
1531 790 9 29 i
1567 790 67 30 för-

133 830 198 37 tydligande
358 831 89 38 syfte
471 832 55 30 för
551 832 51 31 sin
630 834 53 29 del
710 832 104 32 måtte
838 834 133 32 besluta
996 837 188 36 ändringar
1209 838 9 30 i
1245 839 310 37 landstingslagens
1578 841 55 30 be-

136 881 215 30 stämmelser
377 881 31 39 a)
440 881 178 37 angående
643 884 95 30 stads
765 885 65 30 och
861 885 211 37 landsbygds
1100 887 158 37 förening
1288 888 10 30 i
1326 898 133 22 samma
1487 891 150 30 valkrets

135 931 57 29 vid
215 931 380 37 landstingsmannaval
620 937 89 27 samt
732 935 33 39 b)
795 934 178 37 angående
999 936 217 33 förfarandet
1242 939 58 30 vid
1322 939 182 38 jämkning
1529 941 12 30 i
1567 942 69 30 val-

132 980 315 38 kretsindelningen
471 984 78 30 med
574 985 67 30 vad
666 985 142 31 därmed
831 985 215 38 oskiljaktigt
1069 989 301 37 sammanhänger.

178 1031 170 31 Utskottet
367 1036 167 33 upptager
556 1043 47 21 nu
626 1035 121 30 endast
766 1035 67 32 den
854 1046 120 21 senare
996 1038 98 30 delen
1116 1048 42 20 av
1179 1040 234 31 motionärens
1434 1042 130 37 förslag
1583 1043 50 30 till

131 1080 211 39 behandling
362 1084 64 28 och
448 1083 157 31 kommer
627 1094 119 21 senare
766 1089 48 27 att
837 1087 120 36 avgiva
978 1087 177 32 utlåtande
1177 1091 80 29 över
1279 1091 66 30 den
1367 1090 95 32 förra
1484 1092 109 30 delen.

175 1132 225 32 Beträffande
425 1135 248 36 motiveringen
700 1135 53 31 får
780 1137 165 31 utskottet
971 1138 147 31 hänvisa
1145 1140 50 30 till
1221 1141 186 31 motionen.

177 1265 112 38 Enligt
318 1267 293 38 landstingslagen
639 1270 88 30 skall
756 1271 336 37 landstingsområde
1122 1274 53 31 för
1204 1274 55 30 val
1288 1284 42 21 av
1357 1276 275 37 landstingsmän

132 1315 130 32 indelas
279 1317 10 30 i
307 1318 202 37 valkretsar;
530 1320 55 30 för
604 1320 97 37 varje
716 1321 149 31 valkrets
881 1325 92 28 utses
992 1327 131 27 oavsett
1140 1325 76 30 dess
1235 1325 204 37 folkmängd
1459 1337 41 20 en
1517 1328 113 30 lands-

128 1365 172 36 tingsman
323 1368 65 29 och
412 1369 184 30 därutöver
619 1371 86 29 efter
726 1370 249 38 folkmängden
999 1383 41 20 en
1064 1375 274 36 landstingsman
1363 1376 54 30 för
1441 1377 95 36 varje
1558 1378 77 30 fullt

130 1417 47 29 tal
197 1426 42 21 av
258 1417 110 37 5,000;
389 1419 56 30 vid
465 1419 222 37 indelningen
706 1421 10 30 i
735 1422 191 30 valkretsar
947 1423 88 30 skall
1055 1425 79 29 med
1155 1425 89 30 vissa
1263 1426 178 37 undantag
1461 1427 170 37 iakttagas

131 1470 48 27 att
200 1467 53 30 för
272 1467 95 37 varje
385 1469 149 31 valkrets
556 1471 142 30 komma
719 1474 48 28 att
785 1475 91 27 utses
895 1473 105 30 minst
1020 1474 28 35 5,
1071 1474 99 36 högst
1190 1476 19 29 9
1230 1476 275 36 landstingsmän
1533 1477 31 38 (8
1583 1477 47 39 $).

130 1516 367 38 Landstingsområdes
517 1520 178 38 indelning
712 1522 8 29 i
741 1522 192 31 valkretsar
952 1523 54 30 för
1024 1525 55 29 val
1099 1534 42 20 av
1159 1525 274 37 landstingsmän
1451 1527 107 36 jämte
1575 1529 56 29 det

130 1568 93 29 antal
246 1568 285 38 landstingsmän,
557 1580 75 22 som
653 1572 87 30 skall
761 1575 92 28 utses
877 1573 54 30 för
953 1573 95 37 varje
1071 1575 159 36 valkrets,
1254 1576 207 31 bestämmes
1483 1578 86 30 efter
1591 1579 40 29 de

130 1617 9 30 i
167 1619 97 34 lagen
290 1619 148 36 angivna
463 1621 197 35 grunderna
684 1632 42 20 av
750 1623 208 36 landstinget
988 1623 50 38 (11
1068 1623 46 40 8).
1153 1626 12 29 I
1190 1625 150 37 enlighet
1367 1628 77 29 med
1468 1638 42 20 en
1536 1629 94 29 över-

129 1666 347 38 gångsbestämmelse
496 1671 50 30 till
568 1671 292 38 landstingslagen
883 1672 176 33 indelades
1080 1675 382 37 landstingsområdena
1483 1678 57 30 vid
1563 1680 68 35 lag-

129 1718 84 30 tima
244 1719 174 38 landsting
446 1720 38 30 år
517 1721 82 30 1925
630 1722 11 29 i
670 1722 190 31 valkretsar
891 1724 78 30 med
997 1724 221 38 tillämpning
1246 1736 42 20 av
1320 1727 310 37 landstingslagens

129 1768 258 32 bestämmelser
417 1770 52 38 (63
491 1770 46 39 $).
571 1767 135 36 Ändras
728 1772 40 31 de
792 1773 253 37 förhållanden,
1071 1785 73 20 som
1169 1776 88 37 legat
1280 1777 50 30 till
1352 1779 112 34 grund
1487 1779 55 29 för
1564 1779 66 30 den

129 1818 194 31 fastställda
350 1820 220 37 indelningen
596 1821 47 36 så,
672 1825 47 28 att
745 1822 184 38 jämkning
957 1825 75 29 däri
1058 1826 50 29 till
1135 1825 88 37 följd
1251 1836 41 20 av
1321 1828 309 36 landstingslagens

129 1869 258 30 bestämmelser
407 1870 165 36 påkallas,
592 1873 82 29 eller
696 1872 112 31 finnes
828 1872 98 37 eljest
947 1873 107 31 sådan
1076 1874 183 38 jämkning
1281 1877 112 36 nödig,
1416 1879 79 34 äger
1517 1879 113 29 lands-

129 1918 105 37 tinget
256 1919 184 31 verkställa
461 1920 240 37 jämkningen;
725 1923 65 29 och
814 1923 89 30 skall
925 1941 44 3 —
992 1923 44 37 på
1059 1924 91 31 vissa
1170 1926 178 36 undantag
1372 1928 72 34 när,
1469 1938 75 20 som
1567 1929 63 29 här

128 1969 109 30 sakna
263 1970 172 37 betydelse
458 1987 44 4 —
524 1970 227 37 jämkningen
775 1973 60 30 ske
860 1972 72 32 året
955 1973 107 31 innan
1086 1975 55 29 val
1164 1985 41 20 av
1231 1976 273 36 landstingsmän
1530 1979 98 29 nästa

129 2019 87 35 gång
234 2020 80 35 äger
333 2029 77 20 rum
437 2020 52 38 (12
512 2020 47 39 $).
591 2021 148 31 Beslutet
760 2032 57 20 om
837 2022 227 38 jämkningen
1087 2024 69 31 kan
1178 2025 104 30 fattas
1302 2026 161 37 antingen
1484 2028 56 30 vid
1560 2029 67 35 lag-

128 2069 84 29 tima
236 2070 81 30 eller
342 2070 57 30 vid
424 2071 125 30 urtima
575 2073 100 30 möte.
716 2072 132 30 Urtima
875 2075 90 28 möte
992 2074 68 30 kan
1087 2075 88 30 dock
1200 2076 122 30 endast
1347 2078 281 34 sammankallas,

128 2128 57 20 om
213 2119 121 35 Kungl.
363 2119 100 36 Maj:t
488 2122 123 29 därom
642 2122 182 30 förordnar
854 2123 80 30 eller
962 2133 57 20 om
1049 2124 207 36 landstinget
1282 2126 56 30 vid
1369 2127 139 35 lagtima
1538 2130 90 28 möte

128 2169 78 29 med
226 2169 225 31 kvalificerad
469 2170 174 36 majoritet
662 2172 120 29 därom
802 2173 151 29 beslutar
975 2174 53 29 för
1048 2174 67 30 viss
1138 2174 114 36 frågas
1273 2176 210 37 behandling
1509 2177 53 38 (18
1582 2177 46 39 8).

128 2213 89 35 Över
239 2219 224 36 landstingets
484 2221 111 29 beslut
617 2222 8 28 i
651 2221 95 36 fråga
766 2232 57 20 om
845 2223 330 37 valkretsindelning
1197 2226 77 29 med
1298 2226 64 29 vad
1386 2227 141 30 därmed
1549 2229 80 34 äger

128 2269 170 30 samband
325 2269 55 30 får
405 2269 30 37 ej
465 2270 119 35 klagas
616 2270 53 38 (58
695 2270 46 39 $).
782 2271 209 36 Konungens
1017 2274 254 34 godkännande
1297 2276 175 30 erfordras
1503 2278 52 28 för
1581 2281 45 25 att

127 2319 76 35 giva
234 2317 175 31 bindande
441 2319 93 29 kraft
566 2318 34 30 åt
632 2320 120 34 beslut,
786 2330 74 19 som
892 2330 98 20 avser
1023 2322 352 36 landstingsområdes
1409 2324 176 37 indelning
1619 2326 8 28 i

127 2369 189 29 valkretsar
343 2367 53 39 (54
418 2368 45 38 $).
484 2385 45 4 —
550 2368 114 36 Enligt
681 2370 226 30 kommunala
929 2371 155 36 vallagen
1107 2372 97 30 skola
1227 2373 282 37 länsstyrelserna
1533 2375 8 29 i
1565 2376 64 36 god

126 2419 49 29 tid
195 2419 71 29 före
286 2418 414 35 landstingsmannavalet
720 2420 139 29 utfärda
880 2420 203 37 kungörelse
1103 2422 131 35 därom,
1256 2423 71 30 vari
1348 2424 42 29 bl.
1412 2435 29 18 a.
1463 2426 87 29 skall
1571 2436 58 19 an-

126 2469 93 36 givas
241 2469 127 30 antalet
389 2479 40 20 av
451 2470 77 29 dem
551 2479 73 21 som
649 2471 96 30 skola
769 2469 109 37 väljas
901 2471 94 30 inom
1019 2472 94 36 varje
1135 2473 149 31 valkrets
1310 2474 53 38 (20
1386 2474 46 39 8).

828 2535 11 12 £

169 2533 109 31 Bihang
298 2534 41 24 till
360 2534 166 31 riksdagens
548 2535 145 30 protokoll
716 2537 72 23 1938.
825 2545 14 14 5
858 2536 72 23 saml.
949 2536 16 24 2
982 2536 56 24 avd.
1074 2537 40 23 Nr
1132 2538 23 22 6.
1586 2540 9 23 1
