1872 2798
441 152 120 31 Andra
582 153 247 40 lagutskottets
850 155 179 31 utlåtande
1049 165 43 20 nr
1111 157 20 29 6
1151 157 40 30 år
1213 157 84 30 1955
1604 160 15 30 1

787 439 110 41 Nr
867 435 32 56 6

333 555 184 31 Utlåtande
542 556 12 30 i
575 555 192 42 anledning
789 566 43 21 av
855 557 106 31 dels
995 558 127 40 Kungl.
1145 559 126 40 Maj:ts
1294 560 218 40 proposition
1537 561 80 30 med

553 607 133 39 förslag
703 607 53 31 till
769 608 208 40 förordning
993 619 55 20 om
1065 610 137 31 ändrad
1217 609 130 41 lydelse
1362 620 43 22 av
1422 612 19 30 2
1458 612 64 30 och
1539 613 19 29 5
1573 611 43 37 $$

549 657 369 41 lotteriförordningen
940 659 68 31 den
1033 660 41 30 19
1096 660 76 40 maj
1194 661 86 30 1939
1306 662 61 34 (nr
1389 662 82 34 207)
1510 662 105 30 dels

553 708 88 30 ock
671 709 12 29 i
701 709 120 30 ämnet
841 710 102 30 väckt
961 710 144 31 motion.

153 823 133 31 Genom
306 834 43 21 en
369 825 68 30 den
459 826 16 30 7
496 824 144 41 januari
662 826 83 31 1955
767 827 218 40 dagtecknad
1005 828 228 41 proposition,
1255 839 43 21 nr
1319 830 51 34 27,
1391 830 119 31 vilken
1529 830 86 31 hän-

109 873 107 32 visats
234 874 54 30 till
305 875 194 40 lagutskott
518 876 64 30 och
599 877 209 31 behandlats
826 887 42 21 av
885 879 112 30 andra
1013 879 238 40 lagutskottet,
1270 880 66 30 har
1353 881 127 39 Kungl.
1498 881 115 39 Maj:t,

109 924 112 31 under
250 924 220 42 åberopande
500 936 43 21 av
571 927 264 41 propositionen
864 928 108 41 bilagt
1002 930 127 39 utdrag
1157 939 44 21 av
1231 930 383 41 statsrådsprotokollet

107 974 82 31 över
207 975 316 37 handelsärenden,
544 977 180 41 föreslagit
743 978 188 41 riksdagen
952 981 51 29 att
1022 981 127 39 antaga
1169 980 158 40 följande
1348 981 131 41 förslag
1499 982 53 30 till

694 1149 319 45 Förordning

318 1235 60 22 om
400 1223 138 35 ändrad
558 1224 130 43 lydelse
709 1237 46 21 av
776 1225 23 33 2
822 1225 68 34 och
911 1225 22 34 5
956 1225 49 46 88
1027 1226 379 46 lotteriförordningen

580 1291 68 34 den
669 1292 45 34 19
735 1293 76 43 maj
835 1293 90 34 1939
948 1292 64 45 (nr
1034 1294 101 44 207).

153 1386 212 41 Härigenom
385 1388 197 36 förordnas,
602 1391 50 28 att
672 1390 18 29 2
711 1390 67 30 och
797 1390 19 30 5
837 1389 38 38 88
896 1391 370 41 lotteriförordningen
1286 1393 67 30 den
1375 1394 39 30 19
1434 1394 70 40 maj
1530 1394 82 31 1939

109 1437 99 30 skola
228 1438 134 30 erhålla
380 1438 135 31 ändrad
535 1439 129 40 lydelse
683 1440 46 40 på
749 1441 70 29 sätt
838 1441 114 30 nedan
972 1442 151 39 angives.

824 1524 70 37 28.

264 1581 226 35 (Nuvarande
517 1583 164 40 lydelse:)
1037 1586 227 40 (Föreslagen
1290 1587 165 39 lydelse:)

150 1639 131 31 Lotteri
303 1641 57 30 må
631 1660 45 3 —
762 1645 153 29 nämnda
937 1645 151 35 område,

148 1684 51 28 att
217 1684 121 29 värdet
358 1684 19 29 å
395 1684 125 40 högsta
539 1684 92 31 vinst
649 1685 76 30 icke
744 1687 96 30 över-
878 1680 17 52 =
922 1688 50 28 att
991 1688 120 29 värdet
1131 1688 19 31 å
1169 1688 124 40 högsta
1311 1689 93 30 vinst
1423 1689 76 30 icke
1518 1691 94 29 över-

105 1723 104 40 stiger
228 1725 20 29 5
265 1724 141 41 kronor,
879 1728 105 39 stiger
1009 1729 40 29 10
1074 1729 130 30 kronor
1228 1729 92 37 eller,
1345 1731 63 30 där
1434 1730 175 30 vinsterna

878 1772 140 37 utgöras
1039 1772 222 30 uteslutande
1280 1782 43 21 av
1343 1782 110 30 varor,
1475 1774 41 30 15
1534 1775 78 29 kro-

879 1822 75 27 nor,

149 1851 50 29 att
218 1850 295 42 vinstfördelning
551 1869 24 4 —
604 1871 32 2 —
663 1871 34 3 —
726 1871 33 4 —
788 1871 32 3 —
845 1872 37 3 —
900 1855 10 30 i
931 1855 160 35 lotteriet,

147 1894 91 28 samt
262 1895 61 32 att,
349 1903 56 21 om
431 1895 56 29 för
511 1895 205 40 deltagande
740 1896 11 29 i
775 1897 63 29 lot-
921 1899 90 27 samt
1036 1899 59 32 att,
1122 1907 56 21 om
1204 1899 54 30 för
1283 1899 205 40 deltagande
1513 1900 10 29 i
1548 1901 62 29 lot-

103 1934 98 29 teriet
220 1935 138 30 fordras
377 1937 121 34 insats,
518 1938 113 29 denna
648 1938 76 30 icke
742 1939 96 29 över-
876 1939 100 29 teriet
995 1939 137 30 fordras
1151 1940 120 35 insats,
1291 1942 114 29 denna
1422 1942 76 30 icke
1516 1944 94 28 över-

102 1975 105 40 stiger
231 1976 42 30 25
298 1978 57 29 öre
380 1977 91 37 eller,
497 1980 62 29 där
582 1979 179 31 vinsterna
785 1982 53 28 ut-
877 1979 104 40 stiger
1005 1980 41 29 50
1069 1981 58 29 öre
1151 1981 92 34 eller,
1268 1982 62 30 där
1353 1982 179 31 vinsterna
1556 1985 53 28 ut-

102 2018 100 38 göras
232 2019 222 30 uteslutande
484 2029 42 22 av
552 2030 111 26 varor,
697 2022 42 29 50
768 2023 68 29 öre.
876 2024 99 37 göras
996 2025 221 30 uteslutande
1236 2034 42 21 av
1295 2035 111 25 varor,
1427 2035 41 21 en
1489 2026 119 30 krona.

822 2097 17 30 5
862 2097 27 36 8.

147 2151 91 30 Utan
257 2152 164 30 anmälan
799 2155 119 35 insats,
939 2159 90 27 samt

145 2196 50 27 att
215 2195 120 29 värdet
355 2196 19 29 å
393 2196 124 38 högsta
536 2196 92 30 vinst
647 2197 75 29 icke
741 2199 96 29 över-
919 2200 50 28 att
988 2200 119 29 värdet
1128 2200 19 29 å
1166 2201 123 39 högsta
1309 2201 91 30 vinst
1420 2202 75 30 icke
1514 2204 94 29 över-

100 2235 105 38 stiger
232 2236 62 29 100
320 2237 139 30 kronor.
875 2241 104 38 stiger
998 2241 63 28 200
1080 2242 140 29 kronor.

918 2364 121 30 Denna
1077 2365 208 40 förordning
1324 2367 116 30 träder
1477 2368 11 29 i
1514 2368 95 40 kraft

874 2405 65 29 den
963 2406 14 27 1
1000 2406 67 39 juli
1088 2407 94 29 1955.

132 2507 10 25 i
186 2509 112 31 Bihang
317 2510 46 23 till
382 2510 168 31 riksdagens
569 2512 147 30 protokoll
735 2513 76 23 1955.
829 2513 16 23 9
862 2513 83 23 saml.
963 2514 15 23 2
996 2514 63 23 avd.
1077 2515 39 23 Nr
1130 2517 15 22 6
