1902 2760
295 163 18 30 2
640 166 286 31 Statsutskottets
951 168 178 31 utlåtande
1153 179 42 20 nr
1218 171 41 28 65
1282 170 39 30 år
1346 172 83 29 1962

341 245 12 28 I
378 246 262 39 propositionen
666 247 135 32 lämnas
828 258 41 20 en
896 249 217 40 redogörelse
1138 250 54 30 för
1218 251 110 30 under
1353 251 124 31 hösten
1506 252 81 30 1961
1614 252 164 40 vidtagna

296 297 161 39 åtgärder
481 299 12 29 i
518 299 91 40 syfte
636 302 49 28 att
711 300 178 31 förstärka
914 302 251 40 beredskapen,
1192 303 125 31 Vidare
1344 304 193 40 redogöres,
1565 306 11 29 i
1603 305 66 30 den
1696 306 81 30 mån

294 350 231 31 sekretesskäl
546 352 57 30 det
623 353 184 40 medgiver,
829 354 55 30 för
904 364 41 21 av
965 356 329 30 överbefälhavaren
1316 358 140 38 ingivna
1477 354 302 48 framställningar

296 403 146 30 rörande
472 404 271 42 komplettering
772 417 42 21 av
844 408 337 31 medelsäskandena
1211 413 90 27 samt
1332 411 54 29 för
1416 421 41 19 en
1488 421 42 20 av
1561 412 217 40 flygförvalt-

295 456 125 40 ningen
448 459 102 39 gjord
578 459 261 41 framställning
866 471 57 21 om
950 462 231 41 anskaffning
1208 473 41 21 av
1276 464 187 40 flygburna
1491 465 285 30 radarstationer.

338 511 392 39 Departementschefen
755 515 65 29 har
844 515 55 30 för
923 523 84 32 egen
1032 517 54 29 del
1112 517 117 30 anfört
1254 518 166 40 följande.

340 564 141 30 >Såsom
496 565 156 41 framgår
666 576 41 21 av
722 568 55 30 det
793 568 207 40 föregående
1014 570 65 30 har
1092 570 59 40 jag
1166 571 57 30 vid
1237 571 166 30 anmälan
1417 581 41 21 av
1474 572 192 39 utgifterna
1681 574 94 29 inom

290 616 450 41 försvarsdepartementets
763 621 386 31 verksamhetsområde
1173 623 51 30 till
1248 624 91 30 årets
1364 621 411 47 statsverksproposition

290 669 117 31 anfört
424 673 50 28 att
489 671 70 40 jag,
576 672 12 30 i
605 672 67 30 den
688 673 80 30 mån
786 674 215 40 prövningen
1019 685 42 20 av
1077 676 42 29 de
1135 677 106 39 enligt
1259 677 349 32 överbefälhavarens
1626 679 149 30 direktiv

289 723 194 40 framlagda
508 725 301 40 kompletterande
837 728 345 40 anslagsäskandena
1208 738 63 32 gav
1298 731 188 40 anledning
1513 732 127 34 därtill,
1669 733 107 29 fram-

289 775 93 31 deles
405 777 112 30 skulle
540 778 219 32 återkomma
781 781 81 29 med
884 781 130 41 förslag
1036 783 54 29 till
1113 782 170 40 åtgärder.
1306 784 65 39 Jag
1394 785 154 29 uttalade
1572 785 128 35 vidare,
1724 788 51 28 att

288 828 66 31 den
371 831 303 40 utrikespolitiska
690 834 244 40 utvecklingen
950 835 123 31 därvid
1090 836 112 30 skulle
1218 846 84 21 vara
1318 846 42 21 av
1375 838 197 39 avgörande
1587 839 186 39 betydelse.

331 883 74 29 Den
425 885 303 40 utrikespolitiska
747 887 214 31 situationen
979 889 64 30 har
1063 889 107 30 sedan
1189 891 10 29 i
1219 890 120 30 höstas
1358 891 76 30 icke
1453 891 188 40 undergått
1659 893 114 39 någon

287 936 152 40 påtaglig
457 937 217 42 förändring.
694 940 77 30 Med
789 941 138 40 hänsyn
946 942 119 30 härtill
1085 952 102 31 synes
1207 943 56 31 det
1282 944 191 31 realistiskt
1493 947 50 28 att
1563 946 112 29 räkna
1694 946 79 30 med

287 991 50 28 att
353 990 66 29 den
435 990 242 42 förstärkning
692 1002 41 21 av
748 994 313 41 luftbevakningen
1077 1005 76 21 som
1168 996 55 30 för
1239 997 50 30 tid
1304 998 91 29 intill
1412 998 66 30 den
1497 1000 14 27 1
1529 999 67 39 juli
1615 999 82 30 1962
1713 1009 60 20 an-

286 1043 138 30 befallts
449 1045 11 29 i
486 1045 91 40 syfte
603 1048 51 28 att
677 1047 208 40 möjliggöra
909 1049 239 40 kontinuerlig
1172 1050 226 41 uppföljning
1423 1061 41 20 av
1489 1052 162 40 luftläget
1676 1053 96 29 inom

285 1097 94 29 vissa
393 1097 95 30 delar
503 1108 42 21 av
560 1099 118 31 landet
692 1101 270 31 vidmakthålles
978 1103 86 29 även
1080 1103 89 30 efter
1183 1104 154 30 nämnda
1352 1105 176 39 tidpunkt.
1544 1106 104 30 Vissa
1662 1107 110 29 andra

285 1150 160 39 åtgärder
467 1151 55 30 för
544 1152 241 42 förstärkning
806 1164 43 21 av
871 1155 66 30 den
958 1157 197 38 personella
1176 1157 239 40 beredskapen
1436 1167 45 21 m.
1504 1168 46 20 m.
1573 1160 71 29 kan
1666 1160 106 30 också

284 1203 132 31 behöva
433 1205 159 40 vidtagas
611 1207 110 29 under
739 1208 102 30 nästa
858 1208 179 40 budgetår.
1056 1209 68 30 För
1142 1212 50 29 att
1210 1211 154 30 bestrida
1382 1212 238 30 kostnaderna
1639 1212 54 30 för
1711 1223 60 20 an-

284 1256 103 39 givna
411 1258 161 39 åtgärder
596 1260 64 29 bör
683 1261 107 39 enligt
815 1262 74 29 min
913 1263 142 40 mening
1080 1266 49 27 ett
1155 1264 141 30 särskilt
1321 1266 368 40 reservationsanslag,
1714 1267 56 29 be-

283 1310 123 30 nämnt
430 1312 101 30 Vissa
554 1312 378 42 beredskapsåtgärder
955 1325 46 21 m.
1025 1326 57 25 m.,
1108 1318 138 29 anvisas
1271 1318 111 30 under
1407 1319 115 39 fjärde
1546 1320 223 30 huvudtiteln

284 1364 54 29 för
361 1364 204 40 budgetåret
592 1366 150 34 1962/63.
766 1369 166 39 Anslaget
955 1370 98 30 torde
1079 1371 167 39 uppföras
1271 1372 79 29 med
1377 1372 37 30 10
1439 1373 166 39 miljoner
1629 1373 139 31 kronor.

283 1416 92 31 Från
396 1418 156 40 anslaget
573 1420 63 29 bör
656 1420 131 39 jämväl
809 1421 38 31 få
866 1422 172 31 bestridas
1059 1424 95 30 vissa
1175 1425 349 31 materielkostnader
1545 1436 46 20 m.
1614 1436 56 25 m.,
1694 1436 74 21 som

281 1470 65 30 har
363 1471 170 31 samband
551 1473 80 30 med
648 1483 43 20 en
709 1474 241 42 förstärkning
968 1486 42 20 av
1028 1477 67 29 den
1112 1478 195 39 personella
1324 1479 251 40 beredskapen.

324 1524 244 32 Kostnaderna
585 1527 54 29 för
655 1528 149 39 angivna
819 1529 378 41 beredskapsåtgärder
1212 1532 39 29 är
1266 1533 11 29 i
1293 1532 177 41 åtskilliga
1485 1533 62 30 fall
1565 1543 42 21 av
1625 1534 66 30 den
1708 1535 59 29 ka-

281 1577 120 30 raktär
416 1580 51 29 att
483 1579 41 30 de
541 1580 71 29 kan
628 1580 172 31 bestridas
817 1581 80 31 från
913 1583 207 40 avlönings-,
1138 1584 243 31 omkostnads-
1397 1586 82 29 eller
1496 1586 272 41 övningsanslag

280 1639 75 21 som
375 1630 114 32 finnes
510 1632 146 40 uppfört
674 1634 11 30 i
705 1634 166 41 förslaget
890 1636 52 30 till
962 1637 146 30 riksstat
1129 1637 54 30 för
1202 1638 204 40 budgetåret
1429 1639 150 34 1962/63.
1601 1640 13 29 I
1635 1640 131 30 sådana

280 1683 61 31 fall
364 1685 97 29 torde
484 1685 57 31 det
566 1686 36 30 få
624 1687 190 31 ankomma
836 1689 45 39 på
904 1690 125 39 Kungl.
1053 1691 106 39 Maj:t
1182 1694 50 27 att
1255 1692 135 30 besluta
1413 1702 56 20 om
1494 1693 237 31 kostnaderna
1755 1695 9 29 i

279 1737 111 30 första
407 1738 95 31 hand
521 1739 91 30 skall
631 1741 138 30 avföras
788 1742 46 39 på
853 1743 174 30 ordinarie
1046 1745 122 39 anslag
1187 1745 82 30 eller
1287 1746 45 39 på
1351 1746 228 32 förevarande
1599 1749 131 40 anslag.
1751 1750 13 28 I

278 1790 67 30 den
361 1792 82 30 mån
460 1792 145 40 utgifter
622 1794 137 30 avföres
776 1796 45 39 på
837 1796 175 31 ordinarie
1029 1798 122 39 anslag
1167 1799 62 29 bör
1245 1801 245 30 motsvarande
1508 1801 125 40 belopp
1651 1812 42 21 av
1709 1803 55 29 be-

276 1845 328 41 redskapsanslaget
619 1848 241 39 tillgodoföras
875 1852 131 28 statens
1021 1851 449 42 budgetutjämningsfond.

321 1898 126 30 Utöver
468 1899 67 30 vad
558 1899 149 32 sålunda
728 1901 198 41 föreslagits
947 1904 39 29 är
1006 1904 61 39 jag
1088 1904 76 30 icke
1186 1914 47 21 nu
1255 1906 128 30 beredd
1405 1909 50 28 att
1477 1908 195 40 framlägga
1695 1909 69 30 för-

278 1951 74 39 slag
379 1960 56 21 om
462 1952 362 42 medelsanvisningar
852 1956 55 29 för
934 1956 369 42 beredskapshöjande
1332 1960 161 39 åtgärder
1521 1962 112 30 under
1661 1963 101 30 nästa

275 2004 178 40 budgetår.
478 2005 67 31 Om
571 2007 67 30 den
663 2008 302 40 utrikespolitiska
989 2011 244 40 utvecklingen
1259 2013 111 30 skulle
1395 2015 169 30 motivera
1589 2025 44 20 en
1656 2018 106 37 ytter-

274 2057 107 40 ligare
400 2058 242 42 förstärkning
661 2070 42 21 av
721 2062 240 40 beredskapen
980 2064 112 30 under
1112 2065 106 40 sagda
1235 2066 170 40 budgetår
1423 2068 63 29 bör
1504 2069 11 29 i
1536 2069 111 30 första
1666 2070 95 30 hand

273 2111 45 39 på
337 2121 134 22 samma
491 2114 69 29 sätt
580 2123 76 21 som
676 2115 91 30 skett
787 2116 111 30 under
916 2117 125 30 hösten
1064 2118 81 30 1961
1166 2119 462 41 beredskapsförstärkande
1649 2123 111 39 åtgär-

273 2164 61 30 der
355 2165 157 40 vidtagas
535 2167 97 30 inom
655 2177 120 21 ramen
799 2169 55 30 för
878 2170 164 31 anvisade
1065 2172 122 40 anslag
1209 2173 82 30 eller
1314 2181 124 32 genom
1461 2175 298 31 överskridanden

273 2227 41 20 av
335 2218 348 40 försvarsgrenarnas
704 2222 162 40 övnings-
886 2224 65 29 och
971 2224 337 42 underhållsanslag.
1329 2227 65 40 Jag
1413 2228 60 30 vill
1493 2229 117 30 erinra
1631 2238 57 21 om
1709 2232 50 28 att

272 2271 125 40 Kungl.
418 2272 106 40 Maj:t
544 2274 11 29 i
577 2275 456 41 statsverkspropositionen
1057 2278 83 30 1962
1162 2279 178 40 föreslagit
1361 2281 187 40 riksdagen
1569 2285 51 27 att
1641 2283 117 30 lämna

272 2324 124 40 Kungl.
419 2326 106 39 Maj:t
546 2327 279 40 bemyndigande
848 2332 51 28 att
919 2330 132 39 jämväl
1074 2331 56 30 för
1151 2332 204 40 budgetåret
1379 2334 139 34 1962/63
1541 2336 137 30 besluta
1701 2346 56 21 om

271 2378 119 39 dylika
413 2380 299 31 överskridanden
736 2383 11 29 i
772 2382 68 30 den
864 2383 83 30 mån
973 2384 38 30 så
1035 2384 178 32 erfordras
1237 2396 43 20 av
1303 2387 303 41 beredskapsskäl.
1633 2390 124 31 Därest

270 2431 119 40 dylika
409 2432 161 40 åtgärder
590 2434 76 30 icke
688 2435 111 30 skulle
819 2437 76 30 visa
916 2438 51 39 sig
986 2438 174 40 tillfyllest
1181 2440 64 29 och
1265 2441 122 39 anslag
1406 2441 45 40 på
1470 2437 286 50 beredskapsstat

270 2484 54 30 för
344 2485 323 33 försvarsväsendet
686 2489 75 30 icke
783 2489 54 30 får
857 2491 184 39 utnyttjas,
1061 2492 99 30 torde
1181 2493 120 39 anslag
1321 2493 36 31 få
1375 2494 144 39 begäras
1539 2496 45 39 på
1604 2497 152 40 tilläggs-

268 2541 79 28 stat.
