1868 2786
282 142 36 33 10
635 144 329 37 Utrikesutskottets
983 147 179 36 utlåtande
1181 162 43 21 nr
1241 150 21 34 2
1279 149 40 36 år
1338 151 82 35 1961

953 252 88 30 DEL
1063 253 45 30 VI

681 326 51 29 Av
752 325 286 36 Organisationen
1058 330 146 30 utsända
1221 334 157 33 experter

929 403 136 30 Artikel
1087 405 39 29 18

325 455 167 40 Experter
512 458 114 34 (utom
642 458 216 40 tjänsteman
874 470 74 21 som
964 471 98 22 avses
1077 463 11 29 i
1103 464 55 29 del
1174 465 28 29 V
1208 465 26 34 ),
1250 465 94 30 vilka
1360 476 41 19 av
1417 467 292 40 Organisationen
1725 472 54 27 ut-

281 498 97 30 sänts
394 498 11 29 i
423 499 175 31 särskilda
615 501 168 39 uppdrag,
802 503 98 30 skola
917 503 147 41 beviljas
1082 505 132 31 sådana
1231 508 206 39 privilegier,
1455 509 240 31 immuniteter
1712 512 64 30 och

281 539 173 31 lättnader
481 551 75 20 som
583 542 178 32 erfordras
788 544 54 30 för
869 547 49 28 att
945 546 42 30 de
1015 547 98 30 skola
1139 548 208 32 obehindrat
1374 551 121 30 kunna
1523 552 150 40 fullgöra
1701 554 76 30 sina

280 580 204 32 funktioner
505 584 112 30 under
638 585 96 30 tiden
756 586 55 30 för
832 588 203 39 uppdraget,
1057 590 76 29 däri
1154 590 166 31 inräknat
1342 593 67 29 den
1431 593 50 30 tid
1505 603 73 21 som
1602 595 97 39 åtgår
1722 596 55 30 för

279 631 95 22 resor
392 625 11 29 i
421 626 66 29 och
505 625 56 30 för
579 627 204 40 uppdraget.
803 629 49 30 De
871 630 98 30 skola
988 632 142 30 särskilt
1148 632 162 41 beviljas:

323 665 35 35 a)
387 666 202 33 immunitet
610 669 80 30 från
712 671 175 40 personlig
909 672 172 41 häktning
1103 674 83 30 eller
1209 676 210 31 anhållande
1443 680 91 28 samt
1556 678 79 31 från
1658 680 118 40 beslag

279 716 42 21 av
339 710 157 38 resgods;

321 749 38 34 b)
388 750 201 32 immunitet
610 752 80 31 från
711 755 152 39 rättsligt
885 755 202 32 förfarande
1109 768 41 20 av
1171 759 98 40 varje
1291 761 73 39 slag
1385 761 10 29 i
1418 763 168 29 avseende
1608 764 44 38 på
1673 764 102 31 deras

278 791 215 40 åtgöranden
508 794 12 29 i
536 795 65 29 och
618 795 55 30 för
689 797 208 39 uppdraget;

321 834 34 33 c)
384 835 261 32 okränkbarhet
662 838 11 29 i
692 840 169 29 avseende
878 840 44 39 på
940 841 68 30 alla
1025 842 210 40 handlingar
1252 845 65 29 och
1335 845 203 32 dokument.

928 916 135 31 Artikel
1082 919 40 29 19

320 968 210 41 Privilegier,
554 971 240 32 immuniteter
817 974 64 29 och
904 975 174 31 lättnader
1101 977 148 40 beviljas
1273 982 204 36 experterna
1501 981 11 29 i
1537 977 237 49 Organisatio-

276 1020 86 22 nens
382 1012 148 31 intresse
551 1014 65 29 och
635 1015 76 30 icke
733 1015 55 30 för
809 1016 265 40 ifrågavarande
1094 1028 146 30 persons
1261 1029 85 31 egen
1368 1022 121 30 fördel.
1512 1023 261 32 Generalsekre-

275 1054 137 30 teraren
430 1055 90 31 skall
537 1056 90 30 hava
644 1058 70 29 rätt
732 1058 66 29 och
816 1059 196 40 skyldighet
1031 1063 50 27 att
1099 1062 99 29 avstå
1216 1062 80 30 från
1315 1063 245 32 immuniteten
1579 1066 55 30 för
1653 1069 120 37 expert

273 1095 12 29 i
302 1095 61 31 fall
380 1097 63 30 där
459 1098 108 39 enligt
584 1099 88 30 hans
689 1100 142 40 mening
848 1102 114 29 denna
980 1103 111 30 skulle
1109 1104 106 39 hejda
1232 1106 189 30 rättvisans
1439 1107 89 39 gång
1545 1108 64 29 och
1627 1109 71 29 kan
1716 1119 56 20 av-

276 1138 71 30 stås
364 1141 86 27 utan
469 1140 110 30 skada
598 1141 53 30 för
669 1141 311 40 Organisationens
999 1145 182 30 intressen.

934 1288 88 30 DEL
1042 1289 60 30 VII

769 1363 503 37 Tilläggsöverenskommelser

920 1439 136 31 Artikel
1073 1441 41 29 20

317 1492 292 40 Organisationen
636 1496 58 30 må
722 1497 79 29 med
828 1498 149 29 medlem
1006 1500 82 29 eller
1115 1501 229 30 medlemmar
1371 1504 138 29 avsluta
1536 1500 235 49 tilläggsöver-

269 1534 274 31 enskommelser
563 1538 168 30 avseende
751 1539 286 31 modifikationer
1056 1551 41 20 av
1117 1543 95 29 detta
1231 1545 172 37 protokoll
1424 1545 10 29 i
1454 1546 66 30 vad
1541 1547 44 39 på
1603 1548 166 29 medlem-

269 1585 80 21 men
367 1578 82 29 eller
467 1579 276 31 medlemmarna
762 1582 214 30 ankommer.

313 1653 65 29 Till
397 1653 211 32 bekräftelse
626 1656 109 30 härav
754 1657 88 30 hava
861 1659 282 31 undertecknade
1162 1661 311 41 befullmäktigade
1493 1664 129 30 ombud
1642 1666 126 29 under-

270 1696 138 30 tecknat
428 1697 95 30 detta
542 1699 183 38 protokoll.

314 1772 79 29 Som
412 1773 128 30 skedde
557 1774 11 29 i
586 1775 97 30 Paris
701 1775 66 30 den
785 1777 165 30 sextonde
967 1778 88 39 april
1073 1779 450 41 nittonhundrafyrtioåtta,
1541 1783 45 39 på
1603 1784 164 39 engelska

268 1814 66 29 och
353 1814 146 31 franska
520 1817 160 38 språken,
701 1818 95 30 vilka
815 1818 88 31 båda
923 1822 110 28 texter
1054 1821 98 30 skola
1172 1823 63 38 äga
1255 1823 71 29 lika
1345 1824 143 34 vitsord,
1509 1825 10 29 i
1539 1827 48 28 ett
1608 1822 157 48 original,

267 1865 75 20 som
360 1857 88 30 skall
466 1858 193 39 deponeras
676 1859 11 29 i
705 1859 147 31 franska
869 1862 223 39 republikens
1111 1864 287 39 regeringsarkiv.
1417 1867 193 39 Behörigen
1629 1869 136 38 styrkta

267 1898 188 31 avskrifter
475 1900 98 30 skola
593 1911 41 19 av
654 1901 146 31 franska
821 1904 200 39 regeringen
1042 1905 176 31 tillställas
1238 1907 118 39 övriga
1377 1904 303 49 signatärmakter.

511 2466 167 24 Stockholm
690 2467 76 25 1961.
786 2468 79 24 Isaac
876 2469 112 24 Marcus
999 2469 186 32 Boktryckeri
1199 2471 170 32 Aktiebolag
1412 2477 97 23 610552
