2248 2636
418 178 20 31 4
623 180 107 30 Andra
754 181 203 31 Kammarens
983 180 178 41 Tillfälliga
1187 184 136 30 Utskotts
1347 184 71 34 (N:o
1440 186 35 34 2)
1503 185 162 30 Utlåtande
1689 185 57 31 N:o
1769 187 50 28 26.

414 256 166 49 jernväg
617 256 82 38 föra
733 257 59 37 sin
825 259 173 48 spanmål
1030 259 58 38 till
1114 260 116 37 täflan
1270 260 86 38 med
1398 260 64 38 det
1494 261 81 38 inre
1608 261 298 40 Nordamerikas
1935 263 90 38 eller

418 306 222 50 Rysslands,

569 357 111 38 Hvad
717 358 181 38 särskildt
939 360 207 38 artiklarna
1173 360 90 38 kalk
1291 360 71 38 och
1385 361 335 50 gödningsämnen
1749 367 132 46 angår,
1911 379 115 36 synes

418 408 66 37 det
517 421 81 24 som
640 408 118 38 borde
799 409 12 37 i
852 409 111 40 deras
1009 411 268 38 fraktkostnad
1315 425 48 24 en
1395 412 172 50 betydlig
1608 414 250 50 nedsättning
1898 415 129 40 kunna

419 459 80 48 ske,
528 458 49 38 då
604 472 47 24 en
678 459 122 38 lättad
838 460 165 51 tillgång
1037 465 50 46 på
1124 462 335 49 gödningsämnen
1497 470 91 31 utan
1625 464 132 38 tvifvel
1787 465 151 38 komme
1972 474 55 31 att

419 509 173 38 medföra
625 523 47 24 en
699 510 192 50 väsentlig
917 511 146 50 ökning
1090 512 11 37 i
1128 512 280 50 produktionen
1423 514 42 37 af
1476 514 342 50 jordbruksalster,
1839 517 70 36 och
1920 518 104 48 jern-

417 565 170 44 vägarne
623 560 195 38 sålunda
804 556 28 62 i
851 562 97 37 ökad
979 562 168 39 inkomst
1185 564 42 36 af
1262 564 135 37 dessas
1435 566 342 48 transporterande
1806 567 122 37 skulle
1968 582 56 23 er-

417 611 103 37 hålla
547 611 215 50 ersättning
789 611 59 38 för
871 612 74 38 den
972 613 175 50 billigare
1175 614 153 38 frakten
1343 618 49 46 på
1416 614 47 39 de
1491 615 114 39 förra.
1640 616 52 37 Af
1703 617 324 51 jernvägsstyrel-

419 672 68 27 gen
515 661 220 50 föreslagna
762 662 296 51 nedsättningar
1084 664 12 37 i
1124 664 113 38 dessa
1265 665 146 38 frakter
1433 669 51 46 gå
1510 666 227 50 visserligen
1761 670 119 46 något
1904 670 122 37 under

416 712 217 37 Danmarks
666 719 122 43 taxor,
831 726 84 25 men
956 714 119 38 borde
1116 715 113 38 hafva
1269 722 97 31 satts
1405 721 99 32 ännu
1538 717 120 50 lägre,
1693 718 71 37 och
1792 718 66 38 det
1886 720 42 36 af
1951 720 74 38 den

420 763 126 48 orsak,
579 769 56 32 att
666 763 70 38 hos
768 777 65 24 oss
865 764 112 38 dessa
1016 770 137 33 ämnen
1187 766 124 37 skulle
1339 767 153 38 komma
1520 774 55 31 att
1602 768 148 38 fraktas
1777 769 88 37 vida
1892 770 133 49 längre

417 819 120 43 vägar
565 818 49 33 än
648 814 12 37 i
692 814 48 37 de
769 814 110 38 flesta
908 815 118 38 andra
1054 816 88 38 land
1172 823 99 31 samt
1299 817 142 38 brukas
1468 818 11 37 i
1503 819 152 49 mycket
1683 825 122 32 större
1834 820 108 38 skala
1969 821 56 37 till

413 864 160 50 jordens
600 864 243 50 förbättring.

568 915 207 50 Bilagorna
802 917 86 37 Litt.
917 919 32 35 A
977 917 72 37 och
1076 917 31 39 C
1126 917 92 50 visa,
1247 918 96 37 huru
1372 918 110 50 ringa
1503 919 74 38 den
1596 919 168 51 lindring
1786 921 137 48 blefve,
1940 935 80 24 som

418 966 151 37 komme
592 966 229 50 jordbruket
847 967 57 38 till
930 967 102 50 godo
1060 981 138 36 genom
1228 968 75 38 den
1331 969 43 37 af
1392 970 378 50 jernvägsstyrelsen
1793 972 229 50 ifrågasatta

417 1016 309 51 nedsättningen.

567 1067 189 38 Särskildt
797 1068 169 50 framgår
1005 1070 42 36 af
1084 1070 86 37 Litt.
1206 1069 38 49 C,
1288 1075 54 32 att
1375 1071 126 37 denna
1537 1071 250 51 nedsättning
1825 1073 33 49 ej
1902 1073 123 38 skulle

417 1118 137 49 belöpa
595 1118 59 50 sig
693 1118 57 37 till
791 1133 80 24 mer
912 1125 46 32 än
998 1120 104 37 cirka
1130 1122 20 35 9
1179 1127 159 42 procent
1375 1121 42 37 af
1453 1127 147 31 statens
1638 1122 168 38 inkomst
1842 1127 47 46 på
1919 1124 107 49 jord-

416 1168 159 38 brukets
603 1169 328 50 massgodstrafik.
965 1171 54 37 På
1047 1184 144 24 samma
1213 1174 108 46 gång
1341 1171 82 38 visa
1439 1172 215 37 Danmarks
1669 1179 122 43 taxor,
1809 1180 55 31 att
1880 1188 139 36 genom

417 1219 177 50 lämpligt
622 1219 146 38 ordnad
797 1221 112 37 trafik
938 1221 196 38 frakterna
1173 1221 130 38 kunna
1342 1222 141 37 sänkas
1519 1223 116 49 högst
1675 1223 192 51 betydligt
1902 1226 121 37 under

416 1270 100 38 hvad
542 1284 51 23 nu
620 1270 232 51 föreslagits.

567 1321 132 49 Enligt
718 1322 401 51 jernvägsstyrelsens
1147 1323 169 37 statistik
1343 1337 68 24 var
1438 1323 205 38 trafikerad
1673 1325 210 50 banlängd,
1917 1328 110 37 total-

416 1371 102 38 frakt
546 1372 12 37 1
586 1378 77 42 ton,
693 1373 105 37 antal
825 1373 267 38 tonkilometer
1127 1373 98 50 gods
1259 1380 100 31 samt
1399 1373 145 38 brutto-
1585 1375 70 37 och
1697 1377 328 38 nettoinkomsten

416 1422 62 37 vid
507 1428 149 33 statens
679 1423 210 50 jernvägar
916 1423 170 50 följande
1114 1424 121 37 under
1264 1427 90 35 åren
1380 1426 258 37 1888—1893.

600 1552 162 44 Trafikerad
948 1575 12 16 r
1128 1557 85 28 Antal
1231 1557 149 27 kilometer
1545 1574 4 4 :
1792 1577 103 18 bron

480 1594 37 31 År
609 1598 143 35 banlängd
853 1565 167 27 Totalfrakt.
1116 1600 67 34 äbde
1202 1609 33 25 för
1251 1600 135 27 benkvtr
1440 1570 232 44 Bruttoinkomst.
1758 1573 220 44 Nettoinkomst.

603 1644 155 41 kilometer.
907 1629 66 57 Ton.
1125 1646 240 41 (Tonkilometer.)
1504 1647 115 40 Kronor.
1813 1654 114 27 Kronor.

458 1748 96 35 1888
575 1728 25 75 |
633 1748 109 47 2,516
777 1728 24 75 |
843 1748 198 47 2,626,000
1077 1728 34 75 |
1162 1750 163 46 106,000
1377 1728 38 75 |
1448 1752 224 47 20,793,000
1705 1728 24 75 |
1768 1752 197 47 6,977,000

459 1798 95 36 1889
573 1778 30 76 |
633 1798 109 47 -2,548
778 1778 29 76 |
843 1799 198 47 2,963,000
1082 1778 29 76 |
1162 1801 160 46 115,000
1376 1778 39 76 |
1447 1802 224 47 22,201,000
1704 1778 24 76 |
1769 1803 195 47 7,556,000

457 1849 98 36 1890
574 1829 25 75 |
632 1849 110 46 2,613
776 1829 29 75 |
844 1850 198 47 2,893,000
1081 1829 29 75 |
1163 1851 159 47 108,000
1376 1829 34 75 |
1447 1852 224 48 21,973,000
1704 1829 24 75 |
1767 1853 197 47 6,700,000

415 1909 3 35 |
458 1900 94 35 1891
572 1879 25 76 |
632 1900 109 47 2,645
781 1879 25 76 |
844 1901 198 46 2,957,000
1080 1879 34 76 |
1164 1902 158 46 109,000
1375 1879 39 76 |
1447 1903 223 47 22,286,000
1703 1879 24 76 |
1766 1904 198 47 6,452,000

415 1946 4 100 |
458 1950 95 36 1892
577 1932 23 73 |
633 1951 108 44 -2,753
777 1932 29 73 |
845 1951 197 47 3,006,000
1083 1932 28 73 |
1164 1952 160 47 107,000
1375 1932 33 73 |
1446 1953 223 48 22,522,000
1704 1932 23 73 |
1766 1955 198 46 6,275,000

458 2001 95 36 1893
572 1981 25 76 |
633 2001 109 47 2,825
777 1981 29 76 |
845 2002 197 47 3,129,000
1085 1981 30 76 |
1165 2003 159 47 107,000
1375 1981 34 76 |
1446 2004 223 48 23,024,000
1706 2008 5 43 |
1766 2006 197 47 6,586,000

567 2083 122 38 Dessa
727 2084 124 38 siffror
891 2084 78 38 tala
1009 2084 142 51 tydligt
1190 2086 128 49 språk.
1372 2086 56 38 De
1456 2086 92 49 visa,
1577 2087 96 37 huru
1702 2092 93 33 nära
1823 2093 57 32 tre
1908 2094 112 31 tusen

415 2133 221 39 kilometers
664 2134 230 38 bansträcka
921 2135 34 50 ej
981 2135 156 38 förmått
1170 2136 203 50 uppsamla
1416 2143 96 31 stort
1553 2151 79 24 mer
1670 2143 47 32 än
1749 2144 58 31 tre
1836 2138 186 38 millioner

414 2191 86 31 tons
541 2184 203 51 fraktgods
784 2185 12 37 i
838 2191 54 32 ett
931 2186 89 38 land
1051 2186 85 38 med
1165 2190 42 34 så
1241 2193 97 43 tung
1373 2188 70 37 och
1471 2188 271 49 skrymmande
1769 2189 252 37 råvarutrafik

414 2249 80 24 som
536 2235 191 51 Sveriges,
768 2236 138 38 medan
945 2236 12 38 i
998 2237 119 38 andra
1156 2237 91 39 land
1283 2238 83 49 just
1403 2238 126 38 denna
1559 2240 111 37 trafik
1699 2253 113 25 anses
1841 2245 97 32 mest
1964 2239 57 37 in-
