1915 2836
303 91 20 30 2
594 90 451 34 Konstitutionsutskottets
1064 93 178 30 utlåtande
1259 103 43 20 nr
1322 96 14 28 1
1357 95 39 29 år
1416 95 83 31 1967

303 170 193 40 faltningar
521 171 97 30 torde
645 171 197 31 skillnaden
868 172 10 30 i
904 173 189 31 kostnader
1119 175 128 30 mellan
1274 176 246 41 omtryckning
1546 187 42 21 av
1613 178 79 30 hela
1720 178 67 30 för-

304 225 197 39 fattningen
523 226 65 30 och
610 226 186 41 tryckning
820 236 41 21 av
884 228 121 30 enbart
1028 229 237 41 ändringarna
1287 230 71 31 inte
1382 241 82 20 vara
1489 232 37 31 så
1550 233 71 30 stor
1644 233 65 31 och
1732 234 56 30 väl

308 280 176 40 uppvägas
495 280 89 30 avde
600 281 174 31 lättnader
788 281 11 30 i
815 282 131 31 arbetet
962 293 75 21 som
1053 293 123 32 genom
1193 294 42 21 en
1252 286 245 41 omtryckning
1515 287 112 31 skulle
1643 288 144 31 beredas

302 334 300 41 myndigheterna.

347 389 74 30 Vad
437 389 75 30 åter
527 390 107 40 gäller
651 390 132 31 sådana
799 391 262 32 bestämmelser
1080 403 75 21 som
1171 394 111 30 måste
1300 394 165 34 bedömas
1484 405 83 21 vara
1585 406 42 21 av
1645 397 142 30 särskilt

303 443 146 31 intresse
473 444 87 30 även
583 444 53 31 för
660 454 44 20 en
723 446 112 29 större
858 446 190 31 allmänhet
1072 447 54 31 får
1149 448 57 30 vid
1228 449 171 40 prövning
1423 459 41 20 av
1485 450 126 40 frågan
1634 460 57 21 om
1715 461 72 21 om-

304 497 184 41 tryckning
507 498 44 30 bl.
566 508 29 21 a.
615 499 156 36 beaktas,
791 501 50 29 att
862 500 66 31 den
949 501 155 31 enskilde
1126 511 74 21 som
1220 502 59 31 vill
1300 503 119 31 skaffa
1439 504 51 40 sig
1510 504 199 31 kännedom
1730 515 56 21 om

303 552 158 38 gällande
484 553 68 29 rätt
575 554 44 38 på
641 555 47 28 ett
710 554 85 30 visst
819 555 141 30 område
983 556 183 39 vanligtvis
1190 557 71 30 inte
1284 558 98 29 torde
1406 559 46 28 ha
1475 559 143 39 tillgång
1640 560 54 29 till
1718 561 69 38 lag-

301 605 114 31 boken
437 605 81 31 eller
541 615 117 21 annan
679 607 54 31 för
755 608 198 30 ändamålet
976 609 142 41 lämplig
1141 610 216 41 lagsamling.

347 661 228 30 Revisorerna
594 662 63 30 har
678 662 149 31 sålunda
845 664 91 30 velat
957 663 91 31 fästa
1068 665 359 39 uppmärksamheten
1447 667 45 39 på
1512 667 41 30 de
1574 668 213 40 omständig-

301 714 98 30 heter
421 723 73 21 som
517 715 89 30 talar
626 715 55 30 för
702 718 50 28 att
773 717 234 41 nytryckning
1029 727 42 21 av
1092 718 154 31 ändrade
1268 719 250 41 författningar
1540 721 79 30 sker
1642 722 11 29 i
1677 722 109 29 större

301 769 246 41 utsträckning
567 770 44 30 än
633 770 71 30 f.n.
725 771 38 30 är
785 770 107 31 fallet.
915 772 201 31 Emellertid
1138 773 48 35 är,
1210 773 149 31 framför
1381 774 61 30 allt
1464 784 42 21 av
1526 775 260 36 kostnadsskäl,

299 832 45 21 en
368 824 68 30 viss
463 823 286 32 återhållsamhet
773 826 208 40 nödvändig.
1007 827 94 30 även
1127 828 110 29 andra
1263 829 222 39 möjligheter
1511 831 49 28 att
1588 830 199 30 underlätta

301 877 55 29 för
377 878 289 38 myndigheterna
688 880 64 28 och
771 879 238 30 allmänheten
1030 882 49 28 att
1101 881 36 29 få
1156 891 44 19 en
1221 882 76 29 klar
1318 882 72 30 bild
1412 892 42 20 av
1473 884 67 28 vad
1561 893 75 20 som
1657 884 38 29 är
1717 885 70 38 gäl-

301 931 101 30 lande
421 932 69 29 rätt
509 932 139 31 anvisas
669 933 119 30 därför
809 943 41 21 av
869 934 226 30 revisorerna.

345 986 13 29 I
385 985 468 42 ändringsförfattningarna
880 996 103 32 anges
1010 989 11 29 i
1047 989 168 30 rubriken
1241 990 89 30 årtal
1357 991 65 30 och
1448 1000 162 21 nummer
1637 991 55 30 för
1720 992 66 30 den

300 1040 247 40 ursprungliga
569 1041 266 40 författningen.
857 1043 145 29 Nederst
1026 1043 44 39 på
1093 1043 110 30 första
1227 1045 100 29 sidan
1350 1045 147 29 omtalas
1521 1046 119 29 vidare
1662 1046 89 29 bl.a.
1776 1046 10 29 i

300 1093 117 31 vilken
440 1094 210 41 författning
673 1096 40 29 de
737 1096 153 30 ändrade
913 1097 251 40 paragraferna
1185 1098 90 30 varit
1299 1098 140 31 införda
1462 1099 11 30 i
1498 1099 54 32 sin
1576 1101 137 29 senaste
1737 1101 50 39 ly-

298 1148 105 30 delse.
422 1148 165 31 Däremot
606 1150 134 32 lämnas
761 1150 104 39 ingen
884 1151 212 40 upplysning
1114 1161 57 21 om
1191 1153 40 29 de
1251 1153 189 40 ändringar
1460 1153 10 30 i
1489 1154 111 39 övrigt
1620 1163 75 22 som
1715 1154 69 30 kan

299 1201 46 31 ha
365 1202 164 40 vidtagits
550 1203 10 30 i
582 1203 265 41 författningen.
870 1204 115 41 Enligt
1006 1205 235 33 revisorernas
1262 1207 141 40 mening
1425 1207 63 31 bör
1510 1208 56 30 det
1588 1208 197 40 övervägas,

299 1265 57 21 om
384 1256 71 30 inte
482 1257 11 29 i
520 1257 273 40 fortsättningen
819 1259 97 39 varje
944 1259 380 41 ändringsförfattning
1350 1261 62 30 bör
1441 1261 178 30 innehålla
1647 1262 139 40 uppgift

298 1319 58 21 om
382 1311 161 39 samiliga
568 1311 152 40 alltjämt
745 1312 159 40 gällande
929 1313 189 41 ändringar
1143 1315 10 28 i
1179 1315 453 40 ursprungsförfattningen
1658 1316 128 31 liksom

298 1373 58 20 om
377 1364 41 29 de
440 1364 262 40 författningar,
724 1366 10 29 i
755 1366 95 29 vilka
870 1367 100 30 dessa
992 1367 188 40 ändringar
1202 1369 38 29 är
1262 1368 153 39 intagna.
1438 1369 211 39 Härigenom
1673 1370 112 31 skulle

298 1426 44 21 en
363 1417 74 30 ofta
459 1418 206 31 tidsödande
688 1420 216 40 genomgång
926 1430 42 20 av
989 1420 144 40 register
1155 1422 65 30 och
1243 1423 107 28 annat
1372 1422 159 31 material
1554 1423 121 30 kunna
1698 1424 87 29 und-

298 1471 99 32 vikas
419 1472 65 30 och
506 1473 207 40 exempelvis
737 1474 175 31 »ändrade
933 1474 208 41 ändringar»
1165 1476 114 29 direkt
1300 1486 118 22 sovras
1440 1478 48 28 ut.

343 1526 53 29 En
419 1526 151 31 tänkbar
593 1527 122 39 åtgärd
739 1528 56 30 vid
820 1528 101 30 sidan
944 1539 41 20 av
1009 1529 67 30 den
1100 1530 245 30 ovannämnda
1369 1540 79 21 vore
1474 1532 59 34 att,
1559 1532 64 29 när
1648 1541 43 20 en
1716 1531 70 30 för-

298 1579 154 41 fattning
471 1580 127 32 ändras
618 1590 75 22 mer
711 1582 44 29 än
772 1591 45 21 en
837 1582 98 40 gång,
955 1583 10 29 i
984 1583 255 40 författningen
1259 1584 176 40 angående
1457 1585 66 29 den
1544 1587 136 29 senaste
1700 1586 85 30 änd-

297 1633 123 40 ringen
451 1634 71 30 låta
552 1635 183 40 omtrycka
766 1635 146 40 tidigare
944 1637 123 40 gjorda
1099 1638 199 40 ändringar.
1332 1639 58 29 Ett
1423 1639 125 31 sådant
1581 1639 203 30 förfarande

297 1697 103 31 synes
420 1688 217 31 revisorerna
656 1689 291 41 ändamålsenligt
969 1691 152 40 speciellt
1143 1692 43 30 då
1207 1692 209 40 upprepade,
1438 1693 136 30 mindre
1595 1694 189 39 ändringar

299 1741 129 31 företas
450 1742 10 29 i
480 1751 44 21 en
545 1743 143 30 särskilt
709 1744 219 40 omfångsrik
949 1745 219 40 författning,
1191 1756 80 21 vars
1292 1747 247 41 omtryckning
1560 1747 10 29 i
1592 1748 53 29 sin
1667 1748 117 30 helhet

298 1795 113 30 skulle
432 1796 63 30 dra
516 1797 93 29 stora
630 1797 199 31 kostnader.
851 1799 160 29 Metoden
1032 1799 117 31 kunde
1171 1809 167 30 anpassas
1363 1800 87 30 efter
1473 1801 311 39 omständigheter-

297 1858 46 21 na
366 1849 10 30 i
400 1849 41 31 de
465 1850 174 30 särskilda
661 1851 107 30 fallen
791 1852 66 30 och
879 1852 112 31 skulle
1015 1853 78 30 leda
1116 1854 51 29 till
1192 1855 49 28 att
1265 1856 47 28 ett
1336 1854 167 40 betydligt
1528 1855 135 30 mindre
1689 1855 94 30 antal

297 1903 252 40 författningar
572 1905 44 29 än
640 1906 79 29 med
744 1906 201 30 nuvarande
972 1907 128 40 system
1125 1907 153 30 behövde
1304 1908 142 30 komma
1471 1908 52 30 till
1549 1909 233 40 användning.

298 1957 66 29 Om
385 1957 114 30 denna
519 1959 115 29 metod
654 1959 177 40 tillämpas
851 1960 63 30 bör
933 1961 56 29 det
1011 1961 188 39 självfallet
1220 1971 83 20 vara
1322 1962 11 29 i
1354 1962 241 31 kombination
1616 1963 80 29 med
1717 1963 66 29 den

297 2011 147 39 tidigare
466 2012 157 30 berörda.

341 2065 117 40 Enligt
478 2066 234 33 revisorernas
732 2068 142 39 mening
892 2068 62 31 bör
975 2078 41 20 en
1037 2069 130 29 allmän
1187 2069 171 40 prövning
1379 2079 41 21 av
1439 2070 209 30 hithörande
1669 2071 114 39 spörs-

297 2119 70 29 mål
389 2121 138 28 snarast
548 2120 142 30 komma
711 2121 53 30 till
785 2121 113 30 stånd.

864 2288 352 42 Remissyttrandena

341 2388 325 41 Remissyttranden
691 2389 65 30 har
782 2390 9 29 i
818 2390 142 30 ärendet
987 2393 130 38 avgetts
1144 2401 42 21 av
1212 2392 214 30 rättschefen
1452 2392 12 30 i
1491 2393 291 31 statsrådsbered-

296 2442 138 39 ningen,
461 2443 86 30 Göta
572 2443 149 35 hovrätt,
747 2443 189 34 försvarets
963 2445 304 40 civilförvaltning,
1297 2446 287 40 socialstyrelsen,
1612 2448 79 39 väg-
1718 2448 64 30 och

295 2496 482 40 vattenbyggnadsstyrelsen,
806 2498 259 35 statskontoret,
1094 2499 376 36 riksrevisionsverket,
1500 2501 282 40 skolöverstyrel-
