1930 2852
286 152 37 30 18
677 154 410 30 Konstitutionsutskottets
1108 156 164 29 utlåtande
1296 157 46 28 Nr
1365 162 48 28 36.

291 237 89 38 ligen
401 238 167 33 huruvida
589 238 80 33 eller
688 240 45 37 på
750 240 66 32 vad
836 244 70 29 sätt
925 244 49 29 ett
993 241 229 33 avskaffande
1243 254 41 21 av
1305 242 325 39 krigsdomstolarna
1651 245 11 31 i
1685 245 105 33 freds-

290 288 49 33 tid
368 289 59 32 bör
457 289 175 32 återverka
660 291 44 37 på
733 290 292 34 bestämmelserna
1054 292 11 31 i
1095 293 169 38 grundlag
1292 305 50 20 om
1374 294 197 38 riksdagens
1603 296 185 32 militieom-

290 339 174 33 budsman.

333 390 174 32 Utskottet
529 390 193 34 hemställer
747 392 110 38 alltså,

644 479 51 30 att
715 476 191 40 riksdagen,
927 478 73 31 med
1018 478 100 32 bifall
1138 478 55 32 till
1213 479 202 33 motionerna
1436 481 32 31 I:
1483 482 63 32 300
1566 481 59 32 och
1647 482 53 32 IT:
1714 483 74 37 469,

598 527 103 32 måtte
726 527 94 33 avslå
845 527 218 33 förevarande
1088 528 117 39 kungl.
1230 530 217 39 proposition.

331 591 192 34 Stockholm
547 593 61 32 den
633 595 40 31 19
696 595 66 37 maj
788 596 95 31 1933.

706 687 49 32 På
778 687 423 35 konstitutionsutskottets
1224 695 143 33 vägnar:

779 763 36 33 C.
844 764 42 32 A.
913 763 381 35 REUTERSKIÖLD.

322 1028 220 31 Närvarande:
566 1030 123 29 Herrar
710 1031 232 35 Reuterskiöld,
964 1032 192 35 Strömberg,
1180 1032 95 30 Oscar
1299 1034 35 29 G.
1359 1034 181 35 Karlsson",
1563 1046 92 24 greve
1676 1035 112 35 Spens,

283 1071 162 36 Hellberg,
461 1073 175 35 Sundberg,
653 1074 128 34 Larsén,
797 1074 183 35 Björkman,
996 1075 178 34 Källman",
1191 1076 34 28 P.
1243 1076 196 34 Sandström,
1456 1077 191 34 Magnusson
1665 1079 10 28 i
1694 1080 91 27 Tum-

283 1115 79 33 hult,
381 1115 172 35 Gustafson
570 1116 10 28 i
597 1116 209 35 Kasenberg”,
826 1117 110 28 Olsson
957 1118 4 27 i
979 1118 98 34 Mora,
1098 1117 113 35 Vougt,
1227 1119 167 28 Petersson
1412 1120 9 27 i
1439 1119 152 35 Broaryd,
1609 1120 178 34 Wiklund",

283 1156 175 34 Lundqvist
483 1159 10 27 i
516 1157 163 36 Rotebro",
704 1158 159 30 Johnsson
889 1160 10 27 i
925 1159 245 29 Norrahammar
1193 1161 55 27 och
1273 1160 104 29 Ström
1405 1162 9 27 i
1439 1161 184 35 Göteborg".

327 1238 12 12 +
360 1239 34 26 Ej
416 1238 179 24 närvarande
614 1238 49 24 vid
683 1239 187 27 justeringen.

884 1489 298 34 Reservation

323 1587 41 20 av
382 1575 116 32 herrar
514 1575 204 39 Strömberg,
738 1574 103 33 Oscar
861 1573 39 34 G.
919 1574 174 39 Karlsson,
1114 1575 135 39 Larsén,
1268 1575 171 39 Källman,
1462 1575 122 40 Vougt,
1608 1575 172 35 Wiklund,

279 1623 170 33 Johnsson
471 1625 12 31 i
504 1624 262 33 Norrahammar
789 1624 60 32 och
872 1623 111 33 Ström
1005 1624 12 31 i
1041 1624 178 39 Göteborg,
1242 1624 93 33 vilka
1356 1628 109 29 ansett
1489 1629 50 28 att
1564 1625 219 33 förevarande

281 1676 116 38 kungl.
414 1676 206 39 proposition
638 1676 75 32 bort
731 1688 41 20 av
792 1675 163 33 utskottet
974 1675 202 39 tillstyrkas.

433 2433 178 29 Stockholm
632 2433 82 29 1933.
757 2431 119 36 Kungl.
900 2432 248 35 Boktryckeriet,
1170 2434 34 28 P.
1228 2434 35 27 A.
1286 2430 152 32 Norstedt
1462 2433 21 29 &
1507 2433 107 29 Söner.

974 2486 97 21 331360
