<?xml version="1.0" encoding="UTF-8"?>
<alto xmlns="http://www.loc.gov/standards/alto/ns-v3#" xmlns:xlink="http://www.w3.org/1999/xlink" xmlns:xsi="http://www.w3.org/2001/XMLSchema-instance" xsi:schemaLocation="http://www.loc.gov/standards/alto/ns-v3# http://www.loc.gov/alto/v3/alto-3-0.xsd">
	<Description>
		<MeasurementUnit>pixel</MeasurementUnit>
		<sourceImageInformation>
			<fileName>/tmp/tess_khsq8hld_input.PNG</fileName>
		</sourceImageInformation>
		<OCRProcessing ID="OCR_0">
			<ocrProcessingStep>
				<processingSoftware>
					<softwareName>tesseract 5.3.0</softwareName>
				</processingSoftware>
			</ocrProcessingStep>
		</OCRProcessing>
	</Description>
	<Layout>
		<Page WIDTH="1922" HEIGHT="2830" PHYSICAL_IMG_NR="0" ID="page_0">
			<PrintSpace HPOS="0" VPOS="0" WIDTH="1922" HEIGHT="2830">
				<ComposedBlock ID="cblock_0" HPOS="298" VPOS="166" WIDTH="1062" HEIGHT="36">
					<TextBlock ID="block_0" HPOS="298" VPOS="166" WIDTH="1062" HEIGHT="36">
						<TextLine ID="line_0" HPOS="298" VPOS="166" WIDTH="1062" HEIGHT="36">
							<String ID="string_0" HPOS="298" VPOS="166" WIDTH="40" HEIGHT="30" WC="0.96" CONTENT="30"/><SP WIDTH="406" VPOS="166" HPOS="338"/>
							<String ID="string_1" HPOS="744" VPOS="170" WIDTH="274" HEIGHT="32" WC="0.92" CONTENT="Statsutskottets"/><SP WIDTH="26" VPOS="170" HPOS="1018"/>
							<String ID="string_2" HPOS="1044" VPOS="170" WIDTH="174" HEIGHT="32" WC="0.91" CONTENT="utlåtande"/><SP WIDTH="25" VPOS="170" HPOS="1218"/>
							<String ID="string_3" HPOS="1243" VPOS="180" WIDTH="42" HEIGHT="21" WC="0.96" CONTENT="nr"/><SP WIDTH="26" VPOS="180" HPOS="1285"/>
							<String ID="string_4" HPOS="1311" VPOS="171" WIDTH="49" HEIGHT="31" WC="0.94" CONTENT="10."/>
						</TextLine>
					</TextBlock>
				</ComposedBlock>
				<ComposedBlock ID="cblock_1" HPOS="299" VPOS="253" WIDTH="1508" HEIGHT="444">
					<TextBlock ID="block_1" HPOS="299" VPOS="253" WIDTH="1506" HEIGHT="92">
						<TextLine ID="line_1" HPOS="343" VPOS="253" WIDTH="1462" HEIGHT="40">
							<String ID="string_5" HPOS="343" VPOS="253" WIDTH="91" HEIGHT="40" WC="0.29" CONTENT="55:0o)"/><SP WIDTH="30" VPOS="253" HPOS="434"/>
							<String ID="string_6" HPOS="464" VPOS="255" WIDTH="137" HEIGHT="30" WC="0.96" CONTENT="Statens"/><SP WIDTH="25" VPOS="255" HPOS="601"/>
							<String ID="string_7" HPOS="626" VPOS="254" WIDTH="247" HEIGHT="37" WC="0.96" CONTENT="sjöhistoriska"/><SP WIDTH="24" VPOS="254" HPOS="873"/>
							<String ID="string_8" HPOS="897" VPOS="263" WIDTH="175" HEIGHT="22" WC="0.93" CONTENT="museum:"/><SP WIDTH="25" VPOS="263" HPOS="1072"/>
							<String ID="string_9" HPOS="1097" VPOS="255" WIDTH="223" HEIGHT="36" WC="0.89" CONTENT="Avlöningar."/><SP WIDTH="27" VPOS="255" HPOS="1320"/>
							<String ID="string_10" HPOS="1347" VPOS="256" WIDTH="123" HEIGHT="36" WC="0.92" CONTENT="Kungl."/><SP WIDTH="29" VPOS="256" HPOS="1470"/>
							<String ID="string_11" HPOS="1499" VPOS="255" WIDTH="101" HEIGHT="36" WC="0.96" CONTENT="Maj:t"/><SP WIDTH="25" VPOS="255" HPOS="1600"/>
							<String ID="string_12" HPOS="1625" VPOS="256" WIDTH="64" HEIGHT="29" WC="0.91" CONTENT="har"/><SP WIDTH="26" VPOS="256" HPOS="1689"/>
							<String ID="string_13" HPOS="1715" VPOS="255" WIDTH="90" HEIGHT="31" WC="0.91" CONTENT="före-"/>
						</TextLine>
						<TextLine ID="line_2" HPOS="299" VPOS="304" WIDTH="851" HEIGHT="41">
							<String ID="string_14" HPOS="299" VPOS="304" WIDTH="100" HEIGHT="37" WC="0.96" CONTENT="slagit"/><SP WIDTH="20" VPOS="304" HPOS="399"/>
							<String ID="string_15" HPOS="419" VPOS="304" WIDTH="183" HEIGHT="36" WC="0.96" CONTENT="riksdagen"/><SP WIDTH="26" VPOS="304" HPOS="602"/>
							<String ID="string_16" HPOS="628" VPOS="304" WIDTH="123" HEIGHT="40" WC="0.96" CONTENT="(punkt"/><SP WIDTH="19" VPOS="304" HPOS="751"/>
							<String ID="string_17" HPOS="770" VPOS="306" WIDTH="52" HEIGHT="36" WC="0.92" CONTENT="67,"/><SP WIDTH="21" VPOS="306" HPOS="822"/>
							<String ID="string_18" HPOS="843" VPOS="315" WIDTH="25" HEIGHT="20" WC="0.91" CONTENT="s."/><SP WIDTH="24" VPOS="315" HPOS="868"/>
							<String ID="string_19" HPOS="892" VPOS="305" WIDTH="182" HEIGHT="40" WC="0.85" CONTENT="116—119)"/><SP WIDTH="27" VPOS="305" HPOS="1074"/>
							<String ID="string_20" HPOS="1101" VPOS="310" WIDTH="49" HEIGHT="26" WC="0.95" CONTENT="att"/>
						</TextLine>
					</TextBlock>
					<TextBlock ID="block_2" HPOS="302" VPOS="355" WIDTH="1504" HEIGHT="88">
						<TextLine ID="line_3" HPOS="350" VPOS="355" WIDTH="1456" HEIGHT="38">
							<String ID="string_21" HPOS="350" VPOS="356" WIDTH="72" HEIGHT="30" WC="0.96" CONTENT="dels"/><SP WIDTH="19" VPOS="356" HPOS="422"/>
							<String ID="string_22" HPOS="441" VPOS="355" WIDTH="185" HEIGHT="37" WC="0.96" CONTENT="godkänna"/><SP WIDTH="20" VPOS="355" HPOS="626"/>
							<String ID="string_23" HPOS="646" VPOS="366" WIDTH="41" HEIGHT="20" WC="0.93" CONTENT="av"/><SP WIDTH="22" VPOS="366" HPOS="687"/>
							<String ID="string_24" HPOS="709" VPOS="356" WIDTH="380" HEIGHT="36" WC="0.89" CONTENT="departementschefen"/><SP WIDTH="22" VPOS="356" HPOS="1089"/>
							<String ID="string_25" HPOS="1111" VPOS="357" WIDTH="166" HEIGHT="30" WC="0.91" CONTENT="förordad"/><SP WIDTH="23" VPOS="357" HPOS="1277"/>
							<String ID="string_26" HPOS="1300" VPOS="357" WIDTH="148" HEIGHT="36" WC="0.96" CONTENT="ändring"/><SP WIDTH="18" VPOS="357" HPOS="1448"/>
							<String ID="string_27" HPOS="1466" VPOS="356" WIDTH="11" HEIGHT="31" WC="0.82" CONTENT="1"/><SP WIDTH="21" VPOS="356" HPOS="1477"/>
							<String ID="string_28" HPOS="1498" VPOS="357" WIDTH="308" HEIGHT="36" WC="0.92" CONTENT="personalförteck-"/>
						</TextLine>
						<TextLine ID="line_4" HPOS="302" VPOS="406" WIDTH="807" HEIGHT="37">
							<String ID="string_29" HPOS="302" VPOS="406" WIDTH="129" HEIGHT="36" WC="0.96" CONTENT="ningen"/><SP WIDTH="20" VPOS="406" HPOS="431"/>
							<String ID="string_30" HPOS="451" VPOS="407" WIDTH="56" HEIGHT="30" WC="0.96" CONTENT="för"/><SP WIDTH="18" VPOS="407" HPOS="507"/>
							<String ID="string_31" HPOS="525" VPOS="409" WIDTH="132" HEIGHT="28" WC="0.95" CONTENT="statens"/><SP WIDTH="22" VPOS="409" HPOS="657"/>
							<String ID="string_32" HPOS="679" VPOS="406" WIDTH="241" HEIGHT="37" WC="0.96" CONTENT="sjöhistoriska"/><SP WIDTH="21" VPOS="406" HPOS="920"/>
							<String ID="string_33" HPOS="941" VPOS="417" WIDTH="168" HEIGHT="26" WC="0.95" CONTENT="museum,"/>
						</TextLine>
					</TextBlock>
					<TextBlock ID="block_3" HPOS="306" VPOS="457" WIDTH="1501" HEIGHT="137">
						<TextLine ID="line_5" HPOS="346" VPOS="457" WIDTH="1458" HEIGHT="38">
							<String ID="string_34" HPOS="346" VPOS="457" WIDTH="71" HEIGHT="31" WC="0.96" CONTENT="dels"/><SP WIDTH="24" VPOS="457" HPOS="417"/>
							<String ID="string_35" HPOS="441" VPOS="458" WIDTH="187" HEIGHT="36" WC="0.96" CONTENT="godkänna"/><SP WIDTH="25" VPOS="458" HPOS="628"/>
							<String ID="string_36" HPOS="653" VPOS="467" WIDTH="42" HEIGHT="21" WC="0.93" CONTENT="av"/><SP WIDTH="26" VPOS="467" HPOS="695"/>
							<String ID="string_37" HPOS="721" VPOS="458" WIDTH="380" HEIGHT="36" WC="0.91" CONTENT="departementschefen"/><SP WIDTH="26" VPOS="458" HPOS="1101"/>
							<String ID="string_38" HPOS="1127" VPOS="458" WIDTH="165" HEIGHT="31" WC="0.90" CONTENT="förordad"/><SP WIDTH="27" VPOS="458" HPOS="1292"/>
							<String ID="string_39" HPOS="1319" VPOS="458" WIDTH="249" HEIGHT="37" WC="0.90" CONTENT="avlöningsstat"/><SP WIDTH="27" VPOS="458" HPOS="1568"/>
							<String ID="string_40" HPOS="1595" VPOS="458" WIDTH="55" HEIGHT="31" WC="0.96" CONTENT="för"/><SP WIDTH="27" VPOS="458" HPOS="1650"/>
							<String ID="string_41" HPOS="1677" VPOS="462" WIDTH="127" HEIGHT="28" WC="0.94" CONTENT="statens"/>
						</TextLine>
						<TextLine ID="line_6" HPOS="306" VPOS="506" WIDTH="1501" HEIGHT="40">
							<String ID="string_42" HPOS="306" VPOS="506" WIDTH="241" HEIGHT="37" WC="0.96" CONTENT="sjöhistoriska"/><SP WIDTH="29" VPOS="506" HPOS="547"/>
							<String ID="string_43" HPOS="576" VPOS="517" WIDTH="168" HEIGHT="27" WC="0.96" CONTENT="museum,"/><SP WIDTH="28" VPOS="517" HPOS="744"/>
							<String ID="string_44" HPOS="772" VPOS="512" WIDTH="50" HEIGHT="27" WC="0.96" CONTENT="att"/><SP WIDTH="26" VPOS="512" HPOS="822"/>
							<String ID="string_45" HPOS="848" VPOS="508" WIDTH="173" HEIGHT="37" WC="0.94" CONTENT="tillämpas"/><SP WIDTH="32" VPOS="508" HPOS="1021"/>
							<String ID="string_46" HPOS="1053" VPOS="509" WIDTH="68" HEIGHT="30" WC="0.94" CONTENT="tills"/><SP WIDTH="31" VPOS="509" HPOS="1121"/>
							<String ID="string_47" HPOS="1152" VPOS="508" WIDTH="117" HEIGHT="31" WC="0.96" CONTENT="vidare"/><SP WIDTH="28" VPOS="508" HPOS="1269"/>
							<String ID="string_48" HPOS="1297" VPOS="508" WIDTH="79" HEIGHT="31" WC="0.96" CONTENT="från"/><SP WIDTH="27" VPOS="508" HPOS="1376"/>
							<String ID="string_49" HPOS="1403" VPOS="509" WIDTH="67" HEIGHT="30" WC="0.96" CONTENT="och"/><SP WIDTH="27" VPOS="509" HPOS="1470"/>
							<String ID="string_50" HPOS="1497" VPOS="510" WIDTH="80" HEIGHT="30" WC="0.96" CONTENT="med"/><SP WIDTH="29" VPOS="510" HPOS="1577"/>
							<String ID="string_51" HPOS="1606" VPOS="508" WIDTH="201" HEIGHT="38" WC="0.96" CONTENT="budgetåret"/>
						</TextLine>
						<TextLine ID="line_7" HPOS="308" VPOS="554" WIDTH="154" HEIGHT="40">
							<String ID="string_52" HPOS="308" VPOS="554" WIDTH="154" HEIGHT="40" WC="0.92" CONTENT="1947/48;"/>
						</TextLine>
					</TextBlock>
					<TextBlock ID="block_4" HPOS="306" VPOS="608" WIDTH="1501" HEIGHT="89">
						<TextLine ID="line_8" HPOS="351" VPOS="608" WIDTH="1456" HEIGHT="40">
							<String ID="string_53" HPOS="351" VPOS="609" WIDTH="71" HEIGHT="30" WC="0.96" CONTENT="dels"/><SP WIDTH="17" VPOS="609" HPOS="422"/>
							<String ID="string_54" HPOS="439" VPOS="609" WIDTH="65" HEIGHT="30" WC="0.96" CONTENT="ock"/><SP WIDTH="17" VPOS="609" HPOS="504"/>
							<String ID="string_55" HPOS="521" VPOS="609" WIDTH="50" HEIGHT="30" WC="0.96" CONTENT="till"/><SP WIDTH="17" VPOS="609" HPOS="571"/>
							<String ID="string_56" HPOS="588" VPOS="609" WIDTH="132" HEIGHT="31" WC="0.96" CONTENT="Statens"/><SP WIDTH="17" VPOS="609" HPOS="720"/>
							<String ID="string_57" HPOS="737" VPOS="609" WIDTH="243" HEIGHT="39" WC="0.96" CONTENT="sjöhistoriska"/><SP WIDTH="17" VPOS="609" HPOS="980"/>
							<String ID="string_58" HPOS="997" VPOS="620" WIDTH="171" HEIGHT="20" WC="0.93" CONTENT="museum:"/><SP WIDTH="20" VPOS="620" HPOS="1168"/>
							<String ID="string_59" HPOS="1188" VPOS="610" WIDTH="211" HEIGHT="37" WC="0.92" CONTENT="Avlöningar"/><SP WIDTH="17" VPOS="610" HPOS="1399"/>
							<String ID="string_60" HPOS="1416" VPOS="611" WIDTH="55" HEIGHT="30" WC="0.96" CONTENT="för"/><SP WIDTH="15" VPOS="611" HPOS="1471"/>
							<String ID="string_61" HPOS="1486" VPOS="610" WIDTH="201" HEIGHT="37" WC="0.93" CONTENT="budgetåret"/><SP WIDTH="23" VPOS="610" HPOS="1687"/>
							<String ID="string_62" HPOS="1710" VPOS="608" WIDTH="97" HEIGHT="33" WC="0.90" CONTENT="1947/"/>
						</TextLine>
						<TextLine ID="line_9" HPOS="306" VPOS="659" WIDTH="934" HEIGHT="38">
							<String ID="string_63" HPOS="306" VPOS="659" WIDTH="41" HEIGHT="30" WC="0.96" CONTENT="48"/><SP WIDTH="23" VPOS="659" HPOS="347"/>
							<String ID="string_64" HPOS="370" VPOS="659" WIDTH="119" HEIGHT="32" WC="0.96" CONTENT="anvisa"/><SP WIDTH="22" VPOS="659" HPOS="489"/>
							<String ID="string_65" HPOS="511" VPOS="662" WIDTH="46" HEIGHT="28" WC="0.93" CONTENT="ett"/><SP WIDTH="22" VPOS="662" HPOS="557"/>
							<String ID="string_66" HPOS="579" VPOS="659" WIDTH="270" HEIGHT="38" WC="0.90" CONTENT="förslagsanslag"/><SP WIDTH="24" VPOS="659" HPOS="849"/>
							<String ID="string_67" HPOS="873" VPOS="670" WIDTH="42" HEIGHT="21" WC="0.96" CONTENT="av"/><SP WIDTH="29" VPOS="670" HPOS="915"/>
							<String ID="string_68" HPOS="944" VPOS="661" WIDTH="60" HEIGHT="30" WC="0.95" CONTENT="109"/><SP WIDTH="17" VPOS="661" HPOS="1004"/>
							<String ID="string_69" HPOS="1021" VPOS="662" WIDTH="60" HEIGHT="29" WC="0.95" CONTENT="100"/><SP WIDTH="22" VPOS="662" HPOS="1081"/>
							<String ID="string_70" HPOS="1103" VPOS="661" WIDTH="137" HEIGHT="31" WC="0.95" CONTENT="kronor."/>
						</TextLine>
					</TextBlock>
				</ComposedBlock>
				<ComposedBlock ID="cblock_2" HPOS="303" VPOS="751" WIDTH="1508" HEIGHT="389">
					<TextBlock ID="block_5" HPOS="303" VPOS="751" WIDTH="1508" HEIGHT="389">
						<TextLine ID="line_10" HPOS="351" VPOS="751" WIDTH="1456" HEIGHT="38">
							<String ID="string_71" HPOS="351" VPOS="751" WIDTH="125" HEIGHT="32" WC="0.95" CONTENT="Vidare"/><SP WIDTH="19" VPOS="751" HPOS="476"/>
							<String ID="string_72" HPOS="495" VPOS="752" WIDTH="65" HEIGHT="30" WC="0.96" CONTENT="har"/><SP WIDTH="20" VPOS="752" HPOS="560"/>
							<String ID="string_73" HPOS="580" VPOS="752" WIDTH="11" HEIGHT="30" WC="0.96" CONTENT="i"/><SP WIDTH="22" VPOS="752" HPOS="591"/>
							<String ID="string_74" HPOS="613" VPOS="751" WIDTH="56" HEIGHT="32" WC="0.96" CONTENT="två"/><SP WIDTH="23" VPOS="751" HPOS="669"/>
							<String ID="string_75" HPOS="692" VPOS="752" WIDTH="225" HEIGHT="37" WC="0.96" CONTENT="likalydande"/><SP WIDTH="19" VPOS="752" HPOS="917"/>
							<String ID="string_76" HPOS="936" VPOS="754" WIDTH="179" HEIGHT="35" WC="0.96" CONTENT="motioner,"/><SP WIDTH="25" VPOS="754" HPOS="1115"/>
							<String ID="string_77" HPOS="1140" VPOS="754" WIDTH="122" HEIGHT="31" WC="0.96" CONTENT="väckta"/><SP WIDTH="26" VPOS="754" HPOS="1262"/>
							<String ID="string_78" HPOS="1288" VPOS="755" WIDTH="66" HEIGHT="31" WC="0.96" CONTENT="den"/><SP WIDTH="21" VPOS="755" HPOS="1354"/>
							<String ID="string_79" HPOS="1375" VPOS="764" WIDTH="65" HEIGHT="21" WC="0.96" CONTENT="ena"/><SP WIDTH="23" VPOS="764" HPOS="1440"/>
							<String ID="string_80" HPOS="1463" VPOS="755" WIDTH="95" HEIGHT="30" WC="0.96" CONTENT="inom"/><SP WIDTH="22" VPOS="755" HPOS="1558"/>
							<String ID="string_81" HPOS="1580" VPOS="754" WIDTH="110" HEIGHT="31" WC="0.93" CONTENT="första"/><SP WIDTH="21" VPOS="754" HPOS="1690"/>
							<String ID="string_82" HPOS="1711" VPOS="755" WIDTH="96" HEIGHT="30" WC="0.90" CONTENT="kam-"/>
						</TextLine>
						<TextLine ID="line_11" HPOS="306" VPOS="802" WIDTH="1501" HEIGHT="42">
							<String ID="string_83" HPOS="306" VPOS="811" WIDTH="122" HEIGHT="21" WC="0.96" CONTENT="maren"/><SP WIDTH="19" VPOS="811" HPOS="428"/>
							<String ID="string_84" HPOS="447" VPOS="812" WIDTH="44" HEIGHT="20" WC="0.96" CONTENT="av"/><SP WIDTH="20" VPOS="812" HPOS="491"/>
							<String ID="string_85" HPOS="511" VPOS="803" WIDTH="122" HEIGHT="30" WC="0.48" CONTENT="herrar"/><SP WIDTH="21" VPOS="803" HPOS="633"/>
							<String ID="string_86" HPOS="654" VPOS="802" WIDTH="77" HEIGHT="31" WC="0.96" CONTENT="Carl"/><SP WIDTH="23" VPOS="802" HPOS="731"/>
							<String ID="string_87" HPOS="754" VPOS="804" WIDTH="80" HEIGHT="30" WC="0.96" CONTENT="Eric"/><SP WIDTH="22" VPOS="804" HPOS="834"/>
							<String ID="string_88" HPOS="856" VPOS="804" WIDTH="161" HEIGHT="31" WC="0.96" CONTENT="Ericsson"/><SP WIDTH="24" VPOS="804" HPOS="1017"/>
							<String ID="string_89" HPOS="1041" VPOS="805" WIDTH="65" HEIGHT="30" WC="0.96" CONTENT="och"/><SP WIDTH="24" VPOS="805" HPOS="1106"/>
							<String ID="string_90" HPOS="1130" VPOS="804" WIDTH="199" HEIGHT="32" WC="0.95" CONTENT="Lindström"/><SP WIDTH="26" VPOS="804" HPOS="1329"/>
							<String ID="string_91" HPOS="1355" VPOS="805" WIDTH="40" HEIGHT="38" WC="0.95" CONTENT="(1:"/><SP WIDTH="18" VPOS="805" HPOS="1395"/>
							<String ID="string_92" HPOS="1413" VPOS="805" WIDTH="72" HEIGHT="39" WC="0.95" CONTENT="140)"/><SP WIDTH="33" VPOS="805" HPOS="1485"/>
							<String ID="string_93" HPOS="1518" VPOS="806" WIDTH="64" HEIGHT="29" WC="0.96" CONTENT="och"/><SP WIDTH="26" VPOS="806" HPOS="1582"/>
							<String ID="string_94" HPOS="1608" VPOS="806" WIDTH="67" HEIGHT="29" WC="0.96" CONTENT="den"/><SP WIDTH="23" VPOS="806" HPOS="1675"/>
							<String ID="string_95" HPOS="1698" VPOS="807" WIDTH="109" HEIGHT="29" WC="0.96" CONTENT="andra"/>
						</TextLine>
						<TextLine ID="line_12" HPOS="303" VPOS="852" WIDTH="1502" HEIGHT="43">
							<String ID="string_96" HPOS="303" VPOS="852" WIDTH="97" HEIGHT="31" WC="0.96" CONTENT="inom"/><SP WIDTH="18" VPOS="852" HPOS="400"/>
							<String ID="string_97" HPOS="418" VPOS="853" WIDTH="109" HEIGHT="31" WC="0.96" CONTENT="andra"/><SP WIDTH="20" VPOS="853" HPOS="527"/>
							<String ID="string_98" HPOS="547" VPOS="854" WIDTH="204" HEIGHT="30" WC="0.95" CONTENT="kammaren"/><SP WIDTH="19" VPOS="854" HPOS="751"/>
							<String ID="string_99" HPOS="770" VPOS="864" WIDTH="43" HEIGHT="21" WC="0.96" CONTENT="av"/><SP WIDTH="19" VPOS="864" HPOS="813"/>
							<String ID="string_100" HPOS="832" VPOS="855" WIDTH="81" HEIGHT="30" WC="0.94" CONTENT="herr"/><SP WIDTH="17" VPOS="855" HPOS="913"/>
							<String ID="string_101" HPOS="930" VPOS="855" WIDTH="171" HEIGHT="36" WC="0.93" CONTENT="Lindberg"/><SP WIDTH="18" VPOS="855" HPOS="1101"/>
							<String ID="string_102" HPOS="1119" VPOS="864" WIDTH="45" HEIGHT="24" WC="0.90" CONTENT="m."/><SP WIDTH="19" VPOS="864" HPOS="1164"/>
							<String ID="string_103" HPOS="1183" VPOS="855" WIDTH="37" HEIGHT="37" WC="0.96" CONTENT="fl."/><SP WIDTH="23" VPOS="855" HPOS="1220"/>
							<String ID="string_104" HPOS="1243" VPOS="852" WIDTH="59" HEIGHT="40" WC="0.81" CONTENT="(11:"/><SP WIDTH="18" VPOS="852" HPOS="1302"/>
							<String ID="string_105" HPOS="1320" VPOS="852" WIDTH="90" HEIGHT="43" WC="0.93" CONTENT="135),"/><SP WIDTH="19" VPOS="852" HPOS="1410"/>
							<String ID="string_106" HPOS="1429" VPOS="856" WIDTH="202" HEIGHT="35" WC="0.91" CONTENT="hemställts,"/><SP WIDTH="18" VPOS="856" HPOS="1631"/>
							<String ID="string_107" HPOS="1649" VPOS="860" WIDTH="52" HEIGHT="27" WC="0.93" CONTENT="att"/><SP WIDTH="19" VPOS="860" HPOS="1701"/>
							<String ID="string_108" HPOS="1720" VPOS="856" WIDTH="85" HEIGHT="31" WC="0.92" CONTENT="riks-"/>
						</TextLine>
						<TextLine ID="line_13" HPOS="304" VPOS="903" WIDTH="1501" HEIGHT="40">
							<String ID="string_109" HPOS="304" VPOS="903" WIDTH="112" HEIGHT="36" WC="0.96" CONTENT="dagen"/><SP WIDTH="22" VPOS="903" HPOS="416"/>
							<String ID="string_110" HPOS="438" VPOS="903" WIDTH="58" HEIGHT="30" WC="0.96" CONTENT="vid"/><SP WIDTH="21" VPOS="903" HPOS="496"/>
							<String ID="string_111" HPOS="517" VPOS="904" WIDTH="255" HEIGHT="37" WC="0.96" CONTENT="behandlingen"/><SP WIDTH="22" VPOS="904" HPOS="772"/>
							<String ID="string_112" HPOS="794" VPOS="914" WIDTH="43" HEIGHT="21" WC="0.93" CONTENT="av"/><SP WIDTH="22" VPOS="914" HPOS="837"/>
							<String ID="string_113" HPOS="859" VPOS="906" WIDTH="456" HEIGHT="36" WC="0.92" CONTENT="statsverkspropositionen,"/><SP WIDTH="23" VPOS="906" HPOS="1315"/>
							<String ID="string_114" HPOS="1338" VPOS="906" WIDTH="10" HEIGHT="30" WC="0.96" CONTENT="i"/><SP WIDTH="22" VPOS="906" HPOS="1348"/>
							<String ID="string_115" HPOS="1370" VPOS="909" WIDTH="67" HEIGHT="30" WC="0.96" CONTENT="vad"/><SP WIDTH="25" VPOS="909" HPOS="1437"/>
							<String ID="string_116" HPOS="1462" VPOS="907" WIDTH="105" HEIGHT="36" WC="0.95" CONTENT="gäller"/><SP WIDTH="21" VPOS="907" HPOS="1567"/>
							<String ID="string_117" HPOS="1588" VPOS="910" WIDTH="130" HEIGHT="27" WC="0.93" CONTENT="statens"/><SP WIDTH="21" VPOS="910" HPOS="1718"/>
							<String ID="string_118" HPOS="1739" VPOS="906" WIDTH="66" HEIGHT="37" WC="0.93" CONTENT="sjö-"/>
						</TextLine>
						<TextLine ID="line_14" HPOS="305" VPOS="953" WIDTH="1501" HEIGHT="39">
							<String ID="string_119" HPOS="305" VPOS="953" WIDTH="189" HEIGHT="31" WC="0.95" CONTENT="historiska"/><SP WIDTH="30" VPOS="953" HPOS="494"/>
							<String ID="string_120" HPOS="524" VPOS="963" WIDTH="180" HEIGHT="22" WC="0.90" CONTENT="museums"/><SP WIDTH="31" VPOS="963" HPOS="704"/>
							<String ID="string_121" HPOS="735" VPOS="955" WIDTH="253" HEIGHT="36" WC="0.90" CONTENT="anslagsbehov"/><SP WIDTH="33" VPOS="955" HPOS="988"/>
							<String ID="string_122" HPOS="1021" VPOS="955" WIDTH="57" HEIGHT="31" WC="0.96" CONTENT="för"/><SP WIDTH="30" VPOS="955" HPOS="1078"/>
							<String ID="string_123" HPOS="1108" VPOS="955" WIDTH="204" HEIGHT="37" WC="0.92" CONTENT="budgetåret"/><SP WIDTH="37" VPOS="955" HPOS="1312"/>
							<String ID="string_124" HPOS="1349" VPOS="953" WIDTH="152" HEIGHT="39" WC="0.92" CONTENT="1947/48,"/><SP WIDTH="33" VPOS="953" HPOS="1501"/>
							<String ID="string_125" HPOS="1534" VPOS="955" WIDTH="107" HEIGHT="32" WC="0.96" CONTENT="måtte"/><SP WIDTH="31" VPOS="955" HPOS="1641"/>
							<String ID="string_126" HPOS="1672" VPOS="956" WIDTH="134" HEIGHT="32" WC="0.96" CONTENT="besluta"/>
						</TextLine>
						<TextLine ID="line_15" HPOS="306" VPOS="1003" WIDTH="1504" HEIGHT="40">
							<String ID="string_127" HPOS="306" VPOS="1003" WIDTH="162" HEIGHT="36" WC="0.96" CONTENT="antingen"/><SP WIDTH="24" VPOS="1003" HPOS="468"/>
							<String ID="string_128" HPOS="492" VPOS="1006" WIDTH="49" HEIGHT="27" WC="0.93" CONTENT="att"/><SP WIDTH="26" VPOS="1006" HPOS="541"/>
							<String ID="string_129" HPOS="567" VPOS="1003" WIDTH="482" HEIGHT="38" WC="0.91" CONTENT="konservatorsbefattningen"/><SP WIDTH="26" VPOS="1003" HPOS="1049"/>
							<String ID="string_130" HPOS="1075" VPOS="1006" WIDTH="154" HEIGHT="36" WC="0.96" CONTENT="placeras"/><SP WIDTH="25" VPOS="1006" HPOS="1229"/>
							<String ID="string_131" HPOS="1254" VPOS="1006" WIDTH="11" HEIGHT="30" WC="0.93" CONTENT="i"/><SP WIDTH="25" VPOS="1006" HPOS="1265"/>
							<String ID="string_132" HPOS="1290" VPOS="1007" WIDTH="209" HEIGHT="36" WC="0.92" CONTENT="lönegraden"/><SP WIDTH="26" VPOS="1007" HPOS="1499"/>
							<String ID="string_133" HPOS="1525" VPOS="1007" WIDTH="50" HEIGHT="30" WC="0.90" CONTENT="Eo"/><SP WIDTH="14" VPOS="1007" HPOS="1575"/>
							<String ID="string_134" HPOS="1589" VPOS="1008" WIDTH="41" HEIGHT="30" WC="0.94" CONTENT="20"/><SP WIDTH="24" VPOS="1008" HPOS="1630"/>
							<String ID="string_135" HPOS="1654" VPOS="1007" WIDTH="82" HEIGHT="30" WC="0.94" CONTENT="eller"/><SP WIDTH="24" VPOS="1007" HPOS="1736"/>
							<String ID="string_136" HPOS="1760" VPOS="1009" WIDTH="50" HEIGHT="28" WC="0.96" CONTENT="att"/>
						</TextLine>
						<TextLine ID="line_16" HPOS="306" VPOS="1052" WIDTH="1505" HEIGHT="45">
							<String ID="string_137" HPOS="306" VPOS="1052" WIDTH="36" HEIGHT="32" WC="0.96" CONTENT="åt"/><SP WIDTH="21" VPOS="1052" HPOS="342"/>
							<String ID="string_138" HPOS="363" VPOS="1054" WIDTH="202" HEIGHT="30" WC="0.95" CONTENT="nuvarande"/><SP WIDTH="18" VPOS="1054" HPOS="565"/>
							<String ID="string_139" HPOS="583" VPOS="1054" WIDTH="236" HEIGHT="31" WC="0.96" CONTENT="innehavaren"/><SP WIDTH="21" VPOS="1054" HPOS="819"/>
							<String ID="string_140" HPOS="840" VPOS="1064" WIDTH="43" HEIGHT="21" WC="0.96" CONTENT="av"/><SP WIDTH="23" VPOS="1064" HPOS="883"/>
							<String ID="string_141" HPOS="906" VPOS="1056" WIDTH="153" HEIGHT="31" WC="0.96" CONTENT="nämnda"/><SP WIDTH="18" VPOS="1056" HPOS="1059"/>
							<String ID="string_142" HPOS="1077" VPOS="1056" WIDTH="191" HEIGHT="37" WC="0.96" CONTENT="befattning"/><SP WIDTH="20" VPOS="1056" HPOS="1268"/>
							<String ID="string_143" HPOS="1288" VPOS="1056" WIDTH="146" HEIGHT="31" WC="0.96" CONTENT="inrättas"/><SP WIDTH="20" VPOS="1056" HPOS="1434"/>
							<String ID="string_144" HPOS="1454" VPOS="1067" WIDTH="43" HEIGHT="20" WC="0.96" CONTENT="en"/><SP WIDTH="21" VPOS="1067" HPOS="1497"/>
							<String ID="string_145" HPOS="1518" VPOS="1057" WIDTH="173" HEIGHT="37" WC="0.96" CONTENT="personlig"/><SP WIDTH="15" VPOS="1057" HPOS="1691"/>
							<String ID="string_146" HPOS="1706" VPOS="1057" WIDTH="105" HEIGHT="40" WC="0.96" CONTENT="tjänst"/>
						</TextLine>
						<TextLine ID="line_17" HPOS="306" VPOS="1103" WIDTH="359" HEIGHT="37">
							<String ID="string_147" HPOS="306" VPOS="1103" WIDTH="11" HEIGHT="30" WC="0.96" CONTENT="i"/><SP WIDTH="18" VPOS="1103" HPOS="317"/>
							<String ID="string_148" HPOS="335" VPOS="1113" WIDTH="136" HEIGHT="21" WC="0.95" CONTENT="samma"/><SP WIDTH="20" VPOS="1113" HPOS="471"/>
							<String ID="string_149" HPOS="491" VPOS="1104" WIDTH="174" HEIGHT="36" WC="0.95" CONTENT="lönegrad."/>
						</TextLine>
					</TextBlock>
				</ComposedBlock>
				<ComposedBlock ID="cblock_3" HPOS="306" VPOS="1154" WIDTH="1503" HEIGHT="86">
					<TextBlock ID="block_6" HPOS="306" VPOS="1154" WIDTH="1503" HEIGHT="86">
						<TextLine ID="line_18" HPOS="353" VPOS="1154" WIDTH="1456" HEIGHT="41">
							<String ID="string_150" HPOS="353" VPOS="1154" WIDTH="256" HEIGHT="33" WC="0.96" CONTENT="Motionärerna"/><SP WIDTH="24" VPOS="1154" HPOS="609"/>
							<String ID="string_151" HPOS="633" VPOS="1156" WIDTH="91" HEIGHT="30" WC="0.96" CONTENT="hava"/><SP WIDTH="25" VPOS="1156" HPOS="724"/>
							<String ID="string_152" HPOS="749" VPOS="1156" WIDTH="47" HEIGHT="30" WC="0.96" CONTENT="till"/><SP WIDTH="28" VPOS="1156" HPOS="796"/>
							<String ID="string_153" HPOS="824" VPOS="1157" WIDTH="78" HEIGHT="30" WC="0.96" CONTENT="stöd"/><SP WIDTH="23" VPOS="1157" HPOS="902"/>
							<String ID="string_154" HPOS="925" VPOS="1156" WIDTH="56" HEIGHT="31" WC="0.96" CONTENT="för"/><SP WIDTH="22" VPOS="1156" HPOS="981"/>
							<String ID="string_155" HPOS="1003" VPOS="1156" WIDTH="53" HEIGHT="31" WC="0.96" CONTENT="sin"/><SP WIDTH="24" VPOS="1156" HPOS="1056"/>
							<String ID="string_156" HPOS="1080" VPOS="1157" WIDTH="256" HEIGHT="38" WC="0.96" CONTENT="framställning"/><SP WIDTH="26" VPOS="1157" HPOS="1336"/>
							<String ID="string_157" HPOS="1362" VPOS="1157" WIDTH="117" HEIGHT="31" WC="0.96" CONTENT="anfört"/><SP WIDTH="23" VPOS="1157" HPOS="1479"/>
							<String ID="string_158" HPOS="1502" VPOS="1158" WIDTH="11" HEIGHT="30" WC="0.96" CONTENT="i"/><SP WIDTH="22" VPOS="1158" HPOS="1513"/>
							<String ID="string_159" HPOS="1535" VPOS="1157" WIDTH="187" HEIGHT="31" WC="0.89" CONTENT="huvudsak"/><SP WIDTH="24" VPOS="1157" HPOS="1722"/>
							<String ID="string_160" HPOS="1746" VPOS="1157" WIDTH="63" HEIGHT="31" WC="0.89" CONTENT="föl-"/>
						</TextLine>
						<TextLine ID="line_19" HPOS="306" VPOS="1204" WIDTH="115" HEIGHT="36">
							<String ID="string_161" HPOS="306" VPOS="1204" WIDTH="115" HEIGHT="36" WC="0.89" CONTENT="jande."/>
						</TextLine>
					</TextBlock>
				</ComposedBlock>
				<ComposedBlock ID="cblock_4" HPOS="305" VPOS="1263" WIDTH="1508" HEIGHT="1264">
					<TextBlock ID="block_7" HPOS="305" VPOS="1263" WIDTH="1506" HEIGHT="333">
						<TextLine ID="line_20" HPOS="351" VPOS="1263" WIDTH="1458" HEIGHT="35">
							<String ID="string_162" HPOS="351" VPOS="1263" WIDTH="76" HEIGHT="31" WC="0.96" CONTENT="Den"/><SP WIDTH="19" VPOS="1263" HPOS="427"/>
							<String ID="string_163" HPOS="446" VPOS="1265" WIDTH="204" HEIGHT="31" WC="0.93" CONTENT="nuvarande"/><SP WIDTH="20" VPOS="1265" HPOS="650"/>
							<String ID="string_164" HPOS="670" VPOS="1265" WIDTH="250" HEIGHT="32" WC="0.91" CONTENT="konservatorn"/><SP WIDTH="22" VPOS="1265" HPOS="920"/>
							<String ID="string_165" HPOS="942" VPOS="1266" WIDTH="65" HEIGHT="31" WC="0.96" CONTENT="har"/><SP WIDTH="19" VPOS="1266" HPOS="1007"/>
							<String ID="string_166" HPOS="1026" VPOS="1266" WIDTH="89" HEIGHT="30" WC="0.96" CONTENT="varit"/><SP WIDTH="21" VPOS="1266" HPOS="1115"/>
							<String ID="string_167" HPOS="1136" VPOS="1267" WIDTH="160" HEIGHT="30" WC="0.96" CONTENT="verksam"/><SP WIDTH="22" VPOS="1267" HPOS="1296"/>
							<String ID="string_168" HPOS="1318" VPOS="1267" WIDTH="58" HEIGHT="31" WC="0.95" CONTENT="vid"/><SP WIDTH="21" VPOS="1267" HPOS="1376"/>
							<String ID="string_169" HPOS="1397" VPOS="1271" WIDTH="132" HEIGHT="27" WC="0.96" CONTENT="museet"/><SP WIDTH="19" VPOS="1271" HPOS="1529"/>
							<String ID="string_170" HPOS="1548" VPOS="1267" WIDTH="170" HEIGHT="31" WC="0.93" CONTENT="alltsedan"/><SP WIDTH="22" VPOS="1267" HPOS="1718"/>
							<String ID="string_171" HPOS="1740" VPOS="1268" WIDTH="69" HEIGHT="30" WC="0.92" CONTENT="det-"/>
						</TextLine>
						<TextLine ID="line_21" HPOS="305" VPOS="1306" WIDTH="1506" HEIGHT="39">
							<String ID="string_172" HPOS="305" VPOS="1307" WIDTH="55" HEIGHT="29" WC="0.95" CONTENT="tas"/><SP WIDTH="28" VPOS="1307" HPOS="360"/>
							<String ID="string_173" HPOS="388" VPOS="1306" WIDTH="199" HEIGHT="36" WC="0.96" CONTENT="tillblivelse,"/><SP WIDTH="24" VPOS="1306" HPOS="587"/>
							<String ID="string_174" HPOS="611" VPOS="1307" WIDTH="67" HEIGHT="30" WC="0.96" CONTENT="och"/><SP WIDTH="23" VPOS="1307" HPOS="678"/>
							<String ID="string_175" HPOS="701" VPOS="1307" WIDTH="87" HEIGHT="31" WC="0.96" CONTENT="hans"/><SP WIDTH="27" VPOS="1307" HPOS="788"/>
							<String ID="string_176" HPOS="815" VPOS="1307" WIDTH="106" HEIGHT="37" WC="0.96" CONTENT="tjänst"/><SP WIDTH="26" VPOS="1307" HPOS="921"/>
							<String ID="string_177" HPOS="947" VPOS="1308" WIDTH="65" HEIGHT="31" WC="0.96" CONTENT="har"/><SP WIDTH="21" VPOS="1308" HPOS="1012"/>
							<String ID="string_178" HPOS="1033" VPOS="1308" WIDTH="151" HEIGHT="37" WC="0.93" CONTENT="ständigt"/><SP WIDTH="26" VPOS="1308" HPOS="1184"/>
							<String ID="string_179" HPOS="1210" VPOS="1309" WIDTH="156" HEIGHT="31" WC="0.92" CONTENT="tillmätts"/><SP WIDTH="24" VPOS="1309" HPOS="1366"/>
							<String ID="string_180" HPOS="1390" VPOS="1318" WIDTH="43" HEIGHT="22" WC="0.96" CONTENT="en"/><SP WIDTH="24" VPOS="1318" HPOS="1433"/>
							<String ID="string_181" HPOS="1457" VPOS="1312" WIDTH="71" HEIGHT="28" WC="0.96" CONTENT="stor"/><SP WIDTH="23" VPOS="1312" HPOS="1528"/>
							<String ID="string_182" HPOS="1551" VPOS="1310" WIDTH="66" HEIGHT="31" WC="0.96" CONTENT="och"/><SP WIDTH="27" VPOS="1310" HPOS="1617"/>
							<String ID="string_183" HPOS="1644" VPOS="1309" WIDTH="167" HEIGHT="36" WC="0.96" CONTENT="väsentlig"/>
						</TextLine>
						<TextLine ID="line_22" HPOS="305" VPOS="1347" WIDTH="1504" HEIGHT="41">
							<String ID="string_184" HPOS="305" VPOS="1347" WIDTH="184" HEIGHT="37" WC="0.94" CONTENT="betydelse."/><SP WIDTH="22" VPOS="1347" HPOS="489"/>
							<String ID="string_185" HPOS="511" VPOS="1348" WIDTH="120" HEIGHT="31" WC="0.96" CONTENT="Redan"/><SP WIDTH="18" VPOS="1348" HPOS="631"/>
							<String ID="string_186" HPOS="649" VPOS="1348" WIDTH="12" HEIGHT="31" WC="0.96" CONTENT="i"/><SP WIDTH="24" VPOS="1348" HPOS="661"/>
							<String ID="string_187" HPOS="685" VPOS="1349" WIDTH="57" HEIGHT="31" WC="0.96" CONTENT="sitt"/><SP WIDTH="21" VPOS="1349" HPOS="742"/>
							<String ID="string_188" HPOS="763" VPOS="1350" WIDTH="163" HEIGHT="37" WC="0.96" CONTENT="yttrande"/><SP WIDTH="19" VPOS="1350" HPOS="926"/>
							<String ID="string_189" HPOS="945" VPOS="1351" WIDTH="67" HEIGHT="30" WC="0.96" CONTENT="den"/><SP WIDTH="22" VPOS="1351" HPOS="1012"/>
							<String ID="string_190" HPOS="1034" VPOS="1351" WIDTH="39" HEIGHT="30" WC="0.96" CONTENT="15"/><SP WIDTH="22" VPOS="1351" HPOS="1073"/>
							<String ID="string_191" HPOS="1095" VPOS="1351" WIDTH="153" HEIGHT="30" WC="0.96" CONTENT="februari"/><SP WIDTH="24" VPOS="1351" HPOS="1248"/>
							<String ID="string_192" HPOS="1272" VPOS="1352" WIDTH="84" HEIGHT="30" WC="0.96" CONTENT="1932"/><SP WIDTH="21" VPOS="1352" HPOS="1356"/>
							<String ID="string_193" HPOS="1377" VPOS="1352" WIDTH="82" HEIGHT="30" WC="0.96" CONTENT="över"/><SP WIDTH="19" VPOS="1352" HPOS="1459"/>
							<String ID="string_194" HPOS="1478" VPOS="1351" WIDTH="164" HEIGHT="37" WC="0.96" CONTENT="förslaget"/><SP WIDTH="23" VPOS="1351" HPOS="1642"/>
							<String ID="string_195" HPOS="1665" VPOS="1352" WIDTH="50" HEIGHT="31" WC="0.92" CONTENT="till"/><SP WIDTH="21" VPOS="1352" HPOS="1715"/>
							<String ID="string_196" HPOS="1736" VPOS="1362" WIDTH="73" HEIGHT="20" WC="0.92" CONTENT="mu-"/>
						</TextLine>
						<TextLine ID="line_23" HPOS="307" VPOS="1390" WIDTH="1503" HEIGHT="40">
							<String ID="string_197" HPOS="307" VPOS="1394" WIDTH="88" HEIGHT="27" WC="0.92" CONTENT="seets"/><SP WIDTH="25" VPOS="1394" HPOS="395"/>
							<String ID="string_198" HPOS="420" VPOS="1390" WIDTH="107" HEIGHT="31" WC="0.93" CONTENT="första"/><SP WIDTH="29" VPOS="1390" HPOS="527"/>
							<String ID="string_199" HPOS="556" VPOS="1391" WIDTH="397" HEIGHT="37" WC="0.91" CONTENT="personalorganisation"/><SP WIDTH="24" VPOS="1391" HPOS="953"/>
							<String ID="string_200" HPOS="977" VPOS="1393" WIDTH="153" HEIGHT="31" WC="0.93" CONTENT="uttalade"/><SP WIDTH="24" VPOS="1393" HPOS="1130"/>
							<String ID="string_201" HPOS="1154" VPOS="1393" WIDTH="302" HEIGHT="37" WC="0.91" CONTENT="riksantikvarien,"/><SP WIDTH="26" VPOS="1393" HPOS="1456"/>
							<String ID="string_202" HPOS="1482" VPOS="1398" WIDTH="50" HEIGHT="27" WC="0.96" CONTENT="att"/><SP WIDTH="26" VPOS="1398" HPOS="1532"/>
							<String ID="string_203" HPOS="1558" VPOS="1404" WIDTH="43" HEIGHT="22" WC="0.93" CONTENT="en"/><SP WIDTH="25" VPOS="1404" HPOS="1601"/>
							<String ID="string_204" HPOS="1626" VPOS="1395" WIDTH="184" HEIGHT="30" WC="0.91" CONTENT="konserva-"/>
						</TextLine>
						<TextLine ID="line_24" HPOS="307" VPOS="1433" WIDTH="1503" HEIGHT="39">
							<String ID="string_205" HPOS="307" VPOS="1435" WIDTH="55" HEIGHT="28" WC="0.96" CONTENT="tor"/><SP WIDTH="25" VPOS="1435" HPOS="362"/>
							<String ID="string_206" HPOS="387" VPOS="1441" WIDTH="61" HEIGHT="22" WC="0.96" CONTENT="var"/><SP WIDTH="21" VPOS="1441" HPOS="448"/>
							<String ID="string_207" HPOS="469" VPOS="1433" WIDTH="170" HEIGHT="36" WC="0.96" CONTENT="behövlig,"/><SP WIDTH="23" VPOS="1433" HPOS="639"/>
							<String ID="string_208" HPOS="662" VPOS="1434" WIDTH="66" HEIGHT="30" WC="0.96" CONTENT="och"/><SP WIDTH="23" VPOS="1434" HPOS="728"/>
							<String ID="string_209" HPOS="751" VPOS="1434" WIDTH="80" HEIGHT="30" WC="0.96" CONTENT="med"/><SP WIDTH="25" VPOS="1434" HPOS="831"/>
							<String ID="string_210" HPOS="856" VPOS="1434" WIDTH="138" HEIGHT="37" WC="0.96" CONTENT="hänsyn"/><SP WIDTH="21" VPOS="1434" HPOS="994"/>
							<String ID="string_211" HPOS="1015" VPOS="1434" WIDTH="52" HEIGHT="31" WC="0.96" CONTENT="till"/><SP WIDTH="24" VPOS="1434" HPOS="1067"/>
							<String ID="string_212" HPOS="1091" VPOS="1435" WIDTH="44" HEIGHT="30" WC="0.96" CONTENT="de"/><SP WIDTH="20" VPOS="1435" HPOS="1135"/>
							<String ID="string_213" HPOS="1155" VPOS="1440" WIDTH="94" HEIGHT="26" WC="0.96" CONTENT="stora"/><SP WIDTH="23" VPOS="1440" HPOS="1249"/>
							<String ID="string_214" HPOS="1272" VPOS="1436" WIDTH="97" HEIGHT="34" WC="0.94" CONTENT="krav,"/><SP WIDTH="25" VPOS="1436" HPOS="1369"/>
							<String ID="string_215" HPOS="1394" VPOS="1445" WIDTH="75" HEIGHT="22" WC="0.96" CONTENT="som"/><SP WIDTH="24" VPOS="1445" HPOS="1469"/>
							<String ID="string_216" HPOS="1493" VPOS="1435" WIDTH="110" HEIGHT="32" WC="0.96" CONTENT="måste"/><SP WIDTH="22" VPOS="1435" HPOS="1603"/>
							<String ID="string_217" HPOS="1625" VPOS="1436" WIDTH="117" HEIGHT="31" WC="0.96" CONTENT="ställas"/><SP WIDTH="23" VPOS="1436" HPOS="1742"/>
							<String ID="string_218" HPOS="1765" VPOS="1435" WIDTH="45" HEIGHT="37" WC="0.96" CONTENT="på"/>
						</TextLine>
						<TextLine ID="line_25" HPOS="308" VPOS="1473" WIDTH="1502" HEIGHT="42">
							<String ID="string_219" HPOS="308" VPOS="1473" WIDTH="121" HEIGHT="37" WC="0.96" CONTENT="denne,"/><SP WIDTH="28" VPOS="1473" HPOS="429"/>
							<String ID="string_220" HPOS="457" VPOS="1474" WIDTH="124" HEIGHT="37" WC="0.96" CONTENT="ansågs"/><SP WIDTH="30" VPOS="1474" HPOS="581"/>
							<String ID="string_221" HPOS="611" VPOS="1476" WIDTH="56" HEIGHT="30" WC="0.96" CONTENT="det"/><SP WIDTH="23" VPOS="1476" HPOS="667"/>
							<String ID="string_222" HPOS="690" VPOS="1475" WIDTH="217" HEIGHT="38" WC="0.95" CONTENT="erforderligt"/><SP WIDTH="23" VPOS="1475" HPOS="907"/>
							<String ID="string_223" HPOS="930" VPOS="1478" WIDTH="80" HEIGHT="30" WC="0.96" CONTENT="med"/><SP WIDTH="24" VPOS="1478" HPOS="1010"/>
							<String ID="string_224" HPOS="1034" VPOS="1487" WIDTH="42" HEIGHT="20" WC="0.96" CONTENT="en"/><SP WIDTH="26" VPOS="1487" HPOS="1076"/>
							<String ID="string_225" HPOS="1102" VPOS="1478" WIDTH="106" HEIGHT="35" WC="0.96" CONTENT="högre"/><SP WIDTH="22" VPOS="1478" HPOS="1208"/>
							<String ID="string_226" HPOS="1230" VPOS="1478" WIDTH="292" HEIGHT="37" WC="0.96" CONTENT="tjänsteställning"/><SP WIDTH="25" VPOS="1478" HPOS="1522"/>
							<String ID="string_227" HPOS="1547" VPOS="1478" WIDTH="55" HEIGHT="31" WC="0.93" CONTENT="för"/><SP WIDTH="24" VPOS="1478" HPOS="1602"/>
							<String ID="string_228" HPOS="1626" VPOS="1478" WIDTH="184" HEIGHT="31" WC="0.92" CONTENT="konserva-"/>
						</TextLine>
						<TextLine ID="line_26" HPOS="306" VPOS="1517" WIDTH="1504" HEIGHT="39">
							<String ID="string_229" HPOS="306" VPOS="1519" WIDTH="80" HEIGHT="27" WC="0.96" CONTENT="torn"/><SP WIDTH="22" VPOS="1519" HPOS="386"/>
							<String ID="string_230" HPOS="408" VPOS="1517" WIDTH="46" HEIGHT="30" WC="0.96" CONTENT="än"/><SP WIDTH="21" VPOS="1517" HPOS="454"/>
							<String ID="string_231" HPOS="475" VPOS="1517" WIDTH="56" HEIGHT="31" WC="0.93" CONTENT="för"/><SP WIDTH="19" VPOS="1517" HPOS="531"/>
							<String ID="string_232" HPOS="550" VPOS="1527" WIDTH="287" HEIGHT="27" WC="0.92" CONTENT="amanuenserna,"/><SP WIDTH="21" VPOS="1527" HPOS="837"/>
							<String ID="string_233" HPOS="858" VPOS="1519" WIDTH="208" HEIGHT="36" WC="0.96" CONTENT="exempelvis"/><SP WIDTH="23" VPOS="1519" HPOS="1066"/>
							<String ID="string_234" HPOS="1089" VPOS="1520" WIDTH="40" HEIGHT="30" WC="0.93" CONTENT="20"/><SP WIDTH="23" VPOS="1520" HPOS="1129"/>
							<String ID="string_235" HPOS="1152" VPOS="1520" WIDTH="209" HEIGHT="36" WC="0.91" CONTENT="lönegraden"/><SP WIDTH="22" VPOS="1520" HPOS="1361"/>
							<String ID="string_236" HPOS="1383" VPOS="1520" WIDTH="11" HEIGHT="30" WC="0.93" CONTENT="i"/><SP WIDTH="20" VPOS="1520" HPOS="1394"/>
							<String ID="string_237" HPOS="1414" VPOS="1521" WIDTH="204" HEIGHT="31" WC="0.91" CONTENT="löneskalan"/><SP WIDTH="23" VPOS="1521" HPOS="1618"/>
							<String ID="string_238" HPOS="1641" VPOS="1521" WIDTH="56" HEIGHT="31" WC="0.93" CONTENT="för"/><SP WIDTH="22" VPOS="1521" HPOS="1697"/>
							<String ID="string_239" HPOS="1719" VPOS="1521" WIDTH="91" HEIGHT="31" WC="0.92" CONTENT="icke-"/>
						</TextLine>
						<TextLine ID="line_27" HPOS="307" VPOS="1558" WIDTH="548" HEIGHT="38">
							<String ID="string_240" HPOS="307" VPOS="1558" WIDTH="175" HEIGHT="32" WC="0.93" CONTENT="ordinarie"/><SP WIDTH="22" VPOS="1558" HPOS="482"/>
							<String ID="string_241" HPOS="504" VPOS="1559" WIDTH="351" HEIGHT="37" WC="0.91" CONTENT="befattningshavare."/>
						</TextLine>
					</TextBlock>
					<TextBlock ID="block_8" HPOS="306" VPOS="1601" WIDTH="1507" HEIGHT="541">
						<TextLine ID="line_28" HPOS="353" VPOS="1601" WIDTH="1457" HEIGHT="41">
							<String ID="string_242" HPOS="353" VPOS="1601" WIDTH="13" HEIGHT="30" WC="0.96" CONTENT="I"/><SP WIDTH="28" VPOS="1601" HPOS="366"/>
							<String ID="string_243" HPOS="394" VPOS="1601" WIDTH="56" HEIGHT="30" WC="0.96" CONTENT="det"/><SP WIDTH="26" VPOS="1601" HPOS="450"/>
							<String ID="string_244" HPOS="476" VPOS="1601" WIDTH="219" HEIGHT="31" WC="0.96" CONTENT="betänkande"/><SP WIDTH="25" VPOS="1601" HPOS="695"/>
							<String ID="string_245" HPOS="720" VPOS="1604" WIDTH="80" HEIGHT="29" WC="0.96" CONTENT="med"/><SP WIDTH="25" VPOS="1604" HPOS="800"/>
							<String ID="string_246" HPOS="825" VPOS="1602" WIDTH="132" HEIGHT="37" WC="0.96" CONTENT="förslag"/><SP WIDTH="22" VPOS="1602" HPOS="957"/>
							<String ID="string_247" HPOS="979" VPOS="1602" WIDTH="179" HEIGHT="38" WC="0.96" CONTENT="angående"/><SP WIDTH="29" VPOS="1602" HPOS="1158"/>
							<String ID="string_248" HPOS="1187" VPOS="1604" WIDTH="242" HEIGHT="36" WC="0.95" CONTENT="sjöhistoriska"/><SP WIDTH="30" VPOS="1604" HPOS="1429"/>
							<String ID="string_249" HPOS="1459" VPOS="1608" WIDTH="148" HEIGHT="28" WC="0.93" CONTENT="museets"/><SP WIDTH="28" VPOS="1608" HPOS="1607"/>
							<String ID="string_250" HPOS="1635" VPOS="1606" WIDTH="175" HEIGHT="36" WC="0.91" CONTENT="personal-"/>
						</TextLine>
						<TextLine ID="line_29" HPOS="307" VPOS="1642" WIDTH="1503" HEIGHT="42">
							<String ID="string_251" HPOS="307" VPOS="1642" WIDTH="245" HEIGHT="38" WC="0.95" CONTENT="organisation,"/><SP WIDTH="29" VPOS="1642" HPOS="552"/>
							<String ID="string_252" HPOS="581" VPOS="1653" WIDTH="76" HEIGHT="21" WC="0.95" CONTENT="som"/><SP WIDTH="25" VPOS="1653" HPOS="657"/>
							<String ID="string_253" HPOS="682" VPOS="1652" WIDTH="125" HEIGHT="28" WC="0.96" CONTENT="avgavs"/><SP WIDTH="25" VPOS="1652" HPOS="807"/>
							<String ID="string_254" HPOS="832" VPOS="1646" WIDTH="69" HEIGHT="29" WC="0.96" CONTENT="den"/><SP WIDTH="26" VPOS="1646" HPOS="901"/>
							<String ID="string_255" HPOS="927" VPOS="1646" WIDTH="40" HEIGHT="30" WC="0.96" CONTENT="29"/><SP WIDTH="26" VPOS="1646" HPOS="967"/>
							<String ID="string_256" HPOS="993" VPOS="1646" WIDTH="188" HEIGHT="30" WC="0.96" CONTENT="november"/><SP WIDTH="27" VPOS="1646" HPOS="1181"/>
							<String ID="string_257" HPOS="1208" VPOS="1647" WIDTH="81" HEIGHT="30" WC="0.96" CONTENT="1944"/><SP WIDTH="28" VPOS="1647" HPOS="1289"/>
							<String ID="string_258" HPOS="1317" VPOS="1656" WIDTH="42" HEIGHT="21" WC="0.96" CONTENT="av"/><SP WIDTH="27" VPOS="1656" HPOS="1359"/>
							<String ID="string_259" HPOS="1386" VPOS="1647" WIDTH="95" HEIGHT="31" WC="0.90" CONTENT="inom"/><SP WIDTH="27" VPOS="1647" HPOS="1481"/>
							<String ID="string_260" HPOS="1508" VPOS="1648" WIDTH="302" HEIGHT="36" WC="0.90" CONTENT="handelsdeparte-"/>
						</TextLine>
						<TextLine ID="line_30" HPOS="308" VPOS="1685" WIDTH="1503" HEIGHT="40">
							<String ID="string_261" HPOS="308" VPOS="1688" WIDTH="129" HEIGHT="27" WC="0.96" CONTENT="mentet"/><SP WIDTH="28" VPOS="1688" HPOS="437"/>
							<String ID="string_262" HPOS="465" VPOS="1685" WIDTH="189" HEIGHT="31" WC="0.95" CONTENT="tillkallade"/><SP WIDTH="25" VPOS="1685" HPOS="654"/>
							<String ID="string_263" HPOS="679" VPOS="1686" WIDTH="230" HEIGHT="38" WC="0.93" CONTENT="sakkunniga,"/><SP WIDTH="31" VPOS="1686" HPOS="909"/>
							<String ID="string_264" HPOS="940" VPOS="1687" WIDTH="172" HEIGHT="37" WC="0.92" CONTENT="föreslogo"/><SP WIDTH="26" VPOS="1687" HPOS="1112"/>
							<String ID="string_265" HPOS="1138" VPOS="1688" WIDTH="356" HEIGHT="37" WC="0.91" CONTENT="utredningsmännen"/><SP WIDTH="26" VPOS="1688" HPOS="1494"/>
							<String ID="string_266" HPOS="1520" VPOS="1694" WIDTH="50" HEIGHT="27" WC="0.96" CONTENT="att"/><SP WIDTH="26" VPOS="1694" HPOS="1570"/>
							<String ID="string_267" HPOS="1596" VPOS="1689" WIDTH="57" HEIGHT="32" WC="0.96" CONTENT="vid"/><SP WIDTH="27" VPOS="1689" HPOS="1653"/>
							<String ID="string_268" HPOS="1680" VPOS="1695" WIDTH="131" HEIGHT="26" WC="0.96" CONTENT="museet"/>
						</TextLine>
						<TextLine ID="line_31" HPOS="307" VPOS="1725" WIDTH="1503" HEIGHT="42">
							<String ID="string_269" HPOS="307" VPOS="1725" WIDTH="109" HEIGHT="33" WC="0.96" CONTENT="måtte"/><SP WIDTH="23" VPOS="1725" HPOS="416"/>
							<String ID="string_270" HPOS="439" VPOS="1726" WIDTH="146" HEIGHT="32" WC="0.95" CONTENT="inrättas"/><SP WIDTH="26" VPOS="1726" HPOS="585"/>
							<String ID="string_271" HPOS="611" VPOS="1737" WIDTH="45" HEIGHT="21" WC="0.92" CONTENT="en"/><SP WIDTH="26" VPOS="1737" HPOS="656"/>
							<String ID="string_272" HPOS="682" VPOS="1728" WIDTH="351" HEIGHT="37" WC="0.92" CONTENT="konservatorstjänst"/><SP WIDTH="22" VPOS="1728" HPOS="1033"/>
							<String ID="string_273" HPOS="1055" VPOS="1730" WIDTH="12" HEIGHT="30" WC="0.96" CONTENT="i"/><SP WIDTH="23" VPOS="1730" HPOS="1067"/>
							<String ID="string_274" HPOS="1090" VPOS="1731" WIDTH="165" HEIGHT="36" WC="0.96" CONTENT="lönegrad"/><SP WIDTH="27" VPOS="1731" HPOS="1255"/>
							<String ID="string_275" HPOS="1282" VPOS="1732" WIDTH="36" HEIGHT="29" WC="0.96" CONTENT="17"/><SP WIDTH="28" VPOS="1732" HPOS="1318"/>
							<String ID="string_276" HPOS="1346" VPOS="1730" WIDTH="45" HEIGHT="37" WC="0.96" CONTENT="på"/><SP WIDTH="24" VPOS="1730" HPOS="1391"/>
							<String ID="string_277" HPOS="1415" VPOS="1735" WIDTH="95" HEIGHT="28" WC="0.96" CONTENT="extra"/><SP WIDTH="25" VPOS="1735" HPOS="1510"/>
							<String ID="string_278" HPOS="1535" VPOS="1732" WIDTH="175" HEIGHT="32" WC="0.96" CONTENT="ordinarie"/><SP WIDTH="24" VPOS="1732" HPOS="1710"/>
							<String ID="string_279" HPOS="1734" VPOS="1736" WIDTH="76" HEIGHT="27" WC="0.96" CONTENT="stat."/>
						</TextLine>
						<TextLine ID="line_32" HPOS="308" VPOS="1767" WIDTH="1502" HEIGHT="42">
							<String ID="string_280" HPOS="308" VPOS="1767" WIDTH="149" HEIGHT="32" WC="0.96" CONTENT="Museets"/><SP WIDTH="25" VPOS="1767" HPOS="457"/>
							<String ID="string_281" HPOS="482" VPOS="1770" WIDTH="134" HEIGHT="30" WC="0.96" CONTENT="nämnd"/><SP WIDTH="24" VPOS="1770" HPOS="616"/>
							<String ID="string_282" HPOS="640" VPOS="1770" WIDTH="165" HEIGHT="31" WC="0.96" CONTENT="framhöll"/><SP WIDTH="27" VPOS="1770" HPOS="805"/>
							<String ID="string_283" HPOS="832" VPOS="1772" WIDTH="189" HEIGHT="30" WC="0.96" CONTENT="emellertid"/><SP WIDTH="26" VPOS="1772" HPOS="1021"/>
							<String ID="string_284" HPOS="1047" VPOS="1772" WIDTH="11" HEIGHT="30" WC="0.96" CONTENT="i"/><SP WIDTH="27" VPOS="1772" HPOS="1058"/>
							<String ID="string_285" HPOS="1085" VPOS="1773" WIDTH="56" HEIGHT="30" WC="0.96" CONTENT="sitt"/><SP WIDTH="24" VPOS="1773" HPOS="1141"/>
							<String ID="string_286" HPOS="1165" VPOS="1773" WIDTH="284" HEIGHT="36" WC="0.96" CONTENT="remissyttrande"/><SP WIDTH="29" VPOS="1773" HPOS="1449"/>
							<String ID="string_287" HPOS="1478" VPOS="1778" WIDTH="50" HEIGHT="27" WC="0.92" CONTENT="att"/><SP WIDTH="26" VPOS="1778" HPOS="1528"/>
							<String ID="string_288" HPOS="1554" VPOS="1774" WIDTH="256" HEIGHT="32" WC="0.91" CONTENT="konservators-"/>
						</TextLine>
						<TextLine ID="line_33" HPOS="306" VPOS="1808" WIDTH="1507" HEIGHT="44">
							<String ID="string_289" HPOS="306" VPOS="1808" WIDTH="154" HEIGHT="37" WC="0.96" CONTENT="tjänsten"/><SP WIDTH="18" VPOS="1808" HPOS="460"/>
							<String ID="string_290" HPOS="478" VPOS="1812" WIDTH="80" HEIGHT="30" WC="0.96" CONTENT="med"/><SP WIDTH="19" VPOS="1812" HPOS="558"/>
							<String ID="string_291" HPOS="577" VPOS="1812" WIDTH="136" HEIGHT="36" WC="0.95" CONTENT="hänsyn"/><SP WIDTH="20" VPOS="1812" HPOS="713"/>
							<String ID="string_292" HPOS="733" VPOS="1812" WIDTH="49" HEIGHT="30" WC="0.96" CONTENT="till"/><SP WIDTH="25" VPOS="1812" HPOS="782"/>
							<String ID="string_293" HPOS="807" VPOS="1813" WIDTH="68" HEIGHT="30" WC="0.96" CONTENT="den"/><SP WIDTH="19" VPOS="1813" HPOS="875"/>
							<String ID="string_294" HPOS="894" VPOS="1813" WIDTH="158" HEIGHT="36" WC="0.96" CONTENT="speciella"/><SP WIDTH="21" VPOS="1813" HPOS="1052"/>
							<String ID="string_295" HPOS="1073" VPOS="1815" WIDTH="66" HEIGHT="29" WC="0.96" CONTENT="och"/><SP WIDTH="20" VPOS="1815" HPOS="1139"/>
							<String ID="string_296" HPOS="1159" VPOS="1813" WIDTH="199" HEIGHT="38" WC="0.96" CONTENT="långvariga"/><SP WIDTH="22" VPOS="1813" HPOS="1358"/>
							<String ID="string_297" HPOS="1380" VPOS="1816" WIDTH="204" HEIGHT="36" WC="0.96" CONTENT="utbildning,"/><SP WIDTH="22" VPOS="1816" HPOS="1584"/>
							<String ID="string_298" HPOS="1606" VPOS="1826" WIDTH="75" HEIGHT="21" WC="0.96" CONTENT="som"/><SP WIDTH="21" VPOS="1826" HPOS="1681"/>
							<String ID="string_299" HPOS="1702" VPOS="1816" WIDTH="111" HEIGHT="31" WC="0.96" CONTENT="måste"/>
						</TextLine>
						<TextLine ID="line_34" HPOS="308" VPOS="1851" WIDTH="1502" HEIGHT="44">
							<String ID="string_300" HPOS="308" VPOS="1851" WIDTH="128" HEIGHT="32" WC="0.96" CONTENT="krävas"/><SP WIDTH="19" VPOS="1851" HPOS="436"/>
							<String ID="string_301" HPOS="455" VPOS="1863" WIDTH="42" HEIGHT="20" WC="0.96" CONTENT="av"/><SP WIDTH="20" VPOS="1863" HPOS="497"/>
							<String ID="string_302" HPOS="517" VPOS="1853" WIDTH="245" HEIGHT="38" WC="0.96" CONTENT="innehavaren,"/><SP WIDTH="22" VPOS="1853" HPOS="762"/>
							<String ID="string_303" HPOS="784" VPOS="1854" WIDTH="199" HEIGHT="37" WC="0.96" CONTENT="förslagsvis"/><SP WIDTH="25" VPOS="1854" HPOS="983"/>
							<String ID="string_304" HPOS="1008" VPOS="1856" WIDTH="107" HEIGHT="31" WC="0.96" CONTENT="borde"/><SP WIDTH="24" VPOS="1856" HPOS="1115"/>
							<String ID="string_305" HPOS="1139" VPOS="1857" WIDTH="154" HEIGHT="35" WC="0.96" CONTENT="placeras"/><SP WIDTH="22" VPOS="1857" HPOS="1293"/>
							<String ID="string_306" HPOS="1315" VPOS="1857" WIDTH="12" HEIGHT="30" WC="0.96" CONTENT="i"/><SP WIDTH="21" VPOS="1857" HPOS="1327"/>
							<String ID="string_307" HPOS="1348" VPOS="1858" WIDTH="165" HEIGHT="36" WC="0.93" CONTENT="lönegrad"/><SP WIDTH="23" VPOS="1858" HPOS="1513"/>
							<String ID="string_308" HPOS="1536" VPOS="1859" WIDTH="51" HEIGHT="29" WC="0.93" CONTENT="Eo"/><SP WIDTH="23" VPOS="1859" HPOS="1587"/>
							<String ID="string_309" HPOS="1610" VPOS="1860" WIDTH="48" HEIGHT="29" WC="0.93" CONTENT="18."/><SP WIDTH="24" VPOS="1860" HPOS="1658"/>
							<String ID="string_310" HPOS="1682" VPOS="1859" WIDTH="128" HEIGHT="36" WC="0.91" CONTENT="Depar-"/>
						</TextLine>
						<TextLine ID="line_35" HPOS="307" VPOS="1894" WIDTH="1503" HEIGHT="38">
							<String ID="string_311" HPOS="307" VPOS="1894" WIDTH="274" HEIGHT="32" WC="0.90" CONTENT="tementschefen"/><SP WIDTH="25" VPOS="1894" HPOS="581"/>
							<String ID="string_312" HPOS="606" VPOS="1895" WIDTH="109" HEIGHT="37" WC="0.96" CONTENT="följde"/><SP WIDTH="23" VPOS="1895" HPOS="715"/>
							<String ID="string_313" HPOS="738" VPOS="1896" WIDTH="11" HEIGHT="30" WC="0.96" CONTENT="i"/><SP WIDTH="23" VPOS="1896" HPOS="749"/>
							<String ID="string_314" HPOS="772" VPOS="1897" WIDTH="217" HEIGHT="35" WC="0.96" CONTENT="proposition"/><SP WIDTH="24" VPOS="1897" HPOS="989"/>
							<String ID="string_315" HPOS="1013" VPOS="1908" WIDTH="42" HEIGHT="21" WC="0.91" CONTENT="nr"/><SP WIDTH="29" VPOS="1908" HPOS="1055"/>
							<String ID="string_316" HPOS="1084" VPOS="1896" WIDTH="162" HEIGHT="34" WC="0.91" CONTENT="155/1945"/><SP WIDTH="27" VPOS="1896" HPOS="1246"/>
							<String ID="string_317" HPOS="1273" VPOS="1900" WIDTH="190" HEIGHT="31" WC="0.96" CONTENT="emellertid"/><SP WIDTH="26" VPOS="1900" HPOS="1463"/>
							<String ID="string_318" HPOS="1489" VPOS="1900" WIDTH="77" HEIGHT="32" WC="0.96" CONTENT="icke"/><SP WIDTH="26" VPOS="1900" HPOS="1566"/>
							<String ID="string_319" HPOS="1592" VPOS="1901" WIDTH="42" HEIGHT="30" WC="0.93" CONTENT="de"/><SP WIDTH="25" VPOS="1901" HPOS="1634"/>
							<String ID="string_320" HPOS="1659" VPOS="1901" WIDTH="151" HEIGHT="30" WC="0.91" CONTENT="sakkun-"/>
						</TextLine>
						<TextLine ID="line_36" HPOS="308" VPOS="1935" WIDTH="1502" HEIGHT="44">
							<String ID="string_321" HPOS="308" VPOS="1935" WIDTH="98" HEIGHT="37" WC="0.92" CONTENT="nigas"/><SP WIDTH="26" VPOS="1935" HPOS="406"/>
							<String ID="string_322" HPOS="432" VPOS="1936" WIDTH="129" HEIGHT="37" WC="0.96" CONTENT="förslag"/><SP WIDTH="27" VPOS="1936" HPOS="561"/>
							<String ID="string_323" HPOS="588" VPOS="1946" WIDTH="80" HEIGHT="21" WC="0.96" CONTENT="men"/><SP WIDTH="26" VPOS="1946" HPOS="668"/>
							<String ID="string_324" HPOS="694" VPOS="1939" WIDTH="55" HEIGHT="30" WC="0.96" CONTENT="väl"/><SP WIDTH="25" VPOS="1939" HPOS="749"/>
							<String ID="string_325" HPOS="774" VPOS="1939" WIDTH="178" HEIGHT="31" WC="0.93" CONTENT="allmänna"/><SP WIDTH="24" VPOS="1939" HPOS="952"/>
							<String ID="string_326" HPOS="976" VPOS="1940" WIDTH="282" HEIGHT="36" WC="0.92" CONTENT="lönenämndens,"/><SP WIDTH="27" VPOS="1940" HPOS="1258"/>
							<String ID="string_327" HPOS="1285" VPOS="1941" WIDTH="151" HEIGHT="32" WC="0.93" CONTENT="varefter"/><SP WIDTH="25" VPOS="1941" HPOS="1436"/>
							<String ID="string_328" HPOS="1461" VPOS="1943" WIDTH="249" HEIGHT="32" WC="0.91" CONTENT="konservatorn"/><SP WIDTH="29" VPOS="1943" HPOS="1710"/>
							<String ID="string_329" HPOS="1739" VPOS="1944" WIDTH="71" HEIGHT="35" WC="0.92" CONTENT="pla-"/>
						</TextLine>
						<TextLine ID="line_37" HPOS="308" VPOS="1978" WIDTH="1501" HEIGHT="42">
							<String ID="string_330" HPOS="308" VPOS="1978" WIDTH="140" HEIGHT="30" WC="0.92" CONTENT="cerades"/><SP WIDTH="20" VPOS="1978" HPOS="448"/>
							<String ID="string_331" HPOS="468" VPOS="1978" WIDTH="10" HEIGHT="30" WC="0.96" CONTENT="i"/><SP WIDTH="24" VPOS="1978" HPOS="478"/>
							<String ID="string_332" HPOS="502" VPOS="1979" WIDTH="166" HEIGHT="36" WC="0.93" CONTENT="lönegrad"/><SP WIDTH="24" VPOS="1979" HPOS="668"/>
							<String ID="string_333" HPOS="692" VPOS="1980" WIDTH="51" HEIGHT="32" WC="0.92" CONTENT="Eo"/><SP WIDTH="26" VPOS="1980" HPOS="743"/>
							<String ID="string_334" HPOS="769" VPOS="1981" WIDTH="48" HEIGHT="29" WC="0.96" CONTENT="15."/><SP WIDTH="23" VPOS="1981" HPOS="817"/>
							<String ID="string_335" HPOS="840" VPOS="1980" WIDTH="120" HEIGHT="32" WC="0.96" CONTENT="Såsom"/><SP WIDTH="23" VPOS="1980" HPOS="960"/>
							<String ID="string_336" HPOS="983" VPOS="1983" WIDTH="55" HEIGHT="29" WC="0.96" CONTENT="det"/><SP WIDTH="21" VPOS="1983" HPOS="1038"/>
							<String ID="string_337" HPOS="1059" VPOS="1982" WIDTH="170" HEIGHT="37" WC="0.96" CONTENT="framgick"/><SP WIDTH="22" VPOS="1982" HPOS="1229"/>
							<String ID="string_338" HPOS="1251" VPOS="1993" WIDTH="43" HEIGHT="20" WC="0.96" CONTENT="av"/><SP WIDTH="20" VPOS="1993" HPOS="1294"/>
							<String ID="string_339" HPOS="1314" VPOS="1984" WIDTH="252" HEIGHT="36" WC="0.96" CONTENT="upplysningar"/><SP WIDTH="23" VPOS="1984" HPOS="1566"/>
							<String ID="string_340" HPOS="1589" VPOS="1986" WIDTH="10" HEIGHT="30" WC="0.96" CONTENT="i"/><SP WIDTH="23" VPOS="1986" HPOS="1599"/>
							<String ID="string_341" HPOS="1622" VPOS="1984" WIDTH="43" HEIGHT="32" WC="0.96" CONTENT="då"/><SP WIDTH="22" VPOS="1984" HPOS="1665"/>
							<String ID="string_342" HPOS="1687" VPOS="1986" WIDTH="122" HEIGHT="30" WC="0.96" CONTENT="väckta"/>
						</TextLine>
						<TextLine ID="line_38" HPOS="308" VPOS="2020" WIDTH="1503" HEIGHT="45">
							<String ID="string_343" HPOS="308" VPOS="2020" WIDTH="171" HEIGHT="31" WC="0.96" CONTENT="motioner"/><SP WIDTH="21" VPOS="2020" HPOS="479"/>
							<String ID="string_344" HPOS="500" VPOS="2021" WIDTH="126" HEIGHT="31" WC="0.96" CONTENT="liksom"/><SP WIDTH="22" VPOS="2021" HPOS="626"/>
							<String ID="string_345" HPOS="648" VPOS="2031" WIDTH="42" HEIGHT="21" WC="0.93" CONTENT="av"/><SP WIDTH="23" VPOS="2031" HPOS="690"/>
							<String ID="string_346" HPOS="713" VPOS="2022" WIDTH="364" HEIGHT="32" WC="0.90" CONTENT="kammardebatterna"/><SP WIDTH="22" VPOS="2022" HPOS="1077"/>
							<String ID="string_347" HPOS="1099" VPOS="2025" WIDTH="151" HEIGHT="31" WC="0.96" CONTENT="berodde"/><SP WIDTH="23" VPOS="2025" HPOS="1250"/>
							<String ID="string_348" HPOS="1273" VPOS="2026" WIDTH="164" HEIGHT="36" WC="0.96" CONTENT="förslaget"/><SP WIDTH="22" VPOS="2026" HPOS="1437"/>
							<String ID="string_349" HPOS="1459" VPOS="2036" WIDTH="57" HEIGHT="21" WC="0.96" CONTENT="om"/><SP WIDTH="22" VPOS="2036" HPOS="1516"/>
							<String ID="string_350" HPOS="1538" VPOS="2037" WIDTH="44" HEIGHT="20" WC="0.96" CONTENT="en"/><SP WIDTH="22" VPOS="2037" HPOS="1582"/>
							<String ID="string_351" HPOS="1604" VPOS="2028" WIDTH="175" HEIGHT="37" WC="0.96" CONTENT="placering"/><SP WIDTH="22" VPOS="2028" HPOS="1779"/>
							<String ID="string_352" HPOS="1801" VPOS="2028" WIDTH="10" HEIGHT="29" WC="0.96" CONTENT="i"/>
						</TextLine>
						<TextLine ID="line_39" HPOS="307" VPOS="2061" WIDTH="1504" HEIGHT="45">
							<String ID="string_353" HPOS="307" VPOS="2061" WIDTH="89" HEIGHT="31" WC="0.95" CONTENT="blott"/><SP WIDTH="27" VPOS="2061" HPOS="396"/>
							<String ID="string_354" HPOS="423" VPOS="2063" WIDTH="38" HEIGHT="29" WC="0.93" CONTENT="15"/><SP WIDTH="26" VPOS="2063" HPOS="461"/>
							<String ID="string_355" HPOS="487" VPOS="2063" WIDTH="210" HEIGHT="36" WC="0.91" CONTENT="lönegraden"/><SP WIDTH="24" VPOS="2063" HPOS="697"/>
							<String ID="string_356" HPOS="721" VPOS="2065" WIDTH="272" HEIGHT="36" WC="0.96" CONTENT="uppenbarligen"/><SP WIDTH="23" VPOS="2065" HPOS="993"/>
							<String ID="string_357" HPOS="1016" VPOS="2065" WIDTH="46" HEIGHT="37" WC="0.96" CONTENT="på"/><SP WIDTH="23" VPOS="2065" HPOS="1062"/>
							<String ID="string_358" HPOS="1085" VPOS="2076" WIDTH="44" HEIGHT="21" WC="0.96" CONTENT="en"/><SP WIDTH="28" VPOS="2076" HPOS="1129"/>
							<String ID="string_359" HPOS="1157" VPOS="2067" WIDTH="308" HEIGHT="39" WC="0.95" CONTENT="missuppfattning"/><SP WIDTH="22" VPOS="2067" HPOS="1465"/>
							<String ID="string_360" HPOS="1487" VPOS="2079" WIDTH="58" HEIGHT="21" WC="0.96" CONTENT="om"/><SP WIDTH="24" VPOS="2079" HPOS="1545"/>
							<String ID="string_361" HPOS="1569" VPOS="2070" WIDTH="175" HEIGHT="30" WC="0.96" CONTENT="storleken"/><SP WIDTH="25" VPOS="2070" HPOS="1744"/>
							<String ID="string_362" HPOS="1769" VPOS="2080" WIDTH="42" HEIGHT="21" WC="0.96" CONTENT="av"/>
						</TextLine>
						<TextLine ID="line_40" HPOS="308" VPOS="2102" WIDTH="799" HEIGHT="40">
							<String ID="string_363" HPOS="308" VPOS="2102" WIDTH="267" HEIGHT="33" WC="0.92" CONTENT="konservatorns"/><SP WIDTH="23" VPOS="2102" HPOS="575"/>
							<String ID="string_364" HPOS="598" VPOS="2105" WIDTH="144" HEIGHT="37" WC="0.93" CONTENT="tidigare"/><SP WIDTH="20" VPOS="2105" HPOS="742"/>
							<String ID="string_365" HPOS="762" VPOS="2107" WIDTH="345" HEIGHT="32" WC="0.91" CONTENT="arvodesinkomster."/>
						</TextLine>
					</TextBlock>
					<TextBlock ID="block_9" HPOS="308" VPOS="2145" WIDTH="1504" HEIGHT="382">
						<TextLine ID="line_41" HPOS="354" VPOS="2145" WIDTH="1458" HEIGHT="46">
							<String ID="string_366" HPOS="354" VPOS="2145" WIDTH="148" HEIGHT="31" WC="0.96" CONTENT="Givetvis"/><SP WIDTH="23" VPOS="2145" HPOS="502"/>
							<String ID="string_367" HPOS="525" VPOS="2146" WIDTH="147" HEIGHT="32" WC="0.96" CONTENT="innebär"/><SP WIDTH="23" VPOS="2146" HPOS="672"/>
							<String ID="string_368" HPOS="695" VPOS="2148" WIDTH="55" HEIGHT="30" WC="0.96" CONTENT="det"/><SP WIDTH="26" VPOS="2148" HPOS="750"/>
							<String ID="string_369" HPOS="776" VPOS="2148" WIDTH="10" HEIGHT="30" WC="0.96" CONTENT="i"/><SP WIDTH="25" VPOS="2148" HPOS="786"/>
							<String ID="string_370" HPOS="811" VPOS="2147" WIDTH="91" HEIGHT="33" WC="0.93" CONTENT="årets"/><SP WIDTH="25" VPOS="2147" HPOS="902"/>
							<String ID="string_371" HPOS="927" VPOS="2151" WIDTH="402" HEIGHT="36" WC="0.91" CONTENT="statsverksproposition"/><SP WIDTH="24" VPOS="2151" HPOS="1329"/>
							<String ID="string_372" HPOS="1353" VPOS="2152" WIDTH="195" HEIGHT="38" WC="0.96" CONTENT="framlagda"/><SP WIDTH="25" VPOS="2152" HPOS="1548"/>
							<String ID="string_373" HPOS="1573" VPOS="2154" WIDTH="164" HEIGHT="37" WC="0.95" CONTENT="förslaget"/><SP WIDTH="25" VPOS="2154" HPOS="1737"/>
							<String ID="string_374" HPOS="1762" VPOS="2155" WIDTH="50" HEIGHT="30" WC="0.95" CONTENT="till"/>
						</TextLine>
						<TextLine ID="line_42" HPOS="308" VPOS="2186" WIDTH="1502" HEIGHT="46">
							<String ID="string_375" HPOS="308" VPOS="2186" WIDTH="148" HEIGHT="38" WC="0.96" CONTENT="höjning"/><SP WIDTH="25" VPOS="2186" HPOS="456"/>
							<String ID="string_376" HPOS="481" VPOS="2198" WIDTH="42" HEIGHT="20" WC="0.92" CONTENT="av"/><SP WIDTH="26" VPOS="2198" HPOS="523"/>
							<String ID="string_377" HPOS="549" VPOS="2189" WIDTH="268" HEIGHT="32" WC="0.92" CONTENT="konservatorns"/><SP WIDTH="26" VPOS="2189" HPOS="817"/>
							<String ID="string_378" HPOS="843" VPOS="2192" WIDTH="166" HEIGHT="35" WC="0.96" CONTENT="lönegrad"/><SP WIDTH="24" VPOS="2192" HPOS="1009"/>
							<String ID="string_379" HPOS="1033" VPOS="2202" WIDTH="44" HEIGHT="21" WC="0.96" CONTENT="en"/><SP WIDTH="27" VPOS="2202" HPOS="1077"/>
							<String ID="string_380" HPOS="1104" VPOS="2193" WIDTH="216" HEIGHT="37" WC="0.96" CONTENT="förbättring."/><SP WIDTH="28" VPOS="2193" HPOS="1320"/>
							<String ID="string_381" HPOS="1348" VPOS="2195" WIDTH="123" HEIGHT="31" WC="0.96" CONTENT="Likväl"/><SP WIDTH="28" VPOS="2195" HPOS="1471"/>
							<String ID="string_382" HPOS="1499" VPOS="2205" WIDTH="100" HEIGHT="27" WC="0.96" CONTENT="synes"/><SP WIDTH="29" VPOS="2205" HPOS="1599"/>
							<String ID="string_383" HPOS="1628" VPOS="2197" WIDTH="66" HEIGHT="30" WC="0.93" CONTENT="den"/><SP WIDTH="25" VPOS="2197" HPOS="1694"/>
							<String ID="string_384" HPOS="1719" VPOS="2199" WIDTH="91" HEIGHT="29" WC="0.92" CONTENT="löne-"/>
						</TextLine>
						<TextLine ID="line_43" HPOS="309" VPOS="2230" WIDTH="1502" HEIGHT="45">
							<String ID="string_385" HPOS="309" VPOS="2230" WIDTH="279" HEIGHT="37" WC="0.90" CONTENT="gradsplacering"/><SP WIDTH="20" VPOS="2230" HPOS="588"/>
							<String ID="string_386" HPOS="608" VPOS="2231" WIDTH="72" HEIGHT="30" WC="0.96" CONTENT="han"/><SP WIDTH="19" VPOS="2231" HPOS="680"/>
							<String ID="string_387" HPOS="699" VPOS="2232" WIDTH="204" HEIGHT="36" WC="0.96" CONTENT="härigenom"/><SP WIDTH="25" VPOS="2232" HPOS="903"/>
							<String ID="string_388" HPOS="928" VPOS="2234" WIDTH="110" HEIGHT="30" WC="0.96" CONTENT="skulle"/><SP WIDTH="23" VPOS="2234" HPOS="1038"/>
							<String ID="string_389" HPOS="1061" VPOS="2234" WIDTH="45" HEIGHT="31" WC="0.96" CONTENT="nå"/><SP WIDTH="25" VPOS="2234" HPOS="1106"/>
							<String ID="string_390" HPOS="1131" VPOS="2235" WIDTH="76" HEIGHT="31" WC="0.96" CONTENT="icke"/><SP WIDTH="18" VPOS="2235" HPOS="1207"/>
							<String ID="string_391" HPOS="1225" VPOS="2236" WIDTH="79" HEIGHT="36" WC="0.95" CONTENT="giva"/><SP WIDTH="21" VPOS="2236" HPOS="1304"/>
							<String ID="string_392" HPOS="1325" VPOS="2236" WIDTH="65" HEIGHT="31" WC="0.96" CONTENT="full"/><SP WIDTH="22" VPOS="2236" HPOS="1390"/>
							<String ID="string_393" HPOS="1412" VPOS="2238" WIDTH="82" HEIGHT="30" WC="0.96" CONTENT="eller"/><SP WIDTH="20" VPOS="2238" HPOS="1494"/>
							<String ID="string_394" HPOS="1514" VPOS="2238" WIDTH="112" HEIGHT="37" WC="0.93" CONTENT="skälig"/><SP WIDTH="20" VPOS="2238" HPOS="1626"/>
							<String ID="string_395" HPOS="1646" VPOS="2239" WIDTH="165" HEIGHT="36" WC="0.92" CONTENT="kompen-"/>
						</TextLine>
						<TextLine ID="line_44" HPOS="309" VPOS="2271" WIDTH="1502" HEIGHT="44">
							<String ID="string_396" HPOS="309" VPOS="2271" WIDTH="112" HEIGHT="31" WC="0.91" CONTENT="sation"/><SP WIDTH="24" VPOS="2271" HPOS="421"/>
							<String ID="string_397" HPOS="445" VPOS="2272" WIDTH="55" HEIGHT="31" WC="0.96" CONTENT="för"/><SP WIDTH="19" VPOS="2272" HPOS="500"/>
							<String ID="string_398" HPOS="519" VPOS="2274" WIDTH="45" HEIGHT="30" WC="0.93" CONTENT="de"/><SP WIDTH="23" VPOS="2274" HPOS="564"/>
							<String ID="string_399" HPOS="587" VPOS="2273" WIDTH="333" HEIGHT="37" WC="0.91" CONTENT="tjänsteåligganden"/><SP WIDTH="20" VPOS="2273" HPOS="920"/>
							<String ID="string_400" HPOS="940" VPOS="2276" WIDTH="365" HEIGHT="37" WC="0.90" CONTENT="befattningshavaren"/><SP WIDTH="22" VPOS="2276" HPOS="1305"/>
							<String ID="string_401" HPOS="1327" VPOS="2278" WIDTH="137" HEIGHT="37" WC="0.96" CONTENT="fullgör."/><SP WIDTH="23" VPOS="2278" HPOS="1464"/>
							<String ID="string_402" HPOS="1487" VPOS="2280" WIDTH="50" HEIGHT="30" WC="0.95" CONTENT="Av"/><SP WIDTH="23" VPOS="2280" HPOS="1537"/>
							<String ID="string_403" HPOS="1560" VPOS="2281" WIDTH="56" HEIGHT="30" WC="0.96" CONTENT="det"/><SP WIDTH="23" VPOS="2281" HPOS="1616"/>
							<String ID="string_404" HPOS="1639" VPOS="2291" WIDTH="92" HEIGHT="21" WC="0.93" CONTENT="ovan"/><SP WIDTH="21" VPOS="2291" HPOS="1731"/>
							<String ID="string_405" HPOS="1752" VPOS="2290" WIDTH="59" HEIGHT="22" WC="0.91" CONTENT="an-"/>
						</TextLine>
						<TextLine ID="line_45" HPOS="309" VPOS="2312" WIDTH="1501" HEIGHT="42">
							<String ID="string_406" HPOS="309" VPOS="2312" WIDTH="103" HEIGHT="32" WC="0.96" CONTENT="förda"/><SP WIDTH="21" VPOS="2312" HPOS="412"/>
							<String ID="string_407" HPOS="433" VPOS="2313" WIDTH="155" HEIGHT="38" WC="0.96" CONTENT="framgår"/><SP WIDTH="19" VPOS="2313" HPOS="588"/>
							<String ID="string_408" HPOS="607" VPOS="2316" WIDTH="90" HEIGHT="30" WC="0.96" CONTENT="klart"/><SP WIDTH="22" VPOS="2316" HPOS="697"/>
							<String ID="string_409" HPOS="719" VPOS="2320" WIDTH="49" HEIGHT="27" WC="0.96" CONTENT="att"/><SP WIDTH="20" VPOS="2320" HPOS="768"/>
							<String ID="string_410" HPOS="788" VPOS="2317" WIDTH="89" HEIGHT="30" WC="0.96" CONTENT="hans"/><SP WIDTH="21" VPOS="2317" HPOS="877"/>
							<String ID="string_411" HPOS="898" VPOS="2318" WIDTH="146" HEIGHT="31" WC="0.96" CONTENT="insatser"/><SP WIDTH="20" VPOS="2318" HPOS="1044"/>
							<String ID="string_412" HPOS="1064" VPOS="2319" WIDTH="50" HEIGHT="31" WC="0.95" CONTENT="till"/><SP WIDTH="21" VPOS="2319" HPOS="1114"/>
							<String ID="string_413" HPOS="1135" VPOS="2323" WIDTH="147" HEIGHT="28" WC="0.96" CONTENT="museets"/><SP WIDTH="21" VPOS="2323" HPOS="1282"/>
							<String ID="string_414" HPOS="1303" VPOS="2322" WIDTH="66" HEIGHT="29" WC="0.96" CONTENT="och"/><SP WIDTH="22" VPOS="2322" HPOS="1369"/>
							<String ID="string_415" HPOS="1391" VPOS="2322" WIDTH="66" HEIGHT="30" WC="0.96" CONTENT="den"/><SP WIDTH="21" VPOS="2322" HPOS="1457"/>
							<String ID="string_416" HPOS="1478" VPOS="2323" WIDTH="176" HEIGHT="31" WC="0.92" CONTENT="allmänna"/><SP WIDTH="26" VPOS="2323" HPOS="1654"/>
							<String ID="string_417" HPOS="1680" VPOS="2323" WIDTH="130" HEIGHT="30" WC="0.91" CONTENT="kultur-"/>
						</TextLine>
						<TextLine ID="line_46" HPOS="308" VPOS="2355" WIDTH="1503" HEIGHT="46">
							<String ID="string_418" HPOS="308" VPOS="2355" WIDTH="286" HEIGHT="32" WC="0.91" CONTENT="minnesvårdens"/><SP WIDTH="27" VPOS="2355" HPOS="594"/>
							<String ID="string_419" HPOS="621" VPOS="2357" WIDTH="151" HEIGHT="31" WC="0.96" CONTENT="fromma"/><SP WIDTH="28" VPOS="2357" HPOS="772"/>
							<String ID="string_420" HPOS="800" VPOS="2360" WIDTH="60" HEIGHT="29" WC="0.96" CONTENT="äro"/><SP WIDTH="25" VPOS="2360" HPOS="860"/>
							<String ID="string_421" HPOS="885" VPOS="2369" WIDTH="43" HEIGHT="21" WC="0.96" CONTENT="av"/><SP WIDTH="23" VPOS="2369" HPOS="928"/>
							<String ID="string_422" HPOS="951" VPOS="2364" WIDTH="73" HEIGHT="27" WC="0.96" CONTENT="stor"/><SP WIDTH="24" VPOS="2364" HPOS="1024"/>
							<String ID="string_423" HPOS="1048" VPOS="2361" WIDTH="180" HEIGHT="36" WC="0.96" CONTENT="betydelse."/><SP WIDTH="30" VPOS="2361" HPOS="1228"/>
							<String ID="string_424" HPOS="1258" VPOS="2362" WIDTH="79" HEIGHT="32" WC="0.96" CONTENT="Med"/><SP WIDTH="27" VPOS="2362" HPOS="1337"/>
							<String ID="string_425" HPOS="1364" VPOS="2364" WIDTH="41" HEIGHT="30" WC="0.96" CONTENT="de"/><SP WIDTH="25" VPOS="2364" HPOS="1405"/>
							<String ID="string_426" HPOS="1430" VPOS="2364" WIDTH="176" HEIGHT="32" WC="0.96" CONTENT="allmänna"/><SP WIDTH="25" VPOS="2364" HPOS="1606"/>
							<String ID="string_427" HPOS="1631" VPOS="2365" WIDTH="180" HEIGHT="36" WC="0.96" CONTENT="praktiska"/>
						</TextLine>
						<TextLine ID="line_47" HPOS="309" VPOS="2397" WIDTH="1502" HEIGHT="46">
							<String ID="string_428" HPOS="309" VPOS="2397" WIDTH="209" HEIGHT="37" WC="0.96" CONTENT="kunskaper,"/><SP WIDTH="23" VPOS="2397" HPOS="518"/>
							<String ID="string_429" HPOS="541" VPOS="2399" WIDTH="67" HEIGHT="30" WC="0.96" CONTENT="den"/><SP WIDTH="23" VPOS="2399" HPOS="608"/>
							<String ID="string_430" HPOS="631" VPOS="2401" WIDTH="202" HEIGHT="29" WC="0.93" CONTENT="nuvarande"/><SP WIDTH="22" VPOS="2401" HPOS="833"/>
							<String ID="string_431" HPOS="855" VPOS="2401" WIDTH="250" HEIGHT="32" WC="0.92" CONTENT="konservatorn"/><SP WIDTH="22" VPOS="2401" HPOS="1105"/>
							<String ID="string_432" HPOS="1127" VPOS="2403" WIDTH="171" HEIGHT="32" WC="0.96" CONTENT="inhämtat"/><SP WIDTH="26" VPOS="2403" HPOS="1298"/>
							<String ID="string_433" HPOS="1324" VPOS="2404" WIDTH="115" HEIGHT="32" WC="0.93" CONTENT="såsom"/><SP WIDTH="22" VPOS="2404" HPOS="1439"/>
							<String ID="string_434" HPOS="1461" VPOS="2407" WIDTH="261" HEIGHT="31" WC="0.91" CONTENT="utexaminerad"/><SP WIDTH="23" VPOS="2407" HPOS="1722"/>
							<String ID="string_435" HPOS="1745" VPOS="2407" WIDTH="66" HEIGHT="36" WC="0.85" CONTENT="sjö-"/>
						</TextLine>
						<TextLine ID="line_48" HPOS="310" VPOS="2438" WIDTH="1501" HEIGHT="43">
							<String ID="string_436" HPOS="310" VPOS="2438" WIDTH="128" HEIGHT="36" WC="0.96" CONTENT="kapten"/><SP WIDTH="22" VPOS="2438" HPOS="438"/>
							<String ID="string_437" HPOS="460" VPOS="2441" WIDTH="79" HEIGHT="30" WC="0.95" CONTENT="med"/><SP WIDTH="21" VPOS="2441" HPOS="539"/>
							<String ID="string_438" HPOS="560" VPOS="2440" WIDTH="109" HEIGHT="37" WC="0.96" CONTENT="därpå"/><SP WIDTH="20" VPOS="2440" HPOS="669"/>
							<String ID="string_439" HPOS="689" VPOS="2441" WIDTH="156" HEIGHT="36" WC="0.96" CONTENT="följande"/><SP WIDTH="21" VPOS="2441" HPOS="845"/>
							<String ID="string_440" HPOS="866" VPOS="2442" WIDTH="39" HEIGHT="32" WC="0.96" CONTENT="år"/><SP WIDTH="20" VPOS="2442" HPOS="905"/>
							<String ID="string_441" HPOS="925" VPOS="2443" WIDTH="51" HEIGHT="31" WC="0.96" CONTENT="till"/><SP WIDTH="23" VPOS="2443" HPOS="976"/>
							<String ID="string_442" HPOS="999" VPOS="2444" WIDTH="87" HEIGHT="37" WC="0.96" CONTENT="sjöss"/><SP WIDTH="22" VPOS="2444" HPOS="1086"/>
							<String ID="string_443" HPOS="1108" VPOS="2446" WIDTH="64" HEIGHT="29" WC="0.96" CONTENT="och"/><SP WIDTH="22" VPOS="2446" HPOS="1172"/>
							<String ID="string_444" HPOS="1194" VPOS="2447" WIDTH="111" HEIGHT="30" WC="0.96" CONTENT="under"/><SP WIDTH="20" VPOS="2447" HPOS="1305"/>
							<String ID="string_445" HPOS="1325" VPOS="2447" WIDTH="43" HEIGHT="30" WC="0.96" CONTENT="de"/><SP WIDTH="23" VPOS="2447" HPOS="1368"/>
							<String ID="string_446" HPOS="1391" VPOS="2449" WIDTH="39" HEIGHT="29" WC="0.96" CONTENT="16"/><SP WIDTH="22" VPOS="2449" HPOS="1430"/>
							<String ID="string_447" HPOS="1452" VPOS="2447" WIDTH="39" HEIGHT="31" WC="0.96" CONTENT="år"/><SP WIDTH="22" VPOS="2447" HPOS="1491"/>
							<String ID="string_448" HPOS="1513" VPOS="2449" WIDTH="71" HEIGHT="30" WC="0.95" CONTENT="han"/><SP WIDTH="21" VPOS="2449" HPOS="1584"/>
							<String ID="string_449" HPOS="1605" VPOS="2449" WIDTH="89" HEIGHT="31" WC="0.93" CONTENT="varit"/><SP WIDTH="21" VPOS="2449" HPOS="1694"/>
							<String ID="string_450" HPOS="1715" VPOS="2449" WIDTH="96" HEIGHT="30" WC="0.92" CONTENT="verk-"/>
						</TextLine>
						<TextLine ID="line_49" HPOS="309" VPOS="2482" WIDTH="1503" HEIGHT="45">
							<String ID="string_451" HPOS="309" VPOS="2489" WIDTH="76" HEIGHT="22" WC="0.95" CONTENT="sam"/><SP WIDTH="25" VPOS="2489" HPOS="385"/>
							<String ID="string_452" HPOS="410" VPOS="2482" WIDTH="57" HEIGHT="30" WC="0.96" CONTENT="vid"/><SP WIDTH="25" VPOS="2482" HPOS="467"/>
							<String ID="string_453" HPOS="492" VPOS="2487" WIDTH="142" HEIGHT="32" WC="0.96" CONTENT="museet,"/><SP WIDTH="30" VPOS="2487" HPOS="634"/>
							<String ID="string_454" HPOS="664" VPOS="2483" WIDTH="139" HEIGHT="32" WC="0.96" CONTENT="förenar"/><SP WIDTH="23" VPOS="2483" HPOS="803"/>
							<String ID="string_455" HPOS="826" VPOS="2485" WIDTH="71" HEIGHT="30" WC="0.96" CONTENT="han"/><SP WIDTH="24" VPOS="2485" HPOS="897"/>
							<String ID="string_456" HPOS="921" VPOS="2496" WIDTH="43" HEIGHT="20" WC="0.96" CONTENT="en"/><SP WIDTH="25" VPOS="2496" HPOS="964"/>
							<String ID="string_457" HPOS="989" VPOS="2486" WIDTH="144" HEIGHT="37" WC="0.96" CONTENT="gedigen"/><SP WIDTH="25" VPOS="2486" HPOS="1133"/>
							<String ID="string_458" HPOS="1158" VPOS="2489" WIDTH="236" HEIGHT="37" WC="0.96" CONTENT="vetenskaplig"/><SP WIDTH="24" VPOS="2489" HPOS="1394"/>
							<String ID="string_459" HPOS="1418" VPOS="2490" WIDTH="191" HEIGHT="37" WC="0.96" CONTENT="kunnighet"/><SP WIDTH="27" VPOS="2490" HPOS="1609"/>
							<String ID="string_460" HPOS="1636" VPOS="2491" WIDTH="94" HEIGHT="30" WC="0.96" CONTENT="inom"/><SP WIDTH="26" VPOS="2491" HPOS="1730"/>
							<String ID="string_461" HPOS="1756" VPOS="2491" WIDTH="56" HEIGHT="32" WC="0.96" CONTENT="sitt"/>
						</TextLine>
					</TextBlock>
				</ComposedBlock>
			</PrintSpace>
		</Page>
	</Layout>
</alto>
