2216 2636
450 164 41 32 30

900 166 277 33 Bankoutskottets
1200 166 165 33 utlåtande
1387 168 53 31 Nr
1463 168 52 32 11.

803 245 75 37 hon
920 245 82 37 icke
1042 259 88 23 vara
1172 246 154 49 skyldig
1367 251 56 32 att
1451 260 47 23 av
1527 247 116 36 sådan
1672 247 209 50 anledning
1909 251 99 47 avgå

805 297 82 36 från
914 296 277 50 befattningen,
1222 298 124 36 därest
1373 297 84 37 icke
1486 298 240 49 fullmäktige
1755 300 85 36 med
1859 301 148 48 hänsyn

805 348 57 35 till
908 348 286 49 befattningens
1242 349 185 48 behöriga
1472 350 277 48 uppehållande
1794 351 103 35 finna
1943 351 64 36 det

803 399 147 49 nödigt.

936 451 97 50 16:0)
1075 451 366 50 Tjänstinnehavare
1484 452 95 37 skall
1620 455 126 35 såsom
1784 453 137 50 bidrag
1948 453 57 38 till

803 503 213 37 kostnaden
1044 504 61 36 för
1133 503 213 38 beredande
1376 518 45 23 av
1449 505 161 49 pension
1631 505 159 49 erlägga
1808 507 198 48 pensions-

805 555 123 48 avgift
968 556 56 36 till
1066 556 116 48 årligt
1209 556 139 49 belopp
1378 571 47 22 av
1453 557 124 36 nedan
1606 557 167 48 angivna
1800 563 157 44 procent
1985 561 21 33 å

804 607 64 35 det
896 607 58 35 för
982 607 141 36 honom
1152 608 179 47 gällande
1358 608 377 48 pensionsunderlag.

932 658 362 49 Avgiftsprocenten
1322 664 114 43 utgör
1464 671 45 23 en
1539 659 210 36 tiondedels
1773 666 156 42 procent
1948 660 58 36 för

802 710 105 49 varje
926 709 78 37 helt
1024 710 200 36 hundratal
1244 709 140 38 kronor
1403 724 47 23 av
1470 710 417 51 pensionsunderlaget,
1908 711 97 37 dock

802 761 81 36 icke
917 761 12 36 i
962 765 119 45 något
1121 762 65 36 fall
1228 761 146 38 mindre
1415 767 49 32 än
1504 769 57 30 tre
1602 768 164 44 procent.
1821 763 184 49 Avgiften

802 813 177 48 erlägges
1013 826 139 36 genom
1186 814 145 48 avdrag
1359 817 20 33 å
1407 814 114 36 lönen
1549 814 59 36 för
1635 815 106 47 varje
1769 815 149 47 månad,
1947 815 59 36 för

801 864 130 36 vilken
959 865 63 35 lön
1052 865 174 48 åtnjutes,
1256 865 71 36 och
1352 878 139 35 genom
1512 865 162 36 kontant
1692 866 239 47 inbetalning
1950 866 55 36 till

801 915 229 37 riksbanken
1072 916 59 36 för
1172 915 148 47 månad,
1362 917 122 36 under
1524 916 139 48 vilken,
1706 919 48 46 på
1795 917 124 49 grund
1957 930 48 24 av

801 966 289 51 tjänstledighet
1109 968 89 36 eller
1213 968 12 36 i
1242 968 91 49 följd
1355 982 46 23 av
1421 968 135 37 ådömd
1573 968 185 50 mistning
1773 982 48 24 av
1837 969 167 49 tjänsten

803 1019 58 36 för
889 1020 77 36 viss
994 1020 66 47 tid,
1090 1020 63 36 lön
1182 1020 33 45 ej
1245 1020 200 50 uppbäres.

931 1071 399 49 Pensionsavgifterna
1358 1072 89 49 ingå
1474 1073 57 35 till
1560 1085 47 24 en
1635 1073 160 36 särskild
1826 1073 100 36 fond.

930 1122 88 36 Rätt
1059 1128 53 30 att
1149 1123 281 36 återbekomma
1467 1124 156 47 erlagda
1659 1124 345 48 pensionsavgifter

802 1173 194 48 medgives
1029 1174 162 36 allenast
1223 1173 64 36 vid
1316 1177 197 46 övergång
1540 1175 56 36 till
1624 1188 126 23 annan
1779 1176 223 47 statstjänst,

801 1224 125 37 därest
954 1225 84 36 med
1066 1225 163 37 inträdet
1256 1225 12 36 i
1297 1225 123 37 denna
1448 1227 115 48 tjänst
1591 1231 41 31 är
1657 1226 154 37 förenad
1832 1226 171 49 skyldig-

800 1276 65 36 het
907 1282 54 30 att
998 1277 59 35 för
1094 1276 211 37 beredande
1342 1290 47 23 av
1424 1278 160 48 pension
1612 1278 157 48 erlägga
1796 1278 207 37 retroaktiv

801 1328 135 47 avgift,
966 1327 97 36 dock
1091 1328 32 48 ej
1155 1328 55 35 till
1238 1328 119 48 högre
1386 1328 137 50 belopp
1553 1333 48 31 än
1630 1328 73 47 det,
1733 1329 124 36 vartill
1884 1335 118 31 retro-

801 1378 276 49 aktivavgiften
1106 1382 158 46 uppgår.

933 1431 97 48 17:0)
1059 1431 246 37 Beräknande
1334 1445 46 23 av
1408 1432 161 49 pension
1597 1434 38 34 åt
1654 1432 349 49 tjänstinnehavare

800 1482 169 49 grundas
1011 1485 47 47 på
1101 1483 78 36 dels
1222 1483 63 37 det
1321 1485 59 35 för
1417 1484 139 37 honom
1593 1484 178 48 gällande
1807 1485 195 48 pensions-

799 1535 198 48 underlag,
1028 1535 78 36 dels
1134 1535 284 37 levnadsåldern
1450 1536 70 36 och
1549 1536 78 36 dels
1652 1536 62 36 det
1733 1537 101 35 antal
1854 1539 53 45 år,
1927 1536 75 36 han

800 1586 100 35 varit
941 1586 161 36 anställd
1141 1589 123 33 såsom
1303 1593 104 30 extra
1444 1587 186 36 ordinarie
1658 1587 90 36 eller
1775 1587 187 36 ordinarie
1990 1588 12 35 i

799 1637 252 36 riksbankens
1080 1638 89 36 eller
1197 1651 126 23 annan
1351 1644 141 31 statens
1522 1639 125 48 tjänst.

929 1689 72 37 Vid
1031 1689 117 36 sådan
1176 1690 398 49 tjänstårsberäkning
1602 1690 95 37 skall
1726 1690 144 49 avdrag
1889 1695 113 44 göras

800 1740 59 37 för
896 1740 65 47 tid,
1000 1741 119 37 under
1155 1741 128 37 vilken
1320 1741 168 49 ledighet
1520 1743 84 36 från
1632 1743 164 48 tjänsten
1825 1747 66 44 ägt
1918 1756 83 22 rum

801 1806 46 22 av
888 1806 126 23 annan
1056 1793 207 48 anledning
1296 1799 48 30 än
1376 1800 190 40 semester,
1596 1794 187 48 sjukdom,
1813 1794 189 48 offentligt

799 1844 175 48 uppdrag
1001 1844 89 36 eller
1117 1858 94 33 resa,
1238 1857 81 24 som
1339 1845 85 36 med
1444 1845 256 49 vederbörligt
1719 1845 168 36 tillstånd
1907 1845 95 36 före-

798 1896 115 48 tagits
942 1895 57 36 till
1027 1908 97 36 egen
1153 1896 229 48 utbildning.

931 1947 96 47 18:0)
1076 1947 228 50 Skyldighet
1344 1954 56 30 att
1442 1948 83 37 från
1566 1947 168 49 tjänsten
1776 1951 98 47 avgå
1915 1948 86 37 med

798 1999 160 48 pension
1000 2000 56 35 till
1098 2013 144 23 samma
1274 2000 137 49 belopp
1441 2014 80 23 som
1552 2000 63 37 det
1643 2001 58 36 för
1727 2001 164 49 tjänsten
1919 2000 82 49 gäl-

798 2051 111 36 lande
937 2051 366 49 pensionsunderlag
1331 2052 167 37 inträder
1526 2053 58 35 för
1611 2053 146 48 manlig
1780 2052 220 49 tjänstinne-

798 2101 139 37 havare
971 2102 65 36 vid
1071 2102 203 50 uppnådda
1302 2103 200 37 sextiofem
1531 2103 199 37 levnadsår
1758 2104 70 36 och
1857 2103 143 36 trettio-

799 2153 75 36 fem
916 2154 161 48 tjänstår
1117 2159 99 31 samt
1260 2155 57 35 för
1355 2155 174 48 kvinnlig
1560 2155 349 49 tjänstinnehavare
1937 2154 64 36 vid

797 2205 205 48 uppnådda
1043 2206 121 36 sextio
1207 2206 199 36 levnadsår
1445 2207 69 35 och
1550 2207 127 35 trettio
1715 2206 170 48 tjänstår,
1916 2206 85 36 full-

798 2256 168 49 mäktige
1004 2257 175 48 obetaget
1213 2263 66 41 att,
1314 2260 47 46 på
1390 2257 284 49 framställning
1703 2271 46 23 av
1777 2257 225 49 tjänstinne-
