2202 2640
388 199 117 30 Andra
528 200 218 31 kommarens
770 199 123 33 femte
918 201 175 40 tillfälliga
1116 201 142 31 utskotts
1280 202 176 31 utlåtande
1479 203 52 30 Nr
1556 205 28 28 5.
1772 202 15 30 1

928 622 62 40 Nr
1014 623 36 41 5.

833 783 110 24 Ankom
963 783 46 25 till
1029 784 164 30 riksdagens
1213 784 91 24 kansli
1322 785 53 24 den
1396 783 32 26 17
1448 784 54 31 juli
1522 783 70 26 1914
1612 786 38 23 kl.
1669 784 18 26 4
1705 793 23 17 e.
1749 793 36 17 m.

400 924 129 36 Andra
563 925 221 35 kammarens
804 925 130 44 femte
961 926 181 45 tillfälliga
1170 928 145 34 utskotts
1343 928 180 35 utlåtande
1541 940 46 23 nr
1615 929 33 43 5,
1679 930 14 33 i
1726 941 61 23 an-

615 997 139 43 ledning
796 1008 43 24 av
874 998 99 34 väckt
1006 998 128 35 motion
1162 1010 54 23 om
1239 999 164 35 skrivelse
1431 999 54 35 till
1511 999 133 46 Kungl.
1675 1000 112 44 Maj:t

614 1068 180 44 angående
835 1069 165 44 åtgärder
1042 1070 53 34 till
1123 1069 232 44 befordrande
1383 1082 43 23 av
1454 1072 233 44 vänskapliga
1707 1072 79 43 för-

614 1139 170 36 bindelser
811 1140 127 35 mellan
967 1139 142 46 Sverige
1138 1141 60 35 och
1225 1141 193 45 Ryssland.

292 1297 65 35 Uti
395 1309 46 23 en
484 1297 98 36 inom
627 1298 116 34 andra
784 1298 217 36 kammaren
1042 1299 160 47 avgiven
1239 1300 139 35 motion
1425 1313 45 23 nr
1501 1303 75 34 214
1606 1303 66 34 har
1700 1303 86 35 herr
1834 1307 151 29 Motionen.

183 1351 213 44 Lindhagen
424 1350 200 44 hemställt,
657 1354 53 32 att
737 1351 203 47 riksdagen
969 1352 89 36 ville
1087 1353 161 44 anhålla,
1281 1356 54 33 att
1362 1354 140 47 Kungl.
1535 1355 108 48 Maj:t
1671 1358 113 33 måtte

186 1409 199 41 överväga,
416 1404 101 35 vilka
547 1405 174 45 åtgärder
749 1405 127 35 kunna
904 1406 83 34 från
1017 1407 63 34 det
1108 1407 207 35 allmännas
1345 1407 81 35 sida
1454 1408 172 47 vidtagas
1654 1409 57 35 för
1730 1412 56 33 att

186 1457 157 47 kraftigt
370 1457 171 36 befordra
570 1458 178 35 kulturell
777 1459 69 35 och
875 1459 222 36 ekonomisk
1127 1460 218 35 samfärdsel
1365 1462 68 34 och
1454 1461 128 47 övriga
1602 1463 180 47 vänskap-

185 1511 75 46 liga
289 1510 247 36 förbindelser
564 1511 137 36 mellan
731 1512 151 47 Sverige
912 1513 69 35 och
1011 1514 64 34 det
1103 1516 98 33 stora
1229 1514 114 47 ryska
1371 1516 241 45 grannfolket
1640 1517 69 34 och
1730 1519 53 33 så-

185 1564 158 36 medelst
371 1564 57 36 till
457 1565 218 47 ömsesidigt
702 1577 100 35 gagn
831 1566 131 48 främja
990 1567 94 44 fred,
1116 1567 128 36 kultur
1272 1568 69 35 och
1370 1568 238 37 ekonomiskt
1635 1570 148 36 framåt-

184 1617 214 36 skridande.

290 1671 239 35 Beträffande
560 1671 271 48 motiveringen
859 1672 56 36 för
944 1673 123 35 denna
1096 1674 221 35 hemställan
1349 1674 56 35 får
1424 1675 184 36 utskottet
1627 1676 156 37 hänvisa

182 1724 59 36 till
269 1724 200 43 motionen,
501 1736 76 24 som
608 1729 110 42 utgör
746 1728 54 32 ett
827 1726 235 44 fullföljande
1091 1738 46 24 av
1166 1739 47 23 en
1243 1729 40 33 år
1315 1730 96 33 1911
1432 1741 45 23 av
1497 1741 139 23 samme
1656 1729 127 36 motio-

182 1783 68 30 när
277 1777 14 36 1
319 1778 179 35 liknande
528 1778 96 47 syfte
654 1778 111 36 väckt
794 1778 148 36 motion.

290 1884 19 34 I
352 1884 62 35 det
455 1885 205 43 utlåtande,
688 1897 76 23 som
808 1884 63 36 vid
913 1887 97 33 1911
1057 1888 58 33 års
1144 1886 154 47 riksdag
1328 1899 45 24 av
1402 1889 115 34 andra
1546 1888 235 37 kammarens
1818 1894 116 43 Frågan
1953 1895 47 41 vid

181 1936 113 35 femte
323 1937 186 47 tillfälliga
538 1938 144 35 utskott
710 1950 139 35 avgavs
878 1943 88 31 över
995 1939 72 35 den
1088 1939 230 36 sistnämnda
1339 1942 199 44 motionen,
1556 1943 225 35 relaterades
1798 1931 70 26 1777
1876 1939 63 62 dag.
1969 1931 43 27 Er

182 2002 47 22 en
258 1990 60 35 del
351 2003 46 23 av
425 1991 45 34 de
500 1992 184 45 åtgärder,
715 2003 76 23 som
821 1991 82 36 från
932 1993 139 34 svensk
1100 1993 81 35 sida
1211 1993 131 36 dittills
1373 1994 154 48 åtgjorts
1556 1995 56 36 för
1639 1996 141 35 beford-

180 2044 133 34 randet
342 2056 45 22 av
417 2044 217 35 samfärdsel
659 2044 68 35 och
756 2045 127 45 övriga
908 2045 247 47 vänskapliga
1183 2046 246 36 förbindelser
1458 2049 82 34 med
1569 2051 80 33 vårt
1683 2053 98 31 östra

177 2096 222 45 grannland.
449 2097 143 35 Därvid
621 2097 189 35 erinrades
839 2110 56 22 om
928 2098 79 35 dels
1040 2101 99 32 1906
1171 2102 58 31 års
1258 2099 172 47 riksdags
1457 2101 123 35 beslut
1600 2114 55 22 om
1682 2102 98 35 bibe-

181 2149 174 35 hållande
387 2161 45 23 av
461 2150 181 35 avlönade
672 2150 199 35 konsulära
899 2155 125 41 poster
1053 2151 12 34 i
1093 2151 237 46 Iliälsingfors
1360 2154 68 34 och
1457 2153 96 47 Riga
1578 2159 94 30 samt
1691 2167 89 34 upp-

179 2202 171 35 rättande
369 2214 45 23 av
434 2206 138 31 tvenne
592 2215 74 35 nya
687 2204 138 34 sådana
846 2208 134 42 poster,
1004 2216 44 22 en
1070 2204 12 34 i
1104 2205 54 34 S:t
1177 2205 225 47 Petersburg
1422 2207 68 34 och
1510 2219 46 23 en
1576 2207 12 35 i
1608 2207 169 45 Moskva,

180 2255 80 35 dels
292 2258 100 32 1909
424 2258 57 32 års
511 2255 171 47 riksdags
711 2256 123 35 beslut
862 2269 56 22 om
951 2257 230 36 inrättandet
1202 2271 44 22 av
1267 2271 46 22 en
1334 2261 158 33 avlönad
1512 2261 80 35 vice
1614 2261 165 35 konguls-

224 2326 137 39 Bihang
378 2326 50 30 till
438 2336 122 20 senare
573 2327 200 38 riksdagens
783 2328 162 38 protokoll
960 2329 95 29 1914.
1082 2330 42 28 13
1137 2330 98 29 saml.
1262 2331 19 28 5
1295 2331 71 29 avd.
1394 2333 19 28 5
1437 2332 82 37 häft.
1559 2332 62 29 (Nr
1646 2333 43 29 5)
1717 2333 14 28 1
