2210 2650
720 223 248 44 <Lagutskottets
995 223 172 34 Utlåtande
1190 225 66 33 N:o
1278 226 51 32 38.
1726 227 39 32 13

930 696 72 38 N:o
1032 699 58 35 38.

781 851 81 32 Ank.
885 852 49 31 till
957 852 108 31 Riksd.
1088 853 103 31 kansli
1214 853 57 30 den
1297 854 35 29 11
1360 853 77 40 april
1464 854 92 37 1893,
1580 853 43 31 kl.
1654 854 38 29 12
1717 853 91 32 midd,

415 999 265 49 Lagutskottets
712 998 200 50 utlåtande,
947 1001 14 36 i
996 1001 197 50 anledning
1227 1002 45 47 af
1299 1002 129 36 väckta
1460 1002 171 36 motioner
1658 1014 56 23 om
1743 1006 65 32 än-

613 1069 117 36 drade
763 1070 256 36 bestämmelser
1051 1070 14 36 i
1094 1070 114 50 fråga
1242 1083 55 24 om
1323 1070 200 49 skyldighet
1548 1071 59 46 för
1634 1082 107 37 egare
1768 1071 45 49 af

613 1139 209 49 afsöndrad
829 1139 89 49 jord
933 1145 52 30 att
1000 1140 54 36 till
1070 1141 295 35 stamhemmanet
1380 1144 129 44 utgöra
1520 1140 98 36 vissa
1629 1140 178 48 afgälder.

345 1239 135 49 Enligt
507 1241 180 48 gällande
715 1241 228 49 förordning
972 1242 198 50 angående
1199 1242 381 49 hemmansklyfning
1604 1243 70 36 och
1703 1242 105 50 jord-

218 1291 227 49 afsöndring
485 1292 74 37 den
602 1296 19 33 6
665 1295 154 46 augusti
864 1295 95 36 1881
995 1294 69 36 har
1091 1307 114 37 egare
1234 1295 42 36 af
1298 1295 178 36 hemman
1506 1294 92 37 eller
1625 1294 184 49 lägenhet

217 1347 76 33 rätt
335 1349 67 42 att,
445 1344 85 36 med
573 1345 101 37 vissa
715 1345 13 36 i
770 1345 276 49 förordningen
1075 1346 157 49 angifna
1261 1346 123 37 vilkor
1412 1346 70 37 och
1511 1346 210 49 undantag,
1750 1346 59 37 för

217 1394 108 37 alltid
357 1395 123 37 under
507 1396 68 36 full
604 1397 231 49 eganderätt
863 1397 91 37 eller
982 1398 119 36 under
1129 1398 216 49 besittning
1373 1401 48 47 på
1449 1397 79 38 viss
1556 1398 56 36 tid
1640 1398 94 36 eller
1760 1400 48 47 på

216 1446 120 36 lifstid
369 1447 181 37 afsöndra
576 1449 100 48 jord,
712 1449 71 37 och
812 1449 96 37 skall
937 1452 21 33 å
987 1449 116 37 sådan
1132 1450 227 49 afsöndring
1388 1450 136 50 läggas
1553 1449 98 49 årlig
1679 1450 128 48 afgäld

216 1497 12 36 i
257 1499 172 48 spanmål
464 1499 92 37 eller
583 1514 127 23 annan
738 1501 161 50 lämplig
926 1501 297 50 räntepersedel.
1281 1503 15 36 I
1326 1503 107 48 fråga
1461 1516 59 22 om
1551 1502 193 36 storleken
1773 1502 40 37 af

217 1549 124 38 denna
369 1550 128 49 afgäld
527 1556 41 32 är
594 1552 123 37 tillika
746 1553 255 48 föreskrifvet,
1031 1559 54 31 att
1113 1554 179 49 afgälden
1320 1555 32 49 ej
1384 1557 60 34 må
1468 1567 89 24 vara
1578 1553 161 48 mindre,
1760 1558 47 32 än

215 1607 57 30 att
300 1602 73 37 den
405 1609 212 32 motsvarar
644 1605 101 36 hvad
774 1605 42 36 af
835 1605 86 36 hela
941 1605 239 38 hemmanets
1201 1606 93 37 eller
1312 1606 255 49 lägenhetens
1587 1610 130 33 räntor
1737 1605 70 38 och

215 1653 126 50 öfriga
381 1655 191 37 allmänna
612 1657 212 49 utskylder,
868 1657 62 36 vid
960 1657 222 49 jemförelse
1212 1658 42 36 af
1277 1671 165 36 egornas
1471 1657 143 37 storlek
1643 1658 71 37 och
1745 1657 62 36 be-

217 1705 228 49 skaffenhet,
476 1710 20 33 å
524 1707 72 37 den
625 1708 227 37 afsöndrade
876 1708 137 49 jorden
1044 1709 166 49 belöper.

343 1808 18 36 I
400 1809 103 37 hvad
545 1810 158 37 sålunda
740 1811 122 37 finnes
892 1811 182 49 stadgadt
1101 1812 234 36 beträffande
1365 1812 223 50 skyldighet
1616 1812 57 36 för
1700 1812 107 36 inne-

214 1860 155 37 hafvare
398 1861 42 36 af
463 1861 204 38 afsöndrad
693 1863 89 48 jord
811 1868 55 31 att
894 1863 57 36 till
981 1863 318 37 stamhemmanet
1328 1864 157 49 erlägga
1515 1864 89 47 viss,
1634 1877 46 23 en
1701 1866 106 46 gång

215 1912 58 36 för
300 1912 73 36 alla
401 1913 175 37 bestämd
602 1914 131 48 afgäld
761 1915 69 36 har
859 1915 63 36 vid
947 1915 258 37 innevarande
1226 1915 159 50 riksdag
1406 1915 217 49 föreslagits
1643 1916 166 47 ändring

214 1963 12 37 i
254 1967 64 33 två
349 1964 199 49 särskilda,
573 1965 102 37 inom
705 1967 129 36 Andra
863 1967 231 36 Kammaren
1111 1968 139 36 väckta
1270 1967 70 37 och
1360 1968 58 36 till
1439 1968 257 49 lagutskottet
1716 1968 92 36 hän-

214 2015 133 37 visade
376 2016 198 47 motioner,
604 2017 132 36 hvilka
764 2018 186 48 afgifvits,
981 2019 72 36 den
1085 2032 83 34 ena,
1197 2033 63 23 n:o
1283 2021 83 44 108,
1388 2019 42 36 af
1445 2021 129 35 herrar
1595 2018 87 38 Carl
1704 2020 104 35 Pers-

212 2080 75 34 son,
330 2069 43 35 4.
416 2067 159 37 Svenson
617 2069 10 35 i
660 2069 138 48 Edum,
833 2071 51 34 A.
914 2071 210 35 Johansson
1149 2070 12 36 i
1191 2070 164 37 Löfåsen
1384 2071 71 36 och
1486 2072 193 46 Nylander
1708 2075 99 32 samt

213 2118 75 37 den
316 2119 129 48 andra,
476 2132 63 23 n:o
570 2122 84 46 179,
683 2120 43 36 af
750 2121 86 36 herr
865 2122 143 35 Anders
1038 2120 131 37 Olsson
1197 2121 13 36 i
1238 2121 197 49 Mårdäng.

341 2222 16 36 I
385 2223 93 46 först
507 2223 163 37 nämnda
701 2223 144 38 motion
875 2223 159 37 föreslås
1063 2224 172 48 sålunda,

342 2274 64 36 det
439 2274 221 49 Riksdagen
693 2276 11 35 i
739 2275 204 37 skrifvelse
972 2275 58 37 till
1059 2276 139 48 Kongl.
1229 2276 105 49 Maj:t
1362 2276 180 47 anhåller,
1572 2275 64 37 det
1664 2275 139 49 Kongl.

214 2326 107 49 Maj:t
364 2326 147 36 täcktes
548 2327 74 36 låta
650 2328 134 36 utreda
808 2327 70 36 och
909 2327 58 36 för
994 2326 221 51 Riksdagen
1246 2328 214 49 framlägga
1490 2327 142 49 förslag
1661 2327 144 48 derom,
