1810 2768
52 138 50 30 Nr
127 136 127 31 23—25
273 135 173 30 Allmänna
472 130 399 42 beredningsutskottets
893 128 179 32 utlåtande
1092 138 43 21 nr
1154 128 43 30 23
1216 127 39 32 år
1276 127 85 30 1964
1537 125 16 30 1

739 430 70 40 Nr
830 429 58 41 23

271 543 184 31 Utlåtande
479 542 11 30 i
512 541 190 39 anledning
725 548 43 22 av
792 539 124 30 väckta
940 537 173 31 motioner
1136 546 57 21 om
1218 534 200 41 utbyggnad
1440 542 43 22 av
1508 532 51 31 in-

467 602 359 33 dustrihälsovården.

108 715 14 30 I
141 715 42 29 de
201 711 233 42 likalydande,
452 711 53 30 till
524 710 180 30 allmänna
721 706 384 40 beredningsutskottet
1122 703 192 32 hänvisade
1332 702 220 31 motionerna

67 768 29 30 1:
113 768 63 30 629
195 776 43 22 av
255 767 83 30 herr
353 766 111 39 Lager
482 773 45 21 m.
547 764 38 40 fl.
605 763 66 30 och
688 763 48 30 II:
752 762 63 30 774
834 770 43 22 av
894 761 82 30 herr
993 758 190 40 Holmberg
1201 767 46 21 m.
1266 757 38 40 fl.
1324 755 157 35 föreslås,
1501 756 52 29 att

66 820 189 40 riksdagen
277 819 13 31 i
314 818 166 30 skrivelse
505 817 53 30 till
583 815 205 40 regeringen
811 814 203 30 hemställer
1038 821 59 21 om
1121 810 187 40 utredning
1333 810 65 30 och
1422 807 132 39 förslag

70 876 139 28 snarast
231 882 58 21 om
311 881 44 22 en
378 870 201 41 utbyggnad
602 879 44 21 av
667 866 398 32 industrihälsovården.

115 928 13 30 I
149 927 219 30 motionerna
387 924 141 31 anföres
548 925 52 29 att
618 922 88 31 både
726 922 68 30 den
812 919 325 42 yrkesmedicinska
1155 917 132 31 vården
1306 917 66 30 och
1390 914 169 31 industri-

71 979 234 32 hälsovården
332 980 40 29 är
398 987 44 21 en
469 976 220 40 samhällelig
715 974 262 40 angelägenhet.
1005 973 110 29 Förra
1142 971 74 30 året
1244 969 171 31 framlade
1442 967 117 31 utred-

73 1035 130 38 ningen
221 1042 58 21 om
296 1030 322 42 yrkesmedicinens
636 1028 239 41 organisation
895 1026 131 39 förslag
1044 1035 58 21 om
1120 1022 323 42 yrkesmedicinska
1462 1021 99 40 sjuk-

74 1086 214 31 husenheter
307 1086 13 29 i
341 1085 78 40 fyra
441 1083 127 31 städer.
589 1082 180 39 Förslaget
791 1081 106 39 följer
918 1079 183 40 principen
1123 1087 57 21 om
1202 1075 202 32 samhällets
1426 1073 136 31 huvud-

77 1140 220 39 mannaskap
316 1138 55 30 för
389 1138 115 30 denna
521 1136 56 30 del
595 1145 44 21 av
657 1134 227 41 sjukvården,
903 1142 80 21 men
1002 1141 83 21 man
1103 1132 72 29 kan
1193 1130 45 30 då
1256 1129 100 40 fråga
1372 1128 53 40 sig
1442 1127 120 31 varför

73 1193 168 30 industri-
260 1192 66 30 och
346 1188 387 42 företagshälsovården
754 1187 90 31 skall
864 1195 85 22 vara
969 1195 43 21 en
1032 1183 252 41 angelägenhet
1305 1182 55 30 för
1381 1181 178 39 företagen

77 1247 65 30 och
160 1246 170 31 beroende
347 1254 44 21 av
407 1244 112 30 dessa.

122 1301 68 29 För
205 1299 253 38 storföretagen
472 1298 39 29 är
526 1295 208 41 spörsmålet
748 1295 118 29 enkelt
880 1293 167 30 eftersom
1061 1291 125 40 frågan
1200 1299 57 21 om
1272 1288 166 40 lämpliga
1451 1287 113 39 åtgär-

80 1354 61 29 der
160 1362 101 22 avser
278 1352 58 30 det
354 1359 87 32 egna
461 1350 171 38 företaget
652 1358 80 20 men
752 1347 55 30 för
826 1347 42 30 de
888 1346 136 30 mindre
1044 1345 180 38 företagen
1244 1345 39 28 är
1302 1342 58 30 det
1379 1340 186 31 otänkbart

81 1407 66 29 och
172 1406 31 39 ej
231 1405 109 29 heller
364 1403 175 39 behövligt
564 1404 52 29 att
639 1403 77 28 vart
741 1401 67 29 och
832 1402 50 28 ett
905 1399 115 30 vidtar
1046 1396 245 31 motsvarande
1317 1393 171 41 åtgärder.
1514 1393 52 29 En

82 1456 420 43 gemensamhetslösning
524 1456 71 29 kan
617 1455 139 29 enklast
778 1454 144 29 komma
943 1452 53 29 till
1020 1451 103 30 stånd
1146 1450 79 30 med
1248 1447 203 32 samhällets
1473 1445 95 31 med-

78 1513 144 29 verkan.

127 1564 227 32 Beträffande
382 1562 254 38 motiveringen
665 1561 11 29 i
705 1560 112 39 övrigt
846 1559 57 30 får
931 1557 171 31 utskottet
1131 1555 147 31 hänvisa
1306 1554 54 30 till
1389 1553 179 30 motionen

84 1620 46 29 II:
148 1618 73 31 774.

729 1741 196 36 Utskottet

126 1822 177 31 Utskottet
320 1820 89 30 hade
426 1819 59 30 vid
504 1819 84 30 1962
607 1818 58 30 års
683 1817 142 39 riksdag
843 1816 53 29 till
914 1814 212 39 behandling
1145 1812 172 30 motioner
1334 1811 80 30 med
1432 1818 136 21 samma

85 1875 156 41 yrkande
258 1883 75 21 som
349 1873 42 30 de
407 1881 48 21 nu
472 1870 248 40 föreliggande.
737 1869 13 30 I
768 1869 61 30 sitt
845 1878 43 21 av
903 1867 187 39 riksdagen
1107 1865 186 40 godkända
1309 1863 179 30 utlåtande
1511 1862 59 33 (nr

86 1927 159 34 18/1962)
275 1928 80 28 över
379 1925 221 30 motionerna
624 1922 191 31 hänvisade
841 1921 171 30 utskottet
1037 1919 53 30 till
1115 1920 52 28 att
1192 1916 228 39 utredningar
1444 1914 125 41 pågick

86 1980 178 40 angående
288 1976 396 34 industrihälsovården,
709 1974 194 40 inbegripet
928 1973 125 39 frågan
1078 1981 56 21 om
1159 1968 322 42 yrkesmedicinska
1506 1967 65 30 kli-

89 2034 109 34 niker,
217 2033 65 29 och
299 2031 177 40 avstyrkte
495 2029 230 30 motionerna.

133 2085 237 31 Strävandena
390 2086 50 28 att
461 2083 246 30 åstadkomma
727 2090 43 20 en
790 2077 326 33 tillfredsställande
1136 2074 340 32 industrihälsovård
1496 2073 75 32 har,

91 2140 104 29 såvitt
210 2139 170 29 utskottet
394 2137 137 29 kunnat
547 2135 110 34 finna,
673 2133 111 30 under
799 2133 67 30 den
882 2133 136 29 senaste
1033 2130 96 30 tiden
1144 2128 199 41 ytterligare
1359 2127 189 30 aktiverats
1564 2126 10 29 i

89 2192 95 29 olika
201 2190 203 30 avseenden.
423 2188 154 30 Sålunda
594 2187 65 29 har
675 2187 57 28 det
750 2195 41 20 av
809 2184 232 37 utredningen
1059 2181 178 39 angående
1254 2179 320 41 yrkesmedicinens

89 2243 237 40 organisation
348 2252 45 20 m.
417 2251 44 20 m.
485 2241 147 38 avgivna
653 2238 236 30 betänkandet
916 2236 101 33 (SOU
1042 2233 172 34 1963:46)
1241 2231 333 31 remissbehandlats

91 2297 64 28 och
180 2296 92 29 olika
295 2293 171 40 spörsmål
489 2293 45 39 på
557 2291 158 30 området
738 2289 178 40 upptagits
941 2288 110 29 under
1075 2287 105 29 femte
1204 2284 221 30 huvudtiteln
1448 2284 11 28 i
1483 2283 91 29 årets

92 2345 421 41 statsverksproposition.
538 2344 127 30 Vidare
689 2344 65 28 har
776 2342 125 30 chefen
926 2341 55 29 för
1005 2338 383 38 socialdepartementet
1412 2335 164 30 tillkallat

94 2412 42 19 en
164 2400 199 38 sakkunnig
389 2398 54 30 för
469 2400 51 27 att
546 2396 125 30 utreda
697 2393 342 39 förutsättningarna
1065 2391 56 30 för
1146 2399 43 21 en
1216 2388 225 39 samordning
1467 2397 43 20 av
1536 2387 42 29 de

94 2452 323 42 yrkesmedicinska
445 2458 154 31 organen
628 2449 11 29 i
669 2444 386 34 stockholmsområdet.
1084 2441 402 41 Landsorganisationen
1514 2440 65 29 har

95 2516 136 38 Bihang
246 2514 51 29 till
312 2513 204 39 riksdagens
533 2510 175 41 protokoll
726 2509 93 30 1964.
839 2509 36 29 11
893 2507 99 30 saml.
1008 2506 49 30 Nr
1072 2505 130 30 23—25
