1894 2828
294 166 19 29 4
729 170 275 32 Statsutskottets
1031 172 174 31 utlåtande
1229 173 50 30 Nr
1295 174 68 30 123.

342 248 184 42 Ökningen
549 253 20 31 å
592 255 245 30 ovannämnda
861 256 120 36 anslag
1004 256 139 36 belöper
1168 256 51 37 sig
1244 255 100 32 alltså
1368 257 51 30 till
1443 257 96 30 cirka
1564 258 49 29 2.7
1638 257 161 37 miljoner

297 303 138 31 kronor.
482 304 131 31 Härvid
633 304 56 32 må
709 306 90 30 dock
822 306 338 37 uppmärksammas,
1185 309 49 28 att
1256 308 137 37 hänsyn
1413 307 58 31 vid
1495 308 100 30 dessa
1614 308 184 31 beräknin-

298 361 59 29 gar
377 355 139 30 särskilt
537 355 100 37 tagits
659 356 52 30 till
731 356 91 31 vissa
851 357 4 29 i
876 357 170 30 samband
1069 358 79 30 med
1170 367 43 21 en
1233 367 46 28 ny
1302 358 388 37 försvarsorganisation
1712 368 86 28 upp-

298 405 210 31 kommande
527 407 261 30 merkostnader
814 402 58 43 (jfr
891 417 97 28 prop.
1009 418 42 20 nr
1072 409 63 30 228
1156 410 111 36 punkt
1287 408 68 40 33).
1400 409 183 31 Dessutom
1603 409 194 31 tillkomma

297 455 188 31 emellertid
506 457 111 30 ökade
637 457 251 38 dyrtidstillägg
908 458 55 30 för
984 459 248 30 affärsverken.
1277 460 77 30 Med
1376 459 259 38 utgångspunkt
1656 460 78 31 från
1756 461 42 30 de

298 505 50 31 till
371 507 113 35 grund
509 507 53 30 för
585 507 277 37 beräkningarna
887 508 11 30 i
922 509 446 37 statsverkspropositionen
1393 511 159 36 liggande
1577 511 220 37 uppgifterna

295 557 153 31 inträder
472 559 64 31 här
558 568 44 22 en
624 559 129 38 ökning
777 569 42 21 av
841 559 94 31 cirka
961 561 46 28 1.7
1031 559 122 38 miljon
1177 561 130 30 kronor
1330 560 55 31 vid
1408 571 41 21 en
1472 561 324 32 levnadskostnads-

298 608 101 31 index
419 618 42 21 av
484 611 71 29 158.

342 659 115 31 Under
482 659 219 38 åberopande
727 670 43 20 av
795 661 67 30 vad
885 660 147 31 sålunda
1058 661 143 36 anförts,
1226 661 54 31 får
1304 663 251 30 statsutskottet
1578 663 221 31 beträffande

296 709 51 31 till
369 710 183 31 utskottets
576 711 257 38 handläggning
859 712 244 30 överlämnade
1129 711 116 38 frågor
1269 713 191 36 hemställa,

651 815 49 29 att
719 813 184 36 riksdagen
922 812 59 31 må

651 862 31 41 a)
712 864 221 31 beträffande
956 864 352 36 befattningshavare,
1332 865 156 30 hörande
1511 865 112 31 under
1644 866 155 30 andra—

607 912 141 33 åttonde
767 918 90 27 samt
877 915 117 30 tionde
1013 915 272 36 huvudtitlarna,
1306 916 79 30 med
1405 916 187 36 anledning
1611 925 42 21 av
1673 916 123 36 Kungl.

606 964 116 38 Maj:ts
742 965 228 31 förevarande
989 966 129 36 förslag
1137 966 186 36 godkänna
1342 967 41 30 de
1403 976 42 20 av
1464 967 332 37 departementsche-

606 1014 57 31 fen
688 1015 11 30 i
724 1015 374 38 statsrådsprotokollet
1123 1017 80 30 över
1228 1016 269 31 finansärenden
1523 1018 66 29 den
1614 1018 19 30 3
1658 1017 138 37 januari

607 1067 83 29 1936
709 1066 185 31 förordade
912 1067 197 35 grunderna
1128 1067 54 30 för
1201 1067 250 37 dyrtidstillägg
1471 1067 34 31 åt
1524 1068 272 37 befattningsha-

605 1126 81 21 vara
704 1116 10 31 i
732 1119 127 28 statens
877 1116 108 38 tjänst
1002 1127 44 20 m.
1066 1117 36 30 fl.
1121 1118 110 30 under
1249 1117 200 37 budgetåret
1469 1114 199 40 1936/1937;

647 1190 34 41 b)
711 1192 56 30 för
794 1191 201 38 budgetåret
1027 1188 181 42 1936/1937
1240 1192 114 31 såsom
1380 1193 269 38 förslagsanslag
1677 1195 121 30 anvisa

603 1243 50 30 till
673 1243 253 37 dyrtidstillägg
944 1242 35 31 åt
998 1243 341 37 befattningshavare
1360 1244 10 29 i
1391 1247 129 28 statens
1539 1244 107 37 tjänst

635 1305 105 30 under
761 1305 103 30 andra
922 1305 212 30 huvudtiteln
1170 1329 276 7 ..............
1477 1306 120 30 kronor
1621 1306 167 36 1,070,000

676 1364 12 19 »
721 1351 16 47 —
760 1355 108 39 tredje
1018 1365 430 22 rea
1254 1352 31 47 re
1296 1352 62 47 rer
1390 1352 62 47 rss
1528 1366 13 19 »
1654 1358 134 34 165,000

677 1416 13 19 »
727 1401 12 48 —
764 1405 106 39 fjärde
1019 1416 12 19 »
1162 1406 295 39 försvarsdeparte-

1217 1458 126 29 mentet
1381 1481 68 7 ....
1529 1466 13 20 »
1674 1458 115 35 28,000

677 1516 11 20 »
817 1517 13 19 »
1023 1517 11 20 »
1171 1507 233 31 lantförsvaret
1421 1532 27 6 ..
1528 1518 12 20 »
1620 1509 168 35 2,900,000

677 1566 12 20 »
817 1568 12 18 »
1023 1567 12 19 »
1169 1557 213 40 sjöförsvaret
1423 1583 26 6 ..
1529 1569 12 19 »
1622 1559 166 35 1,200,000

676 1617 13 19 »
816 1614 14 20 »
1022 1618 12 20 »
1169 1608 196 40 flygvapnet
1382 1633 68 6 ....
1531 1620 12 19 oo»
1654 1609 135 35 200,000

676 1668 12 20 »
762 1658 101 30 femte
1021 1669 431 21 Reese
1258 1655 32 45 re
1303 1655 29 45 rr
1343 1683 109 7 sera
1533 1669 12 21 »
1620 1660 170 35 4,250,000

677 1719 12 20 »
763 1709 101 39 sjätte
1020 1717 13 21 Do
1072 1706 55 43 oo
1175 1733 277 7 eeeses
1298 1706 33 43 es
1341 1706 52 43 ess
1400 1706 55 43 rss
1531 1720 13 21 »
1656 1710 134 35 155,000

677 1769 12 20 »
763 1759 116 39 sjunde
1018 1768 432 23 reser
1296 1756 36 47 se
1340 1756 30 47 rs
1381 1756 71 47 reas
1531 1772 11 19 »
1621 1761 168 35 2,050,000

677 1820 12 20 »
764 1810 138 31 åttonde
1018 1821 11 19 PR
1173 1835 276 7 reeererr
1338 1806 50 46 res
1399 1806 52 46 rr
1529 1822 12 19 »
1621 1811 167 36 6,500,000

676 1870 12 20 »
761 1860 114 31 tionde
1017 1870 431 22 reser
1274 1857 12 45 r
1297 1857 31 45 er
1336 1857 32 45 rs
1378 1857 32 45 en
1420 1857 32 45 rs
1528 1871 12 20 »
1650 1862 146 36 720,000;

646 1958 29 40 c)
704 1959 144 36 besluta,

648 2013 48 28 att
717 2010 252 37 dyrtidstillägg
991 2010 35 31 åt
1047 2010 338 37 befattningshavare
1408 2011 57 30 vid
1488 2012 205 37 postverket,
1717 2011 78 31 tele-

604 2061 205 37 grafverket,
827 2063 128 28 statens
971 2060 186 38 järnvägar
1174 2062 65 29 och
1259 2064 127 28 statens
1405 2062 280 31 vattenfallsverk
1716 2062 82 31 eller

604 2112 56 30 vid
678 2121 42 21 av
739 2112 153 30 nämnda
908 2112 83 30 verk
1010 2113 184 35 övertagna
1212 2112 132 38 företag
1361 2113 81 30 eller
1460 2113 230 36 inrättningar
1708 2115 89 28 samt

603 2162 252 38 dyrtidstillägg
872 2161 34 32 åt
925 2162 342 38 befattningshavare
1284 2163 57 31 vid
1358 2164 109 30 bank-
1487 2164 65 30 och
1572 2164 224 36 fondinspek-

606 2213 127 36 tionen,
766 2213 437 37 sparbanksinspektionen
1238 2214 65 30 och
1335 2214 459 38 försäkringsinspektionen

604 2265 97 30 skola
724 2263 82 38 utgå
828 2273 42 21 av
894 2265 42 30 de
957 2265 122 35 medel,
1103 2274 42 21 av
1166 2265 93 30 vilka
1281 2265 133 31 verkets
1437 2266 82 30 eller
1542 2265 254 31 institutionens

603 2315 245 30 omkostnader
872 2315 10 30 i
906 2315 110 37 övrigt
1039 2315 178 37 bestridas,

646 2368 90 28 samt
757 2368 59 34 att,
840 2366 63 30 där
925 2367 259 30 arbetslönerna
1206 2366 58 31 vid
1289 2367 334 31 försvarsväsendets
1645 2367 151 30 verkstä-

603 2417 60 30 der
683 2417 66 30 och
771 2417 154 30 fabriker
945 2427 45 20 m.
1012 2417 36 30 fl.
1071 2418 248 36 anläggningar
1339 2419 59 29 äro
1421 2418 194 37 uppdelade
1637 2418 10 30 i
1671 2418 124 38 grund-
