1890 2830
279 138 43 30 80
663 142 381 31 Jordbruksutskottets
1070 143 175 31 utlåtande
1271 144 49 30 Nr
1344 144 48 29 83.

333 225 66 30 Om
428 225 165 30 utskottet
623 224 100 32 alltså
752 235 112 26 anser,
893 228 49 28 att
970 225 248 37 föreningarna
1248 226 218 31 fortfarande
1494 227 85 31 böra
1607 227 37 31 få
1673 228 117 31 utföra

285 275 121 30 försök
429 275 94 30 inom
549 285 47 20 nu
620 276 146 36 angiven
791 285 86 27 ram,
901 285 103 27 synas
1027 277 90 29 dock
1139 277 235 36 anordningar
1395 278 84 30 böra
1501 278 155 36 vidtagas
1680 278 38 31 så
1742 282 49 27 att

285 325 264 37 föreningarnas
571 326 119 30 försök
714 327 202 36 planläggas
940 326 44 37 på
1007 330 47 27 ett
1079 327 55 30 för
1160 328 207 30 samarbetet
1391 329 128 29 mellan
1543 328 248 37 föreningarna

285 377 68 29 och
372 377 41 29 de
431 376 136 37 statliga
585 376 353 31 försöksanstalterna
954 378 158 35 lämpligt
1129 379 76 29 sätt.
1248 378 14 30 I
1280 379 93 30 detta
1390 378 89 37 syfte
1496 379 62 30 bör
1576 379 214 37 föreningar-

287 436 63 21 nas
379 426 232 38 försöksplan,
643 427 84 30 efter
763 427 140 31 samråd
931 428 129 30 mellan
1092 427 265 37 ifrågavarande
1386 429 248 30 institutioners
1665 430 124 36 ledare,

286 477 229 30 underställas
536 477 437 37 jordbruksförsöksrådet,
995 478 96 30 inom
1113 479 104 30 vilket
1237 488 42 21 en
1303 482 236 34 representant
1561 480 55 30 för
1639 480 152 30 förenin-

287 536 108 27 garna
421 528 85 30 böra
532 529 64 35 äga
621 529 72 29 säte
717 529 67 30 och
809 530 158 35 stämma,
991 528 56 31 för
1072 532 49 27 att
1146 530 129 36 slutligt
1299 529 188 31 fastställas
1512 540 42 21 av
1580 531 211 36 högskolans

287 579 151 35 styrelse.

332 629 170 30 Utskottet
526 629 96 30 delar
645 629 399 36 departementschefens
1069 630 148 36 mening,
1243 633 49 28 att
1317 630 311 38 försöksgårdarna
1651 631 140 31 Flahult

287 679 67 30 och
378 678 145 31 Gisselås
546 680 84 30 böra
654 680 177 30 överföras
857 680 10 30 i
890 683 128 28 statens
1043 681 63 36 ägo
1131 681 64 30 och
1219 682 231 30 underställas
1472 682 66 30 den
1562 683 136 35 statliga
1722 682 69 30 för-

288 729 271 31 söksanstaltens
580 731 221 30 omedelbara
823 730 221 37 förvaltning,
1069 731 120 31 varvid
1210 732 191 30 emellertid
1421 732 210 36 förutsättes,
1653 735 50 28 att
1723 732 69 31 för-

286 780 190 36 eningarna
494 781 89 30 efter
602 782 335 30 överenskommelse
956 783 81 29 med
1056 782 312 31 försöksanstalten
1388 784 87 29 även
1494 783 11 30 i
1524 783 267 36 fortsättningen

285 829 38 31 få
346 831 48 30 dit
417 830 156 37 förlägga
595 831 130 31 försök.

333 882 13 29 I
378 881 107 31 likhet
513 882 81 30 med
621 883 384 36 departementschefen
1034 893 101 20 anser
1166 884 174 35 utskottet,
1371 886 48 27 att
1449 883 341 31 kemisk-växtbiolo-

287 931 98 36 giska
407 932 170 30 anstalten
597 933 10 29 i
627 932 106 31 Luleå
752 933 64 30 bör
836 933 167 31 fortbestå
1022 936 89 27 samt
1133 936 48 27 att
1202 932 269 38 försöksgården
1491 934 138 30 Alträsk
1650 934 143 37 övergår

287 982 51 30 till
365 985 109 27 staten
501 984 65 29 och
591 984 115 29 ställes
729 984 112 30 under
866 984 65 30 den
956 984 137 36 statliga
1117 984 329 30 försöksanstaltens
1469 985 149 36 ledning.
1664 981 95 35 Även
1782 986 10 29 i

284 1033 98 30 detta
404 1034 63 29 fall
490 1033 209 37 förutsättes,
726 1035 127 30 liksom
880 1035 78 30 med
984 1036 171 29 avseende
1178 1034 20 31 å
1222 1034 313 37 försöksgårdarna
1559 1035 141 31 Flahult
1725 1036 66 30 och

285 1083 157 37 Gisselås,
468 1087 50 27 att
542 1085 171 30 anstalten
739 1085 10 29 i
775 1084 106 31 Luleå
906 1085 86 30 efter
1015 1086 336 29 överenskommelse
1375 1086 79 30 med
1478 1086 311 31 försöksanstalten

286 1134 87 30 även
390 1134 10 30 1
415 1134 266 37 fortsättningen
698 1136 143 30 beredes
857 1135 134 31 tillfälle
1008 1139 50 27 att
1074 1136 51 30 till
1142 1136 137 30 Alträsk
1296 1136 156 36 förlägga
1471 1136 89 31 vissa
1577 1136 131 31 försök.

327 1184 56 31 Ett
405 1185 230 30 realiserande
659 1195 43 21 av
724 1186 42 30 de
790 1186 215 37 synpunkter
1030 1187 165 29 utskottet
1217 1196 47 20 nu
1288 1186 82 37 givit
1394 1187 137 37 uttryck
1554 1186 35 31 åt
1613 1186 179 38 angående

279 1236 150 30 svenska
452 1236 437 37 mosskulturföreningens
913 1238 65 29 och
1003 1238 147 29 svenska
1174 1237 107 30 betes-
1304 1238 66 29 och
1394 1237 291 37 vallföreningens
1708 1238 83 30 fort-

282 1289 90 27 satta
402 1287 229 34 verksamhet,
663 1287 140 29 särskilt
832 1287 79 30 med
942 1288 169 29 avseende
1140 1286 44 38 på
1212 1287 414 37 försöksverksamheten,
1657 1289 71 29 kan
1759 1288 31 37 ej

281 1336 117 37 undgå
419 1339 48 27 att
492 1337 158 30 medföra
672 1346 43 21 en
739 1338 55 29 del
819 1337 245 38 förändringar
1087 1338 10 30 i
1122 1337 97 37 fråga
1242 1348 59 20 om
1323 1338 21 31 å
1367 1348 65 21 ena
1455 1339 99 30 sidan
1577 1339 213 37 föreningar-

281 1396 74 26 nas,
376 1386 21 31 å
415 1387 110 30 andra
544 1387 99 30 sidan
664 1388 67 29 den
751 1388 137 36 statliga
909 1388 328 31 försöksanstaltens
1259 1390 284 36 personalbehov.
1589 1390 14 30 I
1625 1390 31 37 ej
1680 1390 111 30 mind-

280 1447 38 20 re
340 1438 83 36 grad
443 1438 158 30 kommer
621 1437 267 37 ifrågavarande
912 1438 249 31 institutioners
1182 1440 114 29 behov
1319 1449 43 20 av
1386 1441 206 37 statsanslag
1613 1443 49 28 att
1684 1441 108 30 därav

285 1487 179 37 påverkas.
508 1488 170 32 Utskottet
695 1489 203 31 förutsätter
916 1490 130 36 därför,
1066 1493 49 28 att
1131 1491 112 30 under
1259 1490 75 31 året
1351 1492 99 29 dessa
1469 1490 245 31 förhållanden
1733 1493 56 35 gö-

281 1548 58 21 ras
361 1539 51 30 till
438 1538 146 31 föremål
611 1539 54 30 för
691 1539 186 38 utredning
903 1541 64 29 och
996 1540 229 38 omprövning
1250 1540 80 31 från
1358 1541 123 37 Kungl.
1507 1541 118 37 Maj:ts
1652 1542 75 30 sida
1754 1541 38 32 så

279 1592 53 27 att
353 1589 123 37 frågan
497 1590 10 29 i
531 1590 114 30 denna
669 1590 54 30 del
745 1589 91 38 ånyo
861 1591 70 29 kan
952 1591 193 37 föreläggas
1170 1592 80 30 1937
1275 1591 56 31 års
1355 1592 150 37 riksdag.

327 1640 278 30 Vidkommande
630 1641 66 30 den
724 1641 178 30 allmänna
928 1641 290 37 planläggningen
1244 1652 42 21 av
1314 1643 405 37 försöksverksamheten
1747 1643 45 37 på

281 1690 339 36 husdjursskötselns
650 1691 141 31 område
818 1692 64 30 har
910 1692 167 30 utskottet
1105 1692 74 30 icke
1210 1692 103 37 något
1343 1696 49 27 att
1421 1693 114 30 erinra
1564 1697 72 27 mot
1667 1694 124 36 Kungl.

283 1740 119 37 Maj:ts
422 1741 139 37 förslag.

327 1792 14 29 I
363 1792 174 30 motionen
561 1792 45 30 II:
621 1793 63 30 610
708 1793 65 30 har
793 1793 136 36 begärts
950 1793 185 37 utredning
1157 1793 148 30 rörande
1327 1794 245 36 lämpligheten
1594 1797 48 28 att
1664 1795 129 30 inrätta

283 1851 44 21 en
353 1842 68 37 fast
446 1843 224 37 försöksgård
697 1843 56 38 för
781 1843 141 37 fåravel.
974 1843 133 31 Härvid
1134 1844 58 29 vill
1219 1845 167 29 utskottet
1412 1845 113 30 erinra
1553 1855 58 20 om
1636 1845 156 37 departe-

282 1893 255 30 mentschefens
558 1894 178 30 uttalande
759 1894 133 36 därom,
912 1897 49 27 att
981 1894 405 31 försöksverksamheten
1406 1895 45 37 på
1473 1895 226 31 fårskötselns
1719 1906 72 20 om-

281 1942 85 31 råde
386 1943 103 37 ligger
508 1944 95 30 inom
621 1944 65 30 den
705 1945 138 36 statliga
861 1945 421 31 försöksverksamhetens
1302 1946 73 30 sfär
1395 1947 276 36 huvudsakligen
1691 1946 101 31 såvitt

283 1993 164 31 försöken
471 2003 80 21 avse
577 1994 316 38 utfodringsfrågor
917 1996 67 30 och
1008 1996 144 30 därmed
1176 1997 345 36 sammanhängande
1547 1997 244 37 produktions-

280 2044 230 30 ekonomiska
531 2044 179 37 spörsmål,
730 2048 90 28 samt
837 2049 50 27 att
907 2046 100 30 dessa
1028 2045 218 38 följaktligen
1266 2047 108 30 borde
1394 2047 106 30 vinna
1520 2048 196 30 beaktande
1735 2048 58 30 vid

283 2095 290 37 planläggningen
591 2105 43 21 av
650 2095 342 37 husdjursförsöken.
1032 2097 76 30 Den
1122 2098 231 35 verksamhet,
1373 2107 75 21 som
1466 2098 216 30 motionären
1699 2097 92 38 åsyf-

282 2148 65 33 tar,
375 2146 96 30 torde
499 2146 120 30 kunna
645 2146 134 31 utföras
807 2147 58 31 vid
891 2147 128 30 Ultuna
1047 2148 177 37 egendom.
1278 2148 292 31 Erfarenheterna
1598 2149 63 30 där
1688 2157 103 28 synas

283 2196 121 30 kunna
422 2196 47 30 bli
491 2197 282 36 grundläggande
795 2198 55 30 för
869 2198 42 30 de
930 2197 169 38 åtgärder,
1122 2208 74 21 som
1215 2199 119 30 vidare
1356 2200 85 29 böra
1463 2199 171 37 företagas
1656 2199 21 31 å
1698 2200 93 29 detta

282 2245 152 32 område.
483 2247 170 31 Utskottet
675 2257 101 21 anser
799 2248 51 38 sig
871 2249 79 30 med
974 2249 138 37 hänsyn
1133 2250 116 29 härtill
1271 2250 76 30 icke
1369 2251 85 29 böra
1478 2250 143 31 förorda
1643 2250 148 31 särskild

278 2295 126 38 åtgärd
426 2296 80 32 från
527 2298 202 37 riksdagens
753 2299 75 30 sida
847 2299 10 30 i
879 2300 187 37 anledning
1086 2309 42 21 av
1151 2300 176 31 motionen
1350 2301 44 30 II:
1409 2302 75 29 610.

328 2347 136 31 Jämväl
487 2348 122 37 Kungl.
631 2348 118 38 Maj:ts
771 2350 130 37 förslag
921 2350 10 30 i
951 2349 99 38 fråga
1073 2360 56 21 om
1152 2351 66 31 den
1238 2351 179 31 allmänna
1436 2352 291 36 planläggningen
1749 2359 42 21 av

282 2397 404 37 försöksverksamheten
707 2400 45 37 på
771 2401 363 36 trädgårdsodlingens
1154 2402 140 30 område
1317 2402 152 31 biträdes
1490 2412 43 21 av
1552 2403 176 29 utskottet.

328 2448 74 31 Vad
430 2450 152 30 härefter
609 2450 107 37 angår
745 2451 67 31 den
840 2451 152 31 centrala
1019 2452 137 37 statliga
1182 2452 422 38 försöksverksamhetens
1631 2453 159 29 närmare
