1912 2832
498 139 381 31 Jordbruksutskottets
904 139 177 31 utlåtande
1105 140 49 30 Nr
1183 141 49 30 83.
1581 135 39 30 29

115 223 77 31 från
218 224 209 36 högskolans
454 224 118 36 övriga
598 223 231 32 institutioner
856 224 193 31 avvikande
1075 224 161 37 ställning
1264 224 98 30 dessa
1388 223 232 31 institutioner

115 275 139 31 komme
280 278 49 27 att
356 275 125 36 intaga,
510 275 96 31 torde
634 275 190 36 föranleda,
854 278 48 27 att
931 276 98 30 deras
1057 275 139 36 utgifter
1222 276 65 29 och
1318 275 190 30 inkomster
1536 275 83 29 böra

114 326 146 36 regleras
282 326 10 30 i
312 326 233 36 specialstater
568 325 144 37 ungefär
733 325 44 37 på
801 326 243 30 motsvarande
1067 327 75 35 sätt,
1167 335 74 21 som
1264 335 46 20 nu
1332 326 77 30 sker
1430 324 189 31 beträffan-

114 378 42 30 de
176 378 41 29 de
238 377 50 31 till
310 377 301 31 centralanstalten
633 377 54 30 för
708 376 303 32 försöksväsendet
1032 376 45 37 på
1099 376 345 38 jordbruksområdet
1466 376 154 31 hörande

115 428 279 36 avdelningarna.
444 428 110 36 Något
578 428 123 31 hinder
726 428 96 30 torde
847 428 31 38 ej
905 428 106 31 heller
1036 428 84 30 böra
1146 430 103 34 möta,
1275 431 49 27 att
1347 427 271 31 försöksinstitu-

114 478 174 32 tionernas
317 479 220 36 särställning
566 479 72 30 utåt
668 479 179 30 markeras
877 487 125 28 genom
1034 479 169 30 särskilda
1234 478 78 31 från
1341 478 278 36 undervisnings-

114 531 179 30 väsendets
331 530 219 37 terminologi
585 530 194 31 avvikande
816 530 255 37 beteckningar,
1109 529 208 38 exempelvis
1348 530 190 30 >»anstalten
1566 529 54 31 för

113 580 326 37 jordbruksförsök>»
467 581 66 30 och
560 581 190 29 »anstalten
774 581 55 30 för
853 581 320 37 husdjursförsök>.
1198 598 44 4 —

158 632 13 30 I
196 632 197 37 anslutning
416 632 51 31 till
490 633 66 30 vad
579 632 395 37 lantbrukshögskolans
999 632 141 37 styrelse
1161 631 192 31 framhållit
1376 632 98 30 torde
1497 630 123 31 hinder

115 682 30 38 ej
187 685 105 34 möta,
332 687 48 27 att
419 683 435 31 försöksinstitutionernas
895 683 145 31 ledande
1068 683 338 36 befattningshavare
1435 682 110 31 under
1575 684 46 28 ett

114 733 134 32 mindre
275 734 92 31 antal
394 734 141 31 timmar
560 734 128 36 årligen
714 734 56 30 vid
798 734 191 36 högskolan
1017 734 150 30 föreläsa
1193 734 147 31 rörande
1367 734 162 30 försöken
1554 733 66 30 och

114 784 11 31 i
145 785 169 30 samband
336 785 142 31 därmed
500 785 114 31 utföra
634 785 164 37 lämpliga
821 785 311 31 demonstrationer
1151 794 41 21 av
1214 785 188 36 desamma,
1423 785 109 30 under
1553 783 66 31 för-

114 836 189 37 utsättning
329 839 48 28 att
404 836 99 31 deras
531 836 166 37 egentliga
726 836 136 37 uppgift
889 836 201 37 därigenom
1118 836 30 37 ej
1177 835 212 31 åsidosättes.
1440 835 180 31 Likaledes

113 896 101 28 synes
238 888 55 30 det
314 887 175 37 naturligt,
512 890 49 28 att
585 887 394 37 lantbrukshögskolans
1005 887 217 36 studerande,
1247 896 74 22 som
1344 887 125 30 bereda
1492 886 50 37 sig
1567 886 53 31 för

114 938 198 36 agronomie
334 938 308 36 licentiatexamen,
663 937 129 32 erhålla
816 938 132 31 tillfälle
971 941 48 28 att
1040 938 20 31 å
1081 938 409 36 försöksavdelningarna
1512 937 109 31 under

115 988 140 38 behörig
277 989 138 37 ledning
438 989 114 31 utföra
574 998 85 28 egna
680 989 297 37 studieuppgifter.

159 1039 130 31 Genom
323 1040 435 31 försöksinstitutionernas
787 1040 237 31 inlemmande
1054 1040 11 31 i
1097 1040 393 36 lantbrukshögskolans
1524 1047 95 29 orga-

114 1090 150 31 nisation
289 1091 134 31 behöva
445 1091 116 36 frågor
582 1091 32 37 ej
640 1092 217 36 uppkomma
880 1101 57 21 om
963 1091 148 31 särskild
1134 1091 80 30 chef
1238 1090 53 31 för
1315 1091 98 30 dessa
1437 1090 183 31 institutio-

114 1151 70 21 ner.
234 1142 140 30 Liksom
400 1142 164 31 cheferna
591 1142 53 31 för
671 1142 211 36 högskolans
908 1141 498 37 undervisningsinstitutioner
1432 1141 53 31 stå
1511 1141 109 30 under

114 1201 198 28 gemensam
336 1192 139 37 ledning
500 1202 42 21 av
568 1193 210 36 högskolans
805 1193 125 36 rektor,
956 1192 66 31 blir
1048 1193 91 31 detta
1165 1192 95 31 fallet
1283 1192 132 37 jämväl
1438 1193 78 30 med
1543 1192 76 30 che-

116 1243 96 31 ferna
237 1243 54 31 för
316 1243 427 31 försöksinstitutionerna.
793 1243 41 38 Ej
861 1244 107 31 heller
995 1244 96 30 torde
1117 1244 111 30 behov
1254 1243 126 37 uppstå
1405 1253 42 21 av
1473 1242 147 31 särskild

115 1294 308 31 administrations-
450 1296 65 29 och
542 1295 413 37 upplysningsavdelning
979 1295 54 30 för
1059 1295 412 35 försöksverksamheten,
1499 1294 44 31 då
1567 1302 52 28 ge-

114 1355 82 21 nom
221 1356 41 20 en
289 1347 207 29 samverkan
519 1346 127 31 mellan
672 1346 210 36 högskolans
908 1346 152 30 centrala
1087 1345 138 37 ledning
1249 1346 65 30 och
1341 1345 279 36 fackavdelning-

114 1405 95 27 arna,
234 1396 114 31 såsom
374 1396 11 30 i
410 1400 46 27 ett
482 1405 120 22 senare
626 1397 255 36 sammanhang
905 1397 87 30 skall
1018 1398 161 29 närmare
1204 1396 152 37 angivas,
1382 1397 40 30 de
1446 1396 174 36 uppgifter

114 1447 97 30 torde
238 1447 119 30 kunna
384 1446 12 31 i
426 1447 201 36 erforderlig
655 1447 238 36 utsträckning
920 1447 180 36 bestridas,
1129 1447 92 30 vilka
1249 1450 124 27 avsetts
1404 1447 97 30 skola
1531 1445 90 31 åvila

115 1496 108 31 sådan
246 1497 192 37 avdelning.

159 1547 97 31 Vissa
281 1558 46 20 nu
349 1548 214 30 omnämnda
586 1548 53 31 för
661 1548 91 31 båda
777 1548 415 31 försöksinstitutionerna
1216 1557 257 28 gemensamma
1498 1548 122 35 behov,

116 1598 113 31 såsom
258 1608 41 20 av
328 1599 361 35 driftslaboratorium,
718 1599 164 30 bibliotek
908 1600 67 29 och
1002 1600 155 30 kameral
1186 1599 219 36 förvaltning,
1433 1599 97 30 torde
1556 1598 63 31 till-

114 1650 143 36 godoses
277 1649 11 30 i
309 1651 210 35 gemenskap
541 1651 77 29 med
641 1650 387 36 lantbrukshögskolan.
1073 1649 63 32 Det
1158 1650 95 30 torde
1274 1659 81 21 vara
1378 1650 174 36 naturligt,
1573 1652 48 28 att

115 1699 54 32 för
191 1701 188 36 tryggande
405 1710 42 20 av
473 1701 66 30 den
566 1700 194 37 föreslagna
787 1701 355 36 samorganisationen
1169 1700 185 32 förstärkta
1380 1710 151 22 resurser
1556 1698 63 33 till-

115 1750 93 31 föras
230 1752 201 36 högskolan.

159 1802 153 30 Anförda
337 1803 215 36 synpunkter
575 1802 45 36 på
641 1802 419 31 försöksverksamhetens
1085 1803 176 30 allmänna
1284 1802 235 37 organisation
1542 1812 79 21 avse

117 1853 141 30 allenast
279 1856 48 27 att
348 1853 123 36 angiva
492 1854 42 29 de
554 1856 87 33 yttre
661 1853 147 37 linjerna
828 1853 53 30 för
902 1854 203 30 densamma
1126 1857 89 27 samt
1236 1856 47 28 att
1305 1855 120 35 utgöra
1447 1864 41 20 en
1510 1853 110 37 grund

116 1903 53 31 för
198 1904 261 30 bestämmande
491 1913 42 20 av
563 1903 296 36 organisationens
890 1904 111 30 behov
1034 1913 41 20 av
1107 1904 255 36 arbetskrafter,
1393 1905 131 29 lokaler
1556 1904 64 30 och

116 1954 108 30 andra
242 1963 160 21 resurser.
444 1948 41 36 Åt
504 1954 123 36 Kungl.
648 1954 100 37 Maj:t
766 1954 95 30 torde
880 1954 84 30 böra
984 1955 217 29 överlämnas
1220 1957 47 27 att
1287 1954 9 30 i
1317 1956 206 29 samverkan
1544 1955 77 30 med

117 2004 395 37 lantbrukshögskolans
547 2005 138 36 ledning
719 2005 140 30 utfärda
890 2006 162 29 närmare
1085 2005 257 30 bestämmelser
1375 2015 59 20 om
1469 2006 150 30 försöks-

115 2056 280 30 verksamhetens
422 2055 194 36 anordning
639 2055 95 31 inom
760 2064 120 21 ramen
903 2064 42 22 av
971 2056 66 30 den
1063 2059 80 27 utav
1168 2057 266 30 statsmakterna
1459 2056 160 31 fastställ-

117 2106 43 30 da
183 2106 280 36 huvudplanen.»

161 2205 31 31 b.
237 2205 233 37 Huvudlinjer
492 2206 56 37 för
572 2206 234 36 organisation
829 2215 42 21 av
895 2207 238 30 institutionen
1156 2207 55 37 för
1235 2207 320 38 jordbruksförsök.

161 2274 81 28 1931
273 2273 55 30 års
357 2273 285 36 utredningsmän
671 2273 45 29 ha
745 2273 219 30 beträffande
994 2274 66 29 den
1091 2274 194 35 föreslagna
1314 2274 304 36 jordbruksavdel-

115 2322 125 36 ningen
264 2323 56 29 vid
345 2323 494 30 lantbruksförsöksanstalten
864 2324 171 34 förutsatt,
1060 2326 47 27 att
1131 2324 113 30 denna
1268 2325 109 29 skulle
1401 2324 10 30 i
1435 2325 184 29 huvudsak

114 2373 117 30 arbeta
257 2373 79 30 med
362 2383 135 20 samma
522 2373 185 36 uppgifter,
734 2383 75 20 som
837 2374 92 29 förut
955 2374 199 30 tillkommit
1180 2374 320 31 centralanstaltens
1527 2375 91 36 jord-

115 2423 301 37 bruksavdelning.
464 2424 362 36 Utredningsmännen
850 2425 45 29 ha
918 2424 117 30 vidare
1059 2424 175 36 föreslagit
1257 2424 196 31 inrättande
1477 2435 41 20 av
1543 2426 76 35 fyra

115 2474 334 37 underavdelningar
478 2475 57 29 vid
563 2474 428 37 jordbruksavdelningen,
1021 2474 174 37 nämligen
1225 2485 42 20 en
1296 2476 54 29 för
1380 2475 239 31 kulturteknik
