2117 2645
339 166 18 30 2
786 169 259 41 Lag-Utskottets
1077 171 173 34 Utlåtande
1275 174 63 33 N:o
1363 175 50 32 50.

825 250 65 38 det
918 252 224 50 Riksdagen
1170 254 59 37 för
1253 255 59 37 sin
1342 255 60 38 del
1428 257 88 37 ville
1536 258 149 38 besluta
1705 260 184 50 följande:

822 303 244 52 Förordning
1106 309 200 47 angående
1348 309 204 39 förändrad
1594 311 149 50 lydelse
1777 314 42 37 af
1845 317 44 35 17

693 355 84 50 kap.
811 358 44 35 12
885 356 21 50 &
935 357 326 41 Handelsbalken.

821 409 233 49 Härigenom
1100 412 211 50 förordnas,
1354 420 56 31 att
1453 418 44 34 17
1542 416 87 50 kap.
1662 420 44 34 12
1736 418 21 50 8
1785 419 105 38 Han-

693 459 237 51 delsbalken,
974 464 136 36 sådant
1151 466 167 37 nämnda
1352 467 148 49 lagrum
1528 468 109 50 lyder
1665 471 121 49 enligt
1813 472 76 37 för-

693 513 214 49 ordningen
937 515 71 37 den
1039 518 21 35 8
1092 517 172 39 Oktober
1295 521 110 47 1861,
1435 521 99 37 skall
1561 522 145 38 erhålla
1720 524 168 50 följande

695 565 227 38 förändrade
951 568 162 49 lydelse:

818 619 166 38 Dernäst
1012 624 129 47 gåuge
1170 624 85 37 med
1284 624 248 39 förmånsrätt
1560 633 59 31 ut:

818 685 44 22 ur
890 672 75 36 fast
993 675 191 46 egendom
1214 677 202 46 utskylder
1444 679 58 35 för
1530 692 145 23 samma
1697 682 189 46 egendom

689 721 57 36 till
775 721 199 52 landsting
1003 725 92 36 eller
1124 726 181 38 kommun
1326 728 59 37 för
1404 729 95 38 sista
1521 730 71 37 och
1612 730 166 51 löpande
1795 737 92 45 året,

688 773 66 37 der
781 774 95 49 icke,
907 776 122 50 enligt
1053 778 102 38 hvad
1183 780 183 37 särskildt
1394 782 183 49 stadgadt
1605 788 52 44 är,
1687 798 127 24 annan
1839 791 48 32 än

689 839 141 35 egaren
859 833 41 30 är
929 829 143 49 pligtig
1101 836 56 31 att
1186 831 85 37 dem
1300 833 130 48 gälda;
1461 841 98 30 samt

816 892 45 23 ur
888 880 56 37 lös
974 882 188 48 egendom
1193 884 96 37 först
1316 886 258 48 gäldenärens
1600 888 205 50 utskylder
1828 890 58 37 till

687 930 147 37 kronan
869 932 58 37 för
955 933 94 37 sista
1079 936 71 36 och
1180 936 164 50 löpande
1374 941 91 46 året,
1497 940 45 36 de
1571 940 66 36 der
1666 942 34 48 ej
1727 942 57 36 för
1809 942 78 37 fast

687 983 189 48 egendom
901 988 104 46 utgå,
1035 987 70 37 och
1135 988 164 38 derefter
1327 990 96 37 hans
1440 992 202 49 utskylder
1660 993 58 37 för
1738 1007 146 25 samma

687 1035 53 36 tid
768 1036 56 36 till
853 1036 198 51 landsting
1079 1040 92 37 eller
1199 1041 195 50 kommun,
1422 1043 67 37 der
1517 1045 46 36 de
1579 1045 98 49 icke,
1695 1049 47 46 på
1756 1048 127 47 grund

683 1087 42 36 af
742 1087 101 38 hvad
863 1089 70 37 här
952 1090 115 37 ofvan
1088 1093 181 49 stadgadt
1290 1099 52 44 är,
1365 1109 45 23 ur
1432 1097 72 36 fast
1525 1097 190 49 egendom
1732 1099 148 49 gäldas.

413 1186 222 39 Stockholm
664 1189 73 37 den
770 1193 18 33 7
818 1192 109 49 April
958 1195 108 35 1881.

782 1294 52 37 På
862 1295 324 50 Lag-Utskottets
1213 1306 160 43 vägnar:

854 1399 43 37 G.
926 1395 383 46 LAGERSTRÅLE.

902 1816 349 39 Reservationer:

404 1969 42 36 af
470 1969 142 37 Herrar
643 1971 230 47 Thomasson,
903 1974 188 49 Lothigius
1113 1977 70 36 och
1204 1959 217 72 Åbergsson,
1447 1980 130 37 hvilka
1595 1987 127 32 ansett
1737 1983 135 37 motio-

274 2032 75 24 nen
378 2020 84 37 icke
491 2021 93 37 böra
611 2022 197 38 föranleda
832 2025 57 36 till
917 2028 128 46 någon
1072 2027 243 51 Riksdagens
1344 2032 145 48 åtgärd.

515 2352 214 30 STOCKHOLM,
751 2354 100 23 ISAAC
871 2355 146 23 MARCUS
1037 2356 489 35 BOKTRYCKERI-AKTIEBOLAG,
1550 2363 72 23 1881.
