2208 2618
476 205 19 30 2
897 206 257 34 Statsutskottets
1187 208 187 33 Utlåtande
1389 209 65 31 N:o
1483 212 41 29 81

527 285 56 36 Då
624 284 155 38 sålunda
820 286 110 37 dessa
971 287 229 49 deputerade
1244 289 112 36 hafva
1397 294 55 31 att
1493 290 212 48 tjeustgöra
1734 290 113 36 äfven
1875 289 138 37 mellan

424 335 258 50 fullmäktiges
711 338 342 37 sammankomster
1080 340 11 35 i
1120 340 132 48 regeln
1281 340 59 36 väl
1369 341 131 49 hvarje
1530 342 85 48 dag,
1646 355 114 35 synes
1789 342 62 36 det
1877 342 136 48 billigt,

423 393 53 31 att
505 388 58 47 de,
592 388 139 37 likaväl
760 402 80 24 som
869 390 251 38 riksbankens
1148 391 97 37 båda
1274 392 185 37 ordinarie
1489 393 242 49 deputerade,
1762 397 58 32 må
1849 407 71 35 ega
1939 399 76 31 rätt

421 439 57 37 till
521 445 194 42 semester,
744 441 137 37 hvaraf
906 444 80 34 åter
1015 443 84 36 med
1128 444 287 48 nödvändighet
1444 444 120 37 skulle
1592 444 103 50 följa,
1725 451 55 30 att
1808 446 204 36 arfvodena

422 491 121 37 under
584 493 286 37 semestertiden
909 494 56 36 till
995 494 46 37 de
1069 495 374 48 tjensteförrättande
1472 496 120 37 skulle
1620 500 91 46 utgå
1740 497 42 36 af
1805 497 209 49 riksgälds-

421 543 198 37 kontorets
649 545 133 36 medel.

525 594 77 50 Jag
641 596 139 36 tillåter
822 597 78 49 mig
940 598 129 36 derför
1108 598 149 47 föreslå,
1300 604 54 31 att
1387 600 11 35 i
1429 602 47 34 58
1506 599 20 50 &
1556 601 41 36 af
1621 600 393 49 riksgäldskontorets

421 646 234 49 reglemente
682 647 160 38 insättes
871 654 54 31 ett
953 650 133 49 stycke
1116 650 40 36 af
1180 650 168 49 följande
1376 652 184 36 innehåll:

527 699 237 49 Deputerade
807 714 71 35 ega
919 702 144 48 åtnjuta
1103 702 172 49 ledighet
1311 703 184 37 hvardera
1525 717 45 23 en
1600 704 69 36 och
1698 717 47 24 en
1774 704 80 37 half
1878 705 136 36 månad

422 750 158 49 årligen.

526 802 56 36 De
623 803 276 48 förändringar,
936 818 80 23 som
1046 805 8 35 1
1085 818 288 37 sammanmang
1399 807 156 36 härmed
1586 807 120 37 skulle
1735 808 278 48 ifrågakomma

420 853 12 36 i
473 854 390 48 riksgäldskontorets
903 856 236 49 reglemente
1179 857 60 37 för
1277 858 127 49 öfrigt,
1433 859 109 36 torde
1573 860 284 36 statsutskottet
1884 860 129 36 kunna

420 905 209 50 lämpligen
656 907 139 36 föreslå
823 907 62 37 vid
913 907 269 50 reglementets
1211 910 199 36 revision.»

525 957 94 37 Lika
655 959 85 36 med
774 959 235 37 motionären
1038 974 110 23 anser
1176 962 287 36 statsutskottet
1493 962 135 49 billigt,
1658 968 56 31 att
1743 963 230 49 deputerade
2001 964 12 35 i

420 1009 374 47 riksgäldskontoret
830 1011 208 49 berättigags
1076 1017 53 31 att
1157 1013 186 37 hvardera
1370 1014 121 36 under
1520 1028 46 23 en
1595 1015 69 36 och
1694 1028 44 24 en
1769 1015 83 36 half
1878 1015 133 36 månad

421 1060 147 49 årligen
606 1062 143 48 åtnjuta
787 1062 169 48 ledighet
993 1069 88 30 utan
1116 1064 136 49 afdrag
1280 1068 21 33 å
1328 1065 185 37 arfvodet.
1570 1066 71 36 Till
1670 1067 74 36 den
1772 1067 42 36 af
1837 1067 176 37 fullmäk-

420 1112 92 48 tige,
557 1126 80 23 som
677 1119 106 31 utses
826 1119 54 31 att
922 1115 121 43 under
1079 1116 116 36 sådan
1223 1116 170 49 ledighet
1421 1117 166 37 bestrida
1617 1118 227 50 deputerads
1874 1119 138 36 befatt-

419 1165 107 47 ning,
568 1165 70 36 bör
675 1164 47 37 då
761 1166 163 36 särskild
962 1167 215 48 ersättning
1205 1169 42 35 af
1272 1168 46 36 de
1347 1168 55 36 till
1430 1169 371 48 riksgäldskontoret
1829 1171 183 47 anslagna

420 1215 124 37 medel
577 1219 101 46 utgå,
707 1217 70 35 och
805 1218 109 36 torde
944 1218 125 37 denna
1098 1219 215 49 ersättning
1340 1220 209 49 lämpligen
1577 1221 91 37 böra
1696 1222 228 37 bestämmas
1954 1222 58 36 till

420 1267 141 50 belopp
603 1269 266 37 motsvarande
907 1270 98 36 hvad
1044 1271 41 36 af
1115 1271 71 36 den
1211 1271 125 48 ledige
1365 1272 279 48 deputeradens
1672 1274 156 37 arfvode
1856 1274 156 49 belöper

420 1319 61 49 sig
522 1323 21 33 å
584 1321 300 36 semestertiden.
949 1321 58 36 Då
1048 1323 251 48 deputerades
1338 1324 181 36 arfvoden
1558 1330 146 44 utgöra,
1742 1326 60 36 för
1838 1327 73 36 den
1941 1339 70 23 ene

421 1372 114 46 5,000
564 1371 143 37 kronor
735 1372 70 36 och
834 1373 60 36 för
921 1373 73 36 den
1024 1374 114 36 andre
1168 1376 113 46 3,000
1310 1375 140 37 kronor
1475 1376 157 49 årligen,
1653 1378 122 36 skulle
1795 1378 214 36 kostnaden

420 1423 59 36 för
517 1423 559 50 deputeradebefattningarnas
1111 1426 275 49 uppehållande
1415 1428 120 37 under
1562 1429 222 37 förberörda
1813 1435 198 32 semester-

418 1474 55 36 tid
502 1475 42 36 af
569 1488 46 23 en
644 1476 69 35 och
742 1488 46 24 en
817 1476 83 37 half
927 1477 134 36 månad
1089 1478 58 36 för
1173 1479 182 36 hvardera
1374 1483 128 45 uppgå
1522 1480 55 36 till
1598 1481 277 49 sammanlagdt
1898 1484 112 46 1,000

421 1526 142 37 kronor
590 1527 59 35 för
676 1530 49 33 år.

523 1629 16 36 I
581 1630 169 49 enlighet
792 1631 85 37 med
914 1632 99 37 hvad
1049 1632 155 38 sålunda
1234 1634 125 37 blifvit
1387 1635 153 37 anfördt
1568 1635 216 37 hemställer
1812 1637 196 46 utskottet,

920 1791 55 32 att
1011 1787 12 36 i
1060 1788 63 36 det
1161 1801 74 36 nya
1268 1789 254 49 reglementet
1549 1791 59 36 för
1638 1790 371 50 riksgäldskontoret

818 1841 58 33 må
904 1838 143 37 införas
1076 1845 53 31 ett
1157 1840 211 49 stadgande
1398 1841 41 37 af
1463 1842 167 49 följande
1659 1843 183 37 innehåll:

919 1890 240 50 Deputerade
1202 1906 73 35 ega
1312 1898 53 31 att
1403 1893 183 37 hvardera
1622 1895 120 36 under
1780 1909 48 22 en
1861 1896 69 36 och
1961 1909 44 24 en

816 1941 84 37 half
924 1943 137 36 månad
1089 1943 145 49 årligen
1263 1945 144 49 åtnjuta
1435 1945 171 49 ledighet
1624 1952 90 31 utan
1735 1947 137 49 afdrag
1891 1951 20 33 å
1931 1948 78 36 arf-

816 1993 125 37 vodet.
998 1994 73 36 Till
1099 1995 73 36 den
1200 1995 113 37 bland
1344 1996 250 50 fullmäktige,
1624 2011 80 23 som
1734 1999 41 37 af
1800 1999 84 37 dem
1903 2004 105 33 utses

816 2050 55 31 att
911 2046 119 36 under
1067 2047 114 36 sådan
1217 2047 169 48 ledighet
1419 2049 167 37 bestrida
1615 2050 227 50 deputerads
1871 2052 137 36 befatt-

816 2096 104 48 ning,
950 2100 112 45 utgår
1090 2099 39 36 af
1146 2100 45 35 de
1211 2100 58 35 till
1288 2100 370 49 riksgäldskontoret
1678 2102 185 50 anslagna
1882 2104 124 36 medel

816 2148 160 41 särskild
1005 2151 211 48 ersättning
1235 2151 86 37 med
1341 2152 136 50 belopp
1498 2154 267 36 motsvarande
1787 2155 72 36 den
1879 2155 127 49 ledige

815 2199 278 50 deputeradens
1120 2203 157 36 arfvode
1305 2204 58 36 för
1391 2204 288 49 ifrågavarande
1709 2206 67 36 tid.
