2216 2638
459 159 19 30 4
864 154 388 32 Konstitutionsutskottets
1280 153 167 32 Utlåtande
1472 153 61 32 N:o
1556 155 31 30 2.

419 246 97 34 leant
557 244 105 36 valde
704 244 95 36 varit
832 243 73 35 lika
933 242 115 36 snabb
1075 255 78 23 som
1181 241 111 36 bland
1320 241 44 36 de
1393 241 192 36 ordinarie.
1644 241 69 36 Vid
1741 241 122 37 dessas
1890 243 136 48 afgång

419 296 90 35 hade
551 295 185 48 nemligen
777 295 282 47 suppleanterna
1086 294 11 34 1
1126 293 124 46 regeln
1279 293 129 35 insatts
1437 295 44 45 på
1508 292 45 35 de
1580 292 201 36 ordinaries
1809 294 105 46 plats,
1945 307 78 22 men

418 347 94 35 blott
552 345 57 36 för
645 351 54 29 att
736 346 101 34 inom
878 345 81 34 kort
992 344 12 35 i
1037 343 44 35 de
1122 344 102 34 flesta
1256 342 64 36 fall
1348 342 188 47 öfvertaga
1563 348 52 30 ett
1638 343 387 46 justitierådsembete.

419 396 218 47 Naturligen
666 395 122 36 kunde
815 396 110 46 ingen
955 394 243 47 anmärkning
1227 393 82 35 med
1336 392 64 49 fog
1427 400 108 41 göras
1562 393 173 43 deremot,
1764 399 54 29 att
1842 394 80 41 den,
1948 407 76 23 som

420 447 146 36 hedrats
595 446 82 36 med
707 445 226 48 Riksdagens
960 444 211 36 förtroende
1200 449 52 30 att
1280 457 86 22 vara
1393 444 80 35 dess
1487 444 401 46 justitieombudsman,
1909 445 116 35 inkal-

419 498 99 36 lades
558 498 11 34 i
608 497 128 47 högsta
776 496 217 36 domstolen.
1048 495 40 47 Ej
1131 495 113 35 heller
1270 494 104 36 torde
1402 494 205 47 Riksdagen
1636 494 46 35 ha
1709 495 77 35 skäl
1815 495 210 49 misstycka,

419 554 53 30 att
499 548 69 36 den
593 546 400 49 justitieombudsman,
1023 559 77 23 som
1128 546 146 34 erhållit
1301 558 42 22 en
1373 545 111 36 sådan
1504 545 159 42 kallelse,
1683 544 113 48 följde
1816 545 211 36 densamma

419 599 67 36 och
527 598 154 36 sålunda
714 598 146 48 utbytte
892 610 43 22 en
964 596 131 47 ettårig
1124 595 293 48 förtroendepost
1446 601 74 30 mot
1547 601 53 30 ett
1627 596 120 35 bättre
1773 596 160 35 aflönadt
1960 597 64 34 och

420 649 81 36 med
529 649 245 48 pensionsrätt
815 647 186 36 utrustadt
1041 648 87 45 högt
1166 646 153 36 embete.
1373 646 85 36 Men
1496 645 81 36 från
1619 646 233 48 synpunkten
1894 646 40 35 af
1957 647 69 35 den

421 699 204 37 värdefulla
666 698 216 43 erfarenhet,
924 710 45 23 en
1005 696 388 48 justitieombudsman
1428 696 115 35 under
1570 709 45 22 en
1642 709 132 33 genom
1802 697 225 46 Riksdagens

420 749 177 50 förnyade
624 748 209 36 förtroende
863 748 180 36 utsträckt
1070 746 195 37 embetstid
1294 747 111 35 borde
1433 760 84 22 vara
1544 747 12 34 i
1586 746 143 36 tillfälle
1758 751 54 31 att
1830 746 195 43 förvärfva,

419 801 68 35 och
527 800 70 35 den
635 800 172 48 prestige,
838 812 44 22 en
911 799 127 47 längre
1066 797 72 36 tids
1166 797 315 46 embetsutöfning
1507 796 200 44 förlänade,
1738 809 86 23 vore
1851 810 43 23 en
1923 797 102 49 dylik

420 856 53 30 tät
513 851 151 45 vexling
703 849 41 36 af
779 850 177 35 embetets
996 847 236 36 innehafvare
1271 846 162 47 afgjordt
1473 853 52 29 att
1557 847 163 47 beklaga.
1776 847 113 35 Deraf
1914 851 113 32 måste

421 901 225 35 kontinuitet
672 900 12 35 i
713 899 283 49 uppfattningen
1026 898 39 35 af
1089 898 176 35 embetets
1293 898 134 48 pligter
1454 897 262 47 oundvikligen
1745 897 84 44 lida,
1859 897 69 36 den
1957 910 71 36 nye

420 950 263 38 innehafvaren
724 950 39 36 af
798 950 159 36 embetet
999 953 111 32 måtte
1142 962 87 22 vara
1262 949 69 35 hur
1356 948 248 36 framstående
1631 961 78 23 som
1737 949 103 35 helst.
1895 948 70 36 Det
1992 948 36 36 af

424 1003 229 35 motionären
695 1015 49 22 nu
777 1000 205 48 framlagda
1014 1000 172 46 förslaget
1227 1000 56 34 till
1312 1000 254 46 utsträckning
1593 998 40 36 af
1656 999 101 36 tiden
1785 998 56 37 för
1864 999 163 47 justitie-

421 1053 336 36 ombudsmannens
797 1051 311 46 embetsutöfning
1147 1051 116 35 skulle
1302 1050 56 35 för
1398 1050 175 36 embetets
1600 1049 237 36 innehafvare
1865 1049 164 36 medföra

423 1117 44 22 en
508 1116 98 23 mera
646 1103 158 47 tryggad
845 1103 175 44 ställning
1061 1101 65 35 och
1154 1101 210 35 underlätta
1392 1106 52 30 ett
1472 1101 235 46 planmessigt
1734 1100 231 47 fullföljande
1992 1099 40 36 af

424 1155 88 34 hans
551 1153 134 35 arbete.
739 1152 120 36 Jemte
899 1152 104 35 dessa
1035 1151 167 43 fördelar,
1244 1163 78 23 som
1364 1151 29 46 ej
1436 1151 94 34 blott
1569 1151 118 34 skulle
1726 1150 116 35 blifva
1865 1150 164 47 justitie-

423 1203 347 44 ombudsmannens,
801 1208 87 30 utan
907 1202 108 36 äfven
1036 1201 236 48 Riksdagens,
1293 1201 116 36 skulle
1428 1201 212 47 derigenom
1660 1199 106 37 äfven
1785 1200 131 36 vinnas
1935 1200 94 36 ökad

424 1255 126 47 utsigt,
593 1260 55 30 att
684 1253 463 48 justiticombudsmannen
1187 1253 138 46 längre,
1367 1259 44 28 än
1445 1255 45 45 på
1517 1264 124 24 senare
1669 1251 96 36 tider
1793 1251 93 36 varit
1913 1250 116 44 fallet,

425 1305 120 36 kunde
573 1304 135 36 förmås
736 1310 54 30 att
817 1307 147 44 qvarstå
991 1304 61 35 vid
1080 1304 64 35 sitt
1171 1303 153 43 embete,
1353 1303 66 35 och
1449 1303 152 35 sålunda
1628 1302 272 35 kontinuiteten
1922 1302 12 34 i
1953 1314 76 23 em-

424 1355 300 46 betsutöfningen
748 1355 160 46 främjas.
975 1354 51 35 Ett
1045 1355 90 34 visst
1154 1353 79 36 stöd
1254 1352 57 37 för
1331 1353 68 35 den
1420 1353 152 35 sålunda
1590 1352 217 47 ifrågasatta
1826 1352 203 46 ändringen

424 1406 40 35 af
500 1405 248 48 grundlagens
787 1405 75 35 bud
895 1405 11 34 i
935 1404 158 35 nämnda
1120 1403 169 36 afseende
1316 1403 103 35 torde
1448 1404 123 33 kunna
1599 1402 104 35 sökas
1730 1403 12 33 i
1771 1402 69 35 den
1867 1406 163 31 omstän-

425 1456 183 46 digheten,
651 1460 53 30 att
744 1454 218 49 stadgandet
1002 1467 59 22 om
1091 1454 113 46 årliga
1231 1455 59 34 val
1319 1453 39 35 af
1383 1453 225 47 Riksdagens
1636 1452 234 47 fullmägtige
1897 1452 12 35 i
1937 1452 93 35 riks-

425 1507 142 35 banken
597 1506 67 36 och
693 1505 355 47 riksgäldskontoret
1075 1508 38 32 år
1143 1506 94 34 1894
1266 1504 179 36 ändrades
1473 1504 148 43 derhän,
1642 1508 54 30 att
1714 1503 105 35 dessa
1837 1503 58 35 val
1915 1503 117 35 skulle

426 1557 170 36 förrättas
623 1556 57 36 för
707 1562 54 30 tre
790 1560 39 32 år
856 1557 12 34 i
896 1556 142 36 sänder.
1093 1555 87 35 Lika
1207 1555 81 36 litet
1316 1556 11 34 i
1355 1555 101 46 fråga
1484 1568 58 22 om
1571 1554 70 36 den
1671 1567 48 22 nu
1743 1553 205 46 föreslagna
1967 1560 64 28 än-

426 1608 154 46 dringen
609 1607 40 35 af
668 1606 479 48 justitieombudsmannens
1175 1607 58 33 val
1261 1619 77 22 som
1368 1606 11 34 i
1407 1605 103 46 fråga
1534 1617 58 23 om
1613 1605 97 34 valet
1728 1604 39 35 af
1783 1603 248 48 nyssnämnda

425 1658 232 47 fullmägtige
685 1657 178 35 innebure
891 1656 217 48 stadgandet
1135 1669 59 22 om
1222 1668 44 23 en
1295 1656 137 46 treårig
1451 1654 186 48 valperiod
1658 1658 119 44 någon
1798 1654 125 48 nyhet,
1944 1658 86 31 utan

426 1708 128 36 endast
581 1720 45 23 en
655 1710 177 44 återgång
860 1708 56 34 till
945 1706 95 36 hvad
1067 1719 77 23 som
1172 1706 76 35 före
1275 1709 39 32 år
1345 1707 93 34 1866
1468 1718 64 23 var
1558 1704 178 47 gällande.

546 1757 198 48 Slutligen
786 1758 63 35 har
882 1758 228 35 motionären
1138 1756 164 43 anhållit,
1331 1762 54 29 att
1413 1756 444 36 konstitutionsutskottet
1880 1757 112 32 måtte
2021 1754 10 35 i

428 1809 203 35 motionens
671 1807 96 50 syfte
808 1808 148 46 vidtaga
989 1808 44 34 de
1061 1807 261 36 redaktionella
1350 1807 198 45 ändringar
1574 1806 11 35 i
1615 1805 277 48 paragrafernas
1921 1804 110 36 ofvan

425 1858 207 46 föreslagna
660 1858 147 48 lydelse,
837 1871 75 22 som
942 1857 121 36 kunde
1090 1858 118 34 finnas
1241 1857 200 47 påkallade,
1471 1856 182 35 äfvensom
1682 1855 130 35 föreslå
1840 1854 45 36 de
1912 1854 120 36 öfver-

426 1908 401 49 gångsbestämmelser,
857 1921 76 23 som
963 1907 122 36 kunde
1113 1920 103 22 anses
1244 1907 246 46 erforderliga.
