2161 2576
322 234 38 29 10
529 230 245 32 Sammansalta
799 228 104 31 Stats-
928 228 56 31 och
1014 225 212 39 Bevillnings-
1237 221 167 33 Utskottets
1436 218 177 33 Utlåtande
1638 218 60 30 N:o
1724 219 27 29 I.

811 351 48 28 De
881 358 41 20 nu
946 348 144 36 stadgade
1118 347 258 29 stämmoböterna.
1638 358 197 35 Indrifnings-

356 417 183 35 Restbelopp
928 417 189 25 NARE
1623 402 97 36 afgift,
1746 410 61 19 som
1830 400 32 28 af

1030 431 16 44 JT
1129 443 52 11 rds-
1712 446 61 6 oa

441 461 17 27 ?
670 466 46 28 De
739 465 124 35 fattiges
1013 434 158 73 malen
1354 474 118 29 Summa
1647 449 89 25 SOC
1757 445 74 63 råRe

701 505 132 43 andelar.
1025 522 131 29 GEES
1476 495 4 5 |
1668 485 135 43 föreslås.

608 542 164 46 |
955 542 295 46 rr"
1266 542 285 46 or
1591 542 113 46 rr

327 618 129 28 Kronor.
526 620 58 25 öre.
613 611 17 43 |
651 615 129 27 Kronor.
821 588 3 69 |
852 617 57 25 öre.
979 613 28 27 IK
1014 620 94 19 ronor.
1178 613 57 25 öre,
1304 608 130 27 Kronor.
1503 609 58 25 öre.
1590 599 17 42 |
1627 603 130 27 Kronor.
1782 599 19 42 |
1820 603 57 25 öre.

445 712 136 34 Il
663 730 101 3 ——
883 709 22 34 8
937 672 2 64 |
987 725 102 6 ——
1150 704 2 12 |
1209 705 23 34 4
1315 723 102 4 ——
1509 701 45 34 12
1637 716 104 5 ——
1850 695 20 33 3

445 764 137 33 3l—)
664 782 102 3 —
792 740 43 75 |
883 760 21 34 8
937 740 3 104 |
987 777 103 5 —
1141 730 37 82 |
1210 757 208 34 4)
1474 753 81 55 [12]
1638 768 102 5 ——
1777 730 37 82 |
1851 746 19 34 9

446 815 20 34 6
498 811 24 53 |
532 835 50 4 —
664 833 102 4 —L
861 813 43 32 17
988 829 103 5 ——
1211 808 21 34 8
1316 826 103 5 ——
1475 828 2 4 |
1509 803 48 35 25
1639 820 102 4 —L
1827 798 44 34 18

422 867 46 34 18)
534 887 48 4 —|
664 884 103 5 —
859 862 47 35 25)
988 881 103 4 —
1152 858 115 51 J|12i
1317 878 101 4 —
1512 856 45 34 J|37
1592 841 19 72 |
1640 871 103 5 ——
1825 850 45 33 [27

421 919 46 33 37
536 918 47 34 50
666 936 102 4 ——
861 915 46 33 33
939 911 32 49 |
989 933 102 4 ——
1190 912 42 33 17
1318 930 102 4 So
1511 907 47 34 50
1593 897 27 53 |
1640 923 104 4 —
1826 901 46 34 [56

424 970 44 33 15
534 990 51 4 o—
613 965 20 50 |
666 988 102 4 ——
861 967 45 33 67
991 984 102 4 —
1154 992 1 12 =:
1187 963 47 34 33
1400 961 17 33 1
1478 979 83 41 I
1723 955 17 33 1
1829 953 43 34 12

400 1021 71 35 150
536 1042 49 3 —
749 1020 17 32 1
860 1038 50 3 —
942 1013 20 51 |
1189 1014 47 34 50
1402 1013 17 33 1
1513 1010 47 34 50
1724 1007 19 24 2
1827 1004 46 34 20

292 1087 3 39 |
397 1072 74 36 300
498 1055 30 75 |
536 1093 49 3 —
747 1071 21 33 2
860 1090 50 3 —
1074 1067 18 33 1
1188 1086 50 4 :—
1401 1064 20 33 SÄ
1725 1058 22 33 4
1829 1055 46 35 150

426 1147 76 37 Till
532 1147 89 36 stöd
646 1146 58 36 för
733 1144 198 37 motionen
962 1147 42 31 är
1033 1141 155 37 anfördt
1225 1138 344 48 hufvudsakligen:
1614 1142 52 29 att
1688 1135 44 48 ju
1762 1131 149 37 mindre

294 1200 318 48 skattebeloppet
641 1210 102 34 vore,
789 1196 109 36 desto
937 1200 137 41 större,
1117 1193 13 35 i
1171 1190 240 39 förhållande
1452 1189 60 36 till
1557 1189 224 40 detsamma,
1821 1195 90 24 vore

295 1252 345 45 stämmoböterna,
671 1249 71 36 och
768 1248 111 36 desto
922 1246 162 36 hårdare
1126 1243 182 38 träffades
1338 1242 160 36 sålunda
1526 1241 46 35 de
1603 1241 81 34 små
1701 1234 212 49 skattskyl-

295 1307 104 47 dige,
426 1316 82 24 som
538 1302 59 36 till
620 1301 200 47 äfventyrs
849 1299 87 36 icke
964 1298 158 35 förmått
1150 1301 56 31 att
1233 1296 12 35 i
1274 1299 127 32 rättan
1433 1293 56 36 tid
1514 1291 159 49 erlägga
1701 1289 60 36 sin
1790 1287 120 43 skatt;

297 1365 52 30 att
377 1357 248 36 förmånerna
667 1353 59 36 för
754 1352 283 35 kommunerna
1080 1354 57 30 att
1180 1347 142 36 erhålla
1363 1345 104 48 hjelp
1504 1343 59 36 till
1605 1342 59 37 sin
1703 1338 211 50 fattigvård

296 1410 88 36 icke
413 1406 132 37 kunde
575 1405 99 48 högt
702 1403 233 49 uppskattas
961 1401 42 36 af
1027 1401 64 36 det
1133 1399 96 47 skäl,
1256 1404 55 30 att
1352 1397 103 36 hvad
1484 1408 82 23 som
1596 1394 12 36 i
1638 1390 277 40 stämmoböter

297 1459 327 49 tillgodokomme
652 1456 282 36 kommunerna
963 1451 237 50 näppeligen
1229 1449 129 37 kunde
1387 1452 184 45 uppväga
1608 1444 105 37 hvad
1740 1444 176 35 kommu-

299 1523 123 26 nerna
467 1510 12 36 i
526 1508 159 48 vanliga
730 1506 68 37 fall
839 1506 13 35 i
900 1502 375 51 fjerdingsmanslön
1317 1500 160 48 utgåfve
1523 1498 89 36 med
1658 1497 154 46 hänsyn
1857 1492 58 37 till

300 1562 386 50 fjerdingsmannens
735 1558 212 48 åliggande
996 1556 72 36 och
1114 1555 133 48 bestyr
1297 1553 87 36 med
1430 1550 217 47 indrifning
1698 1547 41 36 af
1781 1553 134 29 statens

299 1616 269 43 skatterester;
612 1618 52 30 att
691 1611 74 36 den
795 1608 115 38 andel
938 1608 12 36 i
980 1606 340 46 stämmoböterna,
1352 1617 81 23 som
1462 1601 364 50 fjerdingsmannen
1854 1597 60 36 för

302 1666 169 38 nämnda
499 1665 136 48 bestyr
656 1662 156 47 erhölle,
831 1661 72 36 ock
924 1672 104 35 vore,
1054 1658 87 36 med
1157 1658 154 47 hänsyn
1328 1654 182 38 särskildt
1526 1653 57 36 till
1601 1652 74 36 den
1691 1648 226 49 förändring

303 1719 14 36 i
357 1715 326 52 penningvärdet,
727 1727 83 23 som
853 1715 48 46 på
936 1712 46 35 de
1017 1710 96 37 sista
1154 1711 49 35 40
1237 1711 90 34 åren
1355 1706 157 46 inträdt,
1544 1707 41 34 så
1619 1701 212 50 obetydlig,
1862 1706 56 30 att

305 1771 227 36 densamma
560 1767 86 36 icke
675 1765 130 37 kunde
835 1769 197 31 motsvara
1061 1774 68 24 ens
1159 1761 47 36 de
1235 1760 93 36 allra
1357 1758 304 49 blygsammaste
1683 1752 168 50 anspråk
1871 1754 48 46 på

307 1836 49 23 en
385 1820 130 48 skälig
544 1818 220 47 ersättning
791 1816 60 37 för
878 1816 99 35 hans
1006 1814 141 36 besvär
1176 1813 71 36 och
1275 1810 212 38 kostnader
1518 1809 60 36 för
1601 1806 266 48 indrifningen
1883 1803 41 36 af

307 1879 151 31 statens
488 1872 265 45 skatterester,
785 1867 252 50 synnerligen
1067 1879 60 23 om
1156 1863 359 50 fjerdingsmannen
1544 1860 42 36 af
1611 1859 126 36 denna
1753 1856 72 48 sin,
1843 1856 78 36 ofta

306 1939 80 34 nog
415 1924 85 36 icke
530 1936 69 23 ens
628 1921 59 37 till
715 1934 47 23 en
792 1920 63 36 hel
883 1919 124 36 krona
1036 1915 286 49 sammanlagdt
1349 1912 232 51 uppgående
1603 1909 318 51 sportelinkomst

309 1976 101 38 skall
452 1980 145 31 ersätta
635 1974 65 35 det
741 1972 137 47 vittne,
924 1983 83 24 som
1044 1968 67 37 vid
1140 1966 345 47 restindrifningen
1515 1963 118 37 borde
1662 1974 93 24 vara
1779 1961 142 35 honom

309 2027 213 50 följaktigt,
564 2025 140 37 hvaraf
740 2024 147 47 följden
922 2020 222 49 naturligen
1186 2032 103 35 vore,
1321 2023 55 31 att
1403 2018 292 42 kommunerna,
1722 2013 67 36 der
1817 2012 102 36 hem-

310 2091 259 37 mansegarne
611 2077 85 36 icke
739 2075 137 49 sjelfva
917 2073 126 37 turvis
1084 2071 166 49 fullgöra
1291 2066 494 52 fjerdingsmansbestyret,
1819 2064 103 46 finge

310 2131 103 37 hålla
441 2130 363 49 fjerdingsmannen
834 2125 204 38 skadeslös
1067 2136 142 36 genom
1238 2121 223 49 förhöjning
1490 2119 42 37 af
1555 2119 97 35 hans
1681 2117 81 45 lön;
1793 2122 50 29 att
1860 2114 64 36 det

312 2196 92 23 vore
434 2181 220 50 oegentligt
683 2184 54 32 att
766 2177 369 51 uppbördsmannen
1165 2174 146 38 erhölle
1341 2172 113 38 andel
1482 2172 11 35 i
1523 2169 331 38 stämmoböterna
1871 2165 54 36 äf-

313 2248 75 23 ven
416 2234 12 36 i
458 2234 64 36 det
550 2233 80 47 fall,
656 2237 55 31 att
738 2231 79 36 han
845 2228 179 38 lemnade
1054 2228 74 36 den
1158 2226 196 49 egentliga
1382 2222 348 47 restindrifningen
1760 2219 58 36 till
1842 2217 84 36 sina

312 2285 314 46 underordnade;
662 2288 99 32 samt
791 2289 63 41 att,
883 2282 48 35 då
958 2280 60 36 för
1045 2279 216 48 indrifning
1290 2278 41 37 af
1341 2272 585 49 kommunalutskyldsresterna

315 2339 75 37 den
418 2337 262 49 grundsatsen
709 2348 92 23 vore
831 2333 250 47 vedertagen,
1113 2337 56 30 att
1198 2331 84 47 den,
1313 2343 82 22 som
1424 2329 10 35 i
1455 2326 274 48 verkligheten
1749 2321 176 49 besörjde
