2161 2576
344 226 40 31 14
500 225 245 33 Sammansatta
768 226 106 32 Stats-
899 225 56 33 och
978 226 215 41 Bevillnings-
1203 226 171 33 Utskottets
1406 226 174 34 Utlåtande
1604 230 63 31 N:o
1689 232 31 29 1.

300 307 46 34 12
377 303 215 38 December
623 306 98 35 1878
752 305 199 48 uttryckta
980 305 204 50 farhågan,
1215 311 57 32 att
1300 306 75 37 den
1397 307 122 49 enligt
1540 307 379 38 landsstatskomite-

298 357 112 36 rades
453 356 150 48 förslag
644 369 82 24 mer
763 361 50 31 än
848 357 256 37 tredubblade
1141 358 220 37 inkomsten
1395 359 66 36 vid
1495 364 144 32 resters
1675 359 244 38 indrifvande

299 408 124 36 skulle
467 407 71 37 hos
581 408 372 49 uppbördsmannen
996 409 204 37 framkalla
1236 415 55 31 ett
1319 410 180 50 intresse,
1529 424 83 23 som
1642 424 92 24 vore
1760 412 159 36 alldeles

299 459 199 37 stridande
528 467 79 28 mot
636 460 65 36 det
729 460 215 37 allmännas
973 460 134 38 fördel.

429 512 18 35 I
489 511 110 48 fråga
642 524 60 23 om
741 512 47 36 de
823 512 321 49 betänkligheter
1190 518 79 31 mot
1316 514 348 37 stämmoböternas
1707 515 213 46 utbytande

299 568 81 31 mot
422 576 48 23 en
512 562 474 50 indrifningsförrättaren
1033 577 134 24 ensam
1213 565 294 37 tillkommande
1548 566 369 49 indrifningsafgift,

299 615 133 36 hvilka
462 615 43 36 af
527 615 178 36 bemälda
732 615 193 49 kollegier
954 616 226 48 framstälts,
1210 616 88 37 med
1327 617 211 37 anförande
1568 618 43 36 af
1634 619 75 35 den
1726 619 192 47 grunden,

300 672 56 31 att
385 667 281 36 kommunerna
695 667 125 37 skulle
849 668 115 36 mista
993 680 48 23 en
1069 667 183 48 inkomst,
1283 671 42 33 så
1354 669 99 36 lärer
1481 670 129 36 denna
1640 683 135 23 senare
1803 670 12 36 1
1854 670 66 36 all-

300 719 160 35 mänhet
479 731 92 23 vara
592 718 42 36 af
650 718 73 36 den
751 719 115 48 ringa
891 719 214 48 betydelse,
1138 725 55 31 att
1222 720 72 36 den
1324 720 81 36 helt
1434 721 71 36 och
1534 721 119 37 hållet
1672 722 74 36 kan
1772 721 148 37 lemnas

300 783 45 23 ur
372 769 235 49 räkningen,
626 770 72 36 och
728 770 198 37 sannolikt
954 771 302 49 mångenstädes
1285 772 156 37 komma
1470 777 57 32 att
1555 778 204 44 motvägas
1777 787 143 35 genom

302 822 140 36 sänkta
470 821 162 50 utgifter
660 822 59 36 för
746 822 385 49 fjerdingsmannens
1161 824 215 36 aflönande.

430 873 135 38 Under
607 873 244 49 åberopande
880 874 43 36 af
946 874 103 36 hvad
1079 874 69 37 här
1177 875 115 36 ofvan
1321 875 128 37 blifvit
1478 877 155 37 anfördt
1660 877 61 36 till
1746 877 88 37 stöd
1862 877 59 37 för

302 925 47 36 de
392 924 227 38 framstälda
659 925 200 49 förslagen
902 938 61 24 om
997 926 203 37 införande
1234 927 41 35 af
1299 927 74 36 den
1398 927 43 36 af
1464 928 456 38 landsstatskomiterade

300 977 230 49 ifrågasatta
558 976 418 50 indrifningsafgiften,
996 990 115 24 anser
1139 978 203 37 Utskottet
1370 979 62 48 sig
1460 979 86 37 icke
1575 980 169 37 behöfva
1773 981 71 36 här
1862 986 58 30 ut-

302 1029 184 47 förligare
518 1028 188 37 motivera
740 1042 48 23 en
818 1029 244 47 hemställan,
1092 1034 57 32 att
1176 1030 227 49 Riksdagen
1433 1033 129 46 måtte,
1593 1033 86 35 med
1710 1032 212 48 anledning

303 1081 42 35 af
380 1081 76 36 den
498 1080 42 36 af
576 1080 100 36 Herr
707 1080 41 36 P.
779 1080 198 37 Pehrsson
1005 1081 143 36 väckta
1177 1081 207 49 motionen,
1415 1082 70 37 hos
1515 1083 142 49 Kongl.
1689 1083 109 46 Maj:t
1826 1089 96 43 göra

301 1132 182 37 anhållan
513 1144 61 24 om
605 1132 352 37 stämmoböternas
988 1133 217 49 utbytande
1235 1139 79 31 mot
1342 1134 354 50 indrifningsafgift
1725 1136 10 35 i
1756 1135 166 36 hufvud-

302 1183 131 49 saklig
475 1183 409 37 öfverensstämmelse
920 1184 89 36 med
1038 1184 104 36 hvad
1169 1185 241 37 motionären
1440 1186 68 36 vid
1542 1189 97 34 1882
1671 1190 60 34 års
1760 1187 163 48 riksdag

302 1235 218 48 föreslagit;
551 1235 282 37 hemställande
862 1236 203 36 Utskottet
1094 1236 124 48 alltså,

845 1344 56 31 att
930 1339 225 50 Riksdagen
1185 1343 60 33 må
1274 1340 13 36 i
1316 1340 207 37 skrifvelse
1552 1341 60 36 till
1640 1342 144 48 Kongl.
1814 1342 108 49 Maj:t

709 1390 166 48 anhålla,
905 1396 57 31 att
990 1392 144 48 Kongl.
1165 1392 108 49 Maj:t
1301 1393 152 36 täcktes
1483 1394 97 35 efter
1600 1393 75 36 den
1694 1393 228 49 ytterligare

708 1442 212 49 utredning
963 1443 42 36 af
1037 1448 140 43 ämnet,
1209 1456 81 24 som
1320 1444 141 49 Kongl.
1488 1445 109 48 Maj:t
1625 1445 78 36 kan
1732 1446 105 36 finna
1865 1459 57 23 er-

709 1494 196 48 forderlig,
936 1500 94 42 taga
1059 1495 122 36 under
1211 1496 300 49 öfvervägande,
1540 1510 60 22 om
1623 1497 72 36 och
1716 1497 206 36 huruledes

706 1559 52 22 nu
788 1546 191 49 stadgade
1009 1546 278 37 stämmoböter
1315 1550 60 33 må
1405 1548 132 36 kunna
1565 1548 155 49 utbytas
1741 1553 80 32 mot
1841 1549 80 36 viss

707 1597 355 50 indrifningsafoift
1081 1598 11 36 1
1112 1598 279 50 hufvudsaklig
1412 1599 406 38 öfverensstämmelse
1836 1600 85 36 med

708 1649 65 36 det
815 1649 149 48 förslag
999 1649 245 48 derutinnan,
1279 1664 82 23 som
1397 1651 41 36 af
1466 1651 240 37 komiterade
1740 1652 60 36 för
1827 1666 96 35 upp-

710 1701 174 47 görande
914 1701 42 36 af
982 1701 82 36 dels
1094 1702 142 36 allmän
1264 1703 161 48 tjenste-
1454 1703 73 36 och
1550 1703 290 49 lönereglering
1865 1705 59 35 för

708 1752 244 37 landsstaten
978 1753 72 36 och
1078 1753 83 36 dels
1181 1754 216 49 uppbörds-
1417 1755 71 35 och
1509 1755 413 48 redovisningsväsen-

709 1804 65 36 det
799 1804 58 36 för
885 1804 134 36 landet
1046 1804 13 36 i
1088 1804 166 49 afgifvet
1288 1806 245 36 betänkande
1566 1807 75 37 den
1674 1810 44 34 13
1749 1807 174 37 Oktober

712 1857 99 35 1875
841 1855 130 37 blifvit
1001 1856 229 38 framstäldt.

441 1958 227 37 Stockholm
697 1958 73 37 den
802 1961 20 34 6
852 1959 75 49 Maj
962 1961 111 35 1884.

701 2063 54 35 På
785 2062 287 37 Sammansatta
1100 2062 220 38 Utskottets
1354 2068 161 45 vägnar:

897 2166 42 36 BR.
972 2156 361 47 TÖRNEBLADE.

543 2427 221 48 STOCKHOLM,
784 2443 103 26 ISAAC
896 2429 161 40 MARCUS
1078 2423 499 58 BOKTRYCKERI-AKTIEBOLAG,
1599 2446 73 24 1884.
