1922 2830
301 176 40 30 10
672 174 127 34 Första
818 175 247 41 lagutskottets
1085 173 183 37 utlåtande
1289 176 54 34 Nr
1364 179 54 31 37.

304 253 286 42 ningsordningen
609 252 54 35 för
683 258 219 39 pastoratens
923 254 275 42 skogsbiträden.
1220 255 145 35 Jämlikt
1385 256 100 41 lagen
1505 268 56 21 om
1581 257 211 42 polisväsen-

305 306 57 34 det
382 306 11 33 i
414 306 91 33 riket
526 305 202 34 ankommer
749 306 58 34 det
827 307 46 41 på
894 306 245 34 landsfiskalen
1161 312 65 35 att,
1249 308 43 33 då
1313 308 209 34 innehavare
1543 321 45 21 av
1608 309 183 43 fjärdings-

303 358 333 43 mannabefattning
655 358 89 34 skall
764 359 178 40 tillsättas,
960 359 75 34 före
1054 359 241 43 menighetens
1315 361 56 33 val
1393 361 129 42 avgiva
1540 362 170 42 yttrande
1731 374 58 22 an-

303 412 132 41 gående
459 411 43 34 de
524 411 155 34 sökande
701 413 79 33 med
804 412 211 43 uttryckligt
1037 413 198 42 angivande
1257 413 223 36 beträffande
1502 415 97 42 varje
1621 415 169 40 sökande,

303 464 177 34 huruvida
494 464 252 34 landsfiskalen
762 477 100 22 anser
876 466 131 33 honom
1022 465 80 35 fullt
1116 466 146 43 lämplig
1276 466 54 34 för
1344 466 246 44 befattningen
1607 468 82 34 eller
1704 468 86 34 icke.

301 517 119 43 Syftet
441 518 80 33 med
543 518 115 33 denna
679 518 246 34 bestämmelse
945 519 66 33 har
1032 519 92 34 varit
1147 524 56 29 att
1226 519 109 35 såvitt
1356 520 140 43 möjligt
1517 520 193 44 förebygga
1732 522 57 33 val

304 583 45 21 av
363 582 175 31 personer,
554 584 73 21 som
644 571 76 34 icke
735 572 120 33 kunna
872 572 206 42 godkännas
1097 585 44 21 av
1157 573 261 42 länsstyrelsen.
1435 574 280 34 Bestämmelsen
1730 587 58 21 om

301 624 101 34 detta
416 625 39 33 åt
468 624 252 34 landsfiskalen
736 625 208 42 uppdragna
960 625 391 35 förhandsbedömande
1367 639 46 21 av
1430 627 42 33 de
1489 627 172 34 sökandes
1678 628 110 42 lämp-

303 678 106 42 lighet
427 678 53 33 till
501 677 244 43 befattningen
765 678 99 34 torde
882 678 108 34 också
1009 679 47 33 ha
1075 679 93 34 visat
1189 679 51 43 sig
1259 679 162 34 verksam
1441 679 55 34 för
1515 680 275 43 tillgodoseende

304 744 44 20 av
367 731 153 42 angivna
541 730 102 43 syfte.
662 731 19 33 I
701 732 172 34 avseende
893 732 20 33 å
932 736 224 38 pastoratens
1177 732 269 43 skogsbiträden
1467 733 63 34 bör
1548 734 160 42 tydligen
1730 734 58 34 det

300 784 253 34 motsvarande
568 784 408 35 förhandsbedömandet
994 785 190 34 ankomma
1199 786 47 42 på
1262 785 345 43 stiftsjägmästaren.

346 837 122 43 Enligt
492 837 55 34 för
570 838 224 34 närvarande
818 838 163 42 gällande
1004 839 11 33 i
1041 838 264 34 administrativ
1331 839 150 43 ordning
1506 839 189 35 utfärdade
1721 840 67 34 till-

301 890 417 43 lämpningsföreskrifter
732 891 53 34 till
800 892 66 34 den
882 891 244 35 ecklesiastika
1141 892 341 43 boställsordningen
1496 914 46 4 —
1555 893 232 42 kungörelsen

302 944 66 33 den
386 947 41 30 15
444 943 154 34 februari
616 948 88 30 1935
722 957 43 20 nr
783 948 39 30 19
839 965 45 4 —
901 945 88 33 skall
1007 949 216 38 pastoratets
1241 946 58 33 val
1317 958 45 21 av
1381 946 242 42 skogsbiträde
1642 958 84 22 avse
1746 958 42 21 en

301 996 52 34 tid
368 1009 45 21 av
427 997 105 42 högst
545 998 62 33 två
623 998 39 33 år
677 998 10 33 i
704 998 136 39 sänder,
857 998 63 33 där
936 998 30 42 ej
985 998 276 34 stiftsnämnden
1277 998 54 34 för
1346 998 90 35 visst
1451 998 62 35 fall
1528 999 181 43 medgiver
1724 1012 63 21 un-

299 1050 135 42 dantag
450 1050 79 34 från
546 1049 114 35 denna
677 1051 102 42 regel.
795 1051 77 33 Har
887 1051 276 34 stiftsnämnden
1180 1051 180 43 medgivit,
1378 1057 55 29 att
1451 1053 60 33 val
1528 1064 44 21 av
1590 1052 130 34 sådant
1737 1052 50 34 bi-

301 1103 99 33 träde
421 1104 59 33 må
502 1103 90 43 gälla
612 1103 71 34 tills
706 1103 131 41 vidare,
859 1104 89 33 skall
971 1104 154 34 biträdet
1148 1104 169 34 anställas
1338 1106 81 33 med
1442 1104 170 35 förbehåll
1636 1117 59 22 om
1718 1105 69 34 viss

299 1156 189 42 ömsesidig
515 1156 303 43 uppsägningstid.
845 1157 88 34 Med
962 1157 68 34 den
1058 1170 45 21 av
1130 1157 73 43 mig
1230 1157 187 35 förordade
1444 1158 269 43 omläggningen
1743 1170 44 22 av

300 1209 429 43 anställningsordningen
751 1209 54 34 för
827 1210 187 34 biträdena
1034 1210 102 34 torde
1157 1211 84 33 bäst
1261 1214 313 37 överensstämma,
1598 1216 56 30 att
1677 1211 110 35 stifts-

300 1262 199 34 nämndens
518 1262 168 34 utseende
706 1275 47 22 av
772 1263 69 34 viss
862 1275 127 31 person
1008 1264 53 33 till
1081 1264 65 33 här
1166 1263 329 43 ifrågakommande
1515 1264 163 43 uppdrag
1700 1265 86 34 skall

298 1316 92 41 gälla
414 1316 72 33 tills
512 1316 120 33 vidare
654 1316 83 34 med
761 1320 73 30 rätt
857 1317 21 33 å
903 1320 98 30 ömse
1025 1317 93 33 sidor
1142 1317 55 34 till
1221 1317 223 43 uppsägning
1469 1330 45 21 av
1540 1318 246 43 anställnings-

298 1368 249 35 förhållandet.
568 1369 108 34 Klart
699 1373 39 30 är
760 1369 202 41 emellertid,
987 1374 55 30 att
1064 1370 116 34 denna
1202 1371 316 42 uppsägningsrätt
1539 1371 77 34 icke
1637 1371 74 34 kan
1734 1371 54 34 för

300 1426 226 38 pastoratens
546 1422 53 34 del
622 1422 99 34 bliva
741 1422 56 34 fri.
819 1423 69 34 För
910 1423 61 34 det
992 1422 62 35 fall
1077 1427 56 30 att
1154 1428 164 38 pastorat
1339 1423 116 35 finner
1478 1424 50 43 sig
1549 1424 95 34 hava
1669 1425 117 34 anled-

299 1475 84 43 ning
408 1475 54 34 till
487 1476 222 42 uppsägning
735 1488 46 21 av
806 1476 63 34 sitt
891 1476 259 43 skogsbiträde,
1176 1478 115 33 måste
1316 1477 149 35 sålunda
1492 1477 150 43 givetvis
1671 1479 115 33 såsom

298 1528 259 43 förutsättning
571 1528 54 34 för
638 1529 189 42 åtgärdens
843 1529 162 43 giltighet
1019 1529 225 41 föreskrivas,
1260 1535 55 29 att
1330 1531 265 43 uppsägningen
1613 1544 46 21 av
1676 1531 109 34 stifts-

298 1581 181 34 nämnden
495 1582 215 42 godkännes.
726 1583 74 33 Det
814 1583 107 42 ligger
936 1583 21 33 å
975 1582 110 34 andra
1101 1583 101 34 sidan
1219 1584 11 34 i
1246 1583 124 35 sakens
1388 1588 119 36 natur,
1524 1589 55 29 att
1595 1585 65 34 där
1676 1584 109 34 stifts-

299 1634 180 34 nämnden
500 1634 114 35 finner
631 1635 55 43 sig
704 1635 95 43 själv
815 1636 96 33 hava
933 1636 105 34 orsak
1060 1640 55 30 att
1136 1641 86 38 taga
1243 1637 156 34 initiativ
1420 1637 54 34 till
1496 1638 223 42 uppsägning
1742 1650 44 21 av

299 1687 256 43 skogsbiträde,
573 1700 44 21 en
640 1689 113 34 sådan
775 1692 73 30 rätt
867 1689 65 33 bör
954 1692 127 31 utövas
1103 1690 82 33 med
1208 1694 74 30 stor
1303 1690 206 35 varsamhet
1528 1691 67 34 och
1618 1691 77 34 icke
1718 1691 67 33 till-

299 1740 116 43 gripas
435 1740 57 35 för
512 1746 109 29 annat
641 1741 63 34 fall
726 1745 45 30 än
789 1742 48 34 då
856 1742 176 34 biträdets
1051 1743 184 34 bristande
1255 1743 207 43 lämplighet
1481 1743 55 34 för
1556 1743 148 35 fortsatt
1726 1756 59 22 an-

296 1794 168 43 ställning
485 1794 103 35 blivit
608 1794 97 35 klart
727 1795 206 43 ådagalagd.

342 1847 88 34 Före
454 1847 294 35 stiftshämndens
773 1849 269 34 bestämmande
1066 1862 45 21 av
1135 1849 261 43 skogsbiträdes
1422 1850 130 35 arvode
1577 1851 65 34 bör
1666 1856 119 37 pasto-

300 1905 108 30 ratets
433 1901 169 43 yttrande
625 1901 126 34 härom
775 1902 189 34 inhämtas.
989 1903 77 33 Där
1090 1907 53 30 ett
1167 1908 220 37 gemensamt
1411 1903 139 35 biträde
1574 1904 88 34 skall
1688 1909 96 29 utses

297 1953 56 34 för
372 1955 64 33 två
456 1954 83 34 eller
560 1953 84 35 flera
666 1959 174 38 pastorat,
862 1955 64 33 bör
948 1955 158 43 tydligen
1129 1955 293 35 stiftsnämndens
1445 1957 271 34 bestämmande
1740 1970 45 21 av

300 2007 148 34 arvodet
473 2007 113 34 tillika
611 2007 177 35 innefatta
814 2013 52 29 ett
890 2008 199 43 angivande
1113 2021 46 21 av
1186 2010 68 34 den
1280 2010 54 33 del
1356 2010 127 39 därav,
1507 2009 55 35 för
1586 2010 120 34 vilken
1733 2015 51 30 ett

298 2065 81 29 vart
400 2072 46 21 av
468 2061 43 33 de
528 2061 175 34 särskilda
722 2065 206 38 pastoraten
950 2062 88 33 skall
1058 2062 47 34 ha
1127 2066 56 30 att
1204 2074 114 22 svara.

343 2113 132 34 Därest
501 2113 71 34 vad
595 2113 61 43 jag
681 2114 66 33 här
771 2113 180 44 föreslagit
977 2115 124 33 vinner
1127 2115 271 42 godkännande,
1426 2115 110 35 skulle
1563 2116 221 34 förfarandet

298 2167 59 33 vid
378 2166 293 35 stiftsnhämndens
694 2168 168 33 utseende
884 2180 46 22 av
952 2168 293 43 skogsbiträdena
1266 2169 62 34 hos
1349 2174 207 38 pastoraten
1579 2170 87 34 böra
1687 2170 96 34 bliva

296 2220 148 42 ungefär
461 2220 166 43 följande.
645 2220 284 35 Stiftsnämnden
948 2222 215 33 bestämmer
1179 2223 55 34 till
1254 2234 43 22 en
1314 2223 138 42 början,
1471 2224 11 34 i
1500 2223 118 34 vilken
1638 2224 145 33 omfatt-

299 2272 82 43 ning
399 2274 67 33 och
485 2274 47 42 på
551 2275 69 33 vad
640 2277 75 31 sätt
733 2278 209 38 pastoraten
960 2275 97 34 inom
1072 2275 131 40 stiftet,
1222 2276 80 34 med
1322 2276 141 43 hänsyn
1482 2277 53 33 till
1555 2277 227 34 boställssko-

295 2337 128 31 garnas
448 2327 218 42 belägenhet,
691 2327 101 34 deras
817 2327 130 34 storlek
969 2328 68 34 och
1061 2328 248 34 beskaffenhet
1332 2330 11 33 i
1367 2330 118 42 övrigt
1508 2335 93 29 samt
1626 2330 112 34 andra
1763 2331 20 33 å

296 2378 124 43 frågan
437 2380 215 34 inverkande
669 2380 302 43 omständigheter
988 2381 97 34 skola
1103 2382 10 33 i
1132 2381 540 44 skogsförvaltningshänseende
1692 2396 89 21 sam-

297 2431 178 36 manföras
506 2433 53 34 till
590 2433 144 34 distrikt
764 2434 79 33 med
876 2439 219 37 gemensamt
1126 2435 253 42 skogsbiträde.
1411 2435 116 34 Sedan
1556 2436 141 34 klarhet
1727 2437 53 33 så-

292 2485 115 34 dunda
437 2486 146 34 vunnits
612 2499 61 21 om
704 2486 204 35 biträdenas
938 2487 168 34 blivande
1135 2488 438 43 tjänstgöringsområden,
1605 2489 177 34 infordrar
