1884 2834
296 132 19 31 6
600 130 124 40 Tredje
746 130 244 40 lagutskottets
1013 132 178 32 utlåtande
1211 143 43 21 nr
1274 134 39 30 41
1337 134 39 31 år
1398 135 84 31 1967

455 212 226 35 (Nuvarande
706 213 147 40 lydelse)

296 276 128 30 förbud
440 277 82 29 eller
538 276 132 41 åtgärd,
687 286 121 21 varom
823 277 11 31 i
851 277 18 31 3
888 277 16 38 8
923 278 87 40 sägs,

295 321 88 30 efter
399 322 66 30 vad
481 322 11 30 i
508 322 221 41 vattenlagen
747 323 38 30 är
803 323 147 41 stadgat.

339 411 372 41 Vatteninspektionen
737 413 59 30 må
820 414 65 30 ock
910 414 100 40 eljest

292 457 11 29 i
330 457 126 30 ärende
483 458 178 40 angående
687 459 323 41 vattenförorening

292 502 78 31 föra
396 503 96 30 talan
518 503 63 30 hos
609 504 271 30 vattendomstol
908 505 101 30 även-

295 556 75 21 som
402 549 58 29 vid
494 549 300 40 syneförrättning
828 550 105 40 enligt
970 550 38 30 10

292 592 80 39 kap.
389 593 232 39 vattenlagen.

1226 216 226 41 (Föreslagen
1478 217 146 40 lydelse)

1068 288 57 21 om
1146 279 128 31 förbud
1294 281 83 30 eller
1397 281 132 41 åtgärd,
1550 292 121 21 varom
1692 283 11 30 i
1724 282 18 31 3
1767 282 15 39 8

1069 325 87 39 sägs,
1176 325 88 31 efter
1281 326 67 30 vad
1366 326 11 30 i
1394 327 221 41 vattenlagen
1635 328 38 30 är
1692 329 92 30 stad-

1068 372 67 38 gat.

1109 416 339 31 Naturvårdsverket
1473 417 58 31 må
1556 418 65 31 ock
1646 419 100 40 eljest
1772 419 11 30 i

1068 460 126 30 ärende
1239 461 177 40 angående
1460 463 323 41 vattenförorening

1066 505 77 31 föra
1168 506 96 30 talan
1291 507 63 30 hos
1381 508 271 30 vattendomstol
1681 509 101 30 även-

1067 559 75 21 som
1174 551 59 30 vid
1267 552 299 41 syneförrättning
1599 554 106 40 enligt
1742 554 38 31 10

1065 595 79 40 kap.
1162 597 231 39 vattenlagen.

995 666 17 31 5
1041 666 27 39 8.

335 719 194 40 Konungen
552 720 80 40 äger
654 720 160 30 meddela
836 720 171 31 erforder-

290 763 69 40 liga
388 764 222 31 föreskrifter
640 774 57 21 om
729 766 196 40 skyldighet
956 768 50 28 att

291 809 83 39 göra
405 810 167 29 anmälan
602 810 63 30 hos
699 810 308 41 pvatteninspektio-

289 862 68 20 nen
386 854 10 29 1
426 855 161 34 ärenden,
619 864 74 20 som
721 856 124 30 beröra
873 857 132 29 dennas

289 897 234 31 verksamhet.

1108 723 193 40 Konungen
1325 724 80 40 äger
1427 725 159 30 meddela
1609 725 171 31 erforder-

1063 767 68 40 liga
1161 767 221 31 föreskrifter
1413 778 57 21 om
1501 770 197 40 skyldighet
1729 772 50 29 att

1063 813 83 39 göra
1165 814 165 29 anmälan
1349 814 64 30 hos
1435 814 344 42 tillsynsmyndighet

1062 858 11 28 i
1091 858 161 34 ärenden,
1272 868 75 20 som
1365 859 122 30 beröra
1506 860 77 30 dess
1601 861 178 30 verksam-

1062 901 68 30 het.

992 972 18 31 6
1038 972 27 38 8.

332 1023 128 31 Finnes
493 1025 188 40 anledning
712 1026 53 29 till
797 1027 205 39 antagande,

287 1069 50 29 att
364 1076 124 32 genom
515 1070 233 40 utsläppande
776 1080 43 20 av
845 1072 159 39 avlopps-

285 1114 119 29 vatten
428 1113 81 30 från
533 1114 258 41 tätbebyggelse
815 1115 82 31 eller
923 1116 80 30 från

285 1157 127 36 fabrik,
442 1158 152 40 sjukhus
623 1160 83 29 eller
735 1169 117 21 annan
881 1161 122 29 inrätt-

285 1202 84 40 ning
395 1203 72 29 kan
494 1204 216 39 uppkomma
738 1206 168 29 avsevärd
933 1206 70 30 olä-

286 1248 135 38 genhet,
476 1248 80 39 äger
609 1249 251 40 länsstyrelsen
915 1250 88 40 efter

283 1291 263 42 framställning
570 1303 42 21 av
638 1294 363 41 vatteninspektionen

285 1336 83 30 eller
386 1337 44 29 då
449 1337 99 40 fråga
568 1338 121 30 därom
710 1339 101 39 eljest
831 1340 170 39 uppkom-

283 1390 76 20 mer
374 1380 168 32 förordna
558 1383 151 30 särskild
724 1392 127 31 person
867 1386 50 28 att
933 1385 68 29 till-

284 1435 44 25 se,
359 1427 49 28 att
437 1426 110 30 sådan
574 1428 183 39 olägenhet
786 1428 213 41 förebygges.

283 1470 266 31 Förordnandet
583 1472 58 30 må
674 1482 43 21 av
749 1473 250 41 länsstyrelsen

283 1514 198 31 återkallas.

326 1559 168 31 Närmare
509 1560 263 32 bestämmelser
805 1580 26 4 —
856 1580 27 4 —
908 1581 27 4 —
957 1581 30 4 —
1012 1581 41 4 —

326 1604 205 41 Ersättning
547 1606 53 29 till
616 1624 429 6 ————-————

1103 1028 130 30 Finnes
1265 1029 189 40 anledning
1485 1030 53 29 till
1571 1031 205 40 antagande,

1060 1073 50 29 att
1137 1080 124 32 genom
1288 1074 233 40 utsläppande
1549 1084 43 21 av
1618 1076 160 40 avlopps-

1059 1118 118 29 vatten
1202 1117 80 30 från
1306 1118 256 41 tätbebyggelse
1588 1120 82 30 eller
1696 1120 81 31 från

1060 1161 125 36 fabrik,
1216 1163 151 39 sjukhus
1397 1164 82 30 eller
1507 1174 119 20 annan
1652 1165 124 30 inrätt-

1058 1206 85 40 ning
1169 1207 70 30 kan
1267 1208 216 39 uppkomma
1511 1210 168 30 avsevärd
1706 1210 70 30 olä-

1058 1251 135 39 genhet,
1222 1252 80 40 äger
1329 1253 250 40 länsstyrelsen
1608 1254 167 30 förordna

1058 1296 152 30 särskild
1234 1306 127 31 person
1387 1299 49 29 att
1461 1298 101 36 tillse,
1589 1300 50 29 att
1666 1299 109 31 sådan

1057 1341 182 39 olägenhet
1267 1342 214 40 förebygges.
1509 1344 265 30 Förordnandet

1058 1385 57 29 må
1131 1395 43 20 av
1189 1386 250 40 länsstyrelsen
1456 1387 199 31 återkallas.

1063 1581 45 4 —
1118 1582 45 3 —
1174 1582 45 4 —
1234 1574 42 21 av
1291 1565 260 41 länsstyrelsen.

1061 1610 324 41 vattenförorening
1403 1612 185 40 företagas.

986 1689 73 38 178.

328 1739 371 41 Vatteninspektionen
744 1742 89 39 äger,
877 1743 12 29 i
931 1743 67 30 den

281 1784 83 30 mån
386 1784 54 30 för
463 1785 187 31 utförande
673 1796 42 21 av
737 1787 79 30 dess
838 1787 160 41 uppdrag

281 1828 38 30 så
341 1828 186 36 erfordras,
551 1831 69 29 rätt
643 1832 50 28 att
715 1831 107 30 vinna
843 1832 154 31 tillträde

280 1873 53 29 till
364 1874 117 29 fabrik
513 1875 82 29 eller
626 1885 119 21 annan
776 1877 219 40 anläggning,

280 1926 80 21 vare
380 1918 51 39 sig
449 1919 67 29 den
535 1919 38 30 är
591 1920 11 29 i
620 1919 91 31 bruk
730 1921 82 30 eller
831 1921 43 40 ej,
895 1922 102 30 även-

280 1970 74 21 som
374 1965 50 27 att
444 1963 157 40 företaga
620 1965 305 40 undersökningar
944 1967 52 29 in-

279 2015 57 21 om
354 2007 151 36 område,
526 2017 74 21 som
618 2009 64 30 hör
699 2010 53 29 till
771 2011 225 40 anläggning-

279 2060 52 26 en,
357 2052 82 29 eller
464 2052 20 30 å
510 2062 117 21 annan
652 2054 101 40 plats,
781 2055 63 29 där
870 2056 125 29 under-

279 2096 149 40 sökning
445 2097 72 29 kan
534 2107 84 20 vara
636 2099 215 40 erforderlig.

322 2141 75 29 Vad
425 2151 49 20 nu
504 2143 94 38 sagts
626 2143 89 30 skall
743 2143 132 40 jämväl
904 2145 90 39 gälla

278 2184 341 41 fiskeritjänsteman
649 2188 82 29 eller
760 2197 127 27 annan,
919 2198 75 21 som

275 2229 155 30 biträder
474 2231 373 40 vatteninspektionen,
893 2234 101 30 även-

277 2283 75 21 som
381 2274 108 31 sådan
519 2276 151 31 särskild
697 2277 295 41 tillsyningsman,

278 2327 74 21 som
371 2329 98 21 avses
487 2321 11 29 i
518 2320 18 30 6
557 2321 27 37 8.

1101 1744 358 42 Tillsynsmyndighet
1475 1748 89 39 äger,
1580 1749 11 29 i
1606 1749 67 29 den
1688 1749 83 30 mån

1055 1789 54 30 för
1127 1790 187 31 utförande
1332 1801 42 21 av
1391 1792 78 30 dess
1487 1794 159 39 uppdrag
1664 1794 38 30 så
1720 1804 51 20 er-

1054 1833 148 37 fordras,
1230 1836 69 29 rätt
1327 1837 50 29 att
1403 1837 107 30 vinna
1536 1838 154 30 tillträde
1717 1839 53 30 till

1052 1879 117 29 fabrik
1194 1880 82 30 eller
1301 1890 117 21 annan
1443 1882 220 41 anläggning,
1689 1893 80 20 vare

1054 1923 51 39 sig
1128 1924 67 29 den
1219 1925 38 29 är
1280 1925 12 29 i
1314 1925 91 30 bruk
1429 1926 82 30 eller
1536 1927 43 39 ej,
1605 1928 163 30 ävensom

1052 1969 50 28 att
1139 1968 156 41 företaga
1331 1970 305 41 undersökningar
1673 1973 95 29 inom

1052 2012 151 36 område,
1232 2023 74 20 som
1332 2014 64 30 hör
1422 2015 52 30 till
1502 2016 264 41 anläggningen,

1052 2057 82 29 eller
1161 2057 20 30 å
1209 2067 117 21 annan
1354 2059 101 39 plats,
1485 2060 63 30 där
1577 2061 190 31 undersök-

1051 2102 84 39 ning
1153 2102 71 30 kan
1243 2112 83 21 vara
1345 2104 215 40 erforderlig.

1096 2146 75 30 Vad
1198 2156 48 20 nu
1276 2150 92 37 sagts
1398 2149 89 30 skall
1516 2149 132 40 jämväl
1677 2151 90 39 gälla

1051 2190 341 41 fiskeritjänsteman
1422 2194 82 29 eller
1533 2203 127 27 annan,
1692 2204 73 21 som

1048 2234 154 31 biträder
1225 2236 353 42 tillsynsmyndighet,
1602 2240 164 30 ävensom

1050 2279 109 31 sådan
1187 2281 152 31 särskild
1366 2282 294 41 tillsyningsman,
1691 2294 74 21 som

1051 2333 97 21 avses
1164 2325 11 29 i
1192 2326 18 29 6
1229 2325 27 37 8.

979 2403 74 38 88.

320 2453 214 31 Innehavare
571 2464 43 21 av
651 2457 220 40 anläggning,
912 2458 79 30 från

275 2498 117 30 vilken
410 2499 264 40 avloppsvatten
692 2502 179 40 utsläppes
890 2502 11 30 i
919 2504 73 29 vat-

1093 2459 213 31 Innehavare
1320 2470 43 21 av
1377 2462 216 38 anläggning,
1609 2463 79 31 från
1703 2464 61 30 vil-

1047 2503 68 30 ken
1131 2505 264 39 avloppsvatten
1411 2507 178 39 utsläppes
1604 2508 12 29 i
1631 2510 133 28 vatten-
