2138 2646
716 193 244 46 Lagutskottets
988 193 175 35 Utlåtande
1187 194 61 32 N:o
1270 193 50 33 34.
1761 197 16 27 7

348 283 182 48 SjUkVÅLA
568 310 933 10 ooosseessrsesrrsssreressrsrrrssrrrsr
971 278 18 57 ss
995 278 37 57 srer
1038 278 40 57 sana
1085 278 8 57 r
1095 278 51 57 rens
1152 278 19 57 rr
1174 278 33 57 sne
1223 278 80 57 rerna
1320 278 4 57 r
1330 278 40 57 eran
1380 278 33 57 rer
1419 278 87 57 renen
1535 281 52 34 kr.
1610 281 208 44 9,144,250.

349 337 266 44 Undervisning
642 337 63 34 och
731 335 205 44 uppfostran
973 363 249 6 osm...e.e.eeeeee
1241 362 262 6 seems
1550 346 12 15 >»
1610 333 208 42 6,567,117.

348 388 328 36 Försvarsväsende
704 388 64 33 och
796 387 128 34 allmän
952 387 166 34 säkerhet
1140 413 361 7 ......msmmmususmesnsn
1549 397 11 15 >
1649 384 168 42 106,762.

350 438 75 36 Och
453 439 54 34 för
534 439 175 34 nästlidna
737 435 77 36 året
841 448 84 23 voro
954 437 162 43 samtliga
1144 436 240 43 landstingens
1412 434 148 44 utgifter
1588 433 38 35 af
1647 434 173 34 särskilda

214 493 77 43 slag
319 490 198 36 beräknade
546 490 53 34 till
630 490 196 42 1,810,904
853 489 159 33 kronor.»

350 541 115 36 Sedan
508 541 215 34 motionären
761 539 132 45 jemväl
934 539 144 42 erinrat,
1120 540 54 32 att
1213 537 185 34 befrielsen
1438 534 79 36 från
1556 536 195 44 utgörande
1785 535 39 34 af

215 593 296 44 landstingsskatt
550 592 55 34 för
644 591 94 35 vissa
776 589 400 45 jordbruksfastigheter
1215 588 167 35 utöfvade
1424 590 89 32 stort
1550 587 192 44 inflytande
1776 584 44 46 på

218 644 299 43 skattebeloppen,
551 640 147 37 föreslår
729 642 82 43 han,
841 644 54 31 att
921 640 203 61 Riksdagen
1153 640 82 35 ville
1262 639 54 34 för
1344 639 52 34 sin
1424 638 55 35 del
1507 641 133 41 antaga
1667 637 153 86 följande

218 696 154 35 ändrade
399 695 132 44 lydelse
559 694 39 34 af
622 692 21 47 8
673 695 44 32 47
748 703 98 24 mom.
879 694 19 33 2
927 693 12 33 i'
946 691 269 44 förordningen
1242 701 53 24 om
1323 690 194 44 landsting:

354 745 38 35 »I
420 746 41 34 de
495 745 73 43 fall,
602 742 45 37 då
678 744 77 34 icke
783 741 111 46 några
922 741 131 36 sådana
1081 714 260 76 bestämmelser
1367 741 114 34 finnas
1507 739 213 44 meddelade,
1750 750 70 24 som

220 798 11 33 i
271 795 211 46 föregående
526 806 98 24 mom.
668 795 157 43 omtalas,
855 795 83 33 böra
967 794 41 34 de
1036 793 154 44 afgifter,
1220 803 70 23 som
1319 792 39 34 af
1382 792 215 43 landstinget
1624 768 117 58 blifvit
1767 791 52 34 till

215 848 206 43 uttaxering
448 847 191 42 beslutade,
668 843 86 46 utgå
781 845 11 34 i
819 823 217 56 förhållande
1064 844 54 34 till
1145 845 64 33 den
1245 844 174 33 allmänna
1448 842 236 44 bevillningen
1712 842 109 43 enligt

217 899 82 34 Art.
341 898 48 35 II.
432 897 360 44 bevillningsstadgan
832 895 54 35 för
926 896 71 34 fast
1038 895 164 44 egendom
1245 894 83 34 eller
1362 893 54 34 för
1443 893 153 34 inkomst
1623 892 39 35 af
1686 893 135 43 kapital

217 951 86 33 eller
331 951 136 42 arbete;
498 948 121 35 dervid
646 947 82 35 dock
755 947 183 42 iakttayes:
966 949 49 31 att
1034 943 361 45 jordbruksfastighet,
1410 943 65 43 för
1489 944 133 34 hvilken
1638 943 184 42 bevillning

220 1002 34 41 ej
280 1001 163 43 erlägges,
472 999 89 35 skall
581 997 151 46 påföras
759 997 286 41 landstingsskatt
1071 995 88 44 efter
1187 996 56 34 det
1264 995 125 44 belopp,
1411 1006 78 31 som,
1506 995 114 33 derest
1639 994 183 43 bevillning

208 1052 65 42 för
290 1050 217 44 fastigheten
534 1050 108 34 skulle
674 1049 89 43 utgå,
792 1049 49 43 på
863 1049 118 43 grund
1012 1047 44 42 af
1082 1047 299 43 taxeringsvärdet
1407 1049 66 30 mot
1499 1046 111 33 sådan
1638 1044 184 44 bevillning

218 1114 134 31 svarar,
381 1102 173 34 hvaremot
580 1100 146 35 inkomst
752 1098 45 43 af
819 1100 148 33 arrende
984 1097 66 43 för
1076 1099 111 33 sådan
1204 1096 173 44 fastighet
1404 1098 34 40 ej
1461 1096 88 34 skall
1566 1096 60 34 vid
1640 1096 183 34 åsättande

217 1152 47 44 af
298 1152 285 44 landstingsskatt
624 1155 98 39 tagas
761 1150 13 34 i
814 1149 195 44 beräkning.
1065 1148 117 35 Sedan
1223 1148 92 33 detta
1355 1150 53 41 egt
1446 1158 87 32 rum,
1559 1145 169 44 jemföres
1756 1147 66 33 den

216 1216 143 31 summa,
400 1215 71 23 som
503 1201 45 45 af
571 1202 209 43 landstinget
813 1200 113 43 blifvit
953 1200 53 34 till
1033 1199 195 43 uttaxering
1256 1198 160 42 bestämd,
1443 1198 78 33 med
1548 1198 56 34 det
1630 1197 193 34 uträknade

219 1254 365 45 bevillningsbeloppet,
626 1253 45 34 då
711 1252 52 43 sig
803 1251 104 44 visar,
948 1251 88 34 huru
1067 1251 124 43 många
1219 1254 56 29 öre
1302 1249 168 44 riksmynt
1496 1248 13 34 i
1537 1248 285 43 landstingsskatt

217 1306 117 45 belöpa
375 1306 52 43 sig
461 1305 49 44 på
549 1304 120 42 hvarje
696 1303 147 34 sålunda
871 1300 173 44 befunnen
1070 1301 189 34 riksdalers
1286 1299 183 43 bevillning
1495 1299 91 34 inom
1615 1299 207 43 landstings-

218 1358 162 34 området.
435 1352 100 37 Bråk
562 1354 39 35 af
626 1354 111 35 öretal
764 1354 63 33 bör
853 1353 54 34 till
934 1353 73 34 helt
1034 1355 58 31 öre
1120 1351 131 45 höjas.»

350 1559 254 44 Lagutskottet
631 1558 105 42 hyser
763 1557 11 33 i
802 1557 97 33 detta
927 1559 100 30 ämne
1050 1553 218 35 fortfarande
1287 1564 129 24 samma
1433 1551 102 46 åsigt,
1557 1564 69 23 som
1646 1553 177 34 uttalades

218 1613 11 33 i
263 1611 106 35 ofvan
404 1610 145 34 anförda
583 1605 183 37 utlåtande
793 1606 55 35 till
876 1605 158 35 sistlidna
1062 1603 57 36 års
1146 1604 153 44 riksdag.
1353 1603 73 35 Det
1453 1604 39 34 af
1515 1604 216 34 motionären
1759 1604 65 34 for-

222 1662 177 35 mulerade
426 1661 170 42 förslaget
623 1659 54 34 till
705 1658 133 34 ändrad
865 1657 132 43 lydelse
1025 1655 38 35 af
1088 1654 21 46 $
1139 1657 45 33 47
1213 1656 12 33 i
1251 1654 445 44 landstingsförordningen
1723 1665 103 32 synes

222 1715 133 40 kunna,
384 1712 76 34 med
489 1708 114 46 någon
629 1709 185 45 jemkning
841 1707 39 34 af
903 1706 242 44 redaktionen,
1174 1706 214 44 godkännas.
1430 1705 83 34 Men
1543 1705 10 34 i
1573 1705 252 43 sammanhang

221 1764 77 34 med
326 1762 151 44 ändring
505 1761 39 34 af
567 1760 151 35 nämnda
747 1758 22 46 8
798 1758 187 41 erfordras,
1016 1757 109 44 enligt
1152 1757 191 33 utskottets
1362 1756 150 43 mening,
1530 1756 131 44 jemväl
1677 1756 149 43 ändring

222 1815 39 34 at
284 1813 22 46 8
335 1815 59 42 48,
424 1814 62 33 der
513 1810 182 36 föreskrift
722 1810 174 34 meddelas
924 1819 53 23 om
1005 1807 41 34 de
1074 1807 188 44 uppgifter,
1292 1817 71 24 som
1392 1807 97 33 skola
1510 1806 38 34 af
1566 1806 260 35 vederbörande

220 1866 134 34 lemnas
380 1842 55 56 till
463 1863 143 43 ledning
633 1861 54 35 för
714 1859 358 44 landstingsskattens
1100 1858 270 34 bestämmande.
1413 1856 187 36 Utskottet
1626 1857 201 34 hemställer

220 1915 127 44 derför,

673 1965 54 31 att
766 1961 204 44 Riksdagen
1010 1960 94 43 ville,
1139 1960 76 34 med
1243 1959 269 44 hufvudsakligt
1538 1958 98 35 bifall
1664 1958 54 34 till
1745 1958 83 34 herr

622 2012 46 35 J.-
705 2012 214 35 Rundbäcks
959 2011 231 34 förevarande
1230 2010 141 43 motion,
1413 2010 54 34 för
1507 2009 51 34 sin
1600 2009 54 34 del
1695 2012 131 40 antaga

621 2063 154 44 följande

1114 2129 221 43 Förordning

623 2213 180 47 angående
831 2215 132 34 ändrad
990 2214 132 43 lydelse
1150 2213 38 34 af
1212 2212 22 46 8
1262 2214 45 33 47
1336 2222 100 25 mom.
1468 2213 19 33 2
1516 2212 64 34 och
1607 2211 22 46 8
1657 2214 46 32 48
1717 2206 19 58 i
1731 2210 97 36 för-

624 2267 190 44 ordningen
835 2276 51 24 om
907 2265 177 43 landsting
1112 2264 65 34 den
1206 2265 44 34 21
1280 2273 92 24 mars
1403 2264 105 33 1862.
