1902 2774
240 164 18 29 6
610 163 284 29 Statsutskottets
914 162 179 30 utlåtande
1111 172 43 19 nr
1172 163 19 29 6
1209 163 39 29 år
1268 163 83 29 1966

241 253 61 20 ren
325 253 41 20 av
388 244 121 29 herrar
530 243 203 29 Svanström
757 244 63 28 och
840 243 172 29 Nils-Eric
1035 243 207 35 Gustafsson
1270 243 46 34 (1:
1332 243 79 34 451)
1440 243 65 29 och
1527 244 66 28 den
1616 244 110 29 andra

241 297 94 29 inom
351 297 109 29 andra
476 297 204 29 kammaren
696 306 41 19 av
752 296 119 29 herrar
884 296 201 29 Johansson
1101 297 9 28 i
1125 296 112 36 Växjö
1252 297 64 29 och
1332 296 214 29 Gustavsson
1562 297 10 28 i
1587 296 139 29 Alvesta

245 350 63 33 (II:
325 350 93 34 542),
437 350 10 28 i
465 350 95 29 vilka
578 349 196 30 hemställts
793 351 50 28 att
862 349 185 37 riksdagen
1067 350 8 28 i
1095 349 166 30 skrivelse
1279 349 51 29 till
1350 349 125 37 Kungl.
1495 350 106 35 Maj:t
1619 349 107 30 måtte

240 403 141 29 anhålla
401 412 56 20 om
478 403 187 36 utredning
685 412 41 19 av
747 402 122 37 frågan
890 412 56 19 om
967 402 229 30 överförande
1217 412 41 20 av
1277 403 384 36 vinterväghållningen
1682 402 43 37 på

235 454 40 30 de
296 455 159 30 enskilda
474 456 151 38 vägarna
645 455 51 29 till
717 457 113 28 staten
849 455 106 39 enligt
981 456 5 28 i
1006 456 219 30 motionerna
1245 456 206 39 uppdragna
1470 456 187 39 riktlinjer.

283 508 228 30 Beträffande
533 509 41 29 de
597 509 74 28 skäl
695 509 259 29 motionärerna
976 508 117 30 anfört
1116 509 51 29 till
1191 510 77 28 stöd
1291 509 54 29 för
1368 510 76 28 sina
1466 509 181 36 yrkanden
1670 509 54 29 får

241 562 170 29 utskottet
441 562 148 29 hänvisa
619 562 51 29 till
702 562 218 29 motionerna
952 562 28 28 I:
1000 561 71 35 180,
1103 562 45 28 II:
1165 562 73 35 545,
1271 562 28 28 I:
1316 561 73 36 438,
1422 562 44 28 II:
1484 562 73 34 546,
1590 562 44 29 II:
1650 562 73 33 540,

241 615 45 28 II:
303 614 73 35 539,
391 615 28 28 I:
434 615 75 35 453,
524 615 29 28 I:
571 615 50 35 79,
636 615 44 28 11:
696 615 73 34 534,
785 615 44 29 II:
846 615 58 29 541
922 615 65 29 och
1002 616 45 28 II:
1064 615 73 29 542.

283 720 185 30 Utskottet.
491 721 13 28 I
527 721 76 29 sina
624 721 108 36 petita
755 721 52 29 för
828 722 101 29 nästa
950 721 169 36 budgetår
1140 722 63 28 har
1224 722 79 36 väg-
1325 722 64 29 och
1410 722 314 37 vattenbyggnads-

239 774 168 36 styrelsen
433 774 133 30 lämnat
591 783 41 20 en
658 775 214 36 redogörelse
897 774 54 29 för
975 774 240 37 vägtrafikens
1240 775 199 37 utveckling
1464 776 64 28 och
1553 776 170 36 vägarnas

237 827 167 29 standard
429 829 91 28 samt
543 827 413 37 kostnadsutvecklingen
980 837 45 20 m.
1041 837 43 20 m.
1109 828 94 29 inom
1226 828 298 37 vägunderhållet.
1549 829 174 36 Styrelsen

237 879 65 29 har
323 880 118 29 vidare
462 880 132 30 erinrat
616 890 56 20 om
694 881 66 29 den
783 880 219 30 förestående
1024 881 238 37 revideringen
1285 890 42 20 av
1349 881 139 30 flerårs-
1510 882 65 29 och
1598 881 125 30 fördel-

237 933 274 36 ningsplanerna
538 934 64 29 och
630 934 120 29 därvid
778 934 133 29 lämnat
936 934 94 30 vissa
1057 934 176 37 uppgifter
1261 935 148 29 rörande
1436 935 287 37 investeringsbe-

236 986 103 29 hovet
355 986 10 28 i
381 987 65 28 vad
463 995 101 20 avser
580 987 236 38 riksvägnätet
832 989 90 28 samt
938 988 79 36 väg-
1033 988 65 29 och
1114 988 190 36 gatunäten
1321 988 10 28 i
1348 988 372 30 storstadsområdena.

236 1038 71 30 Mot
328 1039 183 37 bakgrund
533 1040 107 29 härav
660 1040 64 29 har
745 1041 167 36 styrelsen
934 1041 54 29 för
1010 1041 99 30 nästa
1131 1041 168 37 budgetår
1325 1041 186 34 (avseende
1532 1041 190 30 arbetsåret

239 1091 98 34 1967)
363 1092 179 30 hemställt
561 1102 55 20 om
636 1102 42 20 en
697 1093 317 38 medelsanvisning
1034 1103 55 20 om
1108 1094 44 29 bl.
1168 1103 29 22 a.
1218 1094 62 29 670
1300 1094 87 37 milj.
1408 1094 51 30 kr.
1480 1094 55 30 för
1554 1095 65 29 den
1639 1096 83 28 stat-

237 1144 67 37 liga
328 1145 77 36 väg-
429 1145 65 29 och
519 1145 521 37 brobyggnadsverksamheten,
1066 1147 61 29 335
1153 1147 87 37 milj.
1266 1148 51 29 kr.
1342 1147 55 30 för
1420 1147 122 38 bidrag
1566 1148 50 29 till
1642 1148 80 37 byg-

235 1198 112 36 gande
366 1207 41 20 av
425 1199 106 36 vägar
551 1199 64 29 och
634 1201 98 35 gator
752 1200 9 28 i
781 1200 163 29 städerna
964 1203 91 27 samt
1074 1200 61 30 550
1155 1200 87 37 milj.
1263 1201 51 30 kr.
1335 1201 55 29 för
1409 1201 57 29 det
1486 1201 138 37 statliga
1643 1202 78 35 väg-

236 1251 230 30 underhållet.

279 1304 393 36 Departementschefen
693 1306 64 29 har
779 1306 251 37 inledningsvis
1052 1307 177 36 redogjort
1251 1307 54 29 för
1327 1307 56 30 det
1406 1307 155 30 faktiska
1583 1307 138 30 utfallet

234 1365 42 20 av
296 1358 131 29 statens
446 1357 145 37 utgifter
610 1358 54 29 för
682 1359 79 38 väg-
779 1359 64 29 och
862 1359 280 37 gatubyggandet
1161 1360 111 30 under
1291 1360 82 30 åren
1395 1360 216 30 1958-—1954
1631 1362 90 28 samt

234 1409 42 29 de
296 1409 198 31 beräknade
515 1411 190 37 utgifterna
726 1413 110 28 under
856 1412 82 29 åren
961 1413 82 29 1965
1065 1413 63 29 och
1151 1413 83 30 1966
1252 1431 44 3 —
1316 1413 61 30 allt
1397 1414 10 28 i
1428 1413 220 30 förhållande
1668 1414 51 30 till

234 1463 212 36 vägplanens
468 1463 141 38 förslag.
632 1465 115 36 Enligt
768 1466 113 29 denna
903 1466 221 37 redovisning
1145 1467 134 36 uppgår
1300 1467 10 28 i
1330 1467 65 29 vad
1417 1476 100 21 avser
1538 1467 183 37 landsbyg-

234 1515 85 31 dens
342 1517 104 36 vägar
469 1517 67 29 den
559 1517 198 30 beräknade
780 1519 330 37 merinvesteringen
1133 1521 22 28 t.
1171 1529 29 19 o.
1215 1529 44 20 m.
1286 1520 83 30 1966
1392 1520 9 29 i
1425 1519 221 31 förhållande
1668 1520 51 29 till

233 1568 194 37 vägplanen
447 1570 51 29 till
519 1579 40 21 ca
579 1570 63 29 464
661 1571 87 36 milj.
769 1572 62 34 kr.,
851 1572 125 29 medan
997 1572 54 30 för
1072 1573 181 30 städernas
1273 1573 53 29 del
1347 1573 300 37 investeringarna
1665 1573 56 29 be-

234 1621 129 30 räknas
382 1623 233 30 underskrida
634 1624 40 29 de
692 1624 9 29 i
719 1625 193 36 vägplanen
931 1625 188 30 förutsatta
1138 1626 76 29 med
1234 1635 39 21 ca
1294 1626 60 29 193
1372 1626 88 36 milj.
1480 1626 51 30 kr.
1550 1626 64 29 Vid
1632 1626 89 37 jäm-

234 1673 150 30 förelsen
405 1675 112 30 måste
539 1676 88 29 dock
647 1676 144 31 beaktas
812 1680 50 27 att
882 1678 269 40 väghållningen
1173 1679 221 30 beträffande
1416 1688 39 20 ca
1480 1679 93 29 1100
1596 1680 58 28 km
1677 1689 41 20 av

234 1728 181 29 städernas
435 1730 107 36 vägar
562 1730 64 29 och
646 1732 99 35 gator
766 1732 185 38 övertagits
973 1741 42 20 av
1035 1733 113 28 staten
1169 1731 42 30 fr.
1226 1741 29 20 o.
1270 1742 44 22 m.
1335 1733 66 28 den
1426 1733 13 28 1
1462 1732 142 37 januari
1626 1733 94 33 1961,

233 1784 119 29 varför
375 1784 65 29 den
464 1784 150 37 angivna
638 1784 295 37 eftersläpningen
956 1785 64 30 bör
1042 1786 184 29 reduceras
1249 1786 78 29 med
1351 1787 48 29 ett
1422 1786 195 36 betydande
1640 1795 79 20 men

234 1837 75 29 icke
335 1837 162 29 närmare
524 1838 137 35 angivet
686 1837 134 37 belopp,
847 1847 74 19 som
948 1840 195 27 motsvarar
1170 1839 40 29 de
1236 1839 10 29 i
1273 1839 100 29 dessa
1399 1840 105 35 vägar
1531 1840 64 29 och
1621 1841 98 35 gator

233 1889 124 37 gjorda
376 1890 310 36 investeringarna.

277 1943 66 28 För
366 1943 100 29 nästa
488 1943 169 36 budgetår
680 1943 62 29 bör
764 1944 106 36 enligt
892 1944 385 36 departementschefen
1301 1945 164 37 anslagen
1490 1946 51 28 till
1566 1945 40 29 de
1629 1946 89 28 ordi-

232 1996 97 28 narie
351 1996 138 36 statliga
510 1996 365 37 väginvesteringarna
896 1998 54 28 tas
970 2006 72 28 upp
1063 1998 78 28 med
1162 1997 62 29 610
1246 1998 88 36 milj.
1357 1998 50 30 kr.
1430 1997 121 30 Såsom
1573 1998 146 37 tidigare

232 2049 91 28 varit
345 2048 98 31 fallet
464 2048 206 31 förutsättes
693 2050 57 29 det
772 2050 119 29 därvid
915 2049 36 31 få
974 2050 189 30 ankomma
1185 2050 44 37 på
1251 2051 126 37 Kungl.
1401 2051 106 37 Maj:t
1529 2053 50 28 att
1602 2052 115 29 därest

232 2101 402 39 arbetsmarknadsläget
658 2102 37 30 så
718 2103 138 36 medger
879 2103 82 29 eller
983 2103 161 37 påkallar
1166 2103 208 38 bemyndiga
1396 2105 79 36 väg-
1498 2105 65 29 och
1585 2106 133 28 vatten-

229 2154 353 37 byggnadsstyrelsen
602 2156 49 29 att
670 2156 108 29 utöka
797 2155 447 37 byggnadsverksamheten
1264 2158 121 29 utöver
1405 2157 149 37 angivna
1574 2158 144 29 medels-

231 2207 215 37 omslutning
466 2217 42 19 av
529 2208 62 29 610
612 2208 86 36 milj.
720 2209 51 29 kr.
791 2216 122 29 genom
935 2211 51 28 att
1005 2210 111 29 under
1135 2210 204 36 budgetåret
1358 2211 10 28 i
1388 2210 122 37 förväg
1529 2213 80 35 taga
1628 2211 10 29 i
1659 2220 58 20 an-

230 2262 106 36 språk
353 2262 228 37 erforderliga
597 2262 124 37 belopp
737 2272 42 19 av
795 2263 40 28 de
852 2262 108 29 medel
978 2262 44 37 på
1040 2263 40 29 de
1097 2263 427 30 kalenderårsberäknade
1540 2264 176 37 anslagen,

230 2324 75 20 som
323 2316 38 28 är
378 2315 165 30 anvisade
561 2315 54 29 för
632 2315 65 29 den
715 2315 175 30 ordinarie
906 2315 267 30 verksamheten
1191 2316 111 29 under
1319 2316 110 30 andra
1446 2316 158 31 halvåret
1623 2316 93 30 1967.

274 2368 165 36 Anslaget
459 2368 50 29 till
531 2369 56 29 det
607 2368 138 37 statliga
765 2368 286 37 vägunderhållet
1069 2370 53 29 tas
1142 2377 70 28 upp
1232 2370 77 28 med
1330 2369 60 29 527
1412 2369 87 37 milj.
1520 2370 51 29 kr.
1592 2371 124 28 medan

230 2420 54 30 för
306 2422 65 28 den
393 2421 228 30 kommunala
642 2421 268 37 väghållningen
932 2421 173 30 beräknas
1126 2423 48 29 ett
1195 2421 124 38 belopp
1341 2431 42 20 av
1403 2422 39 29 87
1466 2423 88 36 milj.
1576 2423 51 29 kr.
1649 2423 66 28 Till

230 2473 179 39 byggande
428 2474 65 29 och
514 2475 183 29 underhåll
720 2484 41 19 av
781 2474 158 30 enskilda
959 2475 105 36 vägar
1085 2475 172 30 beräknas
1278 2475 41 29 20
1340 2475 87 37 milj.
1450 2475 50 30 kr.
1521 2476 195 36 respektive

230 2526 74 35 42,5
324 2526 87 37 milj.
431 2527 51 32 kr,
