2219 2711
675 291 124 29 Banko-
811 283 178 45 Utskottets
998 288 210 31 Betänkande
1233 288 57 29 N:o
1314 287 49 31 13.
1759 285 15 28 3

220 383 72 35 kan
322 382 32 48 ej
383 381 115 36 heller
527 379 192 36 Utskottet
746 377 55 37 för
828 378 57 35 sin
915 376 59 37 del
1002 376 195 49 upptäcka.
1251 375 143 36 Varder
1421 374 101 36 detta
1551 378 105 45 mynt
1674 372 58 37 för
1749 373 69 35 all-

221 433 197 36 mänheten
457 431 186 49 begärligt
682 430 67 35 och
777 429 169 36 kommer
973 428 57 36 till
1058 430 121 43 någon
1209 426 203 37 vidsträckt
1440 425 239 48 användning
1706 424 12 35 i
1746 426 72 35 den

220 484 149 48 dagliga
408 483 178 42 rörelsen,
626 484 39 33 så
698 481 99 35 visar
824 479 132 36 sådant
985 479 90 36 allra
1103 478 90 43 bäst,
1223 483 55 31 att
1305 476 284 37 statsmakterna
1617 476 55 35 till
1702 481 115 32 mötes

217 537 81 45 gått
337 540 57 30 ett
435 531 121 45 behof,
598 531 67 36 och
709 530 71 36 den
822 529 169 45 kostnad,
1020 542 76 23 som
1126 528 269 49 myntstyckets
1424 527 168 48 prägling
1620 527 129 44 vållar,
1778 534 40 28 är

221 585 47 36 då
308 585 78 36 helt
414 584 92 36 visst
532 583 79 36 icke
641 583 62 35 illa
731 581 157 37 använd.
942 580 123 37 Skulle
1093 579 64 36 det
1190 583 88 40 åter,
1307 582 118 32 såsom
1457 590 84 23 man
1570 576 38 37 af
1634 577 62 37 det
1724 577 94 37 före-

219 637 128 47 slagna
388 640 164 45 myntets
592 635 104 45 ringa
735 632 138 36 storlek
906 631 126 36 kunde
1060 631 207 36 föranledas
1295 629 136 44 befara,
1459 629 79 35 visa
1565 629 66 46 sig,
1660 634 55 30 att
1741 629 77 36 detr-

220 700 140 23 samma
400 686 82 36 icke
517 685 70 35 kan
617 684 140 36 erhålla
784 690 118 29 större
932 682 194 48 spridning
1154 681 66 36 hos
1251 680 261 43 allmänheten,
1540 682 39 33 så
1606 680 214 36 inskränkes

220 737 157 37 dermed
418 736 239 48 naturligtvis
686 734 83 37 dess
799 734 181 48 prägling,
1009 733 67 36 och
1104 732 225 37 statsverket
1355 732 173 46 besparas
1557 730 72 36 den
1659 730 160 37 kostnad

221 788 122 37 denna
384 786 161 37 befarats
588 787 146 34 komma
774 790 55 31 att
872 785 108 35 vålla.
1034 783 83 37 Men
1145 782 131 49 sjelfva
1303 782 174 36 tillvaron
1506 780 39 37 af
1571 781 104 36 detta
1705 787 115 43 mynt,

220 852 79 24 som
342 838 62 38 vid
446 837 113 37 behof
583 838 69 35 kan
681 842 135 30 ersätta
844 835 117 36 andra
990 835 130 36 hittills
1149 834 109 48 öfliga
1288 831 368 49 omsättningsmedel
1686 831 38 37 af
1749 833 69 35 lik-

221 889 122 37 nande
384 889 113 44 valör,
539 888 224 36 åtminstone
801 887 10 34 i
852 886 69 35 den
962 890 84 31 mån
1089 886 67 34 och
1196 888 41 33 så
1263 885 109 45 länge
1401 896 80 23 som
1510 883 246 36 allmänheten
1786 884 33 47 ej

221 942 71 35 kan
320 948 91 41 göra
450 940 57 49 sig
535 939 187 48 förtrogen
752 936 85 38 med
865 937 238 47 användning
1131 935 39 37 af
1194 935 353 47 silfverskiljemynt,
1575 934 141 35 lemnar
1744 934 75 48 lag-

221 991 170 37 stiftaren
418 992 157 35 likasom
606 989 109 36 friare
744 988 140 36 händer
913 993 54 31 att
996 987 93 37 efter
1118 987 176 36 behofvet
1322 985 117 36 ordna
1455 985 144 35 landets
1615 986 205 46 penninge-

221 1051 122 37 väsen,
372 1043 66 35 och
466 1042 72 36 kan
568 1040 138 44 derför,
735 1039 93 36 efter
855 1038 212 37 Utskottets
1095 1038 247 48 uppfattning,
1370 1036 130 36 endast
1515 1048 86 23 vara
1622 1036 198 35 önskvärd.

359 1093 55 36 En
443 1105 121 24 annan
593 1091 104 49 fråga
725 1099 50 37 är,
806 1090 181 36 huruvida
1015 1089 151 46 Sverige
1196 1089 84 36 med
1309 1089 140 46 hänsyn
1465 1087 56 36 till
1537 1086 206 36 bestående
1759 1100 62 35 ge-

222 1145 236 36 mensamhet
496 1144 11 34 i
545 1141 284 50 myntväsendet
857 1140 85 37 med
970 1140 249 48 grannlandet
1247 1139 188 36 Danmark
1464 1137 78 43 och,
1570 1140 120 32 såsom
1719 1143 103 30 snart

222 1195 109 37 torde
364 1208 87 24 vara
485 1200 56 30 att
568 1194 183 43 förvänta,
782 1191 106 37 äfven
918 1191 82 36 med
1029 1191 138 46 Norge,
1196 1191 69 35 kan
1294 1202 104 24 anses
1428 1201 68 34 ega
1523 1187 208 49 fullkomlig
1758 1186 63 37 fri-

221 1246 65 36 het
313 1251 55 31 att
396 1245 149 36 besluta
572 1244 172 48 prägling
772 1243 38 36 af
835 1248 52 30 ett
915 1241 131 36 sådant
1074 1243 9 33 i
1113 1242 183 47 ingången
1315 1239 223 36 konvention
1554 1239 29 46 ej
1602 1238 220 36 omnämndt

222 1303 119 42 mynt.
395 1295 15 36 I
451 1295 116 36 likhet
607 1294 82 36 med
731 1295 229 34 motionären
995 1293 67 35 och
1092 1292 85 36 med
1205 1290 233 48 fullmäktige
1468 1302 106 23 anser
1602 1289 219 47 visserligen

223 1347 203 44 Utskottet,
460 1352 55 30 att
547 1345 131 48 sjelfva
707 1345 200 46 ordalagen
937 1344 10 34 i
976 1343 70 37 den
1074 1343 86 36 med
1188 1341 188 37 Danmark
1404 1341 185 47 ingångna
1618 1340 204 47 myntkon-

223 1399 196 35 ventionen
449 1396 39 37 af
513 1397 70 35 den
613 1398 45 34 30
688 1396 71 43 Maj
793 1396 92 35 1873
914 1395 78 35 icke
1021 1395 193 44 rättsligen
1243 1392 190 36 förhindra
1460 1390 152 47 Sverige
1648 1397 54 29 att
1716 1398 106 28 utom

225 1449 45 36 de
299 1455 136 30 tvänne
463 1447 57 37 för
549 1447 45 36 de
622 1448 118 48 begge
769 1446 173 36 länderna
969 1456 309 36 »gemensamma»
1306 1442 211 49 guldmynt,
1546 1454 78 23 som
1654 1442 169 35 konven-

223 1500 126 36 tionen
381 1506 229 36 omnämner,
637 1497 58 36 för
722 1510 91 34 egen
842 1497 155 46 räkning
1025 1496 127 48 prägla
1180 1501 55 29 ett
1263 1494 117 47 tredje
1409 1492 200 49 guldmynt
1638 1492 37 35 af
1701 1505 121 23 annan

224 1551 114 36 valör.
392 1549 81 37 Men
503 1556 105 29 utom
638 1548 61 36 det
726 1554 53 30 att
807 1546 127 49 sjelfva
962 1550 62 32 det
1050 1559 135 35 genom
1216 1544 274 37 konventionen
1519 1544 214 47 uppkomna
1751 1542 72 36 för-

222 1601 192 37 hållandet
455 1601 132 35 mellan
629 1600 128 35 rikena
797 1605 68 42 gör
905 1598 62 35 det
1008 1598 53 35 till
1104 1610 43 23 en
1188 1595 336 49 granlagenhetens
1554 1595 95 47 pligt
1678 1600 55 29 att
1762 1606 60 22 om

223 1653 138 35 sådana
403 1657 102 30 utom
542 1651 296 35 konventionens
877 1649 191 35 råmärken
1109 1647 150 36 afsedda
1299 1645 259 47 förändringar
1599 1646 11 33 1
1639 1645 64 35 det
1730 1656 94 36 egna

225 1707 285 46 myntsystemet
539 1701 216 36 underrätta
783 1701 69 35 den
882 1698 295 37 kontraherande
1207 1702 119 32 staten
1355 1696 81 43 och,
1465 1696 56 35 till
1551 1695 73 36 den
1639 1694 100 37 kraft
1756 1694 66 36 och

223 1754 140 36 verkan
406 1753 44 36 de
478 1753 126 35 kunna
632 1765 81 33 ega,
741 1752 168 36 inhemta
937 1750 83 36 dess
1048 1750 134 47 åsigter
1211 1761 57 23 om
1297 1747 197 43 desamma,
1522 1759 109 35 synes
1660 1745 62 36 det
1754 1744 68 36 Ut-

223 1807 149 43 skottet,
413 1817 78 24 som
529 1816 59 23 om
631 1805 63 34 vår
734 1816 93 35 egen
868 1801 119 37 fördel
1021 1801 84 35 bäst
1138 1800 120 36 skulle
1288 1798 113 36 varda
1429 1798 54 35 till
1511 1797 96 48 godo
1636 1796 101 44 sedd,
1764 1808 60 23 om

224 1869 137 34 genom
402 1858 121 44 någon
563 1853 374 37 öfverenskommelse
979 1852 83 35 med
1102 1849 249 50 grannlandet
1379 1848 223 36 åtminstone
1632 1846 126 37 kunde
1787 1849 37 33 åt

226 1907 63 36 det
316 1919 72 37 nya
417 1911 115 43 mynt,
560 1918 77 22 som
665 1903 58 37 för
749 1903 170 47 Sveriges
948 1915 91 34 egen
1065 1902 158 47 räkning
1252 1901 120 35 allena
1400 1899 131 36 varder
1558 1897 183 49 prägladt,
1760 1898 63 35 be-

225 1956 107 37 redas
372 1957 153 47 omlopp
569 1960 88 31 utan
699 1954 296 46 kursberäkning
1035 1952 106 36 äfven
1170 1953 10 34 i
1209 1950 256 50 grannlandet,
1495 1949 83 36 med
1608 1949 142 36 hvilket
1779 1960 44 23 en

226 2011 39 32 så
294 2013 79 30 stor
400 2006 60 37 del
489 2006 40 36 af
552 2009 66 32 vår
645 2005 218 47 befolkning
889 2007 79 33 står
995 2004 10 34 i
1033 2003 94 47 liflig
1154 2001 230 37 samfärdsel.

364 2057 15 36 I
413 2056 164 49 enlighet
604 2056 83 36 med
717 2056 98 35 hvad
844 2056 66 34 här
927 2054 108 36 ofvan
1051 2061 39 28 är
1105 2052 158 44 anfördt,
1278 2051 56 37 får
1350 2051 193 36 Utskottet
1557 2050 197 48 tillstyrka,
1771 2055 54 30 att

625 2106 214 47 Riksdagen
867 2106 84 35 ville
979 2106 10 34 i
1018 2104 230 46 underdånig
1267 2102 189 37 skrifvelse
1477 2102 64 35 hos
1558 2101 133 46 Kongl.
1710 2101 113 46 Maj:t,

627 2157 84 36 med
740 2155 366 47 tillkännagifvande,
1134 2161 55 29 att
1217 2153 215 48 Riksdagen
1459 2152 57 36 för
1544 2153 56 35 sin
1626 2152 60 36 del
1701 2152 122 35 finner

627 2207 215 44 önskvärdt,
872 2212 54 30 att
955 2211 53 31 ett
1037 2206 234 49 myntstycke
1298 2206 10 33 i
1328 2204 89 48 guld
1435 2207 20 32 å
1471 2203 71 36 fem
1558 2204 137 34 kronor
1709 2205 115 33 måtte

625 2259 143 48 präglas
796 2257 92 37 efter
916 2270 138 23 samma
1081 2256 166 48 grunder
1273 2256 12 35 i
1313 2254 104 48 fråga
1445 2267 59 23 om
1535 2254 78 36 halt
1640 2254 67 35 och
1730 2253 91 48 vigt,

626 2323 80 22 som
734 2309 99 48 gälla
860 2308 58 36 för
946 2309 73 35 tio-
1048 2308 67 35 och
1130 2305 443 50 tjugo-krone-styckena,
1588 2310 95 30 samt
1697 2304 58 36 till
1770 2306 55 33 så-

627 2361 71 35 dan
727 2360 148 43 storlek,
905 2364 53 30 att
986 2358 61 35 det
1075 2359 60 35 väl
1163 2358 72 34 kan
1264 2357 128 46 skiljas
1419 2356 83 35 från
1530 2361 166 30 närmast
1711 2356 115 45 högre
