1916 2846
503 137 115 30 Andra
644 137 239 37 lagutskottets
909 137 174 30 utlåtande
1109 137 48 30 Nr
1180 139 51 29 58.
1581 131 39 30 35

116 228 148 29 srupper
287 222 85 29 efter
395 223 66 29 den
485 221 194 37 skiljelinje,
706 232 74 20 som
804 223 184 29 betecknas
1012 232 41 20 av
1088 221 469 31 kollektivavtalet.
1605 220 13 29 I

113 263 64 30 den
200 263 83 31 mån
304 263 320 31 rättsförhållandet
646 266 128 28 mellan
795 265 230 35 arbetsgivare
1046 266 64 28 och
1134 265 232 34 arbetstagare
1388 265 38 28 är
1448 264 81 29 eller
1550 263 66 29 blir

113 307 144 34 reglerat
278 307 10 29 i
310 307 114 29 denna
446 308 90 28 form
559 306 141 31 komma
724 307 41 29 de
786 307 195 35 föreslagna
1003 308 141 34 lagarna
1167 307 9 29 i
1201 306 109 36 själva
1332 306 116 29 verket
1470 306 75 29 icke
1567 307 48 27 att

113 348 99 36 bryta
238 358 42 20 en
306 348 108 30 sådan
439 349 146 35 ordning
611 349 81 29 eller
716 352 49 26 att
790 349 201 29 överhuvud
1016 349 134 35 ingripa
1175 348 46 36 på
1246 349 91 29 detta
1363 346 151 36 område,
1541 356 74 20 som

113 390 54 30 för
189 391 110 36 övrigt
323 392 86 29 även
433 400 122 26 genom
579 391 149 29 särskild
750 391 214 36 lagstiftning
988 390 135 31 erhållit
1147 391 53 29 sin
1223 390 248 36 självständiga
1494 390 89 35 plats
1606 389 10 29 i

113 435 259 34 rättssystemet.
417 434 98 29 Inom
546 433 191 30 industrien
767 434 63 29 och
861 434 56 29 det
946 433 167 36 egentliga
1142 433 263 35 kroppsarbetet
1434 433 38 29 är
1503 433 112 29 denna

113 476 203 29 avtalsform
335 485 144 20 numera
498 476 65 29 den
582 475 133 36 avgjort
733 475 264 30 förhärskande.
1027 475 66 30 För
1111 476 41 29 de
1169 476 126 28 talrika
1314 475 65 29 och
1397 474 218 30 sinsemellan

113 518 73 30 ofta
205 518 192 30 olikartade
417 527 149 27 grupper
587 527 41 20 av
648 518 243 36 arbetstagare,
912 518 92 29 vilka
1024 518 101 35 pläga
1145 517 266 30 sammanfattas
1431 517 110 29 under
1561 516 55 30 be-

109 561 207 37 teckningen
369 560 416 35 privatanställda,
804 561 62 28 har
884 561 155 28 däremot
1056 559 293 30 kollektivavtalet
1367 560 173 34 knappast
1558 559 58 28 än-

113 612 46 20 nu
182 603 146 30 kommit
350 603 50 30 till
423 602 113 36 någon
560 604 106 29 större
690 603 232 35 användning.
959 602 76 30 Med
1057 603 137 35 hänsyn
1216 602 50 29 till
1289 601 239 36 anställnings-
1552 600 64 30 och

110 645 401 31 arbetsförhållandenas
533 646 174 29 skiftande
730 648 101 26 natur
853 646 68 28 kan
943 646 55 28 det
1019 662 42 3 —
1085 648 114 26 såsom
1221 645 65 29 den
1310 643 234 36 föreliggande
1565 645 51 27 ut-

114 688 189 35 redningen
331 691 159 32 nogsamt
516 688 178 35 bestyrker
720 707 44 2 —
790 687 30 36 ej
850 688 106 29 heller
983 688 187 33 förväntas,
1199 689 50 27 att
1276 686 95 30 inom
1398 688 46 27 ett
1472 685 37 30 så
1537 685 80 35 föga

114 733 152 27 ensartat
294 729 142 31 område
465 730 293 30 kollektivavtalet
787 730 185 29 framdeles
1003 730 86 29 skall
1119 728 132 30 erhålla
1281 737 134 21 samma
1443 727 174 36 betydelse

115 782 74 20 som
217 773 56 29 det
298 773 107 29 redan
432 774 80 34 äger
538 772 53 30 för
617 772 316 35 kroppsarbetarna
960 772 65 29 och
1051 771 79 30 med
1157 771 78 29 dem
1262 771 154 28 närmast
1442 769 175 30 likställda

114 815 242 36 arbetstagare.
397 814 116 30 Härav
542 814 111 36 följer,
683 817 49 26 att
760 814 333 35 förutsättningarna
1122 813 54 29 för
1205 816 48 27 att
1281 812 187 36 lämpligen
1498 812 118 29 kunna

109 857 204 36 genomföra
335 867 41 20 en
402 857 213 36 lagstiftning
641 866 42 20 av
709 857 56 29 det
792 855 151 30 innehåll
967 865 73 20 som
1064 856 63 29 här
1152 854 143 30 föreslås
1319 854 108 30 måste
1451 854 165 29 bedömas

114 900 124 29 främst
261 910 40 19 ur
324 900 222 35 synpunkten
570 909 41 20 av
636 899 76 30 dess
735 898 167 30 inverkan
924 897 45 37 på
992 899 41 29 de
1055 897 305 37 privatanställdas
1384 896 161 36 ställning
1567 896 50 29 till

119 942 268 35 arbetsgivarna.
435 942 13 29 I
482 941 93 30 detta
606 941 169 29 avseende
807 941 158 29 beträder
998 940 260 36 lagstiftningen
1291 939 118 29 hittills
1442 938 175 36 oprövade

114 985 118 34 vägar;
255 984 54 30 för
329 984 56 30 det
405 983 151 36 område,
578 993 73 20 som
673 982 190 30 behärskas
884 992 41 20 av
947 982 303 35 kollektivavtalet,
1272 981 124 36 bjuder
1417 981 76 36 den,
1515 980 101 36 prak-

115 1027 82 29 tiskt
224 1030 72 32 sett,
324 1027 80 35 föga
429 1029 84 33 nytt.

159 1068 64 31 Det
258 1078 47 20 nu
340 1068 106 36 sagda
482 1069 78 34 äger
596 1068 51 29 sin
673 1067 87 30 fulla
783 1067 219 35 tillämpning
1027 1065 19 31 å
1071 1066 66 30 den
1161 1066 55 29 del
1240 1075 42 20 av
1306 1065 310 36 lagstiftningspro-

115 1112 135 34 blemet,
280 1111 115 29 vilken
422 1120 97 20 avses
549 1110 9 29 i
587 1110 56 29 det
673 1108 171 37 lagrådets
871 1109 212 36 granskning
1111 1108 237 30 underställda
1377 1108 163 35 förslaget
1567 1107 50 29 till

115 1154 53 35 lag
189 1163 58 20 om
267 1153 188 35 förenings-
478 1153 65 29 och
562 1152 321 35 förhandlingsrätt.
917 1151 115 36 Enligt
1051 1150 398 36 departementschefens
1470 1149 147 30 uttalan-

115 1196 41 30 de
179 1196 63 29 har
263 1195 54 30 för
339 1196 41 29 de
401 1203 124 28 genom
548 1194 258 30 kollektivavtal
828 1194 173 35 reglerade
1023 1192 382 30 arbetsförhållandena
1428 1192 190 35 förenings-

115 1239 129 29 rättens
272 1237 162 36 formliga
463 1237 216 35 lagfästande
707 1236 174 36 betydelse
909 1236 121 29 endast
1057 1245 41 20 ur
1125 1235 193 35 principiell
1347 1234 177 36 synpunkt
1552 1233 65 30 och

112 1280 115 31 såsom
249 1280 199 36 nödvändig
472 1280 167 36 grundval
664 1280 55 28 för
741 1288 43 20 en
807 1278 213 36 lagstiftning
1043 1287 57 20 om
1125 1276 321 37 förhandlingsrätt.
1472 1276 78 29 Men
1575 1274 44 31 då

115 1324 87 29 även
227 1323 113 29 denna
365 1332 119 20 senare
509 1323 66 29 rätt
600 1323 37 28 är
661 1320 46 37 på
730 1321 311 30 kollektivavtalets
1066 1321 64 35 väg
1154 1320 133 29 erkänd
1310 1319 65 30 och
1402 1318 216 36 genomförd,

114 1365 163 35 erbjuder
299 1365 30 36 ej
355 1366 106 28 heller
483 1364 10 30 i
516 1364 91 30 detta
629 1364 168 29 avseende
820 1364 65 29 den
909 1363 195 35 föreslagna
1126 1361 259 36 lagstiftningen
1407 1360 211 36 väsentligen

115 1416 117 21 annan
255 1407 105 36 nyhet
382 1408 45 29 än
451 1406 91 30 vissa
564 1406 258 29 bestämmelser
844 1415 58 20 om
924 1404 391 36 förhandlingsordning
1338 1403 65 30 och
1427 1412 57 20 om
1506 1403 111 29 makt-

115 1451 112 29 medel
257 1450 54 29 för
340 1449 279 35 framtvingande
649 1457 41 20 av
721 1447 233 35 förhandling.
994 1447 66 29 För
1090 1447 41 29 de
1161 1445 305 36 privatanställdas
1496 1445 54 29 del
1579 1445 38 29 är

116 1493 88 35 läget
225 1495 47 27 ett
295 1495 116 26 annat.
447 1490 70 30 Där
539 1491 126 29 saknas
687 1509 43 3 —
752 1490 9 29 i
784 1489 95 35 varje
901 1489 61 29 fall
984 1489 10 29 i
1018 1488 217 29 närvarande
1258 1488 48 29 tid
1391 1487 10 29 i
1423 1486 195 37 betydande

115 1533 82 30 mån
221 1534 107 29 redan
352 1534 41 34 de
416 1535 88 34 yttre
527 1531 334 36 förutsättningarna
885 1531 54 29 för
962 1533 48 27 att
1034 1531 98 29 dessa
1156 1530 198 35 rättigheter
1378 1529 98 29 skola
1499 1529 119 29 kunna

115 1578 100 34 göras
243 1576 159 35 gällande
431 1574 44 36 på
503 1575 55 29 det
585 1575 65 28 sätt
679 1573 163 36 förslaget
870 1582 106 20 avser.
1016 1573 137 29 Varken
1181 1572 80 29 med
1288 1571 330 35 fackföreningarna

115 1618 200 35 jämförliga
338 1617 272 35 organisationer
632 1617 80 28 eller
734 1615 54 30 för
811 1616 107 29 större
940 1615 171 34 enhetliga
1133 1622 150 27 grupper
1305 1613 199 35 likformiga
1528 1613 89 29 löne-

116 1663 127 33 system
267 1662 60 28 äro
350 1660 9 29 i
384 1659 243 29 motsvarande
651 1657 239 36 utsträckning
914 1657 54 29 för
991 1657 148 32 handen,
1165 1656 65 29 och
1255 1655 148 30 framför
1427 1655 60 29 allt
1510 1653 108 31 måste

115 1703 80 29 med
213 1703 135 35 hänsyn
368 1702 50 29 till
438 1701 146 29 arbetets
603 1701 65 29 och
687 1699 290 36 tjänstgöringens
996 1701 53 27 art
1067 1698 113 30 städse
1199 1698 116 29 finnas
1333 1700 45 27 ett
1397 1696 94 36 långt
1511 1697 107 29 större

116 1749 173 32 utrymme
315 1744 53 30 för
395 1743 223 30 individuella
644 1743 91 29 avtal
761 1743 65 29 och
852 1742 229 35 uppgörelser.

161 1786 91 30 Från
277 1787 130 29 allmän
432 1785 412 35 lagstiftningssynpunkt
870 1785 87 28 lärer
983 1784 55 29 det
1064 1782 205 36 näppeligen
1295 1782 119 29 kunna
1439 1781 179 33 bestridas,

117 1833 47 26 att
188 1830 79 28 med
291 1830 136 34 hänsyn
449 1828 50 29 till
524 1829 132 28 ämnets
680 1830 102 26 natur
804 1827 56 29 det
884 1826 108 29 skulle
1015 1825 87 29 varit
1125 1825 51 29 till
1199 1824 194 36 betydande
1416 1823 121 34 fördel,
1562 1832 57 20 om

116 1871 224 29 kommitténs
366 1870 91 30 båda
483 1870 127 34 förslag
637 1869 134 29 kunnat
795 1871 170 32 upptagas
991 1867 49 29 till
1067 1866 114 35 slutlig
1207 1866 211 35 behandling
1444 1865 174 34 samtidigt

116 1914 80 29 eller
217 1914 9 28 i
248 1915 105 27 annat
374 1913 61 28 fall
455 1912 78 29 med
555 1911 172 29 företräde
748 1910 55 29 för
824 1910 162 34 förslaget
1004 1909 52 29 till
1075 1910 54 34 lag
1151 1918 57 19 om
1228 1908 217 29 arbetsavtal.
1483 1907 136 29 Arbetet

117 1956 54 29 för
199 1965 41 20 en
269 1954 134 35 lösning
431 1963 42 20 av
502 1954 111 29 denna
642 1951 371 36 lagstiftningsuppgift
1040 1951 63 28 har
1132 1950 107 29 redan
1267 1950 124 29 hunnit
1420 1948 103 36 långt,
1553 1948 65 29 och

117 1997 185 35 anledning
323 2005 99 26 synes
445 1995 30 35 ej
499 1995 163 34 förelivga
682 1994 49 29 till
753 1993 204 35 antagande,
979 1995 48 27 att
1049 1993 74 29 icke
1144 1992 92 29 detta
1257 1992 115 29 arbete
1393 1991 157 29 kommer
1571 1992 48 27 att

117 2039 116 30 vidare
258 2038 180 35 fullföljas.
474 2037 113 35 Enligt
610 2035 170 36 lagrådets
803 2035 222 35 uppfattning
1048 2035 61 28 bör
1134 2034 73 29 icke
1230 2036 83 27 utan
1336 2033 185 34 tvingande
1544 2032 76 29 skäl

116 2091 41 20 en
182 2083 54 34 lag
259 2091 56 20 om
340 2080 189 35 förenings-
554 2080 64 28 och
642 2078 311 34 förhandlingsrätt
977 2086 41 20 av
1042 2077 63 29 här
1129 2076 138 35 åsyftad
1291 2075 166 29 räckvidd
1481 2083 136 26 genom-

118 2125 103 32 föras,
255 2124 107 28 innan
393 2122 122 34 frågan
545 2131 55 20 om
631 2130 43 20 en
704 2119 336 35 avtalslagstiftning,
1071 2128 74 20 som
1176 2118 149 34 allsidigt
1355 2117 193 30 behandlar
1578 2116 40 30 de

116 2165 305 36 privatanställdas
445 2162 258 36 rättsställning,
727 2163 134 28 kunnat
883 2162 134 34 prövas.

162 2208 110 29 Bland
312 2206 192 30 omstridda
543 2205 169 35 spörsmål
743 2204 93 29 inom
866 2202 257 35 lagstiftningen
1153 2202 147 28 rörande
1330 2201 289 34 föreningsrätten

116 2250 115 28 träder
254 2248 207 34 ovillkorligt
485 2247 8 29 i
517 2246 212 35 förgrunden
752 2246 64 28 den
842 2245 128 34 viktiga
993 2243 107 35 fråga,
1125 2253 74 19 som
1223 2243 187 34 korteligen
1434 2243 185 28 betecknas

118 2294 112 25 såsom
257 2290 111 35 skydd
393 2293 70 25 mot
487 2287 366 35 organisalionstväng.
891 2286 62 29 Det
978 2285 217 30 remitterade
1220 2285 162 33 förslaget
1407 2285 63 28 har
1495 2284 6 28 i
1527 2284 91 29 detta

117 2333 169 28 avseende
309 2331 120 34 intagit
453 2340 41 19 en
518 2329 224 34 ståndpunkt,
768 2338 72 19 som
865 2329 37 27 är
927 2329 139 27 motsatt
1091 2326 223 29 kommitténs
1338 2326 65 28 och
1427 2335 74 19 som
1526 2325 92 29 inne-

118 2375 71 34 bär,
211 2377 47 26 att
279 2373 257 29 bestämmelser
557 2372 7 28 i
585 2371 92 29 detta
697 2372 101 27 ämne
819 2370 73 28 icke
914 2369 83 28 böra
1018 2367 77 35 ingå
1116 2368 6 28 i
1146 2369 106 32 lagen.
1287 2367 88 29 Utan
1395 2369 49 27 att
1465 2375 154 26 upprepa

117 2418 80 28 eller
225 2416 158 29 närmare
408 2414 157 29 utveckla
590 2413 118 28 skälen
734 2410 167 36 åberopar
927 2410 151 34 lagrådet
1102 2410 41 28 de
1169 2409 210 34 uttalanden,
1405 2418 73 19 som
1504 2409 114 28 härut-

119 2460 105 28 innan
249 2458 136 34 gjordes
412 2466 40 18 av
481 2454 148 35 lagrådet
655 2454 56 28 vid
737 2452 208 34 behandling
972 2461 41 20 av
1039 2451 128 35 förslag
1194 2451 46 28 till
1268 2451 51 34 lag
1345 2460 55 19 om
1427 2450 88 29 vissa
1540 2450 78 29 eko-
