1888 2850
474 189 128 34 Första
627 190 261 43 lagutskottets
912 192 192 35 utlåtande
1129 194 55 33 Nr
1206 197 54 30 30.
1574 199 40 30 17

1378 275 125 42 Bilaga
1528 276 40 33 E.

121 312 123 26 LUNDS
265 314 253 27 DOMKAPITEL.

347 474 68 34 Till
437 474 202 44 riksdagens
660 475 111 35 första
792 477 211 43 lagutskott.

164 569 139 36 Genom
323 571 106 43 nådig
447 572 120 35 remiss
587 573 67 34 den
674 577 43 30 24
735 573 155 36 februari
912 578 88 31 1939
1019 575 65 34 har
1102 576 237 44 domkapitlet
1362 578 6 34 i
1385 578 104 34 Lund
1508 578 105 35 anbe-

117 613 98 37 fallts
236 620 57 29 att
312 616 53 34 till
387 616 95 35 Eder
502 617 127 43 avgiva
651 619 169 42 yttrande
842 623 85 30 över
946 621 66 34 två
1032 620 62 34 vid
1113 621 94 35 årets
1228 622 143 43 riksdag
1390 623 131 34 väckta
1540 635 73 23 mo-

117 659 126 41 tioner,
260 672 42 22 nr
320 664 64 31 169
402 662 11 33 i
430 661 113 35 första
557 663 209 34 kammaren
783 664 66 34 och
865 677 43 21 nr
925 668 65 31 246
1009 666 11 33 i
1038 665 111 35 andra
1165 667 219 40 kammaren,
1400 680 59 22 om
1477 668 134 34 ändrad

117 703 132 43 lydelse
267 716 46 22 av
330 708 20 31 7
369 705 15 39 $
414 709 10 30 2
440 718 107 23 mom.
564 707 102 42 lagen
682 719 59 22 om
758 708 214 43 kyrkofond;
990 710 66 33 och
1072 709 55 34 får
1145 710 237 44 domkapitlet
1396 712 13 33 i
1425 712 189 44 anledning

115 748 113 34 härav
250 749 124 34 anföra
393 750 168 42 följande.

162 793 250 44 Domkapitlet
433 795 116 34 finner
571 796 240 35 motionernas
835 798 154 34 innehåll
1012 798 152 43 förtjänt
1187 812 47 22 av
1256 800 202 35 beaktande
1480 801 66 35 och
1570 802 43 34 de

117 837 150 35 anförda
290 840 269 42 synpunkterna
580 841 12 34 i
615 841 71 34 viss
709 842 84 33 mån
818 842 232 44 berättigade.
1072 844 89 34 Med
1183 844 141 44 hänsyn
1345 846 193 34 emellertid
1558 846 55 35 till

117 882 117 34 risken
252 888 56 30 att
324 889 53 29 ett
393 884 99 35 bifall
508 885 54 34 till
580 885 44 35 de
647 886 4 34 i
667 887 223 34 motionerna
906 887 195 35 framförda
1119 890 228 34 önskemålen
1364 890 111 35 skulle
1490 891 124 34 kunna

117 927 148 44 bidraga
282 928 54 34 till
353 934 54 29 ett
424 930 221 42 upprivande
665 943 46 22 av
728 932 224 42 principerna
968 932 56 35 för
1043 937 87 30 1932
1149 935 57 33 års
1223 934 223 44 lagstiftning
1460 936 13 34 i
1492 939 121 31 ämnet

114 971 117 35 finner
255 973 236 44 domkapitlet
514 975 52 43 sig
589 975 86 35 böra
698 975 200 43 framhålla,
922 982 56 30 att
1003 982 74 30 stor
1099 978 226 44 försiktighet
1347 980 65 34 bör
1433 980 179 44 iakttagas

116 1016 62 34 vid
196 1016 215 46 behandling
431 1019 66 34 och
516 1020 117 34 beslut
652 1021 181 42 angående
852 1021 217 45 förändring,
1090 1035 76 22 som
1187 1024 102 34 berör
1307 1024 100 35 dessa
1427 1025 184 43 principer.

115 1060 123 35 Lunds
258 1062 219 44 domkapitel
497 1064 68 34 den
585 1068 16 30 1
625 1077 95 22 mars
743 1069 100 31 1939.

621 1152 33 36 Ä
680 1154 256 44 domkapitlets
959 1159 145 40 vägnar:

702 1236 112 34 EDV.
838 1236 188 35 RODHE.

1263 1300 53 106 /
1318 1338 41 33 A.
1384 1338 179 34 Neuman.

1374 1560 125 42 Bilaga
1523 1562 39 33 F.

111 1597 123 26 LUNDS
254 1596 270 29 STIFTSNÄMND.

340 1758 68 34 Till
427 1759 203 43 riksdagens
648 1759 114 36 första
780 1761 210 43 lagutskott.

158 1853 140 35 Genom
318 1855 106 43 nådig
443 1856 120 34 remiss
582 1856 68 34 den
669 1861 43 29 24
732 1857 154 35 februari
908 1862 88 31 1939
1015 1859 65 34 har
1098 1859 277 36 stiftsnämnden
1394 1861 11 34 i
1424 1862 103 35 Lund
1547 1875 59 21 an-

111 1898 141 34 modats
278 1903 56 30 att
356 1900 54 34 till
433 1900 96 34 Eder
552 1901 128 42 avgiva
704 1902 187 34 utlåtande
914 1907 86 30 över
1021 1904 65 33 två
1109 1904 62 34 vid
1195 1905 93 34 årets
1312 1906 142 43 riksdag
1476 1907 130 34 väckta

110 1943 175 33 motioner
306 1964 46 4 —
375 1956 42 22 nr
439 1948 64 30 169
527 1945 12 34 i
560 1945 112 34 första
694 1946 208 34 kammaren
925 1948 67 33 och
1014 1960 42 21 nr
1078 1951 65 31 246
1167 1949 11 33 i
1201 1949 112 34 andra
1333 1950 206 34 kammaren
1560 1972 46 4 —

111 1998 59 22 om
189 1987 136 34 ändrad
343 1988 132 43 lydelse
493 2001 45 22 av
557 1993 20 30 7
598 1990 15 38 $
634 1993 20 30 2
673 2002 108 23 mom.
799 1991 101 42 lagen
918 2004 60 21 om
995 1992 213 43 kyrkofond;
1229 1994 66 33 och
1313 1994 55 33 får
1386 1994 218 35 stiftsnämn-

110 2031 68 33 den
199 2031 12 34 i
233 2032 189 43 anledning
442 2033 112 34 härav
576 2034 124 34 anföra
721 2035 168 42 följande.

156 2075 284 36 Stiftsnämnden
461 2078 61 34 vill
541 2078 54 34 till
615 2091 43 21 en
679 2079 127 43 början
826 2080 94 34 fästa
940 2081 363 42 uppmärksamheten
1323 2084 47 42 på
1389 2088 56 30 att
1464 2084 60 34 vid
1545 2097 59 21 av-

110 2120 194 43 räkningen
330 2123 129 33 mellan
484 2123 248 42 kyrkofonden
758 2125 67 33 och
852 2130 207 37 pastoraten
1086 2127 89 33 visst
1200 2132 179 38 pastorats
1407 2128 197 43 avlönings-

108 2164 189 44 tillgångar
316 2166 98 34 skola
435 2172 176 38 upptagas
631 2168 55 34 till
706 2173 54 30 ett
780 2170 246 34 normalvärde
1047 2171 175 34 avseende
1241 2172 98 34 såväl
1359 2173 245 34 löneboställes

109 2209 216 44 avkastning
345 2223 75 22 som
441 2212 213 43 avkastning
674 2225 47 22 av
741 2214 185 43 prästerlig
947 2215 282 42 avlöningsfond.
1251 2217 74 33 Det
1346 2220 39 30 är
1405 2217 103 34 alltså
1528 2218 76 33 icke

108 2253 52 33 tal
186 2266 59 22 om
273 2255 67 33 den
368 2256 156 42 verkliga
550 2257 259 43 avkastningen
836 2271 46 21 av
909 2259 102 33 dessa
1037 2260 382 43 avlöningstillgångar.
1445 2262 158 33 Lönebo-

108 2298 118 33 ställes
249 2300 479 43 normalavkastningsvärde
750 2302 88 33 skall
861 2315 46 21 av
929 2303 276 34 stiftsnämnden
1227 2304 193 35 fastställas
1442 2306 54 34 för
1518 2307 11 32 i
1552 2318 50 21 re-

108 2342 53 42 gel
184 2346 41 30 10
249 2344 49 33 år.
320 2344 89 33 Vart
432 2345 100 33 10:de
553 2346 38 32 år
612 2345 88 34 skall
723 2347 149 33 sålunda
892 2359 44 21 en
957 2348 235 42 omprövning
1213 2349 60 33 ske
1295 2361 45 21 av
1362 2349 99 34 detta
1484 2351 118 33 värde.

108 2386 122 34 Under
252 2387 116 34 denna
391 2389 235 42 10-årsperiod
650 2390 71 33 kan
744 2390 38 42 ju
807 2391 182 33 boställets
1014 2392 108 41 årliga
1145 2393 215 43 avkastning
1380 2394 103 42 högst
1504 2406 98 22 avse-

107 2434 81 30 värt
209 2432 147 39 variera,
377 2432 111 34 vilket
508 2433 140 34 särskilt
668 2434 213 34 framträder
903 2448 58 21 om
982 2441 27 28 t.
1031 2448 51 22 ex.
1103 2436 365 45 skogsavverkningar
1487 2438 31 43 ej
1541 2439 60 33 ske

108 2475 98 42 varje
233 2477 39 32 år
299 2481 86 29 utan
414 2477 148 34 allenast
588 2483 81 29 vart
697 2478 94 42 3:dje
818 2479 81 34 eller
924 2480 80 33 4:de
1030 2481 49 33 år.
1106 2481 200 41 Självfallet
1332 2482 106 43 gäller
1465 2495 136 22 samma

106 2520 137 43 princip
271 2520 222 36 beträffande
521 2522 358 44 fondavkastningen.
909 2525 68 33 Om
1005 2525 258 43 avkastningen
1293 2526 109 34 skulle
1429 2527 94 34 hålla
1550 2527 51 43 sig

153 2584 103 31 Bihang
278 2585 40 24 till
336 2586 152 30 riksdagens
508 2587 132 31 protokoll
660 2591 77 22 1939.
777 2592 14 20 9
811 2589 73 24 saml.
927 2592 11 21 1
959 2589 60 25 avd.
1059 2590 38 24 Nr
1116 2593 43 22 30.
1549 2596 14 20 2
