1915 2837
282 143 19 29 4
621 138 124 40 Tredje
760 137 244 40 lagutskottets
1021 135 178 31 utlåtande
1213 144 43 21 nr
1269 135 19 30 8
1303 134 39 31 år
1357 135 84 30 1970

285 221 257 41 ganisatoriska
562 220 257 39 förändringar.
841 220 52 29 En
914 218 183 40 möjlighet
1118 219 50 29 att
1187 217 177 30 bemästra
1384 216 202 41 problemen
1607 216 86 29 även
1714 214 57 31 vid

285 286 42 20 en
340 276 130 30 väntad
485 276 110 29 större
609 274 259 40 ärendemängd
882 273 143 40 erbjuds
1040 280 123 33 genom
1178 272 99 29 ADB.

329 330 137 40 Frågan
487 339 57 21 om
564 330 89 29 ADB
674 329 62 30 bör
757 328 134 30 införas
911 327 45 41 på
975 326 426 40 inskrivningsväsendets
1423 324 142 31 område
1585 323 112 31 måste
1717 324 56 29 be-

286 386 122 29 dömas
427 385 87 30 även
533 384 80 30 från
632 384 111 29 andra
761 382 313 40 utgångspunkter.
1095 381 130 30 Genom
1244 380 288 40 principbeslutet
1552 388 56 20 om
1629 379 47 29 ett
1696 379 77 38 nytt

286 439 332 40 fastighetsregister
644 438 64 29 har
736 437 182 40 möjlighet
947 437 149 39 öppnats
1124 437 49 28 att
1201 435 166 39 tillskapa
1396 435 46 29 ett
1471 433 166 39 enhetligt
1664 432 110 30 infor-

285 493 282 37 mationssystem
583 492 78 30 med
679 491 193 38 integrerad
890 489 300 38 databehandling,
1210 489 124 30 snabbt
1352 487 339 39 uppgiftslämnande
1709 486 65 31 och

287 548 206 30 flexibilitet.
518 547 48 30 På
588 546 128 40 många
739 545 168 31 områden
931 554 74 21 som
1029 545 95 29 detta
1148 545 129 38 system
1301 543 38 30 är
1363 543 109 30 avsett
1497 543 49 29 att
1569 541 144 40 betjäna
1735 540 39 30 är

286 601 325 40 inskrivningsdata
629 610 41 20 av
689 602 72 28 stor
777 600 177 39 betydelse
972 598 55 31 för
1043 598 228 41 planeringen
1289 597 66 30 och
1371 595 320 31 beslutsfattandet.

331 656 68 30 För
420 658 50 28 att
492 657 166 39 systemet
680 655 89 30 skall
788 654 48 30 bli
858 653 161 31 effektivt
1040 653 38 29 är
1099 653 56 29 det
1177 651 106 40 enligt
1304 651 74 30 min
1398 650 142 40 mening
1561 649 213 39 nödvändigt

289 712 49 29 att
358 710 106 31 också
483 708 512 41 inskrivningsregistreringen
1012 707 169 30 inordnas
1201 706 112 30 under
1333 706 67 29 det.
1421 705 75 29 Vad
1517 713 75 21 som
1614 705 92 38 sagts
1727 712 47 21 nu

288 766 90 29 talar
392 765 105 39 enligt
512 764 73 30 min
600 764 142 39 mening
757 763 111 30 starkt
884 762 54 30 för
953 763 49 28 att
1017 761 88 30 ADB
1120 760 112 30 införs
1246 761 97 29 inom
1357 758 417 40 inskrivningsväsendet.

333 820 53 29 En
407 818 100 40 fråga
528 827 74 21 som
624 818 118 29 träder
762 817 11 30 i
795 816 216 40 förgrunden
1032 816 65 29 när
1118 824 42 21 en
1182 814 130 30 reform
1335 813 44 41 på
1401 814 95 29 detta
1517 812 143 30 område
1681 812 95 29 över-

288 874 83 37 vägs
397 873 106 38 gäller
528 872 291 38 ADB-systemets
844 869 271 38 tillförlitlighet.
1141 870 53 27 En
1219 868 199 37 nödvändig
1443 866 254 37 förutsättning
1722 865 55 29 för

289 925 178 30 reformen
483 925 38 29 är
538 924 143 40 givetvis
699 925 49 28 att
766 922 207 31 säkerheten
989 922 58 30 vid
1064 921 193 30 ärendenas
1273 920 173 40 prövning
1463 919 65 30 och
1543 918 58 30 vid
1617 918 160 40 registre-

290 981 122 38 ringen
432 980 73 29 inte
524 980 68 29 blir
613 978 137 30 mindre
772 978 45 29 än
838 987 59 20 nu.
919 977 75 29 Inte
1015 976 108 30 heller
1144 976 70 29 kan
1235 974 132 30 tillåtas
1390 976 49 28 att
1461 973 316 30 informationerna

290 1033 80 30 från
391 1032 401 40 inskrivningsregistret
814 1030 68 30 blir
903 1030 138 30 mindre
1061 1028 233 40 tillförlitliga.
1317 1028 66 39 Jag
1405 1027 122 40 godtar
1549 1025 229 31 kommitténs

290 1087 138 41 uppgift
450 1088 49 28 att
522 1084 348 41 säkerhetsfrågorna
891 1085 70 29 kan
984 1091 57 32 ges
1062 1093 42 20 en
1124 1081 326 32 tillfredsställande
1471 1081 148 39 lösning.
1641 1079 67 31 Om
1730 1080 48 29 ett

291 1142 114 29 beslut
421 1150 56 20 om
495 1139 356 40 systemomläggning
867 1138 117 34 fattas,
1002 1137 55 30 får
1074 1137 123 39 frågan
1215 1136 143 40 givetvis
1375 1136 107 38 ägnas
1500 1136 72 28 stor
1589 1134 190 40 uppmärk-

293 1195 134 29 samhet
443 1194 112 30 under
570 1194 56 29 det
642 1193 164 30 fortsatta
821 1191 350 40 utredningsarbetet.
1189 1190 63 29 Det
1269 1190 111 29 under
1395 1188 383 38 remissbehandlingen

293 1248 357 41 uppmärksammade
666 1246 205 41 spörsmålet
887 1255 56 21 om
960 1246 68 29 rätt
1043 1246 53 28 till
1112 1244 194 39 ersättning
1322 1252 40 21 av
1379 1243 178 29 allmänna
1571 1242 113 29 medel
1699 1241 80 29 med

292 1302 188 39 anledning
498 1311 42 20 av
556 1300 246 40 felaktigheter
819 1300 58 30 vid
895 1298 342 39 databehandlingen
1254 1296 55 30 får
1328 1296 123 30 därvid
1469 1295 187 39 övervägas
1674 1295 106 39 ytter-

290 1357 117 38 ligare.

337 1409 51 31 Av
404 1410 176 39 naturliga
597 1409 76 30 skäl
689 1408 38 30 är
744 1408 41 30 de
800 1407 200 30 beräknade
1016 1406 238 30 kostnaderna
1270 1405 139 39 mycket
1425 1403 236 41 preliminära.
1679 1402 102 30 Dess-

293 1466 97 28 utom
413 1464 48 33 är,
486 1472 74 20 som
584 1462 252 30 statskontoret
859 1460 214 35 framhåller,
1097 1459 327 39 kalkylfaktorerna
1445 1458 12 28 i
1480 1456 204 30 nuvarande
1706 1456 76 38 läge

294 1518 137 30 osäkra.
448 1517 121 39 Någon
585 1525 98 21 mera
700 1515 166 31 avsevärd
884 1514 132 39 ökning
1033 1523 41 20 av
1092 1513 237 30 kostnaderna
1347 1512 55 30 för
1418 1511 364 38 inskrivningsväsen-

295 1572 56 29 det
368 1571 59 30 vid
445 1580 42 20 en
504 1570 173 39 övergång
693 1569 53 30 till
764 1569 88 29 ADB
869 1568 99 30 torde
986 1568 90 29 dock
1092 1568 74 29 inte
1182 1575 84 21 vara
1284 1567 49 28 att
1351 1565 171 34 förvänta,
1542 1564 87 30 även
1647 1573 57 20 om
1723 1572 59 20 an-

294 1625 83 29 talet
393 1623 397 40 inskrivningsärenden
807 1622 181 30 fortsätter
1006 1623 49 28 att
1073 1621 90 39 stiga
1178 1620 12 29 i
1206 1620 111 29 likhet
1333 1619 80 29 med
1430 1618 67 30 vad
1515 1627 75 20 som
1607 1617 65 29 har
1690 1617 92 29 skett

294 1679 112 30 under
426 1687 122 21 senare
567 1677 48 30 år.
637 1676 405 40 Systemomläggningen
1061 1674 138 30 medför
1218 1673 112 30 ökade
1349 1673 190 29 kostnader
1559 1671 55 30 för
1633 1670 149 31 inskriv-

294 1731 270 40 ningsväsendet
586 1731 122 29 utöver
730 1730 238 29 kostnaderna
990 1729 54 29 för
1067 1728 57 29 det
1145 1727 205 30 nuvarande
1371 1726 412 39 registreringssystemet

294 1786 112 30 under
430 1785 67 30 den
520 1785 52 30 tid
596 1784 268 40 omläggningen
888 1782 118 41 pågår.
1032 1782 103 30 Detta
1158 1782 62 29 bör
1244 1781 73 30 inte
1341 1780 128 30 hindra
1493 1780 67 29 den
1584 1779 199 38 föreslagna

295 1839 186 31 reformen.
500 1839 86 30 Dess
603 1838 107 30 värde
726 1838 107 39 ligger
851 1837 176 39 nämligen
1045 1836 53 29 till
1116 1837 71 28 stor
1205 1834 55 31 del
1278 1834 75 30 däri
1372 1835 50 29 att
1440 1834 67 29 den
1525 1840 58 32 ger
1602 1834 95 28 stora
1713 1832 70 29 för-

295 1894 95 30 delar
404 1893 44 40 på
461 1893 128 39 många
603 1892 94 30 olika
711 1891 167 30 områden
893 1900 42 20 av
949 1890 261 30 samhällslivet.

342 1948 48 29 På
410 1948 113 39 grund
543 1956 41 21 av
603 1947 67 29 vad
691 1955 75 20 som
787 1945 135 30 anförts
942 1954 48 20 nu
1011 1944 161 30 förordar
1191 1943 59 40 jag
1268 1960 44 3 —
1329 1943 12 29 i
1361 1942 109 30 likhet
1490 1942 80 29 med
1591 1950 41 20 en
1654 1940 37 30 så
1712 1942 71 38 gott

297 2011 75 20 som
390 2001 151 38 enhällig
558 1999 271 40 remissopinion
844 2016 45 3 —
905 2000 50 27 att
973 1998 88 29 ADB
1078 1997 112 30 införs
1207 1996 46 40 på
1268 1994 426 40 inskrivningsväsendets
1713 2002 71 21 om-

296 2055 93 30 råde.
412 2054 269 39 Möjligheterna
701 2053 54 29 till
777 2062 42 20 en
840 2052 142 30 teknisk
1004 2051 227 38 samordning
1253 2050 79 29 med
1355 2048 346 40 fastighetsregistret
1722 2047 62 29 bör

297 2109 218 30 undersökas
532 2108 164 29 närmare
711 2107 12 29 i
741 2106 204 39 anslutning
961 2106 54 28 till
1031 2105 236 38 beredningen
1285 2113 42 20 av
1342 2102 237 31 betänkandet
1596 2102 83 39 Nytt
1697 2102 88 28 lant-

297 2163 124 29 mäteri
452 2161 101 35 (SOU
579 2160 189 34 1969:43).
793 2158 404 40 Inskrivningsregistret
1221 2158 64 29 bör
1309 2157 174 39 förläggas
1507 2156 54 29 till
1586 2165 42 20 en
1653 2155 132 30 central

297 2215 305 40 dataanläggning.

342 2270 68 30 För
432 2271 49 28 att
504 2270 56 29 det
583 2269 164 30 fortsatta
769 2266 339 40 utredningsarbetet
1133 2265 89 30 skall
1243 2265 122 29 kunna
1388 2264 116 30 drivas
1526 2263 174 30 rationellt
1723 2263 63 29 bör

298 2325 113 29 beslut
432 2333 48 20 nu
502 2323 108 29 fattas
631 2322 106 30 också
758 2331 57 20 om
836 2322 42 29 de
898 2320 186 39 viktigaste
1104 2319 224 40 principerna
1349 2318 55 30 för
1423 2317 362 39 inskrivningsväsen-

300 2378 74 29 dets
389 2376 238 40 organisation
642 2376 87 29 efter
744 2374 410 40 systemomläggningen.

343 2431 75 30 Vad
441 2430 53 30 till
518 2439 42 21 en
582 2429 126 40 början
733 2428 108 40 angår
864 2428 67 30 den
953 2429 92 38 yttre
1068 2426 284 40 organisationen
1374 2425 65 29 har
1462 2425 59 39 jag
1545 2424 54 30 för
1624 2431 83 32 egen
1732 2423 54 30 del

300 2485 71 29 inte
387 2484 104 39 något
509 2485 49 28 att
573 2483 154 30 invända
741 2484 73 28 mot
831 2482 66 29 den
913 2481 199 39 föreslagna
1127 2480 183 38 lösningen
1325 2479 80 29 med
1422 2488 42 20 en
1480 2478 132 30 central
1629 2477 156 39 register-
