1910 2836
271 157 41 30 24
611 152 124 40 Tredje
751 150 245 40 lagutskottets
1011 147 178 31 utlåtande
1203 156 43 21 nr
1259 147 20 30 8
1293 146 39 31 år
1347 145 84 30 1970

274 237 69 30 nell
367 236 179 40 synpunkt
571 235 117 30 finner
712 233 169 31 utskottet
906 231 215 31 överdrivna.
1146 228 247 31 Erfarenheter
1416 227 93 30 visar
1535 227 49 28 att
1609 225 55 30 det
1688 224 72 30 inte

275 292 38 29 är
338 291 41 30 de
406 290 75 30 små
505 286 516 42 inskrivningsavdelningarna
1047 294 75 22 som
1147 284 65 29 har
1239 282 133 31 svårast
1400 282 49 29 att
1475 280 93 30 hålla
1596 278 164 40 stadgade

275 344 317 42 expeditionstider.
616 342 166 31 Tvärtom
807 342 38 30 är
869 341 55 30 det
948 341 10 29 i
984 340 65 39 dag
1073 339 126 29 främst
1224 338 41 30 de
1290 338 94 29 stora
1406 328 355 51 inskrivningsavdel-

274 401 171 38 ningarna
470 407 73 21 som
566 398 65 29 har
652 396 196 40 betydande
872 394 287 31 arbetsbalanser.
1184 392 115 39 Enligt
1323 391 188 30 utskottets
1535 387 227 41 uppfattning

274 454 99 30 torde
393 453 108 30 redan
522 452 133 40 ganska
676 450 75 31 små
772 450 141 30 enheter
933 449 121 29 kunna
1074 446 160 41 uppfylla
1255 446 68 29 alla
1343 444 138 39 rimliga
1500 442 262 41 personalorga-

275 508 213 30 nisatoriska
502 507 95 29 krav.

321 562 175 30 Utskottet
521 560 61 30 vill
609 560 86 29 även
722 558 188 30 framhålla
938 558 48 29 att
1012 556 59 31 vid
1099 555 100 30 sidan
1226 564 41 20 av
1295 552 254 39 servicefrågan
1576 552 71 28 kan
1674 550 89 39 jäm-

274 617 56 29 väl
352 616 110 30 andra
483 614 178 40 allvarliga
682 612 257 39 invändningar
961 612 100 39 göras
1083 611 72 29 mot
1177 610 66 29 den
1266 608 198 38 föreslagna
1484 604 278 41 begränsningen

277 680 41 21 av
338 670 129 30 antalet
485 666 495 41 inskrivningsmyndigheter.
1001 664 154 31 Sålunda
1174 664 159 29 kommer
1353 660 207 40 exempelvis
1581 659 56 30 det
1656 658 107 29 mins-

276 725 89 30 kade
388 724 129 30 antalet
539 723 130 40 platser
692 721 54 31 för
767 720 248 40 tingsnotarier
1036 718 44 41 på
1101 714 532 42 inskrivningsmyndigheterna
1656 713 49 29 att
1728 711 36 30 få

276 778 196 40 betydande
490 777 160 40 negativa
669 776 259 30 konsekvenser
947 774 55 30 för
1021 771 242 40 utbildningen
1284 780 41 21 av
1343 769 144 41 jurister
1507 768 54 30 för
1581 769 46 28 ett
1648 766 115 30 fiertal

276 833 64 30 vitt
356 833 113 30 skilda
482 829 422 33 verksamhetsområden.

321 886 49 29 På
392 886 113 38 grund
528 894 40 20 av
591 885 56 28 det
671 884 148 29 anförda
840 883 116 28 finner
979 882 169 29 utskottet
1173 880 131 29 således
1328 880 48 27 att
1402 876 220 40 synnerligen
1646 875 119 29 starka

279 941 76 29 skäl
372 940 90 29 talar
479 940 73 29 mot
570 936 308 35 länsalternativet,
898 935 126 31 medan
1044 934 121 30 endast
1186 940 103 32 svaga
1308 932 75 30 skäl
1401 931 90 30 talar
1510 929 54 31 för
1584 929 103 30 detta.
1706 928 58 30 Ut-

279 995 128 30 skottet
429 994 180 39 avstyrker
630 992 119 30 därför
770 992 56 29 det
847 990 198 39 föreslagna
1064 987 310 31 länsalternativet.
1396 985 118 30 Skulle
1535 985 56 29 det
1613 983 152 30 emeller-

277 1049 51 29 tid
351 1048 58 30 vid
434 1048 66 29 den
525 1047 164 30 fortsatta
713 1043 409 32 försöksverksamheten
1145 1042 76 30 visa
1246 1041 51 39 sig
1322 1041 49 29 att
1397 1040 41 29 de
1462 1039 130 29 minsta
1615 1037 150 30 inskriv-

279 1101 378 41 ningsavdelningarna
680 1101 11 29 i
717 1098 262 40 undantagsfall
1004 1097 67 30 blir
1096 1096 54 30 för
1177 1095 75 31 små
1275 1095 62 30 bör
1363 1094 125 39 Kungl.
1514 1092 105 40 Maj:t
1645 1092 121 29 kunna

280 1156 239 30 sammanföra
547 1155 109 30 sådan
682 1151 429 41 inskrivningsavdelning
1137 1150 79 30 med
1245 1158 116 21 annan
1389 1147 201 30 underrätts
1617 1145 149 30 inskriv-

280 1209 289 41 ningsavdelning
586 1209 52 29 till
658 1217 40 21 en
718 1207 112 31 enhet.
849 1206 219 30 Motionerna
1085 1205 30 29 1:
1131 1204 63 30 886
1213 1203 64 30 och
1296 1203 45 29 II:
1359 1201 83 31 1050
1460 1201 63 30 bör
1541 1199 102 31 alltså
1662 1199 104 39 enligt

280 1265 188 29 utskottets
482 1263 142 39 mening
637 1262 140 30 bifallas
790 1261 11 29 i
817 1262 113 28 denna
946 1260 53 29 del
1013 1259 78 30 med
1107 1258 146 39 angiven
1266 1256 269 38 inskränkning.

324 1344 73 29 dels
413 1346 48 28 att
476 1345 169 29 utskottet
660 1343 77 29 bort
751 1342 185 29 hemställa

644 1395 73 30 dels
744 1397 50 28 att
820 1394 187 39 riksdagen
1032 1411 44 3 —
1101 1392 79 30 med
1208 1391 195 39 förklaring
1431 1391 48 28 att
1505 1387 262 42 propositionen

599 1451 77 29 icke
690 1450 135 29 kunnat
841 1447 212 31 oförändrad
1067 1446 140 30 bifallas
1219 1464 41 3 —
1273 1446 10 29 i
1299 1443 184 37 anledning
1498 1452 41 21 av
1552 1442 218 30 motionerna

601 1505 29 28 1:
647 1503 63 30 886
734 1503 64 30 och
821 1503 46 29 II:
883 1501 83 30 1050
990 1501 55 30 för
1069 1501 53 29 sin
1146 1500 53 29 del
1222 1499 155 30 beslutar
1402 1499 48 28 att
1473 1515 44 3 —
1538 1496 80 30 med
1641 1496 42 29 de
1706 1505 63 20 un-

601 1558 129 38 dantag
754 1566 73 20 som
852 1557 70 28 kan
946 1554 199 31 föranledas
1170 1563 41 20 av
1235 1552 140 30 särskilt
1400 1551 99 39 ringa
1524 1549 245 39 arbetsmängd

603 1612 81 29 eller
703 1611 109 29 andra
831 1609 160 41 speciella
1008 1607 246 31 förhållanden
1269 1624 45 3 —
1332 1606 162 38 samtliga
1511 1604 178 30 allmänna
1707 1612 62 20 un-

603 1665 170 30 derrätter
791 1664 88 30 skall
896 1672 84 21 vara
996 1662 115 30 lokala
1128 1658 499 41 inskrivningsmyndigheter;

647 1718 73 29 dels
747 1720 49 27 att
822 1718 220 29 motionerna
1067 1716 11 29 i
1105 1715 120 38 övrigt,
1255 1714 101 30 såvitt
1383 1723 48 19 nu
1458 1713 38 29 är
1520 1713 12 28 i
1559 1711 107 39 fråga,
1693 1711 76 29 icke

603 1772 198 30 föranleder
815 1771 113 39 någon
943 1770 206 39 riksdagens
1163 1768 131 40 åtgärd.

282 1891 64 29 Vid
362 1890 23 30 C
400 1891 12 28 i
425 1890 184 29 utskottets
623 1888 206 30 hemställan

327 1962 56 29 III.
409 1961 221 30 beträffande
648 1960 124 39 frågan
790 1968 56 21 om
863 1958 195 30 intervallet
1076 1957 129 30 mellan
1222 1954 396 40 inskrivningsdagarna
1637 1962 40 21 av
1695 1952 76 29 her-

283 2026 58 19 rar
358 2014 129 40 Ernulf
511 2014 72 40 (fp)
605 2032 45 3 —
667 2014 12 29 i
700 2013 110 30 andra
827 2012 96 30 hand
940 2029 44 3 —
1005 2012 89 29 samt
1113 2009 152 39 Lidgard
1290 2009 68 34 (m)
1384 2009 64 29 och
1467 2007 113 30 Hedin
1607 2006 83 35 (m),
1710 2006 61 30 vil-

284 2071 45 29 ka
344 2071 112 28 ansett

328 2123 73 29 dels
422 2124 48 29 att
492 2123 55 29 det
569 2122 128 29 avsnilt
718 2130 40 21 av
779 2119 194 31 utlåtandet
996 2128 73 21 som
1088 2118 121 39 börjar
1228 2117 44 40 på
1293 2126 25 20 s.
1341 2116 38 30 19
1400 2116 79 29 med
1500 2115 108 30 orden
1627 2114 143 30 ”Såsom

285 2175 384 42 departementschefen
689 2174 137 30 anfört”
847 2174 65 29 och
932 2182 74 20 som
1027 2173 110 29 slutar
1154 2171 46 40 på
1220 2181 25 20 s.
1265 2170 41 30 20
1325 2170 79 30 med
1425 2170 107 29 orden
1551 2169 151 29 ”mellan
1720 2168 51 29 in-

285 2229 376 40 skrivningsdagarna”
676 2229 76 29 bort
767 2228 45 29 ha
827 2227 156 40 följande
997 2226 140 40 lydelse.

330 2285 56 29 Ett
406 2285 129 38 system
553 2283 80 30 med
649 2281 310 39 inskrivningsdag
975 2280 97 39 varje
1092 2279 183 39 arbetsdag
1292 2278 74 34 har,
1386 2286 56 21 om
1462 2277 55 30 det
1536 2277 70 29 kan
1625 2275 147 39 fungera

285 2337 333 33 tillfredsställande,
642 2335 195 40 betydande
863 2334 162 30 fördelar.
1050 2332 162 30 Framför
1237 2332 60 29 allt
1324 2331 112 30 skulle
1460 2331 55 29 det
1541 2337 38 32 ge
1605 2339 41 20 en
1672 2329 100 29 snab-

284 2393 83 28 bare
380 2390 261 40 handläggning
655 2399 41 20 av
710 2387 426 40 inskrivningsärendena.

330 2446 80 29 Som
432 2444 261 30 motionärerna
715 2441 204 31 framhåller
941 2442 111 29 möter
1074 2441 56 29 det
1153 2439 191 30 emellertid
1366 2438 138 39 mycket
1528 2439 94 28 stora
1646 2436 126 39 svårig-

284 2500 98 28 heter
403 2499 49 28 att
473 2497 176 40 praktiskt
672 2495 203 40 genomföra
898 2496 46 28 ett
968 2494 122 30 sådant
1114 2495 138 37 system,
1274 2493 11 29 i
1306 2493 76 28 vart
1405 2491 61 30 fall
1489 2500 55 21 om
1567 2491 95 29 detta
1685 2490 86 29 skall
