1908 2836
277 161 19 31 8
616 158 123 40 Tredje
755 157 243 40 lagutskottets
1014 156 179 30 utlåtande
1205 165 44 20 nr
1262 156 19 30 8
1296 155 39 30 år
1350 154 83 31 1970

279 241 239 39 hetsregistret
540 241 100 39 göras
662 239 88 31 först
770 257 45 3 —
835 239 58 30 län
916 238 86 31 efter
1024 239 58 29 län
1102 256 44 3 —
1167 238 65 30 och
1253 237 267 39 omläggningen
1541 235 221 31 beträffande

280 295 400 40 inskrivningsregistret
699 295 88 39 följa
805 295 11 29 i
837 294 38 30 så
893 294 86 29 nära
998 293 202 39 anslutning
1221 301 74 21 som
1314 292 147 40 möjligt.
1483 291 74 30 Den
1575 290 188 41 planerade

281 349 407 31 försöksverksamheten
711 348 55 30 får
787 348 115 31 utvisa
921 348 107 30 vilket
1049 346 322 40 tillvägagångssält
1395 355 73 21 som
1491 346 38 29 är
1551 345 56 30 det
1629 344 135 40 lämpli-

281 406 95 37 gasie
400 404 55 29 för
479 403 242 39 överföringen
747 412 42 20 av
813 402 378 39 fastighetsböckernas
1215 400 157 30 innehåll
1395 400 53 29 till
1472 399 292 39 inskrivningsre-

282 459 130 39 gistret.

327 513 124 39 Kungl.
470 512 105 40 Maj:t
593 512 62 29 bör
674 511 35 30 få
726 511 195 30 bestämma
939 510 162 30 närmare
1118 510 68 29 hur
1205 509 56 30 det
1280 508 164 31 fortsatta
1461 507 304 40 utredningsarbe-

283 568 47 28 tet
347 566 64 30 och
427 566 130 30 arbetet
574 566 78 29 med
669 567 49 28 att
735 565 203 40 genomföra
953 563 322 41 registerreformen
1293 563 88 29 skall
1397 562 228 40 organiseras.

914 730 222 33 Motionerna

282 838 31 28 1:
328 837 63 30 883
411 846 41 20 av
471 837 121 29 herrar
610 836 260 30 Alexanderson
890 835 64 30 och
973 834 128 40 Ernulf
1121 836 91 28 samt
1232 834 47 29 II:
1296 833 83 30 1042
1400 842 41 20 av
1461 832 81 30 herr
1562 831 169 30 Eriksson
1754 832 10 28 i

283 890 130 29 Arvika

327 943 258 30 Motionärerna
602 942 204 31 framhåller
822 941 250 40 inledningsvis
1090 942 49 29 att
1157 941 57 30 det
1230 940 38 30 är
1286 939 98 41 fråga
1402 948 56 21 om
1477 948 41 21 en
1536 939 138 40 mycket
1694 940 70 28 stor

284 998 222 39 omläggning
521 997 79 29 med
616 997 196 39 vittgående
827 996 257 29 konsekvenser
1100 996 11 28 i
1128 995 94 29 olika
1238 994 204 30 avseenden.
1460 994 101 29 Trots
1579 993 187 38 utredning

285 1051 64 29 och
366 1051 338 39 remissbehandling
723 1050 160 29 kvarstår
902 1050 103 38 enligt
1026 1049 260 29 motionärerna
1305 1048 127 39 många
1450 1047 232 39 frågetecken,
1703 1046 64 29 och

286 1106 55 28 det
362 1106 37 28 är
417 1106 139 38 mycket
577 1105 92 29 svårt
690 1106 48 28 att
758 1105 78 28 med
856 1103 262 40 utgångspunkt
1138 1103 9 29 i
1169 1103 55 29 det
1245 1102 235 39 föreliggande
1500 1101 193 30 materialet
1712 1101 57 29 be-

285 1160 103 28 döma
404 1159 286 39 omläggningens
707 1158 220 38 verkningar.

328 1212 257 30 Motionärerna
605 1211 101 30 anför
726 1211 119 30 vidare
865 1212 49 28 att
935 1210 266 39 omläggningen
1221 1210 77 29 icke
1318 1209 186 30 motiveras
1526 1209 79 29 med
1627 1210 50 28 att
1700 1208 64 30 den

286 1266 112 29 skulle
413 1266 77 29 leda
506 1266 51 29 till
574 1265 395 39 kostnadsbesparingar
985 1282 44 2 —
1046 1264 266 29 sannolikheten
1328 1263 91 29 talar
1435 1262 54 30 för
1508 1264 49 28 att
1575 1264 191 27 motsatsen

284 1320 65 30 blir
370 1320 97 30 fallet
485 1338 45 2 —
549 1321 84 28 utan
654 1319 79 30 med
755 1321 48 27 ati
826 1319 65 30 den
915 1318 87 31 skall
1023 1317 159 31 medföra
1205 1318 109 29 större
1337 1316 208 31 effektivitet
1568 1316 64 30 och
1654 1316 113 30 bättre

287 1374 128 29 service
429 1373 34 30 åt
478 1373 246 29 allmänheten.
739 1373 64 29 Det
819 1373 36 28 är
871 1373 119 38 riktigt
1006 1374 48 27 att
1071 1372 248 38 datasystemet
1335 1379 56 20 om
1408 1370 57 30 det
1480 1370 165 39 fungerar
1662 1370 105 38 enligt

285 1427 219 39 ritningarna
519 1428 157 28 kommer
693 1428 49 27 att
757 1426 118 29 lämna
892 1435 41 20 en
951 1426 168 29 snabbare
1137 1424 219 40 expediering
1373 1424 65 30 och
1454 1424 118 30 vidare
1589 1425 50 28 att
1657 1424 40 29 de
1715 1425 52 27 ut-

286 1481 83 39 drag
390 1491 41 19 ur
454 1483 173 37 systemet,
651 1490 25 20 s.
691 1481 32 28 k.
746 1480 274 39 fastighetskort,
1045 1488 73 21 som
1141 1480 157 28 kommer
1322 1480 49 28 att
1394 1478 214 29 framställas
1631 1477 137 29 lämnar

285 1535 204 39 utförligare
508 1535 252 39 upplysningar
779 1534 45 29 än
843 1533 202 30 nuvarande
1066 1532 303 40 gravationsbevis.
1391 1532 102 29 Detta
1514 1532 37 29 är
1571 1531 196 30 värdefulla

286 1589 141 34 vinster,
447 1598 80 20 men
546 1589 55 28 för
622 1589 77 28 dem
719 1587 111 30 måste
851 1590 46 27 ett
917 1587 85 29 visst
1022 1587 72 39 pris
1114 1587 142 29 betalas.
1278 1586 250 38 Dataregistret
1549 1585 187 33 redovisar,
1758 1585 11 28 i

285 1643 97 39 varje
401 1642 62 30 fall
483 1642 105 39 enligt
607 1641 227 30 kommitténs
855 1640 139 40 förslag,
1017 1641 121 29 endast
1157 1640 141 39 nuläget
1319 1639 54 30 för
1393 1639 98 40 varje
1512 1639 174 39 fastighet.
1709 1638 58 30 Att

287 1696 35 29 få
338 1696 91 29 fram
444 1705 40 21 en
499 1696 169 29 historisk
683 1695 220 39 redovisning
919 1704 41 21 av
976 1694 227 39 fastighetens
1220 1693 246 30 förhållanden
1482 1693 111 30 under
1610 1695 47 27 ett
1674 1693 93 29 antal

287 1750 38 30 år
346 1750 145 29 tillbaka
512 1750 10 29 i
546 1749 95 30 tiden
664 1750 37 28 är
723 1749 79 29 med
826 1749 55 29 det
904 1758 68 30 nya
996 1750 165 37 systemet
1183 1748 138 39 mycket
1346 1747 94 30 svårt
1463 1747 65 29 och
1551 1746 216 31 tidsödande.

288 1804 80 29 Man
385 1803 112 30 måste
513 1803 122 29 härför
652 1803 124 39 plocka
795 1802 90 29 fram
905 1802 66 29 alla
991 1802 41 29 de
1051 1802 92 29 olika
1162 1802 108 33 akter,
1291 1810 74 21 som
1385 1801 105 39 ligger
1509 1801 52 29 till
1582 1800 113 40 grund
1714 1800 54 30 för

287 1858 258 28 transaktioner
564 1857 168 29 avseende
752 1856 209 39 fastigheten
980 1856 64 29 och
1065 1865 73 20 som
1159 1855 156 30 förvaras
1336 1855 240 39 kronologiskt
1597 1854 87 30 efter
1703 1854 66 29 tid-

286 1912 158 38 punkten
464 1910 53 30 för
537 1910 185 40 åtgärdens
743 1910 234 39 företagande.
996 1909 67 30 För
1084 1909 217 30 närvarande
1321 1908 96 30 finns
1439 1909 100 29 dessa
1559 1908 209 30 transaktio-

287 1974 60 21 ner
370 1965 233 38 överskådligt
626 1964 202 30 redovisade
850 1964 10 29 i
886 1966 47 27 ett
957 1964 124 29 samlat
1105 1963 150 40 upplägg
1279 1964 11 28 i
1315 1962 308 40 fastighetsboken.
1652 1962 118 30 Skulle

287 2019 210 39 riktigheten
517 2027 41 20 av
578 2020 46 27 ett
644 2017 283 40 fastighetskorts
947 2017 154 30 innehåll
1121 2017 45 39 på
1186 2016 115 40 någon
1320 2017 113 39 punkt
1454 2016 223 39 ifrågasättas
1700 2017 68 28 kan

287 2073 152 29 kontroll
456 2073 175 38 knappast
649 2071 135 30 utföras
804 2073 85 28 utan
908 2080 40 20 en
969 2071 96 39 dylik
1083 2070 169 30 historisk
1271 2070 224 39 genomgång.
1516 2070 94 29 Även
1629 2070 10 29 i
1661 2070 108 29 andra

289 2126 60 29 fall
367 2126 69 29 kan
455 2126 110 39 dylikt
583 2126 47 29 bli
648 2125 222 39 nödvändigt.

331 2180 259 29 Motionärerna
609 2179 204 30 framhåller
833 2178 152 30 därefter
1005 2180 49 28 att
1075 2179 56 29 det
1152 2177 197 40 föreslagna
1369 2180 164 37 systemet
1554 2178 145 29 innebär
1720 2179 49 27 att

287 2233 444 40 inskrivningsmyndighet
747 2234 10 28 i
773 2233 90 39 regel
881 2232 89 30 skall
986 2232 117 30 finnas
1121 2232 121 29 endast
1258 2232 58 29 vid
1333 2241 41 20 en
1392 2232 149 29 domstol
1558 2233 10 29 i
1585 2231 98 40 varje
1700 2231 69 29 län.

288 2288 101 29 Detta
413 2297 102 20 anser
539 2287 259 29 motionärerna
822 2287 167 29 innebära
1015 2296 41 20 en
1083 2286 166 30 avsevärd
1274 2285 212 40 försämring
1512 2295 41 20 av
1580 2286 152 29 servicen
1758 2285 12 29 i

287 2342 203 39 jämförelse
510 2342 79 28 med
610 2341 201 29 nuvarande
833 2340 254 29 förhållanden.
1110 2340 49 29 De
1181 2348 74 20 som
1277 2340 37 28 är
1335 2339 232 29 intresserade
1589 2348 42 20 av
1652 2339 120 39 fastig-

287 2395 346 30 hetlsförhållandena
663 2393 314 40 (fastighetsägare,
1004 2393 223 40 spekulanter
1252 2393 45 40 på
1321 2392 204 40 fastigheter
1550 2393 64 29 och
1639 2393 132 29 inteck-

287 2448 248 40 ningshavare)
561 2448 145 29 besöker
727 2447 73 30 ofta
820 2447 514 39 inskrivningsavdelningarna
1355 2446 54 31 för
1432 2449 49 28 att
1503 2449 35 27 ta
1561 2447 54 29 del
1638 2456 42 20 av
1702 2446 68 30 fas-

286 2503 303 38 tighetsböckerna
603 2502 64 29 och
682 2502 178 29 diskutera
875 2501 92 29 olika
981 2501 156 39 problem
1152 2501 79 29 med
1245 2501 215 39 personalen.
1477 2501 115 39 Enligt
1608 2501 160 29 kommit-
