1890 2798
490 166 438 32 Konstitutionsutskottets
954 167 176 32 utlåtande
1154 168 50 30 Nr
1227 169 49 30 10.
1585 166 34 28 11

1448 303 126 36 Bilaga.

810 491 41 33 P.
873 491 44 33 M.

383 557 190 40 angående
596 558 526 42 interpellationsinstitutets
1147 559 211 41 omdaning.

157 642 447 37 Interpellationsinstitutet
624 645 40 29 är
682 646 64 29 hos
768 654 55 21 oss
843 645 75 31 icke
940 646 145 36 reglerat
1107 646 11 29 i
1140 647 170 36 grundlag
1330 648 66 29 och
1417 647 75 30 icke
1514 647 107 30 heller

112 685 10 29 i
140 686 41 29 de
199 686 56 29 för
272 686 202 36 riksdagens
492 687 142 30 kamrar
650 695 260 28 gemensamma
928 688 306 36 reglementariska
1251 689 273 30 föreskrifterna.
1568 689 52 30 En

112 728 241 31 bestämmelse
371 729 11 29 i
399 729 118 30 ämnet
535 729 102 30 inflöt
656 730 106 30 redan
782 730 78 31 från
879 730 126 36 början
1024 730 11 30 i
1056 732 110 29 andra
1184 731 222 31 kammarens
1427 732 192 30 arbetsord-

112 771 83 36 ning
217 781 43 20 av
283 771 39 31 år
345 772 96 34 1867;
465 773 245 29 motsvarande
734 773 90 35 regel
846 773 155 30 infördes
1023 773 156 30 däremot
1202 773 88 31 först
1312 773 38 31 år
1374 774 82 30 1912
1479 774 10 29 i
1511 774 109 30 första

112 814 225 31 kammarens
357 814 297 37 ordningsstadga.
700 815 49 30 De
769 815 10 29 i
801 815 200 36 anslutning
1021 816 116 29 härtill
1158 816 10 29 i
1191 816 41 30 20
1253 816 19 37 8
1295 816 10 29 i
1325 817 206 29 kamrarnas
1552 826 68 26 nya

111 857 307 36 ordningsstadgor
440 867 44 20 av
511 856 39 31 år
577 858 83 29 1933
690 861 185 33 upptagna,
901 858 165 30 identiskt
1094 858 69 30 lika
1187 858 267 31 föreskrifterna
1482 868 57 20 om
1567 858 48 30 in-

111 899 258 36 terpellationer
395 900 82 36 lyda
502 899 160 31 sålunda:
718 896 130 34 >»Äskar
875 903 98 27 utom
1002 900 369 36 föredragningslistan
1398 900 151 31 ledamot
1578 910 41 21 av

112 943 206 29 kammaren
344 945 48 27 att
416 942 39 31 få
477 942 51 30 till
554 943 152 30 ledamot
731 952 42 20 av
799 942 184 31 statsrådet
1008 943 196 30 framställa
1229 943 180 36 spörsmål,
1437 943 88 30 skall
1549 944 69 29 han

112 985 163 30 avlämna
298 985 193 30 detsamma
515 984 194 36 skriftligen
731 985 168 36 uppställt
921 986 66 29 och
1012 994 42 21 av
1075 985 149 30 bestämt
1247 985 162 30 innehåll.
1458 985 160 30 Kamma-

112 1036 59 21 ren
195 1028 163 34 beslutar,
382 1030 85 27 utan
490 1027 207 36 föregående
722 1027 254 36 överläggning,
1000 1027 174 31 huruvida
1200 1027 205 36 spörsmålet
1430 1027 59 31 må
1513 1027 105 30 fram-

113 1070 117 30 ställas
259 1070 83 30 eller
370 1069 84 31 icke.
509 1070 13 29 I
553 1070 95 30 förra
679 1070 190 30 händelsen
899 1069 68 31 låte
998 1070 201 30 talmannen
1231 1070 257 30 vederbörande
1521 1073 97 27 stats-

112 1112 62 30 råd
195 1111 250 37 ofördröjligen
467 1112 112 30 undfå
600 1112 54 29 del
676 1122 43 20 av
740 1112 235 36 spörsmålet.»

156 1155 64 31 Vid
246 1155 82 30 1928
351 1154 54 31 års
427 1155 140 36 riksdag
590 1154 139 31 väcktes
751 1154 130 36 förslag
901 1154 164 36 syftande
1086 1154 51 30 till
1159 1154 460 36 interpellationsinstitutets

111 1197 191 36 omdaning
326 1197 46 36 på
393 1197 125 30 sådant
542 1197 76 35 sätt,
643 1200 49 27 att
715 1197 93 30 detta
831 1197 111 30 bättre
967 1197 45 29 än
1035 1196 121 30 hittills
1181 1197 111 29 skulle
1315 1197 120 30 kunna
1459 1196 85 36 fylla
1567 1196 52 30 sin

111 1240 139 36 uppgift
271 1250 74 20 som
369 1248 106 28 organ
496 1240 56 29 för
573 1240 140 36 politisk
735 1240 161 35 kontroll,
922 1239 110 30 snabb
1055 1239 227 30 information
1304 1240 65 29 och
1391 1239 228 30 utvecklande

112 1293 41 20 av
175 1286 47 27 ett
242 1283 220 30 förhållande
482 1283 127 30 mellan
629 1282 155 36 regering
805 1283 64 29 och
889 1282 151 35 riksdag,
1063 1291 75 20 som
1157 1282 118 29 kunde
1296 1281 117 30 stärka
1433 1281 185 36 regerings-

111 1327 158 28 maktens
298 1326 162 35 ställning
489 1324 44 38 på
559 1325 290 37 parlamentarisk
876 1324 181 36 grundval.
1108 1323 216 31 Motionerna
1353 1325 191 34 avstyrktes
1574 1332 41 20 av

111 1368 416 30 konstitutionsutskottet
553 1363 191 40 (utlåtande
767 1376 42 20 nr
831 1366 50 37 18)
909 1367 66 29 och
998 1366 156 36 avslogos
1178 1375 42 20 av
1242 1366 193 35 riksdagen.
1481 1365 137 30 Utskot-

114 1413 44 27 tet
175 1410 147 30 anförde
341 1410 43 29 bl.
403 1420 40 25 a.,
463 1412 49 27 att
529 1410 112 29 behov
659 1409 75 30 icke
754 1409 203 29 förefunnes
976 1418 42 20 av
1036 1407 461 36 interpellationsinstitutets
1516 1407 102 36 regle-

112 1453 75 36 ring
210 1453 10 29 i
243 1452 183 36 grundlag;
452 1453 79 29 med
555 1451 91 30 vissa
670 1451 273 35 begränsningar
965 1450 117 30 kunde
1106 1459 42 20 en
1171 1450 189 35 omdaning
1385 1459 42 20 av
1451 1449 168 30 institutet

112 1495 222 36 genomföras
365 1498 83 26 utan
480 1493 335 36 grundlagsändring
847 1501 124 27 genom
1002 1492 189 35 ändringar
1221 1492 121 29 enbart
1373 1492 9 28 i
1413 1492 206 29 kamrarnas

111 1537 317 36 ordningsstadgor.

156 1577 94 33 Även
271 1581 65 29 den
358 1589 46 20 nu
425 1578 228 31 förevarande
673 1577 176 31 motionen
872 1577 42 29 II:
932 1577 63 30 233
1016 1576 111 36 syftar
1147 1576 51 30 till
1220 1585 42 20 en
1283 1575 115 30 vidare
1419 1575 200 36 utbyggnad

111 1624 65 29 och
200 1622 274 35 effektivisering
499 1631 42 20 av
565 1619 454 37 interpellationsinstitutet.
1070 1618 131 29 Härför
1223 1617 203 36 ifrågasätta
1450 1617 168 30 motionä-

112 1675 101 20 rerna
232 1665 190 30 emellertid
439 1664 75 30 icke
532 1663 111 30 under
661 1663 68 30 alla
748 1661 245 31 förhållanden
1012 1660 379 36 grundlagsändringar
1407 1662 84 27 utan
1512 1659 105 30 fram-

112 1708 104 35 hålla,
236 1711 49 26 att
304 1706 196 37 syftemålet
518 1707 86 29 även
623 1705 118 29 kunde
762 1705 121 29 tänkas
901 1703 63 30 nås
986 1703 162 35 antingen
1168 1710 124 28 genom
1311 1702 115 35 tillägg
1446 1701 51 30 till
1515 1702 103 35 regle-

112 1750 214 30 mentariska
354 1748 217 31 föreskrifter
600 1748 55 29 för
682 1747 184 35 riksdagen
894 1746 81 29 eller
1003 1753 123 27 genom
1157 1744 189 35 ändringar
1373 1744 10 29 i
1412 1744 206 29 kamrarnas

111 1792 316 36 ordningsstadgor.

156 1835 137 29 Tänkes
328 1832 442 38 interpellationsinstitutet
803 1830 221 30 kombinerat
1055 1829 79 30 med
1169 1832 46 26 ett
1248 1828 368 36 dagordningsinstitut

109 1896 43 3 —
165 1877 103 36 något
287 1886 73 20 som
378 1876 73 30 ofta
469 1877 38 28 är
525 1875 95 30 fallet
640 1874 198 30 utomlands
857 1890 44 4 —
919 1874 39 28 är
975 1872 336 35 grundlagsändring
1330 1871 210 35 erforderlig.
1561 1871 55 29 Ett

110 1920 346 36 dagordningsbeslut
481 1918 96 29 torde
603 1917 174 35 nämligen
804 1925 81 20 vara
911 1915 184 34 oförenligt
1118 1915 79 28 med
1221 1915 41 35 $$
1286 1915 42 28 90
1353 1915 64 28 och
1444 1914 57 29 107
1527 1922 89 26 rege-

111 1963 231 35 ringsformen
362 1964 88 27 samt
472 1961 17 36 8
510 1961 38 29 57
570 1959 361 36 riksdagsordningen.
976 1956 134 36 Frågan
1130 1966 56 20 om
1208 1957 183 29 införande
1410 1966 41 19 av
1471 1959 45 27 ett
1537 1956 79 35 dag-

112 2004 300 36 ordningsinstitut
430 2004 12 28 i
463 2002 60 30 vår
543 2002 206 34 författning
770 2002 63 28 har
852 2000 189 30 emellertid
1063 1999 136 36 nyligen
1222 1999 7 29 i
1250 1998 364 36 justitiedepartemen-

110 2050 45 27 tet
179 2047 108 35 gjorts
311 2046 48 29 till
385 2044 146 31 föremål
557 2045 55 29 för
637 2054 42 19 en
704 2044 184 34 utredning
922 2042 147 37 (Statens
1095 2042 62 29 off.
1184 2041 224 35 utredningar
1435 2042 95 28 1935:
1547 2040 68 36 21),

112 2099 73 19 som
206 2089 213 36 utmynnade
440 2088 7 29 i
470 2091 44 26 ett
537 2087 232 35 avstyrkande
789 2096 41 19 av
853 2086 90 29 detta
967 2085 149 29 instituts
1139 2084 230 29 införlivande
1392 2083 77 29 med
1492 2083 122 29 svensk

110 2133 163 28 statsrätt.
321 2131 140 34 Förslag
483 2130 121 29 härom
627 2129 65 29 har
713 2129 74 29 icke
809 2128 107 29 heller
935 2127 203 30 framställts
1163 2127 8 28 i
1196 2127 185 28 motionen.

157 2174 91 29 Plikt
269 2173 55 29 för
345 2173 150 29 ledamot
517 2181 41 20 av
580 2171 184 29 statsrådet
786 2173 46 26 att
855 2170 7 28 i
885 2170 113 29 denna
1022 2169 51 28 sin
1094 2169 173 34 egenskap
1290 2169 140 28 besvara
1453 2177 41 19 en
1518 2167 99 29 inter-

114 2216 161 36 pellation
304 2216 66 28 kan
403 2215 73 29 icke
504 2214 105 29 heller
642 2214 126 34 skapas
798 2221 122 25 genom
950 2212 259 28 bestämmelser
1240 2211 7 28 i
1276 2211 41 29 de
1346 2220 41 19 av
1416 2210 200 34 riksdagens

112 2260 141 29 kamrar
280 2258 120 28 enbart
429 2256 171 29 beroende
628 2255 303 34 reglementariska
955 2253 263 29 föreskrifterna
1249 2254 80 28 eler
1359 2252 255 34 ordningsstad-

111 2310 116 25 gorna.
275 2299 201 29 Införandet
502 2308 41 19 av
566 2307 40 19 en
632 2297 107 30 sådan
764 2296 184 35 svarsplikt
975 2296 62 29 har
1064 2295 73 29 icke
1160 2296 106 28 heller
1292 2294 194 35 ifrågasatts
1514 2295 6 28 i
1546 2304 69 19 mo-

112 2345 125 28 tionen.

155 2386 62 29 Vid
236 2395 41 19 en
301 2384 6 29 i
331 2383 173 29 motionen
527 2382 130 36 antydd
681 2381 210 36 uppdelning
916 2390 41 20 av
980 2381 41 28 de
1044 2380 200 29 nuvarande
1271 2378 250 37 »spörsmålen»
1556 2379 59 33 (in-

112 2425 310 39 terpellationerna)
450 2425 7 29 i
480 2434 24 20 s.
527 2425 30 28 k.
581 2424 102 29 enkla
706 2423 115 35 frågor
843 2423 64 29 och
932 2423 290 35 interpellationer
1246 2423 6 28 i
1277 2422 181 30 inskränkt
1479 2422 137 33 mening

112 2471 104 29 tänka
245 2470 49 34 sig
322 2468 254 29 motionärerna
605 2466 222 36 möjligheten
854 2475 42 20 av
923 2466 288 35 yttranderättens
1238 2465 229 34 begränsning
1494 2465 54 29 vid
1576 2465 40 28 de
