2242 2612
423 214 19 30 6
632 213 117 31 Första
775 213 201 31 kammarens
1000 211 127 31 andra
1151 208 165 43 tillfälliga
1341 209 134 32 utskotts
1493 207 166 33 utlåtande
1675 207 53 30 Nr
1752 208 50 29 10.

1111 640 82 49 Nr
1234 640 81 48 10.

1092 808 102 28 Ankom
1214 807 37 27 till
1272 807 162 34 Riksdagens
1453 805 83 27 kansli
1556 805 51 26 den
1627 805 34 25 24
1681 803 66 35 april
1768 803 65 26 1911
1856 802 33 26 kl.
1910 803 15 25 3
1945 810 23 19 e.
1988 809 35 18 m.

746 955 128 37 Första
903 956 221 36 kammarens
1153 955 138 35 andra
1321 952 184 47 tillfälliga
1533 950 146 36 utskotts
1707 948 178 37 utlåtande
1914 959 44 24 nr
1979 948 44 34 10

852 1026 177 47 angående
1066 1025 225 37 utarbetande
1320 1023 50 45 af
1391 1023 118 45 årliga
1538 1021 200 37 berättelser
1768 1019 99 44 öfver
1890 1017 134 45 inträf-

849 1097 91 45 fade
968 1097 202 50 sjöolyckor.

237 1257 147 55 Motionen.
533 1260 97 36 Herr
659 1258 156 47 Lindley
843 1259 65 35 har
937 1257 12 36 i
978 1270 45 24 en
1051 1257 59 37 till
1140 1256 126 36 Andra
1293 1256 211 36 kammaren
1533 1253 179 37 aflämnad
1732 1252 135 36 motion
1886 1264 42 23 nr
1953 1254 70 34 191

427 1315 197 43 hemställt,
655 1316 54 34 att
741 1312 211 48 Riksdagen
980 1311 13 36 i
1021 1310 195 37 skrifvelse
1249 1309 59 37 till
1340 1309 138 47 Kungl.
1509 1307 108 50 Maj:t
1645 1309 112 34 måtte
1786 1306 155 44 anhålla,
1972 1308 54 34 att

427 1369 135 47 Kungl.
605 1367 108 49 Maj:t
751 1367 86 36 ville
870 1366 187 47 uppdraga
1100 1367 37 34 åt
1176 1361 378 49 kommerskollegium
1600 1364 54 33 att
1694 1359 138 49 årligen
1860 1360 167 36 utarbeta

427 1423 66 36 och
521 1422 13 35 i
562 1424 120 45 någon
710 1420 40 36 af
775 1420 80 37 sina
878 1418 273 49 publikationer
1189 1416 253 48 offentliggöra
1468 1416 101 35 såväl
1595 1427 46 23 en
1669 1414 196 36 berättelse
1894 1425 56 24 om
1975 1413 52 35 in-

427 1476 158 36 träffade
614 1474 222 50 sjöolyckors
866 1476 66 41 art,
962 1471 221 48 omfattning
1215 1471 66 36 och
1310 1470 159 43 orsaker,
1507 1469 186 37 äfvensom
1713 1467 127 37 hvilka
1860 1467 168 47 åtgärder

427 1530 14 36 i
469 1528 201 49 anledning
697 1528 107 37 däraf
829 1527 82 36 från
939 1525 321 50 myndigheternas
1284 1524 81 36 sida
1392 1522 126 38 blifvit
1545 1522 186 48 vidtagna,
1761 1532 73 24 som
1853 1519 108 45 äfven
1982 1532 46 24 en

427 1583 119 37 såvidt
581 1582 142 49 möjligt
751 1580 150 38 korrekt
929 1579 164 38 statistik
1117 1579 101 37 öfver
1246 1577 290 49 fartygsolyckor
1564 1577 68 36 och
1662 1578 20 33 å
1706 1575 120 48 fartyg
1851 1574 178 37 förlorade

428 1636 244 38 människolif
697 1649 45 23 m.
774 1649 44 22 m.

207 1741 210 53 Motiveringen.
534 1744 71 36 Till
644 1743 81 36 stöd
757 1743 56 35 för
843 1743 69 35 den
941 1742 96 36 förra
1066 1741 107 35 delen
1201 1740 13 35 i
1243 1740 119 36 denna
1395 1738 220 36 hemställan
1651 1736 104 36 anför
1789 1735 235 43 motionären,

429 1801 53 33 att
521 1795 380 49 kommerskollegium
935 1795 80 36 icke
1044 1806 107 37 synes
1180 1793 110 36 hafva
1318 1792 125 37 träffat
1471 1794 114 45 några
1613 1790 176 36 anstalter
1819 1789 56 36 för
1899 1789 128 35 offent-

428 1851 229 49 liggörandet
695 1850 40 36 af
774 1851 61 35 det
863 1850 66 35 hos
957 1847 199 49 kollegium
1186 1847 179 36 anställda
1393 1844 228 50 sjötekniska
1644 1843 178 37 biträdets
1853 1842 176 36 årsberät-

428 1906 110 36 telser
580 1904 13 36 i
621 1906 120 45 någon
778 1903 40 37 af
844 1902 191 48 kollegiets
1065 1900 272 49 publikationer
1365 1903 89 32 utan
1479 1898 241 37 öfverlämnat
1748 1896 278 48 publiceringen

429 1960 41 36 af
495 1958 279 37 årsberättelsen
801 1956 60 37 till
891 1956 165 47 Sveriges
1086 1956 183 36 allmänna
1289 1951 328 52 sjöfartsförening,
1630 1951 153 37 hvilken
1795 1950 133 48 intagit
1944 1950 85 35 den-

429 2025 135 25 samma
592 2012 14 36 i
634 2011 59 37 sin
721 2010 178 37 tidskrift.

534 2065 230 37 Motionären
792 2064 137 36 erinrar
952 2062 122 37 tillika
1107 2062 13 36 i
1150 2062 101 48 fråga
1279 2074 56 24 om
1357 2060 282 37 berättelsernas
1660 2057 163 37 innehåll
1848 2057 178 49 följande:

541 2121 138 35 »Dessa
734 2117 228 48 publicerade
994 2116 215 37 berättelser
1254 2115 188 36 innehålla
1483 2112 204 37 emellertid
1735 2111 130 36 endast
1929 2111 99 35 redo-

410 2175 158 47 "görelse
619 2173 101 36 öfver
771 2171 214 48 olyckornas
1031 2170 149 47 omfång
1230 2172 92 34 samt
1372 2167 235 37 meddelande
1655 2178 68 32 om,
1771 2166 148 36 hvarest
1961 2164 66 48 sjö-

430 2227 251 48 förklaringen
722 2226 67 35 har
818 2224 177 48 afgifvits,
1025 2232 84 28 men
1138 2224 160 35 däremot
1320 2222 135 37 saknas
1483 2221 50 36 all
1561 2219 199 47 utredning
1787 2231 56 23 om
1873 2218 71 35 den
1967 2219 61 45 på-

429 2280 138 48 tagliga
604 2281 89 35 eller
736 2277 192 39 sannolika
970 2278 154 36 orsaken
1166 2277 57 36 till
1260 2276 164 48 olyckan.
1482 2274 43 49 Ej
1556 2274 119 36 heller
1703 2273 138 36 lämnas
1870 2271 13 36 i
1911 2271 116 36 berät-
