1922 2842
268 182 118 29 Andra
418 181 202 29 kammarens
642 178 145 40 fjärde
809 179 164 38 tillfälliga
1001 178 134 30 utskotts
1164 177 165 30 utlåtande
1358 177 51 29 Nr
1440 176 28 30 6.
1600 176 19 30 3

1444 270 121 38 Bilaga
1588 270 28 29 1.

342 364 65 30 Till
427 363 206 38 Riksdagens
655 363 106 29 andra
785 362 177 29 kammares
983 361 38 38 fj
1038 363 41 27 är
1100 362 47 29 de
1168 360 162 39 tillfälliga
1351 359 127 30 utskott.

165 455 127 30 Genom
322 453 126 38 Kungl.
479 453 476 36 Jordbruksdepartementets
986 449 291 32 ämbetsskrivelse
1307 450 64 29 den
1401 450 41 27 14
1471 448 149 30 februari

122 501 82 29 1936
228 500 60 29 har
311 498 290 37 domänstyrelsen
623 496 181 31 anbefallts
827 497 53 29 att
902 497 114 29 senast
1039 495 64 30 den
1126 495 40 29 15
1189 503 88 22 mars
1300 495 82 28 1936
1406 493 123 38 avgiva
1546 494 70 36 ytt-

120 545 104 31 rande
249 547 78 27 över
352 552 41 21 en
415 543 93 30 inom
524 542 178 38 riksdagen
720 550 42 21 av
781 542 113 28 herrar
910 541 142 37 Hilding
1069 539 157 39 Hagberg
1243 539 62 30 och
1323 539 32 29 J.
1374 538 45 30 H.
1437 538 180 29 Brädefors

120 590 114 37 väckt,
250 589 56 30 till
321 588 171 30 utskottet
509 587 175 37 hänvisad,
704 586 128 31 motion
848 594 42 21 nr
907 586 48 29 IT:
971 586 61 28 281
1052 584 171 38 angående
1240 583 229 38 upprättande
1488 591 43 21 av
1548 582 68 29 kol-

122 633 202 31 lektivavtal
337 633 122 31 mellan
474 632 241 31 domänverket
730 631 62 29 och
806 631 72 29 dess
894 630 163 37 arbetare,
1072 630 63 29 och
1148 628 51 31 får
1213 629 162 38 styrelsen
1387 628 56 30 till
1456 626 164 39 åtlydnad

122 680 106 29 härav
241 679 117 29 anföra
371 677 159 39 följande.

165 725 17 28 I
202 723 172 31 motionen
393 723 61 29 har
474 721 200 36 hemställts,
696 722 52 28 att
767 720 178 37 riksdagen
964 720 12 28 i
995 719 159 30 skrivelse
1171 718 56 29 till
1245 717 125 38 Kungl.
1391 716 101 39 Maj:t
1513 715 108 32 måtte

122 767 134 31 anhålla
277 770 53 28 att
352 767 126 37 Kungl.
501 766 100 38 Maj:t
622 764 252 38 förständigade
895 763 244 32 domänverket
1161 764 52 28 att
1234 763 105 29 träffa
1360 760 262 31 kollektivavtal

123 813 77 30 med
217 813 73 31 sina
307 812 164 37 arbetare,
490 811 196 37 varigenom
704 809 344 37 kontraktssystemet
1066 808 121 37 slopas,
1206 809 90 29 samt
1313 808 53 28 att
1383 807 13 29 i
1413 806 97 30 dessa
1528 805 94 30 avtal

122 858 184 37 körningen
323 857 62 29 och
402 856 213 38 huggningen
633 854 126 39 skiljas.

166 903 17 29 I
208 902 245 37 motiveringen
478 901 90 29 hava
594 900 247 31 motionärerna
866 898 89 39 gjort
982 906 40 23 en
1049 897 55 30 del
1126 896 201 31 uttalanden
1352 895 173 38 angående
1550 894 70 30 dels

123 947 258 31 domänverkets
399 948 70 28 sätt
487 947 53 28 att
556 946 12 28 i
585 944 184 31 allmänhet
786 944 75 29 leda
879 943 62 29 och
959 943 99 30 sköta
1076 950 84 29 egna
1177 941 247 37 avverkningar
1440 939 45 38 på
1502 940 118 29 krono-

122 992 175 37 parkerna,
325 991 68 30 dels
421 989 172 39 angående
619 989 164 30 särskilda
806 988 70 37 fall,
903 996 73 21 som
1002 987 96 29 dessa
1122 986 114 29 funnit
1263 984 357 39 anmärkningsvärda.

123 1036 53 30 Då
193 1037 94 29 dessa
303 1035 201 31 uttalanden
522 1037 56 27 äro
596 1043 44 20 av
655 1033 106 31 sådan
777 1035 63 35 art,
858 1034 52 28 att
927 1031 289 37 domänstyrelsen
1231 1030 73 30 icke
1320 1032 112 28 ansett
1449 1030 171 29 desamma

122 1082 82 29 böra
218 1081 35 29 få
268 1079 139 31 kvarstå
423 1079 227 37 oemotsagda,
667 1079 61 28 har
743 1078 162 37 styrelsen
919 1076 218 30 föranstaltat
1154 1084 54 22 om
1223 1075 67 30 viss
1305 1074 182 37 utredning
1501 1081 120 30 genom

123 1125 250 30 vederbörande
404 1123 396 38 skogsstatstjänstemän
830 1122 62 29 och
921 1121 53 29 får
1005 1121 163 38 styrelsen
1198 1120 106 29 under
1334 1119 214 37 åberopande
1578 1126 44 21 av

125 1170 179 38 vidfogade
319 1171 40 28 V.
376 1170 37 28 P.
430 1170 45 28 M.
491 1167 76 31 från
584 1168 306 38 överjägmästarne
905 1167 12 28 i
935 1160 89 36 Övre
1040 1166 62 29 och
1118 1165 110 29 Nedre
1244 1164 223 29 Norrbottens
1484 1162 137 31 distrikt

123 1216 77 30 med
218 1215 115 30 därtill
349 1214 149 29 hörande
515 1213 138 37 bilagor,
672 1213 70 28 helt
759 1211 218 30 tillbakavisa
995 1211 42 29 de
1054 1210 260 37 beskyllningar,
1334 1217 71 23 som
1423 1207 198 31 framställts

124 1262 70 29 mot
217 1259 95 31 såväl
332 1259 242 30 domänverket
595 1258 12 28 i
627 1257 184 31 allmänhet
832 1265 72 22 som
925 1255 163 38 styrelsen
1109 1255 62 29 och
1192 1255 65 29 den
1277 1253 214 30 förvaltande
1511 1260 109 29 perso-

122 1305 99 29 nalen
239 1305 92 30 inom
351 1305 40 28 de
410 1304 92 29 delar
521 1312 44 20 av
583 1302 125 37 landet,
729 1310 71 22 som
818 1301 12 29 i
848 1301 173 31 motionen
1040 1300 135 30 särskilt
1194 1308 104 21 avses.

166 1350 74 29 Vad
257 1348 37 31 så
311 1349 108 38 själva
436 1348 171 30 klämmen
623 1348 11 28 i
651 1347 172 30 motionen
841 1345 112 38 angår,
971 1344 53 30 får
1040 1344 162 38 styrelsen
1220 1343 110 31 såsom
1347 1343 50 30 sin
1414 1340 209 39 principiella

122 1394 195 37 inställning
336 1394 53 28 till
406 1392 119 38 frågan
544 1391 259 31 kollektivavtal
822 1391 77 29 eller
918 1390 308 37 kontraktssystem
1245 1388 120 37 uttala,
1387 1389 53 28 att
1460 1386 162 38 styrelsen

124 1439 87 29 intet
230 1439 61 29 har
310 1440 51 28 att
381 1438 109 29 erinra
509 1439 71 29 mot
599 1435 260 30 kollektivavtal
876 1435 12 29 i
906 1435 63 29 och
987 1435 52 28 för
1058 1434 59 37 sig,
1136 1432 104 38 något
1254 1441 71 22 som
1337 1432 126 37 tydligt
1476 1429 147 38 framgår

125 1492 43 21 av
181 1483 56 29 det
252 1485 91 28 stora
357 1482 93 30 antal
463 1482 115 36 dylika
592 1480 102 38 avtal,
709 1489 72 21 som
795 1480 162 37 styrelsen
970 1479 151 37 godkänt
1134 1479 52 28 för
1199 1477 133 30 särskilt
1346 1477 41 28 de
1399 1477 92 29 inom
1505 1476 116 36 Bergs-

125 1528 95 37 lagen
240 1528 62 28 och
321 1527 96 30 söder
436 1527 118 29 därom
573 1525 141 37 belägna
733 1524 282 37 kronoparkerna.
1036 1524 67 28 Det
1123 1523 60 28 bör
1203 1521 184 31 emellertid
1405 1521 62 28 här
1486 1520 135 36 erinras,

125 1574 52 28 att
197 1571 155 38 åsyftade
372 1570 260 30 kollektivavtal
652 1578 78 21 avse
749 1569 240 38 jämförelsevis
1011 1567 72 31 små
1103 1566 169 37 områden,
1293 1566 91 30 inom
1404 1565 93 28 vilka
1518 1564 41 29 de
1578 1562 44 38 på

124 1617 238 36 utdrivningen
380 1624 43 21 av
439 1615 95 29 virke
550 1614 206 31 inverkande
771 1612 254 31 förhållandena
1043 1614 56 28 äro
1116 1612 127 37 ganska
1260 1610 186 30 ensartade.
1465 1610 98 29 Inom
1580 1608 41 29 de

124 1662 12 28 i
156 1661 171 30 motionen
349 1660 134 30 särskilt
504 1660 141 29 berörda
666 1659 137 30 delarna
824 1666 43 21 av
887 1658 116 30 landet
1024 1659 56 27 äro
1103 1656 185 31 emellertid
1306 1654 231 38 nyssnämnda
1556 1653 65 28 för-

125 1705 178 30 hållanden
324 1704 36 31 så
380 1705 195 38 skiljaktiga
594 1703 45 38 på
659 1704 89 29 olika
767 1703 130 29 trakter
918 1704 53 28 att
992 1703 50 28 ett
1062 1701 218 38 uppgörande
1300 1708 43 21 av
1363 1697 259 31 kollektivavtal

125 1750 234 30 innefattande
376 1750 88 29 vissa
480 1750 67 36 pris
564 1749 51 29 för
632 1748 89 30 olika
737 1748 70 37 slag
824 1756 43 21 av
884 1747 138 30 arbeten
1038 1747 73 29 icke
1128 1746 105 30 skulle
1248 1745 115 29 kunna
1379 1745 121 36 utgöra
1517 1744 103 28 annat

127 1797 42 28 än
187 1797 49 27 ett
253 1794 235 30 fastställande
505 1803 44 20 av
566 1795 50 28 ett
633 1793 83 30 visst
734 1792 187 38 grundpris,
940 1791 106 29 vilket
1064 1790 212 30 beträffande
1294 1788 36 31 så
1346 1790 74 36 gott
1439 1796 71 22 som
1528 1787 94 38 varje

126 1840 140 29 särskild
292 1838 318 38 avverkningstrakt
637 1838 61 28 och
725 1837 41 29 de
791 1837 89 29 olika
906 1836 136 30 delarna
1069 1844 42 21 av
1137 1835 195 30 densamma
1357 1832 109 32 måste
1490 1832 95 38 höjas
1611 1831 12 29 i

126 1884 89 29 olika
232 1884 214 36 omfattning.
465 1883 203 29 Fördelarna
686 1891 43 20 av
746 1883 49 27 ett
814 1881 109 37 dylikt
941 1883 126 35 system
1085 1888 99 29 synas
1202 1877 98 31 alltså
1317 1878 93 29 skola
1427 1877 92 29 bliva
1534 1878 87 28 täm-

125 1928 87 37 ligen
233 1929 193 36 imaginära.
450 1928 248 28 Motionärerna
719 1926 90 28 hava
830 1926 115 28 vidare
964 1924 178 37 ifrågasatt
1165 1926 51 27 att
1237 1924 11 28 i
1268 1921 260 30 kollektivavtal
1548 1920 73 29 kör-

125 1973 80 37 ning
221 1973 62 28 och
300 1972 169 37 huggning
486 1971 106 30 skulle
608 1971 114 37 skiljas
740 1969 46 30 åt.
804 1970 177 37 Meningen
997 1969 96 29 torde
1110 1968 56 29 väl
1182 1976 82 21 vara
1280 1969 52 27 att
1350 1966 162 30 särskilda
1529 1964 95 29 avtal

126 2017 106 30 skulle
249 2019 165 35 uppgöras
432 2017 52 28 för
501 2016 170 37 huggning
689 2023 43 21 av
749 2014 94 29 virke
860 2015 62 28 och
940 2014 142 36 körning
1100 2021 43 21 av
1160 2012 103 29 virke.
1283 2012 61 28 Ett
1363 2010 110 37 dylikt
1492 2008 130 31 särskil-

126 2062 100 37 jande
248 2070 44 21 av
311 2060 62 31 två
395 2060 36 31 så
452 2061 12 29 i
486 2061 167 29 varandra
673 2059 198 37 ingripande
893 2060 150 29 moment
1066 2058 57 29 vid
1145 2055 350 39 skogsavverkningen
1517 2054 106 29 skulle

126 2106 185 30 emellertid
331 2107 52 28 för
404 2106 223 36 skogsägaren
649 2104 150 30 medföra
821 2103 68 30 dels
912 2103 211 37 synnerligen
1145 2103 90 28 stora
1256 2101 104 29 risker
1380 2100 52 28 för
1455 2100 52 28 att
1530 2107 91 21 avse-

126 2151 104 29 värda
249 2151 208 29 kvantiteter
476 2150 94 28 virke
588 2150 72 28 icke
679 2148 106 30 skulle
803 2148 91 29 bliva
913 2148 171 36 utdrivna,
1105 2147 67 29 dels
1193 2146 143 36 oskäligt
1356 2144 107 29 ökade
1482 2143 139 29 avverk-

124 2195 281 36 ningskostnader
421 2194 93 30 såväl
531 2194 109 29 direkt
657 2202 71 21 som
744 2193 146 28 indirekt
906 2194 84 27 utan
1007 2191 237 31 motsvarande
1261 2190 123 35 ökning
1400 2189 11 28 i
1428 2188 193 29 arbetarnas

125 2240 172 37 förtjänst;
324 2240 62 28 och
412 2240 56 28 det
494 2239 136 36 slutliga
654 2237 176 30 resultatet
855 2246 44 20 av
924 2246 41 20 en
991 2236 94 37 dylik
1110 2235 175 37 opraktisk
1309 2233 226 37 organisation
1560 2232 64 28 blir

126 2284 174 29 minskade
329 2283 159 30 områden
517 2284 52 28 för
598 2281 195 30 ekonomisk
822 2281 277 36 skogshantering
1129 2280 61 28 och
1220 2278 154 31 minskad
1401 2276 143 37 tillgång
1572 2276 54 29 till

127 2328 158 37 förtjänst
308 2328 52 28 för
382 2327 289 37 skogsarbetarna.
697 2325 168 36 Styrelsen
887 2324 108 31 måste
1018 2325 113 28 därför
1153 2324 147 28 bestämt
1323 2323 165 29 motsätta
1510 2321 49 35 sig
1582 2329 40 20 en

127 2372 93 36 dylik
239 2372 206 36 uppdelning
464 2380 43 20 av
527 2369 356 35 avverkningsarbetet
903 2368 44 37 på
965 2369 109 29 skilda
1093 2368 103 29 avtal.

170 2416 111 28 Skulle
303 2416 248 30 motionärerna
573 2414 182 31 emellertid
777 2415 111 28 avsett
910 2413 141 29 allenast
1073 2414 50 27 ett
1145 2411 218 37 särskiljande
1384 2419 45 20 av
1448 2410 103 36 priset
1572 2409 52 28 för

128 2461 168 36 huggning
316 2461 61 27 och
398 2460 151 36 körning,
570 2459 51 29 får
640 2458 162 37 styrelsen
822 2458 153 30 meddela
995 2459 51 27 att
1067 2457 57 28 vid
1144 2457 40 27 de
1204 2455 82 29 allra
1304 2455 98 29 flesta
1423 2463 43 20 av
1486 2454 136 29 domän-
