1906 2844
579 168 259 29 Statsutskottets
861 168 163 29 utlåtande
1048 168 47 28 Nr
1119 170 25 26 9.
1579 168 36 29 15

152 252 70 40 9:0)
249 254 127 38 Kungl.
397 254 101 38 Maj:t
517 255 61 31 har
602 255 124 38 (punkt
748 253 35 38 9)
811 255 173 39 föreslagit
1006 255 176 37 riksdagen
1205 255 161 38 medgiva,
1388 258 48 29 att
1459 267 40 20 av
1522 255 90 31 förut
1635 257 185 35 Spåranord-

106 303 221 32 omförmiälda
346 303 180 38 besparade
545 304 242 37 anslagsmedel
808 305 53 31 för
880 308 125 28 statens
1024 305 182 37 järnvägar
1226 305 53 31 må
1299 304 52 31 för
1371 304 178 32 utförande
1570 317 41 19 av
1637 288 177 73 anlelning

107 354 304 37 spåranordningar
432 354 10 30 1
465 354 196 38 anslutning
682 355 53 31 till
759 354 213 38 förefintliga
996 355 205 37 spårsystem
1225 354 169 32 användas
1419 358 45 28 ett
1492 354 117 38 belopp
1624 359 49 59 St
1688 360 136 59 (ÖR

1658 400 48 25 iga
1725 401 82 25 spår-

107 415 41 19 av
169 404 139 31 362.000
327 403 131 32 kronor.
1670 428 117 31 system.

152 453 225 37 Utredningen
400 453 11 31 i
435 457 110 28 ämnet
572 454 183 32 återfinnes
780 454 19 31 å
822 454 62 31 sid.
909 455 128 30 36—39
1064 466 41 19 av
1129 454 183 38 åberopade
1338 454 271 38 statsrådsproto-
1697 452 59 61 [9.]

107 485 114 71 kollet.

150 551 65 33 Det
238 564 41 20 av
301 552 117 37 Kungl
441 552 100 37 Maj:t
563 552 145 38 begärda
731 552 153 38 anslaget
908 552 148 32 fördelar
1082 552 52 38 sig
1158 553 43 37 på
1224 552 149 38 följande
1396 557 126 34 poster:

106 661 3 31 |
1159 677 179 29 Förlängning
1390 694 22 24 U

105 736 3 12 |
1146 718 32 15 av
1199 711 143 38 mötesspår
1366 728 3 12 |
1385 695 143 57 Iastnines.
1544 696 48 57 och

544 744 142 24 Plats
1135 744 45 24 och
1196 745 159 29 utläggning
1453 741 49 49 täll
1527 763 43 18 ne

1150 786 32 16 av
1201 779 39 22 ett
1257 778 82 32 tredje
1386 770 95 49 FER
1489 770 105 49 a

1123 808 2 12 |
1188 812 109 31 tågspår
1472 804 46 23 par

105 864 2 12 |
1366 852 2 8 -
1587 864 25 5 —/

519 919 20 26 I
554 919 154 26 distriktet.

128 971 100 24 Värtan
259 965 38 41 soo
326 965 71 41 soo
459 965 52 41 rer
541 989 93 7 rer
713 989 155 5 rr
1031 989 73 5 ss
1279 984 32 4 —
1463 970 93 32 59,000

104 1024 2 20 |
128 1021 140 30 Huddingö
292 1040 4 4 .
325 1041 71 5 soo
458 1041 40 5 rr
527 1041 38 5 rr
595 1040 71 6 rer
696 1040 70 5 rr
828 1039 40 6 rr
897 1040 38 5 rr
964 1039 72 5 rs
1075 1039 29 6 a
1220 1020 92 31 48,000
1524 1036 30 4 —

104 1056 3 32 |

507 1087 40 26 IT
563 1087 147 26 distriktet

103 1112 3 92 |
128 1139 147 31 Strömtorp.
323 1157 6 7 .
358 1158 745 7 sosse
977 1134 129 41 ta
1220 1134 94 41 64,000
1522 1155 33 3 —

495 1205 58 26 III
569 1205 147 26 distriktet

102 1248 3 64 |
126 1251 156 36 Ängelholm
323 1276 4 4 .
356 1276 746 7 esse
691 1247 87 47 ess
794 1247 116 47 ses
926 1247 181 47 sosse
1219 1256 91 33 40,006
1522 1272 33 4 —

501 1323 47 27 IV
565 1323 147 27 distriktet
1364 1308 3 8 |

125 1375 73 30 ÅNgO
223 1371 37 41 soo
289 1393 71 6 ser
423 1393 679 8 rer
810 1371 167 41 rs
1025 1371 47 41 ss
1087 1371 18 41 a
1278 1390 32 4 —
1462 1375 93 32 56,000

1365 1408 1 9 i
1608 1408 3 16 I

518 1441 23 26 V
558 1441 151 26 distriktet.
1119 1444 3 29 |
1364 1436 2 30 |
1608 1448 2 8 I

124 1493 102 24 Kiroma
256 1511 71 5 ooo
356 1512 71 4 sme
457 1512 72 7 rer
558 1514 72 5 rss
659 1514 71 5 res
761 1514 37 5 rr
861 1513 106 5 ses
996 1513 106 6 ses
1120 1476 2 66 |
1219 1493 91 33 95,000
1329 1473 15 57 —
1364 1496 2 28 |
1522 1508 88 25 -—

882 1553 109 25 Summa
1011 1555 94 23 kronor
1197 1547 116 41 247,000
1363 1536 2 49 |
1444 1551 110 32 115,000

1310 1601 111 59 362.000
1608 1604 1 4 |

148 1704 372 39 Departementschefen
538 1705 61 33 har
618 1706 11 32 i
649 1706 134 33 ärendet
803 1706 114 33 anfört
938 1706 164 39 följande:

148 1756 70 33 »På
233 1757 108 39 grund
356 1770 42 20 av
413 1758 59 32 den
488 1757 104 33 ökade
606 1758 148 32 trafiken
770 1759 57 31 vid
841 1758 182 38 Huddinge
1037 1759 59 32 och
1114 1758 127 33 Värtan
1257 1759 91 32 torde
1365 1759 37 32 de
1419 1758 203 39 föreslagna.

105 1807 282 39 utvidgningarna
408 1807 57 32 vid
490 1808 94 32 dessa
608 1808 156 32 stationer
788 1808 73 32 icke
885 1808 112 32 kunna
1021 1808 255 39 undanskjutas.
1311 1808 136 32 Jämväl
1472 1808 136 38 anlägg-

102 1858 163 38 ningarna
280 1858 56 32 vid
352 1857 198 40 Strömtorp,
566 1855 201 41 Ängelholm
784 1859 60 32 och
859 1859 133 32 Kiruna
1007 1871 102 27 synas
1126 1871 43 20 nu
1187 1859 78 32 böra
1282 1859 129 33 komma
1427 1859 54 32 till
1499 1859 107 38 stånd,

105 1908 42 32 då
171 1909 189 38 därigenom
382 1909 124 32 banans
530 1909 278 39 trafikkapacitet
832 1910 58 32 och
911 1910 306 33 trafiksäkerheten
1240 1910 81 33 ökas
1345 1910 172 39 samtidigt
1542 1922 67 20 som

108 1963 102 28 större
230 1959 172 39 möjlighet
419 1959 134 33 beredes
572 1965 49 28 att
640 1961 152 32 använda
810 1961 114 39 längre
943 1961 144 39 godståg
1107 1961 59 32 och
1185 1961 140 32 sålunda
1344 1961 150 39 utnyttja
1514 1961 94 39 drag-

98 2010 130 33 kraften
252 2011 57 32 hos
334 2011 37 33 de
395 2014 88 30 stora
506 2012 383 39 godstågslokomotiven.

142 2060 73 33 Vad
239 2060 164 33 beträffar
427 2061 202 39 utökningen
656 2074 40 20 av
720 2063 285 38 spårutrymmena
1030 2063 56 32 vid
1110 2060 105 42 Ånge,
1242 2063 36 31 så
1302 2063 85 32 hava
1412 2063 193 39 riksdagens

99 2111 155 32 revisorer
280 2111 11 32 1
318 2112 49 31 sin
395 2111 133 39 nyligen
556 2112 141 39 avgivna
722 2112 171 33 berättelse
922 2113 68 32 fäst
1020 2113 329 38 uppmärksamheten
1377 2114 42 37 på
1448 2114 36 32 de
1513 2113 90 39 bety-

97 2162 101 32 dande
223 2161 124 39 belopp,
374 2173 67 21 som
466 2162 102 32 under
593 2174 109 21 senare
727 2163 36 32 år
789 2163 147 39 nedlagts
962 2164 19 31 å
1006 2164 141 31 nämnda
1172 2164 120 32 station
1317 2164 11 32 1
1355 2164 89 38 syfte
1471 2167 48 29 att
1546 2164 57 32 där

99 2212 104 39 skapa
231 2224 36 20 en
296 2212 229 38 centralpunkt
555 2213 11 31 i
596 2213 52 32 det
677 2213 217 33 norrländska
923 2214 250 38 järnvägsnätet
1204 2214 51 32 för
1285 2213 123 33 arbetet
1437 2214 72 32 med
1541 2226 62 20 om-

97 2263 176 38 rangering
298 2262 57 32 och
380 2262 198 40 omlastning
604 2275 41 20 av
669 2263 215 39 godsvagnar.
935 2262 177 40 Samtidigt
1137 2264 60 32 har
1223 2264 210 39 framhållits,
1460 2268 49 29 att
1536 2265 66 32 fär-

97 2313 242 39 digbyggandet
367 2325 40 20 av
435 2313 246 33 Ostkustbanan
707 2314 107 32 kunde
842 2314 19 32 å
889 2314 59 32 den
976 2314 153 38 jämsides
1158 2315 137 38 löpande
1323 2315 89 32 delen
1439 2327 41 20 av
1508 2327 95 21 norra

97 2363 191 33 stambanan
316 2364 147 32 medföra
490 2364 122 32 sådana
638 2364 180 38 betydande
846 2364 245 39 omkastningar
1118 2365 11 31 i
1157 2365 270 38 trafikavseende,
1457 2369 47 29 att
1532 2366 70 32 där-

96 2426 41 20 av
160 2414 107 32 kunde
289 2413 148 39 betingas
462 2414 90 32 vissa
575 2419 80 28 även
680 2410 94 43 Ånge
798 2414 174 33 berörande
996 2415 72 39 tåg-
1093 2415 56 32 och
1174 2415 362 40 driftsomläggningar.
1584 2417 18 31 I

96 2464 173 38 anledning
297 2476 41 21 av
365 2464 176 38 styrelsens
570 2477 43 20 nu
642 2465 187 38 framlagda
870 2465 125 38 förslag
1023 2477 51 20 om
1114 2466 251 38 spårsystemets
1405 2467 220 41 utvidgning
1609 2460 21 52 -
