1906 2844
583 163 257 30 Statsutskottets
856 162 163 30 utlåtande
1040 161 48 29 Nr
1107 163 27 27 9.
1603 159 19 30 9

112 251 52 32 till
187 251 352 38 kabelanläggningens
565 250 253 39 genomförande
844 249 143 38 alltjämt
1011 260 96 27 synes
1131 248 134 31 befinna
1288 247 52 38 sig
1364 247 40 38 på
1429 250 45 29 ett
1500 246 112 32 sådant

114 302 228 32 förberedande
369 302 150 44 stadium,
548 304 47 29 att
624 301 99 32 medel
752 301 51 31 för
831 299 182 32 ändamålet
1040 298 166 38 knappast
1231 298 92 31 torde
1351 297 122 32 behöva
1503 297 110 31 finnas

111 353 213 39 tillgängliga
349 352 95 32 redan
469 351 101 32 under
594 351 191 38 budgetåret
811 350 229 31 1925—1926.

160 403 73 32 Med
250 403 130 37 hänsyn
396 401 115 32 härtill
529 401 60 31 har
607 400 161 32 utskottet
785 403 107 28 ansett
909 399 53 32 det
980 411 40 19 av
1039 398 128 38 Kungl.
1188 397 99 37 Maj:t
1304 397 145 38 begärda
1467 396 148 38 anslags-

112 453 151 38 beloppet
283 453 112 31 kunna
415 452 178 38 begränsas
613 451 53 31 till
689 450 172 38 8,000,000
884 449 130 32 kronor.

160 503 179 37 Utskottet,
362 514 67 20 som
452 503 11 30 i
485 502 109 37 övrigt
616 500 72 33 icke
711 500 111 32 funnit
845 499 176 38 anledning
1043 498 53 32 till
1120 498 130 31 erinran
1274 502 65 27 mot
1362 497 253 37 departements-

115 553 132 33 chefens
267 552 103 32 under
392 552 105 31 denna
519 551 107 38 punkt
649 549 214 33 framställda
885 549 139 38 förslag,
1047 549 54 30 får
1125 548 100 31 alltså
1246 546 185 38 hemställa,

466 647 49 29 att
538 643 179 38 riksdagen
740 643 53 31 må
816 642 53 31 för
892 642 138 37 fortsatt
1053 640 191 37 utveckling
1268 650 40 20 av
1331 640 124 31 statens
1479 638 135 37 telefon-

423 695 58 31 och
507 692 285 39 telegrafväsende
818 692 53 32 för
896 691 195 38 budgetåret
1119 690 216 31 1925—1926
1361 689 112 31 anvisa
1499 691 45 29 ett
1571 699 45 20 re-

423 744 303 38 servationsanslag
751 755 40 20 av
818 743 173 38 8,000,000
1018 741 130 32 kronor.

683 1000 148 35 Statens
852 999 210 43 järnvägar.

163 1097 70 41 6:0)
263 1098 128 38 Kungl.
417 1097 101 38 Maj:t
543 1096 61 32 har
629 1096 174 38 föreslagit
828 1094 179 39 riksdagen
1037 1092 125 40 (punkt
1189 1091 35 40 6)
1255 1096 48 29 att
1328 1092 53 31 för
1406 1091 216 38 omläggning
1635 1095 200 33 Omläggning

117 1162 41 20 av
180 1153 113 29 västra
316 1148 211 34 stambanans
550 1147 225 39 ingångslinje
800 1151 76 27 över
900 1144 304 39 Hammarbyleden
1228 1146 85 29 samt
1338 1142 204 32 förbättrade
1567 1153 54 20 an-
1659 1138 35 18 av
1714 1130 101 60 Västra

117 1201 179 38 ordningar
317 1199 57 33 vid
397 1198 207 34 Stockholms
628 1197 248 33 centralstation
899 1209 42 19 m.
964 1208 42 19 m.
1031 1195 53 32 för
1106 1194 196 39 budgetåret
1326 1193 217 31 1925—1926
1567 1203 54 20 an-
1645 1197 113 26 banans
1779 1196 45 40 in-

116 1252 74 32 visa
210 1255 46 28 ett
279 1249 336 39 reservationsanslag
638 1261 41 20 av
704 1248 172 38 1,000,000
899 1247 131 32 kronor.
1646 1226 177 69 gFängslinje

160 1301 222 34 Beträffande
405 1300 219 39 utredningen
647 1300 12 31 i
682 1298 133 33 ärendet
838 1298 55 31 får
916 1297 162 33 utskottet
1103 1296 140 32 hänvisa
1264 1295 54 31 till
1340 1294 62 32 sid.
1426 1293 129 32 29—33
1581 1304 41 20 av
1643 1297 192 41 marbyleden

117 1353 182 38 åberopade
327 1350 341 39 statsrådsprotokoll.
1634 1332 100 60 ätt
1759 1331 76 60 ör

1651 1399 168 32 ordningar

1651 1433 50 26 vid
1715 1432 103 27 Stock-

162 1454 75 32 Med
264 1453 179 38 anledning
470 1464 42 20 av
539 1451 128 39 Kungl.
697 1450 117 38 Maj:ts
843 1449 11 32 i
879 1448 216 39 proposition,
1124 1459 38 19 nr
1191 1447 72 37 171,
1293 1444 117 40 gjorda
1438 1443 184 33 framställ-
1645 1466 97 27 holms
1761 1473 65 19 cen-

119 1505 108 39 ning
216 1492 18 56 i
245 1507 108 29 ämnet
370 1503 60 32 har
448 1503 83 32 1923
552 1503 53 31 års
623 1501 137 39 riksdag
780 1500 68 32 dels
867 1499 217 38 bemyndigat
1102 1497 128 39 Kungl.
1250 1496 99 38 Maj:t
1368 1499 47 29 att
1434 1495 103 32 under
1556 1494 68 32 viss
1650 1499 175 28 tralstation

118 1557 142 39 angiven
288 1555 242 38 förutsättning
559 1555 19 31 å
606 1557 122 29 statens
756 1557 127 34 vägnar
912 1551 178 39 godkänna
1120 1550 53 32 det
1201 1548 120 32 mellan
1351 1547 190 39 delegerade
1570 1547 53 31 för
1662 1538 14 52 —
1693 1542 38 18 "+
1748 1541 39 57 ”

118 1611 107 29 staten
250 1607 58 32 och
336 1606 203 32 Stockholms
567 1605 74 31 stad
668 1604 60 32 den
757 1604 38 31 15
825 1602 149 32 februari
1002 1601 84 32 1923
1114 1599 149 33 träffade
1290 1598 214 39 preliminära
1532 1600 89 29 avta-
1704 1576 58 43 [6.1

117 1658 46 33 let
202 1657 137 33 rörande
378 1655 205 34 Stockholms
623 1654 278 39 bangårdsfråga,
942 1652 69 32 dels
1050 1651 60 32 ock
1150 1651 53 31 för
1242 1650 36 32 de
1319 1650 12 31 i
1368 1649 137 32 berörda
1532 1648 91 31 avtal

118 1709 140 32 avsedda
292 1708 152 32 arbetena
480 1707 52 32 för
568 1705 215 39 omläggning
820 1716 41 20 av
897 1706 115 29 västra
1048 1701 213 33 stambanans
1298 1699 222 39 ingångslinje
1547 1703 76 27 över

120 1757 304 39 Hammarbyleden
450 1760 85 29 samt
559 1754 206 34 förbättrade
812 1753 224 38 anordningar
1061 1752 56 32 vid
1144 1750 205 34 Stockholms
1374 1748 251 33 centralstation

120 1822 43 19 m.
187 1822 42 19 m.
254 1809 53 32 för
330 1808 196 38 budgetåret
552 1806 217 33 1923—1924
793 1805 130 32 anvisat
948 1807 46 29 ett
1020 1801 339 38 reservationsanslag
1383 1812 41 20 av
1450 1799 174 38 2,500,000

120 1860 130 32 kronor.
298 1859 157 32 Därefter
480 1858 61 31 har
567 1858 53 31 för
644 1855 188 34 ändamålet
858 1855 53 32 för
935 1854 198 39 budgetåret
1160 1852 216 32 1924—1925
1404 1850 148 33 anvisats
1577 1853 48 29 ett

120 1909 336 39 reservationsanslag
479 1921 40 20 av
541 1908 174 38 3,500,000
735 1907 130 32 kronor.

165 1961 107 33 Sedan
290 1959 224 34 ovanberörda
530 1958 243 38 förutsättning
790 1956 182 39 uppfyllts,
990 1955 61 33 har
1070 1954 129 39 Kungl.
1216 1953 101 38 Maj:t
1334 1964 115 28 genom
1466 1951 80 32 brev
1564 1951 60 32 den

123 2014 40 31 25
189 2012 65 37 maj
282 2012 83 32 1923
391 2011 19 31 å
435 2014 125 29 statens
584 2014 128 34 vägnar
737 2008 148 39 godkänt
910 2006 219 33 förenämnda
1155 2005 91 33 avtal
1270 2009 85 28 samt
1381 2003 182 39 uppdragit
1589 2003 33 31 åt

122 2061 324 40 järnvägsstyrelsen
466 2064 48 29 att
535 2060 114 31 utföra
671 2057 260 40 ifrågavarande
952 2057 132 32 arbeten
1106 2061 152 27 ävensom
1280 2059 49 29 att
1349 2054 137 38 vidtaga
1509 2053 117 38 övriga

119 2114 44 38 på
181 2113 161 38 styrelsen
360 2111 237 33 ankommande
616 2110 156 39 åtgärder
791 2109 53 32 för
861 2108 184 39 bringande
1063 2108 12 32 i
1093 2106 256 38 verkställighet
1367 2117 40 20 av
1427 2104 136 33 avtalet.

165 2163 232 33 Kostnaderna
415 2163 52 31 för
483 2161 259 39 ifrågavarande
760 2160 133 32 arbeten
908 2159 89 32 hava
1013 2158 180 32 beräknats
1209 2157 52 32 till
1279 2156 194 38 15,450,000
1491 2155 131 37 kronor,

124 2214 59 33 och
202 2214 60 32 har
283 2213 53 33 det
357 2213 189 37 förutsatts,
566 2215 49 29 att
637 2211 173 38 3,900,000
831 2210 119 31 kronor
972 2208 95 33 skola
1086 2209 83 38 utgå
1189 2220 41 20 av
1251 2205 375 40 förnyelsefondsmedel

119 2265 57 32 och
196 2265 194 38 11,550,000
408 2264 120 32 kronor
545 2275 41 20 av
604 2262 179 38 riksdagen
804 2261 133 32 anvisas
956 2260 107 32 såsom
1083 2258 136 33 särskilt
1239 2258 127 38 anslag.

165 2316 117 38 Enligt
316 2327 39 21 en
388 2315 87 32 inom
509 2312 326 40 järnvägsstyrelsen
868 2310 195 40 upprättad,
1098 2310 11 32 i
1145 2309 157 32 nästlidet
1337 2308 53 32 års
1426 2306 197 33 statsverks-

120 2366 203 39 proposition
353 2365 198 33 omförmäld
578 2364 79 39 plan
685 2364 53 31 för
766 2363 171 32 arbetenas
966 2360 199 34 bedrivande
1194 2359 106 33 skulle
1326 2358 137 32 behovet
1492 2370 41 20 av
1561 2369 63 20 me-

124 2418 52 32 del
208 2417 104 32 under
345 2415 270 40 byggnadstiden
638 2415 98 32 ställa
761 2414 52 39 sig
834 2414 44 37 på
900 2412 148 39 följande
1071 2415 82 29 sätt:
1186 2410 196 39 budgetåret
1408 2408 218 33 1923—1924

121 2469 173 38 2,500,000
334 2467 129 38 kronor,
503 2466 103 32 därav
647 2465 139 38 650,000
825 2463 120 33 kronor
985 2475 40 20 ur
1063 2461 302 40 förnyelsefonden,
1407 2459 217 33 1924—1925
