1914 2838
289 160 40 31 38
766 161 261 29 Statsutskottets
1048 161 161 29 utlitande
1230 161 48 29 Nr
1298 163 27 27 9.

293 247 254 32 motionärernas
569 247 71 32 sida
660 259 82 20 vara
763 247 99 38 något
884 250 49 29 att
953 247 107 33 erinra
1080 251 76 35 mot,
1180 251 49 29 att
1250 260 77 20 man
1348 260 113 27 genom
1482 250 225 33 kraftverkets
1730 251 65 32 för-

293 288 126 38 storing
438 288 140 33 erhåller
596 301 38 20 en
654 290 102 31 under
775 290 66 32 alla
860 289 229 33 förhållanden
1108 290 212 39 synnerligen
1337 291 97 38 billig
1451 292 143 33 kostnad
1613 294 18 31 å
1650 293 58 32 den
1725 294 67 31 till-

293 329 118 33 komna
430 330 159 33 effekten.
631 330 49 33 På
698 343 125 21 samma
841 333 90 37 gång
950 332 105 32 denna
1073 333 127 32 medför
1219 345 39 20 en
1277 333 212 39 nedsättning
1507 335 12 31 i
1537 335 256 33 abonnenternas

293 372 174 38 kraftpris,
490 372 130 33 komma
642 373 37 33 de
702 374 155 32 anslutna
876 374 238 33 industriernas
1136 374 415 39 konkurrensmöjligheter
1574 378 188 37 därigenom
1783 378 11 32 i

293 414 67 33 viss
378 415 76 31 mån
472 419 51 28 att
539 415 143 33 stärkas.
723 416 43 37 Ej
784 416 103 32 heller
905 416 50 32 lär
973 416 53 33 det
1042 417 56 32 väl
1116 417 112 32 kunna
1246 429 94 21 anses
1359 430 78 20 vara
1454 419 100 37 något
1575 420 57 37 fel,
1650 424 48 29 att
1717 432 76 21 man

292 456 189 39 härigenom
502 457 108 33 skulle
631 458 77 32 ernå
727 457 108 33 bättre
856 458 211 38 förräntning
1087 471 40 20 av
1148 459 37 32 de
1206 471 40 20 av
1266 463 109 29 staten
1395 460 163 38 nedlagda
1574 461 219 34 kostnaderna

295 499 51 32 för
368 499 228 33 vattenfallets
617 499 100 39 inköp
741 500 58 32 och
823 500 53 32 för
899 501 70 32 dess
992 501 224 38 utnyttjande.

337 541 75 32 Vad
432 542 104 38 angår
556 542 256 33 motionärernas
831 542 203 38 påpekande,
1055 547 49 28 att
1122 543 455 38 elektrifieringskommittén
1594 546 11 31 i
1625 546 70 32 sina
1713 546 80 32 rikt-

296 584 94 37 linjer
411 584 52 31 för
483 584 357 38 kraftförsörjningens
862 585 159 32 framtida
1040 586 164 32 ordnande
1222 586 74 32 icke
1317 587 111 32 funnit
1447 587 103 32 behov
1571 587 163 38 föreligga
1753 601 41 20 av

293 637 37 19 en
358 624 229 40 kraftledning
615 626 119 33 mellan
762 626 82 33 Ume
872 627 54 32 älv
952 627 57 33 och
1037 623 141 42 Ådalen,
1205 628 59 32 vill
1293 629 358 37 vattenfallsstyrelsen
1678 630 115 33 endast

296 666 177 33 framhålla
491 668 67 32 dels
577 672 48 28 att
642 668 203 38 kommittén,
863 670 12 31 i
889 669 110 33 vilken
1016 669 261 34 undertecknade
1296 670 134 33 Hansen
1448 672 56 31 och
1523 671 181 38 Borgquist
1719 684 75 20 voro

293 708 187 39 ledamöter,
502 710 86 38 själv
610 710 164 33 förklarat
795 712 72 32 sina
889 711 166 38 riktlinjer
1074 715 164 29 motsvara
1259 712 116 33 endast
1397 725 37 20 en
1455 713 132 38 lösning
1608 726 40 20 av
1669 714 123 37 proble-

294 756 64 28 met
381 751 98 33 bland
502 753 121 37 många
645 753 112 38 andra,
780 753 68 33 dels
871 757 48 29 att
939 754 60 32 här
1021 754 29 37 ej
1074 759 35 27 är
1131 754 97 35 fråga
1250 767 49 19 om
1322 756 106 36 någon
1449 758 103 29 större
1574 756 219 38 överförings-

295 793 77 38 linje
391 795 42 36 på
455 794 143 33 nämnda
617 795 142 38 sträcka,
782 795 68 32 dels
871 795 156 39 slutligen
1049 799 48 29 att
1117 796 193 33 kommittén
1330 797 142 37 givetvis
1493 798 72 32 icke
1585 799 56 31 vid
1660 803 133 33 upprät-

293 837 96 31 tande
406 849 41 19 av
464 837 70 32 sina
552 837 114 38 planer
681 837 109 33 kunde
807 838 87 32 hava
909 838 180 32 kännedom
1106 850 49 20 om
1174 839 37 31 de
1228 839 155 37 speciella
1402 839 157 37 faktorer,
1577 851 66 20 som
1663 852 132 20 numera

294 879 86 38 gjort
403 878 271 39 kraftledningen
707 871 176 53 Norrfors
896 871 437 53 -Örnsköldsvik—Nyland
1362 877 163 42 (Ådalen)
1556 881 149 39 lämplig.

339 920 53 32 Då
418 921 359 38 vattenfallsstyrelsen
805 922 12 32 i
843 922 192 38 anslutning
1062 923 53 31 till
1141 923 64 32 vad
1231 935 82 20 ovan
1342 928 91 32 sagts
1459 924 124 32 varken
1610 924 64 32 kan
1700 925 93 33 finna

292 964 104 37 några
417 963 152 33 formella
586 963 78 33 eller
681 964 99 32 reella
799 964 74 32 skäl
893 968 65 29 mot
977 964 98 32 bifall
1095 965 53 32 till
1168 965 127 38 Kungl.
1316 965 115 38 Maj:ts
1451 965 200 39 proposition
1673 978 48 20 om
1742 967 52 31 det

293 1006 52 31 för
362 1006 275 32 kraftstationens
656 1006 183 39 förstoring
859 1006 217 39 erforderliga
1095 1007 102 32 ökade
1217 1007 160 39 anslaget,
1397 1008 57 31 och
1474 1008 40 32 då
1534 1008 200 39 beställning
1754 1021 41 20 av

291 1048 211 32 maskineriet
519 1048 53 31 för
587 1048 246 38 anläggningen
850 1049 102 31 måste
968 1049 57 32 ske
1043 1053 79 28 utan
1139 1049 152 38 uppskov
1305 1049 53 32 för
1372 1053 48 29 att
1434 1049 258 34 kraftstationen
1706 1050 87 32 skall

292 1090 112 32 kunna
425 1090 91 32 bliva
539 1090 216 38 färdigställd
778 1091 86 31 inom
889 1090 165 33 beräknad
1076 1092 59 38 tid,
1159 1092 54 31 får
1236 1092 162 38 styrelsen
1418 1092 185 38 hemställa,
1627 1096 48 29 att
1698 1096 95 29 stats-

294 1132 161 32 utskottet
487 1133 101 32 måtte
616 1133 160 37 avstyrka
808 1134 254 32 motionärernas
1092 1134 197 33 hemställan
1322 1135 59 32 och
1409 1135 175 37 tillstyrka
1613 1135 98 33 bifall
1739 1137 54 32 till

294 1173 128 38 Kungl.
447 1174 117 37 Maj:ts
589 1175 228 32 ovannämnda
840 1176 200 37 proposition
1064 1177 12 31 i
1100 1176 199 33 oförändrad
1324 1177 95 32 form.

338 1216 242 32 Motionärerna
599 1216 86 33 hava
706 1217 164 32 dessutom
891 1217 168 33 hemställt
1079 1230 50 20 om
1150 1219 213 37 nedsättning
1381 1219 11 32 i
1413 1219 52 32 det
1485 1231 40 20 av
1546 1219 128 37 Kungl.
1693 1219 100 38 Maj:t

292 1258 146 38 begärda
457 1259 370 38 reservationsanslaget
845 1259 53 32 för
916 1260 374 38 vattenfallsstyrelsens
1308 1260 485 39 distributionsanläggningar.

293 1298 170 39 Styrelsen
486 1300 61 32 vill
567 1301 73 32 med
664 1300 177 39 anledning
865 1301 101 33 därav
990 1302 188 38 framhålla,
1202 1306 49 29 att
1275 1303 163 37 styrelsen
1460 1303 57 32 hos
1541 1303 128 38 Kungl.
1693 1304 99 37 Maj:t

293 1341 115 38 begärt
428 1342 208 38 uppförande
657 1355 40 20 av
718 1346 47 30 ett
785 1343 119 39 anslag
924 1356 40 20 av
984 1344 172 38 3,000,000
1176 1344 60 38 kr.,
1258 1357 73 20 men
1352 1349 48 28 att
1422 1344 126 38 Kungl.
1570 1345 100 38 Maj:t
1689 1346 11 32 i
1721 1358 71 25 pro-

292 1384 184 37 positionen
494 1384 99 33 redan
611 1385 132 32 nedsatt
763 1385 90 33 detta
870 1385 117 39 belopp
1006 1386 54 32 till
1080 1387 172 37 2,200,000
1270 1387 52 32 kr.
1363 1387 73 32 Med
1454 1387 132 37 hänsyn
1603 1388 114 32 härtill
1735 1389 58 32 och

292 1426 53 32 till
367 1427 64 32 vad
453 1427 91 32 förut
565 1427 127 33 anförts
715 1427 213 33 beträffande
952 1428 288 33 Norrforsverkets
1265 1429 362 32 distributionsområde
1649 1430 53 32 får
1724 1433 68 34 sty-

293 1468 103 32 relsen
416 1468 135 33 härmed
571 1469 185 38 hemställa,
777 1473 49 29 att
846 1470 245 32 statsutskottet
1109 1470 78 33 ville
1208 1470 162 38 avstyrka
1390 1471 255 33 motionärernas
1666 1472 127 38 förslag

292 1511 125 37 jämväl
437 1511 11 32 i
469 1510 105 33 denna
594 1506 61 38 del.

339 1559 188 34 Stockholm
545 1561 59 32 den
626 1562 40 31 29
685 1562 67 37 jan.
774 1562 97 34 1925.

827 1644 39 33 F.
893 1644 129 33 VILH.
1049 1644 206 34 HANSEN.

340 1752 51 33 IV.
410 1752 192 38 Borgquist.

1419 1797 78 33 Sam
1519 1797 184 39 Malmfors.

481 2423 179 31 Stockholm
677 2426 85 27 1925.
798 2424 112 34 Kungl.
927 2425 239 34 Boktryckeriet,
1183 2427 34 28 P.
1234 2427 36 28 A.
1288 2427 149 30 Norstedt
1455 2428 21 29 &
1494 2428 108 30 Söner.

992 2479 99 21 250560
