1890 2790
482 138 285 30 Statsutskottets
787 137 179 30 utlåtande
983 145 43 21 nr
1046 136 59 30 121
1125 135 39 30 år
1186 135 83 30 1966
1605 134 13 28 1

794 471 65 40 Nr
881 471 81 40 121

333 583 185 30 Utlåtande
541 583 11 29 i
571 582 189 40 anledning
779 591 42 21 av
843 582 124 29 väckta
989 581 172 30 motioner
1183 589 56 21 om
1264 579 186 40 utredning
1473 579 148 29 rörande

532 644 280 40 statsutgifterna
833 653 45 20 m.
900 654 45 20 m.

1384 694 75 35 (4:e
1480 694 94 34 avd.)

179 804 14 29 I
218 804 58 30 två
301 804 223 40 likalydande
549 804 181 35 motioner,
756 803 124 30 väckta
906 803 66 30 den
998 812 66 21 ena
1088 803 95 29 inom
1212 801 111 30 första
1348 801 205 30 kammaren
1581 809 41 21 av

134 858 122 29 herrar
276 857 214 30 Lundström
512 858 66 29 och
597 858 175 39 Bengtson
800 856 141 34 (1:475)
967 856 66 30 och
1055 856 66 29 den
1143 855 110 30 andra
1276 855 96 29 inom
1394 855 111 29 andra
1526 854 96 29 kam-

136 920 120 20 maren
276 920 42 20 av
336 910 121 30 herrar
477 911 164 29 Hedlund
660 910 65 30 och
746 910 104 30 Ohlin
876 910 62 33 (II:
955 909 81 34 572)
1060 909 65 30 har
1145 908 198 30 hemställts
1363 910 51 28 att
1435 907 187 39 riksdagen

135 964 108 29 måtte
266 965 11 28 i
301 964 166 30 skrivelse
490 965 52 29 till
567 964 125 39 Kungl.
717 964 105 39 Maj:t
845 964 113 29 uttala
982 963 73 29 dels
1080 964 50 28 att
1154 971 43 21 en
1222 962 161 29 rullande
1407 961 215 39 femårsplan

136 1017 54 29 för
214 1019 131 28 statens
368 1017 145 39 utgifter
536 1017 65 30 och
624 1017 193 29 inkomster
840 1017 192 39 upplägges
1056 1016 54 29 för
1135 1017 50 28 att
1209 1015 46 30 nå
1279 1015 91 30 ökad
1394 1014 229 40 planmässig-

135 1070 67 34 het,
226 1070 456 39 angelägenhetsgradering
705 1070 65 30 och
793 1069 254 40 tidsplanering
1072 1069 11 29 i
1105 1068 276 35 reformarbetet,
1407 1068 73 30 dels
1505 1069 49 28 att
1580 1075 41 21 en

135 1123 286 39 nationalbudget
442 1124 12 29 i
474 1123 361 30 arbetskraftstermer
856 1141 45 3 —
920 1132 44 20 en
983 1122 212 39 bedömning
1216 1131 43 21 av
1279 1122 57 29 det
1358 1121 155 30 samlade
1535 1120 88 29 folk-

135 1176 195 30 hushållets
350 1176 146 40 tillgång
518 1177 65 29 och
603 1176 112 30 behov
737 1186 42 20 av
799 1176 95 30 olika
916 1177 73 38 slag
1011 1185 42 20 av
1073 1175 214 30 arbetskraft
1307 1193 45 3 —
1373 1175 173 39 uppgöres
1569 1174 54 29 för

135 1232 50 27 att
204 1230 200 30 underlätta
422 1230 285 29 reformarbetets
726 1230 193 39 avvägning
938 1229 66 30 och
1024 1229 54 30 för
1097 1231 50 27 att
1166 1229 246 29 åstadkomma
1431 1237 43 21 en
1493 1227 130 30 fastare

135 1284 114 38 grund
271 1283 53 30 för
347 1283 403 39 utbildningsväsendets
772 1283 210 39 utbyggnad,
1006 1283 73 29 dels
1102 1282 66 29 ock
1190 1284 50 27 att
1263 1291 43 20 en
1329 1281 292 40 parlamentarisk

137 1336 185 39 utredning
345 1336 164 30 tillsättes
533 1337 54 29 för
611 1337 148 39 översyn
782 1346 42 20 av
848 1336 283 39 statsutgifterna
1155 1335 54 30 för
1235 1337 50 28 att
1309 1336 46 29 nå
1381 1335 242 29 effektivitets-

135 1390 131 28 vinster
289 1390 64 29 och
377 1389 407 39 kostnadsbesparingar.

180 1443 126 29 Vidare
325 1443 64 29 har
408 1443 11 29 i
438 1443 59 29 två
517 1443 222 39 likalydande
759 1443 181 34 motioner,
961 1442 127 30 väckta
1107 1442 66 29 den
1193 1450 65 21 ena
1278 1441 96 30 inom
1395 1441 111 30 första
1527 1441 96 29 kam-

136 1504 120 21 maren
282 1505 42 20 av
350 1495 122 30 herrar
497 1496 175 39 Bengtson
698 1495 65 30 och
787 1496 215 29 Lundström
1035 1495 140 34 (1:756)
1206 1495 66 29 och
1297 1494 68 30 den
1391 1494 110 30 andra
1528 1494 95 29 inom

136 1549 109 29 andra
264 1549 207 29 kammaren
488 1559 42 19 av
546 1549 120 30 herrar
684 1548 164 30 Hedlund
865 1548 66 30 och
950 1548 104 30 Ohlin
1080 1548 63 34 (11:
1157 1548 95 34 928),
1273 1548 102 29 såvitt
1394 1557 99 20 avser
1512 1547 111 39 punk-

135 1604 100 27 terna
263 1602 80 29 1—3
371 1603 12 28 i
408 1602 229 34 motionerna,
664 1601 197 31 hemställts
889 1604 50 27 att
965 1601 188 39 riksdagen
1178 1601 58 30 vid
1265 1601 55 30 sin
1344 1600 212 40 behandling
1582 1609 42 21 av

136 1655 125 39 Kungl.
281 1655 124 39 Maj:ts
424 1655 218 39 proposition
661 1664 41 20 nr
725 1655 59 30 125
806 1655 107 30 måtte
934 1655 11 29 i
966 1654 167 30 skrivelse
1151 1654 53 30 till
1225 1654 125 39 Kungl.
1372 1655 104 39 Maj:t
1497 1655 126 38 begära

135 1708 93 30 vissa
251 1708 161 38 åtgärder
436 1708 12 29 i
472 1708 90 40 syfte
586 1710 50 28 att
660 1708 246 30 åstadkomma
930 1717 42 20 en
999 1708 102 30 stabil
1125 1707 172 35 ekonomi,
1325 1708 155 30 inriktad
1505 1708 44 39 på
1573 1709 50 28 att

135 1761 132 39 främja
291 1761 208 30 ekonomisk
523 1761 134 30 tillväxt
681 1762 66 29 och
772 1761 105 39 hejda
902 1761 326 39 prisstegringarna,
1255 1762 80 29 med
1360 1761 263 39 utgångspunkt

135 1814 81 29 från
238 1815 56 29 det
318 1814 357 39 sjupunktsprogram
700 1824 74 20 som
799 1814 211 39 framlägges
1034 1815 9 29 i
1067 1814 229 30 motionerna.

181 1867 169 38 Slutligen
375 1867 65 30 har
467 1868 10 29 i
506 1868 58 29 två
590 1867 223 40 likalydande
840 1868 182 34 motioner,
1050 1867 126 30 väckta
1203 1868 67 28 den
1297 1876 67 21 ena
1390 1867 96 30 inom
1514 1867 110 30 första

136 1920 206 29 kammaren
367 1929 43 20 av
434 1920 81 29 herr
542 1921 188 39 Holmberg
755 1930 44 20 m.
827 1921 38 39 fl.
897 1920 142 34 (1:758)
1070 1920 65 29 och
1162 1920 66 29 den
1255 1920 111 30 andra
1392 1920 96 30 inom
1514 1920 110 29 andra

136 1973 205 29 kammaren
361 1982 43 20 av
423 1973 82 29 herr
525 1973 158 30 Bohman
705 1983 45 20 m.
770 1973 38 39 fl.
835 1973 63 33 (11:
913 1973 80 34 927)
1019 1973 197 30 hemställts
1237 1975 50 27 att
1307 1973 189 39 riksdagen
1516 1974 107 29 måtte

136 2026 10 29 i
172 2026 165 29 skrivelse
362 2027 52 28 till
441 2026 125 39 Kungl.
594 2026 106 39 Maj:t
725 2027 73 29 dels
824 2027 121 34 uttala,
972 2028 50 28 att
1048 2026 263 39 budgetarbetet
1338 2026 54 30 för
1420 2027 203 39 budgetåret

139 2079 138 32 1967/68
303 2079 62 30 bör
390 2079 150 30 inriktas
567 2079 43 39 på
635 2089 42 20 en
705 2079 202 39 utgiftsram
932 2088 80 21 vars
1037 2079 135 30 tillväxt
1199 2082 195 27 motsvarar
1419 2079 102 40 högst
1547 2089 76 30 pro-

135 2132 347 38 duktionsökningen
500 2133 11 29 i
529 2133 126 33 landet,
675 2133 74 29 dels
767 2132 186 30 hemställa
972 2142 57 20 om
1048 2133 216 29 tillsättande
1283 2142 42 20 av
1345 2142 42 20 en
1405 2133 218 39 besparings-

136 2185 195 38 utredning,
355 2185 75 29 vari
455 2185 160 38 samtliga
640 2185 261 30 demokratiska
926 2185 139 38 partier,
1092 2185 226 38 näringslivet
1342 2186 65 29 och
1432 2186 41 30 de
1498 2186 126 29 ekono-

136 2238 115 28 miska
272 2237 278 39 vetenskaperna
574 2239 37 28 är
636 2239 292 37 representerade,
954 2239 79 28 med
1059 2238 138 39 uppgift
1222 2240 50 27 att
1298 2241 72 27 mot
1395 2238 228 39 bakgrunden

135 2299 43 20 av
203 2291 56 28 det
285 2290 155 29 rådande
468 2290 341 39 bekymmersamma
835 2290 90 39 läget
952 2291 169 38 ompröva
1146 2290 108 30 redan
1284 2291 132 29 fattade
1442 2291 114 30 beslut
1583 2300 41 21 av

136 2343 110 29 större
268 2342 213 39 omfattning
504 2345 89 27 samt
616 2343 194 38 framlägga
831 2352 41 20 en
896 2344 82 38 plan
1003 2343 53 29 för
1079 2343 66 29 den
1169 2343 166 30 framtida
1359 2344 265 29 statsverksam-

135 2395 104 29 heten
260 2396 78 29 med
359 2395 232 39 riktpunkten
612 2398 50 27 att
684 2396 66 28 den
773 2396 163 29 fortsatta
958 2396 176 38 ökningen
1156 2405 42 20 av
1221 2396 282 39 statsutgifterna
1523 2397 100 39 högst

135 2448 62 29 bör
221 2450 177 28 motsvara
422 2448 410 39 produktionsökningen
860 2449 10 29 i
895 2449 128 29 landet.

138 2506 58 49 1-—
223 2511 126 39 Bihang
379 2510 53 30 till
451 2510 205 40 riksdagens
677 2511 175 39 protokoll
875 2512 93 29 1966.
991 2512 19 28 6
1031 2511 99 30 saml.
1152 2512 49 29 Nr
1224 2512 59 29 121
