1936 2826
568 176 274 31 Statsutskottets
862 176 176 31 utlåtande
1056 176 50 31 Nr
1132 177 70 31 114.
1598 172 37 30 13

791 482 60 40 Nr
879 483 87 40 114.

675 603 110 24 Ankom
802 603 42 24 till
864 604 155 30 riksdagens
1037 604 89 24 kansli
1144 604 52 24 den
1215 603 33 26 23
1265 605 69 30 april
1353 603 67 27 1940
1437 605 36 25 kl.
1493 604 12 25 I
1526 612 19 17 e
1565 612 36 17 m.

351 697 183 31 Utlåtande
551 699 10 29 i
576 698 186 37 anledning
777 708 41 20 av
837 699 125 30 väckta
977 700 171 30 motioner
1165 710 58 21 om
1237 700 160 37 åtgärder
1413 701 52 30 till
1478 701 157 38 förhind-

570 748 108 31 rande
708 758 41 21 av
776 751 49 28 att
855 749 276 31 statsanställdas
1163 750 365 38 befordringsutsikter
1554 752 82 31 eller

570 799 346 38 lönetursberäkning
956 804 208 33 ogynnsamt
1201 801 170 37 påverkas
1412 811 42 21 av
1493 802 142 31 militär-

571 850 227 38 tjänstgöring
815 860 46 21 m.
877 860 46 21 m.

1412 920 66 39 (3:e
1496 920 89 41 avd.)

173 1017 14 30 I
209 1016 57 31 två
284 1017 224 38 likalydande
525 1018 180 36 motioner,
726 1018 123 31 väckta
871 1019 67 30 den
958 1028 74 27 ena,
1053 1029 42 20 nr
1113 1020 53 36 98,
1189 1020 95 31 inom
1303 1021 110 30 första
1431 1022 205 31 kammaren

128 1077 43 21 av
188 1068 120 30 herrar
326 1068 37 31 B.
387 1068 105 31 Ohlin
511 1070 65 29 och
594 1069 81 38 Elof
694 1069 197 31 Andersson
911 1072 89 28 samt
1029 1070 68 30 den
1116 1071 120 36 andra,
1255 1081 42 20 nr
1317 1072 73 36 116,
1412 1071 96 31 inom
1525 1073 111 30 andra

130 1119 203 31 kammaren
351 1129 44 21 av
413 1120 81 30 herr
513 1120 24 30 I.
561 1115 207 36 Österström
786 1130 45 21 m.
851 1121 50 38 fl.,
921 1122 66 29 har
1004 1121 202 37 hemställts,
1229 1125 48 27 att
1294 1123 186 37 riksdagen
1499 1122 107 32 måtte
1623 1124 11 30 i

128 1168 164 32 skrivelse
314 1169 50 30 till
389 1170 123 36 Kungl.
533 1169 102 38 Maj:t
658 1169 149 37 anhålla,
828 1174 51 27 att
899 1171 124 37 Kungl.
1047 1170 102 38 Maj:t
1169 1172 126 31 träffar
1317 1171 133 33 sådana
1473 1174 163 31 anstalter

129 1229 77 21 som
222 1220 174 31 erfordras
416 1220 55 31 för
489 1223 49 28 att
562 1221 5 30 i
583 1220 195 37 möjligaste
796 1220 84 32 mån
897 1222 184 31 förhindra
1097 1225 50 28 att
1171 1223 4 30 i
1192 1223 218 31 motionerna
1429 1225 128 30 avsedd
1572 1225 64 30 mi-

129 1270 79 31 litär
225 1270 229 38 tjänstgöring
473 1272 88 30 skall
578 1275 207 34 ogynnsamt
805 1271 153 38 påverka
978 1274 275 30 statsanställdas
1273 1274 146 31 utsikter
1437 1278 49 27 att
1504 1274 133 33 erhålla

129 1321 190 31 befordran
334 1322 82 30 eller
431 1322 402 38 lönetursuppflyttning.

174 1372 226 31 Beträffande
420 1373 42 30 de
485 1373 84 36 skäl,
591 1383 76 21 som
690 1373 132 31 anförts
843 1374 51 30 till
916 1374 76 30 stöd
1015 1374 55 31 för
1090 1375 93 30 detta
1205 1375 165 37 yrkande,
1396 1375 56 31 får
1472 1377 166 31 utskottet

131 1423 145 31 hänvisa
295 1423 50 30 till
362 1423 178 31 motionen
558 1424 28 30 1:
600 1425 53 29 98.

174 1523 97 30 Efter
296 1523 122 31 därom
440 1524 11 30 i
474 1524 213 37 vederbörlig
711 1524 147 37 ordning
882 1524 101 38 gjord
1005 1525 257 37 framställning
1285 1527 65 30 har
1372 1527 160 37 yttrande
1556 1529 82 29 över

125 1573 216 31 motionerna
355 1573 67 31 den
438 1573 41 30 29
495 1583 92 22 mars
605 1575 83 30 1940
703 1574 142 38 avgivits
860 1583 43 22 av
919 1576 177 30 allmänna
1110 1576 266 36 lönenämnden,
1393 1577 105 31 vilket
1513 1578 11 30 i
1540 1578 99 35 tryck

130 1625 135 36 bifogas
283 1625 93 30 detta
393 1624 187 32 utlåtande.

175 1725 216 31 Motionerna
410 1727 98 30 torde
524 1727 156 30 närmast
700 1726 113 37 åsyfta
832 1730 49 28 att
899 1726 38 32 få
957 1728 51 30 till
1028 1727 101 31 stånd
1150 1727 130 32 sådana
1299 1729 268 36 bestämmelser,
1588 1732 49 28 att

131 1776 59 35 tid,
221 1777 174 30 varunder
425 1778 236 30 statsanställd
691 1776 141 38 åtnjutit
861 1778 260 37 tjänstledighet
1152 1778 56 31 för
1237 1778 359 39 militärtjänstgöring
1626 1780 11 30 i

130 1827 187 37 anledning
344 1836 43 22 av
416 1827 177 31 anbefalld
621 1827 166 32 förstärkt
814 1828 350 38 försvarsberedskap
1193 1830 80 30 eller
1300 1830 137 36 partiell
1466 1831 170 30 mobilise-

129 1877 87 36 ring,
240 1878 86 30 skall
347 1878 71 30 helt
440 1879 82 29 eller
543 1878 108 31 delvis
672 1879 271 36 tillgodoräknas
966 1879 55 30 för
1042 1880 415 37 löneklassuppflyttning
1479 1881 80 30 eller
1580 1881 57 30 be-

131 1926 153 32 fordran.
331 1927 80 31 Med
435 1938 48 20 nu
508 1929 132 30 nämnd
662 1928 230 39 tjänstgöring
915 1939 101 21 anses
1039 1930 88 30 även
1151 1930 85 31 böra
1260 1930 194 36 jämställas
1478 1931 57 36 tid,
1562 1941 76 20 som

132 1977 87 31 efter
245 1976 167 38 fullgjord
439 1978 422 37 värnpliktstjänstgöring
888 1978 97 37 åtgår
1014 1979 55 30 för
1096 1980 197 37 utbildning
1321 1980 51 30 till
1399 1981 239 31 reservofficer

130 2028 165 30 ävensom
318 2029 175 31 ordinarie
515 2029 228 38 tjänstgöring
767 2029 114 31 såsom
905 2030 250 31 reservofficer.

175 2079 14 30 I
214 2079 275 31 lönenämndens
515 2081 159 36 yttrande
699 2081 130 30 erinras
853 2081 51 30 till
931 2091 43 20 en
997 2081 126 36 början
1148 2091 58 21 om
1231 2084 49 28 att
1303 2082 259 31 bestämmelser
1588 2092 49 21 re-

129 2130 71 30 dan
223 2129 126 37 finnas,
373 2140 76 20 som
471 2131 159 36 medgiva
652 2131 324 37 tillgodoräknande
997 2131 56 31 för
1075 2132 415 38 löneklassuppflyttning
1513 2143 41 21 av
1578 2134 59 35 tid,

132 2181 172 29 varunder
331 2181 175 31 ordinarie
532 2182 81 30 eller
640 2181 266 32 icke-ordinarie
933 2182 297 36 statstjänstemän
1257 2182 142 37 åtnjutit
1427 2183 211 37 tjänstledig-

130 2230 59 30 het
211 2230 55 31 för
287 2230 221 37 fullgörande
529 2242 42 20 av
594 2232 175 36 värnplikt
792 2233 82 30 eller
896 2242 117 21 annan
1035 2233 131 30 militär
1188 2233 239 37 tjänstgöring,
1450 2234 105 30 bland
1579 2243 59 21 an-

132 2283 59 27 nat
219 2279 114 31 såsom
360 2281 356 37 beställningshavare
742 2283 10 29 i
781 2292 159 21 reserven
968 2283 81 29 eller
1075 2283 57 30 för
1159 2283 258 36 genomgående
1444 2293 42 21 av
1513 2285 125 29 utbild-

132 2330 186 36 ningskurs
341 2330 56 31 för
421 2331 95 30 äldre
540 2331 309 31 reservofficerare.
896 2332 125 30 Vidare
1047 2332 213 37 framhålles,
1283 2336 49 27 att
1357 2334 124 36 Kungl.
1505 2333 100 37 Maj:t
1629 2334 11 29 i

134 2381 260 36 propositionen
418 2391 42 20 nr
486 2382 60 29 144
569 2382 51 30 till
642 2382 234 31 innevarande
898 2381 56 31 års
975 2382 141 37 riksdag
1141 2383 162 37 framlagt
1329 2384 130 36 förslag
1481 2394 41 20 av
1544 2384 95 31 inne-

134 2431 97 36 börd,
249 2434 48 28 att
315 2432 59 35 tid,
393 2432 173 30 varunder
585 2432 257 37 tjänstledighet
859 2432 159 37 åtnjutits
1035 2433 54 30 för
1107 2433 228 37 tjänstgöring
1355 2434 57 30 vid
1429 2434 211 31 försvarsvä-

134 2482 119 30 sendet
274 2482 10 30 i
303 2482 188 37 anledning
514 2492 40 21 av
576 2483 168 31 förstärkt
765 2483 348 37 försvarsberedskap
1137 2484 81 30 celler
1240 2484 134 36 partiell
1395 2485 244 37 mobilisering,

1686 1744 127 25 Utskottet.
