1934 2828
617 163 277 34 Statsutskottets
919 166 178 31 utlåtande
1121 168 49 31 Nr
1191 169 49 31 47.
1666 164 17 32 1

851 461 60 41 Nr
937 462 64 41 47.

663 581 109 24 Ankom
791 582 41 24 till
851 582 155 31 riksdagens
1024 584 88 24 kansli
1131 585 52 23 den
1201 582 32 27 27
1251 585 120 24 februari
1391 583 64 26 1940
1472 586 37 23 kl.
1527 584 16 26 2
1562 593 21 17 e.
1603 593 34 17 m.

401 682 181 31 Utlåtande
608 685 11 30 i
643 684 187 38 anledning
851 695 43 21 av
917 687 203 36 riksdagens
1145 688 39 30 år
1209 689 84 30 1939
1318 689 210 38 församlade
1552 691 127 30 reviso-

620 743 72 22 rers
720 735 258 39 framställning
1003 739 11 29 i
1039 738 100 37 fråga
1167 748 56 21 om
1248 739 204 38 effektivare
1480 740 199 37 indrivning

618 794 43 21 av
680 786 88 31 vissa
789 787 178 36 utskylder
984 792 90 27 samt
1091 788 120 37 skärpt
1230 790 151 31 kontroll
1401 790 155 32 däröver.

1449 857 70 40 (1:a
1536 858 90 41 avd.)

220 958 213 38 Riksdagens
454 959 38 31 år
516 961 84 31 1939
620 961 212 33 församlade
852 964 167 31 revisorer
1039 966 91 30 hava
1150 966 11 29 i
1184 966 53 30 sin
1258 967 180 31 berättelse
1458 968 111 30 under
1592 968 19 37 8
1634 968 41 31 28

174 1010 174 30 meddelat
365 1010 89 31 vissa
470 1020 43 21 av
532 1011 79 31 dem
629 1012 121 37 gjorda
769 1014 219 38 iakttagelser
1004 1015 178 37 angående
1199 1017 173 31 restförda
1390 1018 179 37 utskylder
1587 1021 89 28 samt

174 1059 243 39 indrivningen
437 1070 43 21 av
499 1061 189 32 desamma.
731 1063 226 33 Revisorerna
978 1066 92 31 hava
1088 1067 87 30 efter
1196 1076 43 21 en
1260 1068 260 38 undersökning
1541 1078 44 21 av
1606 1069 68 30 för-

174 1109 211 33 hållandena
408 1112 11 30 i
442 1112 78 31 hela
542 1113 117 31 landet
682 1115 129 36 angivit
836 1118 47 28 ett
905 1116 113 31 flertal
1041 1119 155 36 exempel
1219 1117 45 38 på
1286 1119 91 30 huru
1401 1115 274 45 indrivningsvä-

173 1162 119 31 sendet
313 1163 66 30 och
402 1163 195 31 kontrollen
619 1165 144 31 däröver
785 1166 55 30 för
862 1168 218 30 närvarande
1104 1168 268 32 funktionerade
1396 1173 88 27 samt
1508 1169 168 32 framhål-

172 1213 38 30 lit
224 1216 50 28 att
289 1212 160 38 åtgärder
461 1214 55 31 för
531 1224 43 21 en
588 1215 203 38 förändring
808 1216 111 32 måste
934 1228 99 21 anses
1050 1220 198 30 önskvärda
1268 1218 75 41 (Del
1361 1220 14 30 I
1391 1220 61 31 sid.
1471 1221 126 30 100—1
1605 1219 69 47 19).

218 1262 82 32 Sina
317 1264 176 30 allmänna
513 1266 216 37 synpunkter
748 1266 45 38 på
812 1268 114 31 denna
947 1268 98 37 fråga
1065 1270 91 30 hava
1175 1270 215 31 revisorerna
1412 1271 263 31 sammanfattat

173 1312 158 33 sålunda.

216 1374 50 29 Av
285 1374 42 30 de
346 1374 148 32 anförda
512 1376 181 36 exemplen
712 1386 102 28 synes
834 1378 56 30 det
909 1378 215 32 revisorerna
1144 1380 123 36 tydligt
1290 1380 144 37 framgå,
1455 1384 50 27 att
1524 1381 151 30 tillräck-

173 1414 60 37 ligt
254 1415 134 31 snabba
408 1416 64 30 och
491 1416 170 32 effektiva
682 1417 160 38 åtgärder
861 1420 73 30 ofta
954 1421 76 30 icke
1050 1421 161 37 vidtagits
1231 1422 56 30 för
1307 1423 199 37 indrivning
1526 1432 43 21 av
1591 1426 82 28 rest-

173 1456 101 32 förda
299 1458 301 37 kronoutskylder.
651 1460 56 31 Ett
731 1460 168 37 dröjsmål
923 1463 79 30 med
1028 1463 251 38 indrivningen,
1306 1466 65 29 när
1396 1465 65 30 den
1489 1461 185 46 skattskyl-

172 1498 77 37 dige
267 1498 110 32 första
396 1499 131 38 gången
547 1501 162 37 uppförts
730 1502 45 37 på
794 1504 185 37 restlängd,
1001 1505 70 30 kan
1089 1522 45 5 —
1152 1506 105 37 enligt
1276 1507 68 30 vad
1362 1507 214 31 revisorerna
1597 1508 11 29 i
1626 1511 48 27 ett

174 1543 84 29 stort
279 1542 95 30 antal
392 1542 61 30 fall
473 1543 214 32 konstaterat
705 1562 45 4 —
768 1546 159 31 medföra
949 1549 92 28 stora
1062 1547 210 37 svårigheter
1292 1549 57 30 för
1369 1550 41 29 de
1431 1550 173 30 restförda
1625 1553 49 28 att

172 1581 21 32 å
209 1582 214 32 föreskriven
440 1584 50 31 tid
506 1585 150 38 fullgöra
672 1596 120 22 senare
810 1588 368 39 skatteinbetalningar
1194 1591 65 29 och
1277 1591 199 37 därigenom
1496 1592 55 30 för
1568 1592 105 31 fram-

171 1625 94 30 tiden
282 1627 112 30 bättre
409 1627 109 31 ordna
535 1628 344 39 skattebetalningen.
918 1631 56 31 Att
989 1632 211 31 verkställda
1216 1634 262 36 avbetalningar
1493 1634 77 31 icke
1586 1635 89 30 varit

173 1668 207 38 tillräckliga
404 1669 64 30 har
496 1670 88 30 även
610 1671 11 30 i
648 1671 52 30 sin
725 1672 149 38 ordning
901 1673 149 37 bidragit
1076 1675 52 30 till
1153 1678 49 27 att
1230 1676 67 30 den
1324 1676 250 38 skattskyldige
1600 1677 75 31 icke

173 1710 134 31 kunnat
326 1711 141 31 komma
484 1712 20 30 å
521 1712 80 37 jour
620 1714 79 30 med
718 1723 120 23 senare
858 1716 376 38 skatteinbetalningar.

217 1752 50 31 De
288 1762 43 21 av
352 1754 214 31 revisorerna
587 1755 121 37 gjorda
729 1757 265 37 iakttagelserna
1017 1759 78 36 giva
1116 1760 58 30 vid
1193 1761 149 35 handen,
1366 1764 48 27 att
1435 1762 170 30 särskilda
1625 1761 49 32 åt-

172 1795 125 36 gärder
321 1796 60 30 äro
404 1797 221 37 nödvändiga
649 1798 55 31 för
727 1799 174 32 ernående
924 1810 42 21 av
991 1802 288 36 skyndsammare
1303 1804 66 29 och
1394 1803 207 31 effektivare
1624 1805 49 29 in-

172 1836 171 38 drivning.
391 1838 132 31 Härvid
544 1840 99 30 torde
666 1841 87 30 flera
777 1843 145 36 utvägar
946 1852 83 21 vara
1056 1845 180 29 tänkbara.
1287 1845 52 30 En
1365 1855 42 21 av
1432 1847 42 29 de
1499 1847 175 30 verksam-

173 1881 110 29 maste
303 1889 81 21 vore
404 1881 102 36 enligt
529 1882 232 31 revisorernas
783 1884 139 37 mening
943 1888 49 27 att
1015 1886 176 30 förstärka
1214 1887 67 29 den
1302 1889 151 29 centrala
1477 1889 197 30 skattekon-

173 1921 88 35 troll,
283 1921 115 31 vilken
414 1931 47 21 nu
478 1924 123 29 utövas
619 1924 95 30 inom
732 1925 419 38 riksräkenskapsverket.
1172 1928 114 37 Enligt
1304 1930 67 29 vad
1392 1930 213 31 revisorerna
1625 1931 49 29 in-

173 1963 135 30 hämtat
345 1964 65 30 har
445 1964 199 37 visserligen
682 1966 410 39 riksräkenskapsverket
1128 1971 111 29 under
1278 1980 119 21 senare
1436 1971 38 31 år
1503 1973 57 30 vid
1589 1973 86 30 flera

172 2004 159 31 tillfällen
350 2005 129 37 påtalat
495 2007 134 36 brister,
648 2017 74 22 som
740 2008 89 37 gjort
848 2010 50 37 sig
917 2011 158 37 gällande
1093 2012 9 29 i
1120 2011 96 37 fråga
1233 2022 57 21 om
1308 2010 364 46 skatteindrivningen,

174 2056 79 21 men
273 2046 114 38 någon
407 2058 94 21 mera
523 2051 234 35 systematiskt
780 2052 135 30 ordnad
935 2053 150 31 kontroll
1106 2054 65 30 har
1190 2054 31 37 ej
1243 2056 88 29 varit
1351 2055 120 38 möjlig
1492 2060 49 27 att
1560 2057 113 31 åstad-

174 2089 152 31 komma.
372 2090 67 30 För
460 2094 50 27 att
531 2090 132 38 jämväl
684 2094 125 30 bereda
832 2094 202 37 riksdagens
1059 2096 166 31 revisorer
1247 2098 135 30 tillfälle
1405 2102 49 27 att
1477 2100 198 30 överblicka

174 2130 347 39 indrivningsarbetet
540 2143 81 21 vore
640 2135 55 30 det
715 2136 176 36 önskvärt,
914 2140 49 27 att
985 2138 16 29 i
1016 2138 426 38 riksräkenskapsverkets
1464 2141 210 31 instruktion

174 2172 154 32 infördes
348 2174 194 37 skyldighet
564 2176 55 30 för
638 2177 253 31 ämbetsverket
911 2182 49 27 att
979 2179 130 37 årligen
1129 2181 50 29 till
1201 2182 214 31 revisorerna
1434 2183 123 36 avgiva
1578 2185 96 29 redo-

175 2215 129 36 görelse
331 2216 80 30 över
437 2220 134 28 senaste
596 2218 184 37 budgetårs
807 2220 482 38 skatteindrivningsresultat.
1339 2224 63 30 Det
1429 2225 57 30 må
1511 2226 66 30 här
1602 2236 72 20 om-

174 2257 157 36 nämnas,
353 2260 49 28 att
421 2259 228 31 restantierna
669 2269 42 21 av
735 2262 41 29 de
797 2261 20 30 å
839 2262 307 32 kronodebetsedel
1169 2265 175 36 uppförda
1367 2267 307 38 restskyldsbelop-

175 2308 65 27 pen
257 2300 67 30 den
338 2301 39 29 31
397 2301 134 35 augusti
551 2303 84 28 1939
652 2303 175 36 uppgingo
843 2304 51 29 till
910 2306 231 35 sammanlagt
1158 2307 159 35 omkring
1330 2308 195 35 35,000,000
1537 2311 139 29 kronor.

218 2340 65 31 Vid
302 2341 54 29 sin
377 2342 211 38 granskning
607 2344 90 30 hava
719 2345 214 30 revisorerna
952 2346 75 30 icke
1049 2347 133 30 kunnat
1203 2348 116 37 undgå
1340 2352 49 27 att
1409 2352 265 34 uppmärksam-

174 2390 67 27 ma,
261 2385 50 27 att
330 2386 47 27 ett
397 2386 83 28 stort
500 2386 95 28 antal
615 2394 163 27 personer
796 2387 9 29 i
826 2388 160 37 ansvarig
1005 2389 162 36 ställning
1186 2390 92 30 inom
1300 2391 113 37 statlig
1432 2393 64 29 och
1517 2393 157 30 kommu-

175 2424 56 29 nal
251 2424 210 37 förvaltning
482 2426 134 31 funnits
635 2428 175 36 uppförda
830 2428 21 31 å
869 2430 183 36 restlängd.
1096 2431 143 31 Särskilt
1260 2434 327 36 anmärkningsvärt
1609 2436 65 29 fin-

173 2477 46 21 na
245 2468 223 36 revisorerna,
495 2472 49 27 att
571 2470 105 30 bland
703 2471 100 31 dessa
829 2471 115 31 finnas
971 2472 173 37 åtskilliga
1175 2483 170 28 personer,
1373 2476 89 31 vilka
1492 2477 9 29 i
1529 2486 41 21 en
1597 2478 83 30 eller

217 2524 110 32 Bihang
338 2524 42 25 till
391 2525 167 32 riksdagens
569 2526 146 31 protokoll
728 2527 74 25 1940.
824 2528 16 24 6
851 2527 80 26 saml.
971 2528 38 24 Nr
1026 2529 38 23 47.
1624 2532 13 25 1
