1904 2846
326 175 42 31 14
632 172 418 38 Bevillningsutskottets
1072 171 223 33 betänkande
1316 171 53 33 Nr
1393 171 52 32 70.

323 251 75 32 Där
422 251 211 37 synnerliga
655 251 77 31 skäl
758 250 124 32 därtill
907 253 72 35 äro,
1003 252 55 29 må
1085 250 202 35 Konungen
1311 249 92 31 efter
1427 249 158 31 ansökan
1607 247 182 37 medgiva,

282 304 56 30 att
356 304 105 36 gåva,
479 312 75 23 som
572 312 103 22 avses
696 303 12 30 i
727 303 38 30 26
797 301 3 37 9
819 302 159 31 nämnda
998 301 222 37 förordning,
1240 300 73 31 helt
1331 300 86 31 eller
1434 300 114 32 delvis
1568 300 34 37 ej
1623 300 165 31 medräk-

286 365 63 22 nas
368 356 13 30 i
402 354 336 37 kvarlåtenskapen.

995 430 71 37 35

323 493 77 31 Den
427 492 274 37 skattepliktiga
725 489 326 39 kvarlåtenskapen
1077 492 176 36 upptages
1277 490 57 32 till
1358 490 273 36 sammanlagda
1657 490 132 31 värdet

284 554 45 21 av
350 545 45 31 de
419 544 244 37 arvsandelar,
686 554 73 22 som
780 543 86 37 ingå
890 545 12 30 i
927 543 335 36 kvarlåtenskapen,
1283 542 115 36 enligt
1420 542 70 32 den
1511 541 278 37 uppskattning,

283 604 75 23 som
381 596 82 32 sker
484 596 144 36 jämlikt
653 596 256 36 förordningen
933 605 55 21 om
1010 595 185 31 arvsskatt
1217 595 65 31 och
1304 594 97 31 skatt
1425 594 55 31 för
1504 595 103 35 gåva.

992 689 20 30 4
1037 688 28 36 $.

323 750 411 36 Kvarlåtenskapsskatt
756 751 107 35 utgår
885 750 87 36 icke,
991 750 121 31 därest
1133 748 343 36 kvarlåtenskapens
1498 748 110 31 värde
1631 747 33 36 ej
1689 749 100 29 över-

284 802 111 36 stiger
421 802 107 36 20,000
550 802 143 31 kronor.

321 853 455 37 Kvarlåtenskapsskatten
798 854 116 35 utgör,

321 908 67 29 när
409 905 344 36 kvarlåtenskapens
772 905 111 31 värde
903 904 77 31 icke
1002 903 198 37 överstiger
1220 904 108 35 30,000
1345 903 144 31 kronor:
1512 904 39 30 15
1571 903 147 36 procent
1738 911 47 22 av

283 958 57 31 det
360 958 136 36 belopp,
515 958 150 31 varmed
684 956 344 36 kvarlåtenskapens
1046 956 112 31 värde
1179 955 196 36 överstiger
1393 956 108 36 20,000
1521 955 147 36 kronor;

321 1012 67 28 när
412 1008 343 37 kvarlåtenskapens
775 1008 111 32 värde
910 1007 197 37 överstiger

284 1078 117 36 30,000
415 1088 77 22 men
504 1078 72 31 icke
609 1074 15 47 =
645 1078 116 36 50,000
775 1078 62 30 kr.:
927 1078 95 35 1,500
1034 1076 50 31 kr.
1095 1076 56 31 för
1186 1069 14 54 —
1214 1075 115 36 30,000
1341 1075 51 31 kr.
1404 1075 62 31 och
1478 1075 79 35 20
1530 1069 18 54 2
1573 1085 44 20 av
1628 1073 205 46 återstoden.

285 1131 117 36 50,000
451 1142 14 17 >»
527 1142 14 16 »
622 1131 138 35 100,000
788 1141 13 17 »
829 1142 7 19 :
929 1130 94 35 5,500
1050 1140 14 17 »
1115 1139 15 18 »
1212 1128 115 36 50,000
1355 1139 14 16 »
1432 1139 13 16 >»
1481 1128 80 35 4028
1596 1138 13 17 »
1715 1137 14 17 »

262 1183 139 36 100,000
451 1194 14 17 »
526 1194 14 17 >»
622 1183 139 36 200,000
788 1193 13 18 »
829 1194 7 19 :
905 1182 118 36 25,500
1188 1180 138 36 100,000
1354 1190 14 18 >»
1431 1191 13 16 >
1480 1180 79 36 452
1595 1190 14 17 >»
1716 1190 15 16 »

261 1236 139 35 200,000
450 1247 14 16 »>
526 1246 14 17 »
621 1235 138 36 300,000
786 1246 14 16 »
827 1246 7 19 :
874 1228 13 49 —
904 1234 117 36 70,500
1049 1245 14 16 »
1114 1245 14 16 »
1189 1233 137 36 200,000
1354 1243 14 17 >»
1431 1243 14 17 >
1483 1232 80 36 50
1598 1241 14 18 >
1717 1242 13 17 >

1355 1297 12 15 »
1718 1295 13 16 »

1354 1348 14 17 »
1715 1347 14 16 >

1050 1193 14 17 vy

1116 1192 14 17 vy

261 1288 139 36 300,000
450 1299 14 17 »
525 1299 14 16 >»
621 1287 137 37 500,000
786 1298 13 17 »
826 1292 9 19 :
882 1287 140 36 120,500
1188 1285 138 36 300,000
1431 1296 14 17 »
1481 1285 81 35 602
1596 1296 15 16 »

261 1341 138 35 300,000
449 1351 15 16 >»
526 1352 13 15 >»
587 1340 173 36 1,000,000
787 1351 14 16 »
828 1351 7 19 :
884 1340 139 35 240,500
1117 1350 13 15 >
1189 1338 137 36 500,000
1430 1348 13 17 »
1481 1337 79 36 702
1594 1348 15 16 >»

229 1393 172 36 1,000,000
881 1392 139 35 290,000
1047 1402 14 17 »
1113 1402 14 17 »
1153 1390 170 37 1,000,000
1353 1403 12 12 >
1428 1402 13 15 »
1479 1389 81 36 80
1595 1400 14 16 »
1716 1399 14 17 »
1820 1410 13 10 .

1050 1298 14 16 v

1115 1298 14 15 v

1051 1350 14 17 vy

321 1479 74 31 Vid
417 1478 231 37 tillämpning
674 1488 46 21 av
742 1478 118 31 denna
883 1477 107 31 tariff
1014 1477 190 37 iakttages,
1228 1477 54 30 att
1306 1475 345 36 kvarlåtenskapens
1674 1474 113 31 värde

281 1530 191 36 avjämnas
492 1530 56 31 till
568 1531 163 30 närmast
752 1530 100 36 lägre
876 1529 93 31 fulla
988 1528 196 32 hundratal
1205 1528 139 31 kronor.

322 1582 126 31 Såsom
478 1581 154 32 särskild
661 1580 281 37 kvarlåtenskap
972 1579 231 33 beträffande
1233 1579 123 31 vilken
1385 1578 401 37 kvarlåtenskapsskatt

282 1633 91 31 skall
392 1634 58 30 för
468 1633 54 37 sig
537 1632 187 36 beräknas,
742 1632 92 32 skall
849 1642 105 21 anses
969 1629 76 35 dels
1063 1632 73 31 fast
1153 1631 170 37 egendom
1339 1640 47 21 av
1404 1630 382 35 fideikommissnatur,

280 1684 76 32 dels
383 1694 122 21 annan
528 1684 13 32 i
566 1683 259 33 fideikommiss
852 1683 177 37 ingående
1056 1683 182 37 egendom,
1263 1682 76 32 dels
1366 1682 65 31 ock
1456 1681 225 37 äganderätt,
1709 1687 75 25 sor

282 1736 113 36 enligt
420 1736 39 31 13
483 1735 17 36 $
523 1736 115 32 andra
660 1735 138 37 stycket
822 1735 258 36 förordningen
1104 1745 58 21 om
1183 1734 183 32 arvsskatt
1390 1734 66 31 och
1479 1734 96 31 skatt
1598 1734 58 30 för
1681 1733 105 36 gåva,

281 1787 92 32 skall
398 1797 103 22 anses
523 1789 116 30 såsom
663 1787 152 37 tillgång
840 1787 13 30 i
876 1787 141 31 dödsbo.

321 1839 99 31 Från
436 1838 444 37 kvarlåtenskapsskatten
896 1837 177 37 avdrages
1090 1837 76 32 dels
1178 1837 107 36 lösen,
1303 1847 75 22 som
1394 1837 163 36 erlägges
1571 1836 64 32 vid
1652 1836 132 37 boupp-

282 1890 188 37 tecknings
494 1889 275 38 inregistrering
792 1890 62 32 hos
877 1889 269 32 underdomstol
1170 1889 14 31 i
1207 1889 89 36 stad,
1320 1889 96 38 eller,
1441 1898 56 22 om
1522 1888 46 37 på
1593 1889 121 36 grund
1735 1897 48 22 av

282 1941 168 37 gällande
467 1942 211 37 förordning
696 1941 102 37 dylik
816 1941 98 32 lösen
934 1941 33 36 ej
986 1941 150 36 fordras,
1154 1941 162 31 däremot
1333 1940 177 32 svarande
1527 1939 138 38 belopp,
1684 1942 12 31 i
1715 1940 68 32 den

280 1994 84 30 mån
388 1994 138 36 avdrag
552 1994 55 31 för
633 1993 152 32 berörda
805 1993 100 31 lösen
928 1991 85 33 eller
1039 1992 251 32 motsvarande
1316 1992 127 37 belopp
1468 1992 33 37 ej
1528 1992 145 36 Jämlikt
1699 1992 39 30 21
1763 1990 21 37 $

281 2045 259 37 förordningen
557 2055 58 22 om
631 2044 184 32 arvsskatt
832 2044 66 32 och
916 2045 97 30 skatt
1031 2045 57 30 för
1108 2045 95 35 gåva
1221 2044 71 31 kan
1310 2044 61 32 ske
1392 2044 84 31 från
1494 2044 194 36 arvsskatt,
1706 2043 78 32 dels

280 2096 65 32 ock
365 2098 47 35 på
435 2096 326 37 kvarlåtenskapen
784 2095 196 37 belöpande
1005 2096 99 31 förut
1125 2095 125 37 erlagd
1273 2095 200 37 gåvoskatt,
1497 2096 56 31 för
1575 2095 125 32 vilken
1721 2104 61 22 av-

281 2148 89 37 drag
388 2148 34 37 ej
441 2148 71 32 kan
527 2147 275 38 tillgodonjutas
816 2147 116 37 enligt
949 2148 38 30 26
1005 2146 18 36 $
1039 2147 13 31 i
1070 2147 152 32 berörda
1238 2146 222 38 förordning,
1476 2147 91 32 dock
1583 2148 55 30 att
1657 2154 126 29 genom

280 2199 225 33 sistnämnda
527 2200 138 36 avdrag
685 2199 444 36 kvarlåtenskapsskatten
1150 2199 34 36 ej
1206 2200 59 30 må
1285 2198 217 37 nedbringas
1523 2198 58 32 till
1602 2198 102 37 lägre
1727 2199 55 31 be-

279 2250 83 38 lopp
387 2254 49 29 än
460 2252 66 36 det,
549 2261 74 22 som
648 2251 114 32 skulle
786 2252 131 35 utgått,
941 2251 123 31 därest
1085 2251 121 36 gåvan
1229 2250 33 37 ej
1285 2250 232 32 medräknats
1541 2251 12 31 i
1576 2250 205 32 kvarlåten-

279 2302 145 37 skapen.

996 2362 69 37 5$.

317 2421 71 34 För
409 2421 398 40 kvarlåtenskapsskatt
828 2434 127 22 svarar
978 2434 43 21 en
1042 2434 67 21 var
1132 2423 148 38 arvinge
1305 2421 86 35 eller
1412 2425 336 36 testamentstagare
1768 2419 12 35 i

278 2476 227 33 förhållande
526 2475 57 34 till
604 2477 179 32 storleken
807 2486 45 22 av
874 2475 68 34 den
963 2476 46 37 på
1030 2473 130 35 honom
1182 2476 194 37 belöpande
1398 2476 149 32 andelen
1569 2486 47 22 av
1638 2475 142 32 kvarlå-
