1884 2804
263 159 39 30 28
731 163 263 28 Statsutskottets
1017 162 167 28 utlåtande
1207 171 38 18 nr
1274 166 26 25 6.

265 235 39 31 50
316 236 60 30 000
411 235 133 31 kronor.
580 235 361 41 Medlemsavgifterna
975 236 84 31 hava
1094 238 145 39 uppgått
1274 236 53 31 till
1361 237 94 31 3433
1481 236 124 31 kronor
1630 237 40 31 90
1696 239 68 29 öre.

265 278 174 40 Därjämte
464 278 61 31 har
548 278 201 41 föreningen
774 279 52 30 för
850 279 76 31 sina
951 278 140 42 utgifter
1116 279 87 40 tagit
1227 279 11 30 i
1263 278 146 42 anspråk
1436 279 111 31 15732
1572 279 126 31 kronor
1724 280 37 30 91

266 321 56 30 öre
340 331 40 20 av
398 320 187 41 besparade
604 321 111 31 medel
734 323 85 29 samt
838 321 92 31 1443
949 321 124 31 kronor
1091 321 39 31 93
1150 323 68 36 öre,
1239 321 187 41 utgörande
1446 323 115 29 räntor
1580 324 19 28 å
1619 322 144 40 tidigare

266 362 228 42 besparingar.
528 362 234 42 Föreningens
784 363 214 31 verksamhet
1020 363 60 31 har
1103 365 86 30 även
1212 363 143 41 tidigare
1379 364 54 32 till
1457 364 228 40 huvudsaklig
1709 364 55 31 del

265 405 84 31 varit
384 405 171 31 beroende
590 416 41 20 av
666 405 217 41 statsbidrag.
920 405 96 32 Dock
1051 406 85 31 hava
1175 406 216 31 Stockholms
1417 406 77 31 stad
1520 407 62 30 och
1609 407 155 31 enskilda

263 446 104 31 under
390 446 146 42 tidigare
559 448 35 29 år
617 447 11 30 i
653 446 71 32 viss
750 447 234 41 utsträckning
1007 447 214 31 ekonomiskt
1244 447 149 41 bidragit
1418 447 53 31 till
1495 447 266 31 verksamheten.

264 489 73 30 Den
359 489 40 31 30
420 489 74 40 juni
516 489 79 31 1943
617 489 225 41 disponerade
863 490 201 40 föreningen
1086 501 41 19 en
1149 489 330 41 kapitalbehållning
1499 500 39 20 av
1559 490 40 30 50
1612 490 61 30 699
1694 489 70 31 kro-

264 542 60 19 nor
346 532 39 30 28
409 533 67 29 öre.

316 573 17 31 I
349 574 95 40 fråga
460 585 54 20 om
530 573 172 32 storleken
718 586 39 19 av
772 574 57 31 det
844 575 217 41 statsbidrag,
1078 586 74 20 som
1168 576 62 31 bör
1246 576 144 41 beviljas
1407 577 53 30 för
1475 578 97 30 nästa
1587 575 177 43 budgetår,

264 616 83 31 hava
373 616 11 31 1
413 616 42 31 de
483 616 141 41 avgivna
650 617 203 40 yttrandena
880 617 229 31 framkommit
1136 618 65 32 vitt
1228 618 111 31 skilda
1365 619 267 41 uppfattningar.
1661 619 103 31 Detta

264 659 95 31 torde
377 659 120 31 främst
514 659 80 32 bero
612 661 45 39 på
673 659 211 32 tveksamhet
901 660 215 31 beträffande
1134 660 118 32 värdet
1269 672 40 19 av
1328 661 57 32 det
1402 672 41 19 av
1461 661 201 41 föreningen
1681 662 83 30 före-

265 701 116 47 slagna
396 703 164 39 systemet
575 701 77 31 med
669 702 100 31 civila
785 702 331 31 trafikundervisare.
1146 702 81 32 Med
1244 703 131 40 hänsyn
1392 703 54 30 till
1463 705 49 30 att
1528 703 93 31 detta
1637 706 128 38 system

264 743 71 32 icke
356 744 146 41 tidigare
522 745 137 40 prövats
680 744 11 30 i
714 744 138 41 Sverige
874 755 103 30 synes
998 745 67 40 mig
1085 756 42 19 en
1148 745 107 31 sådan
1274 745 211 31 tveksamhet
1506 756 78 20 vara
1605 745 159 40 naturlig.

265 787 52 30 Då
353 786 378 41 trafikövervakningen
769 787 12 30 i
816 789 75 29 vårt
928 787 80 31 land
1044 789 152 29 närmast
1232 787 195 31 ankommer
1453 789 43 39 på
1523 786 244 42 polismyndig-

264 829 109 37 heten,
414 829 97 31 torde
550 829 57 31 det
644 829 115 31 kunna
796 829 226 41 ifrågasättas,
1060 829 170 31 huruvida
1266 832 80 28 utan
1385 840 42 20 en
1465 831 152 29 närmare
1656 830 109 31 utred-

264 871 81 42 ning
363 871 175 41 angående
556 871 204 31 hithörande
781 871 113 41 frågor
912 871 208 41 statsbidrag
1138 872 65 30 bör
1221 871 143 41 beviljas
1384 872 53 30 för
1457 872 65 30 den
1540 871 224 37 verksamhet,

265 925 71 20 som
373 914 200 41 föreningen
599 923 98 21 avser
723 916 49 30 att
795 913 141 33 bedriva
961 924 120 31 genom
1108 912 41 33 de
1176 914 100 31 civila
1301 914 359 31 trafikundervisarna.
1698 914 68 31 Det

265 967 99 30 synes
392 957 69 41 mig
487 956 162 41 lämpligt,
677 958 49 29 att
752 956 255 41 ifrågavarande
1032 956 168 41 spörsmål
1226 957 98 39 göres
1349 956 54 30 till
1429 956 141 31 föremål
1597 956 54 31 för
1676 957 89 29 över-

264 999 149 41 vägande
441 1000 11 30 1
481 999 163 31 samband
671 999 76 31 med
774 999 64 30 den
866 998 149 32 revision
1042 1009 39 20 av
1109 998 480 41 vägtrafikbestämmelserna,
1618 1008 74 20 som
1719 1008 45 20 nu

264 1043 109 39 pägår.
410 1041 18 31 I
453 1041 163 31 avvaktan
640 1043 45 39 på
709 1052 41 19 en
774 1040 92 41 dylik
890 1042 152 29 närmare
1066 1040 170 41 prövning
1259 1040 95 31 torde
1380 1039 111 32 medel
1515 1039 72 31 icke
1612 1050 47 20 nu
1682 1039 82 31 böra

263 1084 165 31 beräknas
450 1085 53 30 för
523 1083 189 32 avlönande
734 1094 40 20 av
795 1083 41 31 de
857 1083 199 41 ifrågasatta
1076 1082 359 31 trafikundervisarna.

315 1127 75 31 Vad
412 1128 104 39 angår
539 1126 219 40 föreningens
780 1125 215 31 verksamhet
1016 1125 10 30 i
1049 1125 111 40 övrigt
1182 1124 108 31 håller
1311 1124 57 41 jag
1390 1124 83 37 före,
1497 1125 49 29 att
1569 1123 65 32 den
1658 1123 109 31 ökade

264 1169 110 37 trafik,
398 1180 74 20 som
494 1170 36 29 är
551 1170 48 29 att
622 1168 157 31 förvänta
800 1168 86 31 efter
909 1169 49 30 ett
981 1165 173 39 fredsslut,
1179 1166 151 42 påkallar
1351 1177 42 20 en
1416 1166 71 31 viss
1511 1165 253 41 intensifiering

264 1222 38 19 av
324 1209 533 42 trafiksäkerhetspropagandan.
890 1210 51 30 På
961 1211 67 30 sätt
1047 1209 246 41 länsstyrelsen
1320 1208 5 31 i
1346 1207 194 41 Göteborgs
1562 1207 62 31 och
1646 1207 118 31 Bohus

264 1253 54 30 län
335 1252 196 37 framhållit,
549 1253 86 30 lärer
652 1252 59 31 det
727 1251 188 32 emellertid
934 1262 79 20 vara
1027 1253 49 29 att
1092 1253 132 39 antaga,
1242 1252 54 30 att
1307 1262 41 19 en
1366 1250 233 40 trafikökning
1615 1249 150 31 kommer

264 1298 48 30 att
332 1296 134 30 inträda
488 1295 185 31 successivt
694 1295 62 30 och
777 1294 135 31 relativt
932 1294 175 41 långsamt.
1140 1293 116 31 Medel
1276 1293 96 31 torde
1393 1293 116 31 därför
1528 1292 72 31 icke
1622 1291 143 31 omedel-

264 1338 74 31 bart
355 1338 134 31 behöva
505 1337 116 32 ställas
640 1337 54 32 till
712 1336 200 42 förfogande
931 1336 53 31 för
1001 1338 110 39 någon
1131 1337 109 29 större
1258 1335 204 41 utvidgning
1480 1345 40 20 av
1536 1333 229 42 propaganda-

264 1380 265 31 verksamheten.

315 1423 17 30 I
348 1423 94 31 detta
458 1422 243 40 sammanhang
715 1421 58 31 vill
788 1421 55 41 jag
859 1420 187 37 framhålla,
1063 1422 50 29 att
1128 1419 108 41 enligt
1251 1419 68 31 min
1336 1419 138 40 mening
1489 1418 52 30 för
1556 1417 210 31 närvarande

265 1476 40 20 en
324 1465 70 31 viss
414 1464 257 42 disproportion
692 1464 180 41 föreligger
891 1463 124 31 mellan
1035 1462 56 31 det
1112 1461 219 32 ekonomiska
1351 1460 88 37 stöd,
1460 1470 72 20 som
1553 1460 130 30 lämnas
1703 1459 63 30 för-

265 1508 144 40 eningen
426 1519 41 20 av
484 1509 18 29 å
518 1518 62 20 ena
596 1506 99 32 sidan
712 1508 110 29 staten
839 1507 89 29 samt
944 1507 19 29 å
978 1505 103 31 andra
1097 1504 100 31 sidan
1214 1504 206 36 kommuner,
1438 1501 326 41 trafikförsäkrings-

264 1550 100 41 bolag
393 1550 64 30 och
486 1549 103 32 andra
617 1560 41 19 av
687 1548 218 41 föreningens
934 1546 214 32 verksamhet
1177 1545 213 32 ekonomiskt
1420 1544 237 31 intresserade.
1698 1543 67 30 Det

264 1593 104 31 borde
393 1592 74 31 icke
491 1603 78 20 vara
593 1591 174 37 uteslutet,
792 1592 49 29 att
865 1590 201 40 föreningen
1091 1588 111 31 skulle
1227 1588 112 30 kunna
1364 1587 157 30 förvärva
1545 1585 122 41 bidrag
1691 1585 74 30 från

265 1635 303 40 intressegrupper,
587 1643 73 21 som
679 1632 143 42 tidigare
839 1632 104 41 jämte
962 1634 110 29 staten
1090 1631 196 31 understött
1303 1629 219 41 föreningens
1541 1627 222 31 verksamhet.

265 1677 130 32 Försök
416 1677 204 31 härutinnan
643 1675 98 31 torde
763 1675 82 31 böra
866 1675 110 40 göras.

317 1719 95 31 Även
431 1718 105 32 andra
552 1720 102 39 vägar
671 1720 50 29 att
738 1719 79 29 utan
834 1716 146 41 höjning
997 1727 39 19 av
1055 1714 245 41 statsbidraget
1317 1713 64 31 öka
1397 1712 220 41 föreningens
1637 1711 130 41 möjlig-

265 1763 94 31 heter
377 1762 54 31 till
450 1759 471 41 trafiksäkerhetsfrämjande
941 1758 156 41 åtgärder
1114 1757 114 31 kunna
1247 1756 148 41 förtjäna
1414 1756 131 40 prövas.
1576 1754 70 31 Det
1663 1764 102 30 synes

265 1804 205 34 välbetänkt,
493 1806 49 30 att
560 1823 42 3 —
622 1805 114 29 såsom
758 1802 88 31 skett
868 1802 10 30 i
902 1801 86 31 flera
1009 1800 54 31 län
1083 1819 43 3 —
1146 1800 211 40 genomgång
1377 1808 41 20 av
1440 1808 41 19 en
1502 1807 40 20 av
1565 1796 200 40 föreningen

265 1847 175 31 anordnad
465 1846 80 31 kurs
572 1846 52 30 för
651 1844 225 32 bilskolemän
904 1842 189 42 uppställes
1119 1844 115 29 såsom
1260 1840 122 31 villkor
1409 1840 53 30 för
1487 1837 203 41 behörighet
1717 1839 49 28 att

266 1889 154 31 meddela
446 1887 246 41 undervisning
717 1887 11 30 i
754 1885 140 32 förande
921 1897 40 19 av
986 1885 57 36 bil,
1071 1895 76 19 men
1173 1881 228 33 kostnaderna
1428 1881 53 30 för
1507 1880 115 40 dylika
1647 1879 119 31 kurser

265 1932 96 31 torde
387 1931 12 30 i
426 1929 267 41 fortsättningen
719 1929 112 30 kunna
856 1927 75 31 helt
958 1927 82 31 eller
1066 1926 54 30 till
1147 1923 233 42 övervägande
1410 1923 54 31 del
1491 1921 171 32 bestridas
1689 1922 75 30 med

264 1973 236 41 kursavgifter.

317 2015 143 31 Oavsett
479 2014 40 31 de
539 2013 107 31 ökade
666 2023 152 21 resurser
837 2012 54 31 för
909 2011 277 31 verksamhetens
1205 2009 217 37 bedrivande,
1442 2020 73 21 som
1533 2008 54 31 till
1607 2010 158 38 äventyrs

264 2058 113 31 kunna
395 2057 122 31 vinnas
537 2058 43 39 på
598 2055 62 31 här
680 2053 149 42 antydda
847 2056 112 38 vägar,
980 2053 96 31 torde
1096 2052 191 32 emellertid
1307 2062 41 20 en
1368 2051 72 30 viss
1462 2050 127 41 ökning
1608 2061 42 19 av
1670 2051 96 29 stats-

265 2100 155 41 bidraget
438 2099 84 31 böra
539 2098 57 31 ske
615 2098 12 30 i
647 2098 108 30 första
773 2097 89 30 hand
882 2097 55 31 för
954 2098 50 29 att
1022 2097 88 29 sätta
1128 2094 201 41 föreningen
1347 2093 11 31 1
1378 2092 137 32 tillfälle
1534 2094 49 30 att
1603 2093 43 39 på
1664 2091 101 41 lämp-

265 2143 60 41 ligt
345 2144 67 29 sätt
431 2141 180 31 förbereda
629 2140 63 31 och
711 2139 180 42 planlägga
909 2138 66 30 den
993 2137 204 40 utvidgning
1215 2147 39 20 av
1271 2134 267 37 verksamheten,
1559 2144 74 21 som
1650 2133 116 41 längre

265 2185 83 31 fram
373 2185 66 30 kan
466 2184 90 30 bliva
582 2182 167 42 påkallad.
787 2180 254 41 Statsbidraget
1066 2179 53 31 för
1145 2178 202 41 budgetåret
1375 2176 136 31 1944/45
1537 2187 102 29 synes
1666 2175 99 40 lämp-

265 2228 88 40 ligen
375 2227 86 30 böra
481 2225 205 32 bestämmas
708 2224 53 32 till
788 2223 33 31 65
836 2224 59 36 000
916 2222 132 31 kronor.
1082 2221 128 31 Därest
1231 2220 57 32 det
1308 2219 77 31 med
1405 2219 132 47 hänsyn
1559 2218 53 31 till
1636 2217 129 31 utveck-

266 2270 112 40 lingen
396 2270 122 40 prövas
535 2267 178 41 angeläget
730 2268 48 29 att
795 2265 104 31 redan
916 2264 107 31 under
1040 2264 65 30 den
1122 2265 169 29 närmaste
1308 2261 183 31 framtiden
1509 2259 151 47 utbygga
1676 2258 89 32 verk-

265 2312 175 31 samheten
459 2311 12 30 i
487 2310 114 31 vidare
620 2311 77 29 mån
717 2310 42 29 än
777 2308 63 31 vad
860 2309 50 29 ett
929 2305 208 41 statsbidrag
1155 2316 40 20 av
1215 2304 109 31 denna
1343 2302 296 40 storleksordning
1656 2301 110 31 skulle

265 2354 210 41 möjliggöra,
498 2352 86 30 lärer
605 2350 124 31 hinder
751 2349 71 31 icke
845 2348 166 41 föreligga
1033 2350 48 28 att
1103 2347 12 30 i
1138 2347 71 30 viss
1231 2344 235 41 utsträckning
1487 2347 77 37 taga
1586 2343 11 31 1
1620 2342 145 48 anspråk

264 2396 41 31 de
330 2394 188 42 besparade
544 2393 118 36 medel,
690 2393 79 30 över
793 2391 91 31 vilka
908 2390 200 40 föreningen
1134 2388 160 41 förfogar.
1329 2387 112 31 Dessa
1466 2386 119 37 medel,
1610 2385 92 47 vilka
1726 2395 39 20 av

265 2438 201 40 föreningen
484 2437 128 30 ansetts
630 2435 85 31 böra
731 2434 200 46 disponeras
950 2433 53 30 för
1019 2432 91 31 vissa
1128 2431 168 31 särskilda
1312 2428 166 37 ändamål,
1497 2427 95 32 torde
1611 2438 11 19 i
1639 2426 127 32 huvud-

264 2480 58 31 sak
343 2481 123 40 utgöra
486 2478 222 41 besparingar
729 2479 19 28 å
769 2476 144 41 tidigare
935 2473 154 32 lämnade
1112 2472 217 41 statsbidrag.
