1888 2776
250 171 39 30 14
650 170 109 28 Andra
781 169 227 35 lagutskottets
1033 168 164 27 utlåtande
1221 177 35 17 ir
1278 169 47 25 39.

303 244 85 30 'TCO
409 245 39 29 är
469 243 216 30 intresserad
706 251 42 21 av
769 244 50 27 att
841 242 110 38 skapa
974 250 43 20 en
1040 240 110 29 sådan
1172 237 412 40 förhandlingsordning,
1607 237 51 28 att
1679 235 87 29 kon-

247 287 120 29 flikter
391 286 45 39 på
461 284 341 31 arbetsmarknaden
825 283 77 29 icke
927 281 199 39 onödigtvis
1152 281 152 38 utbryta.
1329 280 54 29 Nu
1409 279 162 39 gällande
1597 277 168 30 förhand-

248 328 244 39 lingsordning
516 327 44 39 på
583 327 58 29 det
664 325 141 38 statliga
828 325 65 29 och
917 324 233 29 kommunala
1173 322 160 30 området
1356 321 56 30 för
1436 321 220 38 tjänstemän
1680 320 85 28 läm-

248 379 64 21 nar
330 370 11 29 i
359 370 94 29 vissa
473 369 197 29 avseenden
690 376 44 20 en
753 367 55 29 del
827 366 113 38 övrigt
959 367 52 28 att
1030 365 122 29 önska.
1173 365 92 28 Utan
1285 365 51 27 att
1355 372 47 20 nu
1424 364 80 37 taga
1524 361 169 39 ställning
1713 360 53 29 till

246 412 68 29 vad
334 408 554 40 förhandlingsrättskommittén
910 407 183 38 föreslagit
1113 407 71 28 kan
1206 407 112 37 sägas,
1340 406 51 28 att
1412 405 80 29 dess
1514 403 133 38 förslag
1667 403 99 29 inne-

246 454 86 29 bära
368 452 226 39 möjligheter
631 451 52 29 till
721 459 41 20 en
801 450 114 29 bättre
952 447 402 39 förhandlingsordning
1382 448 45 28 än
1454 446 69 29 den
1550 444 215 30 nuvarande.

248 495 219 29 Kommittén
490 495 66 28 har
578 494 10 28 i
615 493 59 29 sitt
697 492 224 30 betänkande
946 490 195 30 emellertid
1166 489 76 30 icke
1267 488 117 30 direkt
1408 488 88 38 tagit
1520 486 168 39 ställning
1713 485 53 30 till

247 537 219 29 inrättandet
484 545 43 20 av
545 544 42 20 en
606 534 153 30 särskild
778 531 451 32 arbetsmarknadsnämnd
1247 530 46 39 på
1311 530 59 29 det
1389 529 187 38 offentliga
1596 528 170 29 området.

249 580 65 28 Det
332 578 98 29 torde
449 577 91 30 dock
557 585 84 21 vara
661 575 135 39 ganska
814 575 103 33 klart,
938 576 51 27 att
1008 573 218 29 inrättandet
1245 581 42 20 av
1306 581 44 19 en
1369 571 112 29 sådan
1501 570 133 30 nämnd
1654 570 113 29 möter

249 620 175 30 särskilda
444 619 216 37 svårigheter
679 617 45 39 på
743 617 58 29 det
819 615 187 39 offentliga
1025 614 169 30 området.
1215 614 66 29 Det
1300 614 38 29 är
1359 613 179 39 knappast
1556 611 140 39 möjligt
1716 612 52 28 att

248 662 186 39 uppbygga
458 658 516 31 arbetsmarknadsnämndens
997 656 227 29 verksamhet
1248 654 45 40 på
1317 664 137 20 samma
1480 655 70 28 sätt
1574 662 76 21 som
1675 653 93 29 skett

249 704 45 39 på
318 704 67 29 den
408 703 140 39 privata
572 701 221 30 marknaden
817 699 132 30 mellan
973 696 458 40 Arbetsgivareföreningen
1456 696 68 29 och
1548 695 220 38 Landsorga-

249 745 211 29 nisationen.

304 787 54 28 En
378 783 452 32 arbetsmarknadsnämnd
850 782 158 30 inrättad
1030 781 88 29 efter
1141 789 137 21 samima
1299 778 303 40 huvudprinciper
1625 787 76 20 som
1723 777 46 40 på

250 829 58 29 det
325 828 137 39 privata
481 826 160 30 området
657 826 63 29 bör
738 825 46 29 ha
802 825 53 29 till
873 823 142 40 uppgift
1033 824 61 32 att,
1112 823 11 28 i
1142 823 42 29 de
1203 822 63 29 fall
1285 822 42 29 de
1344 821 142 38 vanliga
1505 820 264 38 förhandlings-

248 872 155 37 vägarna
423 870 144 38 prövats
589 869 87 28 utan
696 867 149 29 resultat
865 866 66 29 och
951 874 44 20 en
1017 863 277 39 samhällsfarlig
1315 862 158 30 konflikt
1494 863 113 32 hotar,
1629 862 141 39 ingripa

250 912 56 30 för
325 913 50 28 att
393 910 146 30 försöka
559 909 36 30 få
614 909 93 29 fram
727 908 132 38 förslag
877 907 54 29 till
951 907 148 29 tvistens
1119 905 150 39 lösning,
1290 913 76 20 som
1386 913 43 21 av
1447 904 92 29 båda
1559 905 118 38 parter
1697 903 73 29 kan

250 954 178 38 godtagas.
445 952 55 29 En
518 961 42 20 av
577 949 346 39 förutsättningarna
940 948 55 30 för
1014 949 51 28 att
1082 957 43 19 en
1142 947 99 38 dylik
1259 947 134 28 nämnd
1411 945 91 30 skall
1520 946 124 29 kunna
1660 944 111 30 verka

250 995 81 29 med
354 994 116 39 någon
491 993 114 29 effekt
626 994 48 31 är,
698 993 51 28 att
771 992 41 28 de
834 999 168 31 personer
1026 998 75 21 som
1123 989 151 29 insättas
1296 988 11 29 i
1330 988 181 29 nämnden
1534 987 21 29 å
1577 996 66 20 ena
1667 987 103 29 sidan

251 1038 61 28 äro
331 1036 385 39 partsrepresentanter
736 1042 82 20 men
838 1033 20 29 å
878 1033 112 28 andra
1011 1032 102 29 sidan
1132 1032 11 28 i
1163 1031 72 29 viss
1256 1030 249 38 utsträckning
1528 1028 54 30 stå
1602 1029 168 29 obundna

251 1079 54 29 till
335 1079 67 28 den
433 1077 158 30 aktuella
621 1073 387 40 förhandlingsfrågan.
1042 1073 49 29 De
1123 1072 197 29 eventuella
1352 1071 144 38 förslag,
1529 1080 77 20 som
1638 1070 132 29 arbets-

249 1119 379 30 marknpadsnämnden
653 1117 223 38 framlägger,
904 1116 101 29 skola
1030 1115 41 29 de
1096 1113 407 39 huvudorganisationer
1529 1121 76 20 som
1631 1113 61 28 äro
1718 1120 53 20 re-

251 1161 249 40 presenterade
523 1160 12 29 i
557 1159 180 30 nämnden
760 1158 102 38 ålaga
885 1157 52 39 sig
960 1158 52 28 att
1033 1156 108 29 verka
1164 1155 55 30 för
1242 1157 51 28 att
1316 1155 41 29 de
1382 1153 226 40 genomföras
1630 1153 12 29 i
1665 1153 106 40 prak-

251 1204 108 29 tiken.
381 1203 66 28 Det
468 1202 109 38 gäller
599 1201 149 29 sålunda
769 1200 55 29 för
845 1198 498 30 arbetsmarknadsnämnden
1363 1196 90 30 både
1474 1197 52 28 att
1548 1195 36 29 få
1606 1195 94 29 fram
1721 1195 50 29 ett

252 1245 142 38 förslag,
415 1252 124 21 varom
559 1244 167 38 parterna
746 1242 11 28 i
779 1241 180 29 nämnden
979 1240 124 29 kunna
1123 1248 96 25 enas,
1240 1239 66 29 och
1327 1239 52 28 att
1399 1238 81 29 dess
1502 1237 133 39 förslag
1656 1238 39 28 är
1717 1236 55 30 så-

251 1287 87 29 dant
365 1287 50 28 att
443 1284 299 38 förutsättningar
771 1283 119 29 finnas
919 1282 56 30 för
1003 1282 80 29 dess
1112 1280 277 40 genomförande
1417 1280 11 29 i
1457 1279 201 39 praktiken.
1688 1278 82 30 Man

252 1329 99 28 torde
371 1328 74 28 inte
468 1327 124 29 kunna
613 1326 118 29 bortse
753 1324 82 30 från
857 1325 50 28 att
929 1324 93 38 läget
1043 1323 77 29 icke
1143 1324 38 28 är
1204 1323 198 29 detsamma
1425 1321 45 39 på
1493 1321 69 30 den
1584 1320 187 39 offentliga

252 1370 101 29 delen
377 1378 42 20 av
444 1367 342 31 arbetsmarknaden
811 1367 64 28 när
899 1366 59 29 det
983 1365 108 38 gäller
1115 1364 472 39 tjänstemannagrupperna
1613 1371 76 20 som
1715 1361 56 30 för

251 1411 188 30 arbetarna
458 1410 45 39 på
523 1410 68 29 den
611 1409 137 39 privata
767 1407 351 30 arbetsmarknaden.
1141 1406 150 30 Särskilt
1310 1405 168 29 markant
1497 1404 67 30 blir
1584 1404 96 30 detta
1701 1403 70 30 för-

250 1453 165 29 hållande
442 1460 127 30 genom
593 1452 51 28 att
668 1459 44 20 en
737 1449 154 40 påtaglig
916 1447 444 40 organisationssplittring
1386 1446 45 40 på
1457 1445 315 40 tjänstemannasi-

252 1495 71 29 dan
343 1495 38 28 är
401 1494 55 29 för
477 1493 152 29 handen.
650 1492 53 28 En
723 1500 98 21 mera
841 1491 155 38 enhetlig
1016 1490 243 39 organisering
1280 1498 42 20 av
1343 1488 292 39 tjänstemännen
1657 1486 114 30 skuile

252 1537 94 38 göra,
365 1536 51 28 att
433 1535 293 39 representanten
745 1533 55 29 för
819 1533 68 29 den
906 1531 377 39 huvudorganisation,
1304 1539 75 21 som
1400 1530 129 29 insatts
1549 1529 11 29 i
1581 1529 190 32 nämnden,

253 1578 114 29 skulle
388 1577 125 29 kunna
533 1576 148 29 bedöma
703 1573 378 39 förhandlingsfrågan
1102 1582 42 20 ur
1164 1572 121 30 vidare
1307 1571 223 40 synpunkter
1552 1572 46 28 än
1620 1579 58 21 om
1699 1570 71 29 han

253 1619 124 29 endast
395 1619 264 38 representerar
676 1617 96 28 vissa
791 1624 162 31 grupper.

309 1660 285 30 Förhållandena
621 1659 148 38 gestalta
796 1658 51 38 sig
872 1658 11 28 i
909 1657 73 29 viss
1009 1656 84 30 mån
1120 1656 106 39 något
1252 1656 95 29 olika
1373 1654 45 40 på
1445 1655 69 29 den
1541 1653 231 30 kommunala

254 1703 65 29 och
339 1703 67 28 den
427 1702 143 38 statliga
591 1701 144 29 sektorn
755 1709 43 20 av
818 1699 165 39 offentlig
1003 1699 237 29 verksamhet.
1263 1698 66 29 Det
1350 1697 98 29 torde
1470 1697 11 28 i
1502 1696 73 29 viss
1596 1695 177 30 utsträck-

254 1744 85 38 ning
366 1752 84 21 vara
479 1744 126 28 lättare
634 1744 50 27 att
712 1741 102 30 finna
842 1741 133 29 former
1004 1740 56 29 för
1088 1749 44 20 en
1160 1738 452 31 arbetsmarknadsnämnd
1640 1737 46 40 på
1714 1737 59 30 det

253 1785 233 30 kommunala
511 1783 160 30 området
697 1785 46 28 än
769 1782 44 40 på
838 1783 59 29 det
924 1782 151 38 statliga.
1103 1782 12 28 I
1142 1782 59 29 det
1228 1790 123 20 senare
1378 1780 99 29 fallet
1504 1779 169 39 föreligga
1700 1780 73 28 sär-

255 1827 115 30 skilda
393 1826 217 38 svårigheter
632 1825 108 29 bland
763 1826 109 28 annat
895 1824 80 29 med
998 1824 140 37 hänsyn
1162 1823 53 29 till
1238 1824 51 28 att
1313 1821 319 39 förhandlingarna
1655 1821 11 29 i
1691 1821 83 29 fler-

254 1869 85 29 talet
360 1869 111 29 större
492 1867 119 39 frågor
632 1875 148 21 numera
801 1866 95 29 föras
918 1866 132 28 mellan
1071 1865 362 39 civildepartementet
1454 1863 20 29 å
1495 1872 66 20 ena
1584 1862 102 30 sidan
1706 1862 67 30 och

254 1911 310 38 tjänstemännens
590 1907 405 39 huvudorganisationer
1023 1906 20 30 å
1069 1907 68 29 den
1163 1907 122 29 andra.
1312 1905 134 30 Genom
1473 1906 51 28 att
1550 1905 224 38 huvudorga-

254 1952 244 29 nisationerna
522 1951 10 28 i
558 1952 71 28 stor
653 1950 248 38 utsträckning
925 1950 62 28 äro
1011 1950 118 37 parter
1153 1948 110 29 redan
1286 1948 11 28 i
1322 1948 41 29 de
1389 1947 289 39 grundläggande
1703 1946 71 29 för-

254 1993 272 38 handlingarna,
549 1993 60 29 äro
630 1991 346 37 förutsättningarna
998 1990 56 29 för
1075 1991 51 28 att
1147 1991 49 28 ett
1217 1988 458 39 förhandlingsförfarande
1696 1987 11 29 i
1729 1996 44 20 en

255 2034 451 30 arbetsmarknadsnämnd
736 2034 90 28 skall
856 2032 134 30 tillföra
1019 2032 252 30 diskussionen
1300 2030 106 39 något
1435 2031 89 38 nytt,
1553 2029 31 40 ej
1619 2028 155 31 särdeles

255 2078 105 27 stora.
383 2076 128 29 Därtill
534 2076 143 28 komma
700 2075 41 29 de
764 2076 79 27 rent
865 2073 308 30 konstitutionella
1196 2072 275 39 svårigheterna,
1496 2080 76 21 som
1596 2079 178 21 samman-

254 2118 116 38 hänga
390 2118 81 28 med
493 2116 208 30 statsrådets
723 2116 226 38 ansvarighet
969 2115 96 29 inför
1086 2115 189 38 riksdagen
1297 2114 65 29 och
1384 2114 81 29 med
1486 2113 210 38 riksdagens
1717 2112 57 29 be-

256 2160 237 28 slutanderätt
512 2159 11 29 i
545 2157 211 39 lönefrågor.
779 2158 82 29 Man
881 2156 113 30 måste
1016 2157 123 29 kunna
1159 2157 114 29 räkna
1293 2156 81 29 med
1395 2156 52 28 att
1468 2156 49 28 ett
1539 2155 132 38 förslag
1693 2154 81 29 från

255 2210 44 19 en
321 2201 174 29 eventuell
518 2199 470 30 arbetsmarknadsnämnds
1012 2198 76 29 sida
1111 2198 71 29 kan
1205 2197 236 39 genomföras,
1465 2206 83 20 men
1570 2197 65 29 här
1659 2196 115 30 skulle

255 2243 68 29 den
351 2242 217 29 situationen
595 2241 123 29 kunna
744 2240 140 39 uppstå,
912 2242 52 27 att
991 2240 127 39 Kungl.
1146 2240 108 38 Maj:t
1280 2239 84 29 eller
1390 2238 192 39 riksdagen
1608 2238 78 29 icke
1713 2237 62 30 vill

256 2284 190 29 medverka
474 2283 54 29 till
556 2284 49 28 ett
632 2283 114 38 dylikt
775 2282 150 39 förslags
954 2282 277 39 genomförande
1260 2282 66 28 och
1355 2280 45 30 då
1429 2280 187 39 föreligger
1644 2289 44 20 en
1716 2288 57 20 om

255 2325 140 38 möjligt
416 2325 236 38 besvärligare
675 2324 170 29 situation
867 2325 45 28 än
934 2332 58 20 om
1015 2324 180 29 nämnden
1216 2323 78 29 icke
1317 2321 149 30 funnits.

312 2366 86 30 TCO
416 2367 62 29 vill
498 2367 81 29 med
598 2367 95 29 detta
712 2373 233 31 resonemang
964 2365 78 29 icke
1063 2365 93 38 säga,
1178 2366 51 28 att
1248 2373 84 20 man
1351 2364 63 29 bör
1435 2363 120 30 avvisa
1576 2363 134 29 tanken
1729 2362 46 39 på

255 2409 203 29 inrättande
481 2417 43 21 av
546 2417 44 20 en
611 2407 452 30 arbetsmarknadsnämnd
1085 2406 45 40 på
1152 2407 58 29 det
1232 2405 186 39 offentliga
1442 2405 160 30 området
1625 2406 87 28 utan
1736 2404 38 29 är

256 2451 11 29 i
286 2450 63 30 sak
367 2450 130 39 positiv
515 2450 53 29 till
587 2451 51 27 att
656 2450 156 38 upptaga
829 2448 292 39 överläggningar
1141 2456 58 21 om
1219 2448 95 29 detta
1333 2447 81 29 med
1434 2446 97 30 såväl
1551 2447 41 29 de
1612 2447 162 29 kommu-

256 2492 82 29 nala
365 2491 377 39 arbetsgivarorganen
771 2499 75 20 som
873 2490 82 29 med
983 2489 372 40 civildepartementet.
