2272 2646
758 221 275 33 Bankvutskottets
1055 226 167 31 utlåtande
1248 228 48 30 Ny
1320 230 47 29 65.
1805 237 18 26 9

353 295 160 52 Avskrift.
1586 316 119 41 Bilaga
1728 318 38 32 A.

458 370 66 31 Till
546 371 112 31 herrar
672 372 212 42 fullmäktige
905 374 14 32 i
941 376 311 39 riksgäldskontoret.

352 428 122 31 Genom
509 431 70 29 herr
612 431 393 38 riksgäldskommissarien
1030 436 56 30 har
1108 438 234 30 undertecknad
1366 441 59 29 den
1450 441 18 29 4
1491 442 75 30 sistl.
1592 443 128 30 oktober
1743 446 125 29 erhållit

253 469 142 39 uppdrag
429 472 68 29 från
534 472 105 30 herrar
673 474 197 40 fullmäktige
898 480 45 27 att
967 481 139 35 uppgöra
1127 480 154 38 ritningar
1304 482 58 29 och
1387 483 326 40 kostnadsberäkning
1735 487 131 30 rörande

252 511 168 39 inredning
455 513 59 29 och
548 515 182 38 förändring
763 527 38 19 av
836 519 81 29 vissa
950 522 179 35 utrymmen
1157 522 87 30 invid
1280 523 249 38 riksdagshusets
1561 527 109 37 gårdar
1703 529 10 28 i
1737 530 58 28 och
1819 529 47 29 för

255 553 159 38 förvaring
447 564 38 21 av
510 556 231 39 riksdagstryck
764 559 59 29 och
847 560 218 40 tryckpapper.
1111 563 63 28 Till
1198 564 128 38 ledning
1349 566 170 39 medföljde
1542 578 37 19 en
1602 579 39 20 av
1663 569 106 30 herrar
1791 571 74 29 riks-

249 595 300 36 gäldssekreteraren
571 598 58 29 och
653 599 394 38 riksgäldskommissarien
1072 605 39 37 på
1135 606 142 38 uppdrag
1299 617 38 19 av
1360 608 107 29 herrar
1490 610 198 38 fullmäktige
1704 613 158 37 uppgjord

251 637 31 28 P.
308 637 52 35 M.,
384 638 130 30 daterad
547 640 59 29 den
643 641 37 29 12
704 644 174 35 september
904 644 88 31 1917.
1038 645 88 30 Efter
1149 647 143 39 fullgjort
1315 649 143 39 uppdrag
1481 652 47 28 får
1546 652 53 38 jag
1622 653 130 30 härmed
1775 654 89 31 vörd-

249 682 150 26 sammast
421 680 143 30 inlämna
588 682 70 29 3:ne
681 682 73 30 blad
777 684 154 39 ritningar
954 687 59 30 och
1036 689 112 37 avgiva
1170 689 142 38 följande
1333 692 160 37 yttrande:

348 721 16 28 I
387 723 222 30 ovannämnda
631 724 31 30 P.
688 726 40 29 M.
753 727 75 29 står:
858 728 77 30 »Det
957 729 99 39 tryck,
1080 740 66 20 som
1171 731 54 30 bör
1249 733 192 31 kvarstanna
1463 735 10 29 i
1489 736 100 36 huset,
1611 737 63 29 kan
1690 733 175 48 inrymmas

250 762 11 29 i
285 765 173 36 utrymmet
480 766 100 29 under
603 766 98 31 andra
723 767 201 33 kammarens
945 772 133 38 plenisal
1094 773 75 30 eller
1185 774 10 29 i
1211 774 52 30 det
1278 776 84 29 förut
1378 777 155 31 omtalade
1549 777 319 47 pappersmagasinet.

251 805 108 30 Skulle
394 805 87 31 detta
514 809 141 37 magasin
689 810 65 30 helt
787 811 75 30 eller
884 813 50 29 till
957 816 96 27 större
1076 814 90 30 delen
1191 819 85 35 tagas
1299 817 10 29 i
1332 819 135 35 anspråk
1491 821 47 28 för
1561 821 99 39 tryck,
1684 824 99 28 måste
1807 834 61 28 nya

252 847 118 30 lokaler
404 848 159 32 anskaffas
595 851 45 29 för
673 854 280 37 pappersförrådet.
1000 856 124 30 Sådana
1157 858 88 30 torde
1271 862 76 27 utan
1371 864 98 27 större
1492 862 168 31 kostnader
1683 864 109 31 kunna
1815 876 51 19 an-

254 888 114 31 ordnas
390 900 113 28 genom
527 892 198 39 inbyggande
747 904 39 20 av
809 899 45 26 ett
875 906 57 29 par
955 908 38 19 av
1017 898 37 30 de
1076 899 109 30 utmed
1208 901 107 30 husets
1337 904 112 36 gårdar
1472 904 133 38 löpande
1619 907 186 36 gångarne».

349 932 15 28 I
398 933 140 38 enlighet
571 934 71 29 med
668 935 85 30 detta
776 947 145 28 program
944 940 58 28 har
1020 940 53 38 jag
1095 942 159 37 föreslagit
1277 944 225 40 entresolering
1525 956 38 21 av
1586 946 276 41 byggnadspartiet

249 972 10 29 i
282 974 232 38 jordvåningen
547 975 99 31 under
679 980 83 27 stora
794 982 135 36 trappan
958 981 59 30 och
1040 982 194 31 tillstötande
1257 984 177 32 korridorer
1457 987 11 29 i
1491 998 73 20 norr
1586 989 59 30 och
1668 990 88 30 söder
1778 995 82 26 samt

247 1017 172 36 utrymmet
452 1018 32 28 åt
517 1020 88 35 öster,
629 1022 150 36 upptaget
802 1031 38 20 av
863 1023 171 30 avträdena
1059 1035 39 19 m.
1124 1036 40 18 m.
1189 1035 32 20 se
1242 1026 45 30 Bl.
1313 1027 15 29 I
1351 1029 58 29 och
1434 1029 40 29 II.
1521 1027 48 34 Åv
1592 1031 60 30 den
1675 1033 183 30 nuvarande

247 1057 80 38 höga
360 1058 158 39 våningen
552 1063 33 26 är
617 1061 117 31 således
766 1062 107 31 bildad
897 1066 70 28 2:ne
990 1067 68 37 låga
1081 1067 161 38 våningar.
1289 1069 68 30 Den
1379 1074 72 27 övre
1473 1075 152 36 upptager
1648 1077 137 35 magasin
1808 1076 51 29 till

245 1099 71 30 hela
348 1100 151 39 golvytan
523 1102 11 29 i
557 1102 38 30 de
628 1105 226 30 entresolerade
886 1106 138 31 delarna.
1070 1109 67 30 Den
1161 1110 94 30 nedre
1278 1112 158 39 våningen
1459 1118 151 35 upptages
1633 1126 37 20 av
1693 1118 165 37 magasins-

245 1144 180 36 utrymmen
449 1143 72 30 med
544 1145 161 39 undantag
727 1156 38 21 av
788 1147 184 33 korridoren
995 1151 30 29 åt
1047 1161 83 26 norr,
1154 1152 105 31 vilken
1284 1155 98 30 måste
1405 1165 90 21 anses
1512 1157 144 39 behövlig
1671 1168 67 21 som
1755 1162 101 37 öppen

244 1193 137 29 passage,
406 1186 60 29 och
490 1189 199 36 utrymmena
711 1190 32 29 åt
766 1192 90 34 öster,
880 1201 67 20 som
970 1193 11 28 i
1004 1192 104 31 denna
1132 1194 95 30 nedre
1249 1197 118 38 våning
1382 1198 126 30 kvarstå
1525 1201 214 30 oförändrade.
1765 1203 91 29 Golv-

241 1229 76 35 ytan
352 1227 11 29 i
397 1227 94 30 nedre
525 1229 157 39 våningen
715 1234 34 26 är
781 1232 119 31 således
933 1234 183 31 densamma
1149 1246 67 20 som
1240 1239 9 28 i
1273 1240 183 30 nuvarande
1487 1244 275 37 pappersmagasin
1784 1245 72 39 plus

241 1268 91 29 södra
364 1270 121 38 gången
519 1273 126 28 utanför
679 1273 84 30 detta
786 1276 150 37 magasin.
983 1278 204 38 Våningarna
1210 1280 161 31 innehålla
1393 1283 11 28 i
1427 1284 94 29 nedre
1544 1285 156 38 våningen
1727 1288 59 28 160
1808 1285 46 31 m?

240 1311 58 29 och
322 1311 9 29 i
356 1314 75 29 övra
454 1313 157 38 våningen
635 1314 60 31 220
718 1314 45 31 m?
787 1317 74 30 eller
883 1318 210 32 tillsammans
1117 1321 61 30 380
1202 1320 45 31 m?
1270 1324 71 29 med
1365 1334 78 29 resp.
1469 1325 59 31 368
1553 1327 58 29 och
1634 1327 61 30 506
1720 1326 43 32 m?
1779 1329 76 30 eller

238 1349 209 35 tillsammans
471 1355 60 30 874
554 1353 54 38 m?,
633 1366 51 20 om
707 1358 251 40 våningshöjden
981 1361 114 31 räknas
1117 1363 50 29 till
1191 1364 68 35 2,30
1285 1376 39 18 m.

343 1395 61 30 Till
439 1399 73 28 övre
547 1399 153 37 våningen
734 1399 84 31 leder
840 1411 38 20 en
901 1405 121 37 trappa,
1047 1404 49 29 till
1118 1405 107 30 vilken
1249 1416 74 20 man
1348 1407 62 30 kan
1433 1408 129 32 komma
1584 1420 113 28 genom
1720 1412 133 30 särskild

243 1437 114 38 ingång
391 1438 128 37 utifrån,
554 1441 38 37 på
625 1443 71 35 sätt,
730 1445 46 27 att
808 1446 72 27 övre
913 1446 157 37 våningen
1098 1447 63 29 kan
1184 1448 162 31 användas
1368 1451 48 29 för
1439 1456 98 26 annat
1559 1452 148 31 ändamål
1730 1458 39 26 än
1793 1456 60 29 den

243 1479 105 29 nedre.
393 1480 59 38 Jag
485 1481 57 30 har
574 1482 92 30 tänkt
698 1484 72 38 mig,
805 1488 47 27 att
877 1485 60 31 den
961 1490 73 27 övre
1056 1489 158 38 våningen
1237 1491 101 30 skulle
1361 1492 111 30 kunna
1495 1496 161 29 användas
1680 1497 49 28 till
1752 1507 100 28 maga-

240 1521 138 39 sinering
410 1532 39 21 av
482 1523 231 41 riksdagstryck
746 1527 59 30 och
839 1528 60 30 den
934 1530 94 30 nedre
1061 1531 49 29 till
1143 1534 140 37 magasin
1309 1535 48 29 för
1384 1535 219 40 tryckpapper,
1627 1539 32 29 så
1683 1538 87 39 långt
1791 1539 61 30 den

240 1563 116 31 räcker.

341 1606 68 30 Allt
439 1608 210 40 tryckpapper
673 1611 88 29 torde
794 1612 175 31 emellertid
998 1615 28 37 ej
1050 1616 31 28 få
1104 1615 82 39 plats
1209 1615 11 31 i
1243 1620 216 36 nyssnämnda
1482 1620 94 31 nedre
1599 1623 125 38 våning,
1748 1625 104 37 varför

241 1647 124 33 felande
388 1651 159 37 utrymme
569 1651 47 29 för
631 1651 173 32 detsamma
827 1656 99 29 måste
948 1656 91 30 sökas
1062 1659 40 37 på
1125 1662 98 27 annat
1245 1659 65 30 håll
1333 1660 88 31 inom
1445 1662 195 39 byggnaden.

341 1690 16 30 I
379 1692 31 29 P.
436 1693 41 29 M.
503 1694 114 29 uttalas
650 1695 202 39 möjligheten
875 1707 39 20 av
937 1700 46 28 att
1006 1699 132 31 medelst
1164 1701 229 39 >inbyggandet
1416 1714 40 21 av
1478 1709 44 26 ett
1544 1716 55 28 par
1622 1717 38 20 av
1683 1708 37 29 de
1743 1709 108 29 utmed

240 1732 106 32 husets
378 1734 113 38 gårdar
524 1735 135 40 löpande
692 1738 174 38 gångarna»
893 1739 112 31 bereda
1028 1741 84 30 detta
1134 1742 116 40 nödiga
1266 1747 156 36 utrymme
1445 1746 47 30 för
1514 1748 217 40 tryckpapper.
1777 1751 74 30 Som

240 1784 73 29 nyss
346 1779 128 28 nämnts
508 1777 56 30 har
593 1778 53 39 jag
680 1779 53 30 vid
756 1782 263 38 entresoleringen
1042 1784 95 30 redan
1161 1789 119 27 använt
1303 1797 37 20 en
1364 1798 39 20 av
1426 1789 38 29 de
1487 1789 56 30 här
1565 1792 131 37 troligen
1720 1794 132 29 menade

239 1818 166 37 gångarna.
451 1819 103 38 Några
586 1820 99 30 andra
717 1821 152 32 liknande
892 1827 179 36 utrymmen
1094 1827 89 30 invid
1207 1828 201 39 byggnadens
1431 1833 18 27 4
1473 1833 138 29 centrala
1632 1833 109 38 gårdar
1763 1836 88 29 torde

239 1859 25 39 ej
298 1860 73 30 böra
402 1860 130 33 komma
554 1862 47 30 till
624 1864 206 39 användning
852 1867 46 29 för
921 1866 187 38 ändamålet,
1133 1872 34 36 ty
1188 1870 40 30 då
1250 1871 102 30 skulle
1375 1873 318 32 kommunikationen
1716 1878 133 29 emellan

238 1902 88 29 dessa
358 1902 112 38 gårdar
493 1906 106 34 störas,
623 1905 60 30 och
705 1906 67 30 min
795 1908 83 30 åsikt
901 1911 42 33 är,
968 1913 46 26 att
1035 1910 88 31 dessa
1145 1913 112 37 gårdar
1280 1914 74 29 böra
1376 1915 126 30 kvarstå
1525 1917 10 29 i
1558 1918 48 29 sin
1630 1920 219 38 ursprungliga

237 1945 191 38 gestaltning
450 1945 73 31 med
545 1947 60 29 den
628 1947 67 30 lilla
717 1949 231 37 modifikation,
965 1962 67 20 som
1048 1953 11 29 i
1075 1953 57 30 här
1149 1964 81 20 ovan
1246 1956 175 38 föreslagna
1436 1959 224 39 entresolering
1674 1961 172 31 innebäres.

238 1986 45 29 De
305 1987 231 39 avbalkningar
559 1990 58 29 och
641 1993 239 38 uppstaplingar
902 1994 47 29 för
973 1994 58 30 ved
1054 2005 41 19 m.
1119 2006 52 27 m.,
1195 2007 67 20 som
1285 1999 46 29 för
1348 2000 196 31 närvarande
1561 2001 129 31 förstöra
1706 2004 141 30 kommu.

237 2028 222 32 nikationerna
496 2030 133 31 emellan
663 2032 87 31 dessa
783 2036 19 27 4
834 2035 111 38 gårdar
978 2036 89 30 invid
1101 2038 199 39 byggnadens
1333 2042 172 39 tvärflygel,
1540 2043 75 31 böra
1642 2045 98 30 under
1763 2047 85 38 inget

236 2071 116 30 villkor
373 2075 90 35 göras
485 2077 204 34 permanenta
711 2085 112 28 genom
847 2077 164 32 definitiva
1033 2080 223 38 inbyggnader.

337 2114 48 30 Av
419 2114 202 39 byggnadens
643 2116 18 30 8
684 2117 110 38 gårdar
816 2122 154 36 upptagas
993 2121 37 29 de
1054 2122 80 30 båda
1155 2124 92 29 södra
1269 2134 38 20 av
1331 2125 322 40 ångpannerummen.
1700 2131 44 28 De
1767 2130 80 31 båda

235 2165 92 20 norra
361 2159 54 28 äro
449 2158 10 28 i
493 2157 101 31 likhet
626 2158 71 31 med
730 2159 38 31 de
795 2161 92 30 södra
909 2162 70 30 icke
1002 2163 114 39 nödiga
1138 2164 47 31 för
1208 2167 204 31 samfärdseln
1437 2169 10 29 i
1466 2169 239 40 jordvåningen.
1751 2173 96 30 Dessa

235 2197 70 31 2:ne
337 2198 120 38 gårdar,
493 2200 157 39 nämligen
683 2202 39 30 de
757 2202 80 31 båda
870 2214 94 20 norra
996 2206 146 39 omkring
1175 2209 95 30 första
1296 2209 201 33 kammarens
1519 2213 150 38 plenisals
1692 2215 154 38 byggnad,

234 2239 101 31 skulle
369 2240 104 31 därför
506 2245 76 28 utan
606 2244 165 38 olägenhet
793 2246 110 30 kunna
925 2247 163 32 förändras
1110 2251 43 34 så,
1177 2253 46 27 att
1244 2251 38 30 de
1305 2252 108 31 kunde
1435 2254 72 37 giva
1529 2259 142 28 avsevärt
1694 2260 153 36 utrymme

235 2281 47 31 för
304 2283 210 40 tryckpapper
537 2295 40 20 m.
601 2296 39 19 m.
1483 2294 2 2 |

318 2332 133 42 Bihang
476 2333 51 32 till
548 2334 188 42 riksdagens
757 2338 151 39 vrotokoll
930 2342 94 29 1918.
1070 2343 21 29 8
1112 2342 89 31 saml.
1248 2346 42 28 55
1312 2343 82 41 häft.
1439 2345 68 40 (Nr
1530 2347 66 39 65)
1784 2352 17 28 2
