1890 2800
560 148 286 31 Statsutskottets
872 147 179 30 utlåtande
1076 156 43 20 nr
1139 144 52 31 37.
1595 141 40 30 25

138 239 122 28 centen
285 237 86 30 efter
396 246 43 20 en
464 245 96 21 mera
584 235 157 40 objektiv
763 234 191 30 måttstock
979 235 44 29 än
1047 232 295 39 utdebiteringens
1367 230 98 39 höjd.
1491 229 65 30 Det
1579 229 63 29 bör

137 287 154 35 beaktas,
312 290 50 28 att
383 288 57 30 det
462 287 151 34 område,
634 287 97 29 inom
750 286 108 29 vilket
878 284 275 38 maximeringen
1174 282 134 34 verkar,
1330 282 124 29 endast
1475 279 167 31 omfattar

138 338 209 30 kommuner
369 339 80 29 med
474 338 41 30 de
539 338 159 38 svagaste
723 335 339 39 skatteunderlagen.
1087 334 53 29 En
1164 332 230 39 maximering
1417 331 59 30 vid
1500 330 40 30 80
1564 338 79 31 pro-

138 392 78 27 cent
237 389 125 30 verkar
383 388 40 40 ju
447 388 99 34 först,
569 388 64 30 där
656 388 66 29 den
745 386 103 30 enkla
869 385 333 40 bidragsprocenten
1224 382 178 39 överstigit
1424 381 42 30 40
1488 381 154 40 procent,

139 440 32 29 d.
194 449 31 21 v.
251 450 24 21 s.
300 440 62 29 där
386 439 322 38 skatteunderlaget
732 439 38 28 är
793 437 137 30 mindre
954 437 45 29 än
1024 435 40 30 60
1087 436 145 39 procent
1256 443 41 21 av
1321 431 322 41 gränsunderlaget.

139 490 176 30 Eftersom
336 489 312 40 gränsunderlaget
668 489 11 29 i
702 488 54 30 sin
776 490 57 28 tur
854 488 103 38 utgör
979 486 39 30 75
1041 486 81 30 eller
1142 486 12 29 i
1175 485 93 30 vissa
1289 484 62 30 fall
1373 483 42 30 80
1437 484 143 38 procent
1601 490 43 22 av

140 540 434 40 medelskatteunderlaget
600 539 56 31 för
681 539 370 32 landskommunerna,
1077 536 205 39 understiga
1307 535 41 30 de
1373 534 148 30 berörda
1547 533 97 29 kom-

140 600 189 21 munernas
349 590 287 40 skatteunderlag
655 589 41 30 45
717 598 89 31 resp.
826 588 42 30 48
888 590 144 38 procent
1052 596 42 21 av
1113 587 155 30 nämnda
1287 584 358 31 medelskatteunder-

141 642 65 39 lag.
234 642 65 30 Om
324 651 83 20 man
434 641 148 30 sålunda
608 640 103 40 utgår
736 639 93 30 ifrån
855 640 51 29 att
932 647 83 21 man
1039 638 96 29 inom
1162 638 165 38 systemet
1353 635 89 30 efter
1468 634 177 40 objektiva

141 693 151 39 grunder
310 693 187 39 avgränsat
515 692 41 29 de
575 693 89 27 mest
682 690 202 30 behövande
903 689 257 30 kommunerna
1178 687 65 30 och
1261 686 119 30 ställer
1399 685 134 39 frågan,
1552 685 93 29 huru

141 744 139 38 mycket
299 744 66 29 den
385 742 55 30 för
459 743 78 29 dem
557 741 101 39 eljest
679 740 157 40 gällande
855 739 332 40 bidragsprocenten
1205 738 62 29 bör
1287 737 129 30 sänkas
1437 736 54 30 för
1511 737 49 28 att
1579 735 68 29 till-

138 795 165 39 varataga
325 795 56 29 det
403 792 229 31 kommunala
645 790 413 42 sparsamhetsintresset,
1070 788 168 31 framstår
1250 788 91 30 klart
1353 787 143 40 frågans
1508 786 138 31 relativt

139 848 101 38 ringa
266 844 291 32 statsfinansiella
581 843 169 30 räckvidd
775 842 73 30 lika
872 842 56 30 väl
955 850 74 21 som
1055 841 41 29 de
1122 840 56 30 för
1204 840 67 29 den
1296 838 163 31 enskilda
1483 838 162 29 kommu-

140 906 69 21 nen
229 896 183 30 kännbara
433 895 309 30 konsekvenserna
764 902 42 21 av
828 902 43 20 en
894 892 104 29 sänkt
1020 890 241 39 maximering.
1283 890 78 33 Med
1383 888 196 30 beaktande
1602 897 43 20 av

139 949 42 29 de
207 947 94 30 olika
324 947 46 39 på
396 945 209 40 spörsmålet
632 943 214 30 inverkande
873 941 346 39 omständigheterna
1244 940 64 30 har
1335 939 61 39 jag
1422 938 76 30 icke
1525 937 121 30 funnit

140 997 189 39 tillräcklig
348 996 192 39 anledning
560 997 50 29 att
631 995 57 29 för
708 994 101 30 dessa
830 995 98 38 svagt
949 993 127 29 ställda
1096 992 211 30 kommuner
1328 990 144 30 förorda
1493 999 43 20 en
1558 991 87 28 star-

141 1049 85 30 kare
248 1047 236 40 begränsning
506 1056 43 21 av
571 1046 333 39 bidragsprocenten
927 1045 46 29 än
994 1043 53 30 till
1070 1044 42 29 de
1136 1042 198 39 föreslagna
1358 1041 41 30 80
1422 1041 220 39 procenten.»

495 1181 253 30 Fastställande
771 1189 42 20 av
838 1178 266 35 skattelindring
1128 1178 11 28 i
1163 1177 131 35 förväg.

188 1277 178 39 Förslaget
384 1278 51 28 att
453 1275 167 40 bidragen
639 1275 99 30 skola
757 1273 193 31 fastställas
968 1272 45 40 på
1029 1272 154 40 förhand
1201 1271 64 30 har
1284 1280 42 20 av
1343 1269 305 38 utredningsmän-

141 1337 69 20 nen
231 1326 203 31 motiverats
456 1325 107 39 enligt
584 1325 169 38 följande.

188 1387 64 29 Det
276 1388 39 28 är
338 1395 42 21 av
401 1386 107 29 värde
532 1385 55 30 för
610 1385 259 29 kommunerna
893 1384 51 29 att
967 1382 45 40 på
1035 1382 125 30 hösten
1183 1380 57 30 vid
1265 1379 243 31 fastställande
1534 1387 41 21 av
1597 1378 53 29 in-

143 1429 132 29 komst-
293 1428 63 29 och
374 1427 242 40 utgiftsstaten
634 1426 56 30 för
707 1425 204 40 påföljande
930 1424 39 30 år
985 1425 87 32 veta,
1090 1423 96 30 vilka
1204 1431 156 21 resurser
1378 1422 42 29 de
1438 1420 46 30 ha
1502 1421 50 28 att
1568 1420 82 29 röra

144 1471 52 38 sig
218 1470 88 30 med.
331 1470 67 30 Om
421 1470 42 29 de
487 1469 98 30 skola
607 1468 46 40 på
676 1469 47 28 ett
746 1466 324 31 tillfredsställande
1094 1466 69 28 sätt
1187 1464 120 29 kunna
1330 1463 145 39 planera
1498 1461 76 29 sina
1598 1462 53 28 ut-

144 1512 104 39 gifter
268 1512 64 29 och
353 1512 144 32 skatter,
518 1511 62 29 bör
601 1508 448 39 skattelindringsbidraget
1069 1507 77 29 icke
1167 1506 123 38 utgöra
1312 1514 42 20 en
1375 1504 125 29 osäker
1521 1503 128 29 faktor.

144 1554 103 30 Detta
268 1554 86 29 krav
376 1552 213 30 framfördes
612 1552 80 29 med
715 1551 120 39 styrka
858 1559 43 21 av
923 1549 149 30 svenska
1094 1548 380 29 landskommunernas
1497 1544 154 30 förbund

142 1597 12 29 i
176 1596 161 39 yttrande
360 1596 81 29 över
464 1592 579 38 kommunalskatteberedningens
1066 1590 141 39 förslag.
1231 1589 97 29 Efter
1351 1586 300 31 källskatterefor-

144 1647 99 21 mens
262 1637 272 40 genomförande
552 1637 64 29 har
634 1634 216 32 önskemålet
868 1634 84 30 ökat
968 1633 11 29 i
996 1632 185 40 betydelse.
1201 1631 267 39 Svårigheterna
1486 1631 49 28 att
1551 1629 12 29 i
1581 1628 70 30 för-

143 1681 66 39 väg
231 1681 58 29 vid
313 1681 132 28 statens
470 1678 235 40 upprättande
729 1676 175 30 fastställa
928 1677 48 28 ett
999 1674 220 41 preliminärt
1242 1673 134 39 belopp,
1401 1672 107 29 vilket
1532 1666 120 48 något-

145 1722 105 30 sånär
269 1722 159 29 kommer
449 1723 50 28 att
519 1720 297 30 överensstämma
836 1719 80 29 med
937 1719 57 29 det
1015 1717 196 30 sedermera
1232 1715 160 30 utdelade
1413 1713 238 32 understödet,

145 1764 46 30 ha
211 1765 90 29 visat
323 1764 51 39 sig
395 1763 206 39 betydande.
626 1762 66 29 Om
715 1760 261 40 granskningen
998 1768 42 21 av
1062 1758 285 38 ansökningarna
1371 1755 90 31 skall
1484 1755 84 39 fylla
1592 1754 60 30 sitt

147 1806 100 39 syfte,
271 1806 131 38 nödgas
427 1815 84 20 man
534 1804 111 39 eljest,
671 1804 116 29 därest
809 1803 168 38 bidragen
1002 1801 98 30 skola
1124 1800 192 30 fastställas
1342 1807 76 21 som
1442 1807 47 20 nu
1513 1797 12 29 i
1550 1796 103 30 efter-

145 1848 105 34 hand,
274 1847 163 30 avskaffa
459 1848 66 29 den
546 1846 126 29 hittills
694 1845 203 38 tillämpade
920 1842 236 31 automatiska
1178 1841 217 39 regleringen
1417 1848 43 21 av
1481 1838 172 40 uppkom-

145 1892 71 27 met
241 1889 208 29 underskott
474 1888 21 30 å
519 1889 56 29 det
599 1887 221 39 preliminärt
844 1885 200 30 beräknade
1070 1881 507 40 skatteutjämningsbeloppet.
1604 1879 49 29 På

147 1932 77 29 sina
244 1931 71 29 håll
337 1939 103 30 synes
463 1930 129 29 siffran
614 1929 20 29 å
656 1929 67 29 den
744 1928 199 29 beräknade
966 1925 360 39 skatteutjämningen
1348 1924 11 29 i
1382 1924 114 28 staten
1518 1923 45 28 ha
1586 1921 67 30 fått

147 1974 212 29 karaktären
376 1982 43 20 av
436 1982 42 19 en
494 1970 282 40 regleringspost,
794 1978 74 21 som
887 1969 123 29 endast
1027 1969 195 27 motsvarar
1240 1965 197 30 skillnaden
1454 1964 128 29 mellan
1601 1965 53 27 ut-

148 2014 359 39 debiteringsbehovet
534 2013 64 29 och
625 2013 68 29 den
720 2010 234 39 utdebitering
980 2010 216 29 kommunen
1223 2008 129 29 önskar
1379 2006 104 29 hålla.
1512 2005 59 29 Att
1599 2005 55 30 för

148 2059 47 28 ett
214 2066 120 20 senare
352 2056 38 30 år
406 2057 12 28 i
435 2056 138 39 princip
591 2054 159 39 medgiva
767 2053 167 37 täckning
952 2052 78 29 med
1050 2048 449 41 skatteutjämningsmedel
1518 2048 54 28 för
1590 2056 64 20 un-

148 2099 157 30 derskott
323 2098 45 40 på
388 2107 42 20 en
451 2098 96 38 dylik
568 2096 213 39 godtyckligt
800 2094 178 30 fastställd
997 2094 247 38 inkomstpost,
1265 2091 112 29 skulle
1398 2090 138 30 relativt
1556 2089 98 29 snart

148 2141 110 39 skapa
280 2142 46 27 ett
349 2140 142 29 alldeles
514 2139 173 29 ohållbart
709 2139 139 37 system,
871 2137 65 29 där
956 2135 259 30 vederbörande
1238 2134 209 28 kommuner
1469 2132 44 39 på
1535 2132 119 37 längre

149 2183 69 29 sikt
247 2183 109 38 själva
384 2181 113 29 skulle
524 2181 195 29 bestämma
747 2179 74 29 sina
849 2178 202 29 understöd.
1078 2177 75 28 Den
1180 2175 218 39 lämpligaste
1426 2174 150 37 utvägen
1604 2173 50 29 att

148 2224 126 29 hindra
294 2233 42 19 en
355 2223 98 38 dylik
472 2222 199 38 utveckling
691 2229 101 30 synes
811 2229 84 20 vara
914 2221 51 27 att
983 2218 125 39 övergå
1127 2218 52 28 till
1200 2227 41 19 en
1261 2215 394 37 förhandsbestämning

149 2275 41 20 av
210 2266 176 37 bidragen.

194 2332 63 29 Vid
281 2330 244 30 fastställande
548 2338 41 21 av
610 2329 167 37 bidragen
799 2327 44 39 på
866 2327 151 29 förhand
1039 2326 71 32 bör,
1134 2325 107 37 enligt
1262 2325 64 28 vad
1350 2323 306 36 utredningsmän-

151 2392 64 19 nen
239 2381 203 33 framhållit,
466 2380 49 29 till
537 2380 113 38 grund
672 2379 115 37 läggas
809 2379 48 28 ett
878 2377 39 29 så
938 2378 75 27 sent
1034 2375 284 38 skatteunderlag
1337 2383 78 19 som
1436 2373 146 38 möjligt.
1605 2372 51 29 Då

150 2431 181 29 resultatet
351 2441 42 19 av
414 2431 56 28 det
492 2429 147 38 löpande
661 2428 91 29 årets
775 2426 197 37 taxeringar
993 2426 66 29 blir
1079 2425 86 30 känt
1187 2425 109 29 under
1318 2423 339 29 sommarmånader-
