1934 2820
615 149 102 29 Andra
739 149 198 37 lagutskottets
959 149 149 28 utlåtande
1130 149 47 28 Nr
1198 150 28 28 2.
1659 148 18 28 3

180 225 115 42 Jagens
318 225 204 38 förarbeten,
545 226 50 30 att
617 224 56 32 det
694 224 73 32 icke
789 224 113 31 kunde
925 235 99 20 anses
1047 223 79 32 fullt
1148 223 156 41 lämpligt
1327 224 49 30 att
1398 222 12 31 i
1432 222 100 41 lagen
1555 221 120 35 fastslå

180 289 41 20 en
237 277 157 32 bestämd
412 278 158 37 räntefot,
589 288 73 20 som
680 276 109 32 skulle
809 276 89 41 gälla
915 276 53 31 för
986 275 67 31 alla
1072 275 70 37 fall,
1162 276 81 30 utan
1261 274 107 32 borde
1388 274 57 31 det
1464 273 210 32 överlämnas

180 332 34 30 åt
241 330 194 32 domstolen
461 331 50 30 att
539 329 87 31 efter
654 328 274 32 förekommande
957 326 290 42 omständigheter
1275 327 133 40 avgöra,
1437 325 115 32 vilken
1581 326 95 30 ränta

181 393 72 21 som
273 382 113 32 kunde
407 392 99 21 anses
527 381 118 42 skälig.

232 434 143 32 Jämlikt
391 433 245 42 förordningen
652 433 65 31 den
733 433 19 30 2
768 432 66 42 maj
854 432 79 31 1919
950 431 174 42 angående
1140 432 66 31 rätt
1222 430 54 31 till
1294 431 96 30 ränta
1405 429 57 32 vid
1479 429 194 32 restitution

183 499 39 19 av
240 487 175 41 utskylder
432 498 41 19 m.
492 497 41 20 m.
553 487 79 40 äger
650 496 109 27 envar,
780 495 74 21 som
872 484 85 32 efter
973 483 123 32 besvär
1114 484 79 30 över
1210 482 156 42 taxering
1384 482 82 32 eller
1485 481 193 42 debitering

183 539 118 32 vinner
325 538 221 42 nedsättning
570 538 11 31 i
607 537 82 32 eller
713 536 162 32 befrielse
901 536 74 31 från
1000 536 126 31 honom
1151 535 121 42 påförd
1299 534 138 42 utskyld
1463 534 84 32 eller
1572 533 106 41 avgift

183 592 53 32 till
257 594 68 30 stat
348 591 82 32 eller
450 591 161 31 kommun
632 609 41 3 —
694 589 76 31 med
794 588 172 42 undantag
989 588 54 31 för
1065 587 273 42 pensionsavgift
1361 586 106 42 enligt
1490 586 99 41 lagen
1613 585 64 32 den

183 645 39 31 28
246 644 74 42 juni
347 643 80 32 1935
452 654 53 20 om
531 641 317 42 folkpensionering
872 660 42 3 —
938 640 82 31 eller
1046 640 75 31 från
1147 650 110 20 annan
1283 638 124 32 allmän
1431 637 140 42 utskyld
1597 637 81 32 eller

183 696 115 42 avgift,
318 696 58 31 vid
394 693 316 34 återbekommande
729 704 41 20 av
788 692 58 32 det
864 692 135 42 belopp,
1018 691 68 32 han
1105 691 52 31 för
1175 690 133 42 mycket
1328 690 114 42 erlagt,
1464 689 128 32 erhålla
1611 690 66 31 fem

182 750 140 40 procent
344 749 95 30 ränta
461 747 81 31 därå
567 746 59 40 (jfr
647 747 129 29 statens
801 744 59 31 off.
884 745 62 29 utr.
970 743 146 31 19388:46
1137 743 62 31 sid.
1222 743 61 30 212
1305 742 65 42 ff).

235 799 298 41 Förordningarna
561 797 65 31 den
654 796 37 31 19
718 795 184 31 november
929 795 80 30 1914
1037 805 54 20 om
1118 793 169 32 arvsskatt
1313 793 62 31 och
1401 793 90 31 skatt
1519 793 53 30 för
1599 794 82 40 gåva

188 850 52 42 (49
261 850 21 42 8
305 851 19 31 3
348 850 111 42 mom.)
489 851 63 31 och
576 850 65 32 den
666 850 38 31 19
727 849 184 32 november
935 849 81 32 1914
1040 847 172 43 angående
1237 845 299 43 stämpelavgiften
1565 843 52 42 (20
1642 843 32 42 8)

184 903 120 42 stadga
322 905 67 30 rätt
408 903 52 31 till
479 903 68 32 fem
565 905 140 39 procent
724 904 97 29 ränta
840 902 56 31 vid
916 899 316 34 återbekommande
1253 910 40 20 av
1314 909 85 21 arvs-
1420 897 62 32 och
1503 896 177 42 gåvoskatt

185 956 82 31 eller
286 955 263 42 stämpelavgift.
582 954 170 42 Slutligen
771 954 65 31 kan
858 953 137 38 erinras,
1017 954 49 30 att
1087 952 105 41 enligt
1211 950 228 43 kungörelsen
1461 949 66 32 den
1549 949 38 31 18
1607 948 73 41 juni

186 1008 78 32 1937
290 1008 53 41 (nr
363 1007 72 41 601)
460 1009 98 29 ränta
577 1009 20 29 å
616 1006 160 38 förfallet,
798 1006 73 31 icke
891 1005 12 31 i
923 1004 143 42 behörig
1086 1004 50 31 tid
1157 1003 145 32 inbetalt
1322 1002 126 42 belopp
1474 1000 206 42 (dröjsmåls-

185 1060 107 41 ränta)
312 1062 19 29 å
346 1060 56 31 lån
417 1060 74 30 från
506 1059 93 32 vissa
613 1061 129 29 statens
758 1056 299 43 utlåningsfonder
1072 1056 86 31 skall
1173 1055 166 32 beräknas
1357 1054 85 32 efter
1457 1053 67 32 fem
1541 1054 139 40 procent

186 1123 53 20 om
259 1114 81 30 året.
373 1112 87 31 Före
480 1111 246 42 kungörelsens
747 1108 270 33 ikraftträdande
1039 1108 66 31 den
1126 1108 16 31 1
1164 1107 64 42 juli
1251 1106 79 32 1937
1353 1105 114 43 utgick
1489 1104 191 42 dröjsmåls-

185 1167 120 29 räntan
325 1166 19 29 å
362 1164 56 31 lån
438 1164 76 31 från
534 1163 42 33 de
596 1163 101 31 flesta
716 1173 41 20 av
777 1161 147 32 nämnda
943 1160 123 32 fonder
1086 1159 75 32 med
1182 1170 59 21 sex
1261 1159 149 41 procent.

237 1241 236 32 Förevarande
502 1240 167 42 spörsmål
697 1250 53 20 om
779 1238 172 32 storleken
979 1248 40 21 av
1048 1238 95 30 ränta
1171 1238 18 29 å
1217 1233 465 44 expropriationsersättning

186 1294 61 32 har
276 1296 85 29 även
391 1294 93 31 förut
513 1292 88 32 varit
631 1291 141 32 föremål
803 1291 54 31 för
887 1290 199 41 riksdagens
1117 1287 306 43 uppmärksamhet.
1466 1286 18 31 I
1518 1297 42 20 en
1591 1286 91 31 inom

185 1347 105 31 andra
313 1347 193 30 kammaren
528 1347 37 29 år
587 1345 80 31 1938
688 1355 41 20 av
749 1344 80 30 herr
851 1342 199 31 Andersson
1072 1341 12 31 i
1105 1339 166 43 Igelboda
1291 1339 98 31 väckt
1410 1338 140 37 motion,
1573 1349 40 19 nr
1636 1338 46 37 17,

185 1397 222 32 hemställdes
432 1396 181 42 nämligen,
640 1397 49 29 att
714 1394 194 32 räntefoten
933 1392 107 42 enligt
1066 1391 41 32 55
1132 1391 21 42 $&
1178 1389 375 44 expropriationslagen
1580 1390 102 30 måtte

187 1450 175 32 nedsättas
387 1449 75 31 från
485 1459 59 21 sex
568 1448 54 31 till
646 1447 73 41 fyra
741 1447 150 41 procent.
926 1445 18 31 I
968 1444 174 31 motionen
1166 1442 178 32 framhölls
1368 1441 104 32 bland
1497 1443 112 35 annat,
1635 1442 48 30 att

186 1501 263 34 bestämmelsen
471 1512 55 20 om
546 1511 59 21 sex
625 1500 140 41 procent
786 1499 97 30 ränta
904 1496 183 32 fastställts
1109 1495 56 31 vid
1188 1506 41 20 en
1251 1494 61 38 tid,
1335 1495 61 30 när
1416 1493 189 41 ränteläget
1626 1503 58 21 var

186 1558 48 28 ett
259 1554 72 32 helt
359 1555 101 30 annat
486 1555 43 29 än
554 1552 57 31 det
637 1550 203 37 dåvarande;
867 1560 41 20 en
933 1546 304 43 räntegottgörelse
1263 1557 41 20 av
1330 1557 59 20 sex
1413 1547 141 40 procent
1579 1546 105 29 måste

187 1616 100 21 anses
309 1605 148 41 oskäligt
476 1604 76 41 hög.
586 1602 187 37 Utskottet,
795 1611 74 21 som
890 1598 214 33 behandlade
1125 1600 83 29 även
1230 1596 112 32 denna
1363 1596 138 37 motion,
1524 1595 61 31 har
1606 1595 11 31 i
1639 1597 46 29 ut-

187 1656 136 32 låtande
345 1667 41 20 nr
404 1655 40 32 33
464 1655 12 31 i
497 1653 185 42 anledning
701 1664 41 20 av
761 1651 175 32 motionen
957 1650 113 31 anfört
1091 1648 162 42 följande:

238 1716 77 31 Den
351 1715 11 31 i
397 1714 40 32 55
471 1713 21 42 8
528 1712 373 43 expropriationslagen
925 1711 164 41 stadgade
1114 1712 118 30 räntan
1257 1721 55 20 om
1337 1721 58 20 sex
1419 1709 142 41 procent
1584 1717 100 31 synes

188 1770 79 21 vara
285 1759 54 31 väl
357 1758 69 41 hög
443 1758 11 31 i
474 1756 213 33 förhållande
707 1756 53 31 till
781 1755 59 32 det
859 1755 170 31 allmänna
1048 1753 187 42 ränteläget
1255 1754 44 40 på
1317 1750 357 44 penningmarknaden

190 1802 122 31 Såsom
330 1802 12 30 i
361 1800 173 32 motionen
554 1799 194 32 framhålles
768 1798 99 32 torde
887 1797 239 42 skyldigheten
1145 1798 49 29 att
1214 1796 136 40 erlägga
1370 1794 105 32 sådan
1495 1795 97 30 ränta
1611 1793 74 30 från

189 1844 282 41 tillträdesdagen
492 1843 93 31 bliva
605 1842 138 32 särskilt
764 1840 217 42 betungande
1003 1840 12 30 1
1038 1839 91 32 vissa
1150 1838 68 32 fall.
1253 1838 69 31 Det
1344 1837 96 32 torde
1463 1835 144 33 sålunda
1629 1835 57 31 vid

190 1887 254 42 expropriation
466 1897 40 20 av
527 1884 158 42 vägmark
706 1884 30 41 ej
761 1884 109 31 sällan
892 1882 149 37 inträffa,
1065 1884 49 29 att
1136 1881 91 31 mark
1250 1892 41 19 av
1314 1880 65 31 den
1402 1877 283 43 exproprierande

190 1930 103 41 tagits
314 1930 11 30 i
345 1929 191 40 besittning
556 1927 162 32 avsevärd
738 1926 52 31 tid
812 1926 103 30 innan
937 1922 400 44 expropriationsnämnd
1359 1924 43 39 på
1423 1921 110 42 grund
1556 1932 40 19 av
1618 1922 68 29 svå-

190 1973 155 41 righeten
364 1974 49 29 att
430 1971 145 31 bedöma
593 1970 188 41 intrångets
802 1968 205 41 omfattning
1026 1968 80 30 över
1124 1966 115 31 huvud
1259 1967 92 39 taget
1370 1964 128 31 kunnat
1518 1962 169 32 fastställa

190 2013 519 44 expropriationsersättningen.

242 2058 120 41 Enligt
396 2057 185 31 utskottets
617 2054 220 43 uppfattning
872 2053 96 32 torde
1004 2063 41 21 en
1080 2050 255 42 undersökning
1369 2049 82 32 böra
1487 2047 199 33 verkställas

191 2101 144 31 rörande
356 2099 243 42 lämpligheten
620 2100 49 29 att
688 2098 122 40 bringa
830 2097 66 31 den
916 2096 11 31 i
949 2094 234 33 ovannämnda
1204 2093 158 42 paragraf
1383 2091 163 42 stadgade
1569 2092 118 30 räntan

191 2144 11 31 i
218 2144 112 32 bättre
348 2141 338 33 överensstämmelse
704 2140 76 31 med
799 2139 57 32 det
874 2139 169 31 allmänna
1061 2137 194 41 ränteläget.
1286 2134 181 33 Huruvida
1486 2134 66 31 den
1571 2133 117 41 ifråga-

192 2189 89 29 satta
301 2185 254 43 anpassningen
575 2184 63 31 bör
658 2183 58 31 ske
737 2193 122 31 genom
882 2183 48 30 att
951 2181 11 31 i
985 2179 220 32 förevarande
1227 2178 157 42 paragraf
1407 2176 111 32 direkt
1540 2175 148 32 inskriva

193 2240 40 20 en
254 2229 92 40 lägre
367 2228 149 31 räntefot
536 2228 42 30 än
600 2226 65 31 den
685 2224 195 32 nuvarande
901 2223 82 32 eller
1004 2225 43 39 på
1068 2224 101 29 annat
1189 2223 78 35 sätt,
1290 2222 36 29 är
1347 2221 49 31 ett
1416 2218 178 43 spörsmål,
1616 2228 72 21 som

192 2271 145 41 givetvis
363 2272 107 29 måste
495 2271 104 39 ägnas
625 2267 150 42 synnerlig
824 2265 306 43 uppmärksamhet.
1167 2264 68 30 Vid
1262 2263 111 31 denna
1399 2261 184 40 utredning
1607 2260 82 31 böra

192 2313 124 40 jämväl
349 2312 116 41 övriga
497 2311 355 31 räntebestämmelser
884 2309 11 30 i
928 2306 374 43 expropriationslagen
1336 2304 92 31 bliva
1461 2302 142 32 föremål
1637 2302 52 31 för

193 2357 154 39 översyn.

246 2397 179 32 Utskottet
445 2396 59 31 vill
525 2396 11 30 i
558 2395 92 31 detta
670 2393 242 40 sammanhang
932 2391 111 32 erinra
1063 2402 53 20 om
1138 2390 64 31 den
1224 2400 87 20 ovan
1332 2389 10 30 i
1364 2387 240 42 redogörelsen
1626 2397 62 20 om-

195 2440 166 32 förmälda
377 2438 227 42 kungörelsen
622 2449 39 19 av
679 2437 65 31 den
764 2436 38 31 18
820 2435 72 41 juni
912 2434 89 37 1937,
1021 2433 106 41 enligt
1144 2432 113 31 vilken
1276 2430 303 42 dröjsmålsräntan
1598 2431 19 28 å
1634 2429 55 30 lån

195 2484 74 30 från
290 2485 49 30 ett
360 2484 87 30 stort
468 2481 91 32 antal
581 2492 40 20 av
642 2481 129 30 statens
794 2476 298 42 utlåningsfonder
1113 2475 154 31 nedsatts
1290 2474 54 31 till
1367 2473 66 31 fem
1456 2473 150 41 procent.
