1920 2856
77 779 168 24 Motionerna

97 814 67 23 1:90
182 815 45 23 och

106 849 40 23 II:
157 849 58 26 171.

61 2127 37 22 De
117 2135 38 16 nu
173 2128 67 29 före-

94 2163 117 22 varande

66 2197 169 24 motionerna.

328 179 19 29 2
664 182 125 31 Andra
806 183 252 37 lagutskottets
1074 186 190 32 utlåtande
1279 188 52 31 Nr
1354 188 52 32 32.

284 256 86 31 skall
398 257 204 36 fastigheten
625 259 73 30 åter
721 261 153 35 avyttras
897 262 42 35 på
963 263 66 30 sätt
1052 263 12 30 i
1088 264 18 30 6
1133 263 18 41 $
1176 275 45 20 av
1246 265 98 36 lagen
1367 266 65 31 den
1457 268 18 29 4
1499 268 68 36 maj
1593 268 84 31 1906
1702 270 85 32 före-

284 308 139 32 skrives.

996 401 18 31 3
1039 398 27 37 $.

325 464 138 32 Förbud
488 466 112 37 enligt
624 466 115 32 denna
762 468 58 36 lag
844 469 112 36 gäller
978 470 31 36 ej
1034 471 144 31 förvärv
1204 481 124 27 genom
1351 483 63 21 arv
1438 474 85 31 eller
1546 472 173 45 giftorätt.

1000 558 18 28 4
1042 554 27 37 $.

324 620 122 32 Denna
470 622 58 36 lag
553 623 111 36 gäller
688 623 198 32 tillsvidare
910 625 96 31 intill
1031 625 65 32 den
1120 628 18 29 1
1163 627 70 36 juli
1257 629 93 30 1925.

323 775 18 31 I
376 777 217 31 motionerna
627 788 43 20 nr
705 779 39 31 90
769 779 11 30 i
804 780 109 31 första
945 781 204 32 kammaren
1173 783 63 31 och
1260 794 41 20 nr
1324 784 61 31 171
1411 785 12 30 i
1446 785 109 31 andra
1579 786 205 33 kammaren

281 827 64 31 har
368 838 45 20 av
436 838 134 21 samma
585 830 213 31 motionärer
813 832 132 36 yrkats,
962 835 52 29 att
1030 834 189 36 riksdagen
1235 836 108 30 måtte
1359 836 12 30 i
1387 836 170 32 skrivelse
1574 838 58 31 till
1648 835 136 46 Kungl.

279 878 103 37 Maj:t
405 880 196 36 hemställa,
625 883 53 29 att
702 882 133 37 Kungl.
859 883 103 37 Maj:t
986 885 85 31 ville
1087 886 208 36 skyndsamt
1311 887 53 31 för
1380 888 186 37 riksdagen
1582 890 202 39 framlägga

279 930 131 37 förslag
444 932 58 30 till
536 932 58 37 lag
628 934 78 30 med
742 935 257 32 bestämmelser
1027 947 55 21 om
1111 937 127 32 förbud
1261 940 52 30 att
1337 939 12 30 i
1372 940 103 36 fråga
1497 950 55 21 om
1576 942 207 36 äganderätt

278 982 57 31 till
359 983 167 36 fastighet
550 994 86 21 vara
659 986 134 30 bulvan
816 987 55 31 för
894 997 128 22 annan.
1067 988 17 31 I
1108 989 57 30 sin
1188 991 213 36 motivering
1426 992 57 30 till
1507 992 96 31 detta
1626 994 156 35 yrkande

276 1034 93 31 hava
403 1036 258 31 motionärerna
695 1038 132 31 anfört:
862 1039 131 31 Genom
1027 1050 44 20 av
1095 1041 354 36 jordkommissionen
1472 1044 234 33 föranstaltad
1730 1049 52 29 ut-

276 1086 148 37 redning
448 1087 117 31 kunde
588 1098 101 21 anses
714 1089 193 38 fastslaget,
932 1092 52 30 att
1007 1092 103 35 lagen
1134 1092 67 31 den
1226 1094 18 30 4
1269 1094 71 36 maj
1358 1095 83 31 1906
1459 1096 180 36 angående
1656 1098 126 33 förbud

277 1138 11 29 i
312 1138 95 31 vissa
441 1139 64 30 fall
540 1140 53 30 för
622 1140 103 37 bolag
750 1141 61 31 och
835 1142 162 38 förening
1020 1145 52 29 att
1095 1144 168 32 förvärva
1286 1146 69 31 fast
1378 1147 167 36 egendom
1569 1149 144 32 särskilt
1737 1153 44 34 på

276 1199 119 21 senare
429 1190 90 31 tider
543 1191 11 30 i
578 1192 32 35 ej
646 1192 177 37 obetydlig
847 1194 214 37 omfattning
1090 1196 201 37 kringgåtts
1320 1198 212 37 därigenom,
1557 1201 51 30 att
1633 1201 148 38 bolagen

276 1241 54 30 för
362 1242 144 31 förvärv
534 1253 44 20 av
607 1243 206 37 fastigheter
835 1246 130 31 anlitat
989 1247 181 31 bulvaner.
1217 1248 17 30 I
1258 1249 163 32 händelse
1445 1252 53 29 att
1521 1251 163 32 definitiv
1708 1255 72 36 lag-

275 1293 167 37 stiftning
476 1296 72 29 mot
582 1295 263 37 bolagsförvärv
881 1298 136 31 komme
1051 1299 56 31 till
1137 1300 103 31 stånd
1268 1301 53 30 för
1348 1303 89 29 även
1462 1302 95 31 delar
1579 1314 46 20 av
1649 1301 131 45 landet,

276 1344 62 31 där
372 1346 227 31 förenämnda
626 1347 59 37 lag
718 1358 48 21 nu
790 1349 115 36 gällde
929 1350 121 31 endast
1072 1351 243 37 provisoriskt,
1338 1353 101 31 bleve
1463 1354 101 31 faran
1587 1366 45 20 av
1657 1356 123 37 dylika

275 1397 381 32 bulvanförhållanden
690 1400 153 36 givetvis
877 1403 46 28 än
957 1411 94 22 mera
1085 1403 273 32 framträdande.
1403 1405 53 31 Då
1491 1406 56 31 det
1582 1407 121 32 tillika
1726 1410 55 31 för

274 1448 186 32 samhället
498 1460 81 21 vore
613 1461 46 20 av
694 1453 127 30 största
855 1453 89 36 vikt,
978 1455 52 30 att
1058 1455 186 31 utfärdade
1267 1456 98 36 lagar
1388 1457 111 31 hölles
1522 1459 12 30 i
1558 1459 115 37 helgd,
1697 1471 83 21 vore

274 1500 56 30 det
353 1501 195 36 angeläget,
572 1503 52 30 att
649 1504 115 30 staten
788 1504 224 32 förhindrade
1028 1506 121 31 vidare
1166 1506 123 37 dylika
1305 1508 116 31 försök
1438 1509 57 30 till
1512 1510 267 37 kringgåenden

273 1554 91 28 samt
399 1553 261 37 framtvingade
696 1556 47 29 ett
777 1556 238 32 avvecklande
1049 1568 44 20 av
1129 1557 41 31 de
1205 1559 214 37 bulvanköp,
1452 1570 73 21 som
1549 1562 12 30 i
1585 1563 89 31 strid
1707 1567 71 29 mot

273 1604 163 36 gällande
460 1605 277 32 bestämmelsers
760 1607 92 31 anda
875 1608 63 30 och
961 1609 142 36 mening
1127 1609 109 31 redan
1259 1610 148 32 kommit
1430 1612 58 30 till
1513 1614 112 31 stånd.

317 1655 17 30 I
368 1656 191 37 anledning
593 1667 46 21 av
674 1658 97 31 dessa
803 1660 172 30 motioner
1003 1661 62 30 har
1088 1661 172 31 utskottet
1283 1663 138 36 avgivit
1444 1664 220 33 betänkande
1689 1668 13 30 i
1725 1670 52 29 ut-

274 1707 141 31 låtande
455 1718 42 20 nr
525 1709 51 35 31,
616 1709 78 31 däri
728 1710 170 31 utskottet
933 1711 189 37 hemställt,
1158 1714 53 30 att
1247 1714 186 36 riksdagen
1468 1716 77 31 med
1580 1718 104 31 bifall
1719 1720 57 30 till

274 1759 219 31 motionerna
516 1761 109 30 måtte
649 1762 12 29 i
686 1761 168 32 skrivelse
877 1763 58 30 till
960 1763 132 37 Kungl.
1117 1764 104 37 Maj:t
1244 1766 152 36 anhålla,
1418 1767 56 31 det
1491 1768 134 32 täcktes
1642 1766 133 46 Kungl.

274 1810 102 36 Maj:t
409 1811 73 31 låta
516 1812 206 36 skyndsamt
757 1814 159 31 utarbeta
951 1815 61 31 och
1044 1816 53 31 för
1130 1817 189 36 riksdagen
1342 1818 197 38 framlägga
1562 1820 133 38 förslag
1719 1824 56 30 till

274 1862 259 32 bestämmelser
566 1864 78 31 med
679 1865 164 36 syftemål
877 1867 52 29 att
958 1867 192 37 förhindra,
1179 1870 53 30 att
1260 1871 240 36 rättssubjekt,
1524 1872 54 30 för
1601 1873 100 31 vilka
1725 1875 51 30 in-

274 1913 220 32 skränkande
518 1916 261 31 bestämmelser
802 1918 12 29 i
837 1919 115 29 rätten
974 1920 52 29 att
1050 1920 166 31 förvärva
1240 1921 68 31 fast
1332 1922 168 36 egendom
1524 1924 105 37 gälla,
1651 1934 124 27 genom

273 1965 181 32 anlitande
482 1977 44 20 av
551 1968 172 31 bulvaner
747 1968 153 37 kringgå
924 1970 98 31 dessa
1045 1971 270 38 bestämmelser,
1340 1976 165 29 ävensom
1528 1977 52 29 att
1604 1978 172 31 avveckla

273 2016 132 37 dylika,
430 2018 106 31 redan
561 2020 201 35 uppkomna
785 2021 390 33 bulvanförhållanden.

316 2120 65 32 Det
406 2121 11 30 i
442 2132 47 20 nu
525 2122 228 32 förevarande
787 2124 171 31 motioner
992 2126 222 32 framställda
1243 2128 165 36 förslaget
1432 2130 57 30 till
1514 2131 57 36 lag
1594 2133 180 35 angående

273 2172 125 31 förbud
423 2174 11 29 i
459 2174 94 30 vissa
577 2174 64 31 fall
665 2175 54 31 för
742 2176 138 31 enskild
904 2186 122 26 person
1049 2179 52 30 att
1125 2179 168 31 förvärva
1316 2180 68 32 fast
1407 2182 167 36 egendom
1597 2193 102 21 avser
1722 2186 52 30 att

272 2225 126 35 utgöra
421 2227 49 29 ett
494 2226 236 35 provisorium
754 2228 12 30 i
790 2228 154 30 avbidan
967 2230 21 29 å
1011 2229 65 31 den
1092 2231 378 39 bulvanlagstiftning,
1487 2244 121 22 varom
1624 2236 151 31 sålunda

271 2276 207 32 hemställts.
524 2277 253 37 Lagförslaget,
800 2289 74 21 som
898 2280 63 30 har
984 2281 146 32 förebild
1155 2283 13 30 i
1189 2284 107 30 norsk
1312 2284 236 38 lagstiftning,
1568 2287 74 36 har,
1659 2288 114 31 såsom

272 2328 12 29 i
307 2328 259 37 motiveringen
600 2330 148 36 anföres,
784 2331 204 36 begränsats
1023 2333 55 31 till
1114 2334 40 31 de
1179 2335 12 30 i
1216 2336 91 35 regel
1332 2336 293 38 förekommande,
1651 2339 122 32 lättast

271 2380 195 36 åtkomliga
499 2381 155 36 förvärv,
691 2392 73 21 som
798 2384 249 36 trävarubolag
1081 2386 113 30 anlita
1229 2388 44 35 på
1307 2397 119 22 senare
1461 2389 90 31 tider
1574 2390 54 31 för
1652 2391 120 37 kring-

271 2431 130 35 gående
436 2443 44 20 av
515 2433 161 31 förbudet
711 2434 54 30 för
799 2434 77 31 dem
911 2436 51 30 att
997 2437 84 30 utan
1105 2438 165 31 tillstånd
1294 2439 88 36 köpa
1406 2436 367 48 Jordbruksfastighet,

271 2483 179 36 nämligen
479 2484 144 31 förvärv
653 2494 123 27 genom
800 2496 171 27 personer,
995 2498 72 21 som
1092 2491 58 29 äro
1174 2491 176 31 anställda
1374 2492 61 31 hos
1458 2493 85 31 eller
1566 2493 90 31 hava
1681 2494 54 32 del
1760 2496 9 30 i
