2224 2614
448 141 18 31 8
855 136 362 42 Bevillningsutskottets
1241 135 191 32 betänkande
1456 134 53 31 Nr
1530 135 53 30 47.

406 234 89 40 äger
535 227 228 37 ordförande
790 228 13 33 i
843 224 444 47 uppskattningsnämnd
1327 223 51 45 på
1418 223 129 35 därom
1575 221 115 45 gjord
1717 221 180 35 anhållan
1925 219 106 36 utbe-

406 282 167 39 komma;
618 278 166 35 börande
829 278 111 34 dessa
984 275 196 45 uppgifter
1224 275 96 35 efter
1358 273 267 45 begagnandet
1665 273 56 33 till
1748 269 283 37 vederbörande

407 331 223 35 återställas.

541 381 75 35 För
661 379 326 45 uppskattningen
1033 376 112 45 eljest
1190 375 221 46 erforderlig
1454 373 155 45 uppgift
1654 373 107 42 skall,
1790 371 49 35 då
1865 373 166 43 begäran

407 432 129 35 därom
578 430 242 42 framställes,
861 430 147 33 lämnas
1040 439 49 22 av
1115 426 284 36 vederbörande
1427 423 239 36 ämbetsverk
1693 423 89 34 eller
1808 422 223 43 inrättning.

1171 536 45 34 15
1244 532 35 44 $.

544 625 97 34 Före
669 623 193 45 utgången
891 634 48 23 av
966 621 154 44 augusti
1147 619 141 36 månad
1316 619 43 34 år
1388 619 94 34 1919
1511 617 108 35 skola
1642 617 58 34 till
1719 615 314 44 uppskattnings-

409 676 213 34 nämndens
663 673 227 36 ordförande
930 684 136 32 genom
1098 671 144 43 Kungl.
1271 669 131 43 Maj:ts
1430 666 428 45 befallningshavandes
1886 665 149 43 försorg

408 727 239 34 överlämnas
680 724 201 35 avskrifter
907 734 49 23 av
983 722 100 35 årets
1110 718 558 46 fastighetstaxeringslängder
1694 716 59 35 för
1780 715 201 35 distriktet.

543 776 110 34 Inom
693 779 56 31 tre
779 774 138 35 veckor
944 773 95 34 efter
1065 769 374 46 prövningsnämnds
1467 769 93 34 sista
1588 767 300 35 sammankomst
1915 764 121 35 under

408 827 42 35 år
494 827 93 34 1919
630 826 96 35 skall
765 824 142 44 Kungl.
940 823 130 43 Maj:ts
1097 819 407 45 befallningshavande
1531 818 79 35 låta
1637 818 59 34 till
1723 815 312 45 uppskattnings-

409 877 213 35 nämndens
663 875 228 35 ordförande
919 873 211 36 översända
1158 871 204 35 avskrifter
1388 881 49 23 av
1464 869 45 35 de
1536 869 69 34 hos
1634 865 401 47 prövningsnämnden

409 927 109 35 förda
549 927 160 43 längder
734 927 13 33 i
773 925 76 35 vad
890 925 46 34 de
964 923 98 44 angå
1085 922 79 35 fast
1192 921 183 45 egendom
1403 921 102 34 inom
1533 916 501 47 uppskattningsdistriktet.

1178 1032 43 35 16
1250 1028 35 46 $.

545 1120 110 35 Efter
682 1120 153 34 kallelse
864 1130 48 23 av
938 1118 142 43 Kungl.
1109 1115 132 44 Maj:ts
1268 1112 409 46 befallningshavande
1705 1111 106 35 skola
1838 1110 199 44 uppskatt-

410 1170 370 45 ningsnämndernas
809 1168 228 35 ordförande
1064 1168 105 33 inom
1197 1167 104 33 länet
1327 1164 80 35 före
1424 1164 71 34 den
1518 1165 44 33 15
1583 1162 213 45 september
1821 1161 94 34 1919
1938 1171 99 23 sam-

410 1221 203 35 manträda
653 1220 22 34 å
715 1220 159 43 lämplig
900 1222 58 31 ort
990 1217 101 35 inför
1117 1217 142 43 Kungl.
1288 1215 131 43 Maj:ts
1447 1211 407 46 befallningshavande
1881 1210 60 35 för
1968 1212 68 41 att,

411 1272 58 35 till
496 1270 195 35 vinnande
719 1282 48 22 av
793 1268 260 44 likformighet
1079 1268 12 33 i
1119 1265 456 45 uppskattningsarbetet,
1604 1264 204 43 överlägga
1835 1272 61 24 om
1924 1271 115 36 grun-

412 1323 117 33 derna
557 1322 60 34 för
643 1320 327 44 uppskattningen
999 1318 70 35 och
1096 1316 240 36 förfarandet
1362 1314 146 36 därvid.

548 1371 126 35 Sedan
715 1370 104 35 tiden
859 1369 60 35 för
950 1367 214 45 avgivande
1192 1378 49 24 av
1268 1366 45 34 de
1340 1367 14 33 i
1382 1366 20 34 9
1432 1363 23 44 8
1481 1365 121 35 första
1629 1364 148 43 stycket
1803 1362 236 35 föreskrivna

412 1422 197 45 uppgifter
636 1421 82 44 gått
744 1421 58 34 till
842 1420 101 34 ända
983 1419 69 34 och
1091 1419 119 33 innan
1251 1413 511 47 uppskattningsnämndens
1802 1412 127 34 arbete
1956 1407 84 53 bör-

411 1474 71 42 jar,
521 1471 63 35 må
625 1470 212 35 nämndens
878 1468 239 42 ordförande,
1160 1467 69 34 där
1269 1466 42 35 så
1350 1477 111 23 anses
1502 1464 250 43 erforderligt,
1781 1463 101 34 kalla
1909 1461 131 35 veder-

413 1522 165 37 börande
606 1521 319 43 fastighetsägare
952 1520 103 33 inom
1083 1517 193 35 distriktet
1303 1519 57 32 att
1386 1515 239 35 kommunvis
1654 1514 91 34 eller
1775 1513 13 34 i
1806 1524 129 23 annan
1955 1511 85 35 ord-

412 1574 93 43 ning
545 1570 285 37 sammanträda
870 1569 101 35 inför
997 1570 140 33 honom
1164 1567 60 35 för
1250 1566 204 35 lämnande
1481 1577 48 23 av
1556 1564 288 45 upplysningar,
1873 1574 81 23 som
1982 1565 59 31 ut-

414 1627 88 32 över
534 1623 96 41 dem,
660 1633 80 23 som
772 1620 213 44 skriftligen
1013 1618 222 42 meddelats,
1264 1617 131 34 kunna
1421 1627 92 24 vara
1540 1615 60 35 för
1626 1614 326 45 uppskattningen
1979 1613 62 33 be-

413 1674 168 43 hövliga;
623 1671 166 36 börande
826 1670 64 35 vid
931 1670 110 34 dessa
1081 1667 309 37 sammanträden
1428 1667 45 34 de
1499 1666 183 34 inkomna
1708 1664 246 44 uppgifterna
1981 1674 60 23 om

413 1723 213 36 markareal
653 1735 49 22 m.
732 1734 48 22 m.
805 1721 249 35 kontrolleras
1081 1720 71 34 och
1181 1718 275 43 ofullständiga
1482 1715 197 46 uppgifter
1704 1715 282 44 kompletteras.

1177 1820 43 34 17
1250 1816 34 46 8.

550 1889 523 46 Uppskattningsnämndens
1114 1886 310 36 sammanträden
1465 1885 105 34 skola
1610 1884 123 34 hållas
1761 1883 103 34 inom
1892 1881 152 35 distrik-

415 1947 56 32 tet
497 1943 23 34 å
546 1942 99 35 tider
673 1942 70 34 och
762 1941 147 41 ställen,
931 1950 80 24 som
1031 1950 48 22 av
1098 1936 257 37 ordföranden
1374 1937 240 34 bestämmas.
1665 1934 75 35 För
1758 1933 131 35 landet
1907 1931 137 35 utsedd

416 1990 441 48 uppskattningsnämnd
886 1989 61 35 må
974 1992 96 32 även
1097 1989 132 33 kunna
1256 1986 283 35 sammanträda
1567 1985 12 34 i
1606 1985 230 43 närbelägen
1864 1982 98 43 stad,
1981 1981 63 34 kö-

416 2045 103 43 ping,
547 2042 226 43 municipal-
801 2041 90 34 eller
917 2038 358 37 stationssamhälle.

551 2092 183 36 Inträffar
760 2091 59 35 för
845 2090 168 35 ledamot
1039 2089 131 35 förfall
1196 2088 61 35 för
1282 2087 208 35 inställelse
1516 2086 66 35 vid
1609 2087 124 33 utsatt
1752 2081 292 43 sammanträde,

417 2146 67 34 bör
523 2143 140 36 sådant
703 2141 273 44 ofördröjligen
1011 2140 174 34 anmälas
1212 2138 61 35 för
1300 2136 266 43 ordföranden,
1595 2135 42 35 så
1666 2138 57 32 att
1749 2134 79 35 före
1855 2144 190 24 samman-

416 2195 126 35 trädet
568 2194 206 43 suppleant
800 2192 137 34 hinner
962 2191 193 34 tillkallas.
