1850 2794
279 181 18 29 2
676 183 378 32 Jordbruksutskottets
1078 182 176 32 utlåtande
1277 191 41 21 nr
1344 182 48 29 47.

280 264 128 37 ringar,
435 272 72 20 som
534 263 176 29 erfordras
736 263 10 27 i
772 262 188 39 anledning
987 271 41 20 av
1054 262 65 29 vad
1145 261 59 39 jag
1231 260 187 39 föreslagit.
1445 261 124 29 Därest
1595 260 187 37 riksdagen

282 314 201 37 godkänner
512 313 78 30 mitt
620 313 129 38 förslag
777 313 98 29 torde
903 312 41 30 de
972 321 67 30 nya
1069 311 306 30 bestämmelserna
1407 311 35 32 få
1469 311 177 38 tillämpas
1676 311 106 29 redan

282 364 73 28 före
377 364 100 29 nästa
500 363 186 38 budgetårs
709 363 136 38 början.

326 413 390 39 Lantbruksstyrelsens
744 413 130 39 förslag
900 413 10 28 i
937 413 99 38 fråga
1063 422 55 20 om
1146 412 315 38 kreditgarantiens
1489 411 213 39 omfattning
1731 411 53 29 för

282 464 101 30 nästa
401 464 169 38 budgetår
589 473 101 20 anser
707 464 59 38 jag
786 464 120 29 kunna
926 464 166 38 godtagas
1111 465 96 27 utom
1228 463 102 28 såvitt
1350 462 106 38 gäller
1476 462 220 29 driftslånen.
1719 462 66 28 En-

283 514 61 38 ligt
359 515 72 28 min
447 514 142 39 mening
604 514 61 29 bör
681 514 176 38 nämligen
874 515 85 28 även
975 513 222 30 beträffande
1214 513 100 29 dessa
1332 513 54 28 lån
1404 513 56 29 det
1478 513 54 29 för
1549 512 236 29 innevarande

282 564 168 38 budgetår
470 564 199 30 fastställda
687 564 306 39 maximibeloppet
1012 563 192 29 bibehållas
1225 563 203 29 oförändrat
1449 564 110 28 under
1581 564 99 28 nästa
1702 563 84 28 bud-

284 615 105 37 getår.
406 615 11 29 I
435 615 109 29 likhet
559 615 80 29 med
655 615 65 29 vad
737 623 75 21 som
829 614 106 39 gäller
952 614 55 29 för
1022 614 235 29 innevarande
1274 614 167 38 budgetår
1459 614 61 29 bör
1537 614 125 38 Kungl.
1681 613 105 38 Maj:t

283 665 63 37 äga
365 665 207 38 befogenhet
593 665 58 33 att,
674 673 55 21 om
751 664 266 30 förhållandena
1039 664 76 39 giva
1137 664 186 38 anledning
1344 664 126 33 därtill,
1493 663 157 39 medgiva
1672 664 114 38 jämk-

284 715 84 38 ning
392 715 9 28 i
427 715 241 38 fördelningen
693 724 42 20 av
759 715 315 39 maximibeloppen
1100 714 220 31 beträffande
1347 714 55 29 lån
1429 714 52 29 för
1507 716 89 37 yttre
1624 715 63 28 och
1714 714 72 29 inre

283 765 281 39 rationalisering
587 767 89 27 samt
698 765 221 29 beträffande
939 764 453 39 jordbruksegnahemslån.

329 815 52 29 Då
402 815 406 38 garantiverksamheten
829 815 119 39 pågått
969 815 87 29 blott
1078 824 41 20 en
1141 815 135 29 relativt
1301 815 77 28 kort
1401 815 49 29 tid
1474 815 63 29 och
1560 814 43 30 då
1626 816 161 28 närmare

285 865 197 29 erfarenhet
507 866 94 28 ännu
629 865 126 30 saknas
780 865 147 29 rörande
951 865 146 29 behovet
1122 875 40 19 av
1186 865 110 29 medel
1322 865 53 29 för
1399 865 171 29 täckande
1596 874 41 20 av
1662 865 125 29 förlus-

285 917 51 27 ter
357 915 10 28 i
388 915 188 39 anledning
598 925 41 20 av
660 915 160 30 lämnade
843 915 184 39 garantier,
1051 924 102 20 anser
1173 915 59 39 jag
1254 917 49 27 att
1325 915 154 38 anslaget
1504 915 54 29 för
1581 917 99 27 nästa
1703 916 85 28 bud-

285 966 95 36 getår
400 965 61 30 bör
482 967 172 37 upptagas
675 966 77 29 med
773 965 205 30 oförändrat
999 966 124 39 belopp
1145 975 40 19 av
1207 965 40 29 59
1262 965 62 30 000
1346 966 139 28 kronor.

330 1015 64 39 Jag
413 1016 97 28 torde
532 1016 162 38 slutligen
714 1016 36 29 få
770 1016 51 28 till
842 1015 212 40 behandling
1075 1017 152 38 upptaga
1249 1025 40 19 en
1312 1016 97 38 fråga
1431 1025 56 20 om
1509 1017 126 28 räntan
1657 1016 18 29 å
1697 1016 90 29 vissa

285 1065 58 29 lån
362 1065 78 30 från
460 1066 66 29 den
546 1066 249 29 förutvarande
814 1066 400 38 egnahemslånefonden
1237 1075 43 19 m.
1300 1075 44 19 m.
1367 1066 83 29 1946
1469 1066 56 29 års
1546 1066 141 38 riksdag
1713 1066 75 29 (ka-

286 1115 271 39 pitalbudgeten,
579 1116 57 28 bil.
658 1116 29 34 8,
709 1125 32 30 p.
763 1116 56 33 24;
843 1126 26 19 r.
893 1116 69 29 skr.
986 1125 41 20 nr
1049 1116 80 32 263)
1156 1116 145 38 medgav
1323 1116 72 29 dels
1418 1117 50 28 att
1490 1117 66 28 den
1579 1116 109 39 årliga
1712 1118 78 28 rän-

285 1167 61 28 tan
367 1166 20 29 å
407 1167 66 29 den
495 1166 143 30 stående
659 1166 98 29 delen
781 1175 41 20 av
844 1166 57 29 lån
923 1166 79 29 från
1024 1166 412 38 egnahemslånefonden,
1460 1176 75 19 som
1557 1167 161 38 beviljats
1742 1167 48 30 ef-

289 1218 53 28 ter
359 1217 172 39 ingången
550 1226 42 21 av
611 1217 37 29 år
668 1217 82 30 1920
771 1226 78 20 men
869 1218 74 29 före
964 1218 66 28 den
1054 1218 13 28 1
1087 1217 67 39 juli
1175 1217 83 29 1940
1277 1218 63 29 och
1359 1217 54 30 för
1432 1218 93 29 vilka
1545 1217 245 39 amorterings-

288 1266 196 39 skyldighet
501 1268 134 33 inträtt,
653 1267 92 39 finge
764 1267 54 29 för
835 1267 83 29 åren
937 1267 81 29 1947
1038 1267 64 29 och
1122 1267 83 30 1948
1222 1268 178 28 nedsättas
1419 1267 51 29 till
1488 1268 44 32 3,6
1548 1268 143 38 procent
1709 1268 81 29 eller

286 1317 67 28 den
374 1317 91 38 lägre
485 1318 229 37 procentsats,
735 1326 74 20 som
829 1317 116 31 kunde
966 1317 107 30 varda
1093 1318 157 29 bestämd
1272 1318 54 29 för
1346 1317 249 39 egnahemslån
1614 1318 10 28 i
1646 1318 144 29 allmän-

287 1367 68 33 het,
375 1367 72 30 dels
467 1368 65 29 ock
552 1369 49 28 att
622 1368 9 28 i
651 1368 169 29 avseende
840 1367 18 30 å
878 1367 234 40 köpeskilling
1131 1368 53 29 för
1205 1368 109 29 sådan
1333 1368 355 38 jordbrukslägenhet
1709 1369 81 28 eller

289 1418 158 39 byggnad
466 1419 19 29 å
503 1418 238 39 åbolägenhet,
764 1428 74 20 som
857 1419 38 29 år
918 1419 82 29 1920
1019 1419 82 29 eller
1122 1428 120 20 senare
1261 1419 37 31 år
1321 1419 141 29 försålts
1481 1419 82 29 eller
1583 1420 138 28 komme
1741 1421 49 27 att

288 1467 165 39 försäljas
479 1468 80 29 från
585 1468 291 39 kronoegendom,
902 1470 125 28 räntan
1053 1469 104 38 finge,
1183 1469 10 27 i
1218 1469 66 29 den
1311 1469 80 29 mån
1418 1469 278 39 köpeskillingen
1725 1470 65 28 för-

288 1518 163 29 räntades
473 1518 107 39 enligt
600 1518 183 30 enahanda
803 1518 151 38 grunder
976 1527 74 21 som
1072 1519 82 38 gällt
1175 1519 82 29 eller
1279 1519 110 38 gällde
1411 1519 54 29 för
1486 1520 66 28 den
1575 1519 140 30 stående
1737 1520 55 28 de-

288 1568 56 28 len
368 1578 41 19 av
433 1568 73 29 före
531 1569 67 29 den
626 1569 14 28 1
666 1568 65 38 juli
759 1568 82 30 1940
866 1568 143 39 beviljat
1032 1568 249 39 egnahemslån
1308 1569 54 29 för
1386 1569 404 39 jordbruksiägenheter,

288 1618 111 29 under
422 1618 83 29 åren
532 1618 81 29 1947
639 1619 63 28 och
728 1618 83 29 1948
835 1620 82 37 utgå
940 1619 88 29 efter
1053 1619 44 33 3,6
1119 1622 153 36 proceni.
1296 1619 243 30 Motsvarande
1565 1619 226 39 medgivande

288 1668 98 29 torde
407 1677 45 21 nu
474 1668 84 30 böra
580 1668 176 30 inhämtas
777 1678 43 20 av
840 1669 186 38 riksdagen
1048 1670 85 28 även
1155 1669 220 29 beträffande
1396 1669 82 29 åren
1505 1669 82 29 1949
1610 1670 63 28 och
1699 1670 92 29 1950.

289 1718 125 29 Därest
442 1719 188 38 riksdagen
659 1718 137 30 bifaller
826 1719 94 29 detta
949 1719 141 39 förslag,
1121 1719 97 29 torde
1248 1720 57 28 det
1334 1719 35 29 få
1399 1720 188 29 ankomma
1618 1719 19 30 å
1666 1720 125 38 Kungl.

292 1768 105 39 Maj:t
429 1771 50 27 att
512 1769 142 29 utfärda
687 1769 41 29 de
760 1769 505 39 författningsbestämmelser,
1300 1779 72 19 som
1406 1770 121 29 därvid
1561 1770 91 29 bliva
1686 1770 107 29 erfor-

290 1819 160 38 derliga.»>

336 1894 184 30 Utskottet.
561 1894 13 29 I
615 1894 97 39 fråga
751 1903 58 20 om
850 1894 316 40 kreditgarantiens
1196 1895 212 39 omfattning
1437 1894 154 31 biträder
1622 1896 171 29 utskottet

291 1945 124 38 Kungl.
439 1945 124 39 Maj:ts
586 1945 140 39 förslag,
751 1947 49 28 att
827 1945 107 30 sådan
958 1946 137 38 garanti
1119 1946 111 29 under
1254 1946 202 39 budgetåret
1482 1946 147 35 1950/51
1658 1947 57 29 må
1738 1947 53 29 be-

290 1995 104 39 viljas
418 1995 90 29 intill
535 1996 234 29 oförändrade
794 1996 281 39 maximibelopp,
1103 1996 131 30 således
1260 1997 54 28 för
1341 1997 55 29 lån
1421 1996 51 29 till
1498 1999 90 36 yttre
1615 1997 176 30 rationali-

291 2044 114 40 sering
422 2045 89 29 intill
530 2045 40 29 20
586 2045 62 29 000
663 2045 62 30 000
743 2046 129 28 kronor
889 2046 65 29 och
971 2045 52 30 till
1041 2046 74 29 inre
1132 2046 280 39 rationalisering
1429 2046 90 30 intill
1537 2047 184 29 enahanda
1738 2047 55 29 be-

291 2095 79 39 lopp
394 2097 90 27 samt
507 2095 55 29 för
583 2095 444 39 jordbruksegnahemslån
1050 2096 90 29 intill
1166 2096 165 30 likaledes
1356 2096 39 29 20
1410 2096 63 30 000
1488 2097 62 29 000
1576 2097 129 29 kronor
1730 2098 63 28 och

291 2145 55 30 för
374 2145 164 30 driftslån
569 2145 90 29 intill
691 2145 96 30 8000
802 2145 62 30 000
896 2146 139 29 kronor.
1067 2146 143 30 Liksom
1241 2147 55 29 för
1326 2147 217 30 närvarande
1574 2148 62 29 bör
1667 2148 125 38 Kungl.

291 2194 105 39 Maj:t
420 2196 62 38 äga
506 2196 61 34 att,
592 2205 56 20 om
672 2195 267 31 förhållandena
963 2196 77 39 giva
1064 2196 188 39 anledning
1275 2197 126 33 därtill,
1425 2198 159 38 medgiva
1607 2197 187 39 jämkning

291 2245 9 28 i
328 2245 242 39 fördelningen
598 2256 41 19 av
666 2246 314 39 maximibeloppen
1006 2246 222 31 beträffande
1255 2247 41 30 de
1323 2249 51 27 tre
1402 2248 245 30 förstnämnda
1677 2249 115 38 slagen

290 2304 42 20 av
351 2296 67 29 lån.

336 2348 74 30 Vad
429 2348 108 39 angår
556 2347 300 41 uppskattningen
876 2358 41 20 av
936 2349 279 30 medelsbehovet
1236 2350 109 29 under
1365 2351 156 37 anslaget
1542 2351 63 29 har
1627 2352 169 28 utskottet

291 2398 86 28 intet
397 2399 49 28 att
465 2397 116 30 erinra
602 2399 72 27 mot
694 2397 125 38 Kungl.
842 2397 123 39 Maj:ts
986 2397 141 39 förslag.

335 2447 75 29 Den
434 2447 198 39 föreslagna
658 2447 228 39 möjligheten
911 2447 51 29 till
989 2447 224 39 förlängning
1238 2458 41 19 av
1304 2450 329 38 amorteringstiden
1660 2450 10 29 i
1696 2450 97 39 fråga

290 2508 54 19 om
371 2498 487 39 jordbruksegnahemslånen
885 2498 193 39 tillstyrkes
1107 2509 40 19 av
1176 2500 179 29 utskottet.
1384 2500 119 30 Såsom
1534 2501 125 39 Kungl.
1687 2501 103 38 Maj:t
