1858 2798
495 166 379 34 Jordbruksutskottets
898 170 177 32 utlåtande
1098 181 42 21 nr
1166 172 50 30 47.
1586 170 18 29 3

93 244 177 30 hemställt
293 246 96 28 torde
411 246 40 29 de
474 255 67 30 nya
563 247 308 31 bestämmelserna
895 249 35 30 få
951 250 88 38 gälla
1065 252 86 28 även
1174 252 67 33 lån,
1266 261 72 20 som
1361 253 161 39 beviljats
1545 254 52 28 in-

92 301 69 21 nan
189 294 193 39 ändringen
409 296 117 30 träder
552 296 11 29 i
591 297 104 35 kraft,
722 300 90 28 samt
840 299 176 40 tillämpas
1044 301 107 29 redan
1180 301 74 30 före
1282 304 99 28 nästa
1409 303 188 40 budgetårs

91 343 136 39 början.
255 344 177 31 Utskottet
458 346 193 40 tillstyrker
680 348 111 30 likaså
819 350 67 28 den
914 350 199 39 föreslagna
1141 353 372 40 räntenedsättningen
1542 354 55 30 för

92 394 83 29 ären
199 395 83 29 1949
304 396 63 29 och
393 397 82 30 1950
496 397 222 31 beträffande
740 400 91 29 vissa
855 400 56 29 lån
934 401 78 29 från
1035 402 66 29 den
1124 402 248 31 förutvarande
1395 404 204 39 egnahems-

92 445 208 30 lånefonden
322 456 44 20 m.
388 456 44 20 m.

135 495 115 30 Under
272 496 219 40 åberopande
513 508 43 20 av
577 500 64 29 vad
665 500 147 30 sålunda
835 501 136 30 anförts
992 502 203 31 hemställer
1218 504 180 34 utskottet,

443 550 51 28 att
512 549 188 40 riksdagen
718 551 58 29 må

441 599 38 34 a)
511 601 169 37 medgiva,
706 604 49 27 att
782 603 111 29 under
918 603 205 39 budgetåret
1151 605 145 36 1950/51
1326 607 117 38 statlig
1466 607 130 30 kredit-

399 650 136 36 garanti
559 651 58 29 må
640 651 145 39 beviljas
812 653 54 29 för
890 653 73 30 dels
988 653 58 30 lån
1070 655 169 30 avseende
1264 657 90 38 yttre
1379 657 217 29 rationalise-

399 700 76 38 ring
493 700 91 29 intill
603 703 48 28 ett
670 702 123 40 belopp
812 713 42 19 av
873 703 40 30 20
928 704 63 29 000
1006 704 62 30 000
1088 705 140 34 kronor,
1248 706 57 29 lån
1324 707 54 29 för
1397 707 75 30 inre
1490 707 106 30 ratio-

398 751 190 39 nalisering
612 752 91 30 intill
728 763 135 22 samma
887 755 125 40 belopp
1037 759 92 27 samt
1151 758 445 40 jordbruksegnahemslån

399 801 89 28 intill
509 803 47 28 ett
576 802 124 40 belopp
721 813 42 20 av
783 804 167 30 likaledes
972 805 40 30 20
1028 805 62 30 000
1105 806 63 30 000
1189 808 139 34 kronor,
1351 810 77 29 med
1450 810 70 29 rätt
1540 809 56 30 för

398 851 125 39 Kungl.
553 852 105 39 Maj:t
686 855 60 32 att,
774 864 58 19 om
862 855 268 31 förhållandena
1158 857 113 30 skulle
1299 859 77 38 giva
1405 859 190 39 anledning

397 901 127 35 därtill,
548 903 158 38 medgiva
726 904 188 40 jämkning
935 905 12 30 i
970 907 106 38 sagda
1099 907 208 39 fördelning,
1332 910 73 29 dels
1428 909 166 31 driftslån

396 952 90 28 intill
509 954 48 28 ett
579 953 124 40 belopp
725 964 42 20 av
788 955 19 29 8
822 955 63 30 000
900 956 62 30 000
986 957 145 35 kronor;

440 1002 37 34 b)
507 1003 52 28 till
585 1003 183 32 TPäckande
793 1016 43 20 av
858 1007 169 38 förluster
1049 1008 44 39 på
1117 1010 115 37 grund
1254 1020 43 19 av
1320 1011 119 39 statlig
1463 1011 130 30 kredit-

395 1054 138 35 garanti
555 1053 55 29 för
633 1054 204 39 budgetåret
864 1056 146 37 1950/51
1037 1058 121 30 anvisa
1182 1060 47 28 ett
1253 1059 274 41 förslagsanslag
1551 1071 42 20 av

395 1102 40 28 320
450 1103 63 29 000
534 1103 145 36 kronor;

438 1153 34 33 c)
500 1154 169 38 medgiva,
692 1157 50 28 att
763 1156 67 29 den
852 1157 109 39 årliga
982 1160 127 28 räntan
1132 1161 20 30 å
1174 1160 66 29 den
1264 1161 141 32 stående
1427 1162 100 30 delen
1550 1172 41 20 av

395 1203 58 28 lån
476 1203 80 30 från
581 1206 413 37 egnahemslånefonden,
1021 1218 73 20 som
1118 1209 162 40 beviljats
1305 1211 88 30 efter
1417 1212 174 40 ingången

394 1261 40 21 av
457 1253 39 29 år
521 1254 84 30 1920
628 1264 79 21 men
732 1256 74 30 före
827 1257 68 30 den
921 1258 14 29 1
959 1258 67 39 juli
1052 1259 83 29 1940
1159 1261 64 29 och
1247 1261 54 30 för
1324 1262 93 30 vilka
1442 1265 149 28 amorte-

393 1303 296 41 ringsskyldighet
709 1306 134 35 inträtt,
863 1308 57 30 må
938 1309 54 29 för
1013 1309 83 30 åren
1118 1310 83 31 1949
1221 1312 64 30 och
1307 1313 83 30 1950
1410 1314 181 30 nedsättas

392 1354 51 28 till
461 1354 45 34 3,6
521 1358 159 36 procent;

436 1405 38 33 d)
501 1406 169 39 medgiva,
693 1409 49 28 att
764 1409 9 28 i
795 1410 169 29 avseende
986 1410 20 30 å
1028 1411 235 41 köpeskilling
1285 1414 55 29 för
1362 1414 108 30 sådan
1492 1415 95 39 jord-

392 1454 273 39 brukslägenhet
683 1457 81 29 eller
781 1458 161 39 byggnad
959 1459 20 30 å
996 1460 239 40 åbolägenhet,
1256 1472 73 21 som
1347 1463 37 30 år
1406 1464 82 30 1920
1506 1465 83 30 eller

392 1513 121 21 senare
541 1505 39 30 år
608 1506 142 30 försålts
779 1508 83 30 eller
890 1509 159 31 kommer
1079 1513 50 27 att
1158 1512 165 40 försäljas
1353 1514 81 30 från
1462 1516 127 29 krono-

391 1555 178 36 egendom,
589 1556 126 30 räntan
734 1558 67 34 må,
821 1559 10 28 i
849 1559 67 29 den
935 1560 82 29 mån
1036 1561 279 41 köpeskillingen
1334 1564 177 31 förräntas
1530 1575 58 20 en-

391 1604 60 38 ligt
474 1606 183 30 enahanda
681 1608 151 37 grunder
855 1618 74 21 som
953 1610 82 39 gällt
1059 1611 83 30 eller
1165 1613 90 38 gälla
1277 1614 55 30 för
1353 1615 67 29 den
1444 1615 143 31 stående

391 1654 99 31 delen
511 1664 41 21 av
572 1656 74 32 före
666 1658 66 29 den
756 1659 13 28 1
791 1658 67 40 juli
881 1660 83 30 1940
983 1660 145 41 beviljat
1148 1664 249 38 egnahemslån
1418 1666 55 29 för
1491 1666 97 40 jord-

391 1705 321 40 brukslägenheter,
742 1710 110 29 under
880 1710 84 30 åren
994 1711 83 30 1949
1107 1713 64 29 och
1203 1714 82 30 1950
1316 1716 82 38 utgå
1426 1717 89 30 efter
1544 1718 44 33 3,6

389 1758 153 36 procent.

124 1819 200 30 Stockholm
348 1821 66 29 den
439 1822 39 29 16
500 1823 71 39 maj
600 1824 92 29 1950.

522 1898 47 29 På
587 1899 384 38 jordbruksutskottets
989 1905 146 37 vägnar:

662 1976 35 28 L.
726 1977 268 31 TJÄLLGREN.

374 2131 62 30 Vid
456 2132 94 30 detta
570 2134 145 29 ärendes
740 2135 285 42 slutbehandling
1043 2139 45 29 ha
1110 2141 172 30 närvarit:

120 2188 77 29 från
230 2189 161 30 första
424 2191 221 30 kammaren:
668 2194 121 29 herrar
807 2195 191 38 Tjällgren,
1022 2197 119 31 Alfred
1164 2199 211 37 Andersson,
1399 2204 182 40 Svedberg,

76 2229 76 29 Carl
193 2231 188 37 Sundberg,
417 2233 66 28 Jon
520 2234 162 33 Jonsson,
721 2236 85 29 Bror
832 2237 149 34 Nilsson,
1011 2240 103 28 Bertil
1145 2241 232 36 Andersson”,
1406 2246 175 34 Isaksson,

77 2271 146 37 Björck"
246 2273 62 29 och
331 2273 106 31 Einar
457 2275 186 34 Persson”;
665 2279 89 27 samt

120 2329 77 30 från
263 2332 119 29 andra
416 2333 221 30 kammaren:
663 2335 119 29 herrar
804 2337 198 30 Andersson
1029 2340 6 27 i
1059 2340 199 38 Tungelsta,
1281 2344 176 30 Johnsson
1480 2347 11 28 i
1515 2347 65 30 Ka-

76 2371 256 39 stanjegården,
357 2373 189 30 Gustafson
572 2376 8 28 i
606 2376 161 39 Dädesjö,
791 2378 151 40 Norup”,
968 2380 173 30 Jacobson
1170 2383 8 28 i
1205 2384 219 36 Vilhelmina,
1453 2388 125 33 Antby,

77 2414 196 29 Andersson
300 2415 6 28 i
335 2416 147 37 Hyssna,
508 2417 210 37 Heggblom,
744 2420 152 29 Jonsson
922 2423 7 28 i
954 2422 172 31 Järvsand
1152 2425 61 29 och
1242 2426 154 31 Ahlsten.
1547 2422 9 5 i

124 2482 8 8 "
158 2482 32 30 Ej
214 2483 179 24 närvarande
416 2484 46 23 vid
485 2485 179 24 utlåtandets
686 2487 153 31 justering.
