2221 2673
723 208 252 35 Statsutskottets
1005 210 167 34 Utlåtande
1195 212 62 33 N:o
1282 214 72 32 123.
1775 219 17 30 7

237 286 84 50 digt
362 287 188 37 afslutade
592 288 72 37 den
695 290 18 35 1
744 288 158 39 berörde
943 291 170 48 oktober,
1142 293 106 49 gjort
1276 294 160 49 förnyad
1465 295 283 52 framställning
1776 311 61 24 om

236 340 200 37 utförande
482 340 41 37 af
561 340 46 37 de
648 341 252 49 reparations-
941 343 72 37 och
1053 344 340 50 ändringsarbeten
1434 347 12 36 i
1488 348 296 39 länsresidenset
1823 351 13 35 i

236 391 269 49 Kristianstad,
548 406 80 24 som
670 393 152 50 afsåges
850 395 87 37 med
965 396 97 37 hans
1089 396 103 38 förut
1220 399 174 48 nämnda,
1423 401 87 36 med
1537 400 144 51 Kungl.
1711 402 126 51 Maj:ts

235 444 446 49 befallningshafvandes
722 446 201 38 skrifvelse
965 448 73 36 den
1076 450 46 34 26
1153 450 94 48 april
1278 452 97 35 1905
1404 451 56 37 till
1491 453 346 39 öfverintendents-

236 496 169 37 ämbetet
446 496 285 38 öfverlämnade
773 499 228 49 ansökning,
1044 501 85 36 med
1171 502 198 50 undantag
1410 504 40 36 af
1487 504 45 37 de
1576 505 168 49 arbeten,
1781 507 56 37 till

236 548 151 37 hvilkas
437 549 201 37 utförande
688 549 171 38 tillstånd
910 551 162 38 lämnats
1122 566 141 36 genom
1313 555 139 49 nådiga
1498 557 151 38 brefvet
1694 558 73 38 den
1815 563 19 33 7

231 601 75 49 juli
356 602 112 44 1905;
520 602 70 36 och
636 602 69 37 har
750 603 159 37 friherre
955 604 56 37 De
1058 605 99 37 Geer
1198 606 12 36 i
1247 607 58 36 sin
1352 608 227 38 sistberörda
1625 611 210 49 skrifvelse,

237 653 100 36 hvad
379 653 179 37 särskildt
599 657 120 46 angår
751 655 440 51 boställslägenheterna,
1234 659 220 50 framhållit,
1483 661 114 38 bland
1626 669 125 40 annat,
1782 670 55 31 att

236 705 63 37 det
340 718 140 36 genom
522 706 73 37 den
636 707 149 37 mindre
825 709 216 49 reparation
1075 710 102 37 inom
1214 711 367 52 boställsvåningen,
1611 728 80 24 som
1720 716 116 38 redan

234 758 152 47 utförts,
429 758 228 49 visserligen
698 773 92 23 vore
825 760 59 37 för
913 760 345 40 boställshafvaren
1287 765 152 49 möjligt
1468 771 55 31 att
1551 767 121 37 under
1700 768 136 38 hösten

237 811 97 35 1905
379 810 252 48 provisoriskt
671 811 152 49 inflytta
864 813 56 36 uti
962 819 98 31 samt
1097 814 95 37 bebo
1226 829 46 23 en
1305 816 60 37 del
1399 818 40 35 af
1468 818 366 51 boställsvåningen,

234 874 89 24 men
366 867 55 31 att
461 861 181 38 behofvet
676 863 42 36 af
746 868 55 32 att
829 863 38 37 få
900 864 218 38 densamma
1145 867 87 37 med
1260 867 228 40 tillhörande
1515 870 78 38 kök
1623 871 69 37 och
1720 873 115 37 uthus

234 914 13 36 i
289 914 60 36 sin
390 914 129 37 helhet
550 915 297 49 iordningställd
876 917 82 36 icke
987 918 106 36 desto
1121 920 146 37 mindre
1295 934 91 23 vore
1414 924 212 47 trängande
1654 925 70 35 och
1752 926 83 36 icke

234 970 91 32 utan
368 966 198 50 synnerlig
607 967 204 49 olägenhet
846 969 127 37 kunde
1001 970 226 49 uppskjutas
1255 972 132 49 längre
1416 978 48 31 än
1492 974 58 36 till
1578 975 256 38 innevarande

235 1021 61 33 års
325 1031 174 26 sommar.

363 1070 18 36 I
409 1071 279 49 sammanhang
724 1072 86 37 med
839 1073 232 37 sistberörda
1100 1075 284 51 framställning
1411 1078 70 36 har
1508 1079 325 51 landshöfdingen

234 1122 161 37 friherre
431 1123 56 36 De
516 1122 101 38 Geer
644 1124 124 36 tillika
796 1124 204 50 hemställt,
1031 1126 187 38 huruvida
1244 1127 83 38 icke
1355 1130 12 35 i
1396 1130 184 38 samband
1608 1132 86 37 med
1722 1147 108 36 nyss-

233 1174 173 48 berörda,
438 1179 102 32 ännu
568 1176 83 36 icke
679 1176 233 37 verkställda
941 1178 157 37 arbeten
1126 1179 116 37 borde
1271 1180 59 37 för
1350 1181 214 38 beredande
1584 1184 41 35 af
1640 1184 134 38 bostad
1794 1189 38 33 åt

235 1239 48 24 en
310 1227 180 49 portvakt
518 1227 104 37 inom
648 1227 408 51 residensbyggnaden
1085 1231 194 49 företagas
1302 1233 146 49 jämväl
1468 1247 45 24 en
1535 1249 126 23 annan
1681 1238 149 48 åtgärd,

235 1278 206 37 bestående
468 1279 13 36 i
508 1279 236 50 påbyggnad
773 1280 43 37 af
838 1281 256 49 byggnadens
1122 1288 103 32 östra
1252 1285 119 49 flygel
1399 1286 57 36 till
1482 1287 121 37 likhet
1626 1289 86 36 med
1732 1289 101 37 hvad

234 1330 13 36 i
274 1330 344 50 landshöfdingens
645 1332 164 49 tidigare
839 1333 285 51 framställning
1153 1335 219 50 föreslagits
1399 1339 163 37 rörande
1591 1340 73 37 den
1691 1346 140 32 västra.

364 1383 75 36 Till
467 1384 86 36 stöd
581 1384 60 36 för
668 1385 60 36 sin
756 1385 69 37 sist
854 1386 250 38 omförmälda
1133 1387 228 39 hemställan
1390 1390 69 37 har
1478 1391 160 38 friherre
1657 1393 55 37 De
1733 1393 100 38 Geer

236 1435 126 37 anfört
390 1435 323 50 hufvudsakligen
741 1437 181 50 följande.

362 1487 107 36 Inom
498 1488 85 36 hela
611 1488 64 36 det
703 1489 398 51 byggnadskomplex,
1132 1496 54 32 ett
1213 1492 155 38 kvarter
1391 1494 58 37 för
1469 1495 70 49 sig,
1561 1508 81 24 som
1661 1497 170 38 bildades

233 1539 42 36 af
298 1539 295 37 länsresidenset
620 1541 86 36 med
734 1541 353 50 uthusbyggnader,
1117 1543 137 38 funnes
1278 1545 83 38 icke
1381 1549 129 47 någon
1529 1561 138 36 person
1686 1549 146 38 boende

233 1596 108 31 utom
381 1591 324 50 landshöfdingen
741 1594 87 36 med
855 1594 120 49 familj
1007 1595 69 36 och
1104 1596 158 49 tjänare.
1318 1598 163 49 Följden
1508 1599 112 38 häraf
1644 1614 101 36 vore,
1776 1609 55 30 att

234 1643 59 47 då,
336 1645 125 34 såsom
488 1643 181 49 vanligen
696 1658 90 24 vore
813 1646 117 47 fallet,
959 1647 323 50 landshöfdingen
1310 1650 86 37 med
1424 1650 118 50 familj
1574 1653 71 36 och
1672 1654 159 48 tjänste-

233 1694 81 37 folk
343 1695 270 37 sommartiden
641 1696 167 38 vistades
835 1700 49 47 på
911 1698 142 48 landet,
1082 1699 86 37 hela
1195 1701 211 38 residenset
1434 1716 91 24 vore
1554 1705 163 37 nattetid
1744 1706 87 37 full-

234 1746 164 50 komligt
426 1747 176 49 obebodt,
632 1751 120 46 något
780 1763 80 23 som
889 1751 304 49 uppenbarligen
1220 1753 83 37 icke
1331 1768 91 23 vore
1440 1755 188 49 lämpligt.
1665 1757 165 38 Numera

233 1798 221 37 förvarades
482 1799 228 50 visserligen
738 1801 83 37 icke
849 1801 12 36 i
888 1802 292 38 landtränteriet
1199 1807 41 34 så
1259 1805 217 50 betydande
1495 1808 335 52 penningebelopp

233 1864 82 23 som
343 1851 90 47 förr,
463 1864 86 24 men
577 1852 13 35 i
618 1853 132 48 regeln
778 1853 87 49 låge
895 1854 97 37 dock
1012 1854 67 37 där
1099 1856 194 50 åtskilliga
1312 1859 167 36 tusental
1500 1860 138 36 kronor
1657 1861 171 49 kontant,

233 1903 262 36 hvarförutom
523 1904 12 35 i
563 1904 295 49 länsstyrelsens
887 1905 130 38 förvar
1046 1907 135 37 funnes
1200 1922 145 37 papper
1364 1910 70 37 och
1453 1911 231 51 handlingar
1704 1913 41 37 af
1756 1915 73 36 den

232 1955 194 47 vikt,
348 1951 12 62 i
371 1955 55 47 att
468 1955 62 36 det
570 1955 189 50 knappast
800 1963 131 44 syntes
971 1958 129 37 kunna
1141 1960 202 49 försvaras,
1378 1967 55 31 att
1461 1963 211 38 residenset
1699 1966 130 37 tidtals

231 2006 196 37 lämnades
463 2012 92 31 utan
583 2008 133 50 hvarje
745 2009 133 50 tillsyn
905 2016 81 30 mot
1014 2024 88 23 vare
1131 2012 60 49 sig
1219 2013 309 50 inbrottstjufvar
1556 2016 90 37 eller
1674 2017 152 38 eldfara.

233 2057 126 38 Sådan
399 2058 133 50 tillsyn
572 2059 98 38 hade
710 2060 78 38 förr
820 2062 168 37 utöfvats
1018 2063 41 36 af
1092 2076 47 24 en
1167 2064 162 38 särskild
1357 2066 181 50 vaktpost
1564 2068 84 37 från
1678 2069 151 38 Vendes

234 2111 391 49 artilleriregemente,
667 2126 88 24 men
796 2114 124 37 denna
961 2128 91 24 vore
1088 2129 157 24 numera
1272 2117 187 50 indragen
1488 2119 70 37 och
1589 2128 129 41 syntes
1746 2122 83 38 icke

233 2163 130 37 vidare
404 2163 131 37 kunna
575 2164 37 36 få
654 2165 42 36 af
731 2165 276 51 länsstyrelsen
1045 2167 233 50 disponeras.
1335 2170 115 38 Utom
1493 2171 59 37 för
1591 2173 133 50 tillsyn
1751 2181 79 30 mot

233 2214 145 37 inbrott
418 2215 71 37 och
530 2215 155 49 eldfara,
727 2231 91 24 vore
855 2219 63 36 det
946 2219 71 36 ock
1045 2220 41 36 af
1110 2220 125 37 nöden
1263 2227 56 31 att
1347 2222 103 37 inom
1478 2224 210 39 residenset
1715 2226 114 38 hafva

234 2267 167 50 tillgång
428 2267 58 37 till
514 2281 49 23 en
592 2268 173 39 bestämd
792 2284 150 36 person,
973 2284 81 24 som
1082 2272 96 38 hade
1206 2273 58 37 till
1293 2274 206 50 åliggande
1528 2282 55 31 att
1611 2280 20 34 å
1659 2279 45 37 de
1730 2279 99 37 tider

236 2319 40 36 af
314 2319 158 50 dygnet,
515 2320 47 36 då
604 2320 134 38 sådant
776 2323 250 46 erfordrades,
1055 2323 100 38 hålla
1182 2325 230 39 residensets
1440 2328 178 50 samtliga
1645 2330 183 51 ingångs-
