2220 2689
426 230 40 31 12
868 228 246 34 Statsutskottets
1145 227 164 34 Utlåtande
1332 227 62 33 N:o
1425 227 71 32 123.

380 311 113 48 1,500
535 310 152 48 kronor,
721 312 160 35 återstår
908 310 12 36 i
949 309 66 38 allt
1042 309 69 37 fall
1139 313 54 33 ett
1221 308 138 49 belopp
1390 307 40 36 af
1456 307 112 47 8,250
1597 305 158 46 kronor;
1797 304 70 37 och
1895 304 81 48 har,

379 364 97 36 efter
503 363 101 37 hvad
628 363 71 50 jag
731 363 200 48 inhämtat,
960 362 179 48 ämbetet,
1169 361 86 37 med
1282 360 142 49 tillägg
1452 360 41 36 af
1517 358 214 38 kostnaden
1759 358 59 36 för
1846 356 132 51 tillsyn

373 417 122 49 jämte
535 416 243 37 oförutsedda
813 416 173 49 utgifter,
1016 415 165 49 anslagit
1205 412 215 39 kostnaden
1453 412 59 37 för
1553 411 124 37 denna
1712 410 136 50 flygels
1881 409 96 38 iord-

379 468 284 50 ningställande
691 468 57 37 till
776 468 280 50 sammanlagdt
1084 468 113 48 9,500
1225 467 153 46 kronor,
1409 478 46 24 en
1484 477 158 35 summa,
1685 463 169 49 hvilken,
1896 475 80 25 som

379 521 170 49 nämndt,
579 534 114 37 synes
720 521 82 50 mig
828 521 60 37 för
917 521 62 37 det
997 519 292 51 ifrågavarande
1309 518 215 37 ändamålet
1543 517 63 36 väl
1625 521 89 33 stor.
1770 516 74 37 Det
1864 528 114 37 synes

379 575 81 50 mig
505 573 127 38 därför
672 574 93 38 böra
805 580 110 44 tagas
955 574 121 37 under
1104 571 296 49 öfvervägande,
1430 569 189 38 huruvida
1655 569 84 37 icke
1777 568 137 38 bostad
1941 570 38 35 åt

380 641 47 24 en
454 627 180 50 portvakt
662 627 120 37 skulle
810 628 129 36 kunna
967 627 103 37 inom
1097 625 212 38 residenset
1336 623 160 38 beredas
1520 625 49 48 på
1588 625 119 46 något
1732 626 128 43 annat,
1880 621 99 37 billi-

379 694 93 35 gare
500 685 76 32 sätt
604 679 102 48 eller,
736 693 60 23 om
825 679 102 38 detta
955 679 83 38 icke
1063 679 75 36 kan
1157 678 80 47 ske,
1258 680 129 45 någon
1409 688 125 24 annan
1554 674 215 48 anordning
1787 674 190 49 vidtagas,

379 732 250 49 hvarigenom
658 732 63 36 det
748 731 292 49 ifrågavarande
1067 730 214 36 ändamålet
1309 728 124 36 skulle
1463 728 129 35 kunna
1620 730 49 45 på
1696 726 178 48 lämpligt
1902 730 77 31 sätt

381 784 234 49 tillgodoses.

510 836 243 37 Beträffande
780 836 255 37 kostnaderna
1059 835 59 37 för
1142 834 46 36 de
1207 833 221 48 föreslagna
1447 831 179 37 arbetena
1645 830 13 36 i
1677 830 130 49 öfrigt,
1828 829 150 37 hvilkas

381 889 203 37 utförande
627 888 41 37 af
704 888 81 49 mig
826 888 218 49 tillstyrkts,
1087 886 121 38 skulle
1237 886 110 36 dessa
1375 884 98 37 efter
1501 883 135 49 afdrag
1664 883 42 36 af
1730 882 249 37 omförmälda

384 943 112 47 9,500
525 941 141 37 kronor
694 941 59 37 för
781 941 73 36 den
882 945 103 32 östra
1012 937 380 52 flygelbyggnadens
1419 936 236 50 påbyggnad
1683 949 48 22 m.
1763 949 62 33 m.,
1855 934 123 48 enligt

383 993 518 38 öfverintendentsämbetets
951 992 215 49 beräkning
1214 993 130 47 uppgå
1400 988 58 38 till
1504 989 138 48 32,500
1684 987 152 37 kronor.
1906 986 73 38 Vid

383 1046 240 50 granskning
651 1046 42 37 af
721 1046 63 37 det
812 1050 129 32 senast
968 1044 218 51 uppgjorda
1214 1041 392 49 kostnadsförslagets
1636 1040 158 50 detaljer
1817 1040 68 36 har
1908 1040 72 49 jag

384 1098 210 39 emellertid
635 1098 126 37 funnit
802 1111 46 24 en
890 1097 59 37 del
989 1096 261 49 förenklingar
1294 1095 130 36 kunna
1451 1099 93 31 utan
1573 1092 201 50 olägenhet
1802 1092 178 49 vidtagas

384 1152 196 36 äfvensom
607 1151 12 36 i
647 1150 102 37 vissa
789 1150 166 50 punkter
997 1149 72 37 den
1110 1148 218 38 beräknade
1371 1146 213 37 kostnaden
1625 1148 119 46 något
1772 1145 205 36 nedsättas.

384 1204 90 36 Med
514 1203 247 49 iakttagande
804 1203 42 36 af
883 1203 108 36 dessa
1031 1201 271 48 förändringar
1329 1199 12 36 1
1370 1197 380 48 kostnadsförslaget,
1783 1197 131 35 hvilka
1942 1195 41 37 af

384 1256 81 49 mig
506 1255 304 37 sammanfattats
838 1254 12 37 i
879 1267 47 24 en
966 1252 261 51 promemoria,
1269 1251 156 37 hvilken
1453 1250 107 36 torde
1588 1250 38 36 få
1654 1249 177 49 biläggas
1860 1248 118 36 hand-

383 1308 177 49 lingarna
588 1308 12 36 i
629 1307 168 48 ärendet,
825 1307 108 36 torde
960 1306 128 36 kunna
1112 1306 137 36 vinnas
1268 1304 225 50 ytterligare
1514 1316 47 23 en
1580 1301 208 50 besparing
1808 1301 40 37 af
1866 1302 111 46 2,000

384 1361 151 36 kronor.
591 1359 222 37 Kostnaden
847 1358 59 37 för
938 1359 45 36 de
1012 1358 41 36 af
1090 1358 80 48 mig
1209 1356 213 49 tillstyrkta
1462 1355 179 36 arbetena
1682 1353 122 37 skulle
1834 1353 145 37 således

386 1417 136 32 stanna
549 1411 65 37 vid
642 1416 54 32 ett
724 1411 138 49 belopp
892 1410 40 37 af
957 1409 280 49 sammanlagdt
1266 1409 138 47 30,500
1434 1408 150 35 kronor.

513 1464 112 36 Hvad
654 1466 120 47 angår
802 1468 115 32 sättet
935 1462 60 37 för
1013 1461 243 38 bestridande
1277 1460 40 37 af
1332 1459 258 37 kostnaderna
1609 1458 60 37 för
1687 1456 293 50 ifrågavarande

386 1516 166 48 arbeten,
590 1516 152 37 hvilkas
778 1515 201 37 utförande
1011 1514 116 37 redan
1154 1513 122 37 under
1303 1511 260 38 innevarande
1592 1513 41 34 år
1661 1515 41 31 är
1731 1508 250 51 synnerligen

385 1568 221 47 önskvärdt,
636 1568 121 36 skulle
785 1567 230 48 visserligen
1043 1566 46 37 de
1119 1566 40 36 af
1175 1565 81 49 mig
1275 1564 59 37 till
1361 1563 202 37 utförande
1589 1561 200 38 förordade
1810 1561 169 46 arbeten,

385 1620 122 49 enligt
535 1620 101 37 förut
665 1619 183 50 angifven
876 1617 226 50 beräkning,
1133 1617 169 37 erfordra
1330 1630 47 23 en
1404 1615 174 47 kostnad,
1598 1613 230 51 uppgående
1848 1612 58 37 till
1927 1617 54 32 ett

385 1673 192 36 afsevärdt
619 1673 107 48 lägre
761 1672 139 48 belopp
943 1676 48 31 än
1033 1671 74 47 det,
1136 1670 119 36 hvarå
1283 1667 519 38 öfverintendentsämbetets
1837 1665 148 48 förslag

386 1726 128 35 slutar.
570 1724 88 37 Icke
688 1724 87 36 dess
805 1723 148 36 mindre
982 1728 41 31 är
1052 1721 209 38 emellertid
1289 1719 223 51 uppenbart,
1543 1724 55 31 att
1622 1719 123 36 denna
1764 1717 119 49 utgift
1903 1716 83 37 icke

386 1782 93 31 utan
508 1776 271 37 eftersättande
808 1776 41 36 af
887 1775 119 37 andra
1033 1775 148 48 viktiga
1210 1773 222 50 byggnads-
1463 1771 89 38 eller
1589 1769 397 52 reparationsarbeten

386 1829 76 36 kan
490 1828 188 37 bestridas
707 1828 41 36 af
772 1828 63 36 det
863 1828 59 36 för
941 1827 260 36 innevarande
1222 1829 40 33 år
1283 1824 181 38 anvisade
1486 1824 174 48 anslaget
1679 1823 58 35 till
1756 1822 229 49 byggnader

388 1881 72 36 och
487 1880 268 50 reparationer.
811 1879 135 50 Enligt
974 1879 64 37 det
1058 1879 41 36 af
1115 1876 498 39 öfverintendentsämbetet
1633 1874 72 37 den
1727 1876 46 35 13
1794 1873 190 38 nästlidne

387 1947 99 23 mars
529 1932 145 50 afgifna
714 1931 302 50 generalförslag
1059 1931 197 49 angående
1294 1928 250 38 användande
1574 1928 40 36 af
1638 1926 257 37 innevarande
1924 1928 60 34 års

385 1985 212 49 tillgångar
626 1987 20 34 å
674 1984 168 37 nämnda
870 1983 135 49 anslag
1037 1983 120 37 skulle
1186 1982 240 48 visserligen,
1456 1980 118 37 sedan
1595 1979 109 37 däraf
1720 1982 128 46 utgått
1867 1978 117 36 erfor-

388 2037 146 49 derliga
574 2037 139 49 belopp
757 2036 40 37 af
827 2036 46 36 de
902 2036 120 36 under
1051 2038 82 34 året
1161 2038 123 33 såsom
1312 2033 143 49 nödiga
1484 2032 166 37 ansedda
1678 2031 257 49 reparationer
1965 2032 20 33 å

389 2090 166 36 kronans
604 2089 122 36 under
776 2087 515 38 öfverintendentsämbetets
1338 2085 178 37 inseende
1565 2083 135 38 ställda
1745 2082 239 50 byggnader,

390 2144 139 34 återstå
561 2146 55 32 ett
647 2140 269 50 odisponeradt
955 2139 138 50 belopp
1123 2139 40 37 af
1186 2140 140 46 49,102
1354 2138 140 36 kronor
1524 2138 46 35 50
1600 2141 75 32 öre.
1731 2135 116 37 Detta
1875 2133 110 38 torde

390 2192 220 50 emellertid,
645 2196 48 46 på
722 2197 75 32 sätt
820 2193 71 49 jag
919 2197 104 32 strax
1052 2191 95 37 skall
1179 2196 175 31 närmare
1383 2189 232 47 omförmäla,
1645 2188 223 49 lämpligare
1895 2186 91 36 böra

389 2246 194 36 användas
611 2246 60 36 för
700 2245 115 36 andra
844 2244 176 37 ändamål
1048 2249 48 30 än
1125 2244 63 36 det
1216 2257 51 22 nu
1296 2241 301 50 ifrågavarande.

517 2297 74 37 Vid
632 2298 88 48 laga
761 2297 54 36 af-
857 2297 70 36 och
967 2295 272 54 tillträdessyn,
1283 2308 80 24 som
1394 2294 72 37 den
1496 2294 123 36 9—18
1648 2291 210 38 november
1889 2290 97 37 1905

388 2350 127 37 hållits
544 2353 21 33 å
593 2350 46 36 de
667 2349 320 49 landshöfdingen
1014 2348 13 36 i
1056 2348 206 48 Älfsborgs
1290 2347 62 36 län
1382 2346 186 48 anslagna
1594 2343 392 49 boställslägenheter,
