2197 2673
746 212 215 39 Lagutskottets
987 214 152 30 Utlåtande
1162 216 47 29 Nr
1232 218 48 28 38.
1803 223 9 28 j|

906 568 83 49 Nr
1020 570 100 49 38.

883 728 108 26 Ankom
1009 730 41 25 till
1067 730 162 34 Riksdagens
1246 732 85 26 kansli
1349 733 50 26 den
1418 733 32 27 26
1467 735 67 32 april
1552 735 35 26 kl.
1606 736 16 26 3
1640 744 20 17 e.
1680 745 34 17 m.

411 863 194 38 Utldtande
632 866 14 35 i
672 867 198 49 anledning
893 869 46 48 af
967 869 95 37 vissa
1091 871 171 37 motioner
1288 885 56 24 om
1373 873 202 50 ändringar
1602 875 15 36 i
1639 876 175 48 gällande

599 933 221 51 förordning
860 937 185 47 angående
1082 939 221 49 försäljning
1343 942 45 45 af
1424 941 58 36 vin
1523 943 61 36 och
1626 944 33 36 öl
1695 945 68 36 den
1790 946 24 36 9

596 1002 89 47 juni
710 1003 110 36 1905.

300 1150 262 51 Lagutskottet
602 1155 66 35 har
707 1156 58 35 till
805 1156 228 50 behandling
1072 1160 12 33 i
1113 1164 52 31 ett
1193 1161 264 49 sammanhang
1498 1161 161 38 förehaft
1690 1165 121 35 nedan

199 1204 164 47 intagna,
404 1205 102 35 inom
533 1204 129 37 Andra
689 1206 213 37 kammaren
928 1210 138 43 väckta,
1094 1211 58 34 till
1180 1212 180 35 utskottet
1388 1212 199 37 hänvisade
1615 1211 194 50 motioner,

198 1254 189 49 nämligen
414 1268 45 22 nr
488 1257 46 34 24
562 1255 39 37 af
626 1257 86 35 herr
740 1257 168 49 Hagberg
935 1273 47 21 m.
1015 1260 49 44 f.,
1093 1274 45 22 nr
1166 1263 45 34 78
1241 1261 41 36 af
1305 1262 84 36 herr
1415 1263 158 37 Jonsson
1601 1267 12 33 i
1640 1265 169 38 Hökhult

198 1319 48 22 m.
275 1306 50 44 f.,
353 1319 45 22 nr
427 1308 45 34 97
501 1306 40 36 af
565 1308 85 35 herr
676 1307 154 46 Norlén,
859 1323 45 22 nr
933 1312 69 35 106
1032 1310 40 36 af
1095 1312 85 36 herr
1209 1311 125 50 Staaff
1355 1328 48 21 m.
1432 1315 49 45 £fl.,
1510 1329 45 22 nr
1580 1318 70 35 113
1672 1317 40 35 af
1727 1318 84 35 herr

199 1354 218 51 Söderbergh
436 1359 13 34 i
468 1358 221 36 Karlshamn
709 1373 47 22 m.
772 1361 49 42 £.,
847 1366 93 30 samt
958 1375 45 22 nr
1024 1364 69 34 115
1114 1362 39 36 af
1170 1364 85 35 herr
1273 1364 184 37 Beckman
1476 1380 47 22 m.
1544 1367 50 44 fl.,
1615 1367 195 50 åsyftande

199 1407 201 48 ändringar
427 1409 13 35 i
467 1410 171 47 gällande
665 1410 222 50 förordning
914 1413 187 47 angående
1129 1413 220 51 försäljning
1376 1416 39 36 af
1439 1418 64 35 vin
1531 1419 67 35 och
1627 1420 46 34 ol.

298 1509 96 36 Herr
422 1510 168 49 Hagberg
617 1525 47 21 m.
693 1513 37 34 f.
759 1512 107 37 hafva
892 1515 12 34 i
932 1516 57 34 sin
1016 1517 143 35 motion
1186 1517 198 44 hemställt,
1806 1536 62 24 Herr
1881 1536 128 33 Hagbergs

297 1566 53 30 att
376 1561 210 48 Riksdagen
613 1563 85 35 ville
724 1563 155 44 besluta,
908 1570 53 30 att
987 1579 109 23 mom.
1127 1569 19 33 2
1176 1569 56 34 uti
1259 1565 57 49 $9
1338 1568 39 36 af
1392 1570 126 48 kungl.
1536 1570 303 50 förordningen'"
1863 1571 24 23 fl
1907 1571 100 25 motion.

196 1612 190 47 angående
414 1610 222 51 försäljning
663 1613 40 36 af
727 1616 63 34 vin
818 1616 69 34 och
914 1617 34 34 öl
976 1621 113 32 måtte
1117 1631 45 22 ur
1189 1617 268 50 förordningen
1486 1625 100 45 utgå.

298 1662 73 35 Till
411 1663 83 35 stöd
533 1663 58 36 för
631 1664 119 36 denna
789 1666 220 36 hemställan
1045 1667 109 37 hafva
1193 1671 275 35 motionärerna
1494 1672 176 48 åberopat
1696 1676 111 33 moti-

195 1713 178 48 veringen
413 1715 13 33 i
454 1726 45 23 en
528 1713 41 36 af
601 1714 83 36 dem
711 1717 106 35 väckt
845 1718 151 44 motion,
1025 1732 45 22 nr
1098 1721 58 43 23,
1186 1732 60 23 om
1275 1721 140 36 ändrad
1441 1722 140 49 lydelse
1608 1723 40 36 af
1675 1726 44 35 16
1749 1721 57 50 $i

195 1763 487 51 brännvinsförordningen,
712 1766 79 36 däri
819 1770 272 35 motionärerna
1118 1770 137 36 anfört:

301 1811 18 58 >»
320 1815 168 35 Allmänt
527 1816 105 35 torde
658 1830 86 22 vara
771 1818 114 36 kändt
913 1820 68 35 och
1009 1821 166 44 erkändt,
1204 1826 54 31 att
1287 1822 70 36 den
1385 1824 251 49 utskänkning
1663 1825 39 35 af
1726 1839 81 23 rus-

195 1865 167 48 drycker,
396 1879 78 22 som
506 1867 206 36 merendels
741 1876 86 40 äger
854 1883 82 22 rum
965 1873 20 32 å
1011 1874 85 33 våra
1123 1872 370 51 passagerarefartyg,
1520 1875 143 37 medför
1682 1890 45 22 en
1747 1877 60 36 del

195 1915 99 36 faror
334 1917 68 35 och
442 1918 240 47 olägenheter
721 1920 79 35 icke
840 1920 94 36 blott
962 1920 57 37 för
1051 1921 108 46 befäl,
1189 1923 212 50 besättning
1428 1927 67 34 och
1523 1939 235 36 passagerare
1786 1932 20 32 å

194 1967 160 35 nämnda
382 1967 124 50 fartyg
533 1973 90 31 utan
651 1969 108 37 äfven
786 1970 58 36 för
871 1971 262 50 befolkningen
1161 1977 47 45 på
1235 1975 68 35 och
1329 1976 13 34 i
1369 1976 178 36 närheten
1575 1977 40 36 af
1640 1978 44 35 de
1712 1980 94 47 plat-

195 2030 68 32 ser,
292 2030 77 23 som
398 2018 40 36 af
463 2018 104 37 dessa
598 2020 183 49 »flytande
810 2022 153 48 krogar»
995 2025 161 47 anlöpas.

293 2069 146 49 Mycket
480 2071 118 35 skulle
637 2072 126 35 kunna
799 2072 146 37 anföras
978 2073 58 37 för
1072 2080 53 31 att
1152 2076 175 50 bestyrka
1354 2078 100 35 detta
1481 2080 209 47 påstående,
1719 2094 84 22 men

193 2120 36 34 vi
257 2120 89 47 vilja
372 2121 86 47 nöja
485 2133 58 23 oss
571 2122 85 35 med
683 2128 53 30 att
764 2125 114 34 citera
905 2131 260 30 sammansatta
1192 2127 242 50 bevillnings-
1454 2130 67 36 och
1540 2130 263 49 lagutskottets

194 2170 192 36 uttalande
414 2172 127 35 härom
569 2172 64 36 vid
660 2172 149 38 förlidet
838 2178 57 32 års
923 2176 158 49 riksdag,
1111 2177 45 36 då
1182 2176 130 51 frågan
1339 2180 13 34 i
1379 2181 201 49 anledning
1606 2181 39 36 af
1662 2184 140 34 motion

194 2221 84 36 utaf
310 2222 85 35 herr
427 2222 34 36 J.
491 2223 172 49 Byström
690 2230 122 30 senast
839 2239 64 23 var
930 2226 89 36 före.
1073 2228 190 37 Utskottet
1289 2231 148 48 yttrade
1465 2232 47 35 då
1537 2232 114 36 bland
1678 2239 123 30 annat:

197 2271 91 37 »Det
314 2272 107 37 torde
448 2286 88 24 vara
563 2275 247 49 obestridligt,
839 2282 53 30 att
920 2278 71 36 den
1019 2280 343 48 utskänkningsrätt
1390 2285 20 32 å
1428 2284 370 49 passagerarefartyg,

292 2337 66 26 Bih.
376 2337 43 25 till
435 2337 97 27 Rilsd.
551 2338 73 27 Prot.
645 2339 85 26 1910.
769 2340 15 25 7
803 2340 85 27 Saml.
923 2343 16 25 1
958 2342 68 32 Afd.
1062 2342 40 26 36
1120 2343 79 33 Häft.
1242 2345 59 31 (Nr
1319 2344 59 35 38.)
1685 2349 13 24 1
