1890 2842
505 151 302 32 Bankoutskottets
834 146 175 33 utlåtande
1034 145 48 32 Nr
1111 145 48 29 11.
1560 133 19 30 3

120 241 130 31 Chefen
271 240 54 31 för
344 236 418 37 handelsdepartementet
781 234 65 29 har
867 231 116 31 anfört
1005 230 9 29 i
1034 228 185 32 huvudsak
1239 225 170 38 följande:

120 293 146 31 Jämlikt
287 290 200 31 nuvarande
507 287 150 37 grunder
677 285 139 37 utginge
836 283 154 31 förutom
1012 280 143 38 pension
1177 279 50 30 till
1249 277 207 37 sjömännen
1477 274 103 36 enligt

77 336 171 31 särskilda
266 332 257 33 bestämmelser
541 328 79 32 från
639 327 291 32 handelsflottans
951 322 290 39 pensionsanstalt
1259 319 131 37 jämväl
1409 318 91 30 vissa
1518 326 61 21 un-

78 379 139 30 derstöd
240 376 78 32 från
344 374 276 38 sjömanshusen.
682 370 102 36 Enligt
808 378 42 21 av
879 369 84 29 1938
988 366 55 31 års
1068 365 141 35 riksdag
1234 363 158 37 godtaget
1417 360 128 36 förslag
1571 358 9 29 i

78 420 213 39 proposition
315 428 41 21 nr
381 418 63 30 210
471 416 108 31 skulle
604 412 80 32 från
710 413 65 31 och
799 411 80 31 med
905 411 66 30 den
999 410 14 29 1
1040 408 64 37 juli
1131 407 84 30 1939
1239 415 42 21 en
1306 402 274 36 rationalisering

78 475 42 20 av
147 462 232 33 omförmälda
406 459 175 39 pensions-
608 457 66 31 och
701 451 428 35 understödsverksamhet
1156 451 64 35 äga
1247 457 76 21 rum
1352 446 156 35 sålunda,
1532 446 49 29 att

78 508 66 30 den
169 506 59 31 vid
252 504 266 38 sjömanshusen
542 500 167 31 bedrivna
733 494 474 35 understödsverksamheten
1232 489 246 33 samordnades
1502 487 79 31 med

79 549 263 32 verksamheten
367 546 58 31 vid
449 543 290 33 handelsflottans
764 537 291 41 pensionsanstalt
1080 536 51 30 till
1157 544 42 21 en
1225 532 44 39 på
1294 530 287 38 försäkringstek-

79 593 101 30 niska
202 590 149 38 grunder
372 587 187 38 uppbyggd
580 583 252 39 pensionering,
856 582 11 30 i
889 582 77 30 dess
987 580 116 30 helhet
1125 576 190 32 handhavd
1337 584 43 22 av
1401 574 181 31 anstalten.

81 636 64 30 Vid
171 635 43 31 de
238 632 231 36 beräkningar
494 639 42 21 av
560 627 278 32 medelsbehovet
862 624 57 31 för
945 621 344 40 pensionsanstalten,
1315 627 77 22 som
1419 617 88 36 legat
1532 615 51 31 till

80 678 112 36 grund
209 677 57 30 för
281 675 201 35 riksdagens
499 672 120 35 beslut,
639 670 90 31 hade
747 669 191 33 förutsatts,
957 668 58 33 att,
1033 665 120 30 utöver
1171 661 201 32 nuvarande
1389 660 120 35 anslag
1527 667 56 21 av-

81 720 137 31 seende:
243 718 120 37 bidrag
387 717 51 30 till
461 713 336 39 pensionsanstalten
824 709 139 36 140,000
988 708 138 34 kronor,
1152 703 208 37 förbättring
1385 712 42 21 av
1452 700 132 39 pensio-

82 763 164 36 neringen
271 761 94 30 inom
389 758 115 37 fjärde
528 757 137 30 klassen
690 754 118 35 35,000
834 753 140 33 kronor,
1000 748 207 36 förbättring
1232 756 42 21 av
1300 744 284 39 pensioneringen

83 806 94 30 inom
201 805 43 30 de
266 807 50 27 tre
338 802 110 31 första
471 801 178 29 klasserna
672 796 119 37 31,000
815 796 140 33 kronor,
979 790 318 39 tilläggspensioner
1320 788 112 31 under
1456 789 46 28 ett
1526 786 58 30 ka-

84 846 157 33 lenderår
263 845 136 36 125,000
419 844 129 30 kronor
566 843 90 29 samt
674 837 237 39 uppflyttning
930 845 43 22 av
992 834 90 31 vissa
1100 833 281 38 pensionstagare
1399 828 80 32 från
1497 828 88 32 tred-

83 891 33 36 je
139 891 52 30 till
215 889 109 31 andra
348 888 138 30 klassen
511 884 94 37 5,000
631 884 130 29 kronor
785 882 82 29 eller
892 877 230 36 sammanlagt
1146 875 141 36 336,000
1312 874 140 34 kronor,
1478 871 108 31 skulle

82 932 83 38 utgå
187 935 47 28 ett
255 929 194 40 ytterligare
471 928 124 36 belopp
618 935 43 21 av
684 923 197 32 statsmedel
904 921 20 31 å
948 920 139 36 200,000
1111 919 130 30 kronor
1263 916 54 31 för
1340 915 49 32 år.
1436 914 150 31 Statsan-

83 976 107 36 slaget
216 973 110 32 skulle
349 970 100 32 alltså
472 969 121 37 utgöra
617 967 146 36 tillhopa
790 964 141 35 536,000
955 963 138 34 kronor,
1119 959 76 32 däri
1219 958 106 32 likväl
1348 957 31 38 ej
1405 957 178 30 inräknats

83 1018 120 36 anslag
222 1016 51 31 till
291 1014 187 32 anstaltens
496 1007 425 39 förvaltningskostnader.

129 1062 14 30 I
164 1060 163 31 skrivelse
344 1059 67 30 den
431 1057 41 30 30
493 1054 134 38 augusti
649 1054 85 29 1938
752 1051 90 31 hade
862 1049 216 31 direktionen
1098 1047 81 30 över
1198 1043 289 38 handelsflottans
1508 1050 79 29 pen-

86 1101 222 32 sionsanstalt
324 1100 164 35 framlagt
505 1097 128 36 förslag
652 1096 10 30 i
680 1094 98 37 fråga
797 1103 56 21 om
870 1092 122 35 anslag
1009 1090 51 30 till
1078 1087 336 40 pensionsanstalten
1430 1085 57 31 för
1503 1084 85 37 bud-

86 1145 129 38 getåret
236 1138 148 42 1939/40,
403 1141 106 31 vilket
526 1139 129 36 förslag
674 1137 10 31 i
704 1137 67 30 vad
789 1136 56 30 det
863 1133 125 37 avsåge
1006 1132 121 36 bidrag
1145 1130 52 31 till
1216 1128 284 39 pensioneringen
1519 1127 71 30 helt

87 1186 277 33 överensstämde
385 1184 80 30 med
485 1183 67 30 vad
571 1180 149 32 sålunda
740 1179 168 30 beslutats
927 1176 58 30 vid
1008 1175 83 30 1938
1113 1173 56 31 års
1191 1172 149 36 riksdag.
1385 1171 65 31 Det
1470 1169 120 31 härför

87 1231 131 31 äskade
239 1229 169 36 beloppet,
433 1225 139 36 536,000
595 1224 139 34 kronor,
758 1223 115 35 syntes
896 1217 100 33 alltså
1017 1218 85 30 böra
1125 1215 137 32 anvisas
1285 1213 21 32 å
1328 1213 185 31 riksstaten
1535 1211 56 31 för

89 1275 100 30 nästa
217 1270 177 38 budgetår.
447 1268 74 30 Vad
550 1265 123 37 frågan
704 1274 56 21 om
791 1259 465 38 förvaltningskostnaderna
1285 1255 196 32 beträffade
1511 1262 80 23 vore

89 1316 142 31 ärendet
256 1315 93 30 ännu
375 1312 75 30 icke
475 1310 9 30 i
510 1310 55 30 det
591 1308 108 35 skick,
726 1309 48 28 att
800 1305 129 36 slutligt
955 1303 129 36 förslag
1109 1301 117 31 kunde
1251 1298 231 32 underställas
1505 1297 85 30 riks-

89 1360 121 35 dagen.

135 1433 116 32 Under
273 1430 220 38 åberopande
515 1438 41 21 av
579 1428 66 30 vad
669 1425 147 32 sålunda
838 1423 134 32 anförts
995 1423 64 29 har
1082 1417 379 41 departementschefen
1485 1416 107 31 föror-

91 1486 68 35 dat,
182 1484 68 31 vad
271 1480 106 39 angår
400 1481 153 35 anslaget
574 1479 51 30 till
647 1477 122 36 bidrag
793 1475 48 31 till
864 1472 296 40 pensioneringen,
1185 1473 49 28 att
1256 1470 153 35 anslaget
1432 1468 55 30 för
1508 1466 84 31 bud-

91 1535 128 38 getåret
240 1528 137 42 1939/40
397 1534 167 34 upptages
583 1529 79 30 med
682 1530 46 28 ett
747 1527 125 35 belopp
894 1534 42 21 av
957 1523 139 36 536,000
1116 1523 139 29 kronor.

138 1636 179 34 Utskottet,
340 1643 73 21 som
434 1632 74 30 icke
528 1631 64 30 har
613 1628 103 38 något
737 1630 48 28 att
805 1627 113 30 erinra
940 1627 71 28 mot
1030 1622 235 36 beräkningen
1287 1630 42 21 av
1350 1619 169 37 anslagets
1539 1618 55 30 be-

93 1689 81 36 lopp
195 1687 56 30 för
271 1683 288 33 nästkommande
581 1678 176 38 budgetår,
779 1677 209 34 hemställer,

448 1770 48 28 att
522 1766 183 35 riksdagen
731 1762 58 32 må
814 1763 50 30 till
889 1759 299 38 Handelsflottans
1214 1754 302 41 pensionsanstalt:
1543 1753 54 31 Bi-

404 1819 84 36 drag
507 1818 49 30 till
575 1815 287 39 pensioneringen
881 1812 56 31 för
955 1809 201 38 budgetåret
1177 1804 136 42 1939/40
1334 1806 121 32 anvisa
1474 1807 46 29 ett
1539 1814 58 21 an-

406 1871 71 34 slag
494 1878 41 21 av
552 1867 141 35 536,000
711 1866 138 30 kronor.

144 2023 69 39 3:0)
264 2020 203 36 Ersättning
494 2019 55 30 för
576 2017 111 31 skada
715 2015 52 31 till
794 2013 91 38 följd
912 2023 44 21 av
984 2010 197 39 olycksfall,
1209 2018 76 23 som
1313 2007 219 32 förorsakats
1557 2014 43 22 av

100 2072 370 40 krigsförhållandena
494 2069 112 31 under
633 2066 219 32 1914—1919
878 2063 58 32 års
963 2061 207 37 världskrig.
1220 2060 78 30 Med
1324 2057 210 32 biträdande
1559 2066 42 21 av

103 2126 122 35 Kungl.
248 2124 116 35 Maj:ts
386 2121 111 32 under
517 2120 155 37 punkten
694 2119 40 29 22
757 2115 219 32 framställda
999 2114 127 35 förslag
1148 2111 54 32 får
1220 2112 165 30 utskottet
1408 2108 192 34 hemställa,

457 2209 48 27 att
539 2204 184 34 riksdagen
758 2201 56 30 må
850 2201 49 30 till
938 2198 196 36 Ersättning
1161 2197 54 37 för
1239 2194 109 31 skada
1372 2194 51 30 till
1447 2192 86 39 följd
1560 2201 42 21 av

414 2256 192 37 olycksfall,
628 2263 73 21 som
720 2252 215 38 förorsakats
954 2260 41 20 av
1012 2246 362 40 krigsförhållandena
1392 2244 108 31 under
1520 2243 82 31 1914

413 2327 26 2 —
457 2307 87 29 1919
570 2306 55 29 års
653 2303 203 36 världskrig,
882 2302 54 29 för
949 2299 201 35 budgetåret
1177 2292 137 41 1939/40
1329 2295 120 31 anvisa
1463 2297 45 27 ett
1536 2294 68 37 för-

413 2357 211 37 slagsanslag
646 2364 42 20 av
710 2354 119 34 45,000
851 2353 139 29 kronor.

1645 1625 127 25 Utskottet.
