1906 2802
289 132 18 29 6
663 136 394 38 Bevillningsutskottets
1078 139 216 31 betänkande
1315 140 47 30 Nr
1387 141 48 30 18.

291 217 90 37 ning,
403 228 74 21 som
500 219 103 36 följer
624 230 42 20 av
687 220 305 32 bestämmelserna
1015 222 9 30 i
1058 223 6 29 I
1089 231 102 22 mom.
1215 224 64 29 här
1301 224 113 30 nedan
1434 241 45 4 —
1501 234 100 22 svara
1622 226 55 30 för
1699 227 94 30 täck-

289 268 82 37 ning
396 279 41 20 av
463 270 154 36 bolagets
643 271 54 30 för
721 280 135 22 samma
883 272 221 37 tillverkning
1130 274 64 29 och
1221 274 207 37 försäljning
1454 276 117 30 havda
1597 276 195 32 kostnader.

290 318 128 32 Därvid
439 320 100 31 skola
562 321 137 31 särskilt
720 322 115 30 nedan
857 323 148 35 angivna
1029 324 148 35 grunder
1199 325 181 36 iakttagas.

335 372 15 28 1
374 378 103 24 mom.
510 370 134 31 Statens
666 374 135 34 garanti
824 373 53 30 för
898 374 165 36 täckning
1084 383 42 21 av
1146 375 153 36 bolagets
1321 376 187 30 kostnader
1531 377 164 32 omfattar
1718 378 75 31 icke

288 420 330 37 kostnadsposterna
646 422 194 38 underhåll,
867 424 263 37 avskrivningar
1158 425 20 31 å
1205 426 210 36 fastigheter,
1444 428 177 31 maskiner
1649 430 64 30 och
1744 430 48 29 in-

289 471 177 37 ventarier,
493 472 129 30 skatter
646 472 49 31 till
720 475 67 29 stat
811 475 65 29 och
900 475 170 30 kommun
1094 476 64 30 och
1182 476 51 30 till
1258 477 305 38 bolagsstyrelsens
1587 479 66 31 fria
1678 480 114 37 dispo-

287 522 102 30 sition
412 521 142 33 stående
577 524 119 36 medel,
722 527 86 28 utan
832 526 87 29 skall
942 526 137 37 bolaget
1102 526 101 37 självt
1227 528 102 31 täcka
1353 529 99 31 dessa
1476 529 142 37 utgifter
1639 534 73 28 mot
1737 531 56 31 det

288 574 49 27 att
358 572 134 36 bolaget
515 574 79 35 äger
616 574 253 36 tillgodoräkna
890 576 49 35 sig
962 579 47 27 ett
1031 577 125 37 belopp
1178 587 42 21 av
1243 578 66 29 4.45
1332 579 58 29 öre
1411 578 55 31 för
1490 579 95 37 varje
1607 581 109 29 under
1738 582 53 29 rä-

287 621 249 37 kenskapsåret
559 625 10 30 i
593 623 96 37 fråga
712 624 173 32 tillverkat
907 626 171 36 kilogram
1101 627 170 31 råsocker.
1308 628 111 37 Sagda
1443 630 125 30 örestal
1592 630 65 30 blir
1681 631 110 31 bestå-

287 673 87 30 ende
399 676 132 29 oavsett
557 674 273 37 produktionens
857 677 137 30 storlek.

332 723 77 31 Med
434 724 138 36 hänsyn
599 725 49 30 till
676 727 67 29 vad
769 725 146 32 sålunda
940 728 166 30 bestämts
1132 729 150 31 rörande
1307 730 106 30 bland
1441 734 108 27 annat
1576 731 214 31 underhålls-

287 773 185 31 kostnader
498 776 81 35 äger
603 776 135 36 bolaget
765 776 75 31 icke
865 780 49 27 att
939 777 21 31 å
985 779 110 30 andra
1121 779 132 31 konton
1285 779 126 40 (såsom
1437 781 278 38 förnödenheter,
1743 784 47 29 lö-

286 832 61 21 ner
371 834 44 21 m.
440 824 50 40 fl.)
522 826 183 36 överflytta
728 828 69 29 vad
822 837 73 21 som
919 838 41 20 av
985 829 136 36 bolaget
1144 830 121 31 hittills
1291 832 115 35 plägat
1430 832 167 32 bokföras
1621 832 20 32 å
1665 834 125 30 under-

285 873 212 34 hållskontot
521 877 66 29 och
612 877 30 37 ej
669 878 107 30 heller
801 881 49 28 att
874 886 123 28 genom
1023 879 250 38 påskyndande
1298 881 158 37 åtgärder
1481 883 221 31 beträffande
1727 895 62 20 un-

285 924 131 32 derhåll
436 927 66 29 och
523 927 315 38 nyanskaffningar
858 928 20 31 å
896 929 72 31 året
991 927 139 34 1940/41
1153 932 159 30 överföra
1331 933 67 30 vad
1417 942 76 21 som
1513 935 150 30 normalt
1682 935 109 31 borde

285 975 141 32 komma
448 976 88 31 först
558 977 21 31 å
601 978 71 31 året
698 976 153 34 1941/42.

331 1026 113 30 Under
470 1028 273 38 avskrivningar,
772 1039 75 21 som
875 1030 10 30 i
910 1031 93 31 detta
1031 1036 153 27 moment
1210 1042 108 28 avses,
1346 1034 97 31 skola
1470 1035 187 31 innefattas
1685 1039 103 27 samt-

284 1076 66 36 liga
376 1078 501 40 anläggningsavskrivningar,
903 1091 74 21 som
1003 1082 123 32 beröra
1151 1084 283 38 sockerrörelsen,
1461 1089 91 27 samt
1577 1086 99 31 alltså
1701 1086 87 37 jäm-

284 1127 55 30 väl
359 1127 140 38 sådana,
522 1139 75 21 som
618 1139 78 21 avse
717 1130 388 40 sirapstillverkningen,
1126 1134 202 36 kolkranen,
1350 1135 304 37 cisternvagnarna
1675 1147 44 20 m.
1742 1147 46 21 m.

284 1178 66 30 och
374 1178 91 31 vilka
489 1179 153 31 tillförne
666 1181 132 31 avförts
822 1182 74 31 före
919 1183 175 32 bokslutet
1118 1183 20 31 å
1161 1185 193 36 respektive
1378 1186 143 31 konton.

328 1227 136 33 Sådana
487 1230 142 36 utgifter
652 1240 75 21 som
751 1231 106 37 gåvor
879 1234 51 29 till
953 1233 244 37 filantropiska
1221 1235 142 37 företag,
1389 1237 190 31 understöd
1602 1238 49 31 till
1676 1238 111 32 forsk-

283 1279 82 36 ning
383 1283 90 27 samt
490 1281 201 31 överhuvud
711 1284 91 34 taget
820 1282 129 32 sådana
967 1286 122 35 anslag
1106 1285 49 31 till
1173 1285 249 38 utomstående,
1444 1297 75 21 som
1539 1288 30 37 ej
1590 1289 88 31 hava
1697 1299 89 21 sam-

282 1328 94 32 band
400 1331 80 30 med
505 1332 283 37 sockerrörelsen,
815 1333 37 30 få
876 1334 30 36 ej
932 1335 132 30 belasta
1089 1345 41 20 av
1155 1338 111 29 staten
1290 1339 227 34 garanterade
1543 1339 243 38 kostnadspos-

281 1381 51 28 ter
356 1381 140 30 utanför
520 1390 120 23 ramen
664 1392 42 21 av
730 1384 57 29 det
811 1384 135 37 belopp,
971 1395 76 21 som
1070 1386 135 37 bolaget
1228 1387 138 37 jämlikt
1390 1398 48 21 nu
1462 1390 228 31 förevarande
1714 1400 72 21 mo-

282 1434 94 27 ment
399 1431 109 31 första
531 1433 133 36 stycket
687 1434 79 36 äger
790 1435 254 36 tillgodoräkna
1068 1436 58 37 sig.

325 1483 20 29 2
369 1491 102 23 mom.
505 1484 225 31 Beträffande
754 1486 42 30 de
819 1487 137 36 värden,
981 1488 114 30 vartill
1114 1489 94 36 lager
1228 1499 43 21 av
1295 1490 137 31 bränsle
1453 1492 66 29 och
1541 1492 109 31 andra
1671 1492 117 31 förnö-

280 1532 165 32 denheter
459 1534 57 31 må
535 1538 169 34 upptagas
722 1536 11 30 i
749 1537 173 31 bokslutet
937 1539 67 29 den
1020 1539 40 30 31
1079 1538 62 37 juli
1159 1540 94 36 1942,
1272 1541 87 30 skall
1377 1542 100 36 gälla,
1495 1545 49 28 att
1559 1543 229 37 räkenskaps-

281 1582 89 32 årets
390 1585 83 30 drift
493 1585 32 37 ej
548 1585 56 31 får
623 1586 141 36 påföras
784 1589 105 35 högre
908 1589 189 31 kostnader
1114 1590 56 31 för
1191 1592 192 35 respektive
1403 1602 93 27 vara,
1517 1594 46 30 än
1583 1596 49 28 att
1652 1595 136 36 bolaget

280 1634 70 31 kan
372 1653 43 3 —
435 1636 80 30 med
540 1638 194 35 antagande
757 1648 43 21 av
821 1641 48 28 att
893 1640 65 29 den
981 1640 169 36 utgående
1173 1642 339 38 lagerbehållningen
1538 1654 43 21 av
1605 1654 105 22 varan
1736 1646 51 30 till

280 1686 171 30 storleken
476 1688 263 31 sammanfaller
763 1690 80 30 med
869 1690 65 30 den
956 1691 170 36 ingående
1149 1709 44 4 —
1216 1692 111 32 åsätta
1350 1697 46 27 ett
1420 1695 111 36 dylikt
1557 1693 232 44 normallager

280 1745 134 23 samma
429 1738 119 36 å-pris,
566 1748 74 21 som
655 1740 82 36 gällt
754 1740 57 30 för
827 1741 56 30 det
899 1741 177 37 ingående.
1095 1742 76 31 Med
1187 1743 169 37 ingående
1372 1746 93 36 lager
1481 1747 66 29 och
1564 1747 222 36 lagervärden

281 1786 125 31 förstås
426 1788 65 30 här
512 1789 52 36 de,
586 1798 73 21 som
680 1789 154 37 förelågo
855 1791 65 31 den
941 1794 15 28 1
979 1793 136 36 augusti
1139 1794 92 30 1939.

325 1838 120 32 Därest
470 1840 109 36 lagret
603 1850 42 21 av
666 1840 115 38 någon
803 1842 11 30 i
837 1843 91 30 detta
951 1847 155 28 moment
1128 1846 127 30 avsedd
1279 1856 83 21 vara
1384 1847 66 30 den
1474 1848 40 30 31
1541 1848 63 36 juli
1629 1850 82 30 1942
1735 1850 51 30 till

279 1888 211 32 kvantiteten
508 1892 185 36 överstiger
711 1893 57 30 det
787 1893 166 36 ingående
972 1895 109 36 lagret
1098 1896 65 30 den
1185 1897 13 29 1
1224 1897 135 36 augusti
1384 1898 92 36 1939,
1496 1900 89 30 skall
1606 1900 64 30 den
1689 1902 95 29 över-

279 1939 185 36 skjutande
489 1941 100 31 delen
616 1942 166 32 bokföras
811 1944 49 30 till
887 1944 64 30 den
976 1946 113 29 under
1114 1946 290 37 räkenskapsåret
1430 1950 278 38 genomsnittliga
1734 1952 50 30 in-

278 1990 293 36 köpskostnaden.

324 2041 70 30 Där
415 2042 107 36 lagret
542 2053 42 20 av
608 2043 111 37 någon
743 2045 10 30 i
776 2045 91 31 detta
887 2050 154 28 moment
1064 2048 125 30 avsedd
1213 2058 83 21 vara
1317 2050 65 30 den
1402 2051 39 29 31
1464 2051 65 36 juli
1555 2052 82 30 1942
1659 2054 124 30 under-

277 2092 103 36 stiger
399 2093 54 30 det
474 2094 67 29 den
567 2095 13 29 1
606 2096 134 34 augusti
764 2096 83 30 1939
868 2096 213 38 förefintliga
1104 2100 260 36 normallagrets
1387 2102 138 36 storlek,
1549 2103 86 30 skall
1655 2104 127 30 beträf-

276 2141 106 32 fande
404 2144 237 31 underskottet
662 2146 66 29 den
750 2156 24 20 s.
798 2147 32 30 k.
854 2148 481 39 rekonstruktionsprincipen
1358 2151 185 38 tillämpas.
1568 2154 99 31 Detta
1687 2155 95 30 inne-

276 2193 64 30 bär
364 2194 10 29 i
401 2195 196 36 huvudsak,
625 2199 48 27 att
698 2197 55 30 för
780 2197 301 39 återanskaffning
1110 2210 42 20 av
1180 2201 65 30 den
1271 2202 175 31 bristande
1475 2200 307 45 lagerkvantiteten

275 2244 99 36 skall,
402 2245 4 29 i
429 2246 304 32 mellanhavandet
756 2249 129 30 mellan
909 2252 110 28 staten
1043 2251 65 29 och
1129 2251 135 37 bolaget
1288 2253 103 36 enligt
1415 2254 94 30 detta
1531 2255 173 35 kontrakt,
1727 2265 54 28 ge-

276 2303 82 21 nom
381 2295 195 38 belastning
600 2307 42 20 av
667 2297 89 31 årets
783 2299 83 30 drift
891 2301 150 30 avsättas
1067 2301 37 31 så
1129 2304 83 29 stort
1236 2303 137 37 belopp,
1401 2307 49 28 att
1474 2305 57 30 det
1556 2323 43 4 —
1626 2307 78 29 med
1728 2310 52 28 ut-

275 2344 219 37 gångspunkt
515 2347 80 31 från
618 2347 20 31 å
660 2357 64 23 ena
745 2349 100 31 sidan
867 2351 54 29 det
943 2351 56 30 vid
1023 2352 308 32 bokslutstillfället
1354 2355 159 36 gällande
1535 2356 204 36 dagsvärdet
1761 2357 21 32 å

275 2405 106 21 varan
407 2398 65 29 och
496 2397 20 31 å
540 2399 109 30 andra
671 2399 99 31 sidan
794 2401 57 29 det
875 2400 168 37 ingående
1067 2403 172 31 bokförda
1261 2405 141 36 å-priset
1427 2405 21 31 å
1471 2407 244 37 normallagret
1737 2425 45 6 —

274 2446 127 31 förslår
425 2447 55 31 för
503 2448 125 37 lagrets
654 2449 327 38 återuppbyggande
1008 2453 51 29 till
1083 2455 358 32 normalkvantiteten.
1468 2457 49 29 Av
1544 2457 65 31 vad
1634 2458 146 33 sålunda
