1858 2780
284 147 38 28 10
627 151 285 33 Statsutskottets
931 156 178 32 utlåtande
1128 169 43 19 nr
1190 160 62 30 128
1271 161 39 30 år
1329 162 82 30 1957

280 234 100 31 Olika
399 237 131 38 förslag
549 248 55 20 om
622 249 165 23 examens
805 244 160 31 närmare
986 246 216 39 utformning
1221 250 64 29 har
1302 252 88 29 dock
1410 253 192 32 framförts.
1621 256 143 30 Liksom

279 279 122 31 hittills
424 282 64 29 bör
510 283 111 31 denna
644 294 146 22 examen
815 288 115 30 finnas
954 290 55 29 för
1032 292 197 38 utbildning
1252 304 42 20 av
1316 296 86 30 bl.a.
1427 297 159 32 blivande
1610 300 152 36 domare,

278 324 160 37 åklagare
463 327 9 28 i
497 327 103 37 högre
624 329 298 41 tjänsteställning
946 335 65 29 och
1035 336 199 32 advokater.
1260 339 110 30 Sedan
1394 343 167 34 gammalt
1586 344 62 29 har
1673 345 90 36 juris

278 368 313 34 kandidatexamen
609 377 134 27 ansetts
761 385 81 21 vara
862 386 41 21 en
923 378 143 39 lämplig
1086 390 145 22 examen
1250 384 85 29 även
1355 385 53 29 för
1427 386 89 36 dem,
1537 397 72 20 som
1629 389 61 36 går
1710 390 52 29 till

277 414 149 36 tjänster
445 416 95 30 inom
560 418 43 29 bl.
625 428 28 20 a.
675 420 362 40 statsförvaltningen.
1057 425 137 31 Sådana
1213 428 150 36 tjänster
1381 431 98 29 torde
1498 431 129 36 jämväl
1648 435 9 27 i
1678 434 85 29 fort-

277 458 196 38 sättningen
494 461 139 31 komma
655 466 51 28 att
728 465 8 29 i
759 467 70 28 stor
851 469 242 37 utsträckning
1114 471 197 37 rekryteras
1332 475 76 28 med
1430 475 91 36 juris
1543 477 217 32 kandidater.

319 512 180 32 Huruvida
521 515 56 30 det
598 517 56 29 vid
679 519 101 29 sidan
802 529 41 20 av
863 521 91 36 juris
977 522 316 33 kandidatexamen
1315 528 61 29 bör
1399 529 118 30 finnas
1540 540 41 20 en
1604 528 155 43 examen,

275 565 72 20 som
367 567 99 21 avser
488 569 42 20 en
551 561 229 32 kombinerad
801 564 152 36 juridisk
975 568 65 29 och
1062 569 407 41 samhällsvetenskaplig
1491 575 206 41 utbildning,
1722 578 38 29 är

274 610 41 20 en
334 602 105 37 fråga,
459 605 74 28 vari
552 606 229 37 meningarna
800 610 87 29 varit
906 611 131 30 delade.

317 655 63 30 Vid
402 657 75 29 min
500 660 162 29 anmälan
686 661 9 28 i
720 661 158 37 fjolårets
901 666 410 38 statsverksproposition
1333 680 42 20 av
1397 671 123 37 frågan
1543 683 55 20 om
1622 684 42 20 en
1687 685 71 20 om-

273 699 159 38 läggning
460 711 44 20 av
531 703 65 30 den
623 704 177 36 juridiska
828 708 62 29 och
920 710 430 41 samhällsvetenskapliga
1379 717 241 37 utbildningen
1649 721 109 36 ansåg

272 743 66 37 jag,
360 747 49 27 att
432 746 67 30 den
520 749 199 36 ytterligare
742 751 187 39 beredning
951 764 43 19 av
1015 756 150 35 ärendet,
1190 767 74 20 som
1287 759 57 37 jag
1367 761 41 29 då
1433 761 85 30 fann
1541 763 214 38 erforderlig,

271 789 103 30 borde
397 791 92 29 sikta
512 792 42 37 på
576 793 87 30 bl.a.
688 797 49 27 ett
760 796 241 32 bibehållande
1024 809 42 21 av
1088 810 41 20 en
1152 802 227 32 kombinerad
1404 805 352 37 juridisk-samhälls-

270 835 238 37 vetenskaplig
536 846 154 22 examen.
720 840 65 30 Vid
814 842 65 29 den
909 843 163 31 fortsatta
1101 846 234 38 beredningen
1363 859 42 20 av
1434 851 142 31 ärendet
1604 853 64 30 har
1697 854 59 37 jag

269 878 97 30 blivit
383 879 186 38 övertygad
588 892 55 19 om
662 886 52 27 att
733 885 56 29 det
808 886 92 29 inom
919 888 45 29 bl.
979 898 29 20 a.
1029 891 344 41 statsförvaltningen
1453 896 86 29 även
1558 906 55 20 om
1616 892 21 47 i
1663 898 91 37 juris

269 922 314 33 kandidatexamen
605 927 191 38 inrymmes
818 933 46 27 ett
886 933 424 40 samhällsvetenskapligt
1332 939 110 37 inslag
1464 949 42 21 av
1527 941 66 29 den
1614 945 53 27 art
1690 944 65 29 och

267 967 212 39 omfattning
519 971 164 31 kanslern
725 974 177 38 föreslagit
939 995 46 3 —
1023 978 114 31 finnes
1177 983 49 27 ett
1266 982 110 30 behov
1414 993 43 20 av
1496 986 66 29 den
1601 996 43 20 av
1683 988 71 37 mig

266 1011 157 37 åsyftade
452 1014 249 33 kombinerade
731 1028 152 22 examen.
913 1021 49 29 De
992 1024 427 40 samhällsvetenskapliga
1450 1030 178 31 studierna
1657 1032 96 30 inom

267 1065 118 21 ramen
407 1058 55 29 för
485 1068 42 20 en
548 1060 89 36 juris
659 1062 327 38 kandidatexamen,
1012 1068 175 31 utformad
1212 1071 9 28 i
1245 1071 233 39 huvudsaklig
1501 1075 252 31 överensstäm-

268 1102 104 29 melse
394 1104 78 29 med
496 1105 183 31 kanslerns
703 1107 140 39 förslag,
865 1110 69 29 kan
955 1112 175 37 nämligen
1153 1115 9 28 i
1184 1115 191 32 allmänhet
1397 1118 74 30 icke
1492 1127 39 28 ge
1552 1120 64 29 den
1639 1122 115 28 stude-

267 1146 103 30 rande
388 1150 108 28 annat
514 1149 43 29 än
575 1159 41 21 en
633 1152 212 38 orientering
861 1172 44 4 —
921 1156 203 38 visserligen
1142 1168 41 20 en
1203 1160 136 30 relativt
1357 1163 216 30 omfattande
1591 1166 64 28 och
1674 1167 77 29 där-

267 1192 75 28 med
381 1193 173 30 värdefull
594 1195 109 30 sådan
742 1215 45 3 —
824 1199 9 28 i
870 1200 259 32 vederbörande
1168 1205 432 40 samhällsvetenskapliga
1639 1211 113 29 ämne.

264 1235 158 31 Nämnda
445 1239 133 29 studier
600 1240 69 29 kan
692 1242 148 30 sålunda
862 1244 10 28 i
895 1247 89 34 regel
1007 1245 75 31 icke
1102 1255 39 28 ge
1163 1248 66 30 den
1251 1251 210 30 studerande
1483 1263 41 19 en
1545 1255 132 37 verklig
1699 1257 52 28 ut-

263 1279 155 38 bildning
440 1282 9 28 i
473 1284 408 41 samhällsvetenskaplig
902 1291 127 29 metod.
1052 1291 75 30 Med
1151 1293 126 40 många
1299 1296 278 32 administrativa
1600 1299 149 37 tjänster

263 1324 93 29 inom
376 1326 43 29 bl.
434 1336 30 19 a.
488 1329 347 38 statsförvaltningen
853 1350 45 4 —
916 1334 95 29 vilka
1032 1336 43 35 på
1097 1338 111 34 grund
1230 1348 43 19 av
1294 1340 454 34 samhällsförhållandenas

262 1370 196 37 utveckling
480 1373 109 29 under
610 1383 121 21 senare
751 1376 49 29 tid
821 1377 81 29 ökat
920 1395 46 4 —
985 1379 38 29 är
1043 1381 191 31 emellertid
1258 1383 162 31 förenade
1442 1383 304 46 arbetsuppgifter,

262 1414 55 28 för
333 1415 91 29 vilka
444 1416 124 30 kräves
585 1435 44 4 —
646 1421 98 27 utom
764 1421 69 29 viss
852 1422 153 36 juridisk
1026 1424 160 38 skolning
1203 1444 46 4 —
1267 1437 41 20 en
1328 1429 271 33 förhållandevis
1619 1434 128 35 grund-

261 1458 45 36 lig
335 1460 197 38 utbildning
560 1462 8 29 i
598 1464 48 28 ett
675 1464 84 29 eller
789 1466 84 29 flera
904 1468 430 40 samhällsvetenskapliga
1364 1474 136 31 ämnen.
1529 1477 64 36 Jag
1623 1478 124 30 tänker

261 1503 117 30 därvid
402 1505 127 30 främst
550 1507 42 36 på
614 1507 160 37 tjänster,
796 1511 140 29 varmed
959 1512 39 29 är
1022 1513 162 31 förenade
1207 1517 294 38 arbetsuppgifter
1523 1523 78 28 med
1624 1523 122 36 tyngd-

259 1548 155 35 punkten
441 1550 135 37 förlagd
601 1552 51 29 till
677 1553 42 29 de
745 1554 528 35 ekonomiskt-administrativa.
1298 1561 66 30 För
1388 1563 217 39 rekrytering
1630 1576 42 20 av
1698 1577 46 21 nu

261 1594 147 29 avsedda
426 1595 151 35 tjänster
594 1598 76 28 med
689 1598 358 38 befattningshavare,
1065 1613 72 19 som
1156 1605 80 35 äger
1254 1615 41 19 en
1314 1606 52 30 för
1384 1608 361 38 arbetsuppgifternas

258 1639 54 27 art
333 1638 141 40 lämplig
495 1641 206 37 utbildning,
725 1652 101 27 synes
847 1645 70 36 mig
937 1647 188 36 angeläget,
1147 1651 51 27 att
1219 1650 57 29 det
1298 1651 113 30 finnes
1432 1662 43 20 en
1495 1663 42 20 av
1557 1655 69 37 mig
1648 1656 96 30 förut

257 1681 136 37 åsyftad
422 1684 227 31 kombinerad
680 1696 155 26 examen,
863 1689 117 30 vilken
1009 1700 98 21 avser
1135 1702 42 20 en
1206 1694 167 38 betydligt
1401 1706 95 22 mera
1526 1700 216 30 omfattande

257 1727 406 40 samhällsvetenskaplig
686 1732 197 38 utbildning
904 1735 44 28 än
972 1735 89 36 juris
1083 1737 324 34 kandidatexamen.
1431 1742 12 28 I
1465 1744 202 38 anslutning
1690 1746 52 29 till

256 1772 65 28 vad
343 1772 57 37 jag
422 1783 47 19 nu
492 1775 64 28 och
578 1776 9 28 i
609 1776 56 29 det
688 1776 206 38 föregående
916 1780 127 30 uttalat
1064 1781 10 29 i
1096 1781 97 37 fråga
1215 1793 55 20 om
1294 1785 216 39 rekrytering
1531 1797 40 21 av
1591 1789 151 36 tjänster

255 1816 59 28 vill
335 1816 57 37 jag
413 1818 150 37 tillägga,
585 1822 50 27 att
656 1820 57 30 det
737 1822 94 29 torde
853 1823 117 30 finnas
992 1827 47 27 ett
1060 1826 194 37 betydande
1276 1830 92 29 antal
1392 1831 157 36 tjänster,
1574 1834 50 29 till
1646 1835 94 29 vilka

255 1861 66 28 den
345 1870 62 21 ena
430 1871 43 21 av
497 1863 41 30 de
562 1864 62 29 här
646 1866 153 30 avsedda
823 1869 159 29 examina
1008 1870 74 30 icke
1107 1871 68 30 kan
1201 1880 38 28 ge
1265 1874 102 36 något
1391 1876 150 30 bestämt
1567 1878 173 30 företräde

255 1905 147 30 framför
420 1907 67 29 den
505 1909 119 29 andra.

298 1959 90 30 Från
411 1960 40 29 de
475 1962 218 36 synpunkter
715 1964 59 36 jag
796 1964 63 30 här
880 1966 119 30 anfört
1022 1967 9 29 i
1055 1968 96 37 fråga
1175 1978 56 21 om
1256 1980 42 20 en
1320 1971 226 33 kombinerad
1571 1975 167 36 juridisk-

253 2004 406 39 samhällsvetenskaplig
681 2017 146 21 examen
849 2010 143 30 innebär
1015 2013 375 37 utredningsmännens
1415 2018 129 37 förslag
1566 2029 40 20 en
1629 2021 109 37 lämp-

252 2047 46 36 lig
325 2049 279 41 rationalisering
631 2061 42 20 av
702 2055 200 29 nuvarande
932 2057 497 38 statsvetenskaplig-juridisk
1458 2072 153 22 examen.
1643 2066 11 28 I
1684 2068 54 27 ut-

250 2092 201 38 bildningen
481 2095 88 29 skall
598 2096 78 37 ingå
705 2097 135 36 juridik
867 2100 64 29 och
961 2102 357 39 samhällsvetenskap
1348 2114 72 21 som
1450 2107 192 38 likvärdiga
1671 2111 65 28 och

251 2139 171 29 varandra
443 2140 185 36 stödjande
647 2142 160 31 element.
826 2144 63 36 Jag
909 2154 102 21 anser
1030 2147 69 36 mig
1117 2147 83 30 böra
1220 2148 151 36 förorda,
1391 2153 48 27 att
1458 2161 42 20 en
1519 2162 142 21 examen
1681 2164 56 19 av-

250 2182 122 30 seende
392 2183 226 32 kombinerad
638 2185 155 37 juridisk
810 2189 64 28 och
893 2190 408 40 samhällsvetenskaplig
1320 2195 197 38 utbildning
1535 2198 199 31 bibehålles.

295 2253 117 29 Såsom
441 2255 155 37 framgår
621 2266 43 20 av
689 2258 74 29 min
791 2258 93 30 förut
911 2260 161 31 lämnade
1100 2263 215 36 redogörelse
1344 2265 143 31 innebär
1515 2268 219 37 utrednings-

248 2298 168 29 männens
437 2299 140 38 förslag,
598 2303 49 27 att
668 2302 295 38 undervisningen
985 2306 53 28 för
1059 2306 576 44 juridisk-samhällsvetenskaplig
1656 2323 78 20 exa-

247 2351 80 20 men
349 2343 85 29 skall
457 2344 43 36 på
522 2345 84 29 visst
628 2347 68 29 sätt
719 2348 204 30 samordnas
944 2350 79 29 med
1046 2351 294 38 undervisningen
1361 2355 54 29 för
1437 2356 90 36 juris
1549 2358 184 30 kandidat-

246 2395 144 21 examen
413 2389 65 28 och
504 2389 601 43 filosofisk-samhällsvetenskaplig
1129 2405 155 22 examen.
1309 2399 122 30 Därest
1456 2410 42 20 en
1523 2402 95 36 dylik
1643 2411 89 20 sam-

246 2432 147 37 ordning
420 2433 159 31 kommer
604 2435 51 29 till
683 2436 115 35 stånd,
823 2437 106 31 vilket
955 2438 59 37 jag
1040 2439 171 37 förordar,
1237 2442 157 31 kommer
1419 2446 313 30 merkostnaderna
