1856 2778
460 155 283 30 Statsutskottets
762 154 179 30 utlåtande
960 164 42 20 nr
1022 154 61 30 128
1102 154 39 29 år
1162 153 81 30 1957
1556 151 41 30 23

109 253 98 21 mens
229 253 121 22 senare
373 244 55 30 del
449 245 88 29 skall
560 244 107 37 enligt
689 244 227 30 kommitténs
938 243 131 37 förslag
1090 243 133 30 studier
1242 242 161 31 bedrivas
1424 242 72 30 dels
1517 242 11 29 i
1549 243 49 29 ett

109 299 225 30 huvudämne
352 299 112 29 under
482 300 51 28 tre
552 298 177 36 terminer,
748 298 73 29 dels
840 298 10 29 i
869 299 49 28 ett
936 298 183 30 stödämne
1137 297 110 30 under
1265 305 42 21 en
1325 296 139 30 termin.

153 354 73 28 Den
250 362 40 20 av
313 352 209 30 kommittén
545 351 198 37 föreslagna
764 351 160 37 politices
946 350 315 31 kandidatexamen
1284 359 99 21 avses
1406 349 98 30 skola
1525 358 72 20 om-

109 406 91 30 fatta
216 407 41 30 de
275 406 93 30 fasta
386 407 149 28 ämnena
552 407 11 29 i
581 406 157 36 politices
756 405 313 37 magisterexamen
1086 404 109 37 jämte
1212 404 162 37 omkring
1392 412 41 21 en
1450 403 147 30 termins

107 460 199 38 ytterligare
321 461 133 29 studier
468 461 10 29 i
493 462 47 28 ett
554 459 136 30 valfritt
705 458 426 37 samhällsvetenskapligt
1147 459 110 28 ämne.

665 605 373 32 Universitetskanslern

152 703 171 29 Kanslern
341 702 210 37 framlägger
568 702 48 29 ett
634 711 40 19 av
690 701 129 29 honom
835 701 176 30 utarbetat
1027 701 132 36 förslag
1174 700 51 30 till
1241 699 158 38 politices
1416 699 180 37 magister-

108 765 155 26 examen,
277 756 109 29 vilket
401 756 69 29 kan
485 755 270 30 sammanfattas
770 754 44 38 på
829 754 158 37 följande
1001 755 79 29 sätt.

151 811 49 29 De
228 809 433 36 samhällsvetenskapliga
689 809 149 29 ämnena
866 808 332 35 nationalekonomi,
1226 807 166 34 statistik,
1419 806 179 30 statskun-

109 855 98 36 skap,
239 855 175 36 sociologi,
447 853 287 38 kulturgeografi,
766 853 320 37 företagsekonomi
1117 852 64 30 och
1212 851 207 30 ekonomisk
1450 851 148 30 historia

109 900 67 29 blir
199 901 293 28 examensämnen
515 900 10 28 i
548 899 157 37 politices
728 899 322 37 magisterexamen.
1075 897 178 31 Särskilda
1276 897 125 30 kurser
1423 897 176 29 anordnas

110 945 11 29 i
139 944 277 38 kulturgeografi
434 944 63 30 och
515 944 10 29 i
543 944 319 37 företagsekonomi
879 944 77 28 med
974 942 206 31 ekonomisk
1198 941 232 37 redovisning.
1447 941 70 29 Var
1533 940 66 30 och

108 999 43 20 en
177 999 40 20 av
242 990 102 29 dessa
368 989 90 30 båda
482 989 125 29 kurser
630 989 62 29 bör
716 998 83 20 vara
824 997 41 20 av
889 988 147 37 ungefär
1061 996 135 21 samma
1219 986 214 37 omfattning
1456 995 75 20 som
1556 994 42 20 en

112 1034 287 40 1/2-betygskurs.
421 1035 121 29 Denna
563 1034 226 36 betygsenhet
811 1033 89 30 skall
922 1033 88 29 dock
1031 1033 76 30 icke
1127 1032 140 29 komma
1287 1032 53 29 till
1363 1030 235 37 användning.

105 1080 67 29 För
202 1088 163 21 examens
396 1079 257 37 godkännande
683 1079 87 28 skall
802 1077 150 35 fordras,
983 1077 154 29 förutom
1167 1077 42 30 de
1236 1076 91 31 båda
1356 1075 241 38 nyssnämnda

110 1124 174 30 särskilda
320 1124 183 34 kurserna,
540 1124 108 29 minst
687 1123 13 29 1
727 1123 227 37 betygsenhet
979 1123 10 29 i
1014 1124 48 29 ett
1087 1124 76 28 vart
1188 1130 40 21 av
1253 1122 151 29 ämnena
1427 1120 173 30 national-

110 1169 172 35 ekonomi,
308 1169 155 30 statistik
487 1169 65 29 och
577 1168 265 36 statskunskap,
867 1177 42 20 en
933 1167 202 30 studiekurs
1158 1167 11 29 i
1193 1167 116 29 ämnet
1334 1165 265 36 rättskunskap,

110 1215 246 29 motsvarande
383 1214 248 37 fordringarna
657 1213 55 30 för
740 1213 13 29 1
782 1213 227 36 betygsenhet
1035 1213 11 28 i
1072 1212 95 30 detta
1192 1212 112 34 ämne,
1331 1213 90 28 samt
1447 1211 108 29 minst
1581 1210 18 29 2

107 1259 265 37 betygsenheter
396 1259 10 29 i
430 1259 107 30 minst
560 1258 59 30 två
643 1258 304 34 examensämnen,
971 1266 40 20 av
1034 1257 95 29 vilka
1152 1257 55 29 det
1230 1265 65 20 ena
1318 1256 90 29 skall
1430 1264 83 21 vara
1537 1263 60 21 an-

105 1305 119 36 tingen
255 1304 324 30 nationalekonomi
611 1304 83 29 eller
724 1303 166 31 statistik.
922 1303 73 29 Den
1027 1301 264 37 sammanlagda
1322 1300 275 37 minimibetygs-

109 1358 161 21 summan
293 1349 68 29 blir
385 1349 101 29 alltså
509 1349 18 29 6
551 1348 152 31 enheter.
725 1348 127 29 Härtill
876 1348 158 29 kommer
1055 1348 42 29 de
1118 1346 89 30 båda
1229 1345 175 30 särskilda
1426 1345 172 29 kurserna

108 1403 57 20 om
180 1394 146 29 vardera
340 1393 147 37 ungefär
502 1403 41 20 en
559 1393 81 29 halv
655 1392 254 31 studietermin.

682 1537 347 42 Utredningsmännen

153 1634 366 37 Utredningsmännen
537 1633 172 35 förordar,
727 1635 49 29 att
793 1642 83 21 man
894 1633 207 29 samordnar
1119 1631 480 31 filosofisk-samhällsveten-

109 1688 137 37 skaplig
273 1697 146 21 examen
447 1688 77 29 med
552 1686 584 38 juridisk-samhällsvetenskaplig
1161 1694 144 21 examen
1333 1684 163 30 sålunda:
1526 1685 74 29 Den

112 1742 93 30 fasta
227 1742 136 29 kärnan
386 1742 10 29 i
419 1740 606 37 filosofisk-samhällsvetenskaplig
1046 1748 144 21 examen
1212 1739 66 30 blir
1299 1739 206 30 densamma
1525 1747 75 20 som

107 1796 67 29 den
204 1795 434 36 samhällsvetenskapliga
667 1795 97 29 delen
794 1795 11 29 i
834 1792 582 39 juridisk-samhällsvetenskaplig
1443 1800 157 25 examen,

114 1849 102 29 alltså
234 1849 57 29 två
310 1849 103 36 betyg
432 1850 9 28 i
461 1848 333 34 nationalekonomi,
814 1850 48 28 ett
880 1848 101 36 betyg
999 1848 10 29 i
1028 1847 155 29 statistik
1201 1847 64 28 och
1284 1847 48 29 ett
1350 1846 102 36 betyg
1470 1846 10 29 i
1498 1847 104 28 stats-

111 1902 161 37 kunskap
298 1904 92 28 samt
414 1911 42 20 en
480 1901 317 30 halvterminskurs
822 1901 11 29 i
858 1900 328 37 företagsekonomi.
1209 1900 66 29 Till
1300 1908 163 21 examens
1488 1899 112 29 kärna

111 1956 89 29 skall
220 1956 105 29 också
345 1956 86 29 höra
450 1955 85 29 krav
553 1955 44 36 på
616 1955 112 37 någon
748 1954 164 37 kunskap
931 1963 55 20 om
1006 1954 274 36 rättssystemets
1300 1953 178 29 allmänna
1496 1960 104 29 grun-

113 2010 69 30 der.
207 2010 366 36 Utredningsmännen
599 2018 101 20 anser
723 2010 49 28 att
796 2017 82 20 man
902 2008 42 36 på
967 2008 115 30 denna
1105 2008 111 36 punkt
1238 2007 63 30 bör
1323 2008 127 28 stanna
1471 2006 56 29 vid
1552 2007 50 28 att

110 2064 107 30 kräva
248 2064 65 28 den
346 2063 273 36 propedeutiska
651 2062 127 29 kursen
810 2061 56 30 för
896 2062 89 36 juris
1016 2061 327 30 kandidatexamen.
1375 2059 227 37 Utrednings-

113 2118 150 28 männen
288 2117 64 29 har
376 2116 117 30 funnit
517 2126 40 19 en
583 2116 164 29 studietid
771 2115 44 36 på
838 2115 73 30 åtta
933 2115 167 30 terminer
1122 2114 187 37 tillräcklig
1333 2114 54 30 för
1410 2113 192 29 filosofisk-

111 2170 410 36 samhällsvetenskaplig
541 2178 155 21 examen.

156 2224 365 36 Utredningsmännen
556 2223 157 33 föreslår,
746 2224 50 28 att
829 2223 293 28 examensämnen
1155 2221 86 29 skall
1275 2230 83 19 vara
1390 2220 41 30 de
1461 2220 141 29 hittills-

111 2277 152 29 varande
279 2276 433 36 samhällsvetenskapliga
728 2276 150 28 ämnena
893 2274 332 33 nationalekonomi,
1241 2273 166 34 statistik,
1423 2273 178 30 statskun-

112 2330 98 36 skap,
234 2330 165 36 sociologi
423 2329 63 29 och
512 2328 206 30 ekonomisk
742 2328 158 29 historia.
924 2328 123 29 Därtill
1073 2327 62 30 bör
1159 2327 139 29 komma
1322 2336 74 19 som
1420 2335 67 28 nya
1511 2335 91 20 sam-

111 2383 355 36 hällsvetenskapliga
504 2383 143 28 ämnen:
688 2381 328 37 företagsekonomi,
1055 2379 276 37 kulturgeografi
1369 2380 64 28 och
1471 2379 130 29 allmän

112 2437 291 35 rättsvetenskap.
428 2436 119 29 Såsom
571 2436 293 28 examensämnen
888 2435 61 29 bör
970 2434 107 36 enligt
1099 2433 360 36 utredningsmännen
1483 2432 119 30 likale-
