<?xml version="1.0" encoding="UTF-8"?>
<alto xmlns="http://www.loc.gov/standards/alto/ns-v3#" xmlns:xlink="http://www.w3.org/1999/xlink" xmlns:xsi="http://www.w3.org/2001/XMLSchema-instance" xsi:schemaLocation="http://www.loc.gov/standards/alto/ns-v3# http://www.loc.gov/alto/v3/alto-3-0.xsd">
	<Description>
		<MeasurementUnit>pixel</MeasurementUnit>
		<sourceImageInformation>
			<fileName>/tmp/tess_x6afdbki_input.PNG</fileName>
		</sourceImageInformation>
		<OCRProcessing ID="OCR_0">
			<ocrProcessingStep>
				<processingSoftware>
					<softwareName>tesseract 5.3.0</softwareName>
				</processingSoftware>
			</ocrProcessingStep>
		</OCRProcessing>
	</Description>
	<Layout>
		<Page WIDTH="1850" HEIGHT="2782" PHYSICAL_IMG_NR="0" ID="page_0">
			<PrintSpace HPOS="0" VPOS="0" WIDTH="1850" HEIGHT="2782">
				<ComposedBlock ID="cblock_0" HPOS="450" VPOS="151" WIDTH="1140" HEIGHT="45">
					<TextBlock ID="block_0" HPOS="450" VPOS="151" WIDTH="1140" HEIGHT="45">
						<TextLine ID="line_0" HPOS="450" VPOS="151" WIDTH="1140" HEIGHT="45">
							<String ID="string_0" HPOS="450" VPOS="164" WIDTH="284" HEIGHT="32" WC="0.91" CONTENT="Statsutskottets"/><SP WIDTH="20" VPOS="164" HPOS="734"/>
							<String ID="string_1" HPOS="754" VPOS="160" WIDTH="177" HEIGHT="32" WC="0.96" CONTENT="utlåtande"/><SP WIDTH="20" VPOS="160" HPOS="931"/>
							<String ID="string_2" HPOS="951" VPOS="169" WIDTH="42" HEIGHT="20" WC="0.96" CONTENT="nr"/><SP WIDTH="21" VPOS="169" HPOS="993"/>
							<String ID="string_3" HPOS="1014" VPOS="159" WIDTH="60" HEIGHT="29" WC="0.96" CONTENT="128"/><SP WIDTH="20" VPOS="159" HPOS="1074"/>
							<String ID="string_4" HPOS="1094" VPOS="158" WIDTH="38" HEIGHT="29" WC="0.96" CONTENT="år"/><SP WIDTH="21" VPOS="158" HPOS="1132"/>
							<String ID="string_5" HPOS="1153" VPOS="156" WIDTH="81" HEIGHT="31" WC="0.96" CONTENT="1957"/><SP WIDTH="316" VPOS="156" HPOS="1234"/>
							<String ID="string_6" HPOS="1550" VPOS="151" WIDTH="40" HEIGHT="30" WC="0.87" CONTENT="59"/>
						</TextLine>
					</TextBlock>
				</ComposedBlock>
				<ComposedBlock ID="cblock_1" HPOS="101" VPOS="241" WIDTH="1516" HEIGHT="2251">
					<TextBlock ID="block_1" HPOS="101" VPOS="241" WIDTH="1502" HEIGHT="1234">
						<TextLine ID="line_1" HPOS="145" VPOS="241" WIDTH="1445" HEIGHT="49">
							<String ID="string_7" HPOS="145" VPOS="258" WIDTH="209" HEIGHT="31" WC="0.93" CONTENT="Nuvarande"/><SP WIDTH="23" VPOS="258" HPOS="354"/>
							<String ID="string_8" HPOS="377" VPOS="250" WIDTH="524" HEIGHT="40" WC="0.91" CONTENT="statsvetenskaplig-filosofisk"/><SP WIDTH="22" VPOS="250" HPOS="901"/>
							<String ID="string_9" HPOS="923" VPOS="257" WIDTH="145" HEIGHT="21" WC="0.96" CONTENT="examen"/><SP WIDTH="22" VPOS="257" HPOS="1068"/>
							<String ID="string_10" HPOS="1090" VPOS="246" WIDTH="133" HEIGHT="37" WC="0.96" CONTENT="åsyftar"/><SP WIDTH="22" VPOS="246" HPOS="1223"/>
							<String ID="string_11" HPOS="1245" VPOS="255" WIDTH="42" HEIGHT="20" WC="0.96" CONTENT="en"/><SP WIDTH="23" VPOS="255" HPOS="1287"/>
							<String ID="string_12" HPOS="1310" VPOS="245" WIDTH="76" HEIGHT="28" WC="0.96" CONTENT="rent"/><SP WIDTH="22" VPOS="245" HPOS="1386"/>
							<String ID="string_13" HPOS="1408" VPOS="241" WIDTH="182" HEIGHT="31" WC="0.88" CONTENT="samhälls-"/>
						</TextLine>
						<TextLine ID="line_2" HPOS="101" VPOS="295" WIDTH="1490" HEIGHT="54">
							<String ID="string_14" HPOS="101" VPOS="312" WIDTH="240" HEIGHT="37" WC="0.95" CONTENT="vetenskaplig"/><SP WIDTH="27" VPOS="312" HPOS="341"/>
							<String ID="string_15" HPOS="368" VPOS="309" WIDTH="208" HEIGHT="37" WC="0.96" CONTENT="utbildning."/><SP WIDTH="28" VPOS="309" HPOS="576"/>
							<String ID="string_16" HPOS="604" VPOS="305" WIDTH="226" HEIGHT="34" WC="0.96" CONTENT="Kommittén,"/><SP WIDTH="28" VPOS="305" HPOS="830"/>
							<String ID="string_17" HPOS="858" VPOS="303" WIDTH="165" HEIGHT="30" WC="0.96" CONTENT="kanslern"/><SP WIDTH="27" VPOS="303" HPOS="1023"/>
							<String ID="string_18" HPOS="1050" VPOS="301" WIDTH="64" HEIGHT="29" WC="0.93" CONTENT="och"/><SP WIDTH="26" VPOS="301" HPOS="1114"/>
							<String ID="string_19" HPOS="1140" VPOS="297" WIDTH="360" HEIGHT="37" WC="0.91" CONTENT="utredningsmännen"/><SP WIDTH="27" VPOS="297" HPOS="1500"/>
							<String ID="string_20" HPOS="1527" VPOS="295" WIDTH="64" HEIGHT="28" WC="0.96" CONTENT="har"/>
						</TextLine>
						<TextLine ID="line_3" HPOS="104" VPOS="344" WIDTH="1487" HEIGHT="54">
							<String ID="string_21" HPOS="104" VPOS="369" WIDTH="113" HEIGHT="29" WC="0.96" CONTENT="ansett"/><SP WIDTH="18" VPOS="369" HPOS="217"/>
							<String ID="string_22" HPOS="235" VPOS="368" WIDTH="50" HEIGHT="29" WC="0.96" CONTENT="att"/><SP WIDTH="18" VPOS="368" HPOS="285"/>
							<String ID="string_23" HPOS="303" VPOS="375" WIDTH="42" HEIGHT="21" WC="0.96" CONTENT="en"/><SP WIDTH="18" VPOS="375" HPOS="345"/>
							<String ID="string_24" HPOS="363" VPOS="365" WIDTH="108" HEIGHT="30" WC="0.96" CONTENT="sådan"/><SP WIDTH="17" VPOS="365" HPOS="471"/>
							<String ID="string_25" HPOS="488" VPOS="370" WIDTH="144" HEIGHT="22" WC="0.96" CONTENT="examen"/><SP WIDTH="19" VPOS="370" HPOS="632"/>
							<String ID="string_26" HPOS="651" VPOS="360" WIDTH="152" HEIGHT="36" WC="0.95" CONTENT="alltjämt"/><SP WIDTH="17" VPOS="360" HPOS="803"/>
							<String ID="string_27" HPOS="820" VPOS="358" WIDTH="62" HEIGHT="30" WC="0.96" CONTENT="bör"/><SP WIDTH="17" VPOS="358" HPOS="882"/>
							<String ID="string_28" HPOS="899" VPOS="357" WIDTH="129" HEIGHT="33" WC="0.96" CONTENT="finnas,"/><SP WIDTH="17" VPOS="357" HPOS="1028"/>
							<String ID="string_29" HPOS="1045" VPOS="355" WIDTH="64" HEIGHT="30" WC="0.96" CONTENT="och"/><SP WIDTH="17" VPOS="355" HPOS="1109"/>
							<String ID="string_30" HPOS="1126" VPOS="355" WIDTH="10" HEIGHT="28" WC="0.96" CONTENT="i"/><SP WIDTH="16" VPOS="355" HPOS="1136"/>
							<String ID="string_31" HPOS="1152" VPOS="352" WIDTH="263" HEIGHT="39" WC="0.96" CONTENT="propositionen"/><SP WIDTH="17" VPOS="352" HPOS="1415"/>
							<String ID="string_32" HPOS="1432" VPOS="344" WIDTH="159" HEIGHT="45" WC="0.95" CONTENT="föreslås,"/>
						</TextLine>
						<TextLine ID="line_4" HPOS="104" VPOS="402" WIDTH="1488" HEIGHT="51">
							<String ID="string_33" HPOS="104" VPOS="424" WIDTH="49" HEIGHT="28" WC="0.96" CONTENT="att"/><SP WIDTH="23" VPOS="424" HPOS="153"/>
							<String ID="string_34" HPOS="176" VPOS="422" WIDTH="115" HEIGHT="29" WC="0.96" CONTENT="denna"/><SP WIDTH="23" VPOS="422" HPOS="291"/>
							<String ID="string_35" HPOS="314" VPOS="427" WIDTH="143" HEIGHT="22" WC="0.93" CONTENT="examen"/><SP WIDTH="23" VPOS="427" HPOS="457"/>
							<String ID="string_36" HPOS="480" VPOS="417" WIDTH="175" HEIGHT="36" WC="0.92" CONTENT="omlägges"/><SP WIDTH="24" VPOS="417" HPOS="655"/>
							<String ID="string_37" HPOS="679" VPOS="415" WIDTH="49" HEIGHT="28" WC="0.96" CONTENT="att"/><SP WIDTH="23" VPOS="415" HPOS="728"/>
							<String ID="string_38" HPOS="751" VPOS="411" WIDTH="150" HEIGHT="31" WC="0.96" CONTENT="omfatta"/><SP WIDTH="22" VPOS="411" HPOS="901"/>
							<String ID="string_39" HPOS="923" VPOS="420" WIDTH="42" HEIGHT="20" WC="0.92" CONTENT="en"/><SP WIDTH="24" VPOS="420" HPOS="965"/>
							<String ID="string_40" HPOS="989" VPOS="408" WIDTH="234" HEIGHT="37" WC="0.92" CONTENT="studieperiod"/><SP WIDTH="24" VPOS="408" HPOS="1223"/>
							<String ID="string_41" HPOS="1247" VPOS="406" WIDTH="78" HEIGHT="29" WC="0.95" CONTENT="med"/><SP WIDTH="23" VPOS="406" HPOS="1325"/>
							<String ID="string_42" HPOS="1348" VPOS="402" WIDTH="244" HEIGHT="38" WC="0.95" CONTENT="obligatoriskt"/>
						</TextLine>
						<TextLine ID="line_5" HPOS="103" VPOS="455" WIDTH="1488" HEIGHT="53">
							<String ID="string_43" HPOS="103" VPOS="475" WIDTH="152" HEIGHT="30" WC="0.95" CONTENT="innehåll"/><SP WIDTH="19" VPOS="475" HPOS="255"/>
							<String ID="string_44" HPOS="274" VPOS="474" WIDTH="65" HEIGHT="29" WC="0.96" CONTENT="och"/><SP WIDTH="18" VPOS="474" HPOS="339"/>
							<String ID="string_45" HPOS="357" VPOS="482" WIDTH="41" HEIGHT="20" WC="0.96" CONTENT="en"/><SP WIDTH="18" VPOS="482" HPOS="398"/>
							<String ID="string_46" HPOS="416" VPOS="470" WIDTH="128" HEIGHT="38" WC="0.96" CONTENT="period,"/><SP WIDTH="21" VPOS="470" HPOS="544"/>
							<String ID="string_47" HPOS="565" VPOS="469" WIDTH="108" HEIGHT="30" WC="0.96" CONTENT="under"/><SP WIDTH="18" VPOS="469" HPOS="673"/>
							<String ID="string_48" HPOS="691" VPOS="467" WIDTH="117" HEIGHT="29" WC="0.96" CONTENT="vilken"/><SP WIDTH="18" VPOS="467" HPOS="808"/>
							<String ID="string_49" HPOS="826" VPOS="465" WIDTH="66" HEIGHT="30" WC="0.96" CONTENT="den"/><SP WIDTH="19" VPOS="465" HPOS="892"/>
							<String ID="string_50" HPOS="911" VPOS="462" WIDTH="210" HEIGHT="31" WC="0.96" CONTENT="studerande"/><SP WIDTH="19" VPOS="462" HPOS="1121"/>
							<String ID="string_51" HPOS="1140" VPOS="460" WIDTH="87" HEIGHT="30" WC="0.96" CONTENT="skall"/><SP WIDTH="20" VPOS="460" HPOS="1227"/>
							<String ID="string_52" HPOS="1247" VPOS="460" WIDTH="63" HEIGHT="36" WC="0.96" CONTENT="äga"/><SP WIDTH="20" VPOS="460" HPOS="1310"/>
							<String ID="string_53" HPOS="1330" VPOS="460" WIDTH="49" HEIGHT="28" WC="0.96" CONTENT="att"/><SP WIDTH="18" VPOS="460" HPOS="1379"/>
							<String ID="string_54" HPOS="1397" VPOS="457" WIDTH="92" HEIGHT="36" WC="0.93" CONTENT="välja"/><SP WIDTH="20" VPOS="457" HPOS="1489"/>
							<String ID="string_55" HPOS="1509" VPOS="455" WIDTH="82" HEIGHT="29" WC="0.92" CONTENT="mel-"/>
						</TextLine>
						<TextLine ID="line_6" HPOS="104" VPOS="514" WIDTH="1489" HEIGHT="46">
							<String ID="string_56" HPOS="104" VPOS="530" WIDTH="57" HEIGHT="28" WC="0.95" CONTENT="lan"/><SP WIDTH="19" VPOS="530" HPOS="161"/>
							<String ID="string_57" HPOS="180" VPOS="528" WIDTH="91" HEIGHT="30" WC="0.96" CONTENT="vissa"/><SP WIDTH="19" VPOS="528" HPOS="271"/>
							<String ID="string_58" HPOS="290" VPOS="528" WIDTH="137" HEIGHT="28" WC="0.92" CONTENT="ämnen."/><SP WIDTH="20" VPOS="528" HPOS="427"/>
							<String ID="string_59" HPOS="447" VPOS="520" WIDTH="393" HEIGHT="40" WC="0.91" CONTENT="Departementschefen"/><SP WIDTH="19" VPOS="520" HPOS="840"/>
							<String ID="string_60" HPOS="859" VPOS="520" WIDTH="63" HEIGHT="28" WC="0.96" CONTENT="har"/><SP WIDTH="20" VPOS="520" HPOS="922"/>
							<String ID="string_61" HPOS="942" VPOS="516" WIDTH="203" HEIGHT="33" WC="0.95" CONTENT="framhållit,"/><SP WIDTH="20" VPOS="516" HPOS="1145"/>
							<String ID="string_62" HPOS="1165" VPOS="516" WIDTH="50" HEIGHT="28" WC="0.96" CONTENT="att"/><SP WIDTH="20" VPOS="516" HPOS="1215"/>
							<String ID="string_63" HPOS="1235" VPOS="514" WIDTH="114" HEIGHT="29" WC="0.96" CONTENT="denna"/><SP WIDTH="21" VPOS="514" HPOS="1349"/>
							<String ID="string_64" HPOS="1370" VPOS="519" WIDTH="144" HEIGHT="22" WC="0.96" CONTENT="examen"/><SP WIDTH="21" VPOS="519" HPOS="1514"/>
							<String ID="string_65" HPOS="1535" VPOS="516" WIDTH="58" HEIGHT="30" WC="0.95" CONTENT="ger"/>
						</TextLine>
						<TextLine ID="line_7" HPOS="106" VPOS="565" WIDTH="1488" HEIGHT="54">
							<String ID="string_66" HPOS="106" VPOS="582" WIDTH="181" HEIGHT="37" WC="0.95" CONTENT="möjlighet"/><SP WIDTH="19" VPOS="582" HPOS="287"/>
							<String ID="string_67" HPOS="306" VPOS="581" WIDTH="53" HEIGHT="29" WC="0.95" CONTENT="till"/><SP WIDTH="20" VPOS="581" HPOS="359"/>
							<String ID="string_68" HPOS="379" VPOS="577" WIDTH="260" HEIGHT="39" WC="0.96" CONTENT="specialisering"/><SP WIDTH="18" VPOS="577" HPOS="639"/>
							<String ID="string_69" HPOS="657" VPOS="575" WIDTH="43" HEIGHT="37" WC="0.96" CONTENT="på"/><SP WIDTH="19" VPOS="575" HPOS="700"/>
							<String ID="string_70" HPOS="719" VPOS="575" WIDTH="105" HEIGHT="36" WC="0.96" CONTENT="något"/><SP WIDTH="19" VPOS="575" HPOS="824"/>
							<String ID="string_71" HPOS="843" VPOS="573" WIDTH="82" HEIGHT="29" WC="0.96" CONTENT="eller"/><SP WIDTH="18" VPOS="573" HPOS="925"/>
							<String ID="string_72" HPOS="943" VPOS="572" WIDTH="109" HEIGHT="36" WC="0.93" CONTENT="några"/><SP WIDTH="19" VPOS="572" HPOS="1052"/>
							<String ID="string_73" HPOS="1071" VPOS="565" WIDTH="432" HEIGHT="37" WC="0.91" CONTENT="samhällsvetenskapliga"/><SP WIDTH="20" VPOS="565" HPOS="1503"/>
							<String ID="string_74" HPOS="1523" VPOS="565" WIDTH="71" HEIGHT="28" WC="0.91" CONTENT="äm-"/>
						</TextLine>
						<TextLine ID="line_8" HPOS="106" VPOS="618" WIDTH="1488" HEIGHT="52">
							<String ID="string_75" HPOS="106" VPOS="647" WIDTH="77" HEIGHT="20" WC="0.96" CONTENT="nen."/><SP WIDTH="18" VPOS="647" HPOS="183"/>
							<String ID="string_76" HPOS="201" VPOS="637" WIDTH="74" HEIGHT="28" WC="0.96" CONTENT="Den"/><SP WIDTH="18" VPOS="637" HPOS="275"/>
							<String ID="string_77" HPOS="293" VPOS="634" WIDTH="199" HEIGHT="36" WC="0.96" CONTENT="föreslagna"/><SP WIDTH="17" VPOS="634" HPOS="492"/>
							<String ID="string_78" HPOS="509" VPOS="640" WIDTH="143" HEIGHT="21" WC="0.96" CONTENT="examen"/><SP WIDTH="17" VPOS="640" HPOS="652"/>
							<String ID="string_79" HPOS="669" VPOS="629" WIDTH="62" HEIGHT="29" WC="0.96" CONTENT="bör"/><SP WIDTH="17" VPOS="629" HPOS="731"/>
							<String ID="string_80" HPOS="748" VPOS="627" WIDTH="107" HEIGHT="37" WC="0.96" CONTENT="enligt"/><SP WIDTH="17" VPOS="627" HPOS="855"/>
							<String ID="string_81" HPOS="872" VPOS="621" WIDTH="385" HEIGHT="41" WC="0.83" CONTENT="departementschefen"/><SP WIDTH="18" VPOS="621" HPOS="1257"/>
							<String ID="string_82" HPOS="1275" VPOS="621" WIDTH="121" HEIGHT="29" WC="0.96" CONTENT="kunna"/><SP WIDTH="16" VPOS="621" HPOS="1396"/>
							<String ID="string_83" HPOS="1412" VPOS="618" WIDTH="182" HEIGHT="37" WC="0.96" CONTENT="tillgodose"/>
						</TextLine>
						<TextLine ID="line_9" HPOS="106" VPOS="673" WIDTH="1488" HEIGHT="48">
							<String ID="string_84" HPOS="106" VPOS="692" WIDTH="57" HEIGHT="29" WC="0.96" CONTENT="det"/><SP WIDTH="19" VPOS="692" HPOS="163"/>
							<String ID="string_85" HPOS="182" VPOS="690" WIDTH="112" HEIGHT="29" WC="0.96" CONTENT="behov"/><SP WIDTH="22" VPOS="690" HPOS="294"/>
							<String ID="string_86" HPOS="316" VPOS="697" WIDTH="41" HEIGHT="20" WC="0.93" CONTENT="av"/><SP WIDTH="22" VPOS="697" HPOS="357"/>
							<String ID="string_87" HPOS="379" VPOS="682" WIDTH="425" HEIGHT="37" WC="0.91" CONTENT="samhällsvetenskapligt"/><SP WIDTH="21" VPOS="682" HPOS="804"/>
							<String ID="string_88" HPOS="825" VPOS="679" WIDTH="218" HEIGHT="31" WC="0.96" CONTENT="orienterade"/><SP WIDTH="21" VPOS="679" HPOS="1043"/>
							<String ID="string_89" HPOS="1064" VPOS="673" WIDTH="434" HEIGHT="39" WC="0.90" CONTENT="utredningsspecialister,"/><SP WIDTH="22" VPOS="673" HPOS="1498"/>
							<String ID="string_90" HPOS="1520" VPOS="679" WIDTH="74" HEIGHT="22" WC="0.96" CONTENT="som"/>
						</TextLine>
						<TextLine ID="line_10" HPOS="107" VPOS="725" WIDTH="1487" HEIGHT="56">
							<String ID="string_91" HPOS="107" VPOS="744" WIDTH="184" HEIGHT="37" WC="0.96" CONTENT="föreligger"/><SP WIDTH="20" VPOS="744" HPOS="291"/>
							<String ID="string_92" HPOS="311" VPOS="742" WIDTH="94" HEIGHT="29" WC="0.92" CONTENT="inom"/><SP WIDTH="21" VPOS="742" HPOS="405"/>
							<String ID="string_93" HPOS="426" VPOS="737" WIDTH="361" HEIGHT="36" WC="0.91" CONTENT="statsförvaltningen,"/><SP WIDTH="20" VPOS="737" HPOS="787"/>
							<String ID="string_94" HPOS="807" VPOS="735" WIDTH="41" HEIGHT="30" WC="0.96" CONTENT="de"/><SP WIDTH="20" VPOS="735" HPOS="848"/>
							<String ID="string_95" HPOS="868" VPOS="734" WIDTH="110" HEIGHT="30" WC="0.96" CONTENT="större"/><SP WIDTH="20" VPOS="734" HPOS="978"/>
							<String ID="string_96" HPOS="998" VPOS="732" WIDTH="256" HEIGHT="28" WC="0.96" CONTENT="kommunerna"/><SP WIDTH="19" VPOS="732" HPOS="1254"/>
							<String ID="string_97" HPOS="1273" VPOS="727" WIDTH="65" HEIGHT="30" WC="0.96" CONTENT="och"/><SP WIDTH="19" VPOS="727" HPOS="1338"/>
							<String ID="string_98" HPOS="1357" VPOS="725" WIDTH="237" HEIGHT="37" WC="0.96" CONTENT="näringslivet."/>
						</TextLine>
						<TextLine ID="line_11" HPOS="120" VPOS="778" WIDTH="1478" HEIGHT="50">
							<String ID="string_99" HPOS="120" VPOS="800" WIDTH="159" HEIGHT="28" WC="0.32" CONTENT="2xamens"/><SP WIDTH="27" VPOS="800" HPOS="279"/>
							<String ID="string_100" HPOS="306" VPOS="796" WIDTH="111" HEIGHT="29" WC="0.96" CONTENT="kärna"/><SP WIDTH="25" VPOS="796" HPOS="417"/>
							<String ID="string_101" HPOS="442" VPOS="793" WIDTH="89" HEIGHT="31" WC="0.96" CONTENT="skall"/><SP WIDTH="25" VPOS="793" HPOS="531"/>
							<String ID="string_102" HPOS="556" VPOS="801" WIDTH="83" HEIGHT="20" WC="0.96" CONTENT="vara"/><SP WIDTH="24" VPOS="801" HPOS="639"/>
							<String ID="string_103" HPOS="663" VPOS="791" WIDTH="206" HEIGHT="29" WC="0.96" CONTENT="densamma"/><SP WIDTH="25" VPOS="791" HPOS="869"/>
							<String ID="string_104" HPOS="894" VPOS="796" WIDTH="74" HEIGHT="21" WC="0.95" CONTENT="som"/><SP WIDTH="25" VPOS="796" HPOS="968"/>
							<String ID="string_105" HPOS="993" VPOS="787" WIDTH="67" HEIGHT="28" WC="0.95" CONTENT="den"/><SP WIDTH="25" VPOS="787" HPOS="1060"/>
							<String ID="string_106" HPOS="1085" VPOS="779" WIDTH="432" HEIGHT="37" WC="0.89" CONTENT="samhällsvetenskapliga"/><SP WIDTH="25" VPOS="779" HPOS="1517"/>
							<String ID="string_107" HPOS="1542" VPOS="778" WIDTH="56" HEIGHT="29" WC="0.89" CONTENT="de-"/>
						</TextLine>
						<TextLine ID="line_12" HPOS="109" VPOS="832" WIDTH="1489" HEIGHT="56">
							<String ID="string_108" HPOS="109" VPOS="854" WIDTH="54" HEIGHT="28" WC="0.96" CONTENT="len"/><SP WIDTH="26" VPOS="854" HPOS="163"/>
							<String ID="string_109" HPOS="189" VPOS="861" WIDTH="40" HEIGHT="20" WC="0.93" CONTENT="av"/><SP WIDTH="24" VPOS="861" HPOS="229"/>
							<String ID="string_110" HPOS="253" VPOS="842" WIDTH="583" HEIGHT="46" WC="0.91" CONTENT="juridisk-samhällsvetenskaplig"/><SP WIDTH="25" VPOS="842" HPOS="836"/>
							<String ID="string_111" HPOS="861" VPOS="849" WIDTH="155" HEIGHT="27" WC="0.96" CONTENT="examen,"/><SP WIDTH="25" VPOS="849" HPOS="1016"/>
							<String ID="string_112" HPOS="1041" VPOS="840" WIDTH="115" HEIGHT="29" WC="0.4" CONTENT="d.v.s."/><SP WIDTH="25" VPOS="840" HPOS="1156"/>
							<String ID="string_113" HPOS="1181" VPOS="837" WIDTH="134" HEIGHT="30" WC="0.96" CONTENT="studier"/><SP WIDTH="24" VPOS="837" HPOS="1315"/>
							<String ID="string_114" HPOS="1339" VPOS="834" WIDTH="54" HEIGHT="31" WC="0.96" CONTENT="för"/><SP WIDTH="22" VPOS="834" HPOS="1393"/>
							<String ID="string_115" HPOS="1415" VPOS="833" WIDTH="57" HEIGHT="31" WC="0.96" CONTENT="två"/><SP WIDTH="24" VPOS="833" HPOS="1472"/>
							<String ID="string_116" HPOS="1496" VPOS="832" WIDTH="102" HEIGHT="36" WC="0.96" CONTENT="betyg"/>
						</TextLine>
						<TextLine ID="line_13" HPOS="110" VPOS="886" WIDTH="1488" HEIGHT="51">
							<String ID="string_117" HPOS="110" VPOS="908" WIDTH="10" HEIGHT="28" WC="0.96" CONTENT="i"/><SP WIDTH="24" VPOS="908" HPOS="120"/>
							<String ID="string_118" HPOS="144" VPOS="902" WIDTH="332" HEIGHT="35" WC="0.95" CONTENT="nationalekonomi,"/><SP WIDTH="25" VPOS="902" HPOS="476"/>
							<String ID="string_119" HPOS="501" VPOS="903" WIDTH="49" HEIGHT="28" WC="0.96" CONTENT="ett"/><SP WIDTH="23" VPOS="903" HPOS="550"/>
							<String ID="string_120" HPOS="573" VPOS="900" WIDTH="101" HEIGHT="37" WC="0.96" CONTENT="betyg"/><SP WIDTH="24" VPOS="900" HPOS="674"/>
							<String ID="string_121" HPOS="698" VPOS="898" WIDTH="9" HEIGHT="29" WC="0.96" CONTENT="i"/><SP WIDTH="25" VPOS="898" HPOS="707"/>
							<String ID="string_122" HPOS="732" VPOS="896" WIDTH="156" HEIGHT="31" WC="0.96" CONTENT="statistik"/><SP WIDTH="23" VPOS="896" HPOS="888"/>
							<String ID="string_123" HPOS="911" VPOS="895" WIDTH="65" HEIGHT="29" WC="0.96" CONTENT="och"/><SP WIDTH="23" VPOS="895" HPOS="976"/>
							<String ID="string_124" HPOS="999" VPOS="895" WIDTH="49" HEIGHT="29" WC="0.96" CONTENT="ett"/><SP WIDTH="22" VPOS="895" HPOS="1048"/>
							<String ID="string_125" HPOS="1070" VPOS="893" WIDTH="101" HEIGHT="36" WC="0.95" CONTENT="betyg"/><SP WIDTH="24" VPOS="893" HPOS="1171"/>
							<String ID="string_126" HPOS="1195" VPOS="893" WIDTH="10" HEIGHT="29" WC="0.96" CONTENT="i"/><SP WIDTH="24" VPOS="893" HPOS="1205"/>
							<String ID="string_127" HPOS="1229" VPOS="888" WIDTH="254" HEIGHT="35" WC="0.96" CONTENT="statskunskap"/><SP WIDTH="24" VPOS="888" HPOS="1483"/>
							<String ID="string_128" HPOS="1507" VPOS="886" WIDTH="91" HEIGHT="29" WC="0.96" CONTENT="samt"/>
						</TextLine>
						<TextLine ID="line_14" HPOS="110" VPOS="939" WIDTH="1489" HEIGHT="52">
							<String ID="string_129" HPOS="110" VPOS="970" WIDTH="41" HEIGHT="21" WC="0.93" CONTENT="en"/><SP WIDTH="18" VPOS="970" HPOS="151"/>
							<String ID="string_130" HPOS="169" VPOS="957" WIDTH="317" HEIGHT="32" WC="0.91" CONTENT="halvterminskurs"/><SP WIDTH="19" VPOS="957" HPOS="486"/>
							<String ID="string_131" HPOS="505" VPOS="955" WIDTH="10" HEIGHT="29" WC="0.96" CONTENT="i"/><SP WIDTH="19" VPOS="955" HPOS="515"/>
							<String ID="string_132" HPOS="534" VPOS="950" WIDTH="329" HEIGHT="40" WC="0.96" CONTENT="företagsekonomi."/><SP WIDTH="18" VPOS="950" HPOS="863"/>
							<String ID="string_133" HPOS="881" VPOS="948" WIDTH="183" HEIGHT="37" WC="0.96" CONTENT="Därjämte"/><SP WIDTH="18" VPOS="948" HPOS="1064"/>
							<String ID="string_134" HPOS="1082" VPOS="945" WIDTH="98" HEIGHT="38" WC="0.96" CONTENT="ingår"/><SP WIDTH="17" VPOS="945" HPOS="1180"/>
							<String ID="string_135" HPOS="1197" VPOS="954" WIDTH="75" HEIGHT="21" WC="0.96" CONTENT="som"/><SP WIDTH="18" VPOS="954" HPOS="1272"/>
							<String ID="string_136" HPOS="1290" VPOS="945" WIDTH="48" HEIGHT="28" WC="0.96" CONTENT="ett"/><SP WIDTH="17" VPOS="945" HPOS="1338"/>
							<String ID="string_137" HPOS="1355" VPOS="939" WIDTH="244" HEIGHT="38" WC="0.96" CONTENT="obligatoriskt"/>
						</TextLine>
						<TextLine ID="line_15" HPOS="110" VPOS="994" WIDTH="1489" HEIGHT="55">
							<String ID="string_138" HPOS="110" VPOS="1015" WIDTH="53" HEIGHT="29" WC="0.96" CONTENT="led"/><SP WIDTH="18" VPOS="1015" HPOS="163"/>
							<String ID="string_139" HPOS="181" VPOS="1015" WIDTH="66" HEIGHT="28" WC="0.93" CONTENT="den"/><SP WIDTH="18" VPOS="1015" HPOS="247"/>
							<String ID="string_140" HPOS="265" VPOS="1009" WIDTH="272" HEIGHT="40" WC="0.90" CONTENT="propedeutiska"/><SP WIDTH="17" VPOS="1009" HPOS="537"/>
							<String ID="string_141" HPOS="554" VPOS="1008" WIDTH="129" HEIGHT="29" WC="0.96" CONTENT="kursen"/><SP WIDTH="17" VPOS="1008" HPOS="683"/>
							<String ID="string_142" HPOS="700" VPOS="1006" WIDTH="10" HEIGHT="29" WC="0.95" CONTENT="i"/><SP WIDTH="16" VPOS="1006" HPOS="710"/>
							<String ID="string_143" HPOS="726" VPOS="1004" WIDTH="146" HEIGHT="38" WC="0.95" CONTENT="juridik."/><SP WIDTH="18" VPOS="1004" HPOS="872"/>
							<String ID="string_144" HPOS="890" VPOS="1001" WIDTH="217" HEIGHT="32" WC="0.92" CONTENT="Studietiden"/><SP WIDTH="18" VPOS="1001" HPOS="1107"/>
							<String ID="string_145" HPOS="1125" VPOS="999" WIDTH="88" HEIGHT="30" WC="0.96" CONTENT="skall"/><SP WIDTH="18" VPOS="999" HPOS="1213"/>
							<String ID="string_146" HPOS="1231" VPOS="998" WIDTH="107" HEIGHT="36" WC="0.96" CONTENT="enligt"/><SP WIDTH="17" VPOS="998" HPOS="1338"/>
							<String ID="string_147" HPOS="1355" VPOS="994" WIDTH="244" HEIGHT="37" WC="0.95" CONTENT="studieplanen"/>
						</TextLine>
						<TextLine ID="line_16" HPOS="111" VPOS="1046" WIDTH="1489" HEIGHT="59">
							<String ID="string_148" HPOS="111" VPOS="1069" WIDTH="122" HEIGHT="36" WC="0.96" CONTENT="utgöra"/><SP WIDTH="22" VPOS="1069" HPOS="233"/>
							<String ID="string_149" HPOS="255" VPOS="1067" WIDTH="79" HEIGHT="36" WC="0.96" CONTENT="fyra"/><SP WIDTH="21" VPOS="1067" HPOS="334"/>
							<String ID="string_150" HPOS="355" VPOS="1065" WIDTH="38" HEIGHT="29" WC="0.96" CONTENT="år"/><SP WIDTH="20" VPOS="1065" HPOS="393"/>
							<String ID="string_151" HPOS="413" VPOS="1064" WIDTH="83" HEIGHT="29" WC="0.96" CONTENT="eller"/><SP WIDTH="21" VPOS="1064" HPOS="496"/>
							<String ID="string_152" HPOS="517" VPOS="1070" WIDTH="135" HEIGHT="22" WC="0.96" CONTENT="samma"/><SP WIDTH="18" VPOS="1070" HPOS="652"/>
							<String ID="string_153" HPOS="670" VPOS="1060" WIDTH="50" HEIGHT="29" WC="0.96" CONTENT="tid"/><SP WIDTH="23" VPOS="1060" HPOS="720"/>
							<String ID="string_154" HPOS="743" VPOS="1067" WIDTH="75" HEIGHT="21" WC="0.96" CONTENT="som"/><SP WIDTH="21" VPOS="1067" HPOS="818"/>
							<String ID="string_155" HPOS="839" VPOS="1057" WIDTH="55" HEIGHT="30" WC="0.96" CONTENT="för"/><SP WIDTH="19" VPOS="1057" HPOS="894"/>
							<String ID="string_156" HPOS="913" VPOS="1054" WIDTH="220" HEIGHT="31" WC="0.96" CONTENT="närvarande"/><SP WIDTH="20" VPOS="1054" HPOS="1133"/>
							<String ID="string_157" HPOS="1153" VPOS="1053" WIDTH="101" HEIGHT="36" WC="0.96" CONTENT="högst"/><SP WIDTH="21" VPOS="1053" HPOS="1254"/>
							<String ID="string_158" HPOS="1275" VPOS="1050" WIDTH="56" HEIGHT="30" WC="0.96" CONTENT="må"/><SP WIDTH="20" VPOS="1050" HPOS="1331"/>
							<String ID="string_159" HPOS="1351" VPOS="1049" WIDTH="173" HEIGHT="30" WC="0.96" CONTENT="beräknas"/><SP WIDTH="21" VPOS="1049" HPOS="1524"/>
							<String ID="string_160" HPOS="1545" VPOS="1046" WIDTH="55" HEIGHT="29" WC="0.96" CONTENT="för"/>
						</TextLine>
						<TextLine ID="line_17" HPOS="111" VPOS="1103" WIDTH="1490" HEIGHT="52">
							<String ID="string_161" HPOS="111" VPOS="1115" WIDTH="524" HEIGHT="40" WC="0.92" CONTENT="statsvetenskaplig-filosofisk"/><SP WIDTH="38" VPOS="1115" HPOS="635"/>
							<String ID="string_162" HPOS="673" VPOS="1121" WIDTH="156" HEIGHT="22" WC="0.93" CONTENT="examen."/><SP WIDTH="39" VPOS="1121" HPOS="829"/>
							<String ID="string_163" HPOS="868" VPOS="1108" WIDTH="366" HEIGHT="37" WC="0.91" CONTENT="Utredningsmännen"/><SP WIDTH="29" VPOS="1108" HPOS="1234"/>
							<String ID="string_164" HPOS="1263" VPOS="1103" WIDTH="158" HEIGHT="34" WC="0.96" CONTENT="föreslår,"/><SP WIDTH="28" VPOS="1103" HPOS="1421"/>
							<String ID="string_165" HPOS="1449" VPOS="1103" WIDTH="49" HEIGHT="29" WC="0.90" CONTENT="att"/><SP WIDTH="27" VPOS="1103" HPOS="1498"/>
							<String ID="string_166" HPOS="1525" VPOS="1108" WIDTH="76" HEIGHT="23" WC="0.90" CONTENT="exa-"/>
						</TextLine>
						<TextLine ID="line_18" HPOS="111" VPOS="1156" WIDTH="1490" HEIGHT="50">
							<String ID="string_167" HPOS="111" VPOS="1176" WIDTH="252" HEIGHT="30" WC="0.92" CONTENT="mensämnena"/><SP WIDTH="27" VPOS="1176" HPOS="363"/>
							<String ID="string_168" HPOS="390" VPOS="1171" WIDTH="88" HEIGHT="30" WC="0.96" CONTENT="skall"/><SP WIDTH="27" VPOS="1171" HPOS="478"/>
							<String ID="string_169" HPOS="505" VPOS="1178" WIDTH="85" HEIGHT="21" WC="0.95" CONTENT="vara"/><SP WIDTH="26" VPOS="1178" HPOS="590"/>
							<String ID="string_170" HPOS="616" VPOS="1169" WIDTH="41" HEIGHT="29" WC="0.96" CONTENT="de"/><SP WIDTH="26" VPOS="1169" HPOS="657"/>
							<String ID="string_171" HPOS="683" VPOS="1164" WIDTH="282" HEIGHT="32" WC="0.95" CONTENT="hittillsvarande"/><SP WIDTH="28" VPOS="1164" HPOS="965"/>
							<String ID="string_172" HPOS="993" VPOS="1158" WIDTH="432" HEIGHT="35" WC="0.91" CONTENT="samhällsvetenskapliga"/><SP WIDTH="27" VPOS="1158" HPOS="1425"/>
							<String ID="string_173" HPOS="1452" VPOS="1156" WIDTH="149" HEIGHT="29" WC="0.95" CONTENT="ämnena"/>
						</TextLine>
						<TextLine ID="line_19" HPOS="112" VPOS="1203" WIDTH="1489" HEIGHT="57">
							<String ID="string_174" HPOS="112" VPOS="1226" WIDTH="333" HEIGHT="34" WC="0.96" CONTENT="nationalekonomi,"/><SP WIDTH="23" VPOS="1226" HPOS="445"/>
							<String ID="string_175" HPOS="468" VPOS="1223" WIDTH="166" HEIGHT="34" WC="0.96" CONTENT="statistik,"/><SP WIDTH="23" VPOS="1223" HPOS="634"/>
							<String ID="string_176" HPOS="657" VPOS="1219" WIDTH="265" HEIGHT="36" WC="0.96" CONTENT="statskunskap,"/><SP WIDTH="22" VPOS="1219" HPOS="922"/>
							<String ID="string_177" HPOS="944" VPOS="1216" WIDTH="165" HEIGHT="36" WC="0.96" CONTENT="sociologi"/><SP WIDTH="21" VPOS="1216" HPOS="1109"/>
							<String ID="string_178" HPOS="1130" VPOS="1214" WIDTH="64" HEIGHT="30" WC="0.96" CONTENT="och"/><SP WIDTH="21" VPOS="1214" HPOS="1194"/>
							<String ID="string_179" HPOS="1215" VPOS="1211" WIDTH="208" HEIGHT="31" WC="0.96" CONTENT="ekonomisk"/><SP WIDTH="20" VPOS="1211" HPOS="1423"/>
							<String ID="string_180" HPOS="1443" VPOS="1203" WIDTH="158" HEIGHT="44" WC="0.96" CONTENT="historia."/>
						</TextLine>
						<TextLine ID="line_20" HPOS="112" VPOS="1261" WIDTH="1490" HEIGHT="59">
							<String ID="string_181" HPOS="112" VPOS="1283" WIDTH="183" HEIGHT="37" WC="0.96" CONTENT="Därjämte"/><SP WIDTH="25" VPOS="1283" HPOS="295"/>
							<String ID="string_182" HPOS="320" VPOS="1280" WIDTH="112" HEIGHT="30" WC="0.96" CONTENT="skulle"/><SP WIDTH="25" VPOS="1280" HPOS="432"/>
							<String ID="string_183" HPOS="457" VPOS="1278" WIDTH="108" HEIGHT="37" WC="0.95" CONTENT="enligt"/><SP WIDTH="25" VPOS="1278" HPOS="565"/>
							<String ID="string_184" HPOS="590" VPOS="1273" WIDTH="361" HEIGHT="38" WC="0.91" CONTENT="utredningsmännen"/><SP WIDTH="26" VPOS="1273" HPOS="951"/>
							<String ID="string_185" HPOS="977" VPOS="1279" WIDTH="75" HEIGHT="21" WC="0.95" CONTENT="som"/><SP WIDTH="25" VPOS="1279" HPOS="1052"/>
							<String ID="string_186" HPOS="1077" VPOS="1278" WIDTH="67" HEIGHT="27" WC="0.95" CONTENT="nya"/><SP WIDTH="25" VPOS="1278" HPOS="1144"/>
							<String ID="string_187" HPOS="1169" VPOS="1261" WIDTH="433" HEIGHT="38" WC="0.91" CONTENT="samhällsvetenskapliga"/>
						</TextLine>
						<TextLine ID="line_21" HPOS="113" VPOS="1316" WIDTH="1490" HEIGHT="51">
							<String ID="string_188" HPOS="113" VPOS="1339" WIDTH="126" HEIGHT="28" WC="0.96" CONTENT="ämnen"/><SP WIDTH="24" VPOS="1339" HPOS="239"/>
							<String ID="string_189" HPOS="263" VPOS="1335" WIDTH="213" HEIGHT="30" WC="0.95" CONTENT="tillkomma:"/><SP WIDTH="26" VPOS="1335" HPOS="476"/>
							<String ID="string_190" HPOS="502" VPOS="1327" WIDTH="331" HEIGHT="40" WC="0.96" CONTENT="företagsekonomi,"/><SP WIDTH="24" VPOS="1327" HPOS="833"/>
							<String ID="string_191" HPOS="857" VPOS="1322" WIDTH="277" HEIGHT="39" WC="0.96" CONTENT="kulturgeografi"/><SP WIDTH="22" VPOS="1322" HPOS="1134"/>
							<String ID="string_192" HPOS="1156" VPOS="1321" WIDTH="64" HEIGHT="30" WC="0.96" CONTENT="och"/><SP WIDTH="24" VPOS="1321" HPOS="1220"/>
							<String ID="string_193" HPOS="1244" VPOS="1320" WIDTH="130" HEIGHT="29" WC="0.92" CONTENT="allmän"/><SP WIDTH="24" VPOS="1320" HPOS="1374"/>
							<String ID="string_194" HPOS="1398" VPOS="1316" WIDTH="205" HEIGHT="31" WC="0.90" CONTENT="rättsveten-"/>
						</TextLine>
						<TextLine ID="line_22" HPOS="114" VPOS="1368" WIDTH="1489" HEIGHT="60">
							<String ID="string_195" HPOS="114" VPOS="1392" WIDTH="96" HEIGHT="36" WC="0.96" CONTENT="skap."/><SP WIDTH="29" VPOS="1392" HPOS="210"/>
							<String ID="string_196" HPOS="239" VPOS="1389" WIDTH="122" HEIGHT="30" WC="0.93" CONTENT="Såsom"/><SP WIDTH="28" VPOS="1389" HPOS="361"/>
							<String ID="string_197" HPOS="389" VPOS="1385" WIDTH="293" HEIGHT="31" WC="0.90" CONTENT="examensämnen"/><SP WIDTH="27" VPOS="1385" HPOS="682"/>
							<String ID="string_198" HPOS="709" VPOS="1382" WIDTH="90" HEIGHT="29" WC="0.96" CONTENT="skall"/><SP WIDTH="29" VPOS="1382" HPOS="799"/>
							<String ID="string_199" HPOS="828" VPOS="1379" WIDTH="166" HEIGHT="29" WC="0.96" CONTENT="likaledes"/><SP WIDTH="27" VPOS="1379" HPOS="994"/>
							<String ID="string_200" HPOS="1021" VPOS="1377" WIDTH="121" HEIGHT="29" WC="0.96" CONTENT="kunna"/><SP WIDTH="25" VPOS="1377" HPOS="1142"/>
							<String ID="string_201" HPOS="1167" VPOS="1374" WIDTH="113" HEIGHT="36" WC="0.96" CONTENT="väljas"/><SP WIDTH="28" VPOS="1374" HPOS="1280"/>
							<String ID="string_202" HPOS="1308" VPOS="1371" WIDTH="204" HEIGHT="30" WC="0.96" CONTENT="matematik"/><SP WIDTH="27" VPOS="1371" HPOS="1512"/>
							<String ID="string_203" HPOS="1539" VPOS="1368" WIDTH="64" HEIGHT="30" WC="0.96" CONTENT="och"/>
						</TextLine>
						<TextLine ID="line_23" HPOS="114" VPOS="1444" WIDTH="156" HEIGHT="31">
							<String ID="string_204" HPOS="114" VPOS="1444" WIDTH="156" HEIGHT="31" WC="0.96" CONTENT="historia."/>
						</TextLine>
					</TextBlock>
					<TextBlock ID="block_2" HPOS="117" VPOS="1476" WIDTH="1492" HEIGHT="431">
						<TextLine ID="line_24" HPOS="161" VPOS="1476" WIDTH="1444" HEIGHT="52">
							<String ID="string_205" HPOS="161" VPOS="1499" WIDTH="12" HEIGHT="29" WC="0.96" CONTENT="I"/><SP WIDTH="20" VPOS="1499" HPOS="173"/>
							<String ID="string_206" HPOS="193" VPOS="1497" WIDTH="179" HEIGHT="30" WC="0.96" CONTENT="motionen"/><SP WIDTH="20" VPOS="1497" HPOS="372"/>
							<String ID="string_207" HPOS="392" VPOS="1495" WIDTH="44" HEIGHT="28" WC="0.94" CONTENT="II:"/><SP WIDTH="17" VPOS="1495" HPOS="436"/>
							<String ID="string_208" HPOS="453" VPOS="1493" WIDTH="63" HEIGHT="30" WC="0.96" CONTENT="536"/><SP WIDTH="19" VPOS="1493" HPOS="516"/>
							<String ID="string_209" HPOS="535" VPOS="1492" WIDTH="64" HEIGHT="29" WC="0.93" CONTENT="har"/><SP WIDTH="18" VPOS="1492" HPOS="599"/>
							<String ID="string_210" HPOS="617" VPOS="1488" WIDTH="208" HEIGHT="34" WC="0.91" CONTENT="hemställts,"/><SP WIDTH="20" VPOS="1488" HPOS="825"/>
							<String ID="string_211" HPOS="845" VPOS="1488" WIDTH="49" HEIGHT="28" WC="0.96" CONTENT="att"/><SP WIDTH="25" VPOS="1488" HPOS="894"/>
							<String ID="string_212" HPOS="919" VPOS="1486" WIDTH="4" HEIGHT="29" WC="0.96" CONTENT="i"/><SP WIDTH="18" VPOS="1486" HPOS="923"/>
							<String ID="string_213" HPOS="941" VPOS="1486" WIDTH="115" HEIGHT="28" WC="0.96" CONTENT="denna"/><SP WIDTH="18" VPOS="1486" HPOS="1056"/>
							<String ID="string_214" HPOS="1074" VPOS="1491" WIDTH="143" HEIGHT="21" WC="0.96" CONTENT="examen"/><SP WIDTH="19" VPOS="1491" HPOS="1217"/>
							<String ID="string_215" HPOS="1236" VPOS="1480" WIDTH="108" HEIGHT="30" WC="0.96" CONTENT="måtte"/><SP WIDTH="19" VPOS="1480" HPOS="1344"/>
							<String ID="string_216" HPOS="1363" VPOS="1478" WIDTH="78" HEIGHT="37" WC="0.96" CONTENT="ingå"/><SP WIDTH="18" VPOS="1478" HPOS="1441"/>
							<String ID="string_217" HPOS="1459" VPOS="1486" WIDTH="42" HEIGHT="21" WC="0.96" CONTENT="en"/><SP WIDTH="19" VPOS="1486" HPOS="1501"/>
							<String ID="string_218" HPOS="1520" VPOS="1476" WIDTH="85" HEIGHT="28" WC="0.96" CONTENT="kurs"/>
						</TextLine>
						<TextLine ID="line_25" HPOS="118" VPOS="1529" WIDTH="1488" HEIGHT="61">
							<String ID="string_219" HPOS="118" VPOS="1554" WIDTH="42" HEIGHT="36" WC="0.96" CONTENT="på"/><SP WIDTH="19" VPOS="1554" HPOS="160"/>
							<String ID="string_220" HPOS="179" VPOS="1561" WIDTH="41" HEIGHT="20" WC="0.95" CONTENT="en"/><SP WIDTH="19" VPOS="1561" HPOS="220"/>
							<String ID="string_221" HPOS="239" VPOS="1550" WIDTH="82" HEIGHT="30" WC="0.95" CONTENT="halv"/><SP WIDTH="17" VPOS="1550" HPOS="321"/>
							<String ID="string_222" HPOS="338" VPOS="1548" WIDTH="127" HEIGHT="31" WC="0.96" CONTENT="termin"/><SP WIDTH="18" VPOS="1548" HPOS="465"/>
							<String ID="string_223" HPOS="483" VPOS="1548" WIDTH="10" HEIGHT="28" WC="0.96" CONTENT="i"/><SP WIDTH="20" VPOS="1548" HPOS="493"/>
							<String ID="string_224" HPOS="513" VPOS="1541" WIDTH="278" HEIGHT="40" WC="0.96" CONTENT="kulturgeografi"/><SP WIDTH="17" VPOS="1541" HPOS="791"/>
							<String ID="string_225" HPOS="808" VPOS="1542" WIDTH="91" HEIGHT="28" WC="0.96" CONTENT="samt"/><SP WIDTH="19" VPOS="1542" HPOS="899"/>
							<String ID="string_226" HPOS="918" VPOS="1540" WIDTH="49" HEIGHT="28" WC="0.96" CONTENT="att"/><SP WIDTH="19" VPOS="1540" HPOS="967"/>
							<String ID="string_227" HPOS="986" VPOS="1539" WIDTH="129" HEIGHT="28" WC="0.96" CONTENT="kursen"/><SP WIDTH="18" VPOS="1539" HPOS="1115"/>
							<String ID="string_228" HPOS="1133" VPOS="1536" WIDTH="11" HEIGHT="29" WC="0.96" CONTENT="i"/><SP WIDTH="17" VPOS="1536" HPOS="1144"/>
							<String ID="string_229" HPOS="1161" VPOS="1531" WIDTH="319" HEIGHT="40" WC="0.96" CONTENT="företagsekonomi"/><SP WIDTH="18" VPOS="1531" HPOS="1480"/>
							<String ID="string_230" HPOS="1498" VPOS="1529" WIDTH="108" HEIGHT="30" WC="0.96" CONTENT="måtte"/>
						</TextLine>
						<TextLine ID="line_26" HPOS="117" VPOS="1583" WIDTH="1489" HEIGHT="59">
							<String ID="string_231" HPOS="117" VPOS="1607" WIDTH="168" HEIGHT="35" WC="0.91" CONTENT="utbyggas"/><SP WIDTH="18" VPOS="1607" HPOS="285"/>
							<String ID="string_232" HPOS="303" VPOS="1603" WIDTH="53" HEIGHT="30" WC="0.96" CONTENT="till"/><SP WIDTH="19" VPOS="1603" HPOS="356"/>
							<String ID="string_233" HPOS="375" VPOS="1611" WIDTH="40" HEIGHT="20" WC="0.93" CONTENT="en"/><SP WIDTH="18" VPOS="1611" HPOS="415"/>
							<String ID="string_234" HPOS="433" VPOS="1598" WIDTH="283" HEIGHT="37" WC="0.91" CONTENT="ett-betygskurs."/><SP WIDTH="19" VPOS="1598" HPOS="716"/>
							<String ID="string_235" HPOS="735" VPOS="1594" WIDTH="219" HEIGHT="31" WC="0.96" CONTENT="Motionären"/><SP WIDTH="17" VPOS="1594" HPOS="954"/>
							<String ID="string_236" HPOS="971" VPOS="1592" WIDTH="64" HEIGHT="29" WC="0.96" CONTENT="har"/><SP WIDTH="17" VPOS="1592" HPOS="1035"/>
							<String ID="string_237" HPOS="1052" VPOS="1591" WIDTH="140" HEIGHT="29" WC="0.96" CONTENT="betonat"/><SP WIDTH="18" VPOS="1591" HPOS="1192"/>
							<String ID="string_238" HPOS="1210" VPOS="1590" WIDTH="50" HEIGHT="27" WC="0.96" CONTENT="att"/><SP WIDTH="17" VPOS="1590" HPOS="1260"/>
							<String ID="string_239" HPOS="1277" VPOS="1597" WIDTH="42" HEIGHT="21" WC="0.96" CONTENT="en"/><SP WIDTH="18" VPOS="1597" HPOS="1319"/>
							<String ID="string_240" HPOS="1337" VPOS="1587" WIDTH="68" HEIGHT="29" WC="0.96" CONTENT="rätt"/><SP WIDTH="17" VPOS="1587" HPOS="1405"/>
							<String ID="string_241" HPOS="1422" VPOS="1583" WIDTH="184" HEIGHT="30" WC="0.96" CONTENT="förståelse"/>
						</TextLine>
						<TextLine ID="line_27" HPOS="119" VPOS="1636" WIDTH="1488" HEIGHT="54">
							<String ID="string_242" HPOS="119" VPOS="1669" WIDTH="40" HEIGHT="21" WC="0.93" CONTENT="av"/><SP WIDTH="23" VPOS="1669" HPOS="159"/>
							<String ID="string_243" HPOS="182" VPOS="1653" WIDTH="417" HEIGHT="37" WC="0.91" CONTENT="samhällsutvecklingen"/><SP WIDTH="22" VPOS="1653" HPOS="599"/>
							<String ID="string_244" HPOS="621" VPOS="1650" WIDTH="65" HEIGHT="31" WC="0.96" CONTENT="och"/><SP WIDTH="22" VPOS="1650" HPOS="686"/>
							<String ID="string_245" HPOS="708" VPOS="1648" WIDTH="229" HEIGHT="37" WC="0.96" CONTENT="näringslivet"/><SP WIDTH="23" VPOS="1648" HPOS="937"/>
							<String ID="string_246" HPOS="960" VPOS="1644" WIDTH="206" HEIGHT="30" WC="0.96" CONTENT="förutsätter"/><SP WIDTH="23" VPOS="1644" HPOS="1166"/>
							<String ID="string_247" HPOS="1189" VPOS="1641" WIDTH="202" HEIGHT="35" WC="0.95" CONTENT="kunskaper"/><SP WIDTH="23" VPOS="1641" HPOS="1391"/>
							<String ID="string_248" HPOS="1414" VPOS="1639" WIDTH="94" HEIGHT="29" WC="0.93" CONTENT="inom"/><SP WIDTH="24" VPOS="1639" HPOS="1508"/>
							<String ID="string_249" HPOS="1532" VPOS="1636" WIDTH="75" HEIGHT="29" WC="0.91" CONTENT="kul-"/>
						</TextLine>
						<TextLine ID="line_28" HPOS="117" VPOS="1693" WIDTH="1488" HEIGHT="57">
							<String ID="string_250" HPOS="117" VPOS="1710" WIDTH="214" HEIGHT="40" WC="0.92" CONTENT="turgeografi"/><SP WIDTH="20" VPOS="1710" HPOS="331"/>
							<String ID="string_251" HPOS="351" VPOS="1709" WIDTH="64" HEIGHT="30" WC="0.96" CONTENT="och"/><SP WIDTH="19" VPOS="1709" HPOS="415"/>
							<String ID="string_252" HPOS="434" VPOS="1709" WIDTH="51" HEIGHT="29" WC="0.96" CONTENT="att"/><SP WIDTH="19" VPOS="1709" HPOS="485"/>
							<String ID="string_253" HPOS="504" VPOS="1707" WIDTH="42" HEIGHT="29" WC="0.96" CONTENT="de"/><SP WIDTH="21" VPOS="1707" HPOS="546"/>
							<String ID="string_254" HPOS="567" VPOS="1704" WIDTH="218" HEIGHT="33" WC="0.96" CONTENT="studerande,"/><SP WIDTH="23" VPOS="1704" HPOS="785"/>
							<String ID="string_255" HPOS="808" VPOS="1710" WIDTH="74" HEIGHT="21" WC="0.96" CONTENT="som"/><SP WIDTH="21" VPOS="1710" HPOS="882"/>
							<String ID="string_256" HPOS="903" VPOS="1700" WIDTH="158" HEIGHT="28" WC="0.94" CONTENT="kommer"/><SP WIDTH="22" VPOS="1700" HPOS="1061"/>
							<String ID="string_257" HPOS="1083" VPOS="1698" WIDTH="50" HEIGHT="28" WC="0.96" CONTENT="att"/><SP WIDTH="20" VPOS="1698" HPOS="1133"/>
							<String ID="string_258" HPOS="1153" VPOS="1695" WIDTH="143" HEIGHT="36" WC="0.96" CONTENT="avlägga"/><SP WIDTH="22" VPOS="1695" HPOS="1296"/>
							<String ID="string_259" HPOS="1318" VPOS="1693" WIDTH="112" HEIGHT="29" WC="0.96" CONTENT="denna"/><SP WIDTH="22" VPOS="1693" HPOS="1430"/>
							<String ID="string_260" HPOS="1452" VPOS="1698" WIDTH="153" HEIGHT="25" WC="0.95" CONTENT="examen,"/>
						</TextLine>
						<TextLine ID="line_29" HPOS="120" VPOS="1743" WIDTH="1489" HEIGHT="55">
							<String ID="string_261" HPOS="120" VPOS="1769" WIDTH="10" HEIGHT="28" WC="0.96" CONTENT="i"/><SP WIDTH="26" VPOS="1769" HPOS="130"/>
							<String ID="string_262" HPOS="156" VPOS="1769" WIDTH="72" HEIGHT="28" WC="0.96" CONTENT="stor"/><SP WIDTH="25" VPOS="1769" HPOS="228"/>
							<String ID="string_263" HPOS="253" VPOS="1762" WIDTH="245" HEIGHT="36" WC="0.96" CONTENT="utsträckning"/><SP WIDTH="27" VPOS="1762" HPOS="498"/>
							<String ID="string_264" HPOS="525" VPOS="1761" WIDTH="157" HEIGHT="28" WC="0.96" CONTENT="kommer"/><SP WIDTH="26" VPOS="1761" HPOS="682"/>
							<String ID="string_265" HPOS="708" VPOS="1758" WIDTH="49" HEIGHT="29" WC="0.96" CONTENT="att"/><SP WIDTH="26" VPOS="1758" HPOS="757"/>
							<String ID="string_266" HPOS="783" VPOS="1755" WIDTH="113" HEIGHT="37" WC="0.96" CONTENT="syssla"/><SP WIDTH="24" VPOS="1755" HPOS="896"/>
							<String ID="string_267" HPOS="920" VPOS="1754" WIDTH="78" HEIGHT="29" WC="0.96" CONTENT="med"/><SP WIDTH="26" VPOS="1754" HPOS="998"/>
							<String ID="string_268" HPOS="1024" VPOS="1750" WIDTH="229" HEIGHT="31" WC="0.96" CONTENT="ekonomiska"/><SP WIDTH="25" VPOS="1750" HPOS="1253"/>
							<String ID="string_269" HPOS="1278" VPOS="1747" WIDTH="118" HEIGHT="36" WC="0.96" CONTENT="frågor"/><SP WIDTH="24" VPOS="1747" HPOS="1396"/>
							<String ID="string_270" HPOS="1420" VPOS="1746" WIDTH="94" HEIGHT="29" WC="0.93" CONTENT="inom"/><SP WIDTH="26" VPOS="1746" HPOS="1514"/>
							<String ID="string_271" HPOS="1540" VPOS="1743" WIDTH="69" HEIGHT="29" WC="0.92" CONTENT="för-"/>
						</TextLine>
						<TextLine ID="line_30" HPOS="119" VPOS="1798" WIDTH="1490" HEIGHT="57">
							<String ID="string_272" HPOS="119" VPOS="1820" WIDTH="202" HEIGHT="35" WC="0.92" CONTENT="valtningen"/><SP WIDTH="21" VPOS="1820" HPOS="321"/>
							<String ID="string_273" HPOS="342" VPOS="1817" WIDTH="64" HEIGHT="29" WC="0.96" CONTENT="och"/><SP WIDTH="23" VPOS="1817" HPOS="406"/>
							<String ID="string_274" HPOS="429" VPOS="1812" WIDTH="235" HEIGHT="38" WC="0.95" CONTENT="näringslivet,"/><SP WIDTH="23" VPOS="1812" HPOS="664"/>
							<String ID="string_275" HPOS="687" VPOS="1809" WIDTH="121" HEIGHT="30" WC="0.96" CONTENT="varför"/><SP WIDTH="22" VPOS="1809" HPOS="808"/>
							<String ID="string_276" HPOS="830" VPOS="1808" WIDTH="56" HEIGHT="29" WC="0.96" CONTENT="det"/><SP WIDTH="22" VPOS="1808" HPOS="886"/>
							<String ID="string_277" HPOS="908" VPOS="1807" WIDTH="38" HEIGHT="29" WC="0.96" CONTENT="är"/><SP WIDTH="23" VPOS="1807" HPOS="946"/>
							<String ID="string_278" HPOS="969" VPOS="1805" WIDTH="179" HEIGHT="36" WC="0.96" CONTENT="angeläget"/><SP WIDTH="22" VPOS="1805" HPOS="1148"/>
							<String ID="string_279" HPOS="1170" VPOS="1803" WIDTH="79" HEIGHT="28" WC="0.96" CONTENT="med"/><SP WIDTH="24" VPOS="1803" HPOS="1249"/>
							<String ID="string_280" HPOS="1273" VPOS="1801" WIDTH="110" HEIGHT="29" WC="0.96" CONTENT="ökade"/><SP WIDTH="24" VPOS="1801" HPOS="1383"/>
							<String ID="string_281" HPOS="1407" VPOS="1798" WIDTH="202" HEIGHT="35" WC="0.96" CONTENT="kunskaper"/>
						</TextLine>
						<TextLine ID="line_31" HPOS="120" VPOS="1868" WIDTH="352" HEIGHT="39">
							<String ID="string_282" HPOS="120" VPOS="1875" WIDTH="7" HEIGHT="28" WC="0.96" CONTENT="i"/><SP WIDTH="20" VPOS="1875" HPOS="127"/>
							<String ID="string_283" HPOS="147" VPOS="1868" WIDTH="325" HEIGHT="39" WC="0.96" CONTENT="företagsekonomi."/>
						</TextLine>
					</TextBlock>
					<TextBlock ID="block_3" HPOS="122" VPOS="1904" WIDTH="1495" HEIGHT="588">
						<TextLine ID="line_32" HPOS="165" VPOS="1904" WIDTH="1445" HEIGHT="52">
							<String ID="string_284" HPOS="165" VPOS="1926" WIDTH="151" HEIGHT="30" WC="0.96" CONTENT="Behovet"/><SP WIDTH="24" VPOS="1926" HPOS="316"/>
							<String ID="string_285" HPOS="340" VPOS="1932" WIDTH="40" HEIGHT="20" WC="0.93" CONTENT="av"/><SP WIDTH="22" VPOS="1932" HPOS="380"/>
							<String ID="string_286" HPOS="402" VPOS="1916" WIDTH="426" HEIGHT="40" WC="0.91" CONTENT="utredningsspecialister"/><SP WIDTH="22" VPOS="1916" HPOS="828"/>
							<String ID="string_287" HPOS="850" VPOS="1914" WIDTH="77" HEIGHT="29" WC="0.96" CONTENT="med"/><SP WIDTH="23" VPOS="1914" HPOS="927"/>
							<String ID="string_288" HPOS="950" VPOS="1922" WIDTH="42" HEIGHT="20" WC="0.96" CONTENT="en"/><SP WIDTH="23" VPOS="1922" HPOS="992"/>
							<String ID="string_289" HPOS="1015" VPOS="1910" WIDTH="161" HEIGHT="39" WC="0.95" CONTENT="grundlig"/><SP WIDTH="23" VPOS="1910" HPOS="1176"/>
							<String ID="string_290" HPOS="1199" VPOS="1904" WIDTH="411" HEIGHT="36" WC="0.91" CONTENT="samhällsvetenskaplig"/>
						</TextLine>
						<TextLine ID="line_33" HPOS="122" VPOS="1957" WIDTH="1488" HEIGHT="58">
							<String ID="string_291" HPOS="122" VPOS="1980" WIDTH="163" HEIGHT="35" WC="0.95" CONTENT="skolning"/><SP WIDTH="23" VPOS="1980" HPOS="285"/>
							<String ID="string_292" HPOS="308" VPOS="1978" WIDTH="38" HEIGHT="29" WC="0.96" CONTENT="är"/><SP WIDTH="23" VPOS="1978" HPOS="346"/>
							<String ID="string_293" HPOS="369" VPOS="1974" WIDTH="196" HEIGHT="38" WC="0.96" CONTENT="uppenbart"/><SP WIDTH="22" VPOS="1974" HPOS="565"/>
							<String ID="string_294" HPOS="587" VPOS="1972" WIDTH="64" HEIGHT="28" WC="0.96" CONTENT="och"/><SP WIDTH="22" VPOS="1972" HPOS="651"/>
							<String ID="string_295" HPOS="673" VPOS="1970" WIDTH="173" HEIGHT="29" WC="0.96" CONTENT="utskottet"/><SP WIDTH="23" VPOS="1970" HPOS="846"/>
							<String ID="string_296" HPOS="869" VPOS="1967" WIDTH="116" HEIGHT="29" WC="0.96" CONTENT="finner"/><SP WIDTH="22" VPOS="1967" HPOS="985"/>
							<String ID="string_297" HPOS="1007" VPOS="1966" WIDTH="10" HEIGHT="28" WC="0.96" CONTENT="i"/><SP WIDTH="23" VPOS="1966" HPOS="1017"/>
							<String ID="string_298" HPOS="1040" VPOS="1964" WIDTH="108" HEIGHT="29" WC="0.96" CONTENT="likhet"/><SP WIDTH="23" VPOS="1964" HPOS="1148"/>
							<String ID="string_299" HPOS="1171" VPOS="1962" WIDTH="77" HEIGHT="29" WC="0.93" CONTENT="med"/><SP WIDTH="24" VPOS="1962" HPOS="1248"/>
							<String ID="string_300" HPOS="1272" VPOS="1957" WIDTH="338" HEIGHT="39" WC="0.90" CONTENT="departementsche-"/>
						</TextLine>
						<TextLine ID="line_34" HPOS="122" VPOS="2011" WIDTH="1489" HEIGHT="58">
							<String ID="string_301" HPOS="122" VPOS="2035" WIDTH="57" HEIGHT="29" WC="0.96" CONTENT="fen"/><SP WIDTH="28" VPOS="2035" HPOS="179"/>
							<String ID="string_302" HPOS="207" VPOS="2031" WIDTH="222" HEIGHT="38" WC="0.96" CONTENT="synnerligen"/><SP WIDTH="27" VPOS="2031" HPOS="429"/>
							<String ID="string_303" HPOS="456" VPOS="2027" WIDTH="136" HEIGHT="36" WC="0.96" CONTENT="viktigt,"/><SP WIDTH="28" VPOS="2027" HPOS="592"/>
							<String ID="string_304" HPOS="620" VPOS="2026" WIDTH="49" HEIGHT="28" WC="0.96" CONTENT="att"/><SP WIDTH="27" VPOS="2026" HPOS="669"/>
							<String ID="string_305" HPOS="696" VPOS="2032" WIDTH="41" HEIGHT="21" WC="0.96" CONTENT="en"/><SP WIDTH="29" VPOS="2032" HPOS="737"/>
							<String ID="string_306" HPOS="766" VPOS="2021" WIDTH="142" HEIGHT="36" WC="0.92" CONTENT="lämplig"/><SP WIDTH="27" VPOS="2021" HPOS="908"/>
							<String ID="string_307" HPOS="935" VPOS="2017" WIDTH="283" HEIGHT="36" WC="0.91" CONTENT="utbildningsväg"/><SP WIDTH="26" VPOS="2017" HPOS="1218"/>
							<String ID="string_308" HPOS="1244" VPOS="2015" WIDTH="128" HEIGHT="35" WC="0.96" CONTENT="skapas"/><SP WIDTH="27" VPOS="2015" HPOS="1372"/>
							<String ID="string_309" HPOS="1399" VPOS="2012" WIDTH="54" HEIGHT="29" WC="0.96" CONTENT="för"/><SP WIDTH="27" VPOS="2012" HPOS="1453"/>
							<String ID="string_310" HPOS="1480" VPOS="2011" WIDTH="131" HEIGHT="29" WC="0.96" CONTENT="sådana"/>
						</TextLine>
						<TextLine ID="line_35" HPOS="125" VPOS="2064" WIDTH="1488" HEIGHT="61">
							<String ID="string_311" HPOS="125" VPOS="2087" WIDTH="225" HEIGHT="38" WC="0.96" CONTENT="specialister."/><SP WIDTH="23" VPOS="2087" HPOS="350"/>
							<String ID="string_312" HPOS="373" VPOS="2084" WIDTH="72" HEIGHT="28" WC="0.96" CONTENT="Vad"/><SP WIDTH="24" VPOS="2084" HPOS="445"/>
							<String ID="string_313" HPOS="469" VPOS="2080" WIDTH="108" HEIGHT="37" WC="0.96" CONTENT="angår"/><SP WIDTH="21" VPOS="2080" HPOS="577"/>
							<String ID="string_314" HPOS="598" VPOS="2079" WIDTH="65" HEIGHT="29" WC="0.96" CONTENT="den"/><SP WIDTH="24" VPOS="2079" HPOS="663"/>
							<String ID="string_315" HPOS="687" VPOS="2076" WIDTH="171" HEIGHT="30" WC="0.96" CONTENT="konkreta"/><SP WIDTH="22" VPOS="2076" HPOS="858"/>
							<String ID="string_316" HPOS="880" VPOS="2072" WIDTH="263" HEIGHT="35" WC="0.96" CONTENT="utformningen"/><SP WIDTH="23" VPOS="2072" HPOS="1143"/>
							<String ID="string_317" HPOS="1166" VPOS="2079" WIDTH="40" HEIGHT="19" WC="0.96" CONTENT="av"/><SP WIDTH="22" VPOS="2079" HPOS="1206"/>
							<String ID="string_318" HPOS="1228" VPOS="2069" WIDTH="66" HEIGHT="29" WC="0.96" CONTENT="den"/><SP WIDTH="23" VPOS="2069" HPOS="1294"/>
							<String ID="string_319" HPOS="1317" VPOS="2066" WIDTH="197" HEIGHT="36" WC="0.92" CONTENT="föreslagna"/><SP WIDTH="23" VPOS="2066" HPOS="1514"/>
							<String ID="string_320" HPOS="1537" VPOS="2064" WIDTH="76" HEIGHT="29" WC="0.91" CONTENT="filo-"/>
						</TextLine>
						<TextLine ID="line_36" HPOS="123" VPOS="2117" WIDTH="1488" HEIGHT="53">
							<String ID="string_321" HPOS="123" VPOS="2132" WIDTH="557" HEIGHT="38" WC="0.91" CONTENT="sofisk-samhällsvetenskapliga"/><SP WIDTH="21" VPOS="2132" HPOS="680"/>
							<String ID="string_322" HPOS="701" VPOS="2137" WIDTH="145" HEIGHT="22" WC="0.95" CONTENT="examen"/><SP WIDTH="23" VPOS="2137" HPOS="846"/>
							<String ID="string_323" HPOS="869" VPOS="2127" WIDTH="114" HEIGHT="28" WC="0.95" CONTENT="finner"/><SP WIDTH="23" VPOS="2127" HPOS="983"/>
							<String ID="string_324" HPOS="1006" VPOS="2125" WIDTH="176" HEIGHT="32" WC="0.96" CONTENT="utskottet,"/><SP WIDTH="24" VPOS="2125" HPOS="1182"/>
							<String ID="string_325" HPOS="1206" VPOS="2124" WIDTH="50" HEIGHT="27" WC="0.96" CONTENT="att"/><SP WIDTH="21" VPOS="2124" HPOS="1256"/>
							<String ID="string_326" HPOS="1277" VPOS="2121" WIDTH="40" HEIGHT="29" WC="0.93" CONTENT="de"/><SP WIDTH="21" VPOS="2121" HPOS="1317"/>
							<String ID="string_327" HPOS="1338" VPOS="2117" WIDTH="273" HEIGHT="36" WC="0.91" CONTENT="huvudgrunder"/>
						</TextLine>
						<TextLine ID="line_37" HPOS="123" VPOS="2170" WIDTH="1491" HEIGHT="60">
							<String ID="string_328" HPOS="123" VPOS="2188" WIDTH="385" HEIGHT="42" WC="0.91" CONTENT="departementschefen"/><SP WIDTH="31" VPOS="2188" HPOS="508"/>
							<String ID="string_329" HPOS="539" VPOS="2185" WIDTH="129" HEIGHT="36" WC="0.96" CONTENT="angivit"/><SP WIDTH="29" VPOS="2185" HPOS="668"/>
							<String ID="string_330" HPOS="697" VPOS="2182" WIDTH="147" HEIGHT="30" WC="0.96" CONTENT="innebär"/><SP WIDTH="28" VPOS="2182" HPOS="844"/>
							<String ID="string_331" HPOS="872" VPOS="2190" WIDTH="40" HEIGHT="19" WC="0.96" CONTENT="en"/><SP WIDTH="30" VPOS="2190" HPOS="912"/>
							<String ID="string_332" HPOS="942" VPOS="2176" WIDTH="276" HEIGHT="35" WC="0.96" CONTENT="ändamålsenlig"/><SP WIDTH="30" VPOS="2176" HPOS="1218"/>
							<String ID="string_333" HPOS="1248" VPOS="2173" WIDTH="202" HEIGHT="36" WC="0.93" CONTENT="avvägning."/><SP WIDTH="31" VPOS="2173" HPOS="1450"/>
							<String ID="string_334" HPOS="1481" VPOS="2170" WIDTH="133" HEIGHT="30" WC="0.91" CONTENT="Beträf-"/>
						</TextLine>
						<TextLine ID="line_38" HPOS="127" VPOS="2224" WIDTH="1487" HEIGHT="54">
							<String ID="string_335" HPOS="127" VPOS="2247" WIDTH="102" HEIGHT="30" WC="0.92" CONTENT="fande"/><SP WIDTH="26" VPOS="2247" HPOS="229"/>
							<String ID="string_336" HPOS="255" VPOS="2246" WIDTH="42" HEIGHT="28" WC="0.96" CONTENT="de"/><SP WIDTH="26" VPOS="2246" HPOS="297"/>
							<String ID="string_337" HPOS="323" VPOS="2244" WIDTH="126" HEIGHT="34" WC="0.96" CONTENT="frågor,"/><SP WIDTH="26" VPOS="2244" HPOS="449"/>
							<String ID="string_338" HPOS="475" VPOS="2249" WIDTH="75" HEIGHT="20" WC="0.96" CONTENT="som"/><SP WIDTH="25" VPOS="2249" HPOS="550"/>
							<String ID="string_339" HPOS="575" VPOS="2239" WIDTH="133" HEIGHT="28" WC="0.96" CONTENT="berörts"/><SP WIDTH="26" VPOS="2239" HPOS="708"/>
							<String ID="string_340" HPOS="734" VPOS="2236" WIDTH="10" HEIGHT="28" WC="0.96" CONTENT="i"/><SP WIDTH="26" VPOS="2236" HPOS="744"/>
							<String ID="string_341" HPOS="770" VPOS="2235" WIDTH="176" HEIGHT="29" WC="0.96" CONTENT="motionen"/><SP WIDTH="27" VPOS="2235" HPOS="946"/>
							<String ID="string_342" HPOS="973" VPOS="2232" WIDTH="44" HEIGHT="28" WC="0.74" CONTENT="II:"/><SP WIDTH="18" VPOS="2232" HPOS="1017"/>
							<String ID="string_343" HPOS="1035" VPOS="2231" WIDTH="73" HEIGHT="33" WC="0.92" CONTENT="536,"/><SP WIDTH="25" VPOS="2231" HPOS="1108"/>
							<String ID="string_344" HPOS="1133" VPOS="2238" WIDTH="101" HEIGHT="20" WC="0.96" CONTENT="anser"/><SP WIDTH="24" VPOS="2238" HPOS="1234"/>
							<String ID="string_345" HPOS="1258" VPOS="2227" WIDTH="170" HEIGHT="29" WC="0.96" CONTENT="utskottet"/><SP WIDTH="25" VPOS="2227" HPOS="1428"/>
							<String ID="string_346" HPOS="1453" VPOS="2227" WIDTH="49" HEIGHT="27" WC="0.90" CONTENT="att"/><SP WIDTH="26" VPOS="2227" HPOS="1502"/>
							<String ID="string_347" HPOS="1528" VPOS="2224" WIDTH="86" HEIGHT="28" WC="0.90" CONTENT="kun-"/>
						</TextLine>
						<TextLine ID="line_39" HPOS="128" VPOS="2278" WIDTH="1487" HEIGHT="58">
							<String ID="string_348" HPOS="128" VPOS="2302" WIDTH="126" HEIGHT="34" WC="0.96" CONTENT="skaper"/><SP WIDTH="20" VPOS="2302" HPOS="254"/>
							<String ID="string_349" HPOS="274" VPOS="2298" WIDTH="9" HEIGHT="28" WC="0.96" CONTENT="i"/><SP WIDTH="21" VPOS="2298" HPOS="283"/>
							<String ID="string_350" HPOS="304" VPOS="2292" WIDTH="277" HEIGHT="38" WC="0.94" CONTENT="kulturgeografi"/><SP WIDTH="21" VPOS="2292" HPOS="581"/>
							<String ID="string_351" HPOS="602" VPOS="2291" WIDTH="8" HEIGHT="28" WC="0.96" CONTENT="i"/><SP WIDTH="19" VPOS="2291" HPOS="610"/>
							<String ID="string_352" HPOS="629" VPOS="2290" WIDTH="63" HEIGHT="29" WC="0.96" CONTENT="och"/><SP WIDTH="21" VPOS="2290" HPOS="692"/>
							<String ID="string_353" HPOS="713" VPOS="2289" WIDTH="54" HEIGHT="28" WC="0.96" CONTENT="för"/><SP WIDTH="20" VPOS="2289" HPOS="767"/>
							<String ID="string_354" HPOS="787" VPOS="2288" WIDTH="51" HEIGHT="35" WC="0.96" CONTENT="sig"/><SP WIDTH="19" VPOS="2288" HPOS="838"/>
							<String ID="string_355" HPOS="857" VPOS="2288" WIDTH="37" HEIGHT="27" WC="0.96" CONTENT="är"/><SP WIDTH="20" VPOS="2288" HPOS="894"/>
							<String ID="string_356" HPOS="914" VPOS="2295" WIDTH="40" HEIGHT="19" WC="0.96" CONTENT="av"/><SP WIDTH="20" VPOS="2295" HPOS="954"/>
							<String ID="string_357" HPOS="974" VPOS="2286" WIDTH="87" HEIGHT="27" WC="0.96" CONTENT="stort"/><SP WIDTH="20" VPOS="2286" HPOS="1061"/>
							<String ID="string_358" HPOS="1081" VPOS="2283" WIDTH="113" HEIGHT="29" WC="0.92" CONTENT="värde."/><SP WIDTH="21" VPOS="2283" HPOS="1194"/>
							<String ID="string_359" HPOS="1215" VPOS="2281" WIDTH="116" HEIGHT="34" WC="0.96" CONTENT="Enligt"/><SP WIDTH="18" VPOS="2281" HPOS="1331"/>
							<String ID="string_360" HPOS="1349" VPOS="2280" WIDTH="56" HEIGHT="28" WC="0.96" CONTENT="det"/><SP WIDTH="20" VPOS="2280" HPOS="1405"/>
							<String ID="string_361" HPOS="1425" VPOS="2278" WIDTH="130" HEIGHT="34" WC="0.95" CONTENT="förslag"/><SP WIDTH="20" VPOS="2278" HPOS="1555"/>
							<String ID="string_362" HPOS="1575" VPOS="2285" WIDTH="40" HEIGHT="19" WC="0.96" CONTENT="av"/>
						</TextLine>
						<TextLine ID="line_40" HPOS="127" VPOS="2331" WIDTH="1488" HEIGHT="56">
							<String ID="string_363" HPOS="127" VPOS="2350" WIDTH="360" HEIGHT="37" WC="0.91" CONTENT="utredningsmännen"/><SP WIDTH="26" VPOS="2350" HPOS="487"/>
							<String ID="string_364" HPOS="513" VPOS="2354" WIDTH="74" HEIGHT="20" WC="0.96" CONTENT="som"/><SP WIDTH="26" VPOS="2354" HPOS="587"/>
							<String ID="string_365" HPOS="613" VPOS="2344" WIDTH="105" HEIGHT="35" WC="0.95" CONTENT="ligger"/><SP WIDTH="24" VPOS="2344" HPOS="718"/>
							<String ID="string_366" HPOS="742" VPOS="2342" WIDTH="52" HEIGHT="28" WC="0.95" CONTENT="till"/><SP WIDTH="25" VPOS="2342" HPOS="794"/>
							<String ID="string_367" HPOS="819" VPOS="2339" WIDTH="111" HEIGHT="37" WC="0.95" CONTENT="grund"/><SP WIDTH="27" VPOS="2339" HPOS="930"/>
							<String ID="string_368" HPOS="957" VPOS="2338" WIDTH="54" HEIGHT="28" WC="0.95" CONTENT="för"/><SP WIDTH="25" VPOS="2338" HPOS="1011"/>
							<String ID="string_369" HPOS="1036" VPOS="2335" WIDTH="272" HEIGHT="38" WC="0.96" CONTENT="propositionen,"/><SP WIDTH="24" VPOS="2335" HPOS="1308"/>
							<String ID="string_370" HPOS="1332" VPOS="2332" WIDTH="87" HEIGHT="28" WC="0.96" CONTENT="skall"/><SP WIDTH="25" VPOS="2332" HPOS="1419"/>
							<String ID="string_371" HPOS="1444" VPOS="2331" WIDTH="92" HEIGHT="28" WC="0.93" CONTENT="vissa"/><SP WIDTH="25" VPOS="2331" HPOS="1536"/>
							<String ID="string_372" HPOS="1561" VPOS="2338" WIDTH="54" HEIGHT="19" WC="0.91" CONTENT="av-"/>
						</TextLine>
						<TextLine ID="line_41" HPOS="129" VPOS="2381" WIDTH="1488" HEIGHT="56">
							<String ID="string_373" HPOS="129" VPOS="2408" WIDTH="84" HEIGHT="29" WC="0.96" CONTENT="snitt"/><SP WIDTH="24" VPOS="2408" HPOS="213"/>
							<String ID="string_374" HPOS="237" VPOS="2414" WIDTH="41" HEIGHT="20" WC="0.95" CONTENT="av"/><SP WIDTH="25" VPOS="2414" HPOS="278"/>
							<String ID="string_375" HPOS="303" VPOS="2398" WIDTH="276" HEIGHT="39" WC="0.95" CONTENT="kulturgeografi"/><SP WIDTH="24" VPOS="2398" HPOS="579"/>
							<String ID="string_376" HPOS="603" VPOS="2396" WIDTH="77" HEIGHT="36" WC="0.96" CONTENT="ingå"/><SP WIDTH="24" VPOS="2396" HPOS="680"/>
							<String ID="string_377" HPOS="704" VPOS="2396" WIDTH="8" HEIGHT="28" WC="0.96" CONTENT="i"/><SP WIDTH="24" VPOS="2396" HPOS="712"/>
							<String ID="string_378" HPOS="736" VPOS="2395" WIDTH="118" HEIGHT="28" WC="0.96" CONTENT="ämnet"/><SP WIDTH="23" VPOS="2395" HPOS="854"/>
							<String ID="string_379" HPOS="877" VPOS="2387" WIDTH="331" HEIGHT="34" WC="0.96" CONTENT="nationalekonomi."/><SP WIDTH="24" VPOS="2387" HPOS="1208"/>
							<String ID="string_380" HPOS="1232" VPOS="2386" WIDTH="176" HEIGHT="30" WC="0.95" CONTENT="Utskottet"/><SP WIDTH="23" VPOS="2386" HPOS="1408"/>
							<String ID="string_381" HPOS="1431" VPOS="2384" WIDTH="56" HEIGHT="29" WC="0.96" CONTENT="vill"/><SP WIDTH="24" VPOS="2384" HPOS="1487"/>
							<String ID="string_382" HPOS="1511" VPOS="2381" WIDTH="106" HEIGHT="30" WC="0.96" CONTENT="också"/>
						</TextLine>
						<TextLine ID="line_42" HPOS="131" VPOS="2436" WIDTH="1486" HEIGHT="56">
							<String ID="string_383" HPOS="131" VPOS="2459" WIDTH="187" HEIGHT="31" WC="0.95" CONTENT="framhålla"/><SP WIDTH="22" VPOS="2459" HPOS="318"/>
							<String ID="string_384" HPOS="340" VPOS="2454" WIDTH="224" HEIGHT="38" WC="0.96" CONTENT="möjligheten"/><SP WIDTH="23" VPOS="2454" HPOS="564"/>
							<String ID="string_385" HPOS="587" VPOS="2450" WIDTH="52" HEIGHT="29" WC="0.96" CONTENT="för"/><SP WIDTH="19" VPOS="2450" HPOS="639"/>
							<String ID="string_386" HPOS="658" VPOS="2450" WIDTH="64" HEIGHT="27" WC="0.96" CONTENT="den"/><SP WIDTH="22" VPOS="2450" HPOS="722"/>
							<String ID="string_387" HPOS="744" VPOS="2445" WIDTH="211" HEIGHT="31" WC="0.96" CONTENT="studerande"/><SP WIDTH="20" VPOS="2445" HPOS="955"/>
							<String ID="string_388" HPOS="975" VPOS="2445" WIDTH="49" HEIGHT="28" WC="0.96" CONTENT="att"/><SP WIDTH="20" VPOS="2445" HPOS="1024"/>
							<String ID="string_389" HPOS="1044" VPOS="2441" WIDTH="92" HEIGHT="36" WC="0.96" CONTENT="välja"/><SP WIDTH="20" VPOS="2441" HPOS="1136"/>
							<String ID="string_390" HPOS="1156" VPOS="2437" WIDTH="276" HEIGHT="39" WC="0.96" CONTENT="kulturgeografi"/><SP WIDTH="20" VPOS="2437" HPOS="1432"/>
							<String ID="string_391" HPOS="1452" VPOS="2445" WIDTH="74" HEIGHT="21" WC="0.92" CONTENT="som"/><SP WIDTH="21" VPOS="2445" HPOS="1526"/>
							<String ID="string_392" HPOS="1547" VPOS="2436" WIDTH="70" HEIGHT="28" WC="0.90" CONTENT="stu-"/>
						</TextLine>
					</TextBlock>
				</ComposedBlock>
			</PrintSpace>
		</Page>
	</Layout>
</alto>
