1872 2780
472 163 287 32 Statsutskottets
783 159 180 31 utlåtande
985 167 44 21 nr
1051 158 42 30 49
1115 156 40 31 år
1179 156 82 30 1961
1592 150 20 31 d

895 237 264 40 Avlöningsstat

439 307 29 30 1.
504 305 213 39 Avlöningar
755 303 54 30 till
847 300 177 32 ordinarie
1062 298 228 41 tjänstemän,
1328 295 72 40 för-

502 358 147 41 Slagsvis
699 381 137 6 sosse
875 380 50 5 ere
943 379 48 5 rer
1010 378 26 5 rr
1055 378 26 4 rr
1120 377 27 4 rr
1165 374 226 7 rr
1457 346 64 31 694
1534 345 63 31 000

438 413 30 31 2,
504 412 162 31 Arvoden
689 411 65 30 och
780 408 175 32 särskilda
977 405 249 40 ersättningar,
1250 403 151 30 bestäm-

504 466 44 30 da
567 475 42 21 av
628 463 127 41 Kungl.
775 462 116 40 Maj:t,
912 459 204 42 förslagsvis
1144 481 248 7 ..........->
1460 453 62 31 189
1535 452 63 31 000

439 520 30 31 3.
505 518 247 40 Ersättningar
785 516 53 31 till
873 513 152 42 expertis
1060 513 64 30 och
1159 510 155 40 tillfällig
1349 518 53 21 ar-

505 571 184 35 betskraft,
716 568 206 42 förslagsvis
968 587 425 10 —..sssessser
1209 562 37 52 rr
1255 562 56 52 rer
1323 562 30 52 rr
1362 562 33 52 ra
1481 560 40 31 51
1536 558 64 32 000

440 626 31 31 4.
507 625 214 40 Avlöningar
745 623 53 31 till
824 622 97 40 övrig
944 618 270 33 icke-ordinarie
1240 615 162 42 personal
1427 614 97 31 4016
1537 612 63 31 000

440 680 31 30 5.
507 679 134 40 Rörligt
664 678 131 39 tillägg,
820 673 206 43 förslagsvis
1059 696 203 6 -..sssss--
1300 695 94 4 >>>
1430 667 94 31 1403
1538 666 63 30 000

441 733 30 31 6.
507 730 278 42 Kompensation
818 729 56 31 för
906 727 111 41 höjda
1051 722 354 43 folkpensionsavgif-

508 789 62 32 ter,
597 784 205 41 förslagsvis
837 801 559 12 —..ssesse
1037 777 33 52 es
1079 777 56 52 ere
1157 777 92 52 ere
1280 777 34 52 rr
1323 777 75 52 rr
1484 773 42 31 94
1539 772 63 31 000

1107 850 144 31 Summa
1274 848 132 30 kronor
1430 846 19 30 6
1463 844 62 31 447
1540 843 79 36 000;

488 946 35 35 e)
552 945 54 31 till
628 945 141 31 Statens
795 940 295 40 bakteriologiska
1116 936 268 32 laboratorium:
1409 933 215 38 Avlöningar

446 999 55 32 för
525 997 206 41 budgetåret
760 995 141 32 1961/62
927 993 114 31 under
1067 991 83 32 elfte
1175 988 225 33 huvudtiteln
1427 986 122 31 anvisa
1575 986 49 29 ett

446 1051 274 41 förslagsanslag
746 1059 43 21 av
814 1049 20 30 6
847 1048 63 30 447
925 1047 63 31 000
1015 1046 147 34 kronor;

490 1106 40 35 d)
559 1105 53 31 till
647 1105 140 30 Statens
824 1099 295 40 bakteriologiska
1156 1096 269 32 laboratorium:
1463 1092 163 32 Omkost-

446 1159 110 31 nader
581 1158 57 30 för
662 1155 208 41 budgetåret
898 1153 142 32 1961/62
1067 1152 113 30 under
1206 1149 83 31 elfte
1315 1146 224 33 huvudtiteln
1566 1153 60 22 an-

446 1213 76 30 visa
542 1214 48 28 ett
609 1208 276 42 förslagsanslag
906 1217 42 21 av
968 1206 19 31 3
1001 1205 64 31 493
1080 1205 62 31 000
1163 1205 142 29 kronor.

182 1269 204 33 Stockholm
400 1268 67 31 den
484 1267 37 30 11
539 1266 88 40 april
645 1265 81 30 1961

621 1372 50 30 På
695 1369 281 32 statsutskottets
1000 1368 147 38 vägnar:

669 1440 144 31 ERNST
833 1440 39 29 V.
893 1436 203 33 STAXÄNG

188 1660 66 31 Vid
274 1657 220 43 förestående
515 1655 146 32 ärendes
683 1652 287 39 slutbehandling
992 1650 94 30 inom
1110 1648 171 30 utskottet
1302 1646 66 30 har
1388 1642 157 32 närvarit

190 1714 81 30 från
314 1712 167 31 första
522 1711 223 29 kammaren:
778 1708 124 29 herrar
932 1704 195 33 Näsström,
1159 1702 79 30 Ivar
1269 1700 211 32 Johansson,
1513 1695 120 39 Birger

146 1759 213 32 Andersson,
390 1757 182 38 Bergman,
603 1755 66 29 Per
698 1752 204 33 Jacobsson,
933 1749 95 30 Fritz
1058 1748 161 32 Persson,
1250 1745 139 38 Ragnar
1419 1741 124 39 Bergh,
1574 1739 59 30 fru

145 1801 261 35 Wallentheim,
424 1800 122 30 herrar
565 1798 200 38 Söderberg,
785 1795 233 32 Mårtensson,
1038 1791 118 34 Svärd,
1176 1789 106 31 Bertil
1302 1789 196 31 Petersson,
1516 1783 118 31 Lund-

147 1848 119 34 ström,
290 1846 174 30 Thorsten
487 1844 152 29 Larsson
664 1842 65 29 och
753 1840 143 34 Widén;
923 1840 92 28 samt

193 1909 81 30 från
301 1917 57 21 an
371 1907 84 30 dra
481 1906 221 29 kammaren:
720 1903 124 29 herrar
860 1901 162 37 Staxäng,
1039 1899 182 29 Petterson
1237 1897 12 29 i
1264 1894 197 41 Degerfors,
1478 1892 159 32 Gustafs-

147 1963 63 22 son
227 1954 12 29 i
256 1951 213 34 Stockholm,
487 1949 168 30 Karlsson
672 1948 11 29 i
702 1946 205 33 Olofström,
925 1944 176 38 Almgren,
1120 1941 162 30 Eliasson
1299 1940 12 29 i
1329 1939 196 33 Sundborn,
1538 1936 96 31 Mell-

149 1998 101 41 qvist,
276 1997 126 30 fröken
427 1995 134 33 Elmén,
587 1993 122 29 herrar
734 1990 184 34 Arvidson,
944 1987 145 35 Wedén,
1115 1985 127 35 Cassel,
1268 1983 210 31 Gustafsson
1503 1982 12 29 i
1542 1980 94 32 Skel-

148 2042 116 35 lefteå,
287 2041 201 31 Andersson
511 2039 10 29 i
544 2037 150 34 Knäred,
717 2034 200 41 Fagerlund
939 2033 66 29 och
1028 2031 57 30 fru
1108 2030 199 38 Holmberg.
