2182 2646
446 210 17 29 6
887 209 262 34 Statsutskottets
1172 210 175 33 Memorial
1369 211 61 32 N:o
1453 214 69 30 189.

402 297 88 38 med
533 299 45 36 15
619 304 161 44 procent
813 301 19 35 å
860 298 161 39 kontant
1050 298 179 52 aflöning,
1258 298 98 40 dock
1384 299 117 39 icke
1488 293 25 63 i
1530 303 118 48 något
1674 300 67 38 fall
1770 301 86 38 med
1885 301 122 51 högre

402 349 140 51 belopp
572 355 46 33 än
650 351 108 44 1,000
787 350 151 49 kronor,
968 351 72 38 och

536 401 57 37 till
634 402 244 48 tjänsteman,
921 403 176 38 hvilkens
1137 403 262 50 tjänstgöring
1440 409 40 31 är
1515 403 153 50 förlagd
1696 404 57 37 till
1782 417 125 24 annan
1936 410 70 43 ort,

401 452 89 37 med
533 454 44 35 12
618 459 159 44 procent
818 457 20 34 å
876 454 160 38 kontant
1076 455 180 49 aflöning,
1285 455 99 37 dock
1410 455 84 37 icke
1522 455 11 37 i
1560 458 119 47 något
1707 455 66 38 fall
1800 455 57 37 till
1885 456 120 50 högre

401 504 140 50 belopp
570 510 47 32 än
647 507 72 36 800
747 506 151 47 kronor,
928 511 110 43 samt,
1113 512 7 5 ”

535 556 12 36 i
587 556 101 38 hvad
728 560 120 47 angår
887 558 182 49 betjänte,
1113 558 86 37 med
1233 560 45 35 25
1308 564 159 44 procent
1497 562 20 34 å
1544 558 162 38 kontant
1733 559 180 50 aflöning,
1943 573 61 23 om

401 608 309 49 tjänstgöringen
741 614 40 32 är
809 609 152 50 förlagd
984 609 58 38 till
1071 610 300 46 hufvudstaden,
1401 623 85 24 men
1517 610 112 49 eljest
1658 610 86 37 med
1773 612 46 36 20
1847 617 160 43 procent

402 662 20 33 å
450 659 120 37 sådan
599 660 180 48 aflöning.

536 707 72 51 2:0)
663 710 151 50 Ingår
795 703 25 63 i
843 711 217 50 aflöningen
1101 711 176 38 bostads-
1313 711 92 37 eller
1440 711 313 38 boställsförmån
1767 710 58 39 in
1856 718 149 43 natura,

402 760 98 38 skall
529 762 65 37 det
621 762 121 50 enligt
769 763 322 49 nästföregående
1120 771 169 30 moment
1310 763 219 38 beräknade
1548 763 268 51 lönetillägget
1835 764 170 38 minskas

401 813 88 37 med
530 819 54 31 ett
622 814 153 50 belopp,
816 815 269 37 motsvarande
1125 817 45 35 10
1198 821 160 43 procent
1386 815 42 37 af
1452 815 46 37 de
1527 815 186 38 kontanta
1738 816 269 50 aflöningsför-

400 867 144 43 måner,
573 864 117 39 hvarå
718 865 178 50 tillägget
925 866 217 37 beräknats.

536 914 71 48 3:o)
634 917 127 37 "Från
805 917 223 50 åtnjutande
1070 917 42 38 af
1148 922 108 33 extra
1293 917 229 51 lönetillägg
1556 918 255 50 undantagas,
1838 919 166 38 förutom

400 966 414 51 häradshöfdingarna,

536 1017 33 49 a)
594 1019 47 37 de
668 1020 244 49 tjänstemän,
941 1020 150 38 hvilkas
1120 1020 386 50 aflöningsförmåner
1525 1020 42 38 af
1582 1020 220 51 statstjänst
1822 1021 58 38 för
1898 1020 107 39 inne-

400 1070 169 38 varande
598 1074 41 34 år
665 1075 132 46 uppgå
824 1071 57 37 till
909 1071 121 50 högre
1058 1072 141 49 belopp
1229 1077 47 32 än
1305 1074 111 45 8,500
1444 1072 157 47 kronor;

534 1120 36 49 b)
601 1122 46 37 de
674 1123 381 49 tjänstinnehafvare,
1098 1124 149 37 hvilkas
1287 1123 211 38 inkomster
1535 1124 42 37 af
1611 1124 146 47 arbete,
1795 1124 65 37 det
1896 1130 108 32 extra

399 1172 269 50 lönetillägget
696 1174 250 48 oberäknadt,
974 1175 121 36 under
1124 1178 40 33 år
1194 1176 93 35 1907
1317 1175 42 36 af
1383 1174 288 38 vederbörande
1694 1175 311 50 taxeringsmyn-

398 1222 178 51 digheter
604 1224 245 49 uppskattats
878 1224 56 38 till
963 1226 121 49 högre
1108 1225 140 50 belopp
1279 1231 47 32 än
1350 1227 111 41 8,500
1490 1226 157 46 kronor;

533 1273 31 48 c)
594 1275 47 38 de
669 1276 385 48 tjänstinnehafvare,
1085 1276 150 38 hvilkas
1270 1276 386 50 aflöningsförmåner
1683 1277 63 37 vid
1766 1278 109 41 1901,
1894 1279 109 46 1902,

400 1327 108 46 1903,
539 1328 108 45 1904,
679 1329 105 43 1905,
815 1329 95 36 1906
940 1328 91 37 eller
1062 1329 93 36 1907
1186 1331 110 34 årens
1325 1328 203 49 riksdagar
1555 1343 68 34 ny-
1643 1328 92 37 eller
1751 1328 252 50 omreglerats

397 1376 98 38 efter
536 1377 119 37 andra
696 1378 171 49 grunder
906 1383 46 33 än
991 1379 99 47 dem,
1133 1392 81 24 som
1256 1379 106 49 följts
1385 1378 64 38 vid
1479 1379 46 37 de
1555 1379 104 37 äldre
1688 1384 191 33 staternas
1909 1380 94 36 fast-

399 1428 199 38 ställande.
1303 1450 2 2 |

532 1478 73 46 4:o)
659 1480 121 38 Extra
822 1480 228 49 lönetillägg
1087 1484 60 34 må
1180 1481 162 38 allenast
1369 1481 184 50 tilläggas
1580 1481 235 49 tjänstemän
1840 1482 71 37 och
1937 1481 66 39 be-

395 1529 134 50 tjänte,
570 1531 149 37 hvilkas
760 1531 168 50 aflöning
968 1532 128 37 blifvit
1124 1533 42 35 af
1189 1532 170 50 Konung
1387 1533 71 37 och
1492 1533 173 49 Riksdag
1692 1532 58 37 till
1778 1533 131 38 siffran
1939 1533 64 37 be-

397 1581 125 38 stämd
550 1582 93 37 eller
671 1582 113 50 eljest
811 1586 114 46 utgår
948 1583 98 37 efter
1071 1583 42 38 af
1135 1583 225 50 Riksdagen
1387 1583 187 50 pröfvade
1602 1583 182 51 grunder.

532 1631 70 49 5:0)
656 1633 117 38 Extra
801 1634 228 50 lönetillägg
1056 1634 190 38 beräknas
1268 1635 136 37 endast
1422 1639 20 32 å
1458 1635 397 50 aflöningsförmåner,
1873 1635 129 38 hvilka

396 1687 93 46 utgå
517 1684 42 37 af
583 1685 236 37 statsmedel.
872 1686 78 36 Där
975 1686 168 47 aflöning
1170 1685 190 38 bestrides
1389 1686 83 37 dels
1501 1687 42 36 af
1568 1687 238 47 statsmedel,
1827 1686 83 38 dels
1930 1687 70 37 ock

397 1735 42 36 af
464 1735 119 37 andra
610 1736 137 47 medel,
776 1736 190 37 beräknas
994 1742 108 31 extra
1129 1736 227 50 lönetillägg
1384 1737 136 37 endast
1549 1741 20 33 å
1593 1737 74 37 den
1692 1738 62 37 del
1774 1738 122 47 däraf,
1917 1752 83 23 som

396 1789 114 46 utgår
538 1787 41 36 af
603 1787 238 46 statsmedel,
870 1787 98 37 dock
996 1793 55 32 att
1079 1791 36 34 åt
1142 1787 123 38 lärare
1294 1789 71 36 och
1388 1788 232 50 tjänstemän
1636 1789 65 36 vid
1724 1789 277 38 universiteten

396 1844 108 30 extra
538 1837 228 50 lönetillägg
802 1841 61 34 må
904 1838 189 38 beräknas
1122 1842 20 33 å
1170 1839 86 37 hela
1295 1839 65 37 det
1397 1839 153 50 belopp,
1589 1838 154 39 hvartill
1780 1840 220 49 aflöningen

394 1887 139 47 blifvit,
562 1891 49 46 på
639 1893 76 32 sätt
742 1889 11 36 i
780 1889 323 49 nästföregående
1127 1895 169 32 moment
1325 1895 102 44 sägs,
1456 1891 176 37 bestämd
1653 1896 55 31 att
1723 1891 117 36 minst
1856 1895 143 45 uppgå,

396 1944 91 32 utan
516 1939 183 37 afseende
728 1940 91 37 därå
839 1946 54 31 att
912 1940 57 37 till
984 1941 248 37 bestridande
1249 1941 40 38 af
1302 1941 296 38 universitetens
1622 1942 160 49 utgifter
1802 1943 197 37 användas

392 1989 144 49 jämväl
564 1990 120 37 andra
712 1991 125 37 medel
868 1996 47 32 än
943 1992 236 37 statsmedel.

530 2039 73 48 6:0)
656 2042 122 37 Extra
818 2042 226 51 lönetillägg
1072 2043 202 38 -beräknas
1301 2035 24 62 å
1316 2043 227 50 -följande
1585 2043 85 50 slag
1712 2044 42 36 af
1792 2044 207 49 aflönings-

394 2091 208 38 förmåner:

530 2143 81 46 lön;

528 2194 512 50 tjänstgöringspenningar,
1079 2195 81 38 däri
1187 2195 255 38 inberäknadt
1469 2196 335 38 häradsskrifvare
1833 2196 165 39 tillkom-

396 2245 138 38 mande
557 2245 140 51 tillägg
723 2246 58 37 till
809 2246 111 38 deras
948 2247 100 37 fasta
1076 2247 514 50 tjänstgöringspenningar;

529 2297 162 38 kontant
719 2297 174 38 bostads-
922 2298 70 37 och
1020 2296 517 53 inkvarteringsersättning;
