1928 2844
568 155 414 32 Konstitutionsutskottets
1002 158 165 31 utlåtande
1188 159 48 29 Nr
1257 165 28 26 5.
1666 162 18 30 3

867 298 60 41 Nr
953 299 36 41 5.

517 406 117 29 Ankom
659 406 46 29 till
728 407 172 34 riksdagens
923 407 96 29 kansli
1042 408 59 28 den
1126 409 37 28 22
1187 408 132 30 februari
1343 411 79 27 1935
1447 409 39 29 kl.
1513 411 16 27 2
1553 420 25 19 e.
1603 420 39 19 m.

398 511 438 34 Konstitutionsutskottets
857 513 175 33 utlåtande
1055 516 12 30 i
1089 514 180 39 anledning
1293 526 42 21 av
1360 516 100 32 väckt
1483 518 124 31 motion
1629 528 50 21 om

619 565 70 31 viss
710 564 143 39 ändring
876 567 12 30 i
909 564 21 40 $
952 566 42 32 12
1017 565 354 40 riksdagsordningen.

219 664 19 32 I
260 676 40 20 en
322 663 87 33 inom
433 664 106 33 andra
562 664 193 33 kammaren
777 665 111 39 väckt,
914 666 53 32 till
991 666 408 34 konstitutionsutskottet
1423 668 165 33 hänvisad
1613 681 65 20 mo-

174 714 79 39 tion,
275 726 39 20 nr
334 716 72 37 108,
426 726 42 21 av
486 715 76 32 herr
580 715 112 33 Ström
713 728 43 21 m.
775 716 40 39 fl.
834 716 203 40 hemställes,
1059 721 73 28 »att
1151 717 182 40 riksdagen
1352 719 104 32 måtte
1475 719 132 33 besluta
1628 720 49 32 så-

175 765 65 32 dan
261 765 143 39 ändring
424 765 11 32 i
456 765 18 40 $
496 767 39 32 12
557 765 353 41 riksdagsordningen,
934 770 51 30 att
1005 768 54 32 till
1081 768 104 33 sådan
1206 768 246 42 riksdagsman,
1475 782 69 21 som
1566 770 112 33 tillika

175 820 38 28 är
238 816 158 39 statsråd,
424 816 282 39 riksdagsarvode
733 818 29 39 ej
792 817 87 33 skall
906 819 116 38 utgå».

218 866 226 33 Beträffande
468 867 241 39 motiveringen
732 868 55 33 får
807 868 166 33 utskottet
994 869 142 33 hänvisa
1158 870 54 32 till
1236 871 174 33 motionen.

216 984 121 39 Enligt
359 984 158 39 gällande
539 985 108 39 regler
671 998 51 20 om
746 987 187 39 ersättning
959 987 54 33 för
1036 987 492 42 riksdagsmannauppdragets
1553 990 123 39 fullgö-

173 1035 102 33 rande
296 1039 79 35 äger
395 1035 247 41 riksdagsman,
664 1049 69 20 som
753 1037 113 33 tillika
887 1043 37 28 är
945 1038 146 33 ledamot
1112 1051 41 20 av
1176 1040 191 39 statsrådet,
1390 1044 69 29 rätt
1479 1040 54 33 till
1555 1041 122 33 arvode

172 1085 107 39 enligt
307 1097 126 22 samma
460 1086 148 39 grunder
637 1099 68 21 som
734 1100 109 21 annan
872 1088 247 40 riksdagsman.

216 1136 69 32 Vid
312 1139 83 31 1932
424 1137 54 32 års
503 1137 141 39 riksdag
668 1138 230 34 framställdes
924 1140 12 32 i
961 1140 124 33 motion
1112 1140 130 40 förslag
1268 1153 51 21 om
1346 1142 104 32 sådan
1476 1142 199 39 grundlags-

172 1186 155 41 ändring,
354 1191 50 28 att
429 1187 406 39 riksdagsmannaarvode
860 1191 30 38 ej
918 1190 109 33 skulle
1053 1192 83 38 utgå
1163 1192 53 31 till
1242 1192 146 33 ledamot
1413 1205 43 20 av
1483 1193 191 40 riksdagen,

173 1249 69 20 som
264 1237 112 33 tillika
398 1250 76 21 vore
498 1239 159 33 statsråd.
702 1240 18 32 I
743 1240 180 40 anledning
946 1253 43 21 av
1010 1242 167 32 motionen
1199 1243 198 33 hemställde
1420 1243 255 34 konstitutions-

171 1287 166 34 utskottet
363 1287 198 41 (utskottets
583 1290 175 33 utlåtande
779 1303 38 20 nr
840 1291 57 40 24)
923 1311 46 4 —
991 1292 159 39 jämsides
1173 1293 74 33 med
1270 1298 50 28 att
1341 1294 165 33 utskottet
1529 1295 146 39 föreslog

173 1338 332 40 grundlagsändring
534 1341 169 38 angående
732 1342 420 39 riksdagsmannaarvodet
1182 1345 60 31 och
1272 1345 162 33 skrivelse
1461 1345 55 33 till
1547 1346 128 39 Kungl.

172 1389 103 39 Maj:t
298 1390 73 33 med
395 1390 148 39 begäran
568 1404 52 20 om
645 1392 258 40 framläggande
929 1394 54 32 för
1009 1394 196 39 påföljande
1231 1395 140 40 riksdag
1396 1408 43 21 av
1465 1396 131 40 förslag
1621 1397 53 33 till

172 1440 121 39 stadga
314 1452 52 21 om
387 1442 206 38 ersättnings
614 1443 166 38 utgående
803 1444 53 32 för
880 1444 492 41 riksdagsmannauppdragets
1395 1447 215 39 fullgörande
1631 1468 45 3 —

171 1493 81 29 utan
276 1493 51 29 att
352 1490 53 33 för
428 1491 55 33 det
508 1492 191 33 dåvarande
720 1494 84 38 vilja
826 1497 81 36 taga
932 1495 210 39 ståndpunkt
1166 1496 11 32 i
1201 1496 109 39 själva
1333 1497 187 39 sakfrågan
1545 1510 52 21 om
1622 1511 50 20 ar-

170 1541 83 32 vode
273 1541 100 33 borde
394 1543 83 37 utgå
498 1543 53 32 till
572 1543 245 41 riksdagsman,
840 1557 69 21 som
929 1545 114 33 tillika
1063 1558 78 21 vore
1163 1547 158 41 statsråd,
1343 1560 51 20 om
1417 1548 181 40 utredning
1619 1561 54 27 ge-

170 1603 75 20 nom
274 1592 128 39 Kungl.
432 1593 103 38 Maj:t
562 1605 42 21 av
634 1594 207 34 sistnämnda
871 1596 111 38 fråga.
1034 1596 190 34 Utskottets
1254 1598 200 33 hemställan
1484 1599 117 33 bifölls
1631 1612 43 20 av

170 1642 106 33 andra
298 1642 203 41 kammaren,
523 1644 106 33 under
652 1644 54 33 det
729 1649 51 29 att
802 1645 108 34 första
934 1646 193 34 kammaren
1151 1648 195 33 förkastade
1373 1649 94 33 såväl
1490 1650 182 33 utskottets

170 1692 132 39 förslag
323 1705 68 21 som
412 1694 175 40 motionen,
609 1695 12 32 i
643 1695 86 39 följd
750 1708 104 21 varav
876 1697 124 39 frågan
1024 1698 102 33 alltså
1148 1699 129 33 förföll.

213 1743 67 32 Det
300 1744 57 32 vid
380 1745 83 32 1932
485 1746 54 31 års
561 1745 140 40 riksdag
721 1747 194 34 motionsvis
938 1748 191 34 framförda
1151 1749 165 40 förslaget
1337 1751 60 32 har
1421 1752 251 39 återupptagits

168 1793 12 32 1
217 1794 233 39 föreliggande
476 1796 135 32 motion.
661 1796 76 33 Som
763 1799 259 39 utgångspunkt
1048 1800 53 32 för
1128 1800 165 39 förslaget
1318 1801 161 40 åberopas
1507 1802 165 40 »kampen

168 1848 68 29 mot
255 1844 402 41 dubbelanställningar».
699 1848 52 32 En
771 1849 97 38 dylik
889 1850 109 38 grund
1018 1850 67 33 kan
1105 1851 185 33 emellertid
1310 1852 178 39 omöjligen
1507 1853 95 38 tjäna
1622 1854 49 32 så-

169 1906 69 21 som
265 1896 259 39 utgångspunkt
552 1897 53 33 för
633 1910 38 20 en
699 1899 351 40 grundlagsstiftning
1077 1901 11 31 i
1118 1902 182 32 motionens
1330 1902 101 39 syfte.
1483 1903 187 40 Riksdags-

167 1947 314 38 mannauppdraget
499 1952 38 27 är
554 1947 73 33 icke
645 1960 39 20 en
705 1949 106 38 tjänst
827 1950 11 31 i
856 1950 116 39 vanlig
990 1951 135 39 mening
1144 1956 83 28 utan
1245 1956 48 28 ett
1312 1952 358 41 förtroendeuppdrag.

169 1994 17 32 I
204 1994 112 39 övrigt
335 1995 86 33 hava
440 1997 105 38 några
563 2009 68 27 nya
648 1998 209 39 synpunkter
875 2000 72 33 icke
964 2001 132 33 anförts
1115 2002 12 31 i
1145 2002 165 33 motionen
1328 2003 53 32 för
1399 2003 62 33 den
1479 2005 36 32 så
1532 2005 137 39 nyligen

168 2046 163 38 avgjorda
349 2046 140 39 frågans
508 2048 300 39 återupptagande.
851 2050 173 34 Utskottet
1042 2052 192 33 hemställer
1254 2053 125 39 därför,

520 2127 52 29 att
592 2124 219 34 förevarande
832 2127 123 32 motion
976 2127 73 33 icke
1073 2129 102 32 måtte
1197 2129 52 32 till
1271 2130 108 38 någon
1400 2130 200 39 riksdagens
1621 2132 47 32 åt-

476 2174 84 38 gärd
585 2175 184 34 föranleda.

212 2238 191 34 Stockholm
426 2240 61 33 den
511 2242 39 31 21
577 2241 148 33 februari
751 2244 94 31 1935.

589 2341 47 33 På
655 2342 423 35 konstitutionsutskottets
1100 2349 144 34 vägnar:

665 2425 36 32 C.
721 2425 43 33 A.
785 2424 383 37 REUTERSKIÖLD.
