1870 2834
476 151 120 30 Första
615 151 238 35 lagutskottets
875 151 176 31 utlåtande
1070 152 47 30 Nr
1146 153 28 29 9.
1578 148 16 29 3

128 234 113 30 Haver
264 233 114 38 någon
399 234 115 31 funnit
537 244 68 27 nya
629 236 84 34 skäl,
737 236 64 29 och
826 245 119 20 menar
963 239 48 27 att
1033 236 91 35 dom,
1149 246 74 20 som
1245 236 122 30 vunnit
1389 236 77 36 laga
1486 236 104 35 kraft,

86 278 62 29 där
167 278 78 29 med
261 278 108 29 hävas
386 278 83 35 kan;
488 278 82 29 söke
588 278 209 36 Konungens
811 279 65 34 lov,
894 281 48 27 att
960 279 106 29 saken
1085 278 56 31 må
1158 278 20 31 å
1197 288 68 27 nyo
1283 278 224 31 skärskådas:
1528 280 65 29 och

86 321 105 29 varde
209 319 44 31 då
272 320 121 30 förvist
410 320 51 30 till
477 320 66 30 den
561 321 77 34 rätt,
656 329 74 20 som
749 320 60 30 sist
827 321 106 29 haver
952 321 96 29 dömt
1065 321 62 29 där
1146 321 20 29 i.
1208 321 112 30 Innan
1336 322 71 28 han
1425 321 74 30 sina
1518 321 75 30 skäl

85 363 62 30 där
171 362 107 30 förete
303 361 67 36 må,
401 358 12 40 [
464 358 12 40 |
506 361 122 37 svärje,
654 365 49 27 att
726 363 69 29 han
815 362 31 37 ej
872 363 72 29 förr
968 363 78 30 dem
1070 366 100 32 vetat,
1195 364 80 29 eller
1301 363 149 35 förstått,
1477 366 49 28 att
1550 364 41 30 de

85 414 42 21 av
148 404 108 31 sådan
278 405 73 30 vikt
374 405 98 35 varit,
494 404 38 30 så
555 405 75 35 ock,
654 408 49 27 att
726 405 71 30 han
818 405 31 36 ej
874 406 62 29 där
958 406 79 29 med
1059 406 100 29 söker
1184 405 187 37 uppehålla
1395 407 65 28 och
1483 406 108 30 skada

85 447 52 30 sin
155 448 181 36 vederpart
354 447 9 30 i
379 448 88 29 hans
484 448 76 34 rätt,
577 450 84 27 utan
677 450 71 27 tror
761 447 50 36 sig
827 448 103 29 orsak
947 448 91 29 hava
1054 448 79 29 dem
1150 450 48 27 att
1217 448 107 30 driva.
1366 448 138 35 Fullgör
1522 449 70 29 han

86 490 56 30 det
168 486 11 40 [
231 486 29 40 1;
283 491 105 35 pröve
407 490 166 30 domaren
593 490 41 29 de
655 499 68 27 nya
741 490 85 34 skäl,
850 489 36 31 så
907 490 65 29 ock
994 490 66 30 vad
1078 490 226 36 vederparten
1325 491 63 29 där
1408 493 92 27 emot
1519 500 73 20 sva-

83 542 66 25 rar,
170 533 64 29 och
253 533 61 35 äge
334 532 107 36 makt,
463 532 65 30 den
546 532 95 30 förra
659 532 128 30 domen
806 532 120 36 ändra,
946 532 62 30 där
1027 532 119 30 skälen
1166 531 38 31 så
1222 532 114 36 giltige
1351 533 70 29 äro.
1465 532 125 30 Finnes

86 576 231 35 annorlunda;
340 575 99 36 gälde
457 575 79 35 han,
558 584 75 20 som
653 575 49 35 sig
720 575 79 29 dem
819 574 176 37 åberopat,
1017 575 224 36 vederparten
1262 576 149 29 kostnad
1430 576 65 29 och
1517 576 75 29 ska-

85 618 57 35 da;
165 618 106 35 plikte
291 618 65 29 ock
380 617 62 30 där
464 617 60 35 till,
548 626 75 21 som
644 617 9 29 i
674 618 40 29 29
735 617 80 36 kap.
836 620 74 33 sagt
927 618 47 29 är.
1018 617 65 29 Vill
1104 618 126 29 endera
1252 618 107 29 sedan
1380 618 85 29 söka
1487 618 105 35 högre

83 660 68 30 rätt
171 660 61 29 där
253 662 104 33 emot;
380 660 88 29 have
490 660 63 29 där
572 660 55 29 lov
649 659 63 30 till:
734 660 64 29 och
821 659 147 36 fullgöre
989 659 65 36 det,
1076 669 75 20 som
1171 659 72 30 förr
1265 660 10 29 i
1296 659 114 30 denna
1432 660 82 29 balk
1534 668 57 21 om

85 702 96 36 varje
198 703 148 29 domstol
364 702 217 30 föreskrives.

131 777 119 30 Ehuru
272 776 324 38 rättegångsbalken
619 776 129 37 nyttjar
770 777 254 36 benämningen
1047 778 137 35 resning
1207 777 54 29 för
1285 779 47 28 ett
1354 779 106 27 annat
1484 780 108 27 extra-

85 828 155 31 ordinärt
261 828 200 31 rättsmedel
480 829 44 29 än
546 828 56 30 det
624 837 47 21 nu
693 827 275 37 ifrågavarande,
990 828 173 36 nämligen
1185 837 24 20 s.
1231 828 31 29 k.
1285 827 243 31 återställande
1551 837 42 20 av

85 879 170 31 försutten
277 879 60 36 tid,
361 879 97 30 torde
479 879 103 36 enligt
604 879 144 29 allmänt
769 878 197 37 språkbruk
988 879 78 29 med
1083 878 138 37 resning
1242 879 9 29 i
1273 879 90 36 regel
1387 887 97 21 avses
1506 878 85 31 åter-

85 930 169 37 brytande
273 940 42 21 av
335 930 83 30 dom
435 939 75 21 som
527 929 122 30 vunnit
668 930 76 36 laga
762 929 104 30 kraft.

130 1030 136 37 Frågan
294 1041 57 20 om
380 1030 259 37 utformningen
668 1039 42 21 av
737 1030 41 30 de
808 1030 170 30 särskilda
1006 1030 222 30 rättsmedlen
1257 1031 64 29 har
1348 1030 175 37 upptagits
1551 1039 41 21 av

85 1081 435 37 processkommissionen
500 1076 21 46 i
536 1081 77 30 dess
630 1080 38 31 år
688 1081 82 30 1926
786 1081 147 36 avgivna
951 1081 219 30 betänkande
1189 1080 178 37 angående
1383 1080 208 36 rättegångs-

85 1133 180 30 väsendets
283 1132 217 37 ombildning
522 1131 122 39 (andra
661 1132 98 30 delen
779 1141 25 20 s.
822 1132 62 29 231
904 1131 39 30 ff.
963 1134 88 27 samt
1067 1130 110 37 tredje
1196 1131 98 30 delen
1314 1140 25 21 s.
1360 1132 61 29 135
1439 1130 69 40 ff.).

129 1183 125 30 Vidare
270 1183 64 30 har
353 1182 124 31 chefen
494 1182 54 30 för
567 1182 413 37 justitiedepartementet,
1001 1182 78 30 med
1100 1182 75 30 stöd
1193 1191 42 20 av
1256 1182 123 36 Kungl.
1400 1181 118 37 Maj:ts
1535 1182 55 30 be-

85 1233 231 37 myndigande
337 1234 67 30 den
427 1234 37 29 15
484 1231 75 38 juni
579 1233 93 35 1935,
695 1233 161 30 tillkallat
877 1232 199 37 professorn
1096 1227 72 35 Åke
1192 1232 140 30 Hassler
1354 1233 66 29 och
1441 1232 149 30 advoka-

84 1287 57 28 ten
161 1284 146 31 friherre
327 1284 109 38 Georg
457 1283 204 37 Stjernstedt
683 1286 58 33 att,
762 1284 111 30 under
893 1282 139 31 samråd
1054 1283 78 30 med
1152 1283 439 37 processlagberedningen,

84 1335 136 31 biträda
240 1335 57 31 vid
317 1335 186 37 utredning
520 1333 178 38 angående
719 1334 153 30 ändrade
893 1334 258 30 bestämmelser
1172 1334 148 30 rörande
1339 1333 148 37 resning.
1510 1334 80 29 Des-

85 1396 38 20 sa
142 1386 219 36 sakkunniga
382 1386 45 29 ha
448 1386 66 29 den
533 1386 38 29 21
593 1385 180 30 december
795 1386 83 29 1935
899 1385 176 30 avlämnat
1094 1385 233 36 promemoria
1347 1384 10 30 i
1379 1385 115 29 ämnet
1514 1385 78 29 med

85 1437 129 37 förslag
232 1437 50 30 till
304 1436 224 37 lagstiftning.
572 1430 91 36 Över
682 1435 258 37 promemorian
962 1436 46 29 ha
1028 1435 86 30 efter
1133 1435 121 30 remiss
1277 1435 202 30 utlåtanden
1501 1435 89 36 avgi-

84 1488 64 30 vits
169 1497 41 21 av
232 1487 441 37 justitiekanslersämbetet
696 1488 87 27 samt
806 1486 202 35 riksdagens
1028 1484 365 37 justitieombudsman
1416 1485 65 30 och
1504 1485 86 30 mili-

84 1538 289 30 tieombudsman.
415 1536 261 30 Promemorian
692 1535 107 38 jämte
815 1535 225 31 utlåtandena
1054 1536 45 29 ha
1118 1535 150 31 därefter
1286 1545 42 20 av
1347 1536 122 35 Kungl.
1490 1534 102 37 Maj:t

85 1589 52 30 för
158 1589 158 36 yttrande
338 1588 231 31 överlämnats
590 1587 51 30 till
659 1586 439 37 processlagberedningen.

133 1638 242 31 Omförmälda
399 1637 232 38 promemoria
654 1638 64 29 och
741 1637 203 30 utlåtanden
967 1638 45 29 ha
1035 1637 113 30 såsom
1171 1637 131 37 bilagor
1326 1637 112 36 fogats
1460 1637 58 30 vid
1539 1639 51 28 ut-

88 1691 143 30 skottets
260 1690 229 30 förevarande
516 1688 191 37 utlåtande;
738 1689 65 29 och
831 1688 125 31 tillåter
984 1688 49 37 sig
1060 1689 165 29 utskottet
1253 1691 49 27 att
1333 1688 114 30 såsom
1476 1688 112 30 utred-

87 1742 82 38 ning
187 1742 9 30 i
216 1743 116 29 ämnet
352 1741 146 30 hänvisa
516 1740 50 30 till
588 1741 98 29 dessa
706 1740 142 37 bilagor.
880 1740 130 30 Därvid
1029 1740 57 29 vill
1107 1740 165 30 utskottet
1291 1740 91 30 fästa
1400 1740 188 35 uppmärk-

88 1794 177 30 samheten
286 1792 44 38 på
351 1795 49 27 att
422 1792 8 30 i
452 1791 256 38 promemorian
729 1791 113 30 finnes
865 1791 138 36 intagen
1024 1791 213 36 redogörelse
1260 1791 54 29 för
1336 1791 163 29 utländsk
1523 1791 67 29 rätt

85 1844 43 37 på
156 1843 156 32 området
343 1843 36 38 (s.
409 1843 47 38 6),
482 1843 159 36 gällande
668 1844 124 28 svensk
819 1843 66 29 rätt
920 1841 35 39 (s.
985 1841 29 39 7)
1049 1845 87 27 samt
1162 1842 430 35 processkommissionens

86 1896 128 35 förslag
244 1896 35 37 (s.
306 1895 113 38 8—9).

133 1990 13 29 I
168 1988 175 30 motionen
364 1988 139 29 anföres
523 1987 105 29 bland
650 1989 119 27 annat:

132 2049 63 29 Det
218 2048 96 29 torde
338 2047 75 29 icke
437 2056 81 20 vara
541 2045 135 36 möjligt
699 2049 48 26 att
770 2045 68 30 låta
864 2045 121 36 frågan
1010 2055 56 20 om
1091 2046 344 36 resningsinstitutets
1460 2046 129 30 reform

88 2089 226 37 framskjutas
335 2090 50 30 till
408 2090 65 29 den
496 2089 112 29 ovissa
629 2088 172 36 tidpunkt,
830 2087 62 31 »då
915 2089 65 29 den
1002 2091 91 27 stora
1115 2089 314 35 processreformen
1453 2097 135 27 genom-

89 2134 119 30 föres».
249 2132 63 30 Det
341 2142 80 19 vore
450 2131 217 36 synnerligen
694 2131 149 36 lyckligt,
872 2134 48 27 alt
948 2131 77 35 inga
1056 2131 127 35 viktiga
1210 2131 123 30 hinder
1362 2131 149 35 förelåge
1539 2131 54 31 för

90 2175 213 36 jagstiftning
330 2173 44 37 på
401 2173 165 30 området.
606 2173 298 36 Genomgripande
933 2173 186 35 ändringar
1148 2173 43 36 på
1219 2175 108 28 större
1355 2173 166 30 områden
1548 2183 42 19 av

88 2217 258 36 lagstiftningen
368 2216 218 30 erfordrades
610 2216 73 29 icke
705 2216 53 29 för
779 2215 198 30 ändamålet
1000 2216 63 29 och
1087 2225 122 26 genom
1232 2216 293 34 förefintligheten
1548 2225 42 20 av

89 2260 66 29 den
185 2259 193 34 utredning,
409 2267 118 20 varom
557 2267 88 19 ovan
676 2258 111 31 talats,
817 2257 108 30 måste
954 2258 55 29 det
1038 2267 81 20 vara
1149 2257 133 36 möjiligt
1312 2258 53 29 för
1396 2258 192 35 justitiemi-

89 2302 127 29 vistern
236 2304 48 26 alt
303 2301 50 29 till
375 2300 232 29 innevarande
629 2300 138 34 riksdag
787 2299 191 35 framlägga
1000 2299 211 35 proposition
1232 2310 56 19 om
1311 2301 127 28 reform
1460 2310 41 19 av
1522 2310 66 20 res-

89 2343 278 35 ningsinstitutet.
408 2342 139 28 Oavsett
573 2344 48 26 att
649 2341 183 35 riksdagen
861 2340 144 30 sålunda
1032 2342 87 28 hade
1145 2344 48 26 att
1221 2345 128 26 emotse
1378 2343 210 34 proposition

90 2386 7 29 1
121 2387 125 32 ämnet,
269 2384 95 29 torde
385 2384 53 29 det
462 2392 80 20 vara
566 2383 179 29 motiverat
766 2386 48 26 att
838 2383 137 29 särskilt
999 2383 187 29 motionera
1209 2394 56 19 om
1290 2384 147 35 ändring
1459 2394 42 19 av
1523 2394 65 19 res-

90 2426 278 35 ningsinstitutet.
409 2425 207 35 Härigenom
641 2425 95 28 bleve
760 2424 37 35 ju
823 2425 182 35 riksdagen
1031 2428 64 26 satt
1120 2425 9 29 i
1154 2425 134 30 tillfälle
1313 2429 48 27 att
1387 2427 109 29 under
1523 2427 66 30 alla

90 2468 239 30 förhållanden
355 2468 52 28 för
429 2468 50 28 sin
502 2468 52 28 del
578 2467 132 29 besluta
732 2477 55 19 om
812 2467 222 34 erforderliga
1057 2467 252 36 lagändringar.
