2182 2636
686 154 344 32 Jordbruksutskottets
1053 154 162 32 utlåtande
1238 154 53 32 Nr
1313 157 52 30 50.
1744 156 36 30 11

229 233 162 36 allenast
434 234 145 47 skogen
620 237 22 32 å
671 234 72 35 den
771 233 293 48 ifrågavarande
1094 235 200 46 ägolotten
1322 235 251 46 uppskattats
1601 235 62 36 till
1691 238 40 32 så
1760 248 65 22 an-

228 285 141 47 senligt
396 286 141 46 belopp
566 298 81 24 som
678 288 109 43 1,900
813 286 158 45 kronor,
991 287 210 45 hemställt,
1223 290 60 33 att
1303 288 169 35 anbudet
1492 289 122 34 måtte
1635 286 191 37 förkastas

228 340 98 33 samt
367 338 200 46 ägolotten
596 341 99 44 ånyo
723 338 182 46 utbjudas
932 339 63 35 till
1022 338 229 48 försäljning
1278 351 87 23 men
1395 339 48 35 då
1472 342 21 33 å
1523 339 176 47 offentlig
1731 339 95 35 auk-

227 389 84 36 tion
354 390 13 35 i
410 390 170 46 enlighet
621 391 86 34 med
739 390 339 36 bestämmelserna
1105 391 13 35 i
1147 390 114 36 ofvan
1291 390 253 36 omförmälda
1572 391 144 47 nådiga
1743 390 87 37 bref

228 441 41 35 af
293 442 74 35 den
398 444 46 33 29
474 441 74 47 maj
581 445 109 33 1874.

356 494 17 34 I
388 493 58 36 sin
462 494 163 35 berörda
640 493 198 36 skrifvelse
854 494 74 35 den
947 497 42 32 11
1008 496 207 34 november
1232 497 97 33 1910
1346 495 72 35 har
1432 495 395 45 domänstyrelsen,
1802 489 29 55 —

223 544 122 47 jämte
366 546 66 35 det
452 545 184 47 styrelsen
655 548 50 44 på
726 545 161 36 anförda
903 546 83 35 skäl
1002 547 80 35 dels
1096 546 193 46 tillstyrkt
1304 547 219 46 antagande
1540 546 42 36 af
1591 547 236 35 Anderssons

227 597 130 35 anbud
385 600 22 32 å
434 597 238 36 hemmanets
713 597 211 36 hufvuddel
952 598 79 35 dels
1060 598 168 47 afstyrkt
1256 599 171 35 anbudet
1456 601 21 32 å
1504 598 127 36 lotten
1658 611 47 22 nr
1732 599 16 34 I
1776 619 51 4 —

227 649 240 36 beträffande
494 649 126 36 lotten
648 662 45 23 nr
720 650 46 44 II,
796 650 122 35 under
945 650 231 36 hemställan
1204 653 60 33 att
1292 651 66 35 det
1387 653 22 33 å
1441 651 126 35 denna
1586 651 76 35 lott
1682 650 144 46 afgifna

227 701 171 35 anbudet
426 704 121 33 måtte
575 701 204 45 förkastas,
809 702 148 35 uttalat
984 702 58 35 sin
1067 702 224 47 anslutning
1314 702 62 35 till
1396 703 65 35 det
1480 702 142 36 väckta
1642 702 184 46 förslaget

227 764 62 23 om
329 753 228 46 förändring
585 753 42 35 af
650 756 119 33 sättet
796 753 61 35 för
891 753 229 47 försäljning
1149 754 41 35 af
1214 754 211 46 ägolotten.
1481 755 80 35 Den
1591 754 233 46 omständig-

226 804 117 36 heten
386 808 59 32 att
491 805 198 47 ägolotten
730 805 86 36 icke
859 806 102 35 varit
1001 805 188 47 utbjuden
1230 806 61 35 till
1330 806 82 35 salu
1440 806 66 35 det
1534 806 106 35 antal
1667 808 156 44 gånger,

226 867 80 24 som
334 856 13 35 i
376 856 128 47 punkt
535 859 19 33 9
584 857 92 35 sista
704 857 153 46 stycket
886 857 42 35 af
952 857 114 35 ofvan
1095 858 216 46 åberopade
1339 858 143 46 nådiga
1501 857 231 47 kungörelse
1752 858 73 35 den

228 910 42 32 31
303 908 203 35 december
537 911 95 33 1909
661 908 227 36 förutsattes
915 909 61 35 för
994 909 229 47 försäljning
1243 912 22 32 å
1285 909 173 45 auktion,
1481 912 139 44 ansåge
1639 909 184 45 styrelsen

225 959 86 36 icke
352 961 96 34 böra
490 960 37 35 få
555 964 141 42 utgöra
723 963 121 44 något
872 961 138 35 hinder
1036 960 61 36 för
1125 962 118 34 sådan
1271 961 229 47 försäljning
1528 961 182 35 särskildt
1738 962 86 35 med

226 1011 147 47 hänsyn
414 1012 61 35 till
516 1013 45 34 de
598 1012 179 45 fördelar,
807 1015 128 33 staten
964 1012 292 47 otvifvelaktigt
1283 1025 127 23 vunne
1438 1025 139 34 genom
1607 1016 59 32 att
1692 1013 82 35 låta
1802 1017 22 32 å

226 1063 177 47 offentlig
444 1064 163 36 auktion
648 1064 61 36 till
750 1065 73 35 den
859 1064 311 47 högstbjudande
1198 1065 156 46 försälja
1383 1065 252 46 ägoområdet
1662 1065 13 34 i
1702 1064 121 48 fråga,

226 1115 168 36 hvilkets
437 1118 141 34 största
618 1117 117 35 värde
776 1117 86 46 låge
904 1117 13 34 i
945 1117 157 46 skogen.
1158 1117 192 46 Styrelsen
1374 1117 228 35 hemställde
1630 1116 105 46 förty
1763 1129 62 23 om

225 1168 308 46 bemyndigande
562 1171 60 32 att
651 1170 21 33 å
701 1168 175 47 offentlig
905 1169 163 35 auktion
1096 1169 123 35 under
1246 1170 46 34 de
1321 1169 12 35 i
1353 1169 141 46 nådiga
1512 1168 151 36 brefvet
1682 1169 74 35 den
1777 1171 46 33 29

225 1218 75 47 maj
348 1222 97 33 1874
488 1220 183 46 stadgade
712 1220 143 35 villkor
897 1220 157 46 försälja
1082 1221 74 34 den
1184 1220 296 47 ifrågavarande
1508 1221 201 45 ägolotten
1737 1221 88 34 med

225 1270 276 36 tillträdesrätt
528 1271 60 35 för
615 1271 146 47 köpare
790 1272 72 34 den
895 1274 46 32 14
969 1284 101 23 mars
1102 1274 109 33 1911.

354 1322 146 36 Genom
527 1323 137 46 nådigt
691 1323 87 35 bref
802 1324 74 34 den
898 1326 46 32 18
969 1324 207 35 november
1197 1326 96 33 1910
1314 1323 72 35 har
1405 1324 118 35 Eders
1542 1323 138 47 Kungl.
1701 1323 122 46 Maj:t,

224 1374 88 35 med
346 1374 209 47 anledning
583 1374 42 36 af
647 1375 102 34 hvad
777 1375 330 46 domänstyrelsen
1135 1375 160 36 sålunda
1323 1375 211 46 föreslagit,
1566 1375 78 35 dels
1674 1375 152 47 antagit

225 1426 236 35 Anderssons
502 1427 128 35 anbud
672 1429 21 32 å
729 1426 271 46 hufvuddelen,
1031 1427 78 35 dels
1137 1427 193 36 förkastat
1360 1427 66 35 det
1454 1426 42 36 af
1519 1427 143 35 honom
1689 1427 136 46 gjorda

226 1478 170 35 anbudet
424 1480 22 33 å
473 1478 125 36 lotten
625 1491 47 22 nr
699 1479 17 34 I
744 1481 99 33 samt
871 1478 202 36 förordnat
1102 1491 62 24 om
1197 1492 51 33 ny
1268 1479 163 35 auktion
1451 1481 22 32 å
1492 1479 238 35 sistnämnda
1749 1479 76 35 lott

225 1529 79 36 dels
347 1530 74 35 ock
463 1531 239 35 beträffande
740 1531 66 35 det
834 1533 22 32 å
885 1530 201 47 ägolotten
1127 1543 46 23 nr
1200 1531 35 34 II
1263 1530 138 48 gjorda
1429 1531 129 35 anbud
1585 1530 129 36 funnit
1742 1531 82 35 det-

225 1593 144 24 samma
410 1581 86 36 icke
536 1582 134 35 kunna
710 1583 201 46 godtagas,
940 1582 217 46 hvarjämte
1184 1583 120 35 Eders
1331 1583 140 46 Kungl.
1500 1582 111 46 Maj:t
1639 1582 186 36 anbefallt

225 1633 327 46 domänstyrelsen
594 1637 60 32 att
694 1634 123 35 under
858 1637 57 32 ett
957 1636 52 43 år,
1056 1635 169 35 räknadt
1265 1634 87 35 från
1389 1635 73 34 den
1502 1637 45 32 14
1581 1646 101 23 mars
1713 1637 111 41 1911,

225 1685 216 46 ombesörja
468 1685 143 35 skötsel
641 1686 72 34 och
745 1686 91 34 vård
864 1688 22 32 å
915 1686 201 45 ägolotten
1144 1689 50 43 på
1220 1686 46 35 de
1286 1685 60 36 för
1364 1686 151 35 kronan
1534 1685 290 46 förmånligaste

224 1735 153 46 villkor,
408 1748 82 24 som
516 1736 130 35 kunde
674 1737 189 46 betingas.

353 1788 75 46 Jag
470 1789 68 34 ber
582 1800 52 22 nu
662 1790 60 33 att
750 1788 38 35 få
816 1788 62 35 till
905 1788 184 47 pröfning
1117 1789 152 35 anmäla
1297 1789 66 35 det
1391 1788 42 35 af
1457 1788 327 46 domänstyrelsen
1811 1788 13 35 i

225 1838 225 37 skrifvelsen
491 1840 72 35 den
607 1842 42 32 11
686 1840 208 35 november
926 1842 95 33 1910
1051 1840 218 46 tillstyrkta
1295 1840 185 46 förslaget
1509 1852 61 23 om
1599 1839 226 47 försäljning

225 1893 21 32 å
275 1891 178 47 offentlig
494 1891 162 36 auktion
698 1891 41 35 af
777 1891 200 47 ägolotten
1010 1904 46 23 nr
1091 1892 45 35 II.
1192 1892 145 36 Genom
1366 1892 46 35 de
1441 1892 118 35 redan
1588 1891 236 36 verkställda

224 1943 177 35 anbuden
444 1944 122 34 under
605 1943 104 35 hand
751 1955 109 34 synes
888 1943 81 46 mig
996 1956 93 22 vara
1119 1944 244 46 ådagalagdt,
1395 1946 59 33 att
1480 1943 164 35 berörda
1672 1943 153 46 ägolott

224 1993 85 35 icke
343 1995 112 34 torde
483 2007 92 22 vara
603 1995 176 46 begärlig
806 1994 60 36 för
893 1995 182 35 bildande
1105 1995 41 35 af
1170 1998 89 43 eget
1285 1996 99 35 hem.
1441 1994 72 36 Till
1541 1995 138 35 sådant
1707 1995 116 35 ända-

224 2045 76 35 mål
345 2045 103 36 lärer
490 2046 200 45 ägolotten
717 2066 52 5 —
796 2046 123 46 enligt
946 2046 103 35 hvad
1072 2046 69 47 jag
1169 2047 195 35 inhämtat
1391 2067 52 4 —
1469 2046 86 35 icke
1583 2046 122 35 heller
1732 2058 92 23 vara

223 2096 173 46 lämplig,
420 2097 49 34 då
489 2098 219 34 densamma
727 2100 50 43 på
796 2098 127 45 grund
943 2097 41 35 af
999 2097 59 35 sin
1077 2097 248 46 vattensjuka
1344 2097 266 35 beskaffenhet
1629 2097 195 46 knappast

223 2148 112 35 torde
364 2148 86 35 med
478 2147 122 36 fördel
628 2148 133 35 kunna
789 2148 195 35 användas
1013 2148 61 35 till
1102 2149 264 46 bebyggande.
1409 2149 182 34 Däremot
1611 2160 108 33 synes
1737 2148 86 35 icke

224 2199 197 45 uteslutet,
453 2202 60 33 att
541 2211 58 32 en,
616 2199 66 35 det
710 2202 126 33 åsatta
865 2199 222 36 saluvärdet
1114 2200 271 35 motsvarande
1414 2199 261 46 köpeskilling
1701 2199 122 35 skulle

223 2250 132 36 kunna
398 2253 120 43 ernås,
561 2251 129 35 därest
731 2251 199 46 ägolotten
971 2251 102 46 finge
1111 2254 22 32 å
1162 2251 175 47 offentlig
1366 2251 163 36 auktion
1557 2250 175 46 försäljas
1760 2250 62 35 till
