1920 2856
569 135 257 38 Statsutskottets
848 134 164 36 utlåtande
1036 133 48 30 Nr
1101 138 73 27 135.
1586 129 38 31 31

123 223 100 34 nades
245 243 43 3 —
310 224 87 32 efter
418 235 81 27 nyss
521 226 114 36 antytt
657 222 128 38 avdrag
806 242 43 4 -—
871 222 114 38 uppgå
1008 221 54 32 till
1087 221 139 38 625,600
1249 219 121 33 kronor
1392 222 69 29 mot
1484 218 139 38 301,600

118 274 120 33 kronor
258 274 105 38 enligt
380 274 139 38 vanliga
537 273 146 39 grunder
702 273 52 32 för
774 272 113 39 dylikt
905 272 131 38 bidrag.
1078 271 67 31 Vid
1165 269 211 41 godtagande
1397 281 40 20 av
1458 268 60 32 här
1539 268 83 32 före-

118 325 147 32 varande
293 324 130 39 förslag
453 324 108 32 skulle
588 323 335 39 byggnadsbidraget
950 322 105 31 under
1083 332 125 21 samma
1237 319 244 37 förutsättning
1509 318 115 38 uppgå

118 376 54 32 till
192 376 140 38 787,600
351 375 132 32 kronor.
514 373 225 34 Sistnämnda
758 373 118 38 belopp
894 372 137 32 innebär
1049 372 102 32 alltså
1170 371 11 31 i
1201 370 211 33 förhållande
1431 369 54 32 till
1504 369 54 31 det
1577 380 46 19 re-

119 426 64 32 dan
202 426 177 38 medgivna
397 425 155 39 beloppet
572 425 138 38 625,600
729 424 122 32 kronor
871 436 38 20 en
928 422 138 39 höjning
1085 422 74 32 med
1180 421 139 38 162,000
1339 420 132 33 kronor.
1507 418 117 33 Denna

119 476 179 39 merutgift
320 476 92 33 torde
436 475 182 33 emellertid
641 474 73 33 icke
735 494 44 3 —
801 474 107 32 vilket
930 473 36 38 ju
989 472 207 38 landstinget
1219 471 105 38 enligt
1347 470 55 33 det
1425 469 199 38 föregående

123 527 168 39 knappast
308 527 104 32 heller
430 527 162 32 förutsatt
607 545 44 4 —
667 526 79 32 böra
764 525 125 32 drabba
908 524 100 32 redan
1025 527 97 28 nästa
1139 522 181 38 budgetårs
1338 521 118 38 anslag
1473 520 53 32 till
1544 531 82 27 upp-

125 579 138 32 förande
291 578 80 32 eller
397 577 190 32 inrättande
613 589 42 20 av
681 573 550 40 tuberkulossjukvårdsanstalter.
1283 571 196 34 Skillnaden
1505 570 121 33 mellan

125 630 55 31 det
201 641 45 20 nu
268 629 177 32 förordade
467 628 60 32 och
549 628 54 34 det
625 627 143 38 tidigare
790 626 178 38 medgivna
990 623 335 40 byggnadsbidraget
1347 622 93 33 torde
1462 622 101 32 alltså
1585 640 43 4 —

125 681 10 30 i
156 680 146 38 enlighet
321 679 74 32 med
417 679 127 37 Kungl.
565 678 117 38 Maj:ts
703 682 151 27 närmare
874 675 247 33 bestämmande
1142 694 44 3 —
1205 674 142 38 tidigast
1368 673 36 32 få
1424 672 128 33 belasta
1572 684 55 19 an-

126 731 109 38 slaget
253 730 53 32 till
326 730 112 38 dylikt
457 729 155 32 ändamål
632 728 54 32 för
702 728 200 38 budgetåret
921 726 198 34 1931/1932.

166 780 76 33 Vad
264 781 107 37 angår
393 779 242 38 driftbidraget
656 778 108 33 skulle
787 778 182 32 detsamma
993 776 54 32 för
1071 776 61 32 162
1155 774 212 39 vårdplatser
1390 773 236 37 författnings-

123 831 107 38 enligt
251 831 129 38 årligen
403 829 113 33 kunna
538 830 83 37 utgå
643 828 73 33 med
740 829 138 37 103,477
901 827 123 32 kronor
1047 827 40 31 50
1111 831 54 27 öre
1188 825 60 32 och
1270 825 107 37 enligt
1399 824 60 32 den
1482 824 37 31 år
1543 823 82 32 1927

122 881 177 39 medgivna
317 880 233 39 förhöjningen
569 879 73 33 med
661 879 138 38 147,825
817 878 133 32 kronor.
990 876 121 39 Enligt
1127 876 65 32 vad
1210 875 58 39 jag
1286 887 45 20 nu
1349 874 153 33 förordar
1520 872 108 33 skulle

123 932 153 38 bidraget
299 931 114 32 kunna
437 931 114 38 uppgå
575 930 54 32 till
654 930 138 37 162,607
816 928 124 32 kronor
964 928 40 32 50
1028 932 64 33 öre,
1115 926 107 32 vilket
1245 924 207 34 sistnämnda
1475 924 118 38 belopp
1617 923 11 31 i

124 982 212 33 förhållande
358 982 55 32 till
436 981 55 32 det
515 980 229 33 förstnämnda
768 979 187 32 innefattar
977 990 38 21 en
1038 976 178 40 merutgift
1240 977 19 31 å
1284 976 118 37 59,130
1425 975 121 31 kronor
1570 973 59 32 och

123 1032 58 33 vid
198 1032 194 41 jämförelse
412 1031 73 33 med
505 1031 55 32 det
578 1042 114 21 senare
712 1042 38 21 en
770 1029 98 39 dylik
886 1028 109 39 utgift
1014 1029 19 31 å
1055 1028 116 38 14,782
1191 1026 122 32 kronor
1333 1027 40 31 50
1394 1030 64 27 öre.
1500 1024 52 32 Då
1572 1023 57 32 vid

125 1083 61 32 den
206 1095 44 20 nu
271 1082 192 38 föreslagna
484 1081 178 38 höjningen
681 1100 44 3 —
745 1080 121 32 liksom
887 1079 123 32 skedde
1030 1079 37 31 år
1089 1078 82 32 1927
1192 1096 45 4 —
1255 1077 12 31 i
1287 1076 195 37 anslutning
1502 1074 54 32 till
1576 1074 52 32 det

126 1133 93 33 förut
245 1133 143 32 anförda
416 1132 144 39 givetvis
586 1131 60 33 bör
673 1131 107 32 fästas
807 1129 124 32 villkor
958 1141 51 19 om
1036 1132 52 28 att
1114 1127 240 38 driftbidraget
1380 1126 13 31 i
1420 1126 73 32 dess
1519 1124 111 33 helhet

123 1183 74 33 icke
215 1184 53 32 må
286 1182 169 39 överstiga
473 1182 129 32 hälften
621 1193 42 20 av
681 1181 38 32 de
737 1180 154 38 verkliga
911 1178 319 38 driftkostnaderna,
1248 1177 93 32 torde
1358 1188 43 20 av
1419 1175 211 37 bokförings-

126 1234 154 32 tekniska
304 1233 61 33 och
388 1233 105 32 andra
517 1232 74 32 skäl
614 1231 219 38 merutgiften
859 1230 54 32 för
937 1228 204 33 statsverket
1164 1233 81 27 även
1270 1233 81 26 utan
1376 1225 145 34 särskild
1546 1225 84 32 före-

126 1284 105 33 skrift
252 1284 73 33 icke
347 1284 113 32 kunna
483 1283 131 32 komma
636 1285 52 29 att
708 1281 129 33 belasta
861 1280 56 32 det
939 1279 166 33 ordinarie
1129 1277 303 39 förslagsanslaget
1456 1275 53 33 till
1533 1275 97 32 drift-

125 1334 181 33 kostnader
352 1334 58 32 vid
458 1330 541 40 tuberkulossjukvårdsanstalter
1034 1329 145 38 tidigare
1215 1333 39 27 än
1292 1327 105 33 under
1433 1326 198 38 budgetåret

129 1382 219 36 1931/1932.»

173 1476 224 33 Beträffande
413 1475 128 38 Kungl.
557 1475 118 38 Maj:ts
691 1474 215 39 proposition,
922 1485 40 20 nr
976 1473 74 37 218,
1067 1472 54 31 till
1139 1472 82 32 1927
1238 1471 54 32 års
1309 1470 139 38 riksdag
1463 1468 170 38 angående

130 1527 207 38 statsbidrag
352 1527 55 32 till
421 1526 211 38 uppförande
649 1524 59 33 och
723 1524 86 33 drift
824 1536 42 20 av
881 1535 39 21 en
937 1523 54 32 för
1033 1521 167 33 Jämtlands
1215 1521 56 32 län
1287 1520 124 33 avsedd
1426 1518 206 33 tuberkulos-

130 1577 308 38 sjukvårdsanstalt
464 1573 366 42 (centralsanatorium)
857 1573 139 33 anförde
1016 1572 180 38 riksdagen
1216 1572 11 31 i
1248 1572 50 32 sin
1320 1570 160 33 skrivelse
1500 1582 40 19 nr
1560 1570 73 36 252,

130 1633 50 28 att
205 1628 179 38 riksdagen
407 1640 42 19 av
474 1627 60 32 den
558 1627 12 31 i
592 1625 248 39 propositionen
864 1623 154 33 lämnade
1041 1623 219 37 utredningen
1284 1625 110 29 ansett
1417 1621 143 39 framgå,
1584 1623 50 28 att

131 1678 407 38 tuberkulosdödligheten
558 1677 87 31 inom
666 1675 193 33 Jämtlands
879 1675 66 39 län,
966 1679 83 27 även
1068 1685 51 20 om
1140 1673 60 32 den
1218 1672 73 33 icke
1311 1672 88 38 tagit
1419 1671 124 32 sådana
1561 1682 73 27 pro-

132 1730 167 37 portioner
324 1741 69 20 som
417 1729 12 31 i
454 1727 219 33 Norrbottens
699 1726 65 39 län,
790 1725 108 32 likväl
922 1736 77 21 vore
1025 1723 227 33 oroväckande
1280 1726 79 29 stor.
1407 1722 226 37 Utredningen

130 1782 114 32 visade
263 1781 70 38 ock,
353 1784 51 29 att
424 1779 228 39 dödlighetens
673 1778 153 38 nedgång
845 1778 11 31 i
876 1776 194 33 Jämtlands
1090 1775 55 32 län
1166 1775 119 32 liksom
1306 1775 11 31 i
1338 1774 38 32 de
1397 1774 115 38 övriga
1533 1772 101 32 Norr-

131 1830 196 32 landslänen
347 1829 123 33 dittills
490 1830 11 31 i
520 1828 192 38 jämförelse
731 1827 73 32 med
826 1826 88 33 riket
932 1827 11 31 i
965 1826 73 32 dess
1058 1825 111 32 helhet
1189 1824 88 32 varit
1298 1823 130 39 ganska
1449 1823 106 38 ringa,
1576 1821 59 33 och

131 1884 84 29 trots
237 1885 51 28 att
308 1879 207 38 landstinget
535 1880 11 31 i
569 1879 89 32 länet
680 1878 137 37 nedlagt
838 1876 187 39 betydande
1046 1875 144 38 utgifter
1212 1875 54 32 för
1286 1872 348 39 tuberkulossjukvår-

133 1931 71 40 den,
230 1935 114 34 syntes
370 1930 186 37 tillgången
581 1930 43 37 på
648 1928 212 38 vårdplatser
885 1927 53 32 för
962 1924 297 38 tuberkulossjuka
1282 1924 83 32 dock
1389 1936 83 19 vara
1495 1923 62 32 allt
1583 1923 53 31 för

132 1981 112 38 knapp
271 1982 53 31 för
345 1979 264 38 möjliggörande
633 1990 43 20 av
699 1990 38 20 en
760 1977 148 32 effektiv
930 1976 100 38 kamp
1054 1979 69 28 mot
1146 1974 194 39 sjukdomen
1362 1974 125 37 ifråga.
1532 1973 104 32 Beho-

131 2035 57 28 vet
207 2043 42 20 av
268 2030 155 38 kraftiga
443 2029 157 38 åtgärder
622 2029 53 32 för
695 2027 164 38 utökning
880 2039 42 20 av
942 2025 340 38 vårdmöjligheterna
1302 2025 88 31 inom
1412 2024 91 32 länet
1522 2027 114 35 syntes

134 2081 179 38 riksdagen
333 2082 54 31 för
405 2081 61 32 den
485 2080 89 33 skull
592 2078 258 38 ovedersägligt.
891 2077 64 39 Då,
973 2077 44 38 på
1037 2079 68 29 sätt
1123 2088 41 19 av
1184 2076 59 32 den
1261 2076 11 31 i
1291 2074 246 39 propositionen
1556 2074 80 31 läm-

133 2132 83 33 nade
236 2131 228 38 redogörelsen
484 2130 200 38 framginge,
703 2128 204 38 landstinget
927 2128 73 31 med
1018 2127 131 38 hänsyn
1170 2126 53 32 till
1242 2126 50 32 sin
1311 2124 215 33 ekonomiska
1544 2124 92 33 ställ-

133 2183 81 38 ning
233 2182 73 32 icke
326 2181 157 33 mäktade
503 2184 51 29 att
573 2184 81 28 utan
676 2178 145 33 särskild
841 2178 94 38 hjälp
956 2178 138 37 vidtaga
1115 2176 203 38 tillräckligt
1338 2175 167 33 effektiva
1525 2176 111 37 åtgär-

133 2233 68 37 der,
216 2233 123 37 ansåge
357 2232 178 37 riksdagen
552 2230 60 32 ock
627 2231 10 31 i
654 2229 104 32 likhet
773 2229 74 32 med
863 2227 363 39 departementschefen
1241 2225 242 38 ofrånkomligt
1499 2229 50 28 att
1563 2225 74 32 med

136 2283 193 32 statsmedel
345 2282 175 38 bispringa
536 2281 205 36 landstinget
756 2280 10 30 i
783 2279 75 32 dess
873 2279 101 37 kamp
992 2281 68 28 mot
1078 2277 204 38 sjukdomen,
1300 2277 60 31 och
1377 2279 114 35 syntes
1510 2275 127 32 riksda-

134 2344 73 27 gen,
227 2333 11 31 i
259 2332 148 37 enlighet
426 2331 73 31 med
518 2331 63 31 vad
602 2330 11 31 i
634 2328 246 39 propositionen
903 2326 205 39 föreslagits,
1129 2326 104 32 denna
1253 2325 93 38 hjälp
1368 2325 79 32 böra
1466 2325 82 37 utgå
1568 2324 69 32 dels

134 2384 8 30 i
165 2383 84 32 form
269 2394 41 20 av
330 2380 127 38 förhöjt
476 2379 205 38 statsbidrag
701 2379 52 32 till
771 2376 211 40 uppförande
1001 2388 42 20 av
1061 2380 47 28 ett
1127 2374 343 39 centralsanatorium,
1490 2374 69 33 dels
1578 2374 60 33 ock

168 2707 171 30 Kartonyblad
360 2708 54 23 med
435 2709 103 22 rättelse
557 2712 14 18 å&
591 2707 45 23 sid.
656 2706 40 25 32,
716 2706 79 30 fjärde
813 2707 103 28 stycket
935 2705 127 30 uppifrån.

1675 1474 146 24 Utskottets

1685 1508 127 31 yttrande.
