1918 2850
286 156 41 30 34

748 155 259 30 Statsutskottets
1029 156 163 29 utlåtande
1216 156 47 28 Nr
1284 161 68 27 135.

603 242 58 32 der
677 242 53 32 till
748 242 134 38 statligt
902 242 370 39 driftkostnadsbidrag
1290 242 210 39 berättigade
1519 242 214 40 vårdplatser
1751 244 47 31 in-

605 304 50 21 om
684 293 174 39 paviljong
886 293 38 32 II
952 294 57 32 vid
1040 294 181 33 sanatoriet
1250 295 43 37 på
1322 294 108 39 grund
1460 307 41 20 av
1529 295 196 32 utförandet
1754 307 42 20 av

605 343 224 38 nyssnämnda
847 344 132 32 arbeten
995 344 75 33 icke
1085 344 130 32 kunnat
1229 356 82 21 vara
1327 344 152 39 belagda,
1497 348 48 29 ett
1561 344 235 39 evakuerings-

603 393 120 38 bidrag
744 394 54 32 till
819 394 119 39 belopp
960 406 43 20 av
1025 395 17 31 2
1065 394 123 32 kronor
1210 395 40 32 75
1273 399 54 27 öre
1349 394 53 33 för
1421 394 93 38 varje
1538 394 97 39 dylik
1656 394 141 39 obelagd

598 444 173 39 vårdplats
791 445 61 32 och
871 445 80 38 dag;
972 450 154 28 ävensom

646 493 34 41 ce)
708 494 198 39 föreskriva,
941 498 51 30 att
1025 495 63 32 här
1110 495 221 33 omförmälda
1355 495 207 39 statsbidrag
1584 495 93 34 skola
1701 497 93 38 utgå,

601 545 341 38 byggnadsbidragen
976 546 12 31 i
1023 545 229 39 huvudsaklig
1287 547 324 32 överensstämmelse
1647 546 74 32 med
1758 547 38 31 de

600 595 137 33 rörande
767 595 119 38 anslag
914 595 55 32 till
997 595 212 39 uppförande
1240 596 81 32 eller
1348 596 189 33 inrättande
1568 609 42 20 av
1639 596 155 33 tuberku-

605 645 394 38 lossjukvårdsanstalter
1028 645 163 39 stadgade
1220 645 190 39 grunderna
1439 646 60 33 och
1528 646 270 39 evakueringsbi-

605 696 118 38 draget
745 696 11 32 i
780 696 206 39 tillämpliga
1009 696 95 33 delar
1125 697 12 32 i
1161 695 227 40 huvudsaklig
1412 697 147 38 enlighet
1583 697 75 33 med
1682 697 39 33 de
1746 697 52 32 be-

605 747 174 32 träffande
805 747 119 38 anslag
950 747 54 32 till
1031 747 123 38 bidrag
1179 746 54 33 till
1261 746 312 34 driftkostnaderna
1600 747 55 33 för
1681 747 118 39 dylika

601 798 161 32 anstalter
793 798 156 39 gällande
980 798 200 39 grunderna,
1213 802 86 29 samt
1328 798 94 33 såväl
1452 798 343 39 byggnadsbidragen

604 860 68 21 som
696 848 379 39 evakueringsbidraget
1098 849 43 38 på
1166 848 40 33 de
1226 853 152 28 närmare
1401 848 126 33 villkor
1548 849 12 32 i
1583 849 122 38 övrigt,
1730 860 68 21 som

603 899 53 32 må
675 910 41 21 av
737 898 128 39 Kungl.
886 898 102 39 Maj:t
1005 899 217 38 bestämmas;

646 949 49 33 II.
740 950 74 32 med
838 949 143 39 ändring
1005 962 43 20 av
1072 950 65 32 vad
1163 951 83 32 1927
1272 950 55 33 års
1353 950 138 39 riksdag
1517 950 200 33 därutinnan
1743 950 52 32 be-

604 1003 103 30 stämt

646 1051 36 40 a)
712 1052 164 38 medgiva,
903 1055 50 28 att
980 1052 129 38 Kungl.
1137 1052 101 38 Maj:t
1263 1052 54 32 må
1341 1071 45 4 —
1410 1056 80 28 utan
1517 1052 117 32 hinder
1658 1063 42 21 av
1726 1052 69 38 gäl-

604 1101 96 33 lande
718 1101 250 33 bestämmelser
985 1101 218 33 beträffande
1223 1101 208 39 statsbidrag
1450 1101 54 33 till
1524 1101 212 39 uppförande
1756 1101 42 33 el-

602 1152 49 32 ler
671 1152 190 33 inrättande
879 1164 42 20 av
942 1151 543 39 tuberkulossjukvårdsanstalter
1504 1155 88 29 samt
1612 1151 187 33 beträffan-

604 1203 39 32 de
661 1203 206 38 statsbidrag
886 1203 54 32 till
960 1203 310 32 driftkostnaderna
1289 1202 54 32 för
1362 1202 124 33 sådana
1505 1202 163 33 anstalter
1684 1221 45 4 —
1747 1202 51 32 be-

601 1253 83 38 vilja
708 1254 31 39 ej
761 1252 130 34 mindre
915 1253 209 39 statsbidrag
1147 1254 54 32 till
1225 1253 210 38 uppförande
1460 1254 20 31 å
1503 1253 144 38 angiven
1671 1253 89 38 plats
1785 1253 11 31 i

603 1300 182 36 Östersund
801 1316 42 20 av
859 1316 38 20 en
914 1304 54 32 för
1011 1304 168 32 Jämtlands
1195 1303 56 32 län
1267 1303 124 33 avsedd
1408 1303 390 39 tuberkulossjukvårds-

604 1354 126 33 anstalt
750 1353 370 40 (centralsanatorium)
1142 1354 74 32 med
1232 1357 46 29 ett
1297 1353 117 40 belopp
1433 1366 41 20 av
1493 1355 96 37 5,000
1606 1354 122 32 kronor
1747 1354 54 31 för

603 1417 39 20 en
658 1417 60 20 var
734 1417 42 20 av
794 1405 100 38 högst
911 1406 61 31 162
991 1404 223 39 vårdplatser,
1231 1404 308 39 isoleringsplatser
1556 1404 30 39 ej
1603 1404 195 38 inräknade,

604 1455 84 33 dock
704 1456 72 32 med
793 1455 39 33 de
848 1455 295 39 inskränkningar,
1161 1458 50 29 att
1228 1454 242 40 statsbidraget
1486 1455 31 38 ej
1534 1455 55 32 må
1606 1454 193 33 överskrida

603 1506 131 33 hälften
773 1518 44 21 av
856 1506 61 33 den
945 1506 105 38 enligt
1077 1505 251 39 vederbörligen
1356 1505 189 39 granskade
1574 1505 226 39 räkenskaper

603 1557 105 32 funna
736 1557 155 38 verkliga
921 1556 375 40 byggnadskostnaden,
1328 1556 73 33 däri
1431 1556 29 38 ej
1492 1556 165 32 inräknad
1687 1556 110 38 utgift

602 1608 54 32 för
675 1607 227 33 anskaffande
922 1619 42 21 av
983 1607 275 39 byggnadstomt,
1279 1610 49 30 att
1351 1607 76 32 från
1448 1607 55 32 det
1522 1608 44 37 på
1586 1610 69 29 sätt
1675 1618 44 20 nu
1740 1618 55 20 an-

603 1658 103 39 givits
725 1658 172 33 bestämda
916 1658 154 39 beloppet
1091 1658 86 32 skall
1197 1657 106 39 enligt
1320 1669 41 20 av
1383 1657 82 33 1927
1486 1658 54 32 års
1562 1656 139 39 riksdag
1721 1656 77 39 god-

604 1709 111 33 kända
742 1709 146 38 grunder
916 1714 97 33 göras
1043 1709 130 38 avdrag
1200 1709 54 32 för
1280 1708 69 32 viss
1377 1708 52 33 del
1457 1720 42 20 av
1528 1708 56 33 det
1609 1707 121 38 bidrag
1757 1719 43 20 av

605 1760 200 38 statsmedel,
834 1771 70 21 som
930 1760 145 38 tidigare
1103 1759 156 38 beviljats
1289 1759 53 32 för
1369 1759 212 32 anordnande
1610 1770 43 20 av
1681 1770 38 20 en
1749 1761 50 29 tu-

600 1810 337 39 berkulossjukstuga
955 1811 19 32 å
990 1822 127 21 samma
1134 1810 100 40 plats,
1251 1814 87 29 samt
1355 1812 48 30 att
1422 1810 71 32 före
1512 1810 62 32 den
1593 1811 16 31 1
1628 1809 62 38 juli
1710 1810 83 31 1931

600 1862 54 31 må
672 1873 42 20 av
732 1861 54 33 det
805 1861 105 32 totala
930 1861 243 38 statsbidraget
1190 1861 84 38 utgå
1293 1860 224 38 sammanlagt
1535 1860 100 38 högst
1654 1860 140 38 625,600

602 1912 131 38 kronor,
765 1914 42 30 än
839 1914 83 30 även
955 1912 55 31 för
1040 1924 39 20 en
1111 1911 50 33 tid
1191 1923 44 21 av
1266 1915 51 28 tre
1349 1911 38 32 år
1418 1911 87 33 efter
1539 1911 56 32 det
1625 1910 172 38 ifrågava-

602 1963 100 32 rande
741 1962 127 33 anstalt
906 1962 98 33 blivit
1042 1974 117 27 genom
1188 1961 360 39 medicinalstyrelsens
1578 1961 133 38 försorg
1739 1973 54 20 av-

603 2013 106 39 synad
734 2013 58 32 och
820 2013 167 38 godkänd,
1013 2013 208 38 statsbidrag
1247 2012 53 33 till
1325 2012 309 33 driftkostnaderna
1661 2011 56 33 vid
1742 2023 55 20 an-

601 2063 120 33 stalten
742 2064 73 32 med
837 2068 47 29 ett
904 2063 118 39 belopp
1045 2064 54 32 för
1121 2064 65 38 dag
1207 2064 60 32 och
1288 2064 137 38 patient,
1449 2074 68 21 som
1540 2063 73 32 med
1634 2062 160 33 avseende

600 2115 20 32 å
637 2114 98 39 högst
754 2115 61 32 162
834 2114 211 39 vårdplatser
1064 2114 73 33 med
1156 2126 38 21 en
1213 2114 105 32 krona
1337 2114 183 37 överstiger
1540 2114 55 32 det
1613 2113 54 33 till
1685 2113 108 32 tuber-

599 2165 240 38 kulossjukhus
864 2165 11 32 i
900 2165 183 32 allmänhet
1110 2165 161 38 utgående
1297 2164 241 38 statsbidraget
1562 2164 60 32 och
1645 2164 12 32 i
1683 2163 111 38 övrigt

601 2219 186 29 motsvarar
815 2216 142 32 nämnda
987 2215 131 39 bidrag,
1150 2215 83 32 dock
1263 2215 73 33 med
1367 2215 61 32 den
1458 2214 256 38 inskränkning,
1745 2216 50 29 att

601 2266 251 39 sammanlagda
880 2266 243 38 statsbidraget
1149 2265 73 33 icke
1249 2266 54 32 för
1330 2266 108 37 någon
1466 2265 49 33 tid
1544 2266 54 31 må
1626 2264 167 38 överstiga

600 2316 130 33 hälften
749 2329 42 20 av
810 2317 184 32 anstaltens
1014 2316 107 39 enligt
1137 2316 250 39 vederbörligen
1407 2315 189 39 granskade
1616 2314 177 33 räkenska-

600 2379 58 27 per
681 2367 104 33 funna
808 2367 153 38 verkliga
985 2366 281 39 driftkostnader;

645 2417 37 40 b)
705 2418 161 38 förklara,
884 2421 51 29 att
953 2418 53 32 för
1023 2418 196 38 åtnjutande
1237 2430 42 19 av
1296 2417 261 39 ifrågavarande
1575 2416 120 37 bidrag
1713 2416 11 31 i
1742 2420 52 27 öv-

600 2469 68 38 rigt
686 2468 11 31 i
717 2468 205 38 tillämpliga
943 2468 93 32 delar
1056 2468 93 32 skola
1170 2467 92 39 gälla
1282 2480 42 19 av
1346 2466 362 40 departementschefen
1730 2478 64 20 om-
