1882 2778
247 165 42 29 26
580 167 287 32 Statsutskottets
895 168 179 32 utlåtande
1100 180 44 20 nr
1171 171 38 29 11
1239 171 40 30 år
1306 172 84 29 1958

246 246 89 34 samt
353 245 52 31 till
424 246 229 43 automobiler
671 248 65 31 och
755 250 216 39 transporter
989 249 145 39 föreslås
1152 250 110 40 höjda
1279 251 78 32 med
1376 251 41 32 50
1431 252 73 33 000,
1523 252 19 30 5
1557 252 62 30 000
1639 262 89 31 resp.

245 296 95 32 2000
361 298 130 34 kronor
511 299 52 30 till
584 300 63 30 900
662 300 74 35 000,
757 301 40 31 30
812 301 62 30 000
895 311 90 32 resp.
1007 303 39 29 20
1061 303 62 30 000
1144 303 141 31 kronor.

288 350 121 30 Ehuru
427 351 385 40 departementschefen
828 355 12 30 i
857 355 66 35 och
942 355 54 30 för
1015 356 49 39 sig
1082 356 75 30 icke
1176 356 60 30 vill
1253 358 165 30 motsätta
1438 358 60 39 sig,
1517 360 51 30 att
1585 359 68 29 den
1670 359 58 30 vid

243 402 222 33 laboratoriet
489 406 173 32 anställda
687 406 432 41 städtillsyningsmannen
1142 409 300 40 fortsättningsvis
1465 411 200 35 bibehålles,
1690 413 39 29 är

243 455 70 33 han
336 456 75 34 icke
434 458 127 30 beredd
585 461 50 28 att
660 459 54 30 för
739 459 122 46 sådant
885 461 163 31 ändamål
1073 462 142 39 förorda
1238 464 222 39 uppräkning
1483 473 42 21 av
1547 465 181 39 delposten

242 509 53 29 till
320 511 87 30 tvätt
432 511 64 30 och
520 512 75 33 inre
620 512 231 40 renhållning.
877 514 160 33 Nämnda
1062 515 135 40 delpost
1224 516 145 31 föreslås
1394 517 86 39 höjd
1504 518 79 30 med
1609 518 40 30 25
1664 518 63 30 000

242 561 130 31 kronor
391 564 52 29 till
465 564 58 30 135
538 565 63 29 000
620 566 141 31 kronor.

287 615 64 30 Vid
371 616 98 30 bifall
489 617 51 30 till
560 619 66 29 vad
647 628 47 20 nu
716 618 173 31 förordats
909 620 63 30 bör
992 621 154 39 anslaget
1166 622 203 40 uppräknas
1389 623 79 30 med
1488 624 62 30 505
1565 624 62 30 000
1648 625 80 30 kro-

242 677 64 20 nor
323 669 64 30 och
407 670 146 30 sålunda
571 673 172 38 upptagas
761 672 52 30 till
831 672 18 30 3
867 673 61 29 108
942 673 63 30 000
1023 674 140 31 kronor.

286 775 12 28 I
319 775 41 30 de
382 776 110 30 under
513 777 289 40 nästföregående
823 779 114 39 punkt
959 781 153 32 nämnda
1132 781 223 40 likalydande
1377 783 219 31 motionerna
1617 784 29 30 1:
1663 784 63 30 302

247 827 59 33 (av
322 828 81 30 herr
420 829 125 35 Svärd)
568 831 65 29 och
652 831 45 29 II:
714 831 61 30 315
800 832 58 33 (av
876 832 81 30 herr
974 833 180 39 Lothigius
1172 844 46 20 m.
1236 835 56 40 fl.)
1315 835 63 30 har
1396 836 207 35 hemställts,
1622 837 104 30 såvitt

241 889 48 20 nu
309 882 37 29 är
366 882 11 29 i
397 882 108 43 fråga,
525 885 50 28 att
594 884 187 40 riksdagen
801 885 108 37 måtte
929 885 135 32 besluta
1084 889 50 29 att
1154 887 55 30 för
1228 888 204 39 budgetåret
1454 889 140 37 1958/59
1615 890 111 30 under

239 933 82 30 elfte
351 935 221 31 huvudtiteln
600 937 53 29 till
684 927 136 40 Statens
848 938 294 46 bakteriologiska
1171 940 265 33 laboratorium:
1467 942 259 34 Omkostnader

240 987 119 29 anvisa
379 990 48 28 ett
447 988 272 42 förslagsanslag
740 1000 41 20 av
802 991 17 29 2
834 991 63 30 058
911 992 63 30 000
994 992 140 31 kronor.

285 1093 184 31 Utskottet.
490 1095 76 30 Med
586 1095 211 42 hänvisning
817 1097 52 30 till
889 1098 67 30 vad
977 1099 168 30 utskottet
1166 1100 118 30 anfört
1305 1101 110 36 under
1436 1102 289 40 nästföregående

239 1146 113 38 punkt
369 1148 181 39 avstyrker
567 1149 171 43 utskottet
755 1151 219 30 motionerna
991 1152 28 30 I:
1036 1152 62 30 302
1116 1153 65 30 och
1199 1153 45 30 II:
1260 1153 73 35 315,
1351 1155 10 29 i
1377 1155 65 29 vad
1460 1155 41 31 de
1518 1155 100 32 berör
1635 1156 91 30 före-

237 1199 152 30 varande
411 1201 129 39 anslag.

283 1253 176 42 Utskottet
477 1254 54 34 får
547 1255 79 30 med
644 1255 245 40 tillstyrkande
908 1267 42 20 av
968 1258 125 39 Kungl.
1111 1259 125 39 Maj:ts
1254 1260 131 40 förslag
1402 1261 195 36 hemställa,

589 1314 51 29 att
669 1313 186 40 riksdagen
883 1315 59 30 må
970 1316 79 29 med
1077 1316 99 30 bifall
1206 1317 52 30 till
1287 1318 125 39 Kungl.
1441 1319 123 39 Maj:ts
1594 1319 130 40 förslag

546 1368 91 28 samt
658 1367 79 29 med
759 1367 116 40 avslag
896 1368 21 30 å
937 1369 219 31 motionerna
1177 1370 29 30 1:
1223 1370 63 31 302
1307 1372 65 29 och
1394 1372 44 30 II:
1455 1372 73 34 315,
1551 1372 103 31 såvitt
1675 1383 48 20 nu

545 1419 38 32 är
610 1419 11 30 i
648 1419 109 40 fråga,
784 1420 51 30 till
862 1421 139 30 Statens
1030 1422 291 41 bakteriologiska
1348 1424 266 32 laboratorium:
1643 1427 81 30 Om-

543 1471 192 38 kostnader
760 1473 53 30 för
837 1473 205 40 budgetåret
1069 1475 141 38 1958/59
1236 1477 119 30 anvisa
1378 1480 49 28 ett
1451 1478 272 41 förslagsanslag

545 1534 42 20 av
604 1526 19 29 3
640 1525 61 33 108
716 1526 62 30 00
795 1527 141 33 kronor.

284 1683 95 35 14:0)
409 1684 185 38 Inredning
620 1687 65 29 och
713 1686 197 37 utrustning
935 1697 43 20 av
1004 1687 282 39 virusavdelning
1312 1690 56 30 vid
1395 1693 130 28 statens
1552 1691 171 30 bakterio-

235 1736 137 36 logiska
390 1737 249 38 laboratorium
657 1749 44 25 m.
719 1749 44 20 m.
782 1740 12 29 I
812 1740 152 40 enlighet
981 1742 79 29 med
1078 1742 126 39 Kungl.
1224 1743 123 39 Maj:ts
1366 1743 130 41 förslag
1521 1744 130 40 (punkt
1672 1745 49 34 16,

236 1798 25 21 s.
285 1790 71 34 75),
378 1791 107 31 vilket
504 1792 146 31 innebär
671 1792 213 31 oförändrad
906 1794 328 41 medelsanvisning,
1256 1796 200 30 hemställer
1478 1797 179 35 utskottet,

587 1851 51 28 att
661 1850 186 40 riksdagen
869 1851 58 30 må
950 1851 52 30 till
1025 1852 188 40 Inredning
1236 1854 64 29 och
1324 1855 200 39 utrustning
1546 1865 42 20 av
1612 1856 109 29 virus-

543 1902 186 40 avdelning
745 1903 56 31 vid
816 1906 132 28 statens
967 1905 291 40 bakteriologiska
1276 1906 247 32 laboratorium
1540 1918 46 20 m.
1602 1918 46 20 m.
1666 1909 54 30 för

542 1956 205 39 budgetåret
784 1956 140 37 1958/59
958 1958 119 30 anvisa
1111 1961 49 28 ett
1194 1960 354 40 reservationsanslag
1581 1971 43 21 av
1659 1962 60 30 100

541 2008 141 31 kronor.

281 2166 95 34 15:0)
406 2166 185 37 Inredning
614 2169 65 28 och
703 2169 197 36 utrustning
922 2179 43 20 av
989 2170 363 39 personalrestaurang
1375 2183 44 19 m.
1443 2183 42 19 m.
1509 2174 57 29 vid
1590 2175 129 28 statens

235 2218 291 37 bakteriologiska
551 2220 259 31 laboratorium.
836 2222 126 40 Kungl.
988 2223 104 40 Maj:t
1118 2224 64 29 har
1213 2224 129 40 (punkt
1370 2226 49 33 17,
1447 2236 25 20 s.
1500 2227 39 29 76
1565 2227 65 30 och
1657 2228 57 33 77)

233 2271 178 40 föreslagit
430 2273 186 39 riksdagen
636 2276 50 28 att
706 2275 51 29 till
778 2275 187 40 Inredning
984 2277 64 29 och
1067 2278 202 39 utrustning
1289 2287 41 21 av
1349 2279 368 40 personalrestaurang

232 2334 45 20 m.
294 2335 45 20 m.
354 2326 56 29 vid
429 2328 130 28 statens
573 2327 295 40 bakteriologiska
884 2328 249 31 laboratorium
1150 2330 55 30 för
1220 2331 204 39 budgetåret
1442 2332 140 37 1958/59
1597 2334 120 29 anvisa

231 2379 48 28 ett
299 2379 354 40 reservationsanslag
673 2390 42 20 av
737 2381 59 30 120
811 2381 62 30 000
893 2382 141 30 kronor.

275 2484 110 39 Något
404 2485 119 40 anslag
542 2485 55 31 för
616 2486 95 30 detta
731 2487 162 30 ändamål
913 2489 38 29 är
970 2488 75 30 icke
1064 2489 145 40 uppfört
1227 2490 11 30 i
1257 2490 157 39 gällande
1434 2492 155 30 riksstat.
