1878 2780
490 198 286 31 Statsutskottets
804 195 180 31 utlåtande
1011 203 43 20 nr
1081 194 36 29 11
1147 193 41 29 år
1216 192 84 29 1958
1599 188 39 30 71

156 283 67 29 kan
252 279 280 31 medelsbehovet
558 277 174 30 beräknas
759 275 53 30 till
842 274 60 30 165
917 273 63 30 000
1008 273 141 29 kronor.
1178 271 52 29 En
1258 280 41 20 av
1326 270 101 30 dessa
1455 269 20 30 å
1504 268 60 30 110
1578 267 63 30 000

155 337 131 28 kronor
311 343 99 21 avser
433 332 122 39 bidrag
579 331 52 29 till
655 328 200 31 inrättande
881 337 42 21 av
947 336 69 30 nya
1040 325 218 40 vårdplatser
1283 324 57 29 vid
1366 322 276 39 barnsjukhuset

157 388 196 31 Samariten
381 387 12 29 i
423 384 212 34 Stockholm,
664 392 80 21 vars
773 382 205 29 huvudman
1009 381 37 29 är
1075 388 44 21 en
1149 378 159 30 stiftelse.
1337 376 117 39 Enligt
1484 374 159 41 gällande

155 441 264 31 bestämmelser
445 440 38 29 är
507 437 230 31 förevarande
763 433 353 41 anläggningsbidrag
1141 431 209 31 förbehållet
1377 429 176 39 landsting
1579 428 65 30 och

158 494 267 39 landstingsfria
447 493 126 29 städer.
594 491 52 30 Av
666 489 258 39 handlingarna
945 489 12 28 i
979 487 143 30 ärendet
1143 485 156 39 framgår
1321 483 193 30 emellertid
1536 482 44 30 bl.
1603 491 41 24 a.,

158 551 50 28 att
231 547 222 32 Stockholms
476 546 77 29 stad
576 545 205 39 disponerar
803 542 162 39 samtliga
987 540 218 40 vårdplatser
1228 539 20 30 å
1272 537 187 40 sjukhuset
1481 536 55 30 för
1558 536 87 29 barn

158 603 82 29 från
267 602 122 29 staden
415 601 92 29 samt
532 600 50 29 att
607 598 124 29 staden
756 596 52 30 till
834 595 237 38 övervägande
1097 593 55 30 del
1179 593 159 29 bekostat
1363 590 215 30 inrättandet
1604 598 42 20 av

156 657 43 29 de
224 664 69 31 nya
316 653 276 41 vårdplatserna.
617 652 13 29 I
657 650 135 39 avgivet
816 648 181 30 utlåtande
1021 648 64 29 har
1111 646 252 30 statskontoret
1387 643 183 33 förklarat,
1596 643 50 29 att

160 708 257 31 ämbetsverket
436 707 76 29 icke
531 705 60 31 vill
611 705 167 29 motsätta
799 703 51 39 sig
870 704 50 28 att
941 701 211 38 statsbidrag
1173 699 102 39 utgår
1293 699 11 29 i
1323 697 230 30 förevarande
1573 695 73 30 fall.

160 763 78 29 Med
262 762 140 39 hänsyn
426 759 119 31 härtill
570 759 65 29 och
659 758 53 29 till
737 756 119 40 övriga
880 756 12 29 i
917 755 143 30 ärendet
1085 753 165 40 upplysta
1274 751 246 30 förhållanden
1545 758 103 21 anser

161 813 388 43 departementschefen
568 812 50 40 sig
636 812 85 29 böra
740 810 153 33 förorda,
914 810 50 29 att
984 807 211 39 statsbidrag
1214 806 58 30 må
1290 805 82 39 utgå
1390 804 52 30 till
1464 803 183 30 stiftelsen.

161 869 65 30 Vid
257 868 99 30 bifall
386 867 119 30 härtill
536 867 101 38 utgör
667 864 104 30 alltså
800 862 279 31 medelsbehovet
1110 861 55 29 för
1196 861 102 28 nästa
1326 858 169 39 budgetår
1524 857 14 30 i
1566 857 82 29 runt

163 923 46 29 tal
243 922 80 33 (165
338 921 63 30 000
415 938 44 4 —
471 920 40 30 37
526 919 81 34 000)
640 918 61 30 130
716 917 63 30 000
806 917 141 29 kronor.

209 1033 176 30 Utskottet
406 1031 60 31 vill
489 1031 45 40 på
557 1040 42 20 av
620 1026 387 43 departementschefen
1030 1025 149 31 anförda
1202 1024 75 30 skäl
1301 1024 74 29 icke
1400 1023 165 29 motsätta
1589 1020 61 39 sig.

164 1089 50 28 att
233 1086 212 38 statsbidrag
461 1085 55 30 får
533 1084 82 39 utgå
631 1083 56 30 för
704 1081 199 31 inrättande
921 1090 43 20 av
980 1089 68 30 nya
1065 1078 218 40 vårdplatser
1300 1077 57 30 vid
1374 1075 277 39 barnsjukhuset

166 1139 196 32 Samariten
381 1139 12 30 i
414 1137 213 32 Stockholm.

210 1194 52 30 Då
287 1194 87 29 även
400 1189 381 42 anslagsberäkningen
808 1189 70 29 kan
905 1197 41 20 av
972 1187 170 29 utskottet
1170 1185 176 39 godtagas,
1372 1182 202 30 hemställer
1600 1182 53 28 ut-

167 1248 140 33 skottet,

523 1299 51 29 att
595 1297 189 39 riksdagen
809 1296 58 29 må

521 1369 36 34 a)
587 1368 169 39 medgiva,
780 1368 51 29 att
856 1365 211 39 statsbidrag
1090 1364 58 30 må
1172 1363 83 39 utgå
1278 1362 52 30 till
1356 1361 173 30 stiftelsen
1554 1360 102 29 barn-

481 1422 188 40 sjukhuset
700 1420 196 31 Samariten
925 1419 55 29 för
1010 1417 227 31 anordnande
1268 1425 42 21 av
1340 1424 69 30 nya
1438 1414 217 39 vårdplatser

481 1476 57 30 vid
559 1475 204 39 sjukhuset;

525 1546 38 34 b)
592 1546 52 29 till
672 1545 128 39 Bidrag
827 1544 52 29 till
906 1542 218 41 uppförande
1152 1541 84 30 eller
1262 1539 199 31 inrättande
1486 1547 43 21 av
1556 1538 101 29 barn-

481 1599 228 39 avdelningar
733 1598 57 30 vid
814 1597 143 30 lasarett
981 1606 45 20 m.
1051 1605 45 20 m.
1122 1595 55 29 för
1203 1593 203 40 budgetåret
1432 1591 140 36 1958/59
1599 1600 59 20 an-

481 1654 74 30 visa
575 1654 49 29 ett
643 1650 358 39 reservationsanslag
1020 1658 41 21 av
1084 1648 60 30 130
1158 1648 64 30 000
1243 1647 140 30 kronor.

219 1842 97 34 73:0)
346 1841 125 35 Bidrag
490 1840 53 29 till
563 1839 129 30 driften
711 1848 43 20 av
774 1836 311 35 barnavdelningar
1106 1835 57 29 vid
1186 1835 139 28 lasarett
1345 1843 43 19 m.
1410 1842 43 20 m.
1475 1833 13 29 I
1509 1831 151 39 enlighet

176 1896 79 29 med
279 1894 126 39 Kungl.
429 1893 125 39 Maj:ts
577 1891 133 39 förslag
739 1890 130 40 (punkt
894 1889 51 34 79,
971 1898 25 20 s.
1022 1888 61 30 255
1109 1888 64 29 och
1199 1886 95 34 256),
1318 1885 108 30 vilket
1449 1884 146 30 innebär
1618 1892 43 21 en

176 1949 78 30 med
282 1947 60 30 100
357 1947 63 30 000
446 1947 130 29 kronor
601 1945 92 29 ökad
719 1942 328 39 medelsanvisning,
1074 1940 203 30 hemställer
1303 1939 179 33 utskottet,

532 2018 50 28 att
609 2016 188 38 riksdagen
826 2014 57 30 må
911 2013 52 30 till
992 2012 127 39 Bidrag
1149 2011 52 30 till
1229 2010 130 40 driften
1389 2019 42 20 av
1460 2008 203 31 barnavdel-

486 2070 125 39 ningar
632 2069 57 30 vid
710 2068 143 30 lasarett
874 2077 45 20 m.
941 2076 45 20 m.
1008 2066 55 29 för
1084 2064 204 39 budgetåret
1312 2062 140 36 1958/59
1475 2062 119 29 anvisa
1615 2062 48 28 ett

489 2121 274 40 förslagsanslag
786 2130 41 20 av
852 2120 93 30 1200
960 2119 62 30 000
1046 2119 141 29 kronor.

225 2309 97 33 74:0)
352 2308 125 35 Bidrag
509 2308 52 28 till
595 2306 217 36 uppförande
844 2305 83 29 eller
959 2303 195 29 inrättande
1187 2311 42 20 av
1263 2298 404 36 tuberkulossjukvårds-

180 2362 175 30 anstalter.
382 2360 126 40 Kungl.
534 2360 106 38 Maj:t
666 2359 64 29 har
763 2358 129 39 (punkt
919 2357 52 33 80,
999 2366 25 20 s.
1052 2354 191 34 256-—258)
1276 2353 178 38 föreslagit
1482 2352 185 38 riksdagen

182 2417 49 28 att
263 2415 52 29 till
346 2414 127 38 Bidrag
504 2413 51 29 till
588 2411 220 40 uppförande
838 2410 84 29 eller
953 2408 199 30 inrättande
1184 2416 42 21 av
1257 2404 411 40 tuberkulossjukvårds-

182 2468 169 30 anstalter
377 2467 54 29 för
457 2466 203 38 budgetåret
688 2464 141 32 1958/59
855 2462 120 30 anvisa
1001 2463 47 28 ett
1075 2459 358 38 reservationsanslag
1460 2468 41 20 av
1528 2458 62 29 200
1605 2458 63 29 000

183 2523 139 29 kronor.
