2178 2626
397 193 114 30 Första
536 192 218 29 kammarens
781 186 122 31 första
929 186 171 38 tillfälliga
1123 183 141 30 utskotts
1288 179 172 31 utlåtande
1487 178 47 28 Nr
1559 179 28 26 5.
1764 174 18 28 ö

191 279 52 32 att
286 275 203 45 riksdagen
531 272 11 34 i
577 269 178 37 skrivelse
800 268 55 35 till
903 267 134 46 Kungl.
1069 264 107 48 Maj:t
1211 261 176 42 anhåller,
1418 262 53 32 att
1506 257 140 46 Kungl.
1677 254 105 48 Maj:t

191 331 123 41 måtte,
351 329 47 46 på
427 329 73 33 sätt
527 325 75 35 kan
631 322 168 36 befinnas
829 319 244 47 erforderligt,
1103 315 217 39 föranstalta
1350 314 136 41 därom,
1505 314 54 33 att
1588 309 62 37 vid
1678 311 107 33 rätte-

191 378 402 51 gångsförhandlingar
635 375 169 36 enskilda
849 377 122 44 parter
1009 373 115 48 jämte
1168 371 106 34 deras
1312 367 171 36 biträden
1525 363 154 36 beredas
1714 363 72 33 rätt

192 436 67 35 och
301 433 146 37 tillfälle
491 434 63 41 att,
605 431 45 34 då
694 430 45 34 de
782 429 31 46 ej
850 427 115 48 själva
1010 432 60 30 äro
1111 425 11 34 i
1152 423 124 36 förhör
1319 420 88 36 eller
1435 419 121 35 utföra
1587 416 56 36 sin
1672 415 112 44 talan,

191 488 161 36 sittande
382 492 176 30 övervara
588 482 364 45 förhandlingarna.»

298 540 122 36 Sedan
463 537 115 37 andra
616 537 215 34 kammaren
874 532 134 37 bifallit
1042 532 63 35 sitt
1133 530 162 36 utskotts
1326 526 220 37 hemställan
1576 525 68 35 och
1673 524 113 35 första

193 595 215 36 kammaren
449 590 147 37 erhållit
639 589 59 35 del
740 600 43 24 av
825 586 173 43 beslutet,
1040 585 66 35 har
1147 583 114 36 första
1304 581 215 35 kammaren
1559 577 227 37 överlämnat

194 648 153 36 ärendet
374 646 57 36 till
460 642 268 39 förberedande
757 639 228 47 behandling
1015 651 45 23 av
1090 637 63 36 sitt
1181 636 113 36 första
1323 632 185 47 tillfälliga
1538 630 154 36 utskott.

300 736 253 36 Motionärens
582 731 242 37 förevarande
854 729 167 48 yrkande
1052 739 107 24 avser
1187 725 83 35 icke
1300 727 54 32 att
1383 720 252 48 åvägabringa
1664 721 123 44 någon

195 802 98 25 mera
336 787 212 50 betydande
592 784 189 38 avvikelse
824 784 80 35 från
938 781 133 37 hittills
1100 779 173 48 gällande
1303 776 136 49 praxis.
1498 775 125 46 Några
1653 772 135 46 svårig-

194 845 104 35 heter
341 843 90 36 eller
473 840 240 48 olägenheter
754 837 103 37 torde
899 834 226 49 näppeligen
1165 833 118 36 heller
1322 842 98 37 yppa
1450 828 57 48 sig
1537 827 63 37 vid
1627 825 162 38 förverk-

194 897 168 48 ligandet
401 908 45 23 av
488 893 250 37 motionärens
782 888 201 38 önskemål.
1041 888 72 35 För
1142 884 211 39 ändamålet
1380 883 104 36 torde
1514 893 88 25 vara
1630 879 160 38 tillräck-

194 951 79 47 ligt,
320 952 54 34 att
414 947 140 48 Kungl.
598 944 110 49 Maj:t
740 955 133 36 genom
904 939 344 39 cirkulärskrivelse
1278 938 89 36 eller
1395 939 46 45 på
1471 937 114 38 annat
1612 933 178 37 liknande

197 1007 72 34 sätt
308 1001 267 38 föranstaltade
606 1000 138 43 därom,
771 1000 53 33 att
853 996 61 37 vid
943 991 498 51 rättegångsförhandlingar
1470 988 171 37 enskilda
1669 989 123 45 parter

192 1058 116 48 jämte
338 1057 106 35 deras
473 1054 172 37 biträden
673 1051 180 37 bereddes
881 1052 74 33 rätt
983 1048 68 37 och
1080 1046 145 37 tillfälle
1256 1048 64 41 att,
1352 1044 45 36 då
1428 1044 44 35 de
1502 1041 31 49 ej
1565 1041 117 49 själva
1703 1039 89 36 äro
1768 1035 27 59 i

197 1112 124 36 förhör
364 1110 90 36 eller
487 1107 121 38 utföra
643 1106 57 36 sin
728 1105 113 43 talan,
872 1102 161 38 sittande
1064 1106 176 32 övervara
1269 1096 341 48 förhandlingarna.
1669 1093 123 37 Givet-

201 1165 52 36 vis
287 1164 67 37 bör
397 1162 95 38 dock
534 1159 278 39 vederbörande
856 1157 148 37 domare
1048 1154 192 48 medgivas
1287 1155 74 34 rätt
1397 1153 53 35 att
1479 1163 45 24 av
1555 1148 237 49 disciplinära

198 1219 90 36 eller
317 1218 114 36 andra
460 1216 179 37 liknande
669 1213 81 36 skäl
778 1212 13 36 i
820 1211 170 37 enskilda
1010 1210 66 36 fall
1090 1213 90 43 göra
1194 1208 193 45 undantag
1399 1205 83 36 från
1498 1216 46 24 en
1560 1203 104 49 dylik
1679 1201 111 48 regel.

303 1272 58 35 Då
403 1270 184 37 utskottet
629 1267 143 37 således
814 1265 120 36 finner
969 1263 249 37 motionärens
1260 1259 284 48 ifrågavarande
1573 1256 221 37 hemställan

197 1326 160 47 befogad
386 1325 69 35 och
484 1322 127 49 möjlig
641 1323 53 34 att
722 1322 90 34 utan
842 1320 160 46 omgång
1032 1316 90 36 eller
1150 1314 180 37 avsevärd
1359 1312 160 37 kostnad
1549 1309 244 47 förverkligas

195 1381 56 34 får
279 1378 183 37 utskottet
489 1374 207 43 hemställa,

732 1456 53 34 att
826 1454 113 35 första
981 1451 216 36 kammaren
1234 1451 113 34 måtte
1376 1447 143 36 biträda
1551 1445 114 36 andra
1695 1444 96 36 kam-

626 1520 144 25 marens
799 1507 12 36 i
840 1506 152 36 ärendet
1021 1505 140 35 fattade
1191 1503 133 36 beslut.

306 1592 212 37 Stockholm
550 1591 72 36 den
654 1593 20 31 8
707 1601 94 24 mars
834 1590 110 33 1917.

771 1670 51 35 På
852 1668 201 36 utskottets
1079 1671 154 42 vägnar:

693 1759 142 36 HUGO
865 1747 435 47 HAMMARSKJÖLD.

309 1981 205 29 Närvarande
553 1980 52 28 vid
643 1977 198 45 förestående
880 1976 133 28 ärendes
1053 1974 258 35 slutbehandling
1351 1974 85 27 inom
1478 1972 163 28 utskottet:
1687 1971 111 27 herrar

202 2025 267 36 Hammarskjöld,
495 2025 110 33 Borell,
631 2024 144 33 Åkesson,
802 2021 96 28 Oscar
922 2020 119 34 Olsson,
1068 2019 186 31 Göransson,
1281 2018 85 28 Gelin
1391 2017 60 29 och
1478 2016 137 35 Hulting.

845 2130 302 44 Reservation

310 2222 44 24 av
386 2209 125 35 herrar
539 2206 288 43 Hammarskjöld
856 2205 67 36 och
952 2204 129 36 Borell.

1842 750 140 28 Utskottet.
