1876 2820
494 172 122 30 Första
642 172 235 36 lagutskottets
902 171 174 30 utlåtande
1099 181 40 20 nr
1163 172 48 28 11.
1589 167 19 31 3

95 255 81 30 eller
194 255 144 36 avgiven
359 255 191 38 förklaring
570 255 82 31 eller
670 256 66 30 vad
758 254 96 37 eljest
874 255 223 31 förekommit
1118 255 10 30 i
1148 255 117 31 saken.
1288 255 241 30 Motsvarande
1549 255 55 29 be-

99 306 197 30 stämmelse
318 305 113 31 finnes
453 305 11 30 i
486 307 20 28 4
529 306 19 36 8
572 306 253 30 instruktionen
849 305 55 30 för
925 305 202 36 riksdagens
1151 305 364 31 militieombudsman.

143 356 98 31 Vissa
262 357 10 30 i
293 356 253 30 administrativ
567 356 147 37 ordning
734 356 185 30 utfärdade
940 356 249 30 instruktioner
1211 356 116 29 lämna
1351 354 179 37 möjlighet
1554 355 51 31 till

97 407 151 36 eftergift
267 416 42 21 av
331 406 68 32 åtal
421 407 10 29 i
450 406 98 37 fråga
568 416 57 21 om
643 407 355 36 ordningsförseelser.
1021 406 113 36 Enligt
1155 406 253 30 instruktionen
1432 406 55 29 för
1507 406 94 29 över-

101 457 329 31 ståthållarämbetet
448 467 42 20 av
508 458 69 30 den
595 459 19 28 9
635 458 192 36 september
848 458 82 29 1938
959 457 87 39 (SFS
1069 467 43 20 nr
1132 456 74 39 597)
1236 458 79 34 äger
1337 455 144 31 sålunda
1503 455 101 37 polis-

100 510 183 35 mästaren,
303 509 63 29 där
383 507 97 38 fråga
499 510 38 28 är
556 518 58 20 om
632 509 245 30 överträdelser
896 517 42 20 av
957 508 109 30 andra
1088 507 258 30 bestämmelser
1366 507 43 29 än
1430 507 79 29 dem
1531 515 74 21 som

99 559 189 30 meddelats
305 559 11 30 i
332 559 68 30 den
417 559 9 30 i
444 560 40 29 87
505 559 18 37 8
544 559 311 36 regeringsformen
876 559 164 35 stadgade
1060 557 148 37 ordning
1229 558 81 29 eller
1331 556 95 36 eljest
1445 556 98 30 blivit
1563 565 42 21 av

100 610 122 36 Kungl.
242 609 103 37 Maj:t
363 610 78 30 med
459 610 184 36 riksdagen
665 609 211 35 meddelade,
897 612 48 28 att
965 608 70 32 låta
1058 608 105 30 saken
1185 608 140 29 förfalla
1345 608 79 29 eller
1444 607 83 30 bero
1548 606 57 30 vid

99 661 145 37 varning
264 660 10 30 i
295 661 112 30 stället
427 660 55 30 för
503 663 49 27 att
572 659 189 37 hänskjuta
787 660 66 29 den
878 659 50 30 till
951 659 294 37 polisdomstolen.
1282 657 242 30 Motsvarande
1549 657 55 29 be-

100 711 162 36 fogenhet
297 712 65 29 har
394 719 124 28 genom
554 710 252 31 instruktionen
842 710 55 31 för
920 710 265 36 polismästaren
1210 710 9 29 i
1246 703 130 35 Örebro
1401 716 42 21 av
1468 707 68 30 den
1565 707 39 29 12

99 762 135 36 augusti
254 762 82 30 1932
362 761 85 39 (SFS
467 771 41 20 nr
525 760 76 39 392)
625 761 125 36 tillagts
768 761 120 34 denne,
909 769 57 21 om
987 770 41 20 en
1049 759 160 30 förseelse
1232 760 37 28 är
1291 767 41 21 av
1350 757 96 36 ringa
1466 756 137 31 beskaf-

100 813 118 30 fenhet
241 813 65 29 och
330 812 75 30 icke
428 812 190 30 innefattar
643 811 226 30 förnärmelse
894 820 41 21 av
958 810 137 30 enskild
1120 818 134 28 person.
1293 808 179 30 Liknande
1497 807 109 36 regler

100 864 114 30 finnas
232 863 12 30 i
262 863 294 30 instruktionerna
576 862 55 30 för
649 862 266 37 polismästarna
935 862 10 30 i
964 861 171 36 Göteborg
1156 860 65 30 och
1245 859 128 30 Malmö
1395 867 41 20 av
1458 857 38 31 år
1521 857 83 30 1883

98 923 86 28 resp.
209 915 94 29 1888.

140 964 263 31 Bestämmelser
427 973 56 20 om
509 962 240 35 Ååtalseftergift
776 963 46 29 ha
848 963 84 29 även
961 961 190 31 meddelats
1176 960 10 30 i
1213 960 90 30 vissa
1330 960 93 36 lagar
1452 969 58 20 om
1535 959 70 30 sär-

96 1015 111 31 skilda
235 1014 371 36 behandlingsformer.
646 1014 69 29 När
743 1012 113 37 någon
883 1022 74 21 som
984 1011 136 31 ådömts
1148 1010 331 37 tvångsuppfostran
1508 1009 96 30 miss-

95 1066 121 30 tänkes
241 1067 49 28 att
315 1066 90 29 hava
429 1064 74 30 före
531 1064 113 36 slutlig
670 1063 217 36 utskrivning
912 1062 115 37 begått
1052 1063 101 34 brott,
1182 1062 211 30 tillkommer
1417 1061 56 29 det
1500 1059 123 37 enligt:

97 1117 39 29 14
157 1116 18 37 8
195 1117 98 35 lagen
313 1125 57 21 om
390 1113 330 38 tvångsuppfostran
739 1113 230 37 landsfogden
990 1113 92 35 eller,
1104 1112 9 30 i
1135 1112 211 35 Stockholm,
1368 1110 106 30 förste
1497 1109 108 31 stads-

95 1166 148 31 fiskalen
268 1169 49 27 att
341 1167 126 35 avgöra
491 1165 174 30 huruvida
689 1165 145 29 allmänt
859 1163 69 31 åtal
955 1163 187 37 lämpligen
1165 1163 65 29 bör
1256 1162 70 30 ske.
1362 1159 244 32 Motsvarande

95 1217 241 30 bestämmelse
361 1216 111 30 finnes
499 1216 56 30 för
581 1215 65 30 den
669 1224 74 21 som
768 1213 135 32 ådömts
926 1213 329 38 ungdomsfängelse
1280 1212 10 30 i
1318 1212 37 29 19
1380 1211 18 37 $
1423 1212 99 35 lagen
1549 1219 58 21 om

95 1267 336 36 ungdomsfängelse.
460 1266 210 37 Stadgandet
699 1265 9 30 i
735 1265 99 36 lagen
861 1274 57 21 om
945 1263 334 38 tvångsuppfostran
1305 1262 64 30 har
1399 1269 123 29 genom
1549 1261 56 30 be-

96 1318 195 30 stämmelse
317 1317 10 30 i
353 1317 41 30 44
418 1317 18 37 8
461 1318 19 29 3
504 1326 105 21 mom.
634 1317 98 36 lagen
758 1316 66 29 den
847 1315 20 30 6
890 1314 75 38 juni
992 1314 84 30 1924
1102 1323 57 20 om
1184 1313 199 30 samhällets
1408 1310 197 31 barnavård

95 1369 65 30 och
179 1367 286 37 ungdomsskydd
496 1364 338 41 (barnavårdslagen)
863 1365 187 30 utsträckts
1074 1366 48 28 att
1144 1364 89 36 gälla
1258 1364 86 29 även
1366 1362 54 30 för
1442 1361 66 31 den
1532 1370 74 21 som

101 1419 54 30 för
177 1418 338 38 skyddsuppfostran
536 1418 138 34 intagits
695 1416 19 30 å
735 1417 130 29 allmän
887 1415 366 37 uppfostringsanstalt
1271 1413 82 30 eller
1372 1413 48 29 dit
1438 1412 171 30 överförts

96 1468 77 31 från
200 1469 222 36 skyddshem.
450 1468 87 30 Före
563 1467 56 31 sitt
644 1466 197 38 avgörande
867 1467 9 30 i
902 1464 213 37 åtalsfrågan
1144 1464 88 31 skall
1262 1463 269 36 överåklagaren
1558 1462 48 30 in-

94 1520 119 30 hämta
232 1519 160 37 yttrande
412 1517 77 31 från
513 1518 164 37 styrelsen
697 1517 55 30 för
773 1515 411 38 uppfostringsanstalten
1206 1513 190 38 respektive
1419 1513 186 36 ungdoms-

96 1569 340 37 fängelsenämnden.

144 1621 13 30 I
178 1621 169 30 samband
365 1620 77 29 med
462 1620 83 29 1939
563 1618 54 30 års
638 1618 214 36 lagstiftning
871 1627 55 20 om
946 1616 173 37 villkorlig
1140 1616 90 33 dom,
1253 1615 113 29 vilken
1386 1615 79 28 trätt
1484 1613 9 30 i
1512 1613 94 30 kraft

102 1672 65 30 den
193 1673 13 28 1
229 1670 139 37 januari
394 1671 91 34 1944,
510 1670 45 29 ha
578 1669 162 29 liknande
765 1667 213 36 stadganden
1001 1667 165 30 beslutats
1190 1665 10 30 i
1225 1664 97 37 fråga
1347 1674 55 20 om
1429 1664 77 29 dem
1532 1673 74 20 som

100 1722 137 36 intagits
262 1720 20 31 å
307 1721 210 36 skyddshem
543 1720 82 30 eller
649 1718 323 31 alkoholistanstalt.
1011 1717 67 30 Om
1107 1716 65 29 den
1203 1725 74 20 som
1306 1714 53 30 för
1388 1714 217 37 skyddsupp-

100 1773 131 30 fostran
254 1772 139 35 intagits
417 1771 4 29 i
441 1771 212 36 skyddshem
674 1769 205 30 misstänkes
902 1771 48 27 att
970 1768 90 29 hava
1084 1767 72 29 före
1178 1766 115 35 slutlig
1312 1764 217 36 utskrivning
1550 1764 54 29 be-

100 1822 68 37 gått
188 1824 101 33 brott,
311 1822 86 30 skall
417 1821 102 35 enligt
539 1821 41 28 44
601 1821 17 35 $
639 1821 18 28 4
678 1829 103 20 mom.
805 1817 315 36 barnavårdslagen
1143 1815 267 34 överåklagaren
1435 1814 87 29 efter
1545 1814 60 29 hö-

98 1874 107 29 rande
223 1883 41 19 av
284 1872 300 36 skyddshemmets
604 1870 139 36 styrelse
766 1870 125 33 avgöra
911 1867 173 30 huruvida
1105 1866 143 30 allmänt
1262 1865 69 30 åtal
1345 1863 184 37 lämpligen
1543 1864 64 29 bör

100 1925 68 28 ske.
200 1923 115 35 Enligt
336 1923 42 28 49
397 1931 20 20 a
437 1921 17 36 8
475 1921 285 33 alkoholistlagen
784 1919 86 29 skall
894 1917 269 35 överåklagaren
1188 1915 44 36 på
1254 1923 131 21 samma
1411 1915 65 28 sätt
1498 1914 107 35 pröva

102 1973 119 36 frågan
239 1983 56 19 om
314 1972 68 30 åtal
400 1973 63 28 när
482 1970 123 36 någon,
627 1980 71 19 som
719 1969 103 35 enligt
843 1968 171 29 meddelat
1034 1967 110 29 beslut
1165 1965 137 36 intagits
1322 1963 19 31 å
1361 1964 128 29 allmän
1510 1963 94 29 alko-

99 2024 241 33 holistanstalt,
377 2022 206 29 misstänkes
620 2023 46 27 att
702 2020 89 29 hava
829 2018 72 30 före
940 2016 217 34 utskrivning
1185 2014 77 31 från
1292 2014 168 29 anstalten
1490 2012 114 37 begått

99 2077 100 32 brott,
222 2073 82 30 varå
323 2073 103 35 enligt
446 2073 54 35 lag
520 2072 74 29 icke
616 2071 68 29 kan
707 2069 83 35 följa
812 2070 103 33 högre
936 2068 103 29 straff
1059 2068 43 28 än
1124 2067 97 28 böter
1241 2065 81 29 eller
1345 2064 149 35 fängelse
1517 2063 7 29 i
1548 2072 56 20 sex

99 2125 177 35 månader;
301 2123 158 37 yttrande
483 2122 86 30 skall
594 2122 7 28 i
625 2121 90 29 detta
745 2120 59 30 fall
832 2119 172 29 inhämtas
1031 2116 77 30 från
1136 2114 375 31 alkoholistanstaltens
1537 2115 65 33 sty-

98 2177 93 28 relse.

139 2225 163 35 Slutligen
327 2224 64 29 har
416 2230 121 28 genom
563 2221 64 29 den
655 2229 67 27 nya
745 2217 323 36 rättegångsbalken
1096 2216 88 29 vissa
1210 2225 68 26 nya
1306 2213 212 35 stadganden
1547 2222 55 20 om

94 2274 239 34 åtalseftergift
356 2274 120 28 införts
500 2273 6 27 i
531 2271 121 29 svensk
676 2271 75 27 rätt.
774 2267 307 30 Bestämmelserna
1104 2267 59 27 äro
1186 2265 138 34 intagna
1348 2264 7 28 i
1377 2264 40 28 20
1440 2263 78 35 kap.
1542 2264 16 27 7
1585 2262 17 36 $

94 2327 63 28 och
179 2334 79 20 avse
282 2323 55 30 två
361 2330 148 29 grupper
530 2331 40 18 av
596 2320 68 29 fall.
691 2319 110 33 Enligt
826 2318 63 29 den
914 2326 62 20 ena
998 2315 263 30 bestämmelsen
1289 2312 54 30 må
1366 2313 141 29 allmänt
1534 2311 67 30 åtal

95 2375 180 34 eftergivas
303 2382 57 20 om
388 2371 19 31 å
433 2372 124 29 brottet
587 2370 72 28 icke
686 2369 68 28 kan
785 2366 82 36 följa
897 2365 136 30 svårare
1062 2364 102 29 straff
1191 2365 42 28 än
1263 2364 95 28 böter
1388 2363 62 28 och
1482 2362 54 29 det
1565 2362 38 28 är

94 2425 193 37 uppenbart
310 2425 48 27 att
380 2422 62 29 den
467 2420 220 30 misstänktes
709 2417 168 35 lagföring
899 2415 30 36 ej
953 2416 37 28 är
1015 2414 160 37 påkallad
1201 2423 40 19 ur
1262 2413 127 28 allmän
1414 2411 187 36 synpunkt.

94 2476 72 30 Den
193 2475 108 30 andra
324 2472 274 32 bestämmelsen,
624 2478 72 20 som
721 2468 7 29 i
754 2467 66 30 viss
844 2465 79 31 mån
950 2468 192 27 motsvarar
1166 2464 63 29 den
1256 2462 235 36 nyssnämnda
1517 2461 84 29 kun-
