1874 2820
475 158 121 29 Första
621 156 237 36 lagutskottets
882 153 174 32 utlåtande
1078 163 40 20 nr
1142 153 50 29 11.
1550 146 36 28 11

82 243 67 31 Om
168 242 69 31 åtal
256 243 69 29 kan
343 243 145 29 ersättas
506 241 79 29 med
604 249 117 21 annan
741 239 159 29 kännbar
919 237 165 33 reaktion,
1105 237 38 29 är
1162 236 56 29 det
1237 234 141 36 givetvis
1397 235 121 29 lättare
1537 235 49 28 att

81 293 167 36 eftergiva
274 293 55 29 det
355 293 45 29 än
427 301 58 20 om
511 290 69 31 åtal
607 291 39 29 är
673 290 57 29 det
756 289 89 30 enda
872 288 111 29 medel
1010 296 74 21 som
1111 285 174 37 praktiskt
1312 284 69 31 står
1408 284 51 29 till
1486 279 98 44 buds.

84 343 126 30 Vidare
233 343 68 29 kan
325 342 69 31 åtal
416 351 141 22 snarare
579 341 184 35 eftergivas
787 338 44 32 då
856 339 65 30 den
947 347 73 21 som
1045 337 115 36 begått
1184 337 126 29 brottet
1335 345 81 26 nyss
1442 335 78 36 fyllt
1549 334 37 29 15

85 394 40 31 år
143 396 45 29 än
209 393 43 31 då
271 394 69 30 han
361 394 39 29 är
418 394 84 29 nära
525 393 38 29 18
584 391 39 31 år
639 392 83 29 eller
742 400 57 21 om
819 390 88 30 hans
930 388 195 36 utveckling
1145 388 39 29 är
1204 386 172 31 försenad.
1398 385 53 30 En
1471 393 117 22 annan

85 446 179 37 synpunkt
285 454 74 21 som
382 444 171 38 förtjänar
576 442 194 31 beaktande
794 442 47 35 är,
867 443 49 27 att
938 440 11 30 i
972 438 97 37 fråga
1092 448 57 21 om
1174 439 90 29 vissa
1287 437 180 30 förseelser
1489 436 98 30 efter-

85 497 65 36 gift
169 506 42 21 av
233 495 68 31 åtal
321 495 30 36 ej
372 496 71 29 kan
462 496 62 35 äga
544 504 76 20 rum
641 496 85 27 utan
746 493 76 29 fara
842 492 55 30 för
916 495 50 27 att
985 490 226 31 förseelserna
1232 489 96 30 skola
1349 488 156 30 avsevärt
1525 486 63 30 till-

85 551 79 33 taga
192 548 11 29 i
230 548 94 29 antal
351 547 65 30 och
443 545 90 31 vålla
560 544 178 35 allvarliga
766 543 228 35 olägenheter.
1025 542 98 29 Detta
1151 540 106 36 gäller
1282 543 21 26 t.
1330 548 52 21 ex.
1411 537 176 31 trafikför-

85 599 127 30 seelser
237 599 62 29 där
323 596 207 37 överdådiga
555 597 195 35 ungdomar
776 595 62 29 lätt
863 594 120 29 kunna
1008 591 89 31 vålla
1123 590 101 32 svåra
1250 590 150 37 olyckor,
1427 588 31 36 ej
1487 588 102 30 minst

86 650 57 30 för
172 650 50 35 sig
250 649 119 36 själva.
399 648 122 30 Därest
547 657 42 20 en
617 644 210 37 minderårig
854 644 11 30 i
894 643 259 36 undantagsfall
1183 641 112 31 driver
1322 649 84 27 egen
1435 639 153 36 närings-

85 702 229 34 verksamhet,
339 699 110 31 måste
474 698 248 31 överträdelser
746 696 10 29 i
780 697 114 29 denna
920 695 218 29 verksamhet
1166 692 105 30 också
1293 691 146 31 beivras.
1465 689 125 31 Likaså

87 752 99 30 torde
207 751 55 31 det
283 751 110 29 under
414 749 201 30 nuvarande
636 748 90 30 tider
746 748 10 29 i
779 745 98 37 fråga
900 755 57 20 om
981 745 179 30 förseelser
1183 746 72 26 mot
1276 740 312 36 ransoneringsför-

88 802 190 36 fattningar
302 810 84 21 vara
411 800 212 35 nödvändigt
650 802 50 27 att
727 797 134 36 ingripa
889 796 130 36 jämväl
1047 799 71 27 mot
1146 792 215 37 underåriga.
1390 793 14 29 I
1433 791 157 36 samtliga

89 855 100 29 dessa
208 853 62 30 fall
289 852 97 30 torde
404 851 69 31 åtal
490 850 234 37 regelmässigt
743 858 81 20 vara
845 848 65 30 den
931 846 215 36 lämpligaste
1165 845 136 30 formen
1319 844 55 30 för
1393 842 198 32 samhällets

88 904 168 32 reaktion.

134 953 401 38 Strafflagberedningen
556 953 64 29 har
643 951 138 31 särskilt
804 950 187 33 framhävt,
1015 951 47 27 att
1087 947 70 31 åtal
1180 950 71 27 mot
1274 953 90 29 unga
1387 944 204 37 lagöverträ-

87 1007 85 30 dare
197 1006 112 30 skulle
333 1014 85 21 vara
443 1003 150 36 skadligt
618 1002 57 30 för
701 1002 90 30 dem.
818 1000 67 30 Om
910 999 106 31 åtalet
1040 998 277 36 anhängiggöres
1342 1004 126 28 genom
1492 995 100 29 häkt-

88 1058 92 35 ning,
208 1057 97 30 torde
331 1056 93 30 detta
450 1055 72 30 ofta
549 1062 66 28 nog
643 1062 83 21 vara
753 1051 126 36 riktigt.
908 1051 121 29 Ehuru
1056 1049 172 37 garantier
1253 1050 71 28 mot
1350 1046 174 30 missbruk
1551 1054 42 22 av

90 1107 170 36 häktning
279 1107 119 29 kunna
414 1106 127 35 skapas
559 1104 47 36 på
623 1106 107 27 annat
747 1103 67 30 sätt
832 1102 45 29 än
894 1109 124 28 genom
1037 1098 248 36 åtalseftergift,
1305 1099 39 28 är
1361 1098 57 30 det
1434 1105 43 21 en
1494 1096 99 36 given

88 1159 122 34 fördel,
228 1158 114 30 därest
357 1156 306 30 bestämmelserna
680 1154 121 29 härom
822 1153 9 29 i
849 1152 52 30 sin
919 1150 81 31 mån
1018 1150 179 30 motverka
1214 1152 48 27 att
1278 1146 207 37 underåriga
1500 1146 92 30 bliva

89 1207 148 32 föremål
260 1208 54 30 för
336 1207 179 35 häktning.
539 1206 13 29 I
575 1206 42 30 de
639 1205 63 30 fall
725 1203 44 31 då
791 1203 170 35 häktning
982 1201 31 37 ej
1038 1202 80 35 äger
1140 1210 78 20 rum
1242 1200 38 29 är
1303 1198 57 37 jag
1384 1198 154 30 däremot
1561 1196 31 36 ej

91 1259 196 37 övertygad,
310 1262 50 27 att
378 1256 412 37 strafflagberedningens
813 1253 155 31 nämnda
990 1252 177 38 synpunkt
1188 1251 65 30 bär
1271 1249 39 31 så
1331 1248 105 37 långt.
1460 1249 13 29 I
1496 1246 98 37 fråga

89 1321 58 20 om
168 1311 92 30 vissa
280 1310 92 30 brott
394 1310 38 29 är
454 1309 56 29 det
531 1306 198 36 visserligen
751 1304 245 35 otvivelaktigt,
1019 1306 49 27 att
1090 1303 56 29 det
1168 1302 55 30 för
1245 1301 65 30 den
1331 1308 90 28 unge
1443 1299 150 36 lagöver-

91 1361 164 30 trädaren
274 1361 39 29 är
332 1359 141 36 menligt
491 1361 49 28 att
558 1357 198 31 kännedom
777 1366 56 20 om
853 1356 88 30 hans
960 1353 229 31 överträdelse
1206 1351 133 37 sprides
1359 1351 50 29 till
1426 1359 42 21 en
1487 1350 108 30 större

93 1413 103 34 krets,
217 1412 65 29 och
301 1421 41 20 en
363 1409 177 37 rättegång
559 1408 119 36 måste,
700 1408 86 29 även
806 1416 58 20 om
885 1406 66 29 den
970 1404 107 31 hålles
1098 1404 96 29 inom
1214 1403 115 36 lyckta
1349 1402 130 35 dörrar,
1500 1395 96 46 alltid

93 1464 11 29 i
127 1464 68 29 viss
217 1461 80 31 mån
321 1461 118 36 sprida
461 1470 42 20 en
524 1459 110 31 sådan
656 1458 209 30 kännedom.
892 1456 116 35 Själva
1030 1454 216 36 lagföringen
1269 1462 75 21 som
1368 1451 109 32 sådan
1500 1451 97 29 torde

95 1514 157 30 däremot
273 1514 10 29 i
304 1511 75 31 vårt
401 1511 83 30 land
505 1508 150 37 försiggå
678 1510 10 29 i
710 1507 176 36 samtidigt
906 1506 39 31 så
968 1506 140 35 värdiga
1131 1505 65 29 och
1219 1503 66 31 fria
1307 1503 130 30 former
1461 1505 47 26 att
1531 1502 66 30 den

94 1566 40 29 är
155 1564 112 36 ägnad
289 1566 47 27 att
356 1562 108 39 jämte
486 1559 299 39 trygghetskänsla
805 1558 116 36 ingiva
941 1557 135 35 respekt
1096 1559 85 26 utan
1204 1557 49 28 att
1271 1554 105 29 verka
1397 1552 117 31 alltför
1533 1551 64 30 stel

94 1616 66 30 och
181 1614 175 37 högtidlig.
378 1613 66 30 Vid
465 1611 237 36 övervägande
722 1610 11 30 i
753 1610 93 29 vilka
867 1608 62 31 fall
951 1608 68 31 åtal
1040 1606 57 31 må
1117 1606 183 35 eftergivas
1321 1607 74 27 mot
1414 1601 184 37 underårig

93 1676 103 27 synes
219 1675 81 20 man
322 1664 121 31 därför
462 1664 75 30 icke
556 1663 86 30 böra
663 1662 148 29 tillmäta
832 1658 202 38 påståendet
1054 1661 49 27 att
1123 1656 111 37 själva
1254 1654 215 37 lagföringen
1488 1653 111 30 skulle

96 1727 82 20 vara
201 1716 135 36 skadlig
359 1716 56 30 för
439 1719 70 26 stor
531 1713 184 37 betydelse.
741 1710 283 37 Avgränsningen
1047 1709 64 30 bör
1134 1708 10 29 i
1170 1707 111 30 stället
1305 1706 60 30 ske
1388 1705 88 30 efter
1498 1705 100 35 pröv-

96 1769 92 35 ning,
207 1767 171 30 huruvida
396 1765 70 31 åtal
483 1766 39 29 är
538 1764 175 35 behövligt
729 1763 82 30 eller
828 1761 42 36 ej.

141 1820 13 29 I
179 1820 90 29 vissa
291 1817 184 38 yttranden
498 1817 46 29 ha
566 1815 123 30 riktats
711 1813 192 35 erinringar
926 1813 72 28 mot
1020 1812 65 29 den
1110 1809 197 35 föreslagna
1330 1806 267 37 lagstiftningen.

94 1870 146 30 Särskilt
259 1870 64 29 har
342 1866 210 32 framhållits
572 1866 116 29 risken
709 1874 42 20 av
771 1867 49 27 att
840 1862 152 36 eftergift
1013 1871 41 20 av
1075 1859 69 31 åtal
1165 1858 147 31 erhåller
1331 1867 42 20 en
1393 1856 120 36 ojämn
1532 1855 65 30 till-

95 1920 189 35 lämpning.
309 1919 78 29 Med
410 1918 136 35 hänsyn
571 1916 48 29 till
645 1916 42 28 de
711 1914 116 30 starka
852 1913 75 29 skäl
952 1921 73 20 som
1048 1912 70 28 tala
1142 1910 55 29 för
1221 1909 173 29 reformen
1418 1915 100 21 anser
1540 1905 58 36 jag

94 1970 89 31 dock
209 1969 76 30 dess
310 1966 271 38 genomförande
605 1966 76 29 icke
705 1965 86 29 böra
815 1962 144 31 hindras
984 1971 42 20 av
1050 1959 166 35 farhågor
1241 1960 9 28 i
1276 1959 91 29 detta
1392 1955 205 31 hänseende.

95 2019 277 35 Betänkligheter
399 2018 45 29 ha
470 2018 84 28 även
581 2016 141 29 uttalats
749 2014 78 30 med
854 2013 135 36 hänsyn
1018 2011 48 30 till
1093 2011 67 29 den
1187 2009 194 34 föreslagna
1408 2006 191 30 reformens

96 2070 207 34 verkningar
327 2068 45 36 på
397 2069 66 29 den
488 2067 176 30 allmänna
691 2064 240 36 laglydnaden.
958 2062 63 30 Det
1045 2062 64 29 har
1135 2060 145 30 sålunda
1306 2056 218 36 framhållits,
1551 2057 48 29 att

95 2121 152 34 eftergift
273 2130 41 19 av
341 2118 69 31 åtal
438 2119 68 29 kan
533 2127 81 20 vara
642 2116 113 35 ägnad
782 2118 48 27 att
857 2113 137 30 minska
1022 2111 220 35 strafflagens
1270 2106 329 38 allmänpreventiva

97 2171 129 30 verkan
245 2170 64 29 och
327 2169 76 30 leda
421 2168 49 30 till
488 2167 233 34 avtrubbning
738 2175 41 20 av
797 2163 291 31 ansvarskänslan
1108 2163 62 28 hos
1189 2162 41 28 de
1248 2168 99 27 unga.
1368 2159 77 29 Med
1463 2158 136 30 erinran

98 2231 57 21 om
183 2222 65 28 den
276 2220 134 29 alltmer
437 2218 197 35 tilltagande
662 2216 258 35 brottsligheten
948 2214 104 30 bland
1079 2213 197 35 ungdomen
1303 2212 64 28 har
1395 2208 205 37 ifrågasatts,

98 2270 172 30 huruvida
292 2270 65 28 den
380 2268 200 30 nuvarande
603 2267 93 29 tiden
719 2267 38 28 är
779 2264 140 35 lämpad
943 2264 53 29 för
1018 2262 198 29 införandet
1239 2270 41 20 av
1303 2263 46 26 ett
1371 2259 133 29 institut
1527 2265 73 22 som

98 2321 68 29 kan
194 2320 45 29 ha
267 2319 117 35 dylika
411 2317 134 35 följder.
576 2316 131 30 Härvid
734 2316 64 28 har
824 2323 80 20 man
936 2313 115 29 ibland
1079 2311 90 35 gjort
1196 2310 199 35 jämförelse
1423 2308 78 28 med
1528 2306 72 30 vill-

100 2369 110 36 korlig
242 2370 90 28 dom.
366 2368 53 29 En
452 2366 293 34 slentrianmässig
777 2363 219 36 tillämpning
1017 2364 105 28 därav
1143 2362 90 29 hade
1253 2360 149 29 medfört
1424 2357 179 36 olägenhe-

101 2425 52 25 ter
195 2420 65 29 och
305 2419 190 29 detsamma
540 2417 112 29 skulle
698 2416 119 29 kunna
861 2413 144 30 inträffa
1052 2412 8 29 i
1105 2410 99 36 fråga
1250 2420 55 19 om
1352 2406 249 36 åtalseftergift.

99 2472 82 29 Man
203 2472 64 28 har
287 2471 86 28 även
396 2468 191 31 framhållit
611 2468 100 29 faran
735 2467 9 28 i
767 2463 322 37 allmänpreventivt
1112 2461 195 30 hänseende
1330 2469 42 21 av
1394 2469 42 20 en
1459 2458 145 34 ordning
