1890 2820
497 163 121 30 Första
642 163 238 35 lagutskottets
903 161 176 31 utlåtande
1101 171 39 21 nr
1164 162 50 29 11.
1574 154 40 31 23

101 257 58 21 om
183 247 292 36 eftergiftsbeslut,
500 248 65 29 och
587 247 10 29 i
621 246 172 30 särskilda
815 245 61 30 fall
899 245 70 30 kan
992 243 145 32 sålunda
1159 244 211 37 upplysning
1393 243 74 31 ofta
1489 242 122 31 vinnas

103 298 173 30 huruvida
295 296 221 31 beträffande
536 297 68 30 viss
624 305 127 27 person
772 294 69 32 åtal
862 295 197 37 eftergivits,
1082 295 114 30 därest
1218 294 108 31 sådan
1347 293 212 38 upplysning
1579 292 32 37 ej

104 348 44 37 på
168 351 108 28 annat
296 349 67 29 sätt
382 346 72 32 står
473 350 50 28 att
541 346 47 31 få.

150 397 176 31 Yrkandet
349 397 11 30 i
383 399 47 28 ett
456 396 158 37 yttrande
639 405 58 21 om
723 394 203 37 utvidgning
951 404 43 21 av
1019 394 163 36 förslaget
1208 397 49 27 att
1282 403 80 21 avse
1385 394 88 30 även
1509 389 44 48 ne
1565 393 46 31 d-

105 448 243 36 läggande
381 456 42 21 av
444 447 144 30 allmänt
610 445 69 32 åtal
697 455 103 28 synes
822 446 31 39 ej
874 446 85 30 böra
980 449 179 34 upptagas.
1182 444 120 37 Någon
1325 446 108 29 större
1455 444 156 37 praktisk

106 501 173 37 betydelse
306 501 110 30 skulle
443 509 42 21 en
513 499 240 31 bestämmelse
779 500 123 29 härom
928 497 205 38 näppeligen
1161 496 36 32 få
1223 498 66 30 och
1315 497 57 30 det
1398 505 102 29 synes
1525 497 86 30 även

105 561 81 22 vara
207 553 81 35 föga
307 550 317 31 tillfredsställande
645 553 49 27 att
714 548 108 32 tillåta
842 549 85 31 åtals
944 548 234 37 nedläggande
1198 550 84 28 utan
1302 550 49 28 att
1369 546 243 32 motsvarande

106 603 206 36 befogenhet
338 602 146 30 tilldelas
513 601 202 35 domstolen,
745 599 103 37 något
876 609 74 21 som
979 599 10 30 i
1017 600 91 30 detta
1135 599 254 36 sammanhang
1414 597 76 30 icke
1517 597 95 31 torde

106 655 84 30 böra
210 652 265 38 ifrågakomma.
499 652 40 37 Ej
562 652 105 30 heller
688 653 57 29 det
771 652 5 29 i
798 660 133 21 samma
952 650 158 37 yttrande
1130 649 175 37 uttryckta
1326 646 214 33 önskemålet
1555 657 57 21 om

105 703 396 37 sekretesskydd
541 703 55 30 för
617 701 255 36 handlingarna
893 702 10 29 i
925 701 127 31 ärende
1072 710 57 20 om
1149 698 241 37 åtalseftergift
1411 698 96 30 torde
1528 699 84 29 böra

107 756 180 30 föranleda
303 754 112 37 någon
432 753 131 37 åtgärd.
581 753 117 30 Redan
716 763 46 20 nu
779 753 127 34 kunna,
919 751 106 37 enligt
1042 751 38 30 10
1096 749 20 40 8
1131 751 100 36 lagen
1247 759 57 21 om
1319 748 294 36 inskränkningar

104 806 10 30 i
135 807 113 29 rätten
269 808 49 28 att
339 804 225 31 utbekomma
586 804 178 30 allmänna
785 802 218 37 handlingar,
1027 801 208 36 handlingar
1255 800 148 30 rörande
1425 798 188 37 polismyn-

104 858 134 36 dighets
258 856 81 31 eller
356 855 129 31 allmän
505 854 178 36 åklagares
701 854 220 30 verksamhet
939 853 50 30 till
1008 851 185 32 beivrande
1212 861 42 21 av
1272 852 91 29 brott
1380 848 232 32 undanhållas

105 907 323 36 offentliggörande,
457 905 119 31 såvida
599 904 155 37 skäligen
781 904 69 31 kan
878 903 138 31 befaras
1045 906 48 27 att
1122 903 99 30 deras
1250 900 226 32 utlämnande
1502 898 112 32 skulle

107 967 82 22 vara
214 957 142 37 menligt
381 956 56 31 för
461 956 135 31 enskild
622 964 135 29 person.
785 955 64 30 Det
873 963 101 28 synes
1000 953 75 31 icke
1101 962 83 21 vara
1208 951 177 37 tillrådligt
1411 953 50 28 att
1485 950 11 30 i
1521 949 92 32 detta

107 1009 196 31 hänseende
324 1008 158 31 meddela
503 1006 114 38 någon
637 1015 96 22 mera
754 1004 195 37 vittgående
968 1001 446 39 undantagsbestämmelse.

151 1057 75 31 Vad
254 1057 158 36 slutligen
436 1054 108 38 angår
568 1056 56 30 det
650 1055 11 30 i
685 1054 108 37 några
819 1054 184 37 yttranden
1026 1051 355 38 uppmärksammade
1430 1048 184 32 förhål-

107 1109 172 31 landet
320 1107 182 31 mellan
546 1106 291 37 skyddshem
877 1105 86 30 och
1006 1100 609 40 uppfostringsanstalter

107 1161 57 31 må
180 1160 188 31 anmärkas
382 1161 59 34 att,
458 1158 115 31 såsom
590 1158 233 35 beredningen
840 1155 201 36 framhållit,
1060 1155 179 35 förslagets
1259 1152 271 38 genomförande
1546 1154 67 28 tro-

109 1212 88 35 ligen
225 1211 157 29 kommer
410 1211 49 28 att
487 1207 156 31 medföra
671 1206 116 37 någon
812 1205 200 36 minskning
1037 1205 11 30 i
1073 1203 263 37 tillämpningen
1363 1211 42 21 av
1435 1202 98 36 lagen
1558 1210 57 21 om

109 1261 340 38 tvångsuppfostran.
471 1259 137 38 Frågan
627 1269 56 21 om
705 1262 49 27 att
774 1257 44 38 på
835 1258 112 37 grund
966 1258 108 29 härav
1092 1255 165 38 upphäva
1278 1254 104 36 sagda
1402 1251 213 38 lagstiftning

109 1315 68 30 kan
202 1311 189 33 emellertid
416 1312 31 37 ej
474 1314 168 34 upptagas
667 1311 9 29 i
696 1310 94 30 detta
814 1308 262 36 sammanhang,
1101 1307 66 30 och
1191 1305 57 38 jag
1272 1305 59 30 vill
1354 1304 124 31 härvid
1502 1302 112 31 erinra

106 1368 49 28 att
173 1362 301 37 verkställigheten
493 1370 42 22 av
554 1359 328 39 tvångsuppfostran
901 1360 38 29 är
958 1357 145 31 föremål
1121 1358 55 29 för
1193 1354 184 38 utredning
1394 1364 43 21 av
1458 1354 82 30 1942
1559 1352 56 32 års

108 1413 416 40 skyddshemsutredning
547 1413 7 29 i
578 1411 139 31 samråd
741 1412 80 30 med
842 1407 402 38 strafflagberedningen.

151 1464 254 31 Rubriken
439 1463 51 30 till
513 1463 65 29 den
600 1471 68 27 nya
690 1462 101 35 lagen
812 1460 98 30 torde
930 1459 85 30 böra
1036 1458 93 37 lyda:
1153 1458 55 35 lag
1231 1465 57 22 om
1310 1454 153 37 eftergift
1484 1463 43 22 av
1548 1452 68 32 åtal

108 1518 72 28 mot
198 1515 92 30 vissa
308 1512 216 37 underåriga.

154 1565 49 30 De
227 1564 195 35 föreslagna
446 1562 306 31 bestämmelserna
776 1561 97 29 torde
895 1560 87 29 böra
1005 1559 98 29 träda
1127 1557 9 29 i
1160 1557 94 30 kraft
1278 1557 67 28 den
1372 1557 14 27 1
1410 1554 64 37 juli
1502 1554 111 30 1944.>

768 1674 194 41 Lagrådet.

155 1759 12 29 I
192 1756 99 38 fråga
315 1766 56 21 om
397 1757 56 30 det
477 1756 50 30 till
554 1754 152 37 lagrådet
730 1753 220 31 remitterade
975 1752 161 35 förslaget
1162 1750 50 30 till
1238 1752 54 34 lag
1317 1759 57 20 om
1400 1746 151 38 eftergift
1576 1756 41 21 av

109 1808 70 31 åtal
202 1811 73 27 mot
296 1808 89 30 vissa
406 1804 208 37 underåriga
636 1807 45 29 ha
704 1804 57 31 två
783 1815 41 20 av
845 1803 170 37 lagrådets
1039 1803 187 29 ledamöter
1248 1800 90 36 gjort
1358 1799 91 30 vissa
1470 1799 147 30 uttalan-

111 1860 65 29 den
202 1869 43 20 av
269 1858 130 30 allmän
422 1857 180 35 innebörd,
627 1856 94 29 vilka
746 1855 137 35 intagits
908 1853 20 31 å
953 1864 24 20 s.
1003 1853 126 30 65—67
1157 1851 10 30 i
1194 1850 269 38 propositionen.

156 1909 64 30 Vid
243 1910 18 28 2
284 1909 18 36 8
323 1909 10 29 i
353 1908 162 35 förslaget
534 1908 63 28 har
616 1905 155 36 lagrådet
790 1905 129 30 anfört:

159 1958 72 31 »En
254 1959 129 30 allmän
404 1956 246 36 förutsättning
673 1956 56 29 för
750 1953 241 36 åtalseftergift
1012 1954 38 29 är
1071 1955 47 28 att
1139 1953 143 28 brottets
1303 1949 142 31 beivran
1468 1949 74 30 icke
1563 1949 54 29 be-

111 2010 110 36 tingas
244 2019 43 21 av
310 2007 415 36 straffrättsskipningens
749 2004 173 32 ändamål.
948 2005 13 29 I
986 2003 198 36 anslutning
1207 2002 116 30 härtill
1347 2001 136 35 stadgas
1505 2001 10 29 i
1539 1999 81 31 sista

111 2061 132 36 stycket
262 2063 58 32 att,
340 2058 90 31 ändå
449 2062 48 27 att
517 2057 122 31 sådant
658 2057 60 30 fall
740 2058 39 29 är
799 2056 55 30 för
871 2056 140 30 handen
1030 2064 73 20 som
1107 2048 21 53 i
1153 2054 108 29 första
1281 2052 131 36 stycket
1431 2053 101 34 sagts,
1551 2049 69 32 åtal

113 2112 86 29 skall
224 2111 137 36 väckas,
385 2119 57 20 om
466 2110 56 29 det
545 2109 113 29 finnes
684 2107 156 37 påkallat
862 2106 79 30 med
965 2106 135 35 hänsyn
1123 2105 50 29 till
1197 2105 67 29 den
1288 2103 178 30 allmänna
1491 2101 128 36 laglyd-

112 2162 113 29 naden
250 2161 80 30 eller
353 2160 55 30 för
430 2159 201 35 erforderlig
654 2158 185 35 utredning
861 2157 9 29 i
894 2157 116 29 saken.
1036 2156 63 29 Det
1121 2164 101 28 synes
1248 2155 119 29 kunna
1390 2152 229 36 ifrågasättas,

112 2211 173 30 huruvida
303 2211 74 30 icke
398 2210 203 35 stadgandet
620 2208 98 30 blivit
737 2208 54 29 väl
812 2208 98 29 snävt
927 2206 159 35 avfattat;
1106 2207 86 28 även
1212 2205 108 30 andra
1340 2204 177 30 allmänna
1535 2203 85 29 hän-

113 2270 63 27 syn
196 2262 120 29 kunna
334 2260 165 35 möjligen
519 2260 140 29 komma
679 2258 9 29 i
710 2258 236 30 betraktande.
968 2256 287 33 Framhävandet,
1276 2254 45 36 på
1340 2255 66 29 sätt
1427 2262 75 21 som
1522 2253 97 35 skett,

112 2320 43 20 av
181 2310 362 35 utredningsintresset
568 2309 69 29 kan
661 2309 65 29 ock
752 2309 140 28 komma
917 2309 49 28 att
990 2306 282 35 undanskymma
1296 2305 56 29 det
1377 2303 115 31 såsom
1519 2302 101 36 själv-

118 2361 93 29 fallet
237 2359 153 31 ansedda
415 2376 44 3 —
480 2358 66 30 och
570 2367 40 21 ur
632 2358 91 29 vissa
747 2358 216 36 synpunkter
984 2356 115 36 längre
1123 2355 131 35 gående
1341 2355 120 28 kravet
1483 2356 48 27 att
1556 2353 65 29 den

115 2411 204 29 misstänkte
341 2418 72 21 som
438 2410 89 34 regel
550 2409 87 29 skall
661 2409 91 29 hava
776 2408 120 29 erkänt
919 2407 135 29 brottet.
1078 2406 63 29 Vid
1165 2406 97 29 dessa
1291 2403 242 31 förhållanden
1557 2403 64 30 och

115 2460 42 31 då
180 2461 56 29 det
257 2461 96 29 torde
374 2458 146 31 framstå
542 2458 112 31 såsom
677 2458 100 35 klart,
800 2460 48 27 att
870 2456 152 36 eftergift
1044 2456 30 36 ej
1097 2455 57 31 må
1175 2456 60 30 ske
1260 2458 82 27 utan
1365 2457 49 27 att
1436 2455 66 30 den
1525 2453 96 30 miss-
