1882 2846
294 175 19 30 4
414 205 5 5 .
692 179 117 31 Andra
828 179 238 38 lagutskottets
1085 179 176 31 utlåtande
1283 180 48 30 Nr
1356 180 49 30 49.

345 264 13 29 I
384 263 171 30 samband
581 263 78 30 med
682 263 114 30 denna
820 263 213 37 proposition
1059 264 64 29 har
1148 264 166 30 utskottet
1339 263 51 31 till
1414 264 211 36 behandling
1651 263 154 31 förehaft

298 313 72 32 dels
391 314 79 37 fyra
491 314 11 30 i
523 314 185 36 anledning
727 324 43 21 av
790 314 205 31 densamma
1013 315 124 30 väckta
1157 314 180 36 motioner,
1360 314 174 37 nämligen
1556 314 217 31 motionerna
1794 314 10 30 i

301 366 107 30 första
428 367 204 30 kammaren
648 376 41 20 nr
708 367 64 29 263
796 375 41 20 av
857 367 78 30 herr
957 366 184 38 Tjällgren,
1158 376 41 20 nr
1219 367 63 29 264
1303 375 41 21 av
1365 366 78 30 herr
1467 366 122 30 Tamm
1612 376 44 20 m.
1679 366 36 37 fl.
1738 366 65 30 och

301 425 41 21 nr
359 417 61 30 267
441 426 44 21 av
505 417 82 30 herr
606 417 203 36 Lindhagen
829 420 88 27 samt
937 417 176 30 motionen
1132 417 10 29 i
1161 417 111 30 andra
1291 418 205 29 kammaren
1515 427 42 20 nr
1577 418 61 29 527
1662 427 42 20 av
1724 418 81 29 herr

300 466 203 32 Strindlund
527 477 44 21 m.
597 467 48 38 fl.,
668 468 73 30 dels
767 468 64 30 ock
854 477 43 20 en
920 468 96 30 inom
1039 468 215 30 sistnämnda
1278 468 179 30 kammare
1483 468 101 30 väckt
1608 468 133 30 motion
1764 477 41 20 nr

300 518 63 30 270
380 528 42 20 av
438 519 80 30 herr
536 518 50 31 De
606 518 82 31 Geer
706 519 11 29 i
736 518 175 37 Lesjöfors
929 517 101 32 såvitt
1049 519 74 29 däri
1140 517 197 38 ifrågasatts
1355 519 187 36 ändringar
1561 519 10 29 i
1591 519 212 30 ovannämn-

301 569 43 30 da
361 569 63 36 lag.
456 569 14 30 I
489 569 110 36 övrigt
617 570 63 29 har
697 569 177 30 motionen
893 570 43 29 II:
958 570 63 29 270
1041 570 203 29 behandlats
1264 569 10 30 i
1293 570 180 29 utskottets
1493 569 177 30 utlåtande
1689 579 41 20 nr
1749 570 51 29 32.

345 620 14 30 I
383 620 177 31 motionen
584 621 26 29 I:
626 621 62 30 263
713 621 66 29 har
803 621 192 30 hemställts
1021 623 49 28 att
1092 620 185 36 riksdagen
1301 619 106 31 måtte
1429 620 135 30 besluta
1587 618 109 32 sådan
1721 620 82 30 änd-

300 670 76 37 ring
395 671 11 30 i
425 671 59 30 det
504 680 42 21 av
569 671 120 36 Kungl.
713 671 101 37 Maj:t
835 671 195 36 framlagda
1050 671 230 36 lagförslaget,
1302 674 49 28 att
1371 672 18 28 4
1412 671 17 37 8
1453 671 109 30 andra
1584 671 132 36 stycket
1735 671 68 29 för-

300 724 52 28 sta
373 722 156 35 punkten
555 725 90 27 samt
670 722 109 30 andra
805 723 130 35 stycket
959 722 10 30 i
993 722 273 36 slutstadgandet
1288 722 130 30 erhölle
1443 722 113 30 nedan
1581 721 149 36 angivna
1756 722 48 36 ly-

299 772 105 31 delse:

341 825 20 29 4
382 825 20 35 $
421 824 111 30 andra
553 825 144 36 stycket:
722 835 11 15 »
741 823 170 32 Tillstånd
929 825 52 30 till
1000 824 139 31 förvärv
1157 825 107 36 enligt
1283 825 109 30 andra
1413 825 81 30 eller
1517 824 108 36 tredje
1647 825 156 35 punkten

298 864 57 32 må
377 866 83 36 icke,
486 870 85 27 utan
598 870 48 27 att
671 867 148 30 särskild
845 867 186 36 anledning
1056 867 114 30 därtill
1195 867 192 36 föreligger,
1412 867 176 30 meddelas
1613 876 118 20 annan
1758 867 45 29 än

297 908 110 37 bolag,
428 909 160 36 förening
606 909 81 30 eller
709 909 153 36 stiftelse,
884 919 74 21 som
978 910 110 30 under
1111 910 41 29 de
1173 909 75 31 före
1271 909 256 36 ansökningens
1548 909 184 35 ingivande
1754 917 48 21 se-

298 955 77 26 nast
396 951 173 31 förflutna
592 952 46 30 tio
663 950 83 32 åren
769 960 124 28 genom
919 951 199 31 överlåtelse
1143 952 51 29 till
1221 952 134 30 enskild
1381 960 125 27 person
1532 961 41 20 av
1598 950 205 36 skogsmark

297 994 81 30 eller
399 994 50 30 till
470 993 170 37 jordbruk
662 994 122 37 tjänlig
805 994 163 36 fastighet
991 994 78 30 med
1089 994 87 30 efter
1197 997 115 27 ortens
1333 992 244 31 förhållanden
1599 992 205 35 erforderlig

298 1034 244 38 skogstillgång
567 1037 80 29 eller
669 1037 65 30 ock
757 1044 124 28 genom
905 1035 108 31 sådan
1034 1035 199 31 överlåtelse
1257 1036 51 30 till
1330 1035 133 30 enskild
1487 1044 124 27 person
1633 1044 42 20 av
1698 1033 105 31 odlad

297 1077 79 37 jord
402 1079 82 30 eller
513 1078 288 37 odlingsområde,
831 1088 75 21 som
933 1080 125 35 prövas
1085 1078 155 36 gagnelig
1268 1078 55 30 för
1349 1077 264 36 befolkningens
1641 1076 123 35 näring
1793 1076 10 29 i

299 1124 105 33 orten,
422 1121 131 30 avhänt
569 1121 49 36 sig
634 1121 179 36 egendom,
833 1121 115 30 vilken
966 1121 57 30 vid
1042 1120 191 36 värdering,
1254 1119 187 31 verkställd
1459 1119 10 30 i
1486 1119 67 30 den
1571 1118 147 36 ordning
1737 1118 64 30 och

297 1163 87 30 efter
402 1164 40 29 de
462 1164 151 35 grunder
633 1163 192 36 Konungen
845 1163 217 35 föreskriver,
1085 1162 112 30 finnes
1219 1162 10 30 i
1252 1162 104 30 värde
1376 1161 146 36 ungefär
1541 1163 176 27 motsvara
1735 1160 68 29 den

299 1206 165 36 egendom
483 1215 76 20 som
576 1206 80 30 med
674 1205 177 31 förvärvet
869 1215 105 20 avses.
1019 1205 78 30 Med
1115 1222 44 4 —
1174 1223 45 4 —
1235 1222 45 3 —
1299 1202 254 32 överlåtelsen.
1540 1198 15 48 »

342 1248 290 36 Slutstadgandet,
654 1248 112 30 andra
786 1248 145 36 stycket:
956 1247 84 31 »Vid
1060 1247 169 37 prövning
1250 1256 42 20 av
1313 1246 157 30 ansökan
1492 1255 57 20 om
1569 1242 155 32 tillstånd
1745 1253 58 20 en-

298 1290 60 37 ligt
381 1291 18 29 4
422 1291 18 36 8
463 1291 111 29 andra
596 1291 133 35 stycket
751 1289 58 31 må
831 1291 137 35 hänsyn
990 1289 32 36 ej
1047 1293 95 32 tagas
1165 1289 51 30 till
1239 1288 209 30 avhändelse
1471 1297 42 20 av
1537 1286 168 37 egendom
1729 1295 75 21 som

297 1333 111 36 bolag,
429 1333 160 36 förening
610 1333 80 30 eller
712 1332 143 30 stiftelse
874 1332 90 36 gjort
983 1332 74 29 före
1077 1332 117 35 lagens
1217 1329 307 31 ikraftträdande.»

346 1401 13 29 I
382 1400 178 31 motionen
583 1400 27 30 I:
626 1400 61 30 264
713 1400 66 29 har
803 1399 192 30 hemställts
1021 1401 49 28 att
1093 1398 185 35 riksdagen
1304 1397 77 30 ville
1408 1396 134 30 besluta
1565 1395 69 30 den
1659 1394 148 35 ändring

301 1450 8 30 i
332 1451 268 38 propositionen,
622 1454 49 27 att
690 1450 258 37 försäljningar,
971 1449 210 31 verkställda
1201 1448 87 31 efter
1310 1448 66 30 den
1401 1448 14 29 1
1437 1447 65 36 juli
1525 1446 93 37 1925,
1641 1444 107 32 måtte
1771 1443 36 32 få

301 1503 126 30 räknas
454 1503 104 36 bolag
584 1502 49 30 till
658 1502 89 36 godo
775 1501 57 30 vid
860 1501 157 30 ansökan
1045 1510 56 20 om
1128 1500 67 30 rätt
1223 1499 51 30 till
1301 1499 141 30 förvärv
1469 1507 42 21 av
1537 1497 270 36 överloppsskog

299 1554 108 30 under
428 1554 41 30 de
492 1553 286 37 förutsättningar
799 1553 10 29 i
831 1552 119 36 övrigt,
972 1561 74 21 som
1069 1551 10 30 i
1101 1550 261 37 propositionen
1384 1549 200 31 innehölles.

346 1604 13 30 I
376 1604 177 31 motionen
573 1605 28 29 1:
616 1604 61 30 267
696 1604 66 29 har
780 1603 203 35 hemställts,

345 1654 26 41 I)
401 1658 48 28 att
475 1655 184 36 riksdagen
683 1654 88 36 ville,
798 1654 79 30 med
902 1653 117 36 avslag
1044 1651 21 31 å
1089 1652 270 37 propositionen,
1384 1651 64 30 hos
1473 1650 122 36 Kungl.
1623 1649 101 37 Maj:t
1751 1649 56 30 be-

300 1707 82 36 gära
404 1706 206 37 skyndsamt
631 1704 239 37 övervägande
893 1705 65 29 och
982 1704 129 35 förslag
1136 1704 51 29 till
1211 1712 43 21 en
1279 1702 158 35 tidsenlig
1462 1702 65 29 och
1552 1700 144 30 effektiv
1721 1699 86 30 revi-

299 1757 77 31 sion
396 1767 42 21 av
461 1758 84 30 1925
567 1756 55 31 års
643 1757 55 36 lag
718 1766 58 20 om
798 1756 68 30 rätt
886 1758 48 28 att
956 1755 163 30 förvärva
1140 1754 70 30 fast
1228 1753 170 36 egendom
1418 1752 10 30 i
1451 1751 199 36 anslutning
1673 1751 133 30 väsent-

300 1809 89 38 ligen
408 1809 51 31 till
477 1807 371 39 jordkommissionens
867 1807 94 29 ännu
980 1805 33 37 ej
1034 1805 152 37 prövade
1206 1803 289 37 grundprinciper
1514 1805 89 28 samt
1623 1802 68 30 vad
1709 1801 99 38 eljest

301 1861 11 30 i
332 1860 186 36 anledning
538 1869 42 21 av
600 1858 258 38 propositionen
877 1857 10 30 i
905 1856 177 31 motionen
1102 1856 160 35 erinrats;

346 1911 42 40 II)
416 1914 59 33 att,
500 1920 59 21 om
583 1910 57 30 det
660 1909 112 30 under
795 1907 26 40 I)
852 1911 177 34 upptagna
1053 1906 171 38 yrkandet
1247 1906 75 30 icke
1346 1904 147 37 bifölles,
1519 1904 185 36 riksdagen
1730 1903 78 29 ville

301 1963 133 30 besluta
453 1961 158 36 följande
631 1959 189 36 ändringar
839 1959 10 30 i
871 1958 276 38 propositionens
1166 1957 198 36 lagförslag,
1388 1955 186 36 nämligen:

346 2012 31 40 a)
408 2016 49 27 att
477 2013 19 29 4
519 2013 18 36 8
557 2011 109 31 första
685 2011 133 36 stycket
837 2009 109 31 första
965 2009 156 37 punkten
1142 2008 139 36 utginge
1302 2007 91 36 eller,
1414 2016 59 21 om
1492 2007 94 29 detta
1605 2005 32 37 ej
1659 2004 148 35 bifölles,

302 2064 129 31 erhölle
453 2062 158 37 följande
631 2061 142 37 lydelse:

347 2118 66 27 »att
432 2133 45 4 —
493 2131 45 4 —
554 2131 45 4 —
618 2112 245 36 samfällighet;
886 2111 64 30 och
970 2111 90 30 skall
1081 2119 74 21 som
1175 2109 139 30 särskilt
1332 2109 75 30 skäl
1426 2108 56 31 för
1502 2108 128 35 vägran
1649 2107 52 30 till
1718 2107 86 30 kon-

299 2158 131 31 cession
447 2157 109 30 bland
574 2158 106 28 annat
714 2164 111 25 anses,
846 2156 48 28 att
911 2163 57 20 om
987 2161 123 28 genom
1127 2151 251 31 koncessionen
1396 2150 102 31 faran
1517 2151 95 34 ökas,
1632 2152 50 27 att
1699 2149 107 36 priset

300 2199 20 32 å
338 2200 94 30 virke
448 2200 70 29 kan
535 2199 57 30 för
607 2198 108 30 andra
734 2197 206 36 skogsägare
955 2195 11 30 i
983 2198 96 27 orten
1095 2202 125 28 genom
1237 2196 48 28 ett
1304 2192 123 31 sådant
1444 2191 245 37 jordmonopol
1708 2191 9 30 i
1735 2191 68 30 för-

298 2243 101 36 ening
422 2242 81 30 med
525 2241 78 30 dess
626 2240 96 30 makt
745 2240 82 29 över
849 2237 220 31 flottlederna
1091 2236 240 36 övervägande
1352 2234 174 35 enväldigt
1548 2233 186 35 dikteras;»

346 2307 33 41 b)
402 2313 48 28 att
465 2310 20 30 4
503 2309 18 38 8
540 2308 108 32 första
665 2307 132 37 stycket
814 2306 109 30 andra
939 2306 155 35 punkten
1112 2304 147 36 utginge,
1277 2304 79 30 med
1375 2301 206 31 hemställan
1599 2301 63 30 hos
1681 2299 123 37 Kungl.

305 2360 101 37 Maj:t
428 2370 58 21 om
508 2369 90 21 ovan
621 2356 179 38 ifrågasatt
823 2356 238 36 övervägande
1082 2364 42 21 av
1149 2355 126 35 ämnet,
1297 2353 92 35 eller,
1412 2362 56 20 om
1490 2352 93 30 detta
1605 2350 30 37 ej
1660 2350 148 34 bifölles,

304 2415 50 28 att
375 2412 49 30 till
445 2411 108 31 orden
577 2408 146 38 >nyttjas
746 2408 56 30 för
824 2407 187 37 jordbruk»
1036 2405 140 37 fogades
1198 2404 108 31 orden
1330 2404 100 30 »>eller
1451 2401 104 38 något
1577 2411 42 21 av
1642 2402 77 30 dess
1743 2400 65 31 till-

305 2462 108 31 behör
430 2462 11 30 i
460 2460 246 37 odlingsmark,
728 2459 77 36 äng,
825 2459 75 29 bete
920 2458 65 30 och
1004 2457 196 35 stödskog>;
