2139 2515
674 163 258 34 Statsutskottets
965 160 175 34 Utlåtande
1166 160 67 31 N:o
1263 161 27 29 6.
1706 154 21 30 5

185 250 111 38 alltså
323 249 158 48 framgå,
512 252 54 32 att
594 260 138 36 genom
761 245 75 37 den
864 243 219 49 föreslagna
1110 239 272 49 förändringen
1411 251 87 23 man
1518 237 59 36 för
1597 235 45 37 de
1663 234 117 37 redan

185 315 50 24 nu
265 301 179 36 anvisade
472 300 185 48 anslagen
685 297 141 38 erhölle
856 310 47 23 en
931 310 60 23 om
1020 300 48 32 än
1095 297 48 47 på
1170 296 186 47 papperet
1372 290 58 37 till
1447 293 225 33 numerären
1693 286 87 37 obe-

185 354 141 49 tydligt
355 366 172 35 svagare,
557 351 115 37 likväl
699 350 57 37 till
784 349 65 37 det
876 350 14 36 i
917 350 102 48 tjenst
1045 347 161 37 varande
1233 344 141 37 antalet
1401 341 191 50 betydligt
1612 339 168 37 starkare

186 406 71 36 och
284 404 341 51 tjenstedugligare
654 415 123 35 corps,
807 405 97 32 samt
927 405 54 32 att
1008 413 86 22 man
1124 397 86 37 med
1239 397 73 35 den
1339 394 218 37 nuvarande
1586 391 195 49 organisa-

185 458 131 36 tionen
343 457 82 36 icke
454 456 125 36 kunde
609 454 140 37 erhålla
777 466 47 23 en
865 453 74 35 lika
970 456 80 31 stor
1076 450 13 36 i
1116 450 119 48 tjenst
1262 447 165 37 varande
1457 445 131 50 styrka
1615 448 90 32 utan
1734 456 47 23 en

186 510 82 36 icke
298 508 214 48 oansenligt
540 507 100 36 ökad
667 504 173 38 kostnad.

289 561 73 37 Vid
404 560 135 37 sådant
579 556 234 38 förhållande
854 556 110 48 hyste
994 550 422 52 departementschefen
1444 547 233 38 fortfarande
1707 546 75 36 den

187 613 159 49 åsigten,
375 617 55 32 att
458 611 74 36 den
559 609 217 48 föreslagna
805 606 273 47 förändringen
1104 604 13 36 i
1144 602 306 49 organisationen
1480 600 41 36 af
1545 598 237 38 Karlskrona

186 664 267 48 artillericorps
481 662 14 36 i
524 661 71 37 alla
614 660 244 37 hänseenden
877 657 233 38 innefattade
1125 655 215 47 väsentliga
1360 651 272 49 förbättringar
1651 650 41 36 af
1708 649 73 37 den

187 718 102 35 förut
316 713 195 39 beslutade
541 712 318 50 organisationen.
915 710 57 36 Då
999 709 114 37 äfven
1142 708 83 36 från
1255 706 64 36 det
1345 705 87 47 håll,
1462 705 67 36 der
1544 716 86 23 man
1648 701 135 36 uttalat

188 770 60 47 sig
289 768 59 37 för
380 767 72 36 den
482 765 219 48 föreslagna
729 763 286 47 förändringen,
1045 758 251 48 anmärkning
1323 758 125 48 gjorts
1476 760 80 32 mot
1584 754 45 36 de
1656 754 14 36 i
1696 766 86 23 nor-

187 821 201 36 malstaten
429 822 195 44 upptagna
656 813 538 51 ingvarteringsersättningar
1223 811 71 35 och
1322 808 196 44 arfvoden,
1548 808 142 45 ansåge
1719 805 63 36 de-

186 869 373 53 partementschefen
588 869 60 46 sig
673 868 94 36 böra
794 866 183 45 meddela,
1006 869 54 31 att
1080 863 120 48 enligt
1215 862 74 36 den
1303 858 269 51 ursprungliga
1588 856 194 49 organisa-

187 923 241 48 tionsplanen
456 922 65 35 det
544 921 97 35 varit
661 919 135 46 afsedt,
817 923 55 31 att
891 929 161 36 corpsen
1073 915 119 36 skulle
1212 913 194 47 förläggas
1435 911 57 36 till
1520 908 261 49 Kungsholms

189 975 172 48 fästning
377 974 70 36 och
457 972 139 37 Vestra
611 970 263 46 Hästholmen,
891 967 138 37 hvaraf
1040 966 97 37 varit
1156 979 46 23 en
1217 965 133 47 gifven
1368 962 96 48 följd
1480 966 53 32 att
1549 964 36 33 åt
1601 973 181 36 corpsens

190 1027 175 47 samtliga
394 1028 19 33 å
440 1024 164 37 nämnda
632 1026 63 33 två
713 1022 142 49 platser
870 1018 288 52 tjenstgörande
1175 1017 190 37 officerare
1382 1015 70 36 och
1468 1008 314 57 underofficerare

188 1078 137 38 bostad
341 1080 116 34 måste
473 1088 140 37 genom
628 1075 165 35 kronans
811 1073 152 48 försorg
979 1070 196 37 derstädes
1190 1067 173 47 beredas,
1381 1069 124 34 såsom
1521 1065 114 36 äfven
1651 1068 131 43 syntes

189 1131 42 36 af
256 1129 328 47 framställningen
613 1127 11 35 i
653 1122 415 52 statsrådsprotokollet
1096 1122 73 36 den
1200 1123 45 34 13
1270 1118 149 51 januari
1450 1119 96 36 1892
1571 1116 135 47 ifråga
1722 1128 60 22 om

189 1182 134 48 anslag
350 1181 55 36 till
434 1178 404 49 ekonomibyggnader
854 1180 20 32 å
889 1173 291 50 Kungsholmen
1196 1172 70 37 och
1281 1172 137 36 Vestra
1433 1168 262 38 Hästholmen.
1726 1167 57 36 De

191 1234 191 37 officerare
410 1235 91 43 åter,
532 1245 82 22 som
629 1231 83 35 icke
728 1228 253 50 tjenstgjorde
997 1230 20 33 å
1030 1225 164 37 nämnda
1208 1224 153 49 platser,
1376 1226 90 32 utan
1481 1219 231 38 beordrades
1730 1223 54 31 att

190 1287 212 48 tjenstgöra
429 1285 12 35 i
470 1282 296 48 öfverstyrelsen
804 1282 70 34 och
901 1279 64 36 vid
993 1278 154 36 flottans
1176 1276 182 36 stationer
1385 1274 197 36 äfvensom
1611 1272 59 45 de,
1700 1283 83 23 som

191 1336 255 48 oenomginge
476 1334 172 37 artilleri-
677 1333 71 36 och
775 1329 400 51 ingeniörhögskolan,
1206 1327 132 46 skulle,
1369 1325 120 48 enligt
1509 1336 142 24 samma
1671 1327 113 31 stats-

189 1367 23 19 D
1010 1377 3 1 =

200 1387 267 51 rådsprotokoll
498 1386 69 36 sid.
598 1388 34 44 9,
660 1385 119 35 under
807 1384 121 36 denna
956 1382 54 36 tid
1038 1394 89 23 vara
1154 1378 236 48 berättigade
1410 1377 56 36 till
1484 1374 300 50 inqvarterings-

191 1440 212 48 ersättning
429 1439 13 36 i
469 1438 120 36 likhet
617 1437 85 36 med
731 1436 152 35 flottans
915 1434 193 35 officerare
1136 1431 120 36 under
1283 1428 274 50 tjenstgöring;
1587 1432 55 31 att
1670 1424 114 37 bland

191 1493 46 36 de
279 1492 60 36 för
380 1490 191 37 officerare
606 1489 70 36 och
703 1487 314 37 underofficerare
1047 1484 119 48 enligt
1197 1484 96 35 1892
1324 1484 59 33 års
1413 1477 371 51 organisationsplan

190 1543 158 38 afsedda
388 1543 192 36 förmåner
621 1539 108 37 alltså
761 1539 122 48 ingått
911 1537 180 47 antingen
1120 1535 47 36 fri
1196 1533 135 37 bostad
1359 1532 92 36 eller
1485 1529 299 50 inqvarterings-

189 1596 151 47 bidrag;
369 1599 55 31 att
452 1593 117 37 sedan
597 1605 154 24 numera
779 1590 140 48 Kongl.
948 1589 117 49 Maj:t,
1095 1587 86 36 med
1209 1587 149 47 hänsyn
1387 1583 103 37 såväl
1509 1583 56 35 till
1585 1582 46 36 de
1654 1580 131 50 betyd-

190 1647 76 49 liga
286 1646 295 48 olägenheterna
600 1644 62 36 vid
683 1655 181 37 corpsens
885 1639 249 49 förläggande
1152 1638 57 36 till
1229 1635 382 50 sjöbefästningarne,
1632 1633 153 36 hvarest

190 1703 204 44 utrymmet
429 1710 90 23 vore
557 1696 82 36 litet
668 1696 71 35 och
766 1693 225 50 byggnader
1020 1692 58 36 för
1106 1691 149 44 kasern,
1286 1688 126 36 skolor
1439 1701 48 21 m.
1518 1700 47 22 m.
1596 1686 32 48 ej
1659 1684 125 36 kunde

191 1756 89 32 utan
307 1751 80 35 fara
415 1747 206 38 bibehållas
649 1747 63 35 vid
740 1743 267 51 krigstillfälle,
1038 1755 80 24 som
1148 1742 70 35 ock
1237 1741 56 36 till
1312 1739 213 37 fördelarne
1545 1738 41 36 af
1603 1748 181 37 corpsens

192 1801 249 49 förläggande
483 1799 56 36 till
576 1798 243 45 Karlskrona,
848 1796 174 46 beslutat,
1051 1799 54 31 att
1133 1793 220 36 densamma
1382 1790 95 36 skall
1504 1789 196 48 förläggas
1728 1787 57 36 till

193 1853 233 37 sistnämnda
469 1856 70 42 ort,
584 1855 96 32 samt
717 1850 46 36 då
792 1849 63 36 det
881 1848 83 36 icke
992 1846 126 37 kunde
1147 1849 118 32 sättas
1294 1844 11 35 i
1334 1843 106 47 fråga
1469 1846 55 32 att
1552 1841 66 36 der
1645 1839 140 38 bereda

192 1906 177 36 bostäder
396 1904 60 36 för
480 1915 182 37 corpsens
684 1901 174 47 samtliga
877 1899 189 38 officerare
1087 1897 70 37 och
1175 1895 324 46 underofficerare,
1520 1893 58 47 de,
1600 1906 81 22 som
1701 1891 83 36 icke

193 1956 140 39 erhölle
374 1955 135 37 bostad
550 1955 38 35 in
628 1959 143 41 natura,
809 1952 115 37 borde
952 1950 116 38 redan
1097 1948 119 48 enligt
1244 1948 73 36 den
1344 1944 217 38 nuvarande
1591 1943 194 50 organisa-

192 2010 129 36 tionen
361 2020 112 24 anses
515 2019 89 24 vara
631 2005 236 48 berättigade
896 2007 55 32 att
978 2001 140 37 erhålla
1145 1996 512 52 inqvarteringsersättning;
1688 1999 97 32 samt

193 2066 65 43 att,
300 2061 46 35 då
372 2059 12 36 i
413 2059 64 36 det
509 2071 76 35 nya
619 2054 466 51 organisationsförslaget
1113 2053 112 35 dessa
1253 2051 134 47 bidrag
1414 2048 124 38 blifvit
1568 2047 217 47 föreslagna

191 2113 57 36 till
275 2112 118 36 likhet
420 2110 85 37 med
533 2109 99 36 hvad
662 2121 80 24 som
769 2108 61 36 för
858 2106 149 36 arméns
1037 2105 189 36 officerare
1256 2102 70 36 och
1353 2100 311 38 underofficerare
1693 2110 91 25 vore

192 2163 201 47 bestämdt,
434 2163 11 35 i
488 2161 126 37 stället
653 2160 59 36 för
752 2159 56 36 till
840 2158 120 37 likhet
988 2157 85 36 med
1101 2155 99 37 hvad
1227 2155 152 36 flottans
1409 2153 190 36 officerare
1628 2145 155 57 åtnjöte,

193 2216 205 49 utgifterna
425 2215 12 36 i
466 2214 103 36 detta
596 2212 217 37 hänseende
843 2210 117 48 enligt
990 2210 72 35 den
1087 2206 218 49 föreslagna
1324 2210 123 33 staten
1465 2205 13 36 i
1498 2203 135 50 sjelfva
1651 2202 134 37 verket
