1920 2804
183 196 50 29 Nr
258 196 84 30 1—2
395 196 188 31 Allmänna
604 198 397 41 beredningsutskottets
1023 201 178 30 utlåtande
1220 211 43 20 nr
1284 203 14 28 1
1320 202 40 30 år
1381 203 83 29 1966
1659 204 14 29 1

871 401 112 41 Nr
954 397 32 56 1

382 509 185 31 Utlåtande
588 511 11 29 i
617 511 190 41 anledning
825 522 42 21 av
888 513 103 30 väckt
1009 513 133 30 motion
1163 514 178 40 angående
1362 515 308 31 bestämmelserna

579 582 55 20 om
651 574 447 42 kungörelseannonsering
1110 585 46 21 m.
1171 586 46 20 m.

225 677 13 30 I
261 687 42 21 en
324 678 96 31 inom
442 680 110 30 andra
574 680 207 31 kammaren
801 682 104 30 väckt
928 683 66 30 och
1013 683 52 30 till
1089 684 178 30 allmänna
1289 684 381 40 beredningsutskottet

180 730 171 32 hänvisad
367 732 135 30 motion
519 733 46 30 II:
584 733 61 30 194
662 744 42 20 av
721 735 81 29 herr
821 735 130 39 Sjönell
969 736 212 35 hemställes,
1200 739 50 28 att
1268 737 187 40 riksdagen
1473 738 11 29 i
1503 738 166 30 skrivelse

179 784 53 30 till
251 784 125 41 Kungl.
394 785 107 40 Maj:t
519 786 107 31 måtte
645 787 142 31 anhålla
806 797 56 21 om
881 789 187 40 utredning
1086 790 65 29 och
1171 790 130 40 förslag
1320 791 52 30 till
1391 800 75 21 mer
1484 791 184 40 tidsenliga

180 838 65 29 och
269 838 298 41 ändamålsenliga
589 840 264 31 bestämmelser
877 851 56 21 om
958 842 446 42 kungörelseannonsering
1429 845 65 29 och
1517 847 50 28 att
1590 845 79 30 där-

179 891 58 30 vid
262 891 123 40 frågan
411 901 58 21 om
493 893 98 30 Post-
616 894 65 29 och
706 894 132 30 inrikes
864 895 194 40 tidningars
1084 896 119 31 vidare
1229 897 152 30 existens
1408 898 179 39 samtidigt
1611 898 57 30 be-

178 945 159 30 handlas.

223 998 13 30 I
252 999 178 30 motionen
446 999 204 31 framhålles
667 1002 50 29 att
733 1001 136 30 mindre
886 1002 169 31 effektiva
1071 1002 160 40 åtgärder
1249 1003 73 30 ofta
1338 1004 156 30 används
1511 1004 45 31 då
1570 1005 97 29 dom-

178 1051 67 30 stol
262 1051 83 31 eller
361 1061 118 21 annan
495 1053 204 40 myndighet
718 1055 102 29 söker
837 1064 42 20 en
897 1055 226 41 medborgare
1141 1056 54 30 för
1213 1058 50 28 att
1281 1057 181 39 tillgodose
1479 1058 89 30 hans
1586 1059 80 29 rätt.

177 1103 105 31 Olika
303 1105 154 40 exempel
480 1106 139 30 anföres
642 1107 45 30 då
709 1107 150 30 domstol
882 1109 147 30 allenast
1051 1116 125 33 genom
1198 1110 228 30 meddelande
1448 1111 11 29 i
1482 1111 97 30 Post-
1601 1112 65 29 och

176 1158 133 30 inrikes
324 1158 178 40 tidningar
517 1160 170 30 anmodar
703 1161 83 29 eller
801 1161 112 30 kallar
928 1162 203 40 rättsägare.

220 1211 14 30 I
257 1210 177 41 åtskilliga
455 1212 63 30 fall
540 1212 131 31 införes
693 1213 229 40 kungörelser
944 1224 42 20 av
1008 1215 93 30 olika
1124 1216 73 39 slag
1219 1216 11 29 i
1253 1216 153 31 nämnda
1429 1217 158 31 tidskrift
1610 1218 55 30 för

174 1264 77 31 icke
272 1265 195 40 obetydliga
488 1266 200 35 kostnader,
710 1267 120 30 oaktat
851 1268 261 40 publiceringen
1133 1269 58 30 vid
1213 1269 99 30 sidan
1335 1280 41 20 av
1398 1271 235 40 annonsering
1653 1271 11 29 i

176 1319 217 39 ortspressen
416 1319 131 30 saknar
568 1320 45 29 all
635 1320 163 39 praktisk
819 1320 185 41 betydelse.
1028 1322 13 29 I
1065 1322 41 30 de
1129 1322 62 30 fall
1215 1332 43 20 en
1280 1323 217 40 publicering
1519 1324 39 29 är
1580 1324 85 30 nöd-

175 1371 126 40 vändig
322 1371 79 31 från
423 1372 255 31 allmänhetens
700 1374 179 39 synpunkt
900 1374 63 30 bör
983 1375 66 29 den
1070 1375 106 39 enligt
1197 1376 220 30 motionären
1438 1377 91 30 lösas
1551 1378 44 39 på
1616 1379 48 28 ett

173 1434 98 20 mera
289 1425 292 40 ändamålsenligt
601 1426 79 30 sätt.

217 1477 227 31 Beträffande
463 1478 252 40 motiveringen
734 1479 11 29 i
763 1479 110 40 övrigt
893 1480 55 30 får
966 1480 169 30 utskottet
1154 1481 148 30 hänvisa
1320 1482 53 30 till
1391 1483 188 30 motionen.

836 1603 167 33 Utskottet

216 1673 235 31 Föreskrifter
477 1684 56 20 om
559 1674 448 42 kungörelseannonsering
1033 1676 115 31 finnes
1175 1678 10 29 i
1212 1679 48 28 ett
1288 1679 86 29 stort
1401 1679 95 29 antal
1523 1679 139 30 författ-

172 1726 135 40 ningar.
334 1727 316 31 Bestämmelserna
676 1729 40 29 är
741 1729 72 29 inte
840 1729 198 30 utformade
1066 1730 88 30 efter
1180 1730 105 40 något
1311 1731 168 40 enhetligt
1505 1732 156 30 mönster

171 1780 86 29 utan
278 1780 65 29 har
364 1780 66 30 fått
451 1781 204 30 varierande
677 1781 156 31 innehåll
855 1783 96 29 inom
974 1783 92 29 olika
1088 1783 420 40 lagstiftningsområden.

215 1833 13 29 I
247 1842 43 20 en
308 1833 54 30 del
382 1832 61 31 fall
463 1833 137 31 fordras
619 1835 237 39 annonsering
874 1836 123 29 endast
1016 1836 10 29 i
1047 1836 200 29 »allmänna
1265 1836 257 40 tidningarna»,
1543 1838 31 30 d.
1588 1848 31 20 v.
1634 1848 25 20 s.

170 1885 11 29 i
197 1886 98 29 Post-
311 1887 65 29 och
390 1886 132 30 inrikes
539 1887 188 39 tidningar.
744 1888 121 29 Denna
883 1888 90 29 form
990 1898 42 20 av
1048 1889 228 38 kungörande
1293 1890 108 38 gäller
1416 1892 23 27 t.
1454 1900 50 20 ex.
1522 1890 56 30 för
1592 1892 68 29 till-

168 1938 294 39 kännagivanden
484 1939 178 39 angående
684 1940 93 30 vissa
801 1941 138 39 statliga
961 1941 160 39 tjänster,
1145 1951 94 20 arvs-
1262 1942 64 29 och
1349 1944 310 30 testamentslotter

170 2000 75 20 som
270 1991 146 30 tillfallit
440 1992 256 31 bortovarande
722 1994 83 30 eller
831 1994 148 35 okända,
1006 1995 158 40 myndig-
1190 1997 65 29 och
1282 1998 377 39 omyndighetsförkla-

168 2044 87 39 ring,
276 2044 142 30 kallelse
437 2045 20 29 å
476 2045 137 31 okända
632 2046 209 40 borgenärer
862 2050 89 27 samt
971 2049 158 29 ansökan
1149 2058 56 20 om
1226 2050 64 29 och
1309 2050 211 31 utfärdande
1540 2061 42 20 av
1600 2061 59 30 pa-

169 2098 84 28 tent.
271 2097 239 40 Kungörelsen
527 2098 89 30 skall
631 2099 11 29 i
658 2100 91 38 regel
765 2100 134 30 införas
916 2110 42 20 en
975 2100 88 40 gång
1079 2110 80 21 men
1162 2093 17 51 i
1202 2102 70 31 viss
1290 2102 71 35 fall,
1380 2103 115 30 såsom
1511 2104 57 29 vid
1585 2104 73 30 kal-

167 2150 83 30 lelse
267 2150 21 30 å
303 2150 138 30 okända
457 2151 219 39 borgenärer,
693 2153 53 29 tre
763 2152 137 40 gånger.

212 2202 13 29 I
244 2202 109 30 andra
371 2203 61 30 fall
452 2203 210 31 föreskrives
681 2206 235 39 annonsering
934 2206 146 30 allenast
1099 2207 10 29 i
1127 2216 43 20 en
1188 2208 83 29 eller
1289 2208 86 30 flera
1395 2209 261 40 ortstidningar.

167 2255 45 30 Så
231 2256 39 29 är
289 2258 23 27 t.
326 2265 50 20 ex.
399 2256 97 30 fallet
515 2256 222 31 beträffande
757 2258 228 38 kungörelser
1005 2259 105 38 enligt
1131 2260 352 40 kommunallagarna
1504 2263 64 29 och
1590 2263 67 29 till-

166 2307 291 39 kännagivanden
476 2309 10 29 i
505 2308 99 40 fråga
621 2318 56 21 om
695 2310 167 38 politiska
878 2311 65 33 val,
962 2311 444 39 värnpliktsförhållanden
1425 2323 45 20 m.
1485 2324 44 19 m.

210 2360 59 30 Ett
288 2362 86 29 stort
394 2362 95 29 antal
510 2361 250 40 författningar
781 2362 211 30 föreskriver
1010 2363 217 41 publicering
1248 2364 94 30 såväl
1362 2366 10 29 i
1393 2366 178 31 allmänna
1591 2368 65 29 tid-

166 2413 172 38 ningarna
362 2422 74 21 som
460 2413 12 30 i
495 2423 42 21 en
561 2414 83 30 eller
668 2414 88 30 flera
779 2415 262 40 ortstidningar.
1065 2416 49 30 På
1138 2417 112 39 dylikt
1275 2418 68 30 sätt
1367 2418 174 40 kungöres
1566 2422 88 28 t.ex.

164 2465 95 30 olika
280 2466 113 30 beslut
414 2467 11 29 i
447 2466 324 35 konkursärenden,
795 2467 336 41 äktenskapsförord
1153 2469 243 31 innefattande
1419 2471 87 40 gåva
1526 2473 129 30 mellan

166 2519 134 34 makar,
328 2519 158 29 ansökan
513 2529 56 20 om
596 2520 65 30 och
688 2520 80 30 dom
797 2520 20 30 å
842 2520 208 35 boskillnad,
1078 2522 165 29 anmälan
1272 2523 49 29 till
1350 2520 303 49 handelsregister,

164 2580 136 39 Bihang
316 2580 51 30 till
381 2580 205 40 riksdagens
599 2581 178 40 protokoll
793 2582 92 30 1966.
905 2583 35 29 11
957 2583 99 29 saml.
1071 2584 48 29 Nr
1136 2584 84 29 1—2
