2200 2614
674 183 345 31 Jordbruksutskottets
1044 183 160 30 utlåtande
1228 181 49 32 Nr
1303 182 71 31 121.
1766 182 19 30 3

357 262 61 36 Nu
460 262 163 35 nämnda
665 261 185 49 spörsmål
886 261 106 36 torde
1016 261 145 48 jämväl
1189 260 91 37 böra
1308 265 110 44 tagas
1446 260 118 37 under
1594 259 235 38 bedömande

231 312 61 36 vid
322 312 71 37 den
423 318 171 31 närmare
622 313 206 48 utredning
855 313 160 36 rörande
1043 313 242 48 lämpligaste
1314 317 115 31 sättet
1459 312 56 36 för
1543 311 287 49 ifrågavarande

231 364 198 36 områdens
474 364 234 49 disposition,
754 377 80 23 som
878 364 185 36 utskottet
1091 377 110 23 anser
1234 363 67 36 bör
1330 365 151 34 komma
1510 363 56 36 till
1595 363 120 36 stånd.
1771 363 59 36 En

230 415 115 36 sådan
388 416 205 47 utredning
635 416 105 36 torde
769 416 85 36 med
883 418 41 33 så
952 415 157 48 mycken
1140 415 145 36 mindre
1314 415 204 48 olägenhet
1544 415 75 35 låta
1648 415 60 48 sig
1735 420 95 43 göra

231 480 79 22 som
341 467 380 48 arrendeperioderna
751 467 71 36 vad
851 467 237 36 sistnämnda
1116 466 354 48 kronoegendumar
1498 466 159 36 beträffa
1684 469 48 46 på
1757 471 73 31 sätt

229 530 96 23 ovan
355 523 153 31 nämnts
536 521 93 45 utgå
659 519 56 34 för
742 518 175 47 Västbyn
946 531 45 22 nr
1022 520 16 33 1
1071 518 71 35 den
1175 520 45 33 14
1248 531 100 22 mars
1380 519 97 34 1920
1506 518 70 35 och
1598 517 57 36 för
1680 517 148 36 Väster-

230 568 69 36 hus
346 568 93 36 först
486 582 143 23 samma
676 569 75 48 dag
803 570 96 34 1922
943 569 69 35 och
1055 569 71 35 vad
1170 571 117 46 angår
1327 568 282 48 Kungsgården
1653 568 177 48 åtgärder

228 619 117 36 redan
387 621 106 36 torde
538 621 95 35 hava
669 620 182 49 vidtagits
882 620 57 36 för
969 620 356 48 arrendeperiodens
1357 620 246 48 förlängning
1632 620 96 35 efter
1756 619 72 36 den

232 672 44 35 14
306 685 100 22 mars
438 673 107 35 1918.

357 723 129 37 Under
521 724 239 48 åberopande
790 737 46 22 av
866 723 63 37 det
958 723 156 36 anförda
1144 724 55 36 får
1227 723 196 46 utskottet,
1453 736 79 23 som
1562 723 156 36 sålunda
1747 723 82 37 icke

228 774 143 37 kunnat
408 775 148 36 biträda
594 775 142 49 Kungl.
768 775 128 49 Maj:ts
925 788 50 23 nu
1005 775 260 49 föreliggande
1294 775 294 48 framställning,
1618 774 208 47 hemställa,

757 884 54 31 att
850 878 207 48 riksdagen
1099 881 58 33 må
1200 878 84 36 med
1319 879 133 47 avslag
1481 882 20 32 å
1529 879 141 47 Kungl.
1701 879 126 48 Maj:ts

627 930 249 36 förevarande
917 930 237 49 proposition
1182 930 11 35 i
1223 930 206 48 anledning.
1470 943 46 22 av
1558 930 71 35 den
1659 930 12 35 i
1699 934 128 32 ämnet

625 982 136 36 väckta
802 981 190 37 motionen
1020 982 11 35 i
1060 981 183 37 skrivelse
1273 982 58 36 till
1362 981 138 49 Kungl.
1525 981 109 47 Maj:t
1663 981 160 43 anhälla,

626 1033 63 37 det
717 1033 145 37 täcktes
891 1033 142 49 Kungl.
1055 1033 108 48 Maj:t
1190 1034 76 35 låta
1290 1038 172 32 närmare
1483 1034 141 45 utreda,
1645 1036 48 46 på
1711 1033 117 36 vilket

626 1090 75 31 sätt
742 1085 46 37 de
832 1085 59 36 för
928 1085 119 36 Frösö
1075 1085 245 50 remontdepå
1349 1085 161 37 avsedda
1539 1085 288 36 markområden

627 1151 46 22 av
714 1137 293 48 ifrågavarande
1048 1133 352 76 kronoegendomar
1441 1140 60 33 må
1533 1140 48 47 på
1611 1136 215 37 fördelakti-

626 1193 108 45 gaste
764 1194 75 31 sätt
867 1189 230 49 disponeras.

356 1293 220 36 Stockholm
607 1293 71 37 den
707 1295 47 34 28
785 1292 73 49 maj
894 1294 108 35 1918.

687 1396 52 36 På
763 1396 413 48 jordbruksutskottets
1204 1402 162 43 vägnar:

783 1490 170 38 RAOUL
982 1490 273 38 HAMILTON.

421 1653 219 38 Närvarande:
658 1663 103 27 Herrar
786 1673 84 26 greve
889 1663 153 31 Hamilton,
1062 1663 132 32 Paulson,
1212 1663 172 37 Holmquist,
1403 1673 84 27 greve
1505 1664 73 27 Axel
1598 1664 225 32 Wachtmeister,

656 1707 128 31 Persson,
814 1707 116 27 Nilsson
957 1708 9 26 i
991 1707 106 35 Tånga,
1125 1707 168 31 Johansson,
1322 1707 115 27 Nilsson
1455 1709 10 25 i
1484 1708 155 36 Lunderyd,
1668 1708 154 32 Säxström,

655 1750 164 36 Ingeström,
833 1750 115 28 friherre
962 1750 150 32 Hermelin,
1126 1750 131 33 Vasseur,
1270 1751 67 35 Igel,
1351 1751 130 28 Ericsson
1495 1753 9 25 i
1517 1752 114 36 Arboga
1645 1752 51 27 och
1711 1751 110 28 Olsson.

887 1959 273 51 Reservation

220 2067 46 23 av
286 2054 87 37 herr
392 2056 189 39 Paulsson,
603 2069 114 34 greve
743 2057 280 44 Wachtmeister,
1044 2058 155 36 friherre
1218 2059 190 37 Hermelin
1428 2048 97 48 samt
1544 2060 84 36 herr
1654 2062 165 44 Vasseur,

219 2106 101 36 vilka
360 2107 113 49 yrkat
513 2106 106 37 bifall
659 2108 58 36 till
759 2108 141 48 Kungl.
945 2109 125 48 Maj:ts
1099 2109 146 49 förslag
1273 2116 99 31 samt
1400 2124 46 23 av
1474 2111 128 37 herrar
1630 2113 150 36 Nilsson
1808 2113 11 36 i

220 2157 200 51 Landeryd
450 2159 69 36 och
554 2160 137 37 Olsson.
