1878 2780
287 150 37 29 12
593 151 122 29 Första
739 151 247 38 lagutskottets
1008 153 178 30 utlåtande
1208 163 43 20 nr
1276 155 39 29 12
1337 154 39 30 år
1400 155 83 29 1956

289 234 193 40 påkallade.
504 236 51 29 En
577 235 241 40 förstärkning
839 247 42 20 av
903 237 65 30 den
990 238 175 29 enskildes
1187 239 448 39 rättssäkerhetsgarantier
1658 240 10 29 i
1689 241 101 29 dessa

288 277 204 34 avseenden,
515 286 74 20 som
613 278 74 29 icke
709 277 112 40 syftar
843 279 51 29 till
916 281 108 28 annat
1046 281 43 28 än
1112 282 49 28 att
1184 279 183 32 förhindra
1390 281 203 40 missgrepp,
1616 283 70 29 kan
1708 282 82 29 rim-

288 319 115 38 ligtvis
423 319 75 29 icke
518 320 143 38 menligt
680 321 145 29 inverka
844 321 45 39 på
909 321 307 39 myndigheternas
1236 322 221 39 möjligheter
1476 324 52 29 till
1548 323 242 40 ingripanden,

288 362 62 28 där
371 361 130 30 sådana
518 362 176 39 verkligen
713 363 60 29 äro
791 363 194 39 påkallade.

333 403 79 29 Som
433 404 106 29 redan
560 406 139 27 nämnts
720 405 64 29 har
804 414 42 20 en
867 406 146 38 översyn
1034 415 42 21 av
1097 405 40 30 de
1158 407 202 31 nuvarande
1380 406 310 32 bestämmelserna
1712 407 78 30 tidi-

287 453 80 30 gare
389 445 57 30 vid
467 445 87 30 flera
576 446 161 29 tillfällen
758 447 91 29 varit
870 447 45 39 på
937 447 58 30 tal.
1018 447 116 39 Enligt
1157 448 188 30 utskottets
1368 449 141 39 mening
1530 449 61 30 bör
1613 458 42 21 en
1679 449 109 30 sådan

287 496 47 20 nu
354 487 141 30 komma
513 487 51 30 till
583 488 110 30 stånd.

328 562 193 30 Utskottets
538 563 178 29 utlåtande
734 564 215 39 utmynnade
965 564 11 29 i
993 574 41 20 en
1051 565 208 30 hemställan
1278 567 49 28 att
1342 566 188 39 riksdagen
1547 567 106 30 måtte
1669 568 11 29 i
1698 566 87 30 skri-

283 613 92 29 velse
396 613 50 29 till
468 613 124 39 Kungl.
613 613 105 40 Maj:t
739 614 141 30 anhålla
900 624 55 20 om
975 624 42 20 en
1037 616 146 38 översyn
1205 626 42 20 av
1268 616 159 38 gällande
1447 616 261 31 bestämmelser
1729 626 56 20 om

282 663 198 39 skyldighet
501 664 54 29 för
578 664 304 39 statstjänsteman
902 666 49 28 att
972 666 156 38 undergå
1148 665 375 40 läkarundersökning.

330 712 72 30 Två
420 722 42 20 av
481 713 187 30 utskottets
688 714 191 30 ledamöter
899 714 145 30 anförde
1064 717 10 28 i
1094 716 229 30 reservation:

328 772 116 39 Enligt
465 772 60 30 vår
546 773 141 39 mening
707 775 38 28 är
768 774 56 29 det
847 784 42 20 av
908 774 170 40 väsentlig
1098 775 173 39 betydelse
1293 778 50 28 att
1365 776 113 29 rätten
1501 777 50 29 att
1572 776 135 30 besluta
1729 785 56 20 om

283 814 365 40 läkarundersökning
668 826 41 20 av
730 816 215 39 tjänstemän
966 816 11 29 i
997 816 228 31 förevarande
1245 817 62 29 fall
1328 818 65 29 och
1414 819 48 29 att
1483 818 57 29 vid
1560 818 111 30 behov
1691 818 95 29 med-

282 857 78 30 dela
376 857 262 39 tjänstledighet
655 857 176 39 tvångsvis
848 858 213 30 tillkommer
1077 859 257 30 vederbörande
1352 859 213 39 myndighet.
1583 860 122 30 Denna
1721 860 64 29 har

282 899 41 30 de
344 899 99 30 bästa
466 900 266 38 möjligheterna
754 902 50 27 att
825 900 197 31 överblicka
1043 901 41 29 de
1105 901 10 29 i
1138 900 95 39 varje
1255 901 62 29 fall
1337 901 214 30 inverkande
1572 902 213 39 omständig-

280 941 156 30 heterna.
459 941 119 39 Någon
601 942 148 39 ändring
770 942 10 28 i
803 942 159 39 gällande
983 942 262 30 bestämmelser
1268 944 10 29 i
1301 944 95 29 detta
1418 943 167 30 avseende
1607 943 122 31 kunna
1749 943 35 30 vi

279 983 77 31 icke
377 983 151 31 förorda.

325 1025 119 30 Redan
467 1035 46 20 nu
540 1025 115 39 gäller,
679 1027 50 29 att
752 1026 115 31 beslut
891 1036 41 20 av
954 1027 64 29 här
1044 1027 149 38 angivna
1217 1027 74 39 slag
1315 1027 120 30 kunna
1459 1027 10 29 i
1494 1027 116 39 vanlig
1633 1027 150 39 ordning

280 1067 215 39 överklagas.
528 1067 80 30 Skäl
652 1068 68 29 tala
752 1067 55 30 för
838 1069 50 28 att
917 1068 324 30 beslutanderätten
1260 1069 10 28 i
1291 1069 118 39 dylika
1429 1069 214 30 besvärsmål
1663 1069 11 29 i
1695 1069 86 30 sista

277 1110 137 29 instans
437 1110 61 29 bör
520 1110 195 29 tillkomma
739 1110 303 39 regeringsrätten.
1066 1111 201 30 Emellertid
1291 1111 107 40 pågår
1421 1111 54 29 för
1499 1111 217 30 närvarande
1739 1120 42 20 en

278 1152 265 39 undersökning
564 1162 56 20 om
644 1152 243 39 fördelningen
911 1162 41 21 av
975 1153 212 30 besvärsmål
1212 1153 128 29 mellan
1366 1153 123 38 Kungl.
1515 1153 107 38 Maj:t
1644 1153 11 29 i
1680 1154 102 28 stats-

278 1194 99 29 rådet
393 1194 63 29 och
472 1194 303 39 regeringsrätten.
792 1196 66 30 Det
874 1195 53 29 får
943 1196 145 38 antagas
1105 1197 49 28 att
1170 1195 361 38 utredningsmannen
1545 1195 123 30 därvid
1685 1196 97 28 kom-

278 1245 75 20 mer
374 1237 50 28 att
445 1236 126 30 beakta
592 1237 85 29 även
697 1237 115 29 denna
834 1244 111 33 grupp
967 1247 42 20 av
1028 1237 224 30 besvärsmål.
1274 1237 65 29 Det
1361 1237 70 29 kan
1452 1236 169 39 tilläggas,
1644 1238 50 28 att
1714 1237 67 30 vad

277 1278 109 39 angår
417 1278 218 31 förfarandet
667 1278 10 29 i
710 1279 216 29 besvärsmål
958 1279 187 39 utredning
1167 1280 121 29 härom
1312 1279 107 40 pågår
1441 1279 94 29 inom
1559 1279 222 29 besvärssak-

276 1320 168 39 kunniga.

321 1362 49 31 De
395 1362 259 40 förbättringar,
680 1372 73 21 som
778 1363 121 29 kunna
924 1363 137 40 uppnås
1086 1371 122 32 genom
1232 1373 41 19 en
1300 1362 283 40 detaljreglering
1606 1372 41 21 av
1672 1362 108 30 förfa-

275 1405 125 29 randet
421 1405 10 28 i
456 1405 109 29 första
589 1405 134 30 instans
745 1405 10 28 i
779 1405 152 30 ärenden
954 1415 42 20 av
1020 1406 94 29 detta
1138 1405 81 39 slag,
1244 1406 60 28 äro
1327 1405 106 38 enligt
1455 1405 61 29 vår
1539 1405 142 39 mening
1703 1404 75 30 icke

276 1456 42 20 av
338 1447 66 29 den
423 1447 308 39 storleksordning,
752 1448 50 29 att
818 1448 43 29 de
880 1447 120 29 kunna
1019 1448 167 28 motivera
1205 1446 281 39 igångsättandet
1505 1456 42 20 av
1566 1456 41 21 en
1628 1446 150 30 särskild

275 1488 198 41 utredning.
1570 1529 7 6 .

320 1530 13 29 I
359 1531 188 39 anledning
571 1531 107 30 härav
701 1531 36 30 få
762 1531 33 30 vi
820 1531 194 34 hemställa,
1043 1533 49 28 att
1118 1531 228 29 förevarande
1374 1530 170 30 motioner
1568 1530 76 30 icke
1671 1530 107 30 måtte

275 1573 182 29 föranleda
480 1573 113 39 någon
615 1573 205 38 riksdagens
842 1573 131 38 åtgärd.

318 1646 269 30 Reservationen
607 1647 117 30 bifölls
745 1656 42 21 av
806 1647 111 30 första
937 1648 217 35 kammaren,
1175 1649 124 29 medan
1321 1649 110 30 andra
1451 1649 205 30 kammaren
1676 1649 100 30 biföll

273 1698 190 29 utskottets
481 1699 140 38 förslag.
640 1699 73 29 Den
731 1699 126 30 väckta
873 1699 123 39 frågan
1014 1709 60 21 var
1092 1701 141 29 därmed
1253 1700 175 30 förfallen.

927 1854 181 34 Utskottet

316 1949 312 38 Statstjänstemän
651 1950 164 30 ävensom
842 1950 177 40 åtskilliga
1044 1952 109 31 andra
1178 1960 151 32 grupper
1353 1963 42 20 av
1419 1954 184 40 offentliga
1628 1956 145 39 tjänste-

270 1999 84 29 män
372 2000 59 29 äro
449 2000 159 38 skyldiga
624 2001 49 29 att
690 2001 112 30 under
819 2001 93 29 vissa
930 2002 298 40 omständigheter
1244 2004 215 31 underkasta
1477 2005 51 39 sig
1546 2006 226 31 läkarunder-

270 2048 160 41 sökning.
453 2050 353 40 Förutsättningarna
828 2051 122 30 härför
973 2053 61 29 äro
1056 2053 105 39 enligt
1184 2055 66 29 vad
1272 2063 76 20 som
1371 2054 116 31 finnes
1509 2057 137 38 stadgat
1668 2056 10 29 i
1701 2058 71 29 sär-

270 2099 115 30 skilda
404 2100 227 39 kungörelser
649 2101 10 28 i
678 2103 118 28 ämnet
816 2103 50 28 att
885 2102 286 39 tjänstemannen
1189 2104 160 30 befinnes
1368 2105 75 30 icke
1461 2106 45 39 på
1525 2106 158 40 lämpligt
1703 2108 68 29 sätt

270 2149 102 30 sköta
392 2150 53 29 sin
466 2150 111 39 tjänst
597 2151 62 29 och
680 2153 50 28 att
751 2152 58 29 det
829 2162 103 29 synes
953 2154 177 29 sannolikt
1150 2156 50 29 att
1221 2155 234 39 anledningen
1475 2156 118 30 härtill
1615 2158 38 28 är
1673 2157 98 39 sjuk-

268 2199 93 34 dom,
382 2200 195 35 vanförhet,
600 2202 67 38 lyte
688 2202 82 30 eller
791 2203 139 29 nedsatt
951 2204 286 39 arbetsförmåga.
1260 2206 12 29 I
1295 2206 170 30 samband
1486 2208 78 28 med
1586 2209 50 28 att
1657 2208 114 29 läkar-

268 2250 265 41 undersökning
554 2251 152 31 beslutas
729 2253 71 29 kan
823 2253 286 39 tjänstemannen
1133 2255 175 39 tvångsvis
1332 2258 185 38 avstängas
1542 2257 79 30 från
1645 2258 125 39 tjänst-

269 2299 131 40 söring.
418 2301 167 30 Närmare
603 2303 108 38 regler
730 2312 57 19 om
807 2304 103 29 sättet
928 2304 54 30 för
1000 2305 306 39 handläggningen
1325 2316 41 20 av
1385 2307 119 38 dylika
1521 2308 152 29 ärenden
1692 2308 78 29 sak-

268 2358 74 21 nas.
362 2351 124 29 Rätten
505 2353 50 28 att
572 2353 134 29 besluta
726 2362 57 20 om
802 2354 365 40 läkarundersökning
1185 2356 38 29 är
1240 2356 11 28 i
1270 2356 229 31 förevarande
1518 2358 251 39 författningar

267 2400 162 39 vanligen
450 2401 120 39 tillagd
590 2403 218 30 överordnad
829 2405 213 39 myndighet,
1065 2406 207 38 exempelvis
1294 2407 147 29 centralt
1461 2408 94 29 verk.

312 2450 257 31 Motionärerna
596 2454 77 37 taga
697 2453 223 31 uteslutande
945 2455 88 29 sikte
1057 2455 44 40 på
1127 2456 39 29 de
1193 2456 71 34 fall,
1290 2457 45 29 då
1359 2458 408 39 läkarundersökningen
