2181 2653
676 172 253 42 .Lagulskottets-
961 173 173 33 Utlåtande
1157 174 62 32 N:o
1244 176 52 30 56.
1762 176 19 30 3

184 255 140 46 hvilka,
364 257 44 46 på
447 258 71 34 sätt
546 256 13 35 i
588 256 61 36 det
678 256 215 48 föregående
922 263 39 30 är
991 258 139 48 antydt,
1162 258 278 36 förmånsrätten
1468 257 13 36 i
1510 259 228 46 lösegendom
1767 258 14 36 i

184 311 90 48 följd
317 310 39 36 af
387 310 206 37 föremålets
621 311 175 48 rörlighet
824 313 66 35 och
919 312 271 48 förytterlighet
1219 318 39 30 är
1286 325 44 23 ur
1360 313 106 36 stånd
1495 315 52 34 att
1575 313 130 36 lämna.
1762 314 19 35 I

185 365 88 49 följd
317 365 108 36 häraf
466 370 39 30 är
547 365 107 36 också
696 366 188 47 antagligt,
920 370 54 33 att
1002 367 337 48 fastighetsägaren,
1370 367 112 36 innan
1510 370 110 44 något
1649 373 132 32 använ-

185 420 116 35 dande
345 420 40 35 af
418 419 353 48 förlagsinteckning
799 421 291 47 ifrågakommer,
1122 422 182 46 begagnat
1332 421 365 47 fastighetskrediten
1724 422 58 36 till

184 474 82 35 dess
304 476 157 46 yttersta
488 479 119 41 gräns,
639 475 66 35 och
734 477 53 34 att
815 475 131 36 bereda
975 475 131 37 honom
1141 475 145 37 tillfälle
1320 479 53 32 att
1407 476 209 36 därutöfver
1649 488 131 35 genom

184 528 226 48 erbjudande
453 528 40 35 af
531 528 232 36 förmånsrätt
805 529 12 35 i
860 530 70 34 den
959 530 74 35 lösa
1063 530 224 47 egendomen
1316 530 114 35 inlåta
1459 530 55 48 sig
1542 530 13 36 i
1584 542 43 24 en
1657 530 124 36 skuld-

185 582 174 47 sättning,
404 582 151 36 hvilken
598 583 180 36 dessutom
821 583 13 35 1
876 586 130 45 många
1040 584 64 35 fall
1136 584 181 36 måhända
1346 584 142 36 komme
1518 587 52 33 att
1598 585 183 36 användas

184 636 82 37 icke
308 637 57 35 till
394 637 242 47 egendomens
671 638 260 45 förbättrande,
963 641 89 32 utan
1082 638 54 36 för
1166 641 52 33 att
1245 639 265 36 tillfredsställa
1539 639 160 48 böjelsen
1727 639 55 36 för

185 691 140 36 kanske
354 664 83 63 jake
464 692 271 47 oundgängliga
764 668 375 70 konsumtionsbehof,
1171 694 81 35 dem
1282 694 68 35 den
1380 692 207 49 personliga
1614 693 167 37 krediten

184 745 80 36 icke
308 746 125 35 vidare
462 746 186 35 förmådde
676 747 202 47 tillgodose,
909 748 129 35 sådant
1066 723 73 59 kan
1168 747 81 36 icke
1279 760 62 23 ens
1373 750 55 32 för
1452 747 219 48 jordägaren
1699 747 86 49 själf

184 800 161 36 medföra
373 802 121 44 någon
523 799 144 48 verklig
696 771 124 80 fördel.
871 777 26 58 7
926 801 101 46 fråga
1056 814 55 23 om
1141 802 125 48 hvarje
1295 801 131 47 näring
1442 787 101 50 torde
1558 775 76 62 Jen
1653 802 128 35 ekono-

184 853 119 37 miska
331 827 113 74 regel
459 853 13 36 i
501 828 198 63 allmänhet
728 854 109 37 hafva
866 854 57 37 sin
952 855 182 48 giltighet,
1157 858 52 34 att
1230 856 55 35 för
1305 868 45 23 en
1370 856 150 35 rörelses
1540 855 242 48 fördelaktiga

183 908 240 36 bedrifvande
467 908 151 45 fordras,
663 912 54 32 att
746 910 206 35 densamma
980 909 217 36 åtminstone
1226 909 57 37 till
1310 912 120 45 någon
1460 910 59 35 del
1548 915 39 30 är
1614 911 168 46 grundad

184 964 45 45 på
268 962 325 47 näringsidkarens
636 975 92 35 egna
769 963 208 48 tillgångar,
1021 965 66 34 och
1130 967 54 32 att
1226 976 45 23 en
1299 965 144 44 rörelse,
1476 963 13 36 i
1517 964 201 48 synnerhet
1746 964 40 35 af

185 1020 114 32 större
341 1016 233 48 omfattning,
617 1030 74 23 som
734 1018 229 35 uteslutande
1005 1018 86 36 eller
1132 1021 129 33 nästan
1303 1018 230 36 uteslutande
1566 1018 138 48 bygges
1736 1020 46 46 på

184 1071 224 35 främmande
450 1071 128 45 medel,
622 1071 56 36 för
721 1072 80 36 dess
830 1072 127 36 idkare
987 1072 139 36 medför
1155 1075 73 33 stor
1256 1073 92 36 våda
1376 1073 66 36 och
1471 1073 113 36 sällan
1612 1072 170 49 erbjuder

184 1137 97 24 mera
308 1125 170 37 lofvande
507 1125 118 37 utsikt
652 1126 56 35 till
737 1126 198 48 framgång.
995 1126 77 36 Och
1102 1129 53 34 att
1174 1127 55 35 för
1243 1126 227 49 jordägaren,
1492 1139 56 24 om
1568 1127 73 36 han
1661 1127 121 36 skuld-

184 1182 72 34 satt
285 1179 55 48 sig
368 1178 57 37 till
454 1183 52 33 ett
534 1180 142 48 belopp,
707 1181 251 36 motsvarande
988 1180 89 36 fulla
1106 1181 126 36 värdet
1252 1181 39 36 af
1306 1181 91 36 hans
1418 1181 187 47 fastighet,
1627 1186 157 42 gränsen

184 1234 56 35 för
269 1234 61 36 det
358 1233 244 48 fördelaktiga
631 1235 255 37 användandet
914 1235 41 36 af
980 1234 169 37 krediten
1178 1235 13 35 i
1220 1235 198 37 allmänhet
1445 1235 124 38 blifvit
1598 1236 184 47 uppnådd,

184 1288 142 36 kanske
356 1262 264 71 öfverikriden,
653 1290 120 35 därom
803 1289 138 37 vittnar
969 1289 254 36 erfarenheten
1268 1311 33 5 —
1336 1312 40 3 —
1414 1312 37 3 —
1493 1311 36 6 —
1574 1312 41 4 —
1657 1311 114 5 ——

291 1342 111 37 Hvad
436 1345 77 34 åter
541 1342 226 37 vidkommer
795 1344 185 36 brukarne
1009 1344 40 35 af
1074 1356 138 24 annans
1238 1344 93 49 jord,
1364 1347 39 34 så
1432 1346 111 35 måste
1573 1345 57 37 väl
1659 1320 125 61 erkän-

183 1409 77 32 nas,
299 1399 63 42 att,
394 1397 45 35 då
468 1398 43 35 de
540 1398 129 36 endast
698 1398 81 36 med
807 1398 109 48 högst
944 1399 36 35 få
1008 1399 187 47 undantag
1223 1399 125 36 kunna
1377 1399 108 36 hafva
1514 1401 118 46 någon
1648 1399 136 36 inteck-

185 1451 90 46 ning
318 1451 12 34 i
373 1451 73 36 fast
479 1452 175 47 egendom
685 1455 54 33 att
768 1452 152 48 erbjuda
948 1465 45 23 en
1022 1426 213 74 längifgane,
1267 1453 60 36 det
1356 1453 55 36 för
1441 1454 79 35 dem
1551 1453 118 36 skulle
1698 1466 86 24 vara

185 1517 45 23 en
272 1504 145 49 verklig
459 1505 125 45 fördel,
629 1518 56 24 om
724 1506 12 35 i
766 1506 120 37 stället
914 1507 121 35 därför
1063 1510 53 33 ett
1144 1509 112 35 annat
1284 1510 73 34 sätt
1385 1509 54 34 att
1466 1508 120 36 lämna
1614 1508 171 37 säkerhet

186 1559 55 35 för
270 1559 43 35 de
342 1559 74 47 lån,
446 1559 131 37 hvaraf
603 1561 43 34 de
676 1560 125 36 kunna
830 1573 85 24 vara
943 1560 13 36 i
984 1561 119 45 behof,
1134 1561 119 37 blefve
1283 1562 80 35 dem
1386 1561 137 37 beredt.
1581 1554 123 45 Äfven
1729 1562 56 36 för

186 1613 120 35 denna
347 1613 99 37 klass
489 1614 40 35 af
549 1613 244 49 jordbrukare
823 1626 107 36 synes
960 1614 91 36 dock
1081 1614 416 48 förlagsinteckningens
1526 1617 103 46 nytta
1659 1616 126 36 kunna

186 1669 112 33 sättas
327 1667 182 48 allvarligt
537 1667 13 36 i
579 1668 112 47 fråga.
749 1668 285 47 Otvifvelaktigt
1061 1668 116 36 skulle
1197 1668 184 49 nämligen
1401 1668 382 49 förlagsintecknings-

184 1722 141 34 rättens
368 1721 256 48 utsträckning
665 1721 57 37 till
763 1723 80 35 dem
877 1723 160 35 medföra
1065 1735 46 24 en
1141 1723 180 48 väsentlig
1349 1723 284 48 förminskning,
1663 1736 56 24 om
1750 1724 31 48 ej

185 1777 54 34 ett
280 1773 325 50 tillintetgörande,
650 1776 40 36 af
729 1777 102 35 deras
873 1776 206 48 personliga
1107 1777 132 45 kredit,
1270 1778 66 35 och
1365 1779 45 45 på
1438 1778 92 47 goda
1558 1778 160 46 grunder
1746 1783 39 30 är

186 1828 192 48 antagligt,
410 1832 52 34 att
492 1830 100 36 detta
622 1830 54 36 för
705 1831 79 35 dem
814 1830 118 37 skulle
961 1834 130 44 utgöra
1119 1844 44 23 en
1192 1832 199 47 olägenhet,
1423 1835 113 33 större
1566 1837 46 31 än
1628 1832 69 36 den
1717 1832 67 36 för-

186 1883 59 35 del
285 1882 131 48 blefve,
460 1897 74 23 som
577 1885 14 35 i
634 1884 94 38 vissa
771 1885 62 36 fall
864 1898 82 24 vore
975 1886 82 35 med
1085 1886 256 37 användandet
1370 1886 39 36 af
1434 1886 351 48 förlagsinteckning

186 1937 186 36 förenad.
357 1933 18 56 >»

293 1992 247 37 Kommitténs
569 1994 216 47 antagande,
822 1996 74 33 »att
925 1994 339 48 fastighetsägaren,
1287 1994 113 37 innan
1419 1997 109 45 något
1547 1996 238 36 användande

186 2046 40 35 af
265 2045 352 50 förlagsinteckning
659 2048 292 47 ifrågakommer,
995 2049 181 47 begagnat
1218 2049 363 48 fastighetskrediten
1618 2049 57 37 till
1705 2050 80 36 dess

186 2102 155 46 yttersta
383 2107 147 41 gräns»,
574 2102 102 36 torde
719 2102 83 36 med
844 2102 84 37 fullt
967 2103 60 47 fog
1069 2102 126 37 kunna
1234 2104 195 36 betecknas
1473 2106 114 34 såsom
1617 2103 165 49 oriktigt.

186 2154 146 37 Funnes
372 2155 144 36 tillfälle
561 2159 53 33 att
655 2157 164 47 begagna
857 2156 360 49 förlagsinteckning,
1254 2157 117 36 skulle
1405 2157 206 48 säkerligen
1640 2170 45 23 en
1714 2159 71 46 god

187 2208 112 37 sådan
328 2209 144 37 komma
499 2209 57 37 till
586 2211 247 47 användning,
864 2212 112 35 innan
1004 2212 213 47 låntagaren
1245 2212 208 47 begagnade
1482 2211 56 48 sig
1567 2212 40 36 af
1632 2224 45 24 en
1698 2223 87 36 svag

187 2262 426 50 fastighetsinteckning,
644 2264 169 48 liggande
842 2264 103 38 invid
973 2268 157 45 yttersta
1158 2271 155 42 gränsen
1342 2266 40 37 af
1402 2265 239 50 fastighetens
1661 2266 120 37 värde.
