2206 2605
703 179 244 33 Statsutskottets
970 180 163 33 utlåtande
1158 181 52 33 Nr
1236 185 51 29 94.
1774 184 20 31 5

202 266 60 35 det
304 267 100 35 torde
445 268 120 35 därför
607 282 84 23 vara
733 269 215 48 lämpligast,
992 274 53 33 att
1087 274 117 33 staten
1242 272 70 36 blir
1350 279 104 41 ägare
1482 274 40 34 af
1548 276 120 44 spåret
1696 273 96 36 inom

202 319 343 47 hospitalsområdet.

307 373 108 36 Hvad
452 377 110 44 angår
600 377 69 34 den
699 376 201 48 föreslagna
927 377 378 48 inlösningssumman,
1341 382 137 42 14,000
1509 380 144 44 kronor,
1684 393 107 35 synes

201 426 205 35 densamma
447 428 79 35 icke
568 442 85 22 vara
696 430 150 46 oskälig.
905 432 71 34 Det
1013 432 40 34 af
1087 436 281 43 entreprenören
1396 434 152 46 anlagda
1577 437 121 44 spåret
1725 434 66 35 har

200 492 44 22 en
272 480 110 46 längd
410 481 39 34 af
477 484 113 41 1,120
621 486 112 32 meter
761 485 67 34 och
856 485 65 34 har
950 485 119 35 kostat
1098 485 134 36 inemot
1264 488 138 42 18,300
1432 487 144 35 kronor.

306 534 211 35 Emellertid
545 536 118 35 skulle
692 536 277 48 anläggningen,
1001 550 75 23 som
1105 539 131 36 utförts
1266 540 81 34 med
1375 540 141 47 hänsyn
1537 540 57 35 till
1614 541 43 34 de
1676 541 116 34 under

199 585 289 48 byggnadstiden
526 589 179 46 behöfliga
741 593 281 44 transporterna,
1064 592 55 34 för
1147 595 53 33 att
1229 593 125 35 kunna
1382 593 194 47 lämpligen
1607 594 182 35 användas

199 639 55 36 för
295 640 60 36 det
397 641 139 47 färdiga
579 642 212 47 hospitalets
821 644 117 44 behof,
970 645 155 36 behöfva
1154 646 114 36 delvis
1297 646 191 47 omläggas,
1520 647 147 35 hvarför
1696 647 94 35 kost-

197 693 118 35 naden
358 694 192 36 beräknats
593 695 55 36 till
694 699 114 41 5,900
852 698 140 34 kronor.
1052 698 178 47 Slutligen
1266 699 117 36 skulle
1418 699 95 36 inom
1544 699 245 47 hospitalsom-

197 747 102 34 rådet
340 748 169 46 anliggas
551 761 44 23 en
633 752 166 44 vagnvåg
837 751 54 34 för
920 763 44 22 en
993 752 155 35 kostnad
1176 753 40 34 af
1242 755 115 42 4,000
1387 753 143 35 kronor.
1588 754 86 34 Med
1702 754 86 34 bän-

197 811 67 35 syn
293 799 56 36 till
377 801 94 35 hvad
499 801 371 49 medicinalstyrelsen
899 804 119 36 anfört
1047 807 65 33 har
1136 805 63 48 jag
1227 806 81 35 icke
1337 807 111 34 heller
1467 808 111 45 något
1597 809 52 33 att
1669 806 119 36 erinra

198 856 72 32 mot
298 854 97 35 detta
424 854 143 48 förslag.

303 907 55 34 De
386 908 112 46 årliga
532 909 245 47 besparingar,
810 923 74 22 som
913 912 117 34 skulle
1060 913 264 35 åstadkommas
1353 913 126 36 endast
1507 914 82 34 med
1617 913 170 35 afseende

196 961 20 32 å
244 960 293 47 koltransporter,
578 963 120 34 därest
735 963 274 47 ifrågavarande
1039 966 143 46 förslag,
1214 978 73 23 som
1318 966 144 36 kräfver
1491 979 45 22 en
1565 966 155 35 kostnad
1748 966 40 34 af

195 1014 236 46 sammanlagt
460 1017 141 41 23,900
632 1017 141 44 kronor,
806 1017 128 36 vinner
962 1018 114 45 bifall,
1107 1022 121 44 uppgå
1256 1020 114 46 enligt
1398 1019 387 48 medicinalstyrelsens

194 1065 203 49 beräkning
424 1067 55 36 till
509 1071 115 42 3,450
654 1069 143 36 kronor.
846 1072 72 34 Det
938 1072 80 35 hela
1038 1072 117 35 skulle
1175 1073 227 48 följaktligen
1418 1086 83 22 vara
1517 1085 45 23 en
1577 1073 69 47 god
1663 1073 121 34 affär.»

301 1166 115 35 Sedan
445 1166 176 36 utskottet
649 1168 126 47 begärt
804 1169 134 46 Kungl.
969 1170 107 47 Maj:t
1109 1170 199 47 befallning
1341 1170 55 36 till
1416 1170 368 47 medicinalstyrelsen

193 1222 52 32 alt
272 1219 120 34 lämna
420 1220 222 47 upplysning
671 1222 75 34 dels
776 1222 178 35 huruvida
983 1224 67 33 och
1079 1225 45 44 på
1154 1224 125 35 hvilka
1307 1224 131 35 villkor
1467 1225 112 34 Södra
1607 1224 177 35 Dalarnas

188 1272 379 48 järnvägsaktiebolag
604 1276 56 33 må
690 1287 84 22 vara
803 1275 119 47 villigt
949 1278 53 33 att
1030 1277 159 34 anordna
1218 1277 64 35 och
1313 1277 169 35 trafikera
1510 1276 275 47 ifrågavarande

187 1325 257 48 järnvägsspår
472 1327 80 34 med
581 1326 234 48 iakttagande
844 1328 39 36 af
908 1329 43 34 de
980 1329 269 35 bestämmelser
1277 1330 175 47 styrelsen
1481 1342 44 23 ur
1546 1329 238 47 bevaknings-

191 1378 188 47 synpunkt
420 1379 121 35 kunde
583 1380 98 35 finna
719 1381 165 47 lämpligt
912 1382 228 44 föreskrifva,
1172 1384 75 34 dels
1276 1384 184 46 angående
1489 1384 61 34 det
1579 1396 48 22 nu
1658 1383 125 35 befint-

190 1432 82 46 liga,
315 1432 39 35 af
389 1435 279 44 entreprenören
697 1434 55 36 för
780 1435 321 47 hospitalsbygget,
1135 1437 276 47 byggmästaren
1440 1437 43 35 G.
1517 1437 33 34 S.
1583 1436 197 35 Hallström

190 1486 152 45 anlagda
372 1488 136 44 spårets
538 1487 347 46 rcealisationsvärde,
908 1489 75 35 dels
1004 1489 66 35 ock
1091 1489 180 37 huruvida
1286 1490 216 35 Hallströms
1519 1490 210 35 konkursbo
1746 1495 39 29 är

190 1538 115 47 villigt
327 1542 53 32 att
400 1540 142 47 försälja
563 1543 120 44 spåret
711 1541 55 35 för
786 1544 52 33 ett
857 1542 84 46 pris,
965 1555 72 23 som
1060 1542 12 35 i
1092 1543 124 48 hvarje
1236 1544 62 34 fall
1318 1549 142 29 närmar
1480 1543 55 47 sig
1555 1544 61 34 det
1635 1543 150 35 sålunda

189 1592 113 35 funna
344 1594 134 42 värdet,
522 1593 66 35 har
631 1595 64 34 här
736 1595 118 35 nedan
893 1595 148 47 intagna
1079 1596 191 36 skrifvelse
1306 1597 79 35 från
1414 1596 370 47 medicinalstyrelsen

188 1644 54 36 till
273 1645 127 35 chefen
429 1646 56 35 för
513 1646 371 47 civildepartementet
908 1649 112 46 jämte
1049 1649 216 36 tillhörande
1294 1653 112 32 såsom
1438 1651 138 45 bilagor
1604 1649 55 35 till
1686 1650 98 34 detta

187 1699 185 34 utlåtande
401 1699 126 46 fogade
556 1699 150 36 skrifter
734 1700 12 35 1
775 1705 120 31 ämnet
923 1702 150 35 kommit
1101 1703 178 35 utskottet
1306 1704 185 35 tillhanda.

400 1796 68 35 Till
497 1796 84 36 berr
609 1798 193 35 statsrådet
830 1799 65 34 och
924 1799 129 35 chefen
1083 1800 54 35 för
1166 1800 125 47 kungl.
1323 1801 381 47 civildepartementet.

293 1868 18 33 I
353 1867 167 35 afseende
563 1870 18 32 å
625 1869 69 34 den
737 1870 40 34 af
816 1871 134 46 Kungl.
981 1870 107 49 Maj:t
1117 1871 54 35 till
1200 1872 208 47 Riksdagen
1437 1873 126 48 gjorda
1592 1873 189 35 framställ-

186 1920 135 46 ningen
364 1933 53 23 om
462 1922 196 35 anvisande
692 1923 40 34 af
758 1924 124 46 anslag
910 1924 56 35 för
994 1925 231 35 anordnande
1255 1926 40 34 af
1316 1926 257 47 järnvägsspår
1601 1929 93 32 samt
1722 1939 58 22 an-

186 1974 177 46 läggande
406 1975 39 34 af
483 1978 165 44 vagnvåg
690 1976 95 35 inom
827 1977 118 35 Bäters
983 1978 175 46 hospitals
1196 1980 143 34 område
1368 1980 65 34 har
1461 1981 85 33 herr
1575 1980 203 43 statsrådet,

186 2028 80 33 med
295 2027 197 46 anledning
520 2028 40 35 af
584 2028 215 36 hemställan
829 2030 79 34 från
938 2031 279 44 statsutskottet,
1248 2033 54 34 uti
1333 2032 190 36 skrifvelse
1553 2034 70 34 den
1654 2035 20 31 9
1701 2032 79 35 sist-

185 2079 99 35 lidne
326 2080 158 34 februari
526 2082 169 34 anmodat
737 2082 371 48 medicinalstyrelsen
1147 2085 71 35 dels
1257 2088 53 32 att
1337 2085 120 35 inleda
1485 2085 295 46 underhandling

186 2133 80 34 med
309 2132 110 35 Södra
460 2134 178 35 Dalarnas
670 2134 380 49 järnvägsaktiebolag
1087 2136 13 34 i
1130 2137 94 46 syfte
1254 2141 51 32 att
1333 2141 138 41 utröna,
1502 2138 181 36 huruvida
1713 2139 65 34 och

185 2188 44 44 på
271 2185 126 36 hvilka
439 2186 131 36 villkor
612 2187 143 47 bolaget
796 2189 122 34 kunde
960 2202 86 22 vara
1089 2189 118 48 villigt
1245 2194 52 32 att
1326 2193 158 34 anordna
1512 2192 65 35 och
1607 2192 171 36 trafikera

185 2240 273 48 ifrågavarande
491 2240 259 49 järnvägsspår
780 2242 80 34 med
888 2242 234 47 iakttagande
1151 2244 40 35 af
1215 2245 44 34 de
1296 2244 268 37 bestämmelser
1601 2247 177 46 styrelsen
