1922 2840
275 172 40 31 22
750 175 230 30 Statsutskottets
1004 177 144 28 utlåtande
1170 177 49 28 Nr
1242 179 48 27 69.

274 248 333 42 chefsbefattningen
631 249 51 32 för
704 250 210 32 närvarande
937 251 151 41 åtnjuter
1109 251 58 32 lön
1195 262 39 21 av
1257 252 113 38 10,740
1385 253 126 31 kronor
1527 253 128 41 årligen
1670 254 107 40 jämte

275 299 262 42 dyrtidstillägg,
562 300 61 31 har
639 300 168 42 styrelsen
824 301 184 42 föreslagit,
1026 303 50 30 att
1091 302 253 42 lönetilläggets
1360 303 127 42 belopp
1505 303 110 32 skulle
1631 304 145 32 bestäm-

275 361 72 20 mas
370 349 52 32 till
444 350 94 39 3,000
560 350 125 32 kronor
707 362 62 30 per
792 353 44 29 år.

327 400 17 31 I
378 402 48 29 ett
460 402 79 30 över
572 401 386 43 vattenfallsstyrelsens
996 403 250 42 framställning
1279 404 132 41 avgivet
1444 405 177 31 utlåtande
1655 405 66 31 den
1757 406 21 31 3

274 450 179 32 december
478 451 81 31 1930
592 451 61 31 har
685 453 420 32 kommunikationsverkens
1138 454 191 32 lönenämnd
1351 454 211 32 beträffande
1587 456 188 41 styrelsens

274 501 62 31 här
359 501 255 41 ifrågavarande
640 502 127 41 förslag
790 503 121 38 anfört,
935 505 50 30 att
1008 504 170 31 nämnden
1202 504 52 32 för
1278 505 54 31 sin
1355 504 55 32 del
1433 505 74 32 icke
1530 506 130 31 kunnat
1682 507 94 31 finna

274 551 59 32 det
366 552 180 41 tillrådligt
579 554 49 30 att
650 552 136 42 vidtaga
819 565 42 20 en
896 555 118 41 åtgärd
1048 566 39 20 av
1111 555 64 32 den
1210 557 61 36 art,
1296 566 74 21 som
1395 556 169 42 styrelsen
1587 557 187 41 ifrågasatt.

328 619 188 32 Avvikande
550 620 126 41 mening
710 621 62 31 har
806 622 191 31 emellertid
1031 623 129 31 anförts
1194 634 40 20 av
1261 623 273 33 lönenämndens
1559 624 215 38 ordförande,

275 681 74 20 som
379 670 51 32 för
454 670 53 32 sin
531 671 56 31 del
609 671 113 32 funnit
744 672 192 42 avgörande
960 673 74 31 skäl
1057 674 67 31 tala
1146 674 52 31 för
1221 685 42 20 en
1287 674 195 42 tillstyrkan
1505 686 41 20 av
1568 675 207 31 vattenfalls-

273 721 187 41 styrelsens
483 721 250 43 framställning
756 734 55 20 om
835 723 211 32 omedelbart
1066 724 208 32 utverkande
1291 736 39 20 av
1347 727 49 29 ett
1411 725 199 42 lönetillägg
1626 737 39 20 av
1681 726 96 38 3,000

272 771 126 32 kronor
420 772 52 31 för
495 774 37 29 år
554 772 128 32 räknat.

327 822 270 33 Vidkommande
621 823 147 32 härefter
791 824 234 43 befattningen
1050 827 112 30 såsom
1186 826 419 32 kraftverksdirektör
1634 826 65 32 vid
1728 827 47 32 de

272 873 269 32 norrländska
556 874 254 32 kraftverken
827 894 40 3 —
880 875 123 42 Porjus
1016 876 65 32 och
1093 876 162 32 Norrfors
1271 877 104 41 jämte
1388 877 91 32 vissa
1494 877 133 32 mindre
1644 878 121 42 anlägg

273 924 121 41 ningar
414 943 38 4 —
472 924 134 32 tillkom
626 925 112 32 denna
757 925 193 43 befattning
962 938 122 30 genom
1097 927 115 32 beslut
1224 938 40 21 av
1278 928 82 31 1929
1372 930 54 29 års
1439 928 148 42 riksdag.
1615 928 160 42 Tidigare

273 974 101 32 stodo
393 975 147 31 nämnda
553 975 168 32 kraftverk
735 978 88 30 samt
836 977 114 31 därtill
963 978 175 31 anknutna
1150 978 244 42 anläggningar
1406 978 109 32 under
1527 979 141 41 ledning
1680 990 40 20 av
1732 990 42 20 en

273 1025 94 32 inom
383 1026 385 42 vattenfallsstyrelsens
791 1027 276 42 kraftverksbyrå
1089 1030 19 29 å
1131 1030 93 30 extra
1248 1030 68 30 stat
1339 1029 148 31 inrättad
1511 1029 148 32 särskild
1675 1029 100 32 Norr-

273 1075 294 43 landsavdelning.
613 1077 398 33 Kraftverksdirektören
1046 1079 51 31 för
1130 1079 41 31 de
1205 1079 227 32 norrländska
1464 1079 215 32 kraftverken
1712 1080 63 31 har

273 1127 124 31 hittills
433 1128 239 41 övergångsvis
697 1128 87 31 varit
807 1128 211 32 stationerad
1041 1130 11 30 i
1076 1129 198 32 Stockholm
1300 1141 77 20 men
1402 1130 85 32 skall
1510 1130 75 31 från
1609 1130 63 32 och
1696 1130 78 32 med

273 1177 67 32 den
366 1178 14 30 1
405 1177 87 41 april
517 1178 78 31 1931
620 1190 78 20 vara
721 1179 159 41 placerad
903 1179 11 31 i
937 1179 118 32 Umeå.

322 1228 215 41 Avlöningen
554 1228 52 32 till
622 1229 255 41 ifrågavarande
893 1230 334 42 befattningshavare
1244 1233 99 40 utgår
1356 1231 106 42 enligt
1475 1243 129 20 samma
1616 1231 157 42 grunder,

274 1289 73 20 som
381 1278 89 42 gälla
502 1278 53 32 för
588 1279 115 41 övriga
736 1279 382 33 kraftverksdirektörer
1149 1281 58 32 vid
1240 1282 322 38 vattenfallsverket,
1588 1282 62 31 och
1675 1283 100 41 utgör

274 1328 144 33 sålunda
441 1329 114 37 10,000
588 1329 125 32 kronor
745 1330 53 31 för
831 1332 38 29 år
898 1330 104 41 jämte
1036 1330 255 43 dyrtidstillägg
1315 1334 88 29 samt
1426 1332 182 32 därutöver
1631 1332 141 32 tantiem

274 1379 106 42 enligt
409 1379 11 31 i
450 1379 404 42 avlöningsreglementet
884 1380 194 32 fastställda
1107 1381 267 32 bestämmelser.
1427 1382 49 31 På
1505 1382 112 42 grund
1647 1394 39 19 av
1716 1382 58 32 vid

273 1431 43 30 de
340 1430 225 32 norrländska
594 1430 214 32 kraftverken
831 1433 91 29 ännu
945 1431 232 42 föreliggande
1200 1432 237 31 förhållanden
1461 1434 99 40 utgår
1583 1433 190 31 emellertid

273 1475 107 47 enligt
403 1492 46 20 nu
472 1481 157 42 gällande
652 1481 404 33 tantiembestämmelser
1078 1482 72 32 icke
1174 1484 104 39 något
1302 1482 148 33 tillskott
1466 1483 52 32 till
1534 1484 103 31 lönen
1654 1485 120 30 utöver

273 1531 59 32 det
355 1531 11 31 i
389 1531 404 42 avlöningsreglementet
816 1533 222 41 garanterade
1062 1533 307 42 minimibeloppet,
1394 1534 93 38 2,500
1509 1534 127 32 kronor
1658 1535 52 31 för
1727 1536 45 36 år,

273 1582 65 31 och
371 1582 109 42 dylikt
513 1582 149 32 tillskott
695 1583 88 31 lärer
816 1583 109 32 under
958 1585 49 30 ett
1040 1584 92 31 antal
1159 1586 36 29 år
1222 1584 122 31 framåt
1371 1584 73 32 ieke
1467 1585 116 31 kunna
1605 1585 168 32 beräknas

273 1632 196 33 tillkomma.
515 1633 77 32 Den
616 1633 104 32 totala
743 1633 203 42 avlöningen
970 1634 52 31 för
1045 1634 386 32 kraftverksdirektören
1461 1635 5 31 i
1489 1635 110 32 Umeå
1621 1636 154 31 kommer

272 1683 102 32 alltså
406 1683 106 42 enligt
545 1684 196 32 nuvarande
768 1684 260 32 bestämmelser
1051 1687 50 29 att
1123 1684 109 32 under
1254 1685 164 32 avsevärd
1441 1685 51 32 tid
1515 1688 121 39 utgöra
1661 1686 113 38 12,500

272 1734 127 32 kronor
421 1734 128 42 årligen
572 1735 144 32 frånsett
739 1735 263 42 dyrtidstillägg.

324 1785 18 31 I
366 1785 60 31 sitt
452 1785 223 32 förenämnda
701 1786 216 32 betänkande
940 1786 62 32 har
1026 1787 80 31 1928
1128 1788 54 31 års
1205 1786 269 39 lönekommitté,
1500 1799 73 20 som
1597 1787 176 42 föreslagit

272 1847 42 20 en
338 1836 196 41 avveckling
557 1847 40 20 av
620 1836 319 42 tantiemsystemet,
963 1837 184 36 hemställt,
1171 1840 50 29 att
1243 1837 389 33 kraftverksdirektören
1655 1839 52 31 för
1730 1838 43 32 de

271 1886 226 32 norrländska
529 1887 215 32 kraftverken
780 1887 109 32 skulle
923 1888 153 41 placeras
1103 1888 11 31 i
1137 1889 71 30 32:a
1242 1888 207 42 lönegraden
1483 1889 78 32 med
1596 1900 42 20 en
1672 1889 58 32 lön
1754 1891 19 29 å

271 1937 94 32 F-ort
388 1948 39 20 av
452 1938 112 37 14,808
587 1937 133 32 kronor.
760 1937 377 43 Vattenfallsstyrelsen
1161 1939 60 30 har
1244 1939 11 30 i
1279 1938 61 32 sitt
1356 1939 224 31 omförmälda
1596 1940 176 31 utlåtande

271 1987 150 32 bestämt
443 1990 143 30 motsatt
610 1988 51 41 sig
677 1988 328 42 tantiemsystemets
1022 1989 216 31 avskaffande
1255 2000 78 20 men
1350 1991 114 30 ansett
1479 1989 53 42 sig
1549 1990 83 31 böra
1647 1990 126 31 föreslå

270 2038 93 32 vissa
394 2038 235 41 förändringar
651 2038 11 31 i
686 2050 45 19 nu
759 2038 157 41 gällande
946 2039 110 41 regler
1082 2039 52 32 för
1156 2039 387 42 tantiemberäkningen,
1567 2052 115 20 varom
1706 2042 66 40 sty-

270 2089 113 31 relsen
405 2089 11 31 i
440 2089 147 32 särskild
611 2089 163 32 skrivelse
798 2089 65 32 den
888 2090 18 31 6
930 2089 179 32 december
1134 2091 80 30 1930
1236 2090 158 42 framlagt
1416 2093 155 29 närmare
1589 2091 183 41 utredning

271 2140 64 31 och
359 2140 134 41 förslag.
534 2139 126 38 Skulle,
678 2142 72 29 mot
767 2140 187 41 styrelsens
970 2140 160 42 yrkande,
1148 2140 311 42 tantiemsystemet
1473 2141 104 32 likväl
1593 2141 177 38 avskaffas,

271 2190 61 31 har
366 2190 167 41 styrelsen
567 2192 113 30 ansett
706 2191 205 41 avlöningen
934 2191 52 31 för
1008 2191 425 32 kraftverksdirektörerna
1455 2191 85 32 böra
1564 2192 207 32 bestämmas

270 2240 54 32 till
357 2240 104 42 högre
495 2241 128 41 belopp
650 2243 42 29 än
720 2241 107 41 enligt
854 2241 301 32 lönekommittéus
1177 2242 129 41 förslag
1330 2242 109 32 skulle
1462 2242 92 32 bliva
1577 2243 107 38 fallet;
1719 2243 53 31 för

271 2291 194 33 direktören
489 2291 57 32 vid
574 2292 42 31 de
639 2291 225 32 norrländska
886 2292 214 32 kraftverken
1123 2293 143 31 föreslår
1289 2293 169 41 styrelsen
1482 2304 42 21 en
1548 2294 160 41 avlöning
1731 2305 39 20 av

272 2343 113 37 19,000
407 2343 134 31 kronor.

324 2392 18 31 I
365 2393 52 31 sin
441 2404 46 20 nu
504 2393 219 32 förevarande
739 2393 253 42 framställning
1007 2394 104 41 begär
1127 2394 179 42 styrelsen,
1325 2396 112 30 såsom
1454 2394 93 32 förut
1563 2397 139 39 antytts,
1720 2397 51 29 att

269 2442 230 33 innehavaren
533 2455 40 20 av
595 2444 254 41 ifrågavarande
883 2444 192 42 befattning
1107 2446 113 37 måtte,
1244 2445 12 30 i
1280 2445 164 31 avvaktan
1471 2447 44 39 på
1538 2445 169 42 prövning
1730 2456 40 20 av

269 2493 116 43 frågan
410 2505 55 22 om
488 2494 66 33 den
578 2494 159 34 blivande
760 2494 297 44 löneställningen,
1076 2495 221 33 tillerkännas
1314 2496 49 32 ett
1379 2495 165 43 tillfälligt
1559 2496 209 43 lönetillägg.
