2152 2583
1764 199 30 8 Ha

664 202 105 34 Stats-
779 203 176 32 Utskottets
983 200 174 33 Utlåtande
1180 202 62 31 N:o
1265 203 49 29 14.
1761 208 37 18 51

219 296 74 35 dels
334 305 42 23 en
417 293 137 41 läsesal,
597 291 147 36 hvartill
786 290 66 34 den
886 288 151 44 rymliga
1065 288 65 35 och
1157 287 92 45 ljusa
1278 287 141 34 lokalen
1447 286 12 34 i
1486 284 230 45 byggnadens
1744 284 95 33 östra

217 345 122 46 gafvel
380 344 226 45 synnerligen
647 343 60 33 väl
749 342 134 42 lämpar
924 339 64 43 sig,
1031 339 74 35 dels
1132 338 167 44 slutligen
1328 348 43 24 en
1399 335 91 36 låne-
1520 336 64 34 och
1612 334 229 44 expeditions-

218 397 94 34 lokal
347 417 46 3 —
422 397 59 33 det
509 394 134 35 mindre
671 394 151 32 rummet
849 393 72 32 mot
948 400 84 24 norr
1058 410 49 3 —
1134 389 147 35 hvilken
1309 399 126 33 genom
1462 386 244 44 anbringande
1734 384 40 35 af
1799 395 41 23 en

216 449 82 33 dörr
340 450 109 32 sättes
489 446 12 34 i
541 443 258 43 sammanhang
839 442 77 34 med
951 442 196 41 tamburen,
1182 450 72 24 som
1282 438 55 35 för
1364 438 225 35 närvarande
1617 441 41 31 är
1685 433 155 37 derifrån

216 499 92 34 skild
336 508 124 34 genom
489 506 42 24 en
560 494 238 43 cloisonvägg.

356 566 34 45 3)
432 564 19 34 I
492 562 197 36 vestibulen
730 561 139 33 inredes
910 561 158 33 närmast
1100 558 159 34 fönstren
1292 559 131 33 tvenne
1450 556 136 34 mindre
1614 554 226 35 arbetsceller

215 618 54 33 för
311 617 41 33 de
386 615 225 45 tjenstemän,
641 612 123 35 hvilka
793 615 61 30 äro
883 611 207 43 sysselsatta
1117 609 78 33 med
1222 606 339 45 katalogskrifning,
1591 605 248 44 emottagande

216 668 65 34 och
296 666 222 45 granskning
545 664 40 34 af
608 674 49 32 ny
685 662 256 35 ankommande
969 661 182 34 litteratur
1178 670 44 23 m.
1252 669 44 23 m.
1327 669 72 23 som
1428 657 55 34 till
1509 657 226 34 bibliotekets
1762 655 77 34 inre

214 717 219 43 förvaltning
459 717 114 33 hörer.
629 713 73 34 För
729 713 177 34 vinnande
935 711 39 35 af
999 711 105 44 nödig
1130 709 188 44 belysning
1345 709 12 33 i
1385 709 66 33 den
1479 708 56 34 del
1563 707 36 35 at
1626 706 209 39 vestibulen,

213 779 73 24 som
326 771 41 31 är
393 768 149 42 belägen
570 767 158 32 närmast
755 761 190 46 ingången,
974 762 109 34 förses
1110 765 185 39 väggarne
1323 760 55 34 till
1406 760 101 33 dessa
1535 759 198 33 arbetsrum
1760 757 79 33 med

213 820 136 33 fönster
389 818 39 34 af
465 815 224 44 mattslipadt
729 815 87 43 glas.
882 812 75 35 Vid
998 823 65 23 ena
1099 811 101 35 sidan
1233 810 39 34 af
1298 811 115 33 denna
1440 809 161 43 förstuga
1630 808 85 34 eller
1741 810 97 41 yttre

213 871 141 33 tambur
381 868 193 43 anbringas
602 868 52 32 ett
682 865 217 34 toiletterum
927 863 54 34 för
999 862 218 35 besökandes
1237 861 64 34 och
1316 860 231 45 tjenstemäns
1563 858 271 45 beqvämlighet.

354 918 95 35 Hela
477 919 99 32 detta
603 926 78 24 rum
709 914 110 35 förses
846 915 79 33 med
952 913 171 44 brädgolf.

358 984 34 48 4)
421 985 19 34 I
468 983 362 45 expeditionslokalen
858 982 65 34 och
951 981 59 34 det
1036 982 159 33 närmast
1223 979 284 45 tjensterummet
1534 978 151 43 belägna
1711 978 126 33 hörnet

213 1038 39 33 af
278 1036 280 35 Carolina-salen
586 1034 193 43 anbringas
807 1032 255 43 spiraltrappor
1090 1031 39 34 af
1142 1031 82 44 jern
1243 1030 56 34 till
1318 1029 226 35 bibliotekets
1560 1027 74 35 öfre
1649 1026 184 45 våningar.

212 1088 81 34 Den
334 1087 12 34 i
385 1089 120 32 tornet
544 1085 195 43 befintliga,
781 1083 11 33 i
825 1083 70 43 hög
922 1083 89 43 grad
1037 1081 238 44 vanprydliga
1303 1080 65 34 och
1396 1079 188 44 eldfarliga
1611 1081 223 40 trätrappan,

212 1139 145 34 hvilken
398 1137 78 34 icke
509 1135 123 36 vidare
665 1135 158 33 kommer
850 1135 55 32 att
933 1132 39 35 af
996 1132 238 34 allmänheten
1260 1132 183 43 begagnas
1471 1130 64 34 och
1563 1140 73 23 som
1664 1129 106 35 äfven
1799 1129 39 33 af

216 1189 282 44 tjenstemännen
527 1186 126 34 endast
680 1183 259 44 undantagsvis
966 1182 99 35 torde
1092 1183 141 33 komma
1261 1183 55 32 att
1344 1181 194 41 användas,
1568 1179 179 44 afstänges
1775 1179 59 35 vid

213 1237 178 47 ingången
419 1238 55 34 till
502 1236 210 35 vestibulen.
769 1234 56 34 En
853 1235 82 33 dörr
963 1233 191 44 anbringas
1182 1230 21 37 å
1231 1232 98 34 detta
1358 1231 167 43 stängsel.

353 1304 32 48 5)
415 1304 72 35 Lös
514 1303 200 43 inredning,
744 1299 189 37 bestående
961 1300 40 34 af
1024 1300 198 43 bokhyllor,
1252 1300 133 33 arbets-
1414 1298 64 34 och
1507 1297 189 43 skrifbord,
1726 1297 109 34 stolar

212 1358 66 34 och
306 1354 38 36 så
370 1356 123 35 vidare
522 1354 56 35 för
604 1354 139 42 läsesal,
775 1351 314 44 expeditionslokal
1117 1351 64 33 och
1208 1349 302 45 tjenstemännens
1538 1349 209 41 arbetsrum,
1777 1358 56 24 an-

213 1407 134 35 skaffas
374 1406 12 34 i
412 1403 82 37 mån
523 1405 40 34 af
587 1404 116 35 behof.
760 1402 136 36 Genom
923 1401 226 44 förflyttning
1176 1401 39 34 af
1238 1398 105 44 låne-,
1374 1399 229 44 expeditions-
1624 1399 64 34 och
1703 1399 130 33 arbets-

213 1468 78 24 rum
331 1457 54 34 till
424 1456 232 44 byggnadens
699 1451 255 45 bottenvåning
985 1452 68 34 blir
1081 1452 58 34 det
1167 1451 208 35 nuvarande
1405 1450 89 34 enda
1523 1450 272 33 arbetsrummet
1821 1449 11 33 i

211 1510 78 33 dess
330 1507 157 35 öfversta
527 1503 135 46 våning
700 1505 113 43 ledigt
853 1506 54 32 att
947 1503 182 34 användas
1162 1502 56 34 till
1248 1502 135 42 boksal,
1412 1501 126 34 liksom
1567 1500 105 35 äfven
1700 1500 67 33 den
1795 1497 38 36 så

209 1559 141 34 kallade
389 1556 257 35 Kanslersalen
678 1555 11 34 i
716 1552 309 45 mellanvåningen
1051 1563 125 33 genom
1203 1551 256 44 bortflyttande
1488 1551 39 34 af
1554 1551 41 33 de
1623 1551 62 33 der
1710 1550 121 34 befint-

209 1610 73 43 liga
322 1610 200 42 porträtten
567 1606 165 44 erbjuder
773 1608 52 31 ett
864 1603 78 36 icke
975 1603 196 44 obetydligt
1203 1604 176 42 utrymme
1407 1602 55 33 för
1489 1602 149 34 böckers
1664 1601 166 43 uppställ-

209 1660 96 43 ning.
372 1658 130 44 Hyllor
544 1658 83 33 böra
668 1656 119 34 derför
826 1655 12 34 i
881 1655 100 34 dessa
1008 1651 91 37 båda
1126 1664 78 24 rum
1232 1653 194 43 anbringas
1452 1649 103 47 långs
1582 1649 38 36 åt
1647 1655 183 40 väggarne

209 1712 91 33 samt
339 1709 12 34 i
391 1710 102 33 deras
526 1707 87 34 midt
642 1704 88 49 (inåt
757 1703 80 37 från
864 1702 300 48 fönsterväggen).
1219 1703 73 34 För
1320 1706 55 31 att
1401 1703 217 34 förekomma
1646 1702 182 43 olägenhe-

210 1763 102 32 terna
339 1759 40 34 af
403 1760 67 33 den
498 1758 113 35 ökade
638 1757 248 44 belastningen
914 1755 39 35 af
977 1756 100 33 dessa
1105 1752 89 37 båda
1223 1754 100 35 öfver
1350 1754 206 34 hvarandra
1575 1753 150 43 belägna
1739 1762 89 33 rum,

209 1811 191 43 anbringas
438 1809 214 45 jernpelare,
693 1807 124 36 hvilka
857 1807 162 34 inklädas
1058 1806 12 33 i
1103 1804 163 44 hyllorna
1294 1802 38 37 så
1359 1804 61 35 väl
1446 1804 13 34 i
1486 1804 100 34 dessa
1614 1813 77 24 rum
1719 1813 72 24 som
1818 1803 11 33 i

210 1862 67 34 den
309 1860 171 35 nedanför
507 1860 152 43 belägna
686 1858 210 43 vestibulen,
927 1859 90 32 samt
1045 1867 41 23 en
1114 1856 126 34 murad
1266 1856 120 43 pelare
1414 1855 12 34 i
1452 1855 162 34 källaren
1643 1853 183 35 derunder.

348 1910 57 35 En
444 1910 200 43 beräkning
685 1910 39 33 af
760 1908 197 35 kostnaden
996 1907 55 34 för
1084 1907 114 34 denna
1226 1916 71 34 nya
1325 1905 188 44 inredning
1541 1905 40 34 af
1603 1904 225 35 bibliotekets

210 1963 146 41 lokaler,
398 1961 104 35 hvari
542 1960 109 35 äfven
677 1956 104 47 ingår
808 1959 79 34 hela
914 1958 229 44 byggnadens
1171 1957 183 34 förseende
1382 1956 78 34 med
1488 1955 264 35 dubbelfönster
1781 1975 45 2 —

208 2011 109 46 något
357 2022 72 23 som
469 2015 40 30 är
553 2008 39 37 så
633 2011 142 42 mycket
814 2009 274 43 nödvändigare,
1123 2018 72 24 som
1224 2008 42 34 de
1294 2017 48 24 nu
1368 2007 184 43 befintliga
1580 2006 157 34 fönstren
1765 2008 62 31 äro

208 2065 131 43 ytterst
366 2064 98 32 otäta
494 2062 64 41 och
584 2060 216 44 bristfälliga
829 2080 47 3 —
904 2062 89 32 samt
1021 2058 218 44 uppförande
1268 2058 40 35 af
1331 2058 117 43 hyllor
1474 2058 12 33 i
1513 2057 165 34 nedersta
1706 2053 120 37 vånin-

209 2126 68 33 gen
311 2113 39 36 af
378 2113 58 34 det
463 2112 119 44 gamla
609 2111 346 42 universitetshuset,
983 2110 66 34 har
1076 2106 46 46 på
1148 2109 72 34 min
1248 2110 158 43 begäran
1433 2108 120 35 blifvit
1580 2106 183 36 verkstäld
1791 2106 39 34 af

208 2163 435 46 byggnadskonduktören
677 2161 188 36 Svensson.
920 2160 113 35 Detta
1060 2160 316 43 kostnadsförslag,
1405 2159 139 34 hvilket
1570 2157 145 35 härmed
1742 2156 84 35 bifo-

208 2226 75 34 gas,
312 2211 137 48 uppgår
475 2213 55 35 till
558 2223 43 24 en
629 2222 134 25 summa
791 2212 39 34 af
855 2212 143 43 14,588
1025 2211 123 34 kronor
1176 2212 51 33 10
1256 2215 66 30 öre.
