2159 2560
363 209 38 28 72
815 201 103 33 Stats-
928 201 176 32 Utskottets
1133 200 175 33 Utlåtande
1330 199 63 32 N:o
1416 200 50 30 14.

321 293 239 35 statsverkets
587 290 155 44 räkning
769 289 55 34 för
841 288 225 36 närvarande
1086 286 279 36 utarrenderade
1384 284 328 44 kronolägenheten
1731 282 215 36 Tomteboda

322 346 11 33 i
362 344 108 35 Solna
498 343 129 34 socken
657 341 38 35 af
721 340 223 36 Stockholms
971 340 70 33 län.

459 393 232 35 Beträffande
732 392 114 34 denna
886 390 170 44 lägenhet
1096 389 65 34 har
1202 387 221 36 Arkitekten
1463 386 167 41 Erikson,
1660 384 112 44 enligt
1800 381 147 37 erhållet

323 445 174 44 uppdrag,
528 443 145 45 afgifvit
699 443 180 44 yttrande,
910 441 75 34 deri
1014 440 146 43 anförts,
1190 440 165 33 hurusom
1383 438 151 44 platsen,
1565 446 71 24 som
1660 434 143 45 erbjöde
1823 432 126 45 många

323 496 168 42 fördelar,
533 495 61 34 väl
632 494 162 43 lämpade
836 493 53 43 sig
931 492 54 33 för
1025 490 182 35 behofvet:
1251 490 66 33 den
1350 499 84 25 vore
1462 489 87 42 högt
1577 487 64 34 och
1670 485 105 34 sundt
1802 485 149 42 belägen

323 547 79 34 med
442 545 92 44 goda
574 545 183 43 lutningar
797 544 55 33 för
891 543 197 43 dagvatten
1123 561 46 3 —
1204 540 177 44 omgifven
1423 539 38 33 af
1499 539 88 42 skog
1615 557 48 3 —
1691 535 198 44 begränsad
1916 534 40 34 af

324 598 176 42 landsväg
542 617 46 2 —
630 599 87 30 nära
758 594 93 34 intill
892 592 272 43 församlingens
1200 591 116 43 kyrka
1358 589 181 35 äfvensom
1566 588 56 34 till
1647 585 304 46 jernvägsstation

327 651 91 31 samt
458 647 151 34 vackert
639 646 162 43 belägen,
830 645 78 33 med
935 644 143 42 mycket
1106 642 67 43 god
1202 639 302 46 byggnadsgrund
1533 639 64 34 och
1624 638 78 33 med
1731 636 140 35 tillfälle
1898 636 55 34 till

327 698 221 44 anläggning
588 697 39 34 af
651 696 136 35 badhus
815 695 58 35 vid
903 693 276 43 Ulfsundasjön,;
1209 692 55 34 för
1290 690 235 36 vattenbehof
1550 689 161 34 inomhus
1739 687 117 34 kunde
1883 686 67 34 för-

326 750 156 34 bindelse
523 748 79 34 med
644 746 222 36 Stockholms
897 744 98 35 stads
1022 743 270 43 vattenledning
1321 742 190 42 anordnas;
1543 737 178 37 afståndet
1751 735 78 37 från
1859 736 94 35 Stor-

327 803 119 41 torget
472 809 86 24 vore
586 798 163 43 omkring
776 798 111 42 4,200
916 798 123 32 meter.

464 849 80 35 Mot
584 849 197 34 institutets
819 846 233 44 förläggande
1079 844 60 35 vid
1168 843 215 34 Tomteboda
1411 842 66 33 har
1504 841 234 42 direktionen,
1768 839 110 43 enligt
1904 838 49 33 in-

328 902 162 33 kommen
517 896 222 46 underdånig
766 897 188 35 skrifvelse
982 896 12 34 i
1022 897 129 40 ämnet,
1180 895 78 33 icke
1285 893 79 34 haft
1383 890 108 46 något
1511 894 54 31 att
1584 891 130 42 erinra,
1730 892 88 31 utan
1838 891 116 32 ansett

328 953 140 43 platsen
495 961 89 24 vara
612 950 55 34 för
688 946 202 37 ändamålet
917 948 82 33 fullt
1025 946 155 43 lämplig.

466 1001 138 34 Vidare
631 1001 65 33 har
722 1000 12 33 i
763 999 164 34 afseende
955 995 21 36 å
1002 996 212 44 lägenheten
1244 994 226 42 "Tomteboda,
1498 994 110 34 hvars
1637 993 98 33 areal
1762 994 105 41 utgör
1885 991 67 33 167

330 1053 131 44 qv.-ref
487 1054 96 41 82,50
611 1053 229 41 qv.-stänger,
870 1047 329 43 Domänstyrelsen,
1228 1046 11 33 i
1267 1042 127 45 frågan
1421 1044 99 43 hörd,
1550 1044 189 33 meddelat:
1768 1044 51 32 att
1839 1042 116 43 lägen-

330 1106 107 32 heten
473 1113 125 34 genom
626 1101 173 34 kontrakt
828 1101 65 33 den
924 1102 18 32 7
972 1098 102 34 Mars
1105 1099 94 32 1853
1230 1095 40 35 af
1293 1094 366 44 Kammarkollegium
1687 1092 269 35 utarrenderats

331 1153 45 45 på
404 1154 122 34 trettio
556 1150 57 36 års
640 1152 52 34 tid
719 1152 54 34 till
802 1151 66 34 den
901 1152 44 32 14
973 1148 101 35 Mars
1106 1149 96 32 1884
1230 1149 71 31 mot
1330 1149 51 30 ett
1409 1143 107 45 årligt
1536 1145 150 34 arrende
1708 1143 39 34 af
1768 1144 43 33 18
1828 1145 129 31 tunnor

332 1202 171 47 spanmål,
532 1203 198 43 utgörande
758 1201 55 34 för
841 1199 40 37 år
913 1202 95 32 1882
1038 1201 51 32 ett
1117 1199 124 41 belopp
1270 1196 39 34 af
1335 1198 71 33 225
1435 1197 131 33 kronor
1595 1197 45 32 67
1664 1198 59 30 öre
1743 1196 90 31 samt
1847 1193 111 33 under

332 1256 118 35 vilkor
489 1254 108 34 bland
639 1253 110 34 andra
792 1255 65 40 att,
900 1249 38 36 så
971 1250 84 35 vida
1084 1249 210 33 arrendator
1322 1246 162 44 fullgjort
1512 1244 353 36 kontraktsvilkoren
1894 1243 63 34 och

332 1306 60 34 vid
435 1304 267 35 arrendetidens
743 1304 71 32 slut
853 1302 172 34 befunnes
1065 1299 110 35 hafva
1211 1299 60 33 väl
1297 1298 133 33 brukat
1456 1296 225 44 lägenheten,
1712 1294 165 35 arrendet
1904 1294 54 33 till

333 1358 203 32 densamma
577 1355 61 34 vid
678 1354 150 43 förnyad
869 1351 275 42 utarrendering
1171 1349 112 34 skulle
1311 1348 89 33 först
1427 1346 208 44 hembjudas
1662 1346 125 33 honom
1815 1347 72 31 mot
1915 1341 43 36 då

332 1407 182 34 blifvande
555 1405 433 34 maximiarrendesumma
1026 1401 110 44 jemte
1177 1399 114 43 öfriga
1323 1397 269 35 arrendevilkor
1620 1397 111 43 enligt
1758 1394 200 35 författnin-

333 1468 124 33 garna,
499 1457 113 34 likväl
653 1455 76 34 med
770 1455 60 33 det
869 1452 221 44 uttryckliga
1131 1447 173 37 förbehåll
1345 1451 64 41 att,
1452 1449 117 33 derest
1596 1447 131 43 Kongl.
1758 1445 108 44 Maj:t
1894 1445 64 34 och

335 1509 138 33 kronan
514 1507 114 34 skulle
670 1516 82 23 anse
781 1504 123 44 nödigt
933 1506 55 31 att
1016 1503 90 33 efter
1135 1499 264 36 arrendetidens
1426 1496 138 47 utgång
1592 1509 54 22 om
1672 1497 213 44 lägenheten
1914 1493 44 45 på

336 1561 112 32 annat
489 1560 73 31 sätt
603 1557 196 42 disponera,
842 1553 38 36 så
914 1557 54 31 att
996 1554 66 33 den
1091 1551 30 44 ej
1151 1551 124 35 vidare
1301 1551 140 33 komme
1467 1552 54 31 att
1548 1548 264 42 utarrenderas,
1842 1556 116 24 arren-

336 1610 103 33 dator
480 1605 44 36 då
568 1608 79 33 icke
688 1607 86 43 egde
817 1608 54 32 att
910 1605 56 34 för
1007 1603 66 34 den
1105 1603 125 33 honom
1260 1601 102 44 eljest
1388 1599 266 35 tillkommande
1683 1598 213 43 optionsrätt
1924 1596 39 34 af

335 1661 138 33 kronan
514 1658 121 34 fordra
678 1658 84 33 eller
804 1654 134 36 erhålla
979 1652 116 46 någon
1124 1652 213 43 ersättning;
1367 1654 91 31 samt
1485 1650 135 43 vidare,
1650 1652 54 31 att
1731 1648 229 43 lägenhetens

337 1706 210 48 egoområde
587 1708 184 44 utgjordes
813 1707 49 34 af:
906 1708 130 32 tomter
1076 1704 65 34 och
1168 1699 214 47 trädgårdar
1411 1703 19 33 2
1460 1701 175 34 tunnland
1664 1701 78 41 29,8
1769 1698 189 44 kappland,

338 1759 88 35 åker
467 1759 65 34 och
574 1759 204 43 ängslindor
822 1759 16 32 1
883 1756 175 35 tunnland
1094 1756 74 41 19,9
1196 1752 179 44 kappland
1404 1755 90 31 samt
1520 1752 111 33 betes-
1660 1750 64 34 och
1752 1749 209 43 skogsmark

339 1813 43 33 21
414 1810 175 35 tunnland
621 1811 75 41 18,4
722 1808 193 44 kappland,
944 1807 148 41 tillhopa
1123 1806 44 33 26
1197 1803 173 35 tunnland
1398 1804 51 41 4,1
1477 1801 190 44 kappland.

473 1859 328 43 Domänstyrelsen,
832 1869 71 23 som
933 1859 117 32 ansett
1077 1857 55 32 att
1158 1851 117 46 någon
1302 1853 197 34 nämnvärd
1527 1852 111 34 skada
1659 1851 56 33 för
1731 1849 230 44 lägenhetens

335 1911 186 45 jordbruk,
551 1911 11 33 i
591 1910 173 34 anseende
792 1909 56 34 till
875 1910 78 33 dess
980 1908 103 42 ringa
1098 1901 257 48 inegoområde,
1386 1904 78 33 icke
1478 1903 119 34 kunde
1612 1902 212 43 uppkomma
1839 1909 121 34 genom

338 1963 78 33 dess
456 1958 216 46 upplåtande
712 1960 113 34 under
858 1959 150 34 arrende
1036 1955 45 46 på
1107 1957 146 33 kortare
1280 1955 62 42 tid,
1372 1956 91 32 samt
1491 1956 55 31 att
1573 1953 55 34 till
1653 1951 88 44 följd
1768 1949 106 36 häraf
1899 1949 63 34 och

340 2010 44 37 då
426 2012 254 34 arrendatorns
718 2010 282 42 hufvudsakliga
1040 2008 154 33 inkomst
1233 2006 78 33 icke
1351 2005 111 34 heller
1491 2001 160 37 erhållits
1679 2002 40 34 af
1740 2000 221 46 jordbruket,

338 2067 89 31 utan
469 2062 39 34 af
545 2063 110 43 hyror
694 2061 113 34 under
847 2056 370 38 sommarmånaderna
1248 2055 56 34 för
1343 2055 72 35 dels
1447 2055 157 34 kronans
1632 2053 64 34 och
1725 2053 72 33 dels
1826 2060 88 34 egna
1943 2047 20 36 å

338 2114 215 43 lägenheten
592 2112 174 44 uppförda
807 2112 76 40 hus,
912 2108 117 46 någon
1057 2107 166 35 afsevärd
1249 2106 202 43 minskning
1478 2115 87 25 vare
1593 2104 54 44 sig
1674 2104 11 33 i
1714 2101 249 36 arrendatorns

340 2165 194 33 inkomster
575 2164 86 33 eller
700 2163 11 33 i
751 2163 157 33 kronans
942 2160 149 35 arrende
1123 2158 78 34 icke
1233 2167 85 25 vore
1351 2160 54 31 att
1432 2156 123 35 befara
1583 2164 126 34 genom
1735 2151 229 44 lägenhetens

340 2215 276 43 utarrendering
656 2211 44 45 på
740 2213 99 43 dylik
879 2213 64 42 tid,
977 2212 67 33 har
1077 2208 177 43 slutligen,
1282 2208 76 34 med
1388 2206 190 43 anledning
1606 2204 39 35 af
1670 2204 67 33 den
1764 2202 199 43 uppkomna

341 2262 129 46 frågan
512 2276 53 23 om
605 2264 232 44 lägenhetens
876 2260 216 47 upplåtande
1122 2259 55 35 till
1203 2257 300 43 Blindinstitutet,
1532 2255 145 44 afgifvit
1704 2252 167 45 yttrande
1899 2252 64 34 och
