1898 2842
234 177 118 32 Andra
374 178 206 32 kammarens
600 177 112 40 femte
735 177 172 39 tillfälliga
927 178 145 31 utskotts
1092 178 173 32 utlåtande
1287 178 50 31 Nr
1358 180 29 29 1.
1538 178 18 30 1

748 504 63 40 Nr
835 504 42 40 I.

387 598 132 32 Ankom
537 598 53 31 till
609 598 192 38 riksdagens
820 598 107 32 kansli
946 599 66 31 den
1033 600 38 30 19
1093 599 148 31 februari
1264 599 80 30 1932
1363 599 42 31 kl.
1428 599 20 30 4
1468 609 25 21 e.
1515 608 41 21 m.

229 705 118 32 Andra
362 706 205 31 kammarens
581 706 17 38 f
618 715 8 21 e
638 708 58 29 mt
709 715 15 21 e
742 706 170 39 tillfälliga
926 707 138 37 utskott,
1080 717 42 19 nr
1137 706 57 38 1,i
1210 706 179 38 anledning
1405 716 40 21 av
1462 706 96 31 väckt

388 760 133 36 motion,
542 769 42 20 nr
603 762 71 34 101,
696 760 168 37 angående
886 760 157 37 åtgärder
1063 760 55 38 för
1140 760 122 37 ökning
1282 770 40 21 av
1345 759 213 39 exportindu-

388 812 119 31 striens
526 812 418 38 avsättningsmöjligheter
962 813 59 31 och
1041 812 297 39 konkurrenskraft
1357 823 40 20 m.
1418 823 41 21 m.

153 919 16 29 I
192 928 42 21 en
255 918 90 31 inom
369 919 106 31 andra
496 919 190 31 kammaren
708 920 106 36 väckt,
840 919 53 31 till
916 920 72 30 dess
1012 919 102 32 femte
1136 920 172 38 tillfälliga
1328 920 129 31 utskott
1480 920 79 30 hän-

68 971 95 31 visad
189 973 132 35 motion,
348 982 42 20 nr
417 973 69 37 101,
514 973 61 30 har
600 973 78 30 herr
702 972 112 31 Ström
840 983 41 20 m.
908 973 38 30 fl.
974 973 175 37 hemställt,
1178 978 49 27 att
1255 973 175 38 riksdagen
1457 974 103 30 måtte

69 1025 128 31 besluta
221 1029 49 27 att
292 1026 11 29 i
324 1025 157 31 skrivelse
503 1025 52 31 till
578 1025 123 39 Kungl.
726 1026 104 37 Maj:t
852 1026 132 31 anhålla
1007 1037 55 20 om
1084 1026 181 38 utredning
1288 1026 178 38 angående,
1489 1026 70 31 dels

71 1078 88 31 vilka
183 1078 156 38 åtgärder
360 1088 69 21 som
450 1078 115 31 kunna
586 1078 153 38 vidtagas
763 1078 53 31 för
840 1082 50 28 att
911 1079 64 30 öka
996 1079 323 38 exportindustriens
1343 1079 218 38 avsättnings-

69 1133 209 38 möjligheter
305 1133 59 30 och
388 1133 300 30 konkurrenskraft
714 1133 61 30 och
799 1133 194 38 därigenom
1018 1134 96 30 säkra
1141 1143 40 21 en
1208 1134 190 38 utveckling
1423 1144 43 20 av
1490 1134 69 30 lan-

70 1185 73 32 dets
166 1189 125 35 export,
316 1185 71 32 dels
411 1185 90 32 vilka
526 1186 156 37 åtgärder
704 1196 70 21 som
798 1186 79 31 böra
903 1186 154 38 vidtagas
1081 1187 54 30 för
1160 1190 49 27 att
1234 1187 120 31 bereda
1378 1187 94 38 hjälp
1500 1186 58 31 och

72 1238 167 31 lättnader
258 1239 34 30 åt
308 1238 323 39 exportindustriens
650 1239 150 31 arbetare
817 1243 86 27 samt
922 1238 106 32 andra
1046 1239 73 31 med
1135 1239 76 31 dem
1230 1239 10 30 i
1260 1239 121 31 arbets-
1398 1239 61 31 och
1477 1240 84 31 löne-

69 1292 234 32 förhållanden
323 1293 193 38 jämställda
536 1302 156 29 grupper,
715 1297 81 27 samt
820 1297 48 27 att
890 1294 56 30 för
967 1293 176 38 riksdagen
1163 1294 187 38 framlägga
1371 1294 42 31 de
1433 1294 126 37 förslag

69 1346 13 30 i
105 1346 145 37 ärendet,
273 1347 114 30 vartill
409 1346 223 38 utredningen
654 1347 65 30 kan
742 1346 182 32 föranleda.

153 1399 213 31 Beträffande
391 1399 239 38 motiveringen
656 1400 57 30 får
738 1400 161 31 utskottet
924 1400 140 31 hänvisa
1088 1401 53 30 till
1166 1401 174 31 motionen.

154 1450 85 33 Över
270 1453 166 29 motionen
468 1453 62 31 har
563 1453 161 31 utskottet
755 1453 108 30 under
895 1453 91 30 hand
1018 1453 163 31 inhämtat
1205 1453 86 31 vissa
1315 1454 244 38 upplysningar

69 1506 79 30 från
184 1505 408 38 handelsdepartementet,
630 1506 347 38 kommerskollegium,
1014 1506 269 38 socialstyrelsen,
1324 1506 151 38 Sveriges
1503 1507 56 30 all-

68 1559 122 31 männa
228 1559 273 38 exportförening
534 1559 61 30 och
621 1559 364 37 landsorganisationen
1012 1559 11 30 i
1053 1559 142 38 Sverige,
1224 1560 333 30 landssekretariatet.

151 1665 185 31 Motionens
363 1664 88 39 syfte
479 1666 40 30 är
545 1665 190 37 tvåfaldigt.
784 1665 75 30 Den
887 1675 94 20 avser
1008 1665 69 31 dels
1105 1665 141 39 höjning
1273 1676 42 20 av
1342 1666 214 38 exportindu-

66 1718 120 31 striens
212 1718 301 31 konkurrenskraft
538 1718 60 30 och
626 1718 426 38 avsättningsmöjligheter,
1081 1718 69 31 dels
1177 1718 207 31 förbättrade
1411 1718 146 32 levnads-

66 1771 120 31 villkor
208 1771 54 31 för
281 1771 324 39 exportindustriens
626 1772 150 31 arbetare
798 1772 59 30 och
875 1772 109 31 andra
1005 1772 73 31 med
1097 1772 95 31 dessa
1212 1773 199 37 jämställda.

151 1826 15 29 I
189 1825 232 31 förstnämnda
439 1826 184 31 hänseende
644 1826 102 31 måste
769 1825 260 32 motionärernas
1050 1827 164 31 önskemål
1235 1827 103 31 redan
1361 1837 92 21 anses
1475 1837 79 21 vara

65 1878 248 38 tillgodosedda.
338 1879 126 31 Genom
485 1879 108 31 beslut
614 1879 66 31 den
703 1879 40 29 22
765 1880 135 37 januari
925 1879 80 30 1932
1029 1880 62 30 har
1113 1880 165 37 nämligen
1302 1880 123 37 Kungl.
1450 1880 104 38 Maj:t

65 1931 213 38 bemyndigat
297 1931 117 31 chefen
433 1932 55 30 för
505 1931 399 38 handelsdepartementet
925 1935 50 27 att
994 1932 140 31 tillkalla
1152 1932 206 38 sakkunniga
1384 1933 96 37 (1932
1501 1934 54 30 års

64 1983 404 38 handelskommitterade)
491 1984 55 31 för
563 1988 50 27 att
631 1985 90 29 inom
737 1984 263 38 departementet
1019 1985 103 37 enligt
1140 1986 151 30 närmare
1310 1986 146 37 angivna
1474 1985 80 32 rikt-

64 2038 100 37 linjer
181 2037 68 31 dels
265 2037 133 31 biträda
412 2037 58 31 vid
485 2037 244 38 behandlingen
745 2048 41 20 av
802 2037 228 39 föreliggande
1047 2038 59 30 och
1123 2038 264 38 uppkommande
1404 2039 150 31 handels-

63 2090 157 39 politiska
237 2090 168 38 spörsmål,
428 2091 69 30 dels
516 2091 56 30 ock
591 2091 178 30 verkställa
789 2091 183 37 utredning
990 2091 59 30 och
1068 2091 116 37 avgiva
1206 2092 125 37 förslag
1352 2092 140 31 rörande
1513 2092 39 30 de

63 2143 164 38 åtgärder,
248 2154 69 19 som
337 2144 113 31 kunde
468 2144 156 31 befinnas
644 2144 173 37 påkallade
839 2144 60 30 och
921 2144 158 38 lämpliga
1101 2144 54 31 för
1175 2145 230 38 befrämjande
1428 2155 39 21 av
1488 2145 65 31 den

63 2197 138 30 svenska
220 2200 167 34 exporten.

152 2250 73 29 Den
244 2249 147 38 uppgift,
412 2249 40 31 de
472 2249 214 38 sakkunniga,
708 2249 88 31 vilka
815 2250 136 37 nyligen
967 2250 113 37 börjat
1100 2250 58 31 sitt
1177 2251 119 37 arbete,
1319 2251 66 30 fått
1404 2251 50 37 sig
1473 2251 85 31 före-

69 2302 85 38 lagd,
178 2302 156 30 omsluter
352 2302 42 30 de
412 2302 170 37 spörsmål,
605 2312 69 20 som
694 2302 11 30 i
725 2302 183 30 motionens
929 2312 62 21 ena
1011 2303 53 30 del
1085 2303 158 30 vidröras.
1287 2304 73 30 Den
1383 2313 42 20 av
1446 2303 112 31 motio-

68 2356 143 30 närerna
230 2354 142 31 önskade
390 2354 223 38 utredningen
631 2354 93 31 torde
744 2354 118 31 därför
878 2355 115 30 kunna
1012 2355 173 30 förväntas
1203 2365 67 20 som
1288 2365 41 21 en
1350 2356 87 37 följd
1458 2367 41 19 av
1518 2356 39 30 de

67 2408 224 37 sakkunnigas
314 2407 119 30 arbete.
480 2406 66 31 Vid
570 2407 109 37 dylikt
703 2407 211 32 förhållande
937 2407 123 30 saknar
1082 2407 161 32 utskottet
1268 2408 180 38 anledning
1472 2413 52 27 att
1546 2409 11 29 i

67 2462 109 30 denna
195 2461 53 31 del
268 2460 135 31 förorda
423 2460 196 37 ytterligare
638 2459 163 37 åtgärder.

110 2513 131 38 Bihang
263 2513 51 31 till
335 2513 192 37 riksdagens
548 2513 164 38 protokoll
732 2515 90 28 1932.
866 2515 40 27 13
926 2513 91 30 saml.
1050 2515 20 27 53
1091 2513 72 31 avd.
1197 2516 16 27 1
1236 2513 83 38 häft.
1357 2514 67 37 (Nr
1445 2515 46 36 1.)

1596 919 150 26 Motionen.

1599 1669 154 25 Utskottet.
