2236 2598
703 166 343 32 Jordbruksutskottets
1070 166 163 32 utlåtande
1259 166 52 32 Nr
1333 167 52 31 42.
1789 165 19 31 5

251 244 202 36 handhava
494 245 219 37 kreaturens
756 245 154 48 skötsel,
952 250 64 32 äro
1054 245 83 36 fullt
1180 245 264 36 kvalificerade
1473 244 59 37 för
1564 244 103 36 detta
1700 244 67 36 sitt
1795 244 57 36 för

251 296 206 49 näringens
485 297 222 49 utveckling
734 296 150 49 viktiga
911 297 126 37 arbete
1066 310 113 37 synes
1208 302 96 31 även
1332 296 224 50 uppenbart.

381 348 72 37 Vid
495 349 62 37 det
589 349 235 36 förhållande
852 354 54 31 att
934 349 120 49 enligt
1081 349 73 36 vad
1183 362 80 23 som
1293 349 175 49 upplysts
1497 349 103 36 inom
1628 348 185 36 utskottet
1839 348 13 35 i

250 399 189 37 Norrland
467 401 12 36 i
507 402 104 48 regel
650 401 82 37 icke
766 401 234 37 förekomma
1028 401 168 49 manliga
1224 400 325 37 kreatursskötare
1578 400 107 36 torde
1713 399 64 37 det
1804 413 47 22 av

250 452 279 37 motionärerna
558 453 233 36 framställda
824 453 183 49 förslaget
1030 466 59 23 om
1117 453 152 36 kursers
1291 452 242 37 anordnande
1554 452 59 36 för
1632 451 219 37 utbildande

250 517 47 22 av
338 504 197 49 kvinnliga
569 505 141 36 sådana
739 518 90 22 vara
858 518 76 35 nog
963 508 39 33 så
1030 506 61 35 väl
1120 504 212 37 motiverat.
1387 504 196 37 Utskottet
1610 504 101 35 inser
1739 503 112 36 också

250 555 162 38 behovet
452 570 47 22 av
542 563 53 30 att
637 557 178 48 åtgärder
852 557 175 48 vidtagas
1059 557 59 36 för
1145 556 177 37 lösandet
1350 570 47 22 av
1426 556 123 36 denna
1578 555 56 37 för
1661 555 190 36 Norrland

250 608 71 36 och
349 608 166 37 Dalarna
542 614 105 31 utom
677 608 66 36 allt
770 608 118 37 tvivel
916 609 151 49 mycket
1093 608 150 48 viktiga
1272 608 119 48 fråga.

379 660 59 36 Av
464 661 73 36 vad
567 661 281 36 motionärerna
875 659 16 37 i
915 665 126 32 ämnet
1065 661 127 36 anfört
1210 660 108 36 torde
1337 660 160 48 framgå,
1519 664 54 32 att
1598 659 108 37 dessa
1725 661 127 46 utgått

250 711 81 36 från
373 718 54 30 att
468 713 46 36 de
556 713 156 36 sålunda
753 712 224 49 ifrågasatta
1009 712 425 48 utbildningskurserna
1462 711 122 36 skulle
1613 711 238 48 organiseras

250 763 203 37 fristående
480 765 13 35 i
517 765 377 36 överensstämmelse
914 764 82 37 med
1020 765 45 36 de
1085 764 141 40 kurser,
1248 777 80 23 som
1350 763 120 48 enligt
1489 763 73 36 vad
1582 776 98 23 ovan
1700 766 152 32 nämnts

250 815 58 36 för
336 816 234 36 närvarande
599 815 188 37 anordnas
816 816 59 36 för
902 816 218 36 utbildande
1150 829 45 22 av
1223 815 368 49 ladugårdsförmän.

380 867 195 37 Huruvida
604 867 207 37 emellertid
840 868 63 36 det
931 868 169 48 åsyftade
1128 868 124 46 målet,
1278 880 81 23 som
1380 867 165 36 förutom
1564 865 222 37 utbildande
1806 878 46 23 av

250 918 185 50 skickliga
471 919 429 49 ladugårdssköterskor
928 924 96 32 även
1052 924 40 32 är
1120 924 55 31 att
1203 919 70 36 hos
1303 919 213 36 kvinnorna
1543 918 121 36 väcka
1693 918 160 35 intresse

250 970 59 36 för
351 971 122 36 denna
501 971 287 49 betydelsefulla
820 971 357 48 verksamhetsgren
1205 971 104 36 inom
1337 970 388 48 lanthushållningen,
1755 968 98 36 häri-

250 1035 139 35 genom
419 1023 121 36 skulle
568 1026 121 44 ernås,
719 1024 107 35 torde
854 1024 129 35 kunna
1010 1023 254 49 ifrågasättas.
1292 1044 50 4 —
1367 1021 258 37 Anordnande
1646 1034 45 23 av
1711 1019 141 50 grund-

249 1074 119 48 ligare
410 1075 141 36 sådana
591 1075 131 36 kurser
758 1075 12 36 i
804 1075 184 37 samband
1024 1075 83 36 med
1137 1074 325 48 undervisningen
1491 1074 63 35 vid
1582 1072 269 37 lanthushålls-

250 1126 176 36 skolorna
467 1140 115 35 synes
624 1126 187 37 utskottet
846 1127 170 36 däremot
1043 1140 91 23 vara
1162 1140 46 23 en
1237 1131 86 43 väg,
1353 1129 47 46 på
1429 1126 127 35 vilken
1583 1138 88 23 man
1700 1125 152 35 säkrare

251 1178 106 35 torde
386 1178 129 36 kunna
542 1178 117 36 vinna
687 1179 71 35 vad
787 1192 88 22 man
903 1178 54 36 uti
985 1178 291 48 ifrågavarande
1306 1177 184 36 avseende
1520 1177 147 36 önskar.

378 1229 220 37 Emellertid
627 1243 109 23 anser
763 1230 186 36 utskottet
976 1230 12 35 i
1016 1230 118 35 likhet
1163 1229 83 36 med
1276 1229 290 46 motionärerna,
1597 1233 54 31 att
1679 1241 51 22 nu
1755 1227 97 36 före-

249 1280 182 48 liggande
472 1282 184 47 spörsmål
685 1288 128 29 tarvar
847 1282 213 47 utredning,
1091 1281 70 36 och
1190 1281 167 36 biträder
1383 1280 185 36 utskottet
1597 1279 126 36 därför
1750 1279 62 36 det
1840 1279 10 35 i

251 1332 190 36 motionen
469 1333 237 36 framställda
729 1333 183 48 förslaget
940 1334 139 35 härom.

379 1384 131 37 Under
538 1385 239 48 åberopande
806 1398 46 23 av
882 1385 62 36 det
971 1385 157 35 anförda
1156 1384 216 36 hemställer
1399 1383 184 37 utskottet
1612 1384 118 46 alltså,

782 1492 56 32 att
864 1488 205 48 riksdagen
1097 1488 11 36 i
1137 1487 208 48 anledning
1373 1501 47 22 av
1440 1487 248 36 förevarande
1708 1487 144 36 motion

651 1542 60 33 må
742 1540 12 35 1
788 1540 182 36 skrivelse
1012 1540 56 35 till
1109 1539 142 49 Kungl.
1295 1539 108 48 Maj:t
1435 1539 160 47 anhålla,
1624 1544 56 31 att
1709 1539 141 48 Kungl.

650 1591 108 47 Maj:t
778 1591 88 36 ville
885 1591 142 47 utreda,
1049 1591 186 36 huruvida
1254 1591 70 36 och
1344 1593 48 47 på
1411 1591 72 36 vad
1505 1595 74 32 sätt
1597 1591 255 48 utbildnings-

651 1643 133 35 kurser
812 1643 91 36 böra
931 1642 187 36 anordnas
1147 1642 59 36 för
1233 1643 201 47 kvinnliga
1461 1642 390 48 ladugårdsskötare
1829 1638 26 57 i

650 1694 189 35 Norrland
882 1694 68 35 och
994 1693 164 36 Dalarna
1191 1700 96 29 samt
1316 1694 58 35 för
1400 1693 207 48 riksdagen
1637 1693 215 48 framlägga

651 1745 60 35 det
746 1745 154 48 förslag,
930 1745 125 36 vartill
1084 1758 45 22 en
1159 1746 115 35 sådan
1305 1745 207 47 utredning
1540 1745 74 35 kan
1645 1744 203 36 föranleda.

381 1847 217 37 Stockholm
626 1847 73 37 den
729 1850 21 33 3
781 1847 94 49 april
906 1849 108 34 1916.

711 1942 52 36 På
787 1942 410 48 jordbruksutskottets
1226 1949 160 43 vägnar:

793 2027 168 37 RAOUL
1000 2028 280 37 HAMILTON.

448 2206 221 27 Närvarande:
687 2216 30 16 se
737 2206 159 27 utiåtandet
916 2215 31 17 nr
966 2206 41 26 41.
