<?xml version="1.0" encoding="UTF-8"?>
<alto xmlns="http://www.loc.gov/standards/alto/ns-v3#" xmlns:xlink="http://www.w3.org/1999/xlink" xmlns:xsi="http://www.w3.org/2001/XMLSchema-instance" xsi:schemaLocation="http://www.loc.gov/standards/alto/ns-v3# http://www.loc.gov/alto/v3/alto-3-0.xsd">
	<Description>
		<MeasurementUnit>pixel</MeasurementUnit>
		<sourceImageInformation>
			<fileName>/tmp/tess_eka4sqpc_input.PNG</fileName>
		</sourceImageInformation>
		<OCRProcessing ID="OCR_0">
			<ocrProcessingStep>
				<processingSoftware>
					<softwareName>tesseract 5.3.0</softwareName>
				</processingSoftware>
			</ocrProcessingStep>
		</OCRProcessing>
	</Description>
	<Layout>
		<Page WIDTH="1864" HEIGHT="2768" PHYSICAL_IMG_NR="0" ID="page_0">
			<PrintSpace HPOS="0" VPOS="0" WIDTH="1864" HEIGHT="2768">
				<ComposedBlock ID="cblock_0" HPOS="213" VPOS="165" WIDTH="1291" HEIGHT="40">
					<TextBlock ID="block_0" HPOS="213" VPOS="165" WIDTH="1291" HEIGHT="40">
						<TextLine ID="line_0" HPOS="213" VPOS="165" WIDTH="1291" HEIGHT="40">
							<String ID="string_0" HPOS="213" VPOS="165" WIDTH="17" HEIGHT="28" WC="0.96" CONTENT="6"/><SP WIDTH="172" VPOS="165" HPOS="230"/>
							<String ID="string_1" HPOS="402" VPOS="165" WIDTH="188" HEIGHT="30" WC="0.93" CONTENT="Allmänna"/><SP WIDTH="23" VPOS="165" HPOS="590"/>
							<String ID="string_2" HPOS="613" VPOS="166" WIDTH="395" HEIGHT="39" WC="0.91" CONTENT="beredningsutskottets"/><SP WIDTH="24" VPOS="166" HPOS="1008"/>
							<String ID="string_3" HPOS="1032" VPOS="167" WIDTH="178" HEIGHT="29" WC="0.96" CONTENT="utlåtande"/><SP WIDTH="22" VPOS="167" HPOS="1210"/>
							<String ID="string_4" HPOS="1232" VPOS="176" WIDTH="43" HEIGHT="20" WC="0.96" CONTENT="nr"/><SP WIDTH="21" VPOS="176" HPOS="1275"/>
							<String ID="string_5" HPOS="1296" VPOS="168" WIDTH="42" HEIGHT="28" WC="0.96" CONTENT="39"/><SP WIDTH="20" VPOS="168" HPOS="1338"/>
							<String ID="string_6" HPOS="1358" VPOS="167" WIDTH="39" HEIGHT="29" WC="0.96" CONTENT="år"/><SP WIDTH="25" VPOS="167" HPOS="1397"/>
							<String ID="string_7" HPOS="1422" VPOS="168" WIDTH="82" HEIGHT="28" WC="0.96" CONTENT="1965"/>
						</TextLine>
					</TextBlock>
				</ComposedBlock>
				<ComposedBlock ID="cblock_1" HPOS="210" VPOS="244" WIDTH="1488" HEIGHT="1783">
					<TextBlock ID="block_1" HPOS="211" VPOS="244" WIDTH="1487" HEIGHT="84">
						<TextLine ID="line_1" HPOS="211" VPOS="244" WIDTH="1487" HEIGHT="42">
							<String ID="string_8" HPOS="211" VPOS="244" WIDTH="279" HEIGHT="39" WC="0.96" CONTENT="handikappade,"/><SP WIDTH="25" VPOS="244" HPOS="490"/>
							<String ID="string_9" HPOS="515" VPOS="245" WIDTH="141" HEIGHT="30" WC="0.96" CONTENT="särskilt"/><SP WIDTH="22" VPOS="245" HPOS="656"/>
							<String ID="string_10" HPOS="678" VPOS="246" WIDTH="169" HEIGHT="29" WC="0.96" CONTENT="avseende"/><SP WIDTH="23" VPOS="246" HPOS="847"/>
							<String ID="string_11" HPOS="870" VPOS="246" WIDTH="207" HEIGHT="39" WC="0.96" CONTENT="utbildning,"/><SP WIDTH="24" VPOS="246" HPOS="1077"/>
							<String ID="string_12" HPOS="1101" VPOS="246" WIDTH="266" HEIGHT="39" WC="0.96" CONTENT="sysselsättning"/><SP WIDTH="22" VPOS="246" HPOS="1367"/>
							<String ID="string_13" HPOS="1389" VPOS="247" WIDTH="65" HEIGHT="28" WC="0.96" CONTENT="och"/><SP WIDTH="23" VPOS="247" HPOS="1454"/>
							<String ID="string_14" HPOS="1477" VPOS="247" WIDTH="221" HEIGHT="39" WC="0.96" CONTENT="möjligheter"/>
						</TextLine>
						<TextLine ID="line_2" HPOS="211" VPOS="297" WIDTH="587" HEIGHT="31">
							<String ID="string_15" HPOS="211" VPOS="297" WIDTH="52" HEIGHT="29" WC="0.96" CONTENT="till"/><SP WIDTH="21" VPOS="297" HPOS="263"/>
							<String ID="string_16" HPOS="284" VPOS="298" WIDTH="173" HEIGHT="29" WC="0.96" CONTENT="särskilda"/><SP WIDTH="19" VPOS="298" HPOS="457"/>
							<String ID="string_17" HPOS="476" VPOS="298" WIDTH="322" HEIGHT="30" WC="0.96" CONTENT="bostadsområden."/>
						</TextLine>
					</TextBlock>
					<TextBlock ID="block_2" HPOS="211" VPOS="350" WIDTH="1487" HEIGHT="731">
						<TextLine ID="line_3" HPOS="257" VPOS="350" WIDTH="1439" HEIGHT="41">
							<String ID="string_18" HPOS="257" VPOS="350" WIDTH="175" HEIGHT="30" WC="0.95" CONTENT="Utskottet"/><SP WIDTH="25" VPOS="350" HPOS="432"/>
							<String ID="string_19" HPOS="457" VPOS="351" WIDTH="66" HEIGHT="29" WC="0.96" CONTENT="har"/><SP WIDTH="25" VPOS="351" HPOS="523"/>
							<String ID="string_20" HPOS="548" VPOS="352" WIDTH="144" HEIGHT="38" WC="0.96" CONTENT="tidigare"/><SP WIDTH="26" VPOS="352" HPOS="692"/>
							<String ID="string_21" HPOS="718" VPOS="352" WIDTH="77" HEIGHT="29" WC="0.96" CONTENT="haft"/><SP WIDTH="26" VPOS="352" HPOS="795"/>
							<String ID="string_22" HPOS="821" VPOS="354" WIDTH="50" HEIGHT="27" WC="0.96" CONTENT="att"/><SP WIDTH="26" VPOS="354" HPOS="871"/>
							<String ID="string_23" HPOS="897" VPOS="352" WIDTH="194" HEIGHT="39" WC="0.96" CONTENT="handlägga"/><SP WIDTH="27" VPOS="352" HPOS="1091"/>
							<String ID="string_24" HPOS="1118" VPOS="352" WIDTH="116" HEIGHT="39" WC="0.96" CONTENT="frågor"/><SP WIDTH="26" VPOS="352" HPOS="1234"/>
							<String ID="string_25" HPOS="1260" VPOS="362" WIDTH="59" HEIGHT="19" WC="0.96" CONTENT="om"/><SP WIDTH="23" VPOS="362" HPOS="1319"/>
							<String ID="string_26" HPOS="1342" VPOS="353" WIDTH="41" HEIGHT="29" WC="0.96" CONTENT="de"/><SP WIDTH="26" VPOS="353" HPOS="1383"/>
							<String ID="string_27" HPOS="1409" VPOS="353" WIDTH="287" HEIGHT="38" WC="0.96" CONTENT="handikappades"/>
						</TextLine>
						<TextLine ID="line_4" HPOS="213" VPOS="403" WIDTH="1485" HEIGHT="41">
							<String ID="string_28" HPOS="213" VPOS="403" WIDTH="167" HEIGHT="30" WC="0.95" CONTENT="situation"/><SP WIDTH="22" VPOS="403" HPOS="380"/>
							<String ID="string_29" HPOS="402" VPOS="404" WIDTH="10" HEIGHT="29" WC="0.96" CONTENT="i"/><SP WIDTH="24" VPOS="404" HPOS="412"/>
							<String ID="string_30" HPOS="436" VPOS="404" WIDTH="185" HEIGHT="30" WC="0.96" CONTENT="samhället"/><SP WIDTH="22" VPOS="404" HPOS="621"/>
							<String ID="string_31" HPOS="643" VPOS="405" WIDTH="64" HEIGHT="29" WC="0.96" CONTENT="och"/><SP WIDTH="22" VPOS="405" HPOS="707"/>
							<String ID="string_32" HPOS="729" VPOS="405" WIDTH="121" HEIGHT="29" WC="0.93" CONTENT="därvid"/><SP WIDTH="24" VPOS="405" HPOS="850"/>
							<String ID="string_33" HPOS="874" VPOS="405" WIDTH="242" HEIGHT="30" WC="0.92" CONTENT="understrukit"/><SP WIDTH="21" VPOS="405" HPOS="1116"/>
							<String ID="string_34" HPOS="1137" VPOS="405" WIDTH="119" HEIGHT="30" WC="0.96" CONTENT="vikten"/><SP WIDTH="23" VPOS="405" HPOS="1256"/>
							<String ID="string_35" HPOS="1279" VPOS="415" WIDTH="41" HEIGHT="20" WC="0.96" CONTENT="av"/><SP WIDTH="23" VPOS="415" HPOS="1320"/>
							<String ID="string_36" HPOS="1343" VPOS="406" WIDTH="183" HEIGHT="38" WC="0.96" CONTENT="energiska"/><SP WIDTH="22" VPOS="406" HPOS="1526"/>
							<String ID="string_37" HPOS="1548" VPOS="406" WIDTH="150" HEIGHT="29" WC="0.96" CONTENT="insatser"/>
						</TextLine>
						<TextLine ID="line_5" HPOS="213" VPOS="456" WIDTH="1485" HEIGHT="41">
							<String ID="string_38" HPOS="213" VPOS="456" WIDTH="80" HEIGHT="30" WC="0.96" CONTENT="från"/><SP WIDTH="17" VPOS="456" HPOS="293"/>
							<String ID="string_39" HPOS="310" VPOS="456" WIDTH="56" HEIGHT="30" WC="0.96" CONTENT="det"/><SP WIDTH="17" VPOS="456" HPOS="366"/>
							<String ID="string_40" HPOS="383" VPOS="457" WIDTH="198" HEIGHT="30" WC="0.96" CONTENT="allmännas"/><SP WIDTH="19" VPOS="457" HPOS="581"/>
							<String ID="string_41" HPOS="600" VPOS="458" WIDTH="74" HEIGHT="29" WC="0.96" CONTENT="sida"/><SP WIDTH="17" VPOS="458" HPOS="674"/>
							<String ID="string_42" HPOS="691" VPOS="458" WIDTH="53" HEIGHT="29" WC="0.96" CONTENT="för"/><SP WIDTH="17" VPOS="458" HPOS="744"/>
							<String ID="string_43" HPOS="761" VPOS="460" WIDTH="50" HEIGHT="28" WC="0.96" CONTENT="att"/><SP WIDTH="17" VPOS="460" HPOS="811"/>
							<String ID="string_44" HPOS="828" VPOS="459" WIDTH="73" HEIGHT="29" WC="0.96" CONTENT="lösa"/><SP WIDTH="17" VPOS="459" HPOS="901"/>
							<String ID="string_45" HPOS="918" VPOS="459" WIDTH="91" HEIGHT="29" WC="0.96" CONTENT="olika"/><SP WIDTH="18" VPOS="459" HPOS="1009"/>
							<String ID="string_46" HPOS="1027" VPOS="458" WIDTH="156" HEIGHT="39" WC="0.96" CONTENT="problem"/><SP WIDTH="17" VPOS="458" HPOS="1183"/>
							<String ID="string_47" HPOS="1200" VPOS="459" WIDTH="44" HEIGHT="38" WC="0.96" CONTENT="på"/><SP WIDTH="17" VPOS="459" HPOS="1244"/>
							<String ID="string_48" HPOS="1261" VPOS="458" WIDTH="94" HEIGHT="30" WC="0.96" CONTENT="detta"/><SP WIDTH="17" VPOS="458" HPOS="1355"/>
							<String ID="string_49" HPOS="1372" VPOS="459" WIDTH="152" HEIGHT="29" WC="0.96" CONTENT="område."/><SP WIDTH="19" VPOS="459" HPOS="1524"/>
							<String ID="string_50" HPOS="1543" VPOS="459" WIDTH="57" HEIGHT="29" WC="0.93" CONTENT="Ett"/><SP WIDTH="19" VPOS="459" HPOS="1600"/>
							<String ID="string_51" HPOS="1619" VPOS="459" WIDTH="79" HEIGHT="30" WC="0.92" CONTENT="fler-"/>
						</TextLine>
						<TextLine ID="line_6" HPOS="213" VPOS="509" WIDTH="1485" HEIGHT="42">
							<String ID="string_52" HPOS="213" VPOS="509" WIDTH="47" HEIGHT="29" WC="0.96" CONTENT="tal"/><SP WIDTH="17" VPOS="509" HPOS="260"/>
							<String ID="string_53" HPOS="277" VPOS="510" WIDTH="228" HEIGHT="39" WC="0.96" CONTENT="utredningar"/><SP WIDTH="16" VPOS="510" HPOS="505"/>
							<String ID="string_54" HPOS="521" VPOS="511" WIDTH="65" HEIGHT="29" WC="0.96" CONTENT="har"/><SP WIDTH="17" VPOS="511" HPOS="586"/>
							<String ID="string_55" HPOS="603" VPOS="511" WIDTH="124" HEIGHT="39" WC="0.96" CONTENT="sysslat"/><SP WIDTH="18" VPOS="511" HPOS="727"/>
							<String ID="string_56" HPOS="745" VPOS="511" WIDTH="79" HEIGHT="30" WC="0.96" CONTENT="med"/><SP WIDTH="18" VPOS="511" HPOS="824"/>
							<String ID="string_57" HPOS="842" VPOS="511" WIDTH="41" HEIGHT="29" WC="0.96" CONTENT="de"/><SP WIDTH="16" VPOS="511" HPOS="883"/>
							<String ID="string_58" HPOS="899" VPOS="511" WIDTH="287" HEIGHT="39" WC="0.96" CONTENT="handikappades"/><SP WIDTH="17" VPOS="511" HPOS="1186"/>
							<String ID="string_59" HPOS="1203" VPOS="511" WIDTH="166" HEIGHT="39" WC="0.96" CONTENT="problem."/><SP WIDTH="18" VPOS="511" HPOS="1369"/>
							<String ID="string_60" HPOS="1387" VPOS="512" WIDTH="101" HEIGHT="29" WC="0.96" CONTENT="Vissa"/><SP WIDTH="17" VPOS="512" HPOS="1488"/>
							<String ID="string_61" HPOS="1505" VPOS="521" WIDTH="43" HEIGHT="20" WC="0.93" CONTENT="av"/><SP WIDTH="17" VPOS="521" HPOS="1548"/>
							<String ID="string_62" HPOS="1565" VPOS="512" WIDTH="133" HEIGHT="39" WC="0.92" CONTENT="proble-"/>
						</TextLine>
						<TextLine ID="line_7" HPOS="213" VPOS="562" WIDTH="1485" HEIGHT="42">
							<String ID="string_63" HPOS="213" VPOS="571" WIDTH="79" HEIGHT="21" WC="0.96" CONTENT="men"/><SP WIDTH="21" VPOS="571" HPOS="292"/>
							<String ID="string_64" HPOS="313" VPOS="562" WIDTH="157" HEIGHT="30" WC="0.96" CONTENT="kommer"/><SP WIDTH="20" VPOS="562" HPOS="470"/>
							<String ID="string_65" HPOS="490" VPOS="565" WIDTH="50" HEIGHT="28" WC="0.96" CONTENT="att"/><SP WIDTH="21" VPOS="565" HPOS="540"/>
							<String ID="string_66" HPOS="561" VPOS="563" WIDTH="36" HEIGHT="30" WC="0.96" CONTENT="få"/><SP WIDTH="19" VPOS="563" HPOS="597"/>
							<String ID="string_67" HPOS="616" VPOS="564" WIDTH="52" HEIGHT="29" WC="0.97" CONTENT="sin"/><SP WIDTH="21" VPOS="564" HPOS="668"/>
							<String ID="string_68" HPOS="689" VPOS="564" WIDTH="139" HEIGHT="39" WC="0.96" CONTENT="lösning"/><SP WIDTH="19" VPOS="564" HPOS="828"/>
							<String ID="string_69" HPOS="847" VPOS="572" WIDTH="121" HEIGHT="31" WC="0.95" CONTENT="genom"/><SP WIDTH="19" VPOS="572" HPOS="968"/>
							<String ID="string_70" HPOS="987" VPOS="564" WIDTH="114" HEIGHT="30" WC="0.95" CONTENT="beslut"/><SP WIDTH="20" VPOS="564" HPOS="1101"/>
							<String ID="string_71" HPOS="1121" VPOS="565" WIDTH="10" HEIGHT="28" WC="0.96" CONTENT="i"/><SP WIDTH="19" VPOS="565" HPOS="1131"/>
							<String ID="string_72" HPOS="1150" VPOS="564" WIDTH="190" HEIGHT="40" WC="0.96" CONTENT="anledning"/><SP WIDTH="19" VPOS="564" HPOS="1340"/>
							<String ID="string_73" HPOS="1359" VPOS="574" WIDTH="41" HEIGHT="20" WC="0.96" CONTENT="av"/><SP WIDTH="20" VPOS="574" HPOS="1400"/>
							<String ID="string_74" HPOS="1420" VPOS="565" WIDTH="216" HEIGHT="39" WC="0.96" CONTENT="proposition"/><SP WIDTH="21" VPOS="565" HPOS="1636"/>
							<String ID="string_75" HPOS="1657" VPOS="574" WIDTH="41" HEIGHT="20" WC="0.96" CONTENT="nr"/>
						</TextLine>
						<TextLine ID="line_8" HPOS="214" VPOS="615" WIDTH="1484" HEIGHT="41">
							<String ID="string_76" HPOS="214" VPOS="615" WIDTH="38" HEIGHT="29" WC="0.95" CONTENT="75"/><SP WIDTH="18" VPOS="615" HPOS="252"/>
							<String ID="string_77" HPOS="270" VPOS="615" WIDTH="52" HEIGHT="30" WC="0.96" CONTENT="till"/><SP WIDTH="17" VPOS="615" HPOS="322"/>
							<String ID="string_78" HPOS="339" VPOS="616" WIDTH="238" HEIGHT="30" WC="0.96" CONTENT="innevarande"/><SP WIDTH="18" VPOS="616" HPOS="577"/>
							<String ID="string_79" HPOS="595" VPOS="617" WIDTH="55" HEIGHT="29" WC="0.96" CONTENT="års"/><SP WIDTH="19" VPOS="617" HPOS="650"/>
							<String ID="string_80" HPOS="669" VPOS="617" WIDTH="150" HEIGHT="39" WC="0.96" CONTENT="riksdag."/><SP WIDTH="19" VPOS="617" HPOS="819"/>
							<String ID="string_81" HPOS="838" VPOS="618" WIDTH="174" HEIGHT="29" WC="0.96" CONTENT="Utskottet"/><SP WIDTH="18" VPOS="618" HPOS="1012"/>
							<String ID="string_82" HPOS="1030" VPOS="618" WIDTH="116" HEIGHT="29" WC="0.96" CONTENT="finner"/><SP WIDTH="16" VPOS="618" HPOS="1146"/>
							<String ID="string_83" HPOS="1162" VPOS="617" WIDTH="202" HEIGHT="34" WC="0.95" CONTENT="emellertid,"/><SP WIDTH="19" VPOS="617" HPOS="1364"/>
							<String ID="string_84" HPOS="1383" VPOS="618" WIDTH="129" HEIGHT="29" WC="0.93" CONTENT="liksom"/><SP WIDTH="17" VPOS="618" HPOS="1512"/>
							<String ID="string_85" HPOS="1529" VPOS="619" WIDTH="169" HEIGHT="29" WC="0.92" CONTENT="motionä-"/>
						</TextLine>
						<TextLine ID="line_9" HPOS="213" VPOS="669" WIDTH="1484" HEIGHT="41">
							<String ID="string_86" HPOS="213" VPOS="678" WIDTH="111" HEIGHT="24" WC="0.96" CONTENT="rerna,"/><SP WIDTH="16" VPOS="678" HPOS="324"/>
							<String ID="string_87" HPOS="340" VPOS="669" WIDTH="111" HEIGHT="29" WC="0.96" CONTENT="behov"/><SP WIDTH="15" VPOS="669" HPOS="451"/>
							<String ID="string_88" HPOS="466" VPOS="669" WIDTH="167" HEIGHT="40" WC="0.96" CONTENT="föreligga"/><SP WIDTH="16" VPOS="669" HPOS="633"/>
							<String ID="string_89" HPOS="649" VPOS="679" WIDTH="42" HEIGHT="21" WC="0.96" CONTENT="av"/><SP WIDTH="15" VPOS="679" HPOS="691"/>
							<String ID="string_90" HPOS="706" VPOS="671" WIDTH="293" HEIGHT="38" WC="0.96" CONTENT="genomgripande"/><SP WIDTH="16" VPOS="671" HPOS="999"/>
							<String ID="string_91" HPOS="1015" VPOS="679" WIDTH="163" HEIGHT="31" WC="0.96" CONTENT="program"/><SP WIDTH="17" VPOS="679" HPOS="1178"/>
							<String ID="string_92" HPOS="1195" VPOS="671" WIDTH="55" HEIGHT="29" WC="0.93" CONTENT="för"/><SP WIDTH="14" VPOS="671" HPOS="1250"/>
							<String ID="string_93" HPOS="1264" VPOS="671" WIDTH="159" HEIGHT="29" WC="0.91" CONTENT="lösandet"/><SP WIDTH="16" VPOS="671" HPOS="1423"/>
							<String ID="string_94" HPOS="1439" VPOS="681" WIDTH="42" HEIGHT="20" WC="0.96" CONTENT="av"/><SP WIDTH="15" VPOS="681" HPOS="1481"/>
							<String ID="string_95" HPOS="1496" VPOS="671" WIDTH="201" HEIGHT="39" WC="0.96" CONTENT="problemen"/>
						</TextLine>
						<TextLine ID="line_10" HPOS="211" VPOS="722" WIDTH="1487" HEIGHT="41">
							<String ID="string_96" HPOS="211" VPOS="722" WIDTH="95" HEIGHT="29" WC="0.96" CONTENT="inom"/><SP WIDTH="21" VPOS="722" HPOS="306"/>
							<String ID="string_97" HPOS="327" VPOS="724" WIDTH="93" HEIGHT="28" WC="0.96" CONTENT="stora"/><SP WIDTH="20" VPOS="724" HPOS="420"/>
							<String ID="string_98" HPOS="440" VPOS="722" WIDTH="96" HEIGHT="30" WC="0.96" CONTENT="delar"/><SP WIDTH="20" VPOS="722" HPOS="536"/>
							<String ID="string_99" HPOS="556" VPOS="732" WIDTH="42" HEIGHT="20" WC="0.92" CONTENT="av"/><SP WIDTH="19" VPOS="732" HPOS="598"/>
							<String ID="string_100" HPOS="617" VPOS="723" WIDTH="370" HEIGHT="39" WC="0.89" CONTENT="handikappområdet."/><SP WIDTH="23" VPOS="723" HPOS="987"/>
							<String ID="string_101" HPOS="1010" VPOS="724" WIDTH="189" HEIGHT="29" WC="0.95" CONTENT="Samhället"/><SP WIDTH="20" VPOS="724" HPOS="1199"/>
							<String ID="string_102" HPOS="1219" VPOS="724" WIDTH="64" HEIGHT="29" WC="0.96" CONTENT="har"/><SP WIDTH="20" VPOS="724" HPOS="1283"/>
							<String ID="string_103" HPOS="1303" VPOS="724" WIDTH="125" HEIGHT="29" WC="0.96" CONTENT="hittills"/><SP WIDTH="20" VPOS="724" HPOS="1428"/>
							<String ID="string_104" HPOS="1448" VPOS="725" WIDTH="92" HEIGHT="38" WC="0.93" CONTENT="gjort"/><SP WIDTH="21" VPOS="725" HPOS="1540"/>
							<String ID="string_105" HPOS="1561" VPOS="725" WIDTH="137" HEIGHT="29" WC="0.91" CONTENT="missta-"/>
						</TextLine>
						<TextLine ID="line_11" HPOS="212" VPOS="776" WIDTH="1484" HEIGHT="41">
							<String ID="string_106" HPOS="212" VPOS="777" WIDTH="54" HEIGHT="36" WC="0.96" CONTENT="get"/><SP WIDTH="17" VPOS="777" HPOS="266"/>
							<String ID="string_107" HPOS="283" VPOS="777" WIDTH="51" HEIGHT="27" WC="0.95" CONTENT="att"/><SP WIDTH="17" VPOS="777" HPOS="334"/>
							<String ID="string_108" HPOS="351" VPOS="785" WIDTH="81" HEIGHT="20" WC="0.96" CONTENT="man"/><SP WIDTH="19" VPOS="785" HPOS="432"/>
							<String ID="string_109" HPOS="451" VPOS="776" WIDTH="137" HEIGHT="29" WC="0.94" CONTENT="försökt"/><SP WIDTH="18" VPOS="776" HPOS="588"/>
							<String ID="string_110" HPOS="606" VPOS="776" WIDTH="73" HEIGHT="30" WC="0.96" CONTENT="lösa"/><SP WIDTH="17" VPOS="776" HPOS="679"/>
							<String ID="string_111" HPOS="696" VPOS="777" WIDTH="201" HEIGHT="38" WC="0.96" CONTENT="problemen"/><SP WIDTH="18" VPOS="777" HPOS="897"/>
							<String ID="string_112" HPOS="915" VPOS="777" WIDTH="87" HEIGHT="29" WC="0.95" CONTENT="efter"/><SP WIDTH="17" VPOS="777" HPOS="1002"/>
							<String ID="string_113" HPOS="1019" VPOS="786" WIDTH="43" HEIGHT="21" WC="0.96" CONTENT="en"/><SP WIDTH="19" VPOS="786" HPOS="1062"/>
							<String ID="string_114" HPOS="1081" VPOS="778" WIDTH="82" HEIGHT="28" WC="0.96" CONTENT="mall"/><SP WIDTH="19" VPOS="778" HPOS="1163"/>
							<String ID="string_115" HPOS="1182" VPOS="777" WIDTH="78" HEIGHT="29" WC="0.96" CONTENT="med"/><SP WIDTH="17" VPOS="777" HPOS="1260"/>
							<String ID="string_116" HPOS="1277" VPOS="777" WIDTH="137" HEIGHT="39" WC="0.96" CONTENT="hänsyn"/><SP WIDTH="19" VPOS="777" HPOS="1414"/>
							<String ID="string_117" HPOS="1433" VPOS="777" WIDTH="51" HEIGHT="30" WC="0.93" CONTENT="till"/><SP WIDTH="20" VPOS="777" HPOS="1484"/>
							<String ID="string_118" HPOS="1504" VPOS="778" WIDTH="192" HEIGHT="39" WC="0.92" CONTENT="handikap-"/>
						</TextLine>
						<TextLine ID="line_12" HPOS="212" VPOS="829" WIDTH="1486" HEIGHT="41">
							<String ID="string_119" HPOS="212" VPOS="830" WIDTH="75" HEIGHT="36" WC="0.92" CONTENT="pets"/><SP WIDTH="22" VPOS="830" HPOS="287"/>
							<String ID="string_120" HPOS="309" VPOS="829" WIDTH="114" HEIGHT="29" WC="0.96" CONTENT="orsak."/><SP WIDTH="23" VPOS="829" HPOS="423"/>
							<String ID="string_121" HPOS="446" VPOS="829" WIDTH="12" HEIGHT="29" WC="0.95" CONTENT="I"/><SP WIDTH="23" VPOS="829" HPOS="458"/>
							<String ID="string_122" HPOS="481" VPOS="829" WIDTH="219" HEIGHT="30" WC="0.96" CONTENT="motionerna"/><SP WIDTH="21" VPOS="829" HPOS="700"/>
							<String ID="string_123" HPOS="721" VPOS="830" WIDTH="65" HEIGHT="29" WC="0.96" CONTENT="har"/><SP WIDTH="21" VPOS="830" HPOS="786"/>
							<String ID="string_124" HPOS="807" VPOS="840" WIDTH="42" HEIGHT="19" WC="0.96" CONTENT="en"/><SP WIDTH="24" VPOS="840" HPOS="849"/>
							<String ID="string_125" HPOS="873" VPOS="830" WIDTH="221" HEIGHT="39" WC="0.96" CONTENT="redovisning"/><SP WIDTH="23" VPOS="830" HPOS="1094"/>
							<String ID="string_126" HPOS="1117" VPOS="830" WIDTH="109" HEIGHT="39" WC="0.96" CONTENT="gjorts"/><SP WIDTH="22" VPOS="830" HPOS="1226"/>
							<String ID="string_127" HPOS="1248" VPOS="830" WIDTH="81" HEIGHT="29" WC="0.96" CONTENT="över"/><SP WIDTH="22" VPOS="830" HPOS="1329"/>
							<String ID="string_128" HPOS="1351" VPOS="831" WIDTH="66" HEIGHT="28" WC="0.96" CONTENT="hur"/><SP WIDTH="23" VPOS="831" HPOS="1417"/>
							<String ID="string_129" HPOS="1440" VPOS="831" WIDTH="41" HEIGHT="28" WC="0.93" CONTENT="de"/><SP WIDTH="22" VPOS="831" HPOS="1481"/>
							<String ID="string_130" HPOS="1503" VPOS="831" WIDTH="195" HEIGHT="39" WC="0.92" CONTENT="handikap-"/>
						</TextLine>
						<TextLine ID="line_13" HPOS="211" VPOS="881" WIDTH="1486" HEIGHT="41">
							<String ID="string_131" HPOS="211" VPOS="881" WIDTH="87" HEIGHT="39" WC="0.92" CONTENT="pade"/><SP WIDTH="20" VPOS="881" HPOS="298"/>
							<String ID="string_132" HPOS="318" VPOS="890" WIDTH="54" HEIGHT="21" WC="0.95" CONTENT="ser"/><SP WIDTH="19" VPOS="890" HPOS="372"/>
							<String ID="string_133" HPOS="391" VPOS="882" WIDTH="44" HEIGHT="39" WC="0.96" CONTENT="på"/><SP WIDTH="18" VPOS="882" HPOS="435"/>
							<String ID="string_134" HPOS="453" VPOS="882" WIDTH="41" HEIGHT="29" WC="0.96" CONTENT="de"/><SP WIDTH="19" VPOS="882" HPOS="494"/>
							<String ID="string_135" HPOS="513" VPOS="882" WIDTH="161" HEIGHT="39" WC="0.95" CONTENT="åtgärder"/><SP WIDTH="18" VPOS="882" HPOS="674"/>
							<String ID="string_136" HPOS="692" VPOS="892" WIDTH="76" HEIGHT="20" WC="0.96" CONTENT="som"/><SP WIDTH="19" VPOS="892" HPOS="768"/>
							<String ID="string_137" HPOS="787" VPOS="892" WIDTH="47" HEIGHT="20" WC="0.93" CONTENT="nu"/><SP WIDTH="21" VPOS="892" HPOS="834"/>
							<String ID="string_138" HPOS="855" VPOS="883" WIDTH="180" HEIGHT="39" WC="0.91" CONTENT="företages."/><SP WIDTH="20" VPOS="883" HPOS="1035"/>
							<String ID="string_139" HPOS="1055" VPOS="884" WIDTH="52" HEIGHT="29" WC="0.96" CONTENT="Av"/><SP WIDTH="17" VPOS="884" HPOS="1107"/>
							<String ID="string_140" HPOS="1124" VPOS="883" WIDTH="116" HEIGHT="30" WC="0.96" CONTENT="denna"/><SP WIDTH="19" VPOS="883" HPOS="1240"/>
							<String ID="string_141" HPOS="1259" VPOS="883" WIDTH="154" HEIGHT="39" WC="0.96" CONTENT="framgår"/><SP WIDTH="19" VPOS="883" HPOS="1413"/>
							<String ID="string_142" HPOS="1432" VPOS="885" WIDTH="50" HEIGHT="28" WC="0.96" CONTENT="att"/><SP WIDTH="21" VPOS="885" HPOS="1482"/>
							<String ID="string_143" HPOS="1503" VPOS="884" WIDTH="194" HEIGHT="34" WC="0.95" CONTENT="samhället,"/>
						</TextLine>
						<TextLine ID="line_14" HPOS="212" VPOS="935" WIDTH="1484" HEIGHT="40">
							<String ID="string_144" HPOS="212" VPOS="936" WIDTH="87" HEIGHT="28" WC="0.96" CONTENT="trots"/><SP WIDTH="24" VPOS="936" HPOS="299"/>
							<String ID="string_145" HPOS="323" VPOS="935" WIDTH="41" HEIGHT="29" WC="0.96" CONTENT="de"/><SP WIDTH="24" VPOS="935" HPOS="364"/>
							<String ID="string_146" HPOS="388" VPOS="935" WIDTH="151" HEIGHT="30" WC="0.96" CONTENT="insatser"/><SP WIDTH="25" VPOS="935" HPOS="539"/>
							<String ID="string_147" HPOS="564" VPOS="945" WIDTH="74" HEIGHT="20" WC="0.96" CONTENT="som"/><SP WIDTH="25" VPOS="945" HPOS="638"/>
							<String ID="string_148" HPOS="663" VPOS="936" WIDTH="119" HEIGHT="39" WC="0.95" CONTENT="gjorts,"/><SP WIDTH="26" VPOS="936" HPOS="782"/>
							<String ID="string_149" HPOS="808" VPOS="936" WIDTH="71" HEIGHT="29" WC="0.96" CONTENT="inte"/><SP WIDTH="25" VPOS="936" HPOS="879"/>
							<String ID="string_150" HPOS="904" VPOS="936" WIDTH="65" HEIGHT="30" WC="0.96" CONTENT="fått"/><SP WIDTH="26" VPOS="936" HPOS="969"/>
							<String ID="string_151" HPOS="995" VPOS="944" WIDTH="106" HEIGHT="31" WC="0.96" CONTENT="grepp"/><SP WIDTH="24" VPOS="944" HPOS="1101"/>
							<String ID="string_152" HPOS="1125" VPOS="946" WIDTH="57" HEIGHT="20" WC="0.96" CONTENT="om"/><SP WIDTH="25" VPOS="946" HPOS="1182"/>
							<String ID="string_153" HPOS="1207" VPOS="936" WIDTH="222" HEIGHT="30" WC="0.95" CONTENT="situationen."/><SP WIDTH="25" VPOS="936" HPOS="1429"/>
							<String ID="string_154" HPOS="1454" VPOS="937" WIDTH="66" HEIGHT="29" WC="0.96" CONTENT="Till"/><SP WIDTH="27" VPOS="937" HPOS="1520"/>
							<String ID="string_155" HPOS="1547" VPOS="939" WIDTH="73" HEIGHT="27" WC="0.96" CONTENT="stor"/><SP WIDTH="23" VPOS="939" HPOS="1620"/>
							<String ID="string_156" HPOS="1643" VPOS="937" WIDTH="53" HEIGHT="29" WC="0.96" CONTENT="del"/>
						</TextLine>
						<TextLine ID="line_15" HPOS="212" VPOS="988" WIDTH="1486" HEIGHT="41">
							<String ID="string_157" HPOS="212" VPOS="988" WIDTH="98" HEIGHT="29" WC="0.96" CONTENT="torde"/><SP WIDTH="14" VPOS="988" HPOS="310"/>
							<String ID="string_158" HPOS="324" VPOS="988" WIDTH="94" HEIGHT="30" WC="0.96" CONTENT="detta"/><SP WIDTH="16" VPOS="988" HPOS="418"/>
							<String ID="string_159" HPOS="434" VPOS="988" WIDTH="82" HEIGHT="29" WC="0.96" CONTENT="bero"/><SP WIDTH="16" VPOS="988" HPOS="516"/>
							<String ID="string_160" HPOS="532" VPOS="989" WIDTH="44" HEIGHT="38" WC="0.96" CONTENT="på"/><SP WIDTH="16" VPOS="989" HPOS="576"/>
							<String ID="string_161" HPOS="592" VPOS="991" WIDTH="50" HEIGHT="27" WC="0.96" CONTENT="att"/><SP WIDTH="16" VPOS="991" HPOS="642"/>
							<String ID="string_162" HPOS="658" VPOS="989" WIDTH="208" HEIGHT="39" WC="0.96" CONTENT="åtgärderna"/><SP WIDTH="17" VPOS="989" HPOS="866"/>
							<String ID="string_163" HPOS="883" VPOS="990" WIDTH="108" HEIGHT="38" WC="0.96" CONTENT="gjorts"/><SP WIDTH="17" VPOS="990" HPOS="991"/>
							<String ID="string_164" HPOS="1008" VPOS="998" WIDTH="76" HEIGHT="20" WC="0.92" CONTENT="som"/><SP WIDTH="16" VPOS="998" HPOS="1084"/>
							<String ID="string_165" HPOS="1100" VPOS="990" WIDTH="267" HEIGHT="38" WC="0.92" CONTENT="punktinsatser"/><SP WIDTH="15" VPOS="990" HPOS="1367"/>
							<String ID="string_166" HPOS="1382" VPOS="990" WIDTH="64" HEIGHT="29" WC="0.96" CONTENT="och"/><SP WIDTH="16" VPOS="990" HPOS="1446"/>
							<String ID="string_167" HPOS="1462" VPOS="990" WIDTH="43" HEIGHT="39" WC="0.96" CONTENT="på"/><SP WIDTH="18" VPOS="990" HPOS="1505"/>
							<String ID="string_168" HPOS="1523" VPOS="992" WIDTH="50" HEIGHT="27" WC="0.92" CONTENT="att"/><SP WIDTH="17" VPOS="992" HPOS="1573"/>
							<String ID="string_169" HPOS="1590" VPOS="990" WIDTH="108" HEIGHT="39" WC="0.92" CONTENT="integ-"/>
						</TextLine>
						<TextLine ID="line_16" HPOS="212" VPOS="1041" WIDTH="1153" HEIGHT="40">
							<String ID="string_170" HPOS="212" VPOS="1041" WIDTH="160" HEIGHT="39" WC="0.91" CONTENT="reringen"/><SP WIDTH="19" VPOS="1041" HPOS="372"/>
							<String ID="string_171" HPOS="391" VPOS="1042" WIDTH="70" HEIGHT="29" WC="0.96" CONTENT="inte"/><SP WIDTH="20" VPOS="1042" HPOS="461"/>
							<String ID="string_172" HPOS="481" VPOS="1042" WIDTH="93" HEIGHT="29" WC="0.96" CONTENT="skett"/><SP WIDTH="18" VPOS="1042" HPOS="574"/>
							<String ID="string_173" HPOS="592" VPOS="1042" WIDTH="43" HEIGHT="39" WC="0.96" CONTENT="på"/><SP WIDTH="18" VPOS="1042" HPOS="635"/>
							<String ID="string_174" HPOS="653" VPOS="1042" WIDTH="57" HEIGHT="29" WC="0.97" CONTENT="det"/><SP WIDTH="18" VPOS="1042" HPOS="710"/>
							<String ID="string_175" HPOS="728" VPOS="1043" WIDTH="68" HEIGHT="28" WC="0.96" CONTENT="sätt"/><SP WIDTH="20" VPOS="1043" HPOS="796"/>
							<String ID="string_176" HPOS="816" VPOS="1052" WIDTH="75" HEIGHT="19" WC="0.96" CONTENT="som"/><SP WIDTH="18" VPOS="1052" HPOS="891"/>
							<String ID="string_177" HPOS="909" VPOS="1043" WIDTH="180" HEIGHT="38" WC="0.96" CONTENT="efterlyses"/><SP WIDTH="19" VPOS="1043" HPOS="1089"/>
							<String ID="string_178" HPOS="1108" VPOS="1043" WIDTH="11" HEIGHT="28" WC="0.96" CONTENT="i"/><SP WIDTH="19" VPOS="1043" HPOS="1119"/>
							<String ID="string_179" HPOS="1138" VPOS="1043" WIDTH="227" HEIGHT="29" WC="0.96" CONTENT="motionerna."/>
						</TextLine>
					</TextBlock>
					<TextBlock ID="block_3" HPOS="210" VPOS="1094" WIDTH="1488" HEIGHT="200">
						<TextLine ID="line_17" HPOS="255" VPOS="1094" WIDTH="1442" HEIGHT="41">
							<String ID="string_180" HPOS="255" VPOS="1094" WIDTH="49" HEIGHT="29" WC="0.95" CONTENT="De"/><SP WIDTH="24" VPOS="1094" HPOS="304"/>
							<String ID="string_181" HPOS="328" VPOS="1104" WIDTH="43" HEIGHT="20" WC="0.96" CONTENT="av"/><SP WIDTH="23" VPOS="1104" HPOS="371"/>
							<String ID="string_182" HPOS="394" VPOS="1095" WIDTH="261" HEIGHT="29" WC="0.95" CONTENT="motionärerna"/><SP WIDTH="24" VPOS="1095" HPOS="655"/>
							<String ID="string_183" HPOS="679" VPOS="1095" WIDTH="198" HEIGHT="39" WC="0.96" CONTENT="föreslagna"/><SP WIDTH="24" VPOS="1095" HPOS="877"/>
							<String ID="string_184" HPOS="901" VPOS="1096" WIDTH="150" HEIGHT="38" WC="0.95" CONTENT="vägarna"/><SP WIDTH="25" VPOS="1096" HPOS="1051"/>
							<String ID="string_185" HPOS="1076" VPOS="1098" WIDTH="51" HEIGHT="27" WC="0.96" CONTENT="att"/><SP WIDTH="24" VPOS="1098" HPOS="1127"/>
							<String ID="string_186" HPOS="1151" VPOS="1096" WIDTH="72" HEIGHT="29" WC="0.92" CONTENT="lösa"/><SP WIDTH="25" VPOS="1096" HPOS="1223"/>
							<String ID="string_187" HPOS="1248" VPOS="1096" WIDTH="218" HEIGHT="39" WC="0.92" CONTENT="lärarfrågan"/><SP WIDTH="26" VPOS="1096" HPOS="1466"/>
							<String ID="string_188" HPOS="1492" VPOS="1096" WIDTH="55" HEIGHT="29" WC="0.93" CONTENT="för"/><SP WIDTH="25" VPOS="1096" HPOS="1547"/>
							<String ID="string_189" HPOS="1572" VPOS="1096" WIDTH="125" HEIGHT="29" WC="0.92" CONTENT="utbild-"/>
						</TextLine>
						<TextLine ID="line_18" HPOS="212" VPOS="1147" WIDTH="1486" HEIGHT="41">
							<String ID="string_190" HPOS="212" VPOS="1147" WIDTH="128" HEIGHT="39" WC="0.96" CONTENT="ningen"/><SP WIDTH="22" VPOS="1147" HPOS="340"/>
							<String ID="string_191" HPOS="362" VPOS="1148" WIDTH="61" HEIGHT="29" WC="0.95" CONTENT="bör"/><SP WIDTH="22" VPOS="1148" HPOS="423"/>
							<String ID="string_192" HPOS="445" VPOS="1148" WIDTH="45" HEIGHT="28" WC="0.96" CONTENT="bli"/><SP WIDTH="25" VPOS="1148" HPOS="490"/>
							<String ID="string_193" HPOS="515" VPOS="1148" WIDTH="146" HEIGHT="29" WC="0.96" CONTENT="föremål"/><SP WIDTH="23" VPOS="1148" HPOS="661"/>
							<String ID="string_194" HPOS="684" VPOS="1148" WIDTH="53" HEIGHT="29" WC="0.96" CONTENT="för"/><SP WIDTH="22" VPOS="1148" HPOS="737"/>
							<String ID="string_195" HPOS="759" VPOS="1149" WIDTH="181" HEIGHT="38" WC="0.96" CONTENT="prövning."/><SP WIDTH="23" VPOS="1149" HPOS="940"/>
							<String ID="string_196" HPOS="963" VPOS="1149" WIDTH="130" HEIGHT="29" WC="0.96" CONTENT="Därvid"/><SP WIDTH="22" VPOS="1149" HPOS="1093"/>
							<String ID="string_197" HPOS="1115" VPOS="1149" WIDTH="62" HEIGHT="29" WC="0.96" CONTENT="bör"/><SP WIDTH="22" VPOS="1149" HPOS="1177"/>
							<String ID="string_198" HPOS="1199" VPOS="1149" WIDTH="138" HEIGHT="39" WC="0.96" CONTENT="hänsyn"/><SP WIDTH="23" VPOS="1149" HPOS="1337"/>
							<String ID="string_199" HPOS="1360" VPOS="1151" WIDTH="96" HEIGHT="37" WC="0.96" CONTENT="tagas"/><SP WIDTH="23" VPOS="1151" HPOS="1456"/>
							<String ID="string_200" HPOS="1479" VPOS="1150" WIDTH="52" HEIGHT="29" WC="0.96" CONTENT="till"/><SP WIDTH="24" VPOS="1150" HPOS="1531"/>
							<String ID="string_201" HPOS="1555" VPOS="1149" WIDTH="42" HEIGHT="29" WC="0.93" CONTENT="de"/><SP WIDTH="23" VPOS="1149" HPOS="1597"/>
							<String ID="string_202" HPOS="1620" VPOS="1158" WIDTH="78" HEIGHT="30" WC="0.92" CONTENT="syn-"/>
						</TextLine>
						<TextLine ID="line_19" HPOS="210" VPOS="1201" WIDTH="1487" HEIGHT="40">
							<String ID="string_203" HPOS="210" VPOS="1201" WIDTH="152" HEIGHT="38" WC="0.96" CONTENT="punkter"/><SP WIDTH="20" VPOS="1201" HPOS="362"/>
							<String ID="string_204" HPOS="382" VPOS="1210" WIDTH="75" HEIGHT="20" WC="0.96" CONTENT="som"/><SP WIDTH="19" VPOS="1210" HPOS="457"/>
							<String ID="string_205" HPOS="476" VPOS="1201" WIDTH="49" HEIGHT="30" WC="0.93" CONTENT="De"/><SP WIDTH="20" VPOS="1201" HPOS="525"/>
							<String ID="string_206" HPOS="545" VPOS="1201" WIDTH="164" HEIGHT="30" WC="0.92" CONTENT="vanföras"/><SP WIDTH="20" VPOS="1201" HPOS="709"/>
							<String ID="string_207" HPOS="729" VPOS="1202" WIDTH="227" HEIGHT="29" WC="0.96" CONTENT="riksförbund"/><SP WIDTH="22" VPOS="1202" HPOS="956"/>
							<String ID="string_208" HPOS="978" VPOS="1202" WIDTH="165" HEIGHT="29" WC="0.96" CONTENT="framfört"/><SP WIDTH="20" VPOS="1202" HPOS="1143"/>
							<String ID="string_209" HPOS="1163" VPOS="1202" WIDTH="177" HEIGHT="38" WC="0.96" CONTENT="angående"/><SP WIDTH="21" VPOS="1202" HPOS="1340"/>
							<String ID="string_210" HPOS="1361" VPOS="1202" WIDTH="253" HEIGHT="39" WC="0.96" CONTENT="liberalisering"/><SP WIDTH="20" VPOS="1202" HPOS="1614"/>
							<String ID="string_211" HPOS="1634" VPOS="1203" WIDTH="63" HEIGHT="29" WC="0.96" CONTENT="och"/>
						</TextLine>
						<TextLine ID="line_20" HPOS="211" VPOS="1254" WIDTH="1294" HEIGHT="40">
							<String ID="string_212" HPOS="211" VPOS="1254" WIDTH="147" HEIGHT="39" WC="0.96" CONTENT="översyn"/><SP WIDTH="20" VPOS="1254" HPOS="358"/>
							<String ID="string_213" HPOS="378" VPOS="1264" WIDTH="42" HEIGHT="20" WC="0.96" CONTENT="av"/><SP WIDTH="20" VPOS="1264" HPOS="420"/>
							<String ID="string_214" HPOS="440" VPOS="1263" WIDTH="186" HEIGHT="21" WC="0.96" CONTENT="normerna"/><SP WIDTH="23" VPOS="1263" HPOS="626"/>
							<String ID="string_215" HPOS="649" VPOS="1255" WIDTH="53" HEIGHT="28" WC="0.96" CONTENT="för"/><SP WIDTH="20" VPOS="1255" HPOS="702"/>
							<String ID="string_216" HPOS="722" VPOS="1255" WIDTH="214" HEIGHT="39" WC="0.96" CONTENT="anställning"/><SP WIDTH="19" VPOS="1255" HPOS="936"/>
							<String ID="string_217" HPOS="955" VPOS="1264" WIDTH="42" HEIGHT="20" WC="0.96" CONTENT="av"/><SP WIDTH="19" VPOS="1264" HPOS="997"/>
							<String ID="string_218" HPOS="1016" VPOS="1255" WIDTH="113" HEIGHT="29" WC="0.96" CONTENT="lärare"/><SP WIDTH="22" VPOS="1255" HPOS="1129"/>
							<String ID="string_219" HPOS="1151" VPOS="1255" WIDTH="54" HEIGHT="29" WC="0.96" CONTENT="för"/><SP WIDTH="20" VPOS="1255" HPOS="1205"/>
							<String ID="string_220" HPOS="1225" VPOS="1255" WIDTH="280" HEIGHT="39" WC="0.96" CONTENT="handikappade."/>
						</TextLine>
					</TextBlock>
					<TextBlock ID="block_4" HPOS="211" VPOS="1308" WIDTH="1487" HEIGHT="357">
						<TextLine ID="line_21" HPOS="256" VPOS="1308" WIDTH="1441" HEIGHT="39">
							<String ID="string_221" HPOS="256" VPOS="1308" WIDTH="51" HEIGHT="28" WC="0.92" CONTENT="Av"/><SP WIDTH="19" VPOS="1308" HPOS="307"/>
							<String ID="string_222" HPOS="326" VPOS="1308" WIDTH="237" HEIGHT="29" WC="0.87" CONTENT="motionernas"/><SP WIDTH="21" VPOS="1308" HPOS="563"/>
							<String ID="string_223" HPOS="584" VPOS="1308" WIDTH="222" HEIGHT="38" WC="0.96" CONTENT="redovisning"/><SP WIDTH="19" VPOS="1308" HPOS="806"/>
							<String ID="string_224" HPOS="825" VPOS="1317" WIDTH="42" HEIGHT="20" WC="0.96" CONTENT="av"/><SP WIDTH="19" VPOS="1317" HPOS="867"/>
							<String ID="string_225" HPOS="886" VPOS="1308" WIDTH="67" HEIGHT="28" WC="0.96" CONTENT="hur"/><SP WIDTH="19" VPOS="1308" HPOS="953"/>
							<String ID="string_226" HPOS="972" VPOS="1308" WIDTH="126" HEIGHT="39" WC="0.96" CONTENT="många"/><SP WIDTH="22" VPOS="1308" HPOS="1098"/>
							<String ID="string_227" HPOS="1120" VPOS="1308" WIDTH="269" HEIGHT="39" WC="0.96" CONTENT="handikappade"/><SP WIDTH="21" VPOS="1308" HPOS="1389"/>
							<String ID="string_228" HPOS="1410" VPOS="1318" WIDTH="54" HEIGHT="20" WC="0.96" CONTENT="ser"/><SP WIDTH="20" VPOS="1318" HPOS="1464"/>
							<String ID="string_229" HPOS="1484" VPOS="1309" WIDTH="44" HEIGHT="38" WC="0.96" CONTENT="på"/><SP WIDTH="20" VPOS="1309" HPOS="1528"/>
							<String ID="string_230" HPOS="1548" VPOS="1309" WIDTH="65" HEIGHT="29" WC="0.93" CONTENT="den"/><SP WIDTH="22" VPOS="1309" HPOS="1613"/>
							<String ID="string_231" HPOS="1635" VPOS="1318" WIDTH="62" HEIGHT="20" WC="0.92" CONTENT="nu-"/>
						</TextLine>
						<TextLine ID="line_22" HPOS="212" VPOS="1360" WIDTH="1486" HEIGHT="41">
							<String ID="string_232" HPOS="212" VPOS="1360" WIDTH="151" HEIGHT="30" WC="0.96" CONTENT="varande"/><SP WIDTH="24" VPOS="1360" HPOS="363"/>
							<String ID="string_233" HPOS="387" VPOS="1360" WIDTH="213" HEIGHT="30" WC="0.96" CONTENT="situationen"/><SP WIDTH="26" VPOS="1360" HPOS="600"/>
							<String ID="string_234" HPOS="626" VPOS="1360" WIDTH="162" HEIGHT="39" WC="0.96" CONTENT="framgår,"/><SP WIDTH="26" VPOS="1360" HPOS="788"/>
							<String ID="string_235" HPOS="814" VPOS="1363" WIDTH="50" HEIGHT="27" WC="0.96" CONTENT="att"/><SP WIDTH="24" VPOS="1363" HPOS="864"/>
							<String ID="string_236" HPOS="888" VPOS="1361" WIDTH="40" HEIGHT="29" WC="0.96" CONTENT="de"/><SP WIDTH="24" VPOS="1361" HPOS="928"/>
							<String ID="string_237" HPOS="952" VPOS="1361" WIDTH="270" HEIGHT="39" WC="0.96" CONTENT="handikappade"/><SP WIDTH="25" VPOS="1361" HPOS="1222"/>
							<String ID="string_238" HPOS="1247" VPOS="1361" WIDTH="64" HEIGHT="29" WC="0.96" CONTENT="har"/><SP WIDTH="25" VPOS="1361" HPOS="1311"/>
							<String ID="string_239" HPOS="1336" VPOS="1363" WIDTH="93" HEIGHT="28" WC="0.96" CONTENT="stora"/><SP WIDTH="25" VPOS="1363" HPOS="1429"/>
							<String ID="string_240" HPOS="1454" VPOS="1362" WIDTH="155" HEIGHT="39" WC="0.96" CONTENT="problem"/><SP WIDTH="26" VPOS="1362" HPOS="1609"/>
							<String ID="string_241" HPOS="1635" VPOS="1362" WIDTH="63" HEIGHT="29" WC="0.96" CONTENT="när"/>
						</TextLine>
						<TextLine ID="line_23" HPOS="211" VPOS="1413" WIDTH="1486" HEIGHT="39">
							<String ID="string_242" HPOS="211" VPOS="1413" WIDTH="56" HEIGHT="29" WC="0.96" CONTENT="det"/><SP WIDTH="21" VPOS="1413" HPOS="267"/>
							<String ID="string_243" HPOS="288" VPOS="1413" WIDTH="105" HEIGHT="39" WC="0.96" CONTENT="gäller"/><SP WIDTH="20" VPOS="1413" HPOS="393"/>
							<String ID="string_244" HPOS="413" VPOS="1414" WIDTH="236" HEIGHT="29" WC="0.96" CONTENT="kontakterna"/><SP WIDTH="20" VPOS="1414" HPOS="649"/>
							<String ID="string_245" HPOS="669" VPOS="1414" WIDTH="77" HEIGHT="29" WC="0.96" CONTENT="med"/><SP WIDTH="20" VPOS="1414" HPOS="746"/>
							<String ID="string_246" HPOS="766" VPOS="1414" WIDTH="174" HEIGHT="29" WC="0.96" CONTENT="varandra"/><SP WIDTH="20" VPOS="1414" HPOS="940"/>
							<String ID="string_247" HPOS="960" VPOS="1415" WIDTH="64" HEIGHT="28" WC="0.96" CONTENT="och"/><SP WIDTH="22" VPOS="1415" HPOS="1024"/>
							<String ID="string_248" HPOS="1046" VPOS="1414" WIDTH="79" HEIGHT="29" WC="0.96" CONTENT="med"/><SP WIDTH="19" VPOS="1414" HPOS="1125"/>
							<String ID="string_249" HPOS="1144" VPOS="1414" WIDTH="212" HEIGHT="29" WC="0.95" CONTENT="omvärlden."/><SP WIDTH="21" VPOS="1414" HPOS="1356"/>
							<String ID="string_250" HPOS="1377" VPOS="1415" WIDTH="49" HEIGHT="29" WC="0.96" CONTENT="De"/><SP WIDTH="21" VPOS="1415" HPOS="1426"/>
							<String ID="string_251" HPOS="1447" VPOS="1415" WIDTH="9" HEIGHT="28" WC="0.96" CONTENT="i"/><SP WIDTH="23" VPOS="1415" HPOS="1456"/>
							<String ID="string_252" HPOS="1479" VPOS="1415" WIDTH="218" HEIGHT="29" WC="0.96" CONTENT="motionerna"/>
						</TextLine>
						<TextLine ID="line_24" HPOS="212" VPOS="1466" WIDTH="1484" HEIGHT="40">
							<String ID="string_253" HPOS="212" VPOS="1466" WIDTH="194" HEIGHT="30" WC="0.96" CONTENT="framförda"/><SP WIDTH="22" VPOS="1466" HPOS="406"/>
							<String ID="string_254" HPOS="428" VPOS="1467" WIDTH="269" HEIGHT="39" WC="0.96" CONTENT="möjligheterna"/><SP WIDTH="21" VPOS="1467" HPOS="697"/>
							<String ID="string_255" HPOS="718" VPOS="1469" WIDTH="50" HEIGHT="27" WC="0.96" CONTENT="att"/><SP WIDTH="23" VPOS="1469" HPOS="768"/>
							<String ID="string_256" HPOS="791" VPOS="1467" WIDTH="72" HEIGHT="29" WC="0.93" CONTENT="lösa"/><SP WIDTH="23" VPOS="1467" HPOS="863"/>
							<String ID="string_257" HPOS="886" VPOS="1467" WIDTH="155" HEIGHT="29" WC="0.91" CONTENT="bostads-"/><SP WIDTH="21" VPOS="1467" HPOS="1041"/>
							<String ID="string_258" HPOS="1062" VPOS="1467" WIDTH="65" HEIGHT="29" WC="0.96" CONTENT="och"/><SP WIDTH="22" VPOS="1467" HPOS="1127"/>
							<String ID="string_259" HPOS="1149" VPOS="1467" WIDTH="225" HEIGHT="39" WC="0.96" CONTENT="miljöfrågan"/><SP WIDTH="24" VPOS="1467" HPOS="1374"/>
							<String ID="string_260" HPOS="1398" VPOS="1468" WIDTH="62" HEIGHT="29" WC="0.96" CONTENT="bör"/><SP WIDTH="21" VPOS="1468" HPOS="1460"/>
							<String ID="string_261" HPOS="1481" VPOS="1468" WIDTH="47" HEIGHT="29" WC="0.96" CONTENT="bli"/><SP WIDTH="23" VPOS="1468" HPOS="1528"/>
							<String ID="string_262" HPOS="1551" VPOS="1468" WIDTH="145" HEIGHT="29" WC="0.96" CONTENT="föremål"/>
						</TextLine>
						<TextLine ID="line_25" HPOS="211" VPOS="1519" WIDTH="1486" HEIGHT="41">
							<String ID="string_263" HPOS="211" VPOS="1519" WIDTH="54" HEIGHT="29" WC="0.96" CONTENT="för"/><SP WIDTH="20" VPOS="1519" HPOS="265"/>
							<String ID="string_264" HPOS="285" VPOS="1520" WIDTH="179" HEIGHT="38" WC="0.96" CONTENT="prövning."/><SP WIDTH="22" VPOS="1520" HPOS="464"/>
							<String ID="string_265" HPOS="486" VPOS="1520" WIDTH="176" HEIGHT="30" WC="0.96" CONTENT="Utskottet"/><SP WIDTH="20" VPOS="1520" HPOS="662"/>
							<String ID="string_266" HPOS="682" VPOS="1520" WIDTH="208" HEIGHT="29" WC="0.95" CONTENT="instämmer"/><SP WIDTH="19" VPOS="1520" HPOS="890"/>
							<String ID="string_267" HPOS="909" VPOS="1520" WIDTH="120" HEIGHT="29" WC="0.95" CONTENT="därvid"/><SP WIDTH="21" VPOS="1520" HPOS="1029"/>
							<String ID="string_268" HPOS="1050" VPOS="1521" WIDTH="10" HEIGHT="28" WC="0.93" CONTENT="i"/><SP WIDTH="23" VPOS="1521" HPOS="1060"/>
							<String ID="string_269" HPOS="1083" VPOS="1520" WIDTH="276" HEIGHT="30" WC="0.92" CONTENT="motionärernas"/><SP WIDTH="21" VPOS="1520" HPOS="1359"/>
							<String ID="string_270" HPOS="1380" VPOS="1521" WIDTH="239" HEIGHT="39" WC="0.93" CONTENT="tankegångar"/><SP WIDTH="20" VPOS="1521" HPOS="1619"/>
							<String ID="string_271" HPOS="1639" VPOS="1530" WIDTH="58" HEIGHT="20" WC="0.90" CONTENT="an-"/>
						</TextLine>
						<TextLine ID="line_26" HPOS="212" VPOS="1572" WIDTH="1485" HEIGHT="40">
							<String ID="string_272" HPOS="212" VPOS="1572" WIDTH="130" HEIGHT="39" WC="0.96" CONTENT="gående"/><SP WIDTH="18" VPOS="1572" HPOS="342"/>
							<String ID="string_273" HPOS="360" VPOS="1573" WIDTH="179" HEIGHT="39" WC="0.95" CONTENT="skapande"/><SP WIDTH="19" VPOS="1573" HPOS="539"/>
							<String ID="string_274" HPOS="558" VPOS="1582" WIDTH="42" HEIGHT="20" WC="0.96" CONTENT="av"/><SP WIDTH="17" VPOS="1582" HPOS="600"/>
							<String ID="string_275" HPOS="617" VPOS="1573" WIDTH="157" HEIGHT="39" WC="0.96" CONTENT="skyddad"/><SP WIDTH="16" VPOS="1573" HPOS="774"/>
							<String ID="string_276" HPOS="790" VPOS="1573" WIDTH="222" HEIGHT="30" WC="0.96" CONTENT="verksamhet"/><SP WIDTH="18" VPOS="1573" HPOS="1012"/>
							<String ID="string_277" HPOS="1030" VPOS="1573" WIDTH="87" HEIGHT="29" WC="0.96" CONTENT="även"/><SP WIDTH="18" VPOS="1573" HPOS="1117"/>
							<String ID="string_278" HPOS="1135" VPOS="1573" WIDTH="10" HEIGHT="29" WC="0.96" CONTENT="i"/><SP WIDTH="19" VPOS="1573" HPOS="1145"/>
							<String ID="string_279" HPOS="1164" VPOS="1573" WIDTH="91" HEIGHT="29" WC="0.96" CONTENT="form"/><SP WIDTH="18" VPOS="1573" HPOS="1255"/>
							<String ID="string_280" HPOS="1273" VPOS="1583" WIDTH="41" HEIGHT="20" WC="0.96" CONTENT="av"/><SP WIDTH="18" VPOS="1583" HPOS="1314"/>
							<String ID="string_281" HPOS="1332" VPOS="1574" WIDTH="252" HEIGHT="29" WC="0.93" CONTENT="intellektuella"/><SP WIDTH="19" VPOS="1574" HPOS="1584"/>
							<String ID="string_282" HPOS="1603" VPOS="1574" WIDTH="94" HEIGHT="29" WC="0.92" CONTENT="arbe-"/>
						</TextLine>
						<TextLine ID="line_27" HPOS="211" VPOS="1626" WIDTH="1208" HEIGHT="39">
							<String ID="string_283" HPOS="211" VPOS="1628" WIDTH="68" HEIGHT="31" WC="0.96" CONTENT="ten,"/><SP WIDTH="22" VPOS="1628" HPOS="279"/>
							<String ID="string_284" HPOS="301" VPOS="1626" WIDTH="93" HEIGHT="29" WC="0.96" CONTENT="vilka"/><SP WIDTH="21" VPOS="1626" HPOS="394"/>
							<String ID="string_285" HPOS="415" VPOS="1626" WIDTH="239" HEIGHT="39" WC="0.96" CONTENT="tankegångar"/><SP WIDTH="21" VPOS="1626" HPOS="654"/>
							<String ID="string_286" HPOS="675" VPOS="1626" WIDTH="64" HEIGHT="29" WC="0.96" CONTENT="fått"/><SP WIDTH="24" VPOS="1626" HPOS="739"/>
							<String ID="string_287" HPOS="763" VPOS="1626" WIDTH="76" HEIGHT="29" WC="0.95" CONTENT="stöd"/><SP WIDTH="23" VPOS="1626" HPOS="839"/>
							<String ID="string_288" HPOS="862" VPOS="1635" WIDTH="42" HEIGHT="20" WC="0.96" CONTENT="av"/><SP WIDTH="20" VPOS="1635" HPOS="904"/>
							<String ID="string_289" HPOS="924" VPOS="1626" WIDTH="48" HEIGHT="30" WC="0.93" CONTENT="De"/><SP WIDTH="21" VPOS="1626" HPOS="972"/>
							<String ID="string_290" HPOS="993" VPOS="1626" WIDTH="166" HEIGHT="29" WC="0.92" CONTENT="vanföras"/><SP WIDTH="22" VPOS="1626" HPOS="1159"/>
							<String ID="string_291" HPOS="1181" VPOS="1626" WIDTH="238" HEIGHT="29" WC="0.96" CONTENT="riksförbund."/>
						</TextLine>
					</TextBlock>
					<TextBlock ID="block_5" HPOS="257" VPOS="1679" WIDTH="605" HEIGHT="33">
						<TextLine ID="line_28" HPOS="257" VPOS="1679" WIDTH="605" HEIGHT="33">
							<String ID="string_292" HPOS="257" VPOS="1679" WIDTH="174" HEIGHT="29" WC="0.96" CONTENT="Utskottet"/><SP WIDTH="20" VPOS="1679" HPOS="431"/>
							<String ID="string_293" HPOS="451" VPOS="1679" WIDTH="56" HEIGHT="29" WC="0.96" CONTENT="får"/><SP WIDTH="20" VPOS="1679" HPOS="507"/>
							<String ID="string_294" HPOS="527" VPOS="1679" WIDTH="121" HEIGHT="29" WC="0.93" CONTENT="därför"/><SP WIDTH="19" VPOS="1679" HPOS="648"/>
							<String ID="string_295" HPOS="667" VPOS="1679" WIDTH="195" HEIGHT="33" WC="0.90" CONTENT="hemställa,"/>
						</TextLine>
					</TextBlock>
					<TextBlock ID="block_6" HPOS="523" VPOS="1732" WIDTH="1175" HEIGHT="295">
						<TextLine ID="line_29" HPOS="567" VPOS="1732" WIDTH="1127" HEIGHT="39">
							<String ID="string_296" HPOS="567" VPOS="1734" WIDTH="50" HEIGHT="28" WC="0.96" CONTENT="att"/><SP WIDTH="18" VPOS="1734" HPOS="617"/>
							<String ID="string_297" HPOS="635" VPOS="1732" WIDTH="186" HEIGHT="39" WC="0.96" CONTENT="riksdagen"/><SP WIDTH="20" VPOS="1732" HPOS="821"/>
							<String ID="string_298" HPOS="841" VPOS="1732" WIDTH="76" HEIGHT="29" WC="0.96" CONTENT="med"/><SP WIDTH="20" VPOS="1732" HPOS="917"/>
							<String ID="string_299" HPOS="937" VPOS="1732" WIDTH="97" HEIGHT="30" WC="0.96" CONTENT="bifall"/><SP WIDTH="19" VPOS="1732" HPOS="1034"/>
							<String ID="string_300" HPOS="1053" VPOS="1733" WIDTH="52" HEIGHT="29" WC="0.96" CONTENT="till"/><SP WIDTH="19" VPOS="1733" HPOS="1105"/>
							<String ID="string_301" HPOS="1124" VPOS="1733" WIDTH="219" HEIGHT="30" WC="0.96" CONTENT="motionerna"/><SP WIDTH="19" VPOS="1733" HPOS="1343"/>
							<String ID="string_302" HPOS="1362" VPOS="1733" WIDTH="28" HEIGHT="29" WC="0.89" CONTENT="1:"/><SP WIDTH="17" VPOS="1733" HPOS="1390"/>
							<String ID="string_303" HPOS="1407" VPOS="1733" WIDTH="61" HEIGHT="29" WC="0.94" CONTENT="250"/><SP WIDTH="21" VPOS="1733" HPOS="1468"/>
							<String ID="string_304" HPOS="1489" VPOS="1734" WIDTH="65" HEIGHT="29" WC="0.96" CONTENT="och"/><SP WIDTH="19" VPOS="1734" HPOS="1554"/>
							<String ID="string_305" HPOS="1573" VPOS="1734" WIDTH="45" HEIGHT="28" WC="0.71" CONTENT="II:"/><SP WIDTH="17" VPOS="1734" HPOS="1618"/>
							<String ID="string_306" HPOS="1635" VPOS="1733" WIDTH="59" HEIGHT="29" WC="0.95" CONTENT="311"/>
						</TextLine>
						<TextLine ID="line_30" HPOS="523" VPOS="1785" WIDTH="1175" HEIGHT="40">
							<String ID="string_307" HPOS="523" VPOS="1785" WIDTH="107" HEIGHT="30" WC="0.96" CONTENT="måtte"/><SP WIDTH="22" VPOS="1785" HPOS="630"/>
							<String ID="string_308" HPOS="652" VPOS="1786" WIDTH="9" HEIGHT="28" WC="0.96" CONTENT="i"/><SP WIDTH="23" VPOS="1786" HPOS="661"/>
							<String ID="string_309" HPOS="684" VPOS="1785" WIDTH="166" HEIGHT="29" WC="0.96" CONTENT="skrivelse"/><SP WIDTH="22" VPOS="1785" HPOS="850"/>
							<String ID="string_310" HPOS="872" VPOS="1785" WIDTH="50" HEIGHT="30" WC="0.96" CONTENT="till"/><SP WIDTH="24" VPOS="1785" HPOS="922"/>
							<String ID="string_311" HPOS="946" VPOS="1786" WIDTH="125" HEIGHT="39" WC="0.96" CONTENT="Kungl."/><SP WIDTH="23" VPOS="1786" HPOS="1071"/>
							<String ID="string_312" HPOS="1094" VPOS="1786" WIDTH="105" HEIGHT="39" WC="0.93" CONTENT="Maj:t"/><SP WIDTH="21" VPOS="1786" HPOS="1199"/>
							<String ID="string_313" HPOS="1220" VPOS="1786" WIDTH="184" HEIGHT="30" WC="0.91" CONTENT="hemställa"/><SP WIDTH="23" VPOS="1786" HPOS="1404"/>
							<String ID="string_314" HPOS="1427" VPOS="1795" WIDTH="56" HEIGHT="20" WC="0.92" CONTENT="om"/><SP WIDTH="24" VPOS="1795" HPOS="1483"/>
							<String ID="string_315" HPOS="1507" VPOS="1786" WIDTH="191" HEIGHT="39" WC="0.92" CONTENT="skyndsam"/>
						</TextLine>
						<TextLine ID="line_31" HPOS="523" VPOS="1839" WIDTH="1175" HEIGHT="39">
							<String ID="string_316" HPOS="523" VPOS="1839" WIDTH="186" HEIGHT="39" WC="0.96" CONTENT="utredning"/><SP WIDTH="20" VPOS="1839" HPOS="709"/>
							<String ID="string_317" HPOS="729" VPOS="1839" WIDTH="66" HEIGHT="29" WC="0.96" CONTENT="och"/><SP WIDTH="20" VPOS="1839" HPOS="795"/>
							<String ID="string_318" HPOS="815" VPOS="1839" WIDTH="130" HEIGHT="38" WC="0.96" CONTENT="förslag"/><SP WIDTH="20" VPOS="1839" HPOS="945"/>
							<String ID="string_319" HPOS="965" VPOS="1839" WIDTH="148" HEIGHT="29" WC="0.96" CONTENT="rörande"/><SP WIDTH="23" VPOS="1839" HPOS="1113"/>
							<String ID="string_320" HPOS="1136" VPOS="1839" WIDTH="201" HEIGHT="29" WC="0.94" CONTENT="samhällets"/><SP WIDTH="22" VPOS="1839" HPOS="1337"/>
							<String ID="string_321" HPOS="1359" VPOS="1840" WIDTH="150" HEIGHT="29" WC="0.96" CONTENT="insatser"/><SP WIDTH="21" VPOS="1840" HPOS="1509"/>
							<String ID="string_322" HPOS="1530" VPOS="1839" WIDTH="54" HEIGHT="30" WC="0.96" CONTENT="för"/><SP WIDTH="22" VPOS="1839" HPOS="1584"/>
							<String ID="string_323" HPOS="1606" VPOS="1840" WIDTH="92" HEIGHT="29" WC="0.96" CONTENT="svårt"/>
						</TextLine>
						<TextLine ID="line_32" HPOS="523" VPOS="1892" WIDTH="1175" HEIGHT="39">
							<String ID="string_324" HPOS="523" VPOS="1892" WIDTH="287" HEIGHT="39" WC="0.96" CONTENT="handikappades"/><SP WIDTH="27" VPOS="1892" HPOS="810"/>
							<String ID="string_325" HPOS="837" VPOS="1892" WIDTH="165" HEIGHT="29" WC="0.96" CONTENT="situation"/><SP WIDTH="26" VPOS="1892" HPOS="1002"/>
							<String ID="string_326" HPOS="1028" VPOS="1892" WIDTH="9" HEIGHT="29" WC="0.96" CONTENT="i"/><SP WIDTH="28" VPOS="1892" HPOS="1037"/>
							<String ID="string_327" HPOS="1065" VPOS="1892" WIDTH="193" HEIGHT="33" WC="0.96" CONTENT="samhället,"/><SP WIDTH="27" VPOS="1892" HPOS="1258"/>
							<String ID="string_328" HPOS="1285" VPOS="1892" WIDTH="142" HEIGHT="30" WC="0.96" CONTENT="särskilt"/><SP WIDTH="25" VPOS="1892" HPOS="1427"/>
							<String ID="string_329" HPOS="1452" VPOS="1893" WIDTH="169" HEIGHT="30" WC="0.92" CONTENT="avseende"/><SP WIDTH="25" VPOS="1893" HPOS="1621"/>
							<String ID="string_330" HPOS="1646" VPOS="1896" WIDTH="52" HEIGHT="26" WC="0.91" CONTENT="ut-"/>
						</TextLine>
						<TextLine ID="line_33" HPOS="523" VPOS="1944" WIDTH="1175" HEIGHT="40">
							<String ID="string_331" HPOS="523" VPOS="1944" WIDTH="166" HEIGHT="40" WC="0.96" CONTENT="bildning,"/><SP WIDTH="23" VPOS="1944" HPOS="689"/>
							<String ID="string_332" HPOS="712" VPOS="1945" WIDTH="266" HEIGHT="39" WC="0.96" CONTENT="sysselsättning"/><SP WIDTH="21" VPOS="1945" HPOS="978"/>
							<String ID="string_333" HPOS="999" VPOS="1945" WIDTH="63" HEIGHT="29" WC="0.96" CONTENT="och"/><SP WIDTH="23" VPOS="1945" HPOS="1062"/>
							<String ID="string_334" HPOS="1085" VPOS="1945" WIDTH="267" HEIGHT="39" WC="0.96" CONTENT="möjligheterna"/><SP WIDTH="21" VPOS="1945" HPOS="1352"/>
							<String ID="string_335" HPOS="1373" VPOS="1945" WIDTH="52" HEIGHT="29" WC="0.96" CONTENT="till"/><SP WIDTH="22" VPOS="1945" HPOS="1425"/>
							<String ID="string_336" HPOS="1447" VPOS="1946" WIDTH="173" HEIGHT="30" WC="0.93" CONTENT="särskilda"/><SP WIDTH="21" VPOS="1946" HPOS="1620"/>
							<String ID="string_337" HPOS="1641" VPOS="1946" WIDTH="57" HEIGHT="29" WC="0.92" CONTENT="bo-"/>
						</TextLine>
						<TextLine ID="line_34" HPOS="524" VPOS="1998" WIDTH="275" HEIGHT="29">
							<String ID="string_338" HPOS="524" VPOS="1998" WIDTH="275" HEIGHT="29" WC="0.91" CONTENT="stadsområden."/>
						</TextLine>
					</TextBlock>
				</ComposedBlock>
				<ComposedBlock ID="cblock_2" HPOS="847" VPOS="2486" WIDTH="220" HEIGHT="39">
					<TextBlock ID="block_7" HPOS="847" VPOS="2486" WIDTH="220" HEIGHT="39">
						<TextLine ID="line_35" HPOS="847" VPOS="2486" WIDTH="220" HEIGHT="14">
							<String ID="string_339" HPOS="847" VPOS="2486" WIDTH="76" HEIGHT="13" WC="0.91" CONTENT="ESSELTE"/><SP WIDTH="11" VPOS="2486" HPOS="923"/>
							<String ID="string_340" HPOS="934" VPOS="2487" WIDTH="28" HEIGHT="13" WC="0.91" CONTENT="AB,"/><SP WIDTH="12" VPOS="2487" HPOS="962"/>
							<String ID="string_341" HPOS="974" VPOS="2486" WIDTH="60" HEIGHT="13" WC="0.62" CONTENT="STHLM"/><SP WIDTH="11" VPOS="2486" HPOS="1034"/>
							<String ID="string_342" HPOS="1045" VPOS="2487" WIDTH="22" HEIGHT="12" WC="0.94" CONTENT="65"/>
						</TextLine>
						<TextLine ID="line_36" HPOS="917" VPOS="2509" WIDTH="75" HEIGHT="16">
							<String ID="string_343" HPOS="917" VPOS="2509" WIDTH="75" HEIGHT="16" WC="0.95" CONTENT="514711"/>
						</TextLine>
					</TextBlock>
				</ComposedBlock>
			</PrintSpace>
		</Page>
	</Layout>
</alto>
