1912 2824
279 140 19 30 4
674 146 124 30 Första
821 146 238 37 lagutskottets
1084 147 176 31 utlåtande
1282 147 50 30 Nr
1355 149 49 29 38.

282 225 328 55 tutsbestämmelser
627 230 116 31 kunde
760 229 169 38 utnyttjas
948 230 55 31 för
1020 234 75 27 rent
1114 231 342 36 privatekonomiska
1476 231 184 31 intressens
1680 232 107 31 främ-

281 272 114 36 Jande.

327 340 14 30 I
369 340 56 30 sitt
451 340 12 29 i
490 340 185 37 anledning
702 350 43 20 av
770 340 177 31 motionen
976 341 146 36 avgivna
1150 340 178 31 utlåtande
1361 341 53 37 (nr
1443 340 31 39 8)
1507 341 145 31 anförde
1679 342 109 31 första

282 391 222 36 lagutskottet
522 391 107 30 bland
648 394 120 28 annat:

327 440 164 31 Gällande
520 441 55 37 lag
600 440 192 32 innehåller
818 441 170 31 särskilda
1018 442 223 37 stadganden,
1270 452 75 20 som
1374 444 60 29 äro
1465 443 150 31 avsedda
1641 446 49 27 att
1718 444 69 30 för-

280 482 135 36 hindra,
439 486 50 27 att
512 484 177 30 saknaden
712 493 44 21 av
777 484 300 37 tidsbegränsning
1098 484 57 31 vid
1177 485 298 30 servitutsavtalen
1496 485 93 30 leder
1611 486 49 29 till
1683 486 104 30 orim-

281 525 68 37 liga
378 526 80 30 eller
485 526 140 37 obilliga
652 526 264 31 konsekvenser.
973 526 48 31 På
1052 527 154 37 yrkande
1235 537 42 20 av
1306 527 257 31 vederbörande
1591 527 195 37 fastighets-

281 568 101 36 ägare
404 568 70 30 kan
496 568 148 30 domstol
668 568 157 31 förklara
848 568 153 37 servitut,
1025 578 75 21 som
1124 569 97 30 blivit
1243 570 145 36 onyttigt
1412 570 49 30 till
1486 569 89 37 följd
1598 579 42 21 av
1663 570 124 30 ändra-

281 610 42 31 de
348 609 253 38 förhållanden,
629 611 154 31 förfallet
807 612 79 30 eller
911 613 76 35 ock,
1017 612 113 30 därest
1158 612 176 30 servitutet
1360 612 32 37 ej
1420 613 71 29 kan
1516 622 99 20 anses
1641 612 147 37 onyttigt

280 661 81 22 men
380 655 124 34 nyttan
526 654 106 29 därav
650 655 38 29 är
707 654 99 36 ringa
827 654 10 29 i
856 653 220 31 förhållande
1097 654 50 30 till
1169 655 67 29 den
1256 657 105 34 tunga
1381 664 75 21 som
1480 655 191 30 detsamma
1692 655 94 30 med-

280 694 55 31 för
356 695 54 30 för
432 696 68 30 den
517 696 188 31 besvärade
725 696 216 37 fastigheten,
962 696 168 31 förordna
1148 706 58 21 om
1226 697 193 30 servitutets
1441 697 180 36 avlösning
1642 700 72 27 mot
1736 706 50 21 er-

281 738 159 36 sättning,
463 747 76 21 som
559 738 11 30 i
592 737 37 32 så
649 738 61 31 fall
732 739 207 30 bestämmes
964 749 43 20 av
1028 738 194 38 skiljemän.
1268 740 171 30 Utskottet
1461 757 46 3 —
1526 757 45 4 —
1589 757 45 4 —
1656 739 58 30 vill
1736 749 49 21 er-

280 779 77 31 inra
372 780 132 36 därom,
524 783 49 28 att
590 789 122 28 genom
731 781 100 31 dessa
848 782 259 30 bestämmelser
1124 781 218 37 möjligheter
1359 783 149 35 öppnats
1525 785 48 27 att
1589 782 11 29 i
1617 782 90 30 vissa
1725 782 61 30 fall

280 821 46 37 på
349 823 111 35 grund
483 831 43 21 av
547 823 151 31 ändrade
721 822 244 32 förhållanden
987 824 104 30 vinna
1113 824 159 31 befrielse
1295 823 79 31 från
1395 824 153 30 servitut.

326 889 119 31 Första
469 890 222 36 lagutskottet
718 891 213 35 hemställde,
957 894 50 27 att
1033 891 175 30 motionen
1234 891 75 30 icke
1335 890 106 32 måtte
1468 891 179 31 föranleda
1672 890 115 38 någon

280 940 201 36 riksdagens
504 939 130 38 åtgärd,
659 941 106 30 vilket
790 942 85 29 även
899 941 76 30 blev
1000 941 201 36 riksdagens
1226 942 121 30 beslut.

325 1041 216 37 Upplysning
564 1051 56 20 om
641 1041 206 32 intecknade
868 1042 143 30 servitut
1033 1041 144 31 erhålles
1198 1050 124 28 genom
1346 1042 234 30 anskaffande
1604 1051 42 21 av
1666 1051 119 28 grava-

280 1092 184 31 tionsbevis
483 1091 21 31 å
524 1092 215 37 fastigheten.
783 1093 128 30 Genom
931 1093 207 36 uttryckliga
1157 1092 443 37 författningsföreskrifter
1621 1093 63 30 har
1703 1102 83 20 man

281 1144 77 29 sökt
383 1143 96 36 tillse,
507 1147 49 26 att
584 1144 291 35 gravationsbevis
901 1144 144 29 komma
1071 1146 48 27 att
1146 1142 177 32 innehålla
1349 1143 177 37 uppgifter
1554 1144 147 30 rörande
1729 1144 56 29 be-

281 1193 244 31 skaffenheten
550 1204 41 20 av
613 1194 206 30 intecknade
842 1194 141 30 servitut
1016 1194 30 39 (9
1073 1195 17 36 8
1114 1196 29 28 2.
1168 1194 230 36 kungörelsen
1421 1195 92 29 huru
1538 1194 155 36 lagfarts-
1720 1194 67 30 och

281 1244 345 37 inteckningsböcker
652 1245 98 30 skola
779 1245 142 30 inrättas
948 1245 67 30 och
1042 1245 107 35 föras;
1177 1245 19 30 3
1227 1245 18 36 8
1273 1244 230 36 kungörelsen
1533 1245 66 29 den
1628 1245 41 30 25
1699 1244 86 30 febr.

282 1295 81 31 1921
388 1296 78 30 med
486 1295 92 31 vissa
598 1295 257 31 bestämmelser
878 1298 48 28 att
945 1295 153 36 iakttaga
1119 1295 57 30 vid
1197 1294 211 31 utfärdande
1430 1304 43 21 av
1493 1294 293 37 gravationsbevis

279 1345 90 40 etc.).
418 1346 204 30 Kännedom
645 1356 56 21 om
728 1346 141 31 servitut
895 1356 76 20 som
994 1345 222 37 uppkommit
1240 1345 59 31 vid
1323 1345 462 37 jorddelningsförrättning-

279 1406 39 21 ar
335 1397 96 30 torde
449 1397 10 30 i
478 1398 91 35 regel
585 1397 121 30 endast
723 1398 121 30 kunna
860 1396 149 31 erhållas
1026 1406 41 21 ur
1083 1396 256 36 handlingarna
1356 1396 149 30 rörande
1523 1395 262 37 förrättningen.

279 1448 15 30 I
311 1446 337 38 jorddelningslagen
667 1449 139 35 stadgas
832 1447 52 39 (10
901 1448 81 36 kap.
1001 1448 20 29 9
1043 1446 46 40 8),
1109 1450 48 27 att
1181 1447 4 29 i
1206 1447 208 36 protokollet
1434 1447 81 29 över
1533 1446 254 36 förrättningen

279 1502 100 33 samt,
403 1499 10 30 i
441 1499 68 30 den
535 1497 82 32 mån
641 1498 37 31 så
703 1499 188 36 lämpligen
914 1498 72 31 kan
1013 1499 69 34 ske,
1106 1497 131 37 jämväl
1262 1496 21 31 å
1307 1497 124 30 kartan
1457 1496 51 30 till
1534 1496 253 37 förrättningen

279 1550 88 31 skall
390 1550 142 37 angivas
555 1548 140 32 område
718 1549 56 31 för
796 1549 158 30 servituts
977 1548 183 31 utövande.
1209 1547 131 31 Genom
1361 1557 43 21 en
1426 1547 205 36 kungörelse
1655 1547 68 30 den
1744 1546 41 30 30

278 1602 89 36 april
389 1603 80 29 1937
492 1602 66 29 har
580 1601 156 35 domstol,
758 1610 75 21 som
852 1600 182 30 förordnat
1054 1609 56 20 om
1130 1598 241 37 begränsning,
1392 1597 232 37 förflyttning,
1644 1597 141 30 föränd-

278 1653 76 37 ring
372 1653 80 30 eller
467 1652 231 37 upphörande
716 1661 43 21 av
777 1651 149 37 servitut,
947 1649 110 37 ålagts
1078 1652 48 28 att
1142 1649 111 30 under
1271 1648 90 31 vissa
1379 1648 205 36 betingelser
1601 1647 184 31 föranstal-

279 1707 35 28 ta
342 1704 130 35 därom,
505 1706 50 27 att
585 1702 146 31 avskrift
759 1711 44 21 av
832 1701 145 36 utslaget
1007 1700 206 30 översändes
1245 1699 51 30 till
1323 1699 109 30 länets
1461 1698 325 31 lantmäterikontor

278 1755 91 36 eller,
391 1764 57 21 om
470 1754 69 30 den
560 1763 42 21 av
622 1752 177 31 servitutet
820 1751 189 31 besvärade
1033 1751 206 36 fastigheten
1261 1751 38 29 är
1321 1750 143 36 belägen
1489 1749 11 30 i
1522 1750 76 29 stad
1619 1749 81 30 eller
1725 1749 60 29 kö-

279 1806 83 36 ping
386 1806 81 30 eller
490 1807 108 28 annat
622 1804 178 34 samhälle,
825 1803 53 30 för
903 1802 106 30 vilket
1033 1802 87 30 skall
1144 1801 93 30 föras
1265 1800 322 37 fastighetsregister
1613 1799 104 37 enligt
1744 1799 42 30 de

278 1855 55 31 för
353 1856 75 30 stad
449 1855 202 30 meddelade
672 1853 269 36 bestämmelser,
961 1853 52 29 till
1038 1851 256 31 vederbörande
1313 1850 322 38 byggnadsnämnd.

325 1957 52 32 Då
401 1967 46 27 ny
474 1957 164 36 fastighet
663 1956 89 31 skall
776 1955 112 30 bildas
913 1962 126 28 genom
1067 1953 322 35 sammanläggning
1414 1961 43 21 av
1483 1952 94 30 olika
1603 1950 176 35 områden,

279 2008 110 31 måste
413 2008 92 31 vissa
530 2017 43 21 av
598 2007 97 36 lagen
719 2005 200 37 uppställda
944 2004 199 36 fordringar
1167 2002 178 37 angående
1371 2001 409 37 inteckningsförhållan-

280 2060 89 30 dena
390 2068 82 21 vara
494 2057 194 37 uppfyllda.
732 2057 14 29 I
772 2057 88 35 regel
882 2055 58 31 må
962 2054 334 36 sammanläggning,
1321 2054 64 29 när
1408 2062 74 21 mer
1505 2054 44 29 än
1572 2055 46 28 ett
1640 2061 41 22 av
1708 2060 72 22 om-

279 2109 129 32 rådena
430 2110 39 30 är
490 2109 160 30 besvärat
672 2117 43 21 av
740 2107 207 36 inteckning,
972 2107 66 35 äga
1060 2115 76 21 rum
1160 2105 147 30 allenast
1329 2114 55 20 om
1408 2104 76 30 icke
1508 2102 103 37 något
1634 2112 42 21 av
1701 2102 80 30 dem

279 2160 118 31 häftar
417 2160 55 30 för
490 2160 110 30 andra
617 2158 239 36 inteckningar
875 2158 44 29 än
940 2156 134 31 sådana
1094 2165 74 21 som
1187 2156 61 30 äro
1267 2155 11 30 i
1300 2164 134 21 samma
1452 2153 162 31 inbördes
1634 2153 148 35 ordning

279 2211 158 36 gällande
457 2210 132 37 jämväl
610 2210 10 30 i
642 2213 75 27 vart
739 2210 66 29 och
828 2211 45 28 ett
895 2217 41 22 av
961 2208 42 30 de
1026 2207 117 36 övriga
1166 2205 203 36 områdena;
1395 2206 65 29 den
1486 2203 299 37 omständigheten

279 2265 49 27 att
347 2262 11 30 i
378 2265 46 27 ett
444 2271 42 21 av
509 2260 188 31 områdena
717 2259 112 31 tillika
850 2259 113 30 finnes
985 2257 198 36 inteckning
1205 2257 81 29 med
1308 2256 111 30 sämre
1440 2256 69 29 rätt
1532 2255 87 30 skall
1640 2254 89 30 dock
1754 2252 30 36 ej

277 2313 123 35 utgöra
421 2312 126 30 hinder
568 2314 71 28 mot
660 2309 379 37 sammanläggningen,
1063 2307 146 32 såframt
1231 2307 210 30 innehavare
1462 2315 43 21 av
1527 2305 108 31 sådan
1656 2304 129 30 inteck-

279 2362 82 37 ning
376 2362 165 37 medgivit
557 2360 364 37 sammanläggningen
946 2359 32 37 (3
994 2360 80 35 kap.
1093 2359 19 29 3
1130 2358 18 37 8
1166 2358 66 30 och
1251 2358 19 29 4
1287 2358 79 35 kap.
1384 2357 19 29 2
1420 2357 18 36 8
1457 2356 101 36 lagen
1574 2356 65 29 den
1658 2355 38 30 12
1713 2353 72 37 maj

282 2414 81 29 1917
384 2422 56 21 om
459 2412 341 37 fastighetsbildning
818 2411 10 30 i
847 2411 75 30 stad
943 2413 92 27 samt
1056 2410 39 29 14
1116 2409 18 37 $
1154 2409 101 36 lagen
1273 2408 67 30 den
1361 2408 38 29 18
1418 2407 76 36 juni
1519 2407 82 29 1926
1620 2415 57 21 om
1697 2414 89 21 sam-

279 2463 245 36 manläggning
546 2472 42 21 av
610 2462 202 37 fastigheter
833 2461 20 31 å
873 2459 145 37 landet).
1066 2458 118 32 Består
1203 2468 43 21 en
1271 2457 270 32 administrativt
1560 2456 119 31 bildad
1699 2457 88 28 tomt
