1912 2850
345 161 18 29 4
636 161 421 37 Bevillningsutskottets
1084 163 223 31 betänkande
1332 164 53 31 Nr
1418 164 51 30 34.

299 237 65 35 att,
393 240 116 28 såsom
538 235 138 36 jämväl
705 237 79 32 1931
814 238 60 31 års
902 237 356 37 bevillningsutskott
1291 238 236 36 (betänkande
1557 251 43 21 nr
1630 239 52 38 21)
1715 241 91 30 erin-

299 287 94 37 rade,
418 288 132 36 frågan
572 298 57 21 om
649 288 320 37 åvägabringande
991 300 46 21 av
1060 290 117 31 bättre
1199 290 484 37 avsättningsförhållanden
1710 293 96 30 inom

299 338 119 32 landet
444 340 57 30 för
524 340 129 31 svensk
676 340 133 36 potatis
834 341 12 31 i
870 340 76 32 icke
971 341 107 35 ringa
1099 343 85 30 mån
1209 344 41 29 är
1272 353 46 21 en
1343 343 106 36 fråga
1473 353 58 21 om
1558 344 246 35 organisation

299 398 46 21 av
368 390 263 37 försäljningen
655 393 92 30 samt
769 401 57 21 om
847 391 269 37 nedbringande
1138 403 46 21 av
1205 394 241 31 kostnaderna
1472 395 57 30 för
1552 397 184 35 transport
1756 405 49 21 av

298 440 178 35 potatisen
507 443 84 31 från
621 442 337 36 produktionsorten,
987 444 56 31 till
1071 444 70 31 den
1170 444 77 32 icke
1277 445 115 32 sällan
1421 446 103 35 långt
1551 446 169 32 därifrån
1748 447 56 30 be-

297 491 109 35 lägna
430 493 358 32 konsumtionsorten.

337 543 211 33 Emellertid
568 547 40 29 är
628 546 56 31 för
701 547 228 31 närvarande
950 546 211 37 riksdagens
1179 547 305 37 handlingsfrihet
1504 550 13 30 i
1535 550 71 31 vad
1623 560 105 21 avser
1748 550 54 31 be-

298 594 153 33 redande
470 606 46 21 av
535 595 185 38 tullskydd
737 598 39 31 åt
794 598 302 36 potatisodlingen
1117 600 12 30 i
1145 599 75 33 viss
1238 600 222 36 omfattning
1477 601 210 35 begränsad.
1725 601 78 31 Den

297 647 208 31 nuvarande
534 647 226 33 tullfriheten
786 649 229 33 beträffande
1042 650 133 37 potatis
1203 653 41 29 är
1269 651 184 37 nämligen
1483 661 127 27 genom
1636 653 79 31 1926
1743 655 60 29 års

298 697 161 32 handels-
485 699 65 31 och
575 699 290 36 sjöfartstraktat
890 702 133 31 mellan
1048 702 147 37 Sverige
1221 704 64 30 och
1310 703 119 37 Tyska
1454 704 93 31 riket
1575 704 152 38 bunden,
1753 706 52 30 så-

298 747 70 34 vitt
394 751 114 35 angår
533 750 142 38 potatis,
700 751 251 33 inkommande
979 754 114 31 under
1118 752 98 33 tiden
1241 756 18 29 1
1283 756 229 35 augusti—31
1534 756 193 32 december.
1785 757 17 30 I

299 799 120 32 vilken
442 801 254 37 utsträckning
720 803 114 31 andra
858 804 142 37 hänsyn
1025 816 47 20 av
1096 805 297 37 handelspolitisk
1417 809 109 30 natur
1552 809 12 30 i
1589 807 99 33 detta
1713 818 90 22 sam-

298 851 182 36 manhang
514 852 114 33 måste
652 854 157 37 beaktas,
834 855 253 37 undandrager
1113 857 56 36 sig
1191 856 180 33 dessutom
1398 859 194 33 utskottets
1615 859 187 32 bedöman-

296 902 53 32 de.
404 902 183 34 Utskottet
622 906 68 30 har
718 905 127 32 därför
878 908 118 31 ansett
1029 908 56 36 sig
1117 908 88 32 böra
1229 908 154 38 förorda,
1406 912 55 29 att
1484 911 132 35 frågan
1638 921 58 21 om
1720 911 82 31 tull-

296 953 115 36 skydd
436 956 37 31 åt
499 955 302 38 potatisodlingen
826 958 96 31 inom
948 957 94 33 riket
1067 968 125 27 genom
1217 960 134 36 Kungl.
1380 961 129 36 Maj:ts
1535 962 141 36 försorg
1700 965 103 34 göres

297 1003 58 34 till
377 1005 150 32 föremål
550 1008 56 30 för
626 1010 168 30 närmare
815 1010 195 36 utredning
1029 1011 64 31 vid
1114 1010 179 38 tidpunkt,
1315 1022 74 22 som
1410 1013 127 31 härför
1559 1014 59 30 må
1638 1014 166 31 befinnas

296 1054 159 38 lämplig,
482 1060 131 31 varvid
643 1059 149 35 frågans
818 1059 319 38 handelspolitiska
1163 1063 78 31 sida
1268 1062 137 36 jämväl
1429 1064 66 31 bör
1521 1065 142 31 komma
1690 1065 114 31 under

297 1108 259 35 övervägande.

335 1156 181 34 Utskottet
541 1161 67 31 har
632 1162 197 32 emellertid
852 1163 129 37 tillika,
1006 1165 112 31 under
1142 1165 200 32 beaktande
1366 1177 46 20 av
1439 1167 41 31 de
1505 1167 193 37 allvarliga
1723 1170 79 29 svå-

295 1208 165 39 righeter,
487 1212 80 31 med
593 1211 97 33 vilka
716 1215 67 30 vår
808 1214 402 40 jordbruksbefolkning
1235 1217 68 31 har
1328 1219 54 30 att
1408 1218 141 37 kämpa,
1576 1220 120 30 funnit
1723 1220 78 31 skäl

294 1259 72 32 tala
389 1262 57 32 för
466 1264 55 30 att
545 1263 110 32 redan
677 1274 58 26 nu,
758 1266 11 30 i
792 1267 183 30 avvaktan
994 1269 48 34 på
1063 1268 188 31 resultatet
1274 1279 45 20 av
1339 1270 158 31 nämnda
1517 1271 197 36 utredning
1735 1271 65 32 och

294 1312 79 31 med
400 1313 234 37 begagnande
663 1326 45 20 av
737 1316 66 31 den
835 1316 187 37 möjlighet
1053 1328 73 21 som
1157 1319 56 32 för
1241 1320 229 31 närvarande
1500 1322 75 30 står
1605 1324 121 35 öppen,
1758 1332 42 21 en

294 1362 66 31 tull
385 1375 45 20 av
454 1365 167 37 tillfällig
643 1366 175 32 karaktär
843 1369 132 32 åsättes
999 1369 143 37 potatis,
1170 1370 251 33 inkommande
1446 1372 113 32 under
1583 1374 98 31 tiden
1706 1375 18 29 1
1748 1374 52 36 ja-

291 1415 187 31 nuari—31
507 1417 77 36 juli.
631 1417 68 32 Det
727 1419 114 31 skulle
869 1419 213 37 visserligen
1110 1421 162 33 häremot
1299 1422 123 32 kunna
1450 1424 186 37 invändas,
1665 1427 55 30 att
1747 1426 53 30 in-

294 1464 142 39 förseln,
456 1478 75 22 som
551 1467 133 34 hittills
702 1470 60 31 till
783 1471 249 36 övervägande
1053 1472 57 32 del
1130 1475 61 34 ägt
1211 1484 82 21 rum
1314 1474 113 32 under
1447 1476 159 32 nämnda
1625 1477 174 32 månader

292 1526 46 22 av
360 1520 86 35 året,
468 1519 140 32 komme
631 1522 54 30 att
707 1520 200 37 förskjutas
928 1523 57 31 till
1005 1524 221 32 månaderna
1249 1528 163 30 närmast
1434 1527 77 32 före
1533 1528 196 38 årsskiftet,
1751 1529 47 31 då

291 1567 135 34 allmän
448 1570 183 33 tullfrihet
651 1572 56 31 för
727 1573 133 36 potatis
881 1574 169 38 åtnjutes,
1071 1576 64 31 och
1154 1578 55 30 att
1230 1576 131 32 tullens
1379 1578 138 31 verkan
1535 1579 127 32 därför
1682 1581 116 31 skulle

292 1617 97 36 bliva
405 1631 45 21 av
471 1622 173 37 tämligen
660 1621 108 37 ringa
784 1624 190 37 betydelse.
1012 1626 124 32 Ehuru
1156 1627 115 32 denna
1289 1628 225 38 invändning
1532 1632 114 31 måste
1663 1641 103 22 anses
1784 1632 13 30 i

292 1670 72 32 viss
377 1674 84 30 mån
477 1673 162 38 befogad,
653 1675 95 31 hava
760 1676 92 31 dock
865 1677 42 32 de
922 1677 227 36 olägenheter
1163 1680 13 30 i
1190 1680 158 31 nämnda
1362 1680 208 38 hänseende,
1586 1693 73 22 som
1672 1683 124 32 kunna

290 1721 127 34 tänkas
446 1724 226 38 uppkomma,
701 1728 102 35 synts
831 1728 172 32 utskottet
1032 1739 90 22 vara
1150 1729 139 33 mindre
1319 1732 200 36 betydande
1549 1734 12 30 i
1590 1734 206 36 Jämförelse

289 1772 80 31 med
388 1775 45 32 de
457 1774 167 39 fördelar,
647 1786 75 22 som
744 1779 56 31 stå
824 1780 53 30 att
904 1779 110 32 vinna
1036 1790 126 26 genom
1184 1792 43 21 en
1249 1783 114 31 under
1382 1785 98 31 årets
1504 1784 57 36 sju
1586 1786 113 31 första
1723 1787 73 31 må-

290 1823 110 33 nader
422 1826 167 35 gällande
614 1829 66 30 tull
703 1830 21 30 å
747 1830 142 35 potatis.
931 1830 184 34 Utskottet
1138 1833 66 31 har
1225 1832 126 33 därför
1374 1837 146 30 stannat
1542 1836 63 32 vid
1628 1839 53 30 att
1706 1839 89 30 före-

290 1874 52 32 slå
368 1887 45 21 en
443 1878 114 32 sådan
584 1878 167 38 tillfällig
778 1881 77 36 tull,
883 1881 122 33 vilken
1034 1885 101 34 synts
1163 1885 172 31 utskottet
1362 1886 88 32 böra
1478 1887 201 33 tillsvidare
1708 1891 87 35 utgå

288 1927 79 31 med
388 1938 42 21 en
448 1928 116 33 krona
586 1931 56 31 för
661 1931 59 31 100
738 1931 189 37 kilogram.

329 1977 120 34 Under
477 1979 224 38 åberopande
727 1993 47 21 av
798 1985 72 30 vad
897 1984 152 32 sålunda
1080 1987 138 31 anförts
1246 1988 57 31 får
1329 1989 175 33 utskottet
1531 1987 197 45 hemställa,

729 2087 53 30 att
809 2085 191 36 riksdagen
1026 2088 120 35 måtte,

725 2137 12 30 i
763 2137 194 37 anledning
982 2149 47 21 av
1055 2140 32 36 ej
1114 2140 139 33 mindre
1280 2142 42 31 de
1348 2143 231 37 likalydande
1606 2147 187 31 motioner-

686 2196 47 22 na
754 2187 33 31 I:
802 2188 58 31 239
881 2199 47 21 av
949 2190 83 31 herr
1054 2191 204 32 Pettersson
1281 2203 44 22 m.
1348 2194 37 32 fl.
1408 2196 65 31 och
1495 2196 53 31 II:
1564 2197 58 31 358
1644 2208 46 20 av
1711 2199 84 30 herr

685 2237 266 35 Hammarlund
972 2251 45 21 m.
1042 2243 38 31 fl.
1104 2246 46 28 än
1177 2245 89 30 även
1289 2245 180 32 motionen
1493 2247 52 31 II:
1560 2248 58 31 243
1642 2260 46 20 av
1711 2250 84 31 herr

685 2289 152 33 Persson
858 2293 11 30 i
890 2292 146 37 Fritorp
1059 2304 45 25 m,
1126 2294 47 36 fl.,

721 2392 31 36 1)
778 2392 136 33 besluta
950 2396 53 30 att
1027 2396 12 30 i
1067 2396 170 33 skrivelse
1262 2398 56 31 till
1342 2398 134 38 Kungl.
1499 2401 110 37 Maj:t
1635 2400 157 45 anhålla,

681 2444 76 32 dels
780 2445 53 31 att
857 2445 129 36 frågan
1010 2457 57 21 om
1088 2447 198 34 beredande
1310 2461 45 20 av
1377 2451 186 37 tullskydd
1585 2455 37 30 åt
1645 2452 147 44 potatis-
