2189 2657
747 201 253 33 Statsutskottets
1029 201 170 33 Utlåtande
1221 202 62 33 N:o
1306 205 51 31 35.
1777 205 39 31 15

261 277 192 50 billigaste
493 278 119 51 hjälp,
655 292 82 24 som
764 280 87 37 från
879 285 144 33 statens
1052 280 82 38 sida
1160 280 128 39 kunde
1316 282 154 39 komma
1498 282 12 38 i
1538 284 125 50 fråga;
1694 284 70 37 och
1792 284 69 37 har

259 330 406 49 domänintendenten,
694 345 81 24 som
804 335 143 48 ansåge
973 333 277 50 afsöndringen
1270 335 34 49 ej
1325 335 121 38 blifva
1466 336 59 37 för
1544 337 316 37 stamhemmanet

258 385 50 47 på
327 385 121 47 något
467 388 77 32 sätt
557 384 155 49 menlig,
729 384 102 38 hvad
846 385 209 37 beträffade
1069 385 297 52 församlingens
1381 389 167 49 anspråk
1561 392 49 47 på
1624 389 235 38 kostnadsfri

258 435 215 49 upplåtelse
501 436 41 36 af
564 436 213 49 ståndskog
801 440 21 34 å
851 437 74 37 den
953 437 63 37 del
1043 438 43 37 af
1110 439 181 47 området,
1313 453 82 23 som
1414 454 93 24 vore
1526 441 253 49 skogbeväxt,
1800 441 59 37 för

258 491 56 31 att
355 487 204 38 såmedelst
593 488 119 37 blifva
752 489 14 36 1
801 488 149 38 tillfälle
984 494 55 32 att
1065 490 174 50 uppfylla
1266 491 47 37 de
1341 491 42 38 af
1405 493 220 49 professorn
1653 493 206 50 Cronquist

258 539 217 49 uppställda
503 540 279 49 fordringarna,
810 542 173 48 uttryckt
1012 542 74 37 den
1113 543 169 50 mening,
1300 548 67 44 att,
1389 545 47 37 då
1456 545 108 37 faran
1582 546 62 37 för
1663 545 196 38 skolhuset

259 591 150 38 komme
436 592 85 37 från
549 592 74 37 den
647 593 41 36 af
712 598 125 32 staten
865 593 65 37 vid
958 594 228 38 krutbruket
1213 595 175 38 bedrifna
1417 598 294 49 handteringen,
1731 599 128 48 billig-

258 642 114 38 heten
413 644 190 49 fordrade,
648 650 55 32 att
744 645 171 37 området
943 646 12 36 i
984 646 59 37 sin
1080 647 132 37 helhet
1240 649 86 36 med
1355 650 174 36 växande
1557 650 99 49 skog
1682 651 177 49 upplätes

258 697 38 35 åt
324 695 315 51 församlingen.»

387 749 121 37 Eders
548 749 143 50 Kungl.
733 749 129 50 Maj:ts
903 750 425 51 befallningshafvande
1370 753 69 37 har
1465 754 13 36 i
1506 754 67 37 sitt
1607 755 251 38 förenämnda

256 800 266 50 underdåniga
562 801 209 49 utlåtande,
815 802 47 37 då
893 803 275 49 församlingen
1196 805 129 37 träffat
1354 806 387 38 öfverenskommelse
1769 808 87 37 med

257 853 247 37 arrendatorn
532 867 62 23 om
621 854 80 37 viss
729 855 216 50 ersättning
972 855 58 37 till
1058 856 135 48 denne,
1216 857 60 37 för
1295 857 64 37 det
1378 858 76 37 han
1475 859 121 37 under
1616 860 241 37 återstående

256 905 271 37 arrendetiden
566 906 145 37 afstode
752 906 87 37 från
880 907 60 36 sin
974 908 281 49 nyttjanderätt
1282 909 60 37 till
1368 910 293 49 ifrågavarande
1690 913 165 47 område,

256 962 101 31 samt
397 956 46 38 de
471 957 13 37 i
512 958 157 37 ärendet
710 959 214 49 åberopade
966 960 388 50 omständigheterna,
1393 968 56 31 att
1477 963 74 37 den
1574 964 282 49 jämförelsevis

255 1009 140 37 talrika
445 1010 427 50 arbetarbefolkningen
912 1011 66 37 vid
1019 1012 65 37 det
1124 1018 125 32 staten
1289 1013 199 51 tillhöriga
1529 1016 228 37 krutbruket
1797 1016 60 37 till

255 1062 195 48 väsentlig
491 1062 97 50 grad
629 1063 192 36 föranledt
861 1063 181 37 behofvet
1078 1065 41 36 af
1142 1078 52 23 nu
1217 1066 265 49 ifrågakomna
1511 1068 346 49 skolhusbyggnad

255 1113 72 37 och
368 1119 55 31 att
450 1114 278 50 församlingen
755 1114 84 38 icke
866 1129 91 24 vare
986 1116 60 49 sig
1075 1116 43 37 af
1140 1116 248 39 krutbrukets
1416 1119 100 37 fasta
1545 1120 191 49 egendom
1764 1121 93 37 eller

256 1166 41 35 af
321 1166 73 36 den
421 1167 154 48 rörelse,
605 1180 82 24 som
716 1167 67 37 där
810 1168 164 48 drefves,
1004 1169 145 49 åtnjöte
1168 1172 130 47 någon
1317 1171 178 49 inkomst,
1516 1177 132 44 syntes
1667 1173 190 37 innefatta

256 1218 130 37 starka
427 1218 283 50 billighetsskäl
751 1220 60 37 för
851 1220 294 49 församlingens
1184 1223 166 49 anspråk
1378 1228 55 32 att
1459 1229 93 32 utan
1579 1225 107 36 lösen
1714 1225 142 37 erhålla

256 1270 119 49 sagda
417 1271 155 37 område
613 1271 87 37 med
736 1271 89 37 därå
853 1273 176 37 växande
1057 1273 97 49 träd,
1184 1287 82 24 som
1293 1275 58 36 till
1379 1275 96 50 följd
1504 1277 41 36 af
1567 1277 169 48 platsens
1764 1282 92 32 nära

256 1322 230 50 belägenhet
527 1323 101 37 intill
668 1324 231 37 krutbruket
939 1325 109 37 torde
1089 1325 91 37 böra
1221 1327 58 36 till
1320 1327 123 50 skydd
1476 1328 12 36 i
1515 1328 183 38 händelse
1736 1329 41 37 af
1809 1343 47 23 en

256 1375 198 49 explosion
495 1375 166 49 kvarstå,
703 1376 205 48 hemställt,
951 1382 55 32 att
1048 1378 170 37 området
1246 1378 12 36 i
1286 1379 110 49 fråga
1433 1383 117 35 måtte
1578 1381 59 37 för
1665 1381 105 37 alltid
1798 1382 58 36 till

254 1416 125 48 Åkers
408 1427 228 50 församling
663 1433 93 32 utan
783 1429 108 36 lösen
919 1425 187 58 upplåtas.

383 1479 112 37 Efter
535 1480 119 49 nådig
689 1481 134 36 remiss
863 1481 70 37 har
968 1482 329 50 domänstyrelsen
1326 1484 13 36 i
1366 1485 257 50 underdånigt
1656 1486 198 38 utlåtande

255 1530 75 37 den
360 1533 45 35 19
436 1532 96 49 april
555 1534 110 46 1905,
685 1533 87 36 med
792 1533 310 38 öfverlämnande
1123 1536 40 35 af
1180 1549 47 23 en
1246 1536 85 36 från
1350 1536 276 50 församlingen
1645 1538 206 49 infordrad,

256 1583 42 35 af
322 1583 552 39 kommissionslandtmätaren
903 1585 43 38 O.
976 1587 42 35 B.
1048 1587 111 36 Déhn
1183 1591 41 33 år
1255 1589 97 36 1905
1382 1590 203 48 upprättad
1618 1591 110 36 karta
1747 1592 107 36 öfver

256 1635 170 37 området
454 1636 13 36 i
495 1636 108 49 fråga
631 1637 88 36 med
745 1637 255 51 beskrifning,
1031 1639 122 49 enligt
1180 1640 156 37 hvilken
1361 1641 104 37 detta
1485 1643 179 37 omfattar
1683 1656 48 24 en
1752 1644 102 37 areal

256 1687 40 36 af
324 1689 18 35 1
372 1687 137 38 hektar
538 1691 57 45 2,5
627 1703 53 34 ar,
709 1689 111 37 däraf
843 1692 85 46 47,2
961 1705 40 22 ar
1028 1692 90 36 åker
1146 1692 71 37 och
1242 1694 84 46 55,3
1349 1706 40 24 ar
1409 1694 315 51 afrösningsjord,
1745 1696 107 37 hem-

255 1739 116 48 ställt,
401 1744 55 32 att
483 1740 293 49 ifrågavarande
804 1742 154 37 område
987 1746 117 34 måtte
1131 1749 94 32 utan
1254 1746 215 49 ersättning
1493 1750 37 33 åt
1548 1739 123 45 Åkers
1690 1748 161 36 försam-

255 1790 86 50 ling
368 1791 61 37 för
457 1792 107 37 alltid
591 1793 188 49 upplåtas.

384 1896 201 37 Utskottet
612 1896 230 49 hemställer,

786 2006 54 31 att
881 2001 144 50 Kungl.
1067 2002 129 50 Maj:ts
1238 2004 293 49 ifrågavarande
1568 2006 283 52 framställning

655 2055 61 34 må
743 2053 116 37 vinna
887 2053 243 50 Riksdagens
1158 2055 118 37 bifall.

385 2152 221 39 Stockholm
634 2156 75 37 den
744 2159 17 34 1
793 2171 101 23 mars
926 2159 109 36 1906.

765 2261 52 37 På
847 2263 303 38 statsutskottets
1177 2269 164 45 vägnar:

888 2366 146 38 HUGO
1065 2367 158 38 TAMM.
