2178 2628
478 194 115 31 Andra
620 195 200 31 kammarens
845 195 116 40 fjärde
985 193 168 42 tillfälliga
1176 194 132 31 utskotts
1331 193 163 32 utlåtande
1519 194 52 30 Nr
1594 195 31 29 4.
1844 195 12 28 1

994 597 69 42 Nr
1092 597 50 41 4.

896 705 111 26 Ankom
1027 705 42 25 till
1089 704 169 33 riksdagens
1279 703 91 26 kansli
1391 703 55 25 den
1467 703 16 26 9
1503 711 76 17 mars
1600 703 70 25 1920
1690 703 35 25 kl.
1746 702 16 25 4
1781 710 23 17 e.
1825 711 37 16 m.

584 850 129 34 Andra
749 851 218 34 kammarens
988 849 149 44 fjärde
1166 848 179 44 tillfälliga
1375 848 145 35 utskotts
1548 847 180 36 utlåtande
1755 858 45 23 nr
1827 848 34 41 4,

690 913 13 33 i
747 912 186 45 anledning
975 923 44 24 av
1060 913 101 34 väckt
1202 911 125 35 motion
1369 922 53 23 om
1459 909 164 36 skrivelse
1650 909 53 36 till
1730 910 131 44 Kungl.

694 974 114 44 Maj:t
837 975 178 44 angående
1044 974 305 35 åstadkommande
1378 985 43 23 av
1441 972 224 45 lagstiftning
1684 972 53 35 till
1755 973 112 44 skydd

691 1039 12 33 i
740 1038 96 35 vissa
874 1038 189 35 avseenden
1094 1036 65 43 för
1188 1040 140 41 torpare
1356 1036 59 34 och
1443 1035 135 35 mindre
1607 1035 256 35 arrendatorer.

371 1200 18 34 I
432 1211 44 23 en
515 1198 96 35 inom
643 1199 112 34 andra
783 1198 211 35 kammaren
1028 1197 109 35 väckt
1167 1198 65 34 och
1261 1195 56 36 till
1346 1197 81 34 dess
1456 1196 118 48 fjärde
1602 1194 183 48 tillfälliga
1812 1198 53 32 ut-

263 1253 100 35 skott
406 1252 176 35 hänvisad
622 1251 147 44 motion,
814 1263 44 23 nr
892 1253 87 41 278,
1010 1252 67 33 har
1119 1251 84 34 herr
1245 1250 154 47 Sjöblom
1440 1250 195 43 hemställt,
1672 1253 74 32 »att
1774 1248 91 36 riks-

262 1307 121 46 dagen
411 1308 111 33 måtte
550 1306 142 35 besluta
720 1309 55 32 att
802 1304 12 35 i
843 1304 176 36 skrivelse
1047 1304 56 35 till
1131 1304 137 46 Kungl.
1299 1302 107 48 Maj:t
1425 1303 146 35 anhålla
1590 1315 54 23 om
1667 1302 197 48 skyndsam

265 1359 197 48 utredning
503 1360 55 34 för
596 1358 320 36 åstadkommande
945 1370 44 23 av
1018 1370 45 22 en
1093 1358 56 34 för
1177 1357 81 35 hela
1286 1356 123 36 landet
1437 1357 168 46 gällande
1633 1355 232 48 lagstiftning

265 1414 11 35 i
320 1414 96 47 syfte
459 1416 53 32 att
552 1416 133 43 trygga
725 1419 163 39 torpares
930 1412 67 34 och
1040 1411 140 35 mindre
1219 1411 268 34 arrendatorers
1516 1413 74 32 rätt
1617 1409 56 36 till
1701 1409 164 47 drägliga

266 1467 132 36 villkor
426 1468 66 34 och
521 1466 189 36 förhindra
739 1467 70 34 den
839 1466 225 46 ödeläggelse
1094 1477 43 22 av
1166 1464 302 48 torplägenheter,
1500 1476 73 23 som
1604 1463 58 36 till
1680 1463 186 47 oersättlig

262 1522 117 35 skada
422 1521 54 35 för
509 1520 124 35 landet
661 1524 62 43 ägt
751 1532 80 23 rum
861 1521 43 34 de
933 1531 128 23 senare
1090 1521 98 41 åren,
1219 1525 93 29 samt
1340 1521 53 32 att
1421 1530 56 22 om
1508 1517 141 48 möjligt
1677 1516 57 36 till
1762 1520 104 32 nästa

263 1575 152 46 riksdag
443 1574 186 35 inkomma
659 1574 80 35 med
768 1573 134 48 förslag
929 1573 13 34 i
970 1572 183 36 ärendet.»

373 1629 18 34 I
420 1627 102 47 fråga
550 1639 57 23 om
638 1627 265 46 motiveringen
932 1627 56 34 får
1016 1626 180 35 utskottet
1225 1625 153 36 hänvisa
1405 1624 58 36 till
1492 1624 192 36 motionen.

373 1681 188 35 Utskottet
597 1680 213 35 instämmer
839 1680 56 36 för
923 1679 56 36 sin
1009 1680 59 34 del
1095 1679 13 34 i
1137 1680 44 34 de
1210 1678 186 36 önskemål
1424 1690 55 23 om
1511 1681 170 44 tryggare
1710 1681 72 32 rätt
1811 1678 55 35 för

264 1742 145 39 torpare
438 1735 66 34 och
534 1733 143 36 mindre
705 1734 258 43 arrendatorer,
995 1745 75 22 som
1102 1732 223 35 motionären
1354 1730 13 35 i
1395 1731 115 48 själva
1538 1731 64 35 sitt
1629 1731 237 46 slutyrkande

267 1787 225 36 framställer.
550 1787 174 35 Däremot
761 1787 73 35 kan
871 1786 180 36 utskottet
1079 1785 81 35 icke
1189 1786 119 34 odelat
1336 1784 194 47 godkänna
1559 1785 44 34 de
1632 1785 127 43 medel,
1790 1796 74 23 som

265 1842 12 34 i
308 1841 182 36 motionen
520 1840 152 36 föreslås
701 1841 55 35 för
784 1845 52 31 att
864 1843 47 32 nå
940 1840 102 35 dessa
1072 1840 81 34 mål.
1195 1840 120 34 Såsom
1338 1837 222 36 motionären
1581 1837 91 48 själv
1692 1838 171 46 påpekar,

267 1896 65 34 har
361 1893 201 37 emellertid
591 1896 119 34 denna
738 1895 102 46 fråga
868 1907 44 22 av
940 1893 217 47 regeringen
1185 1893 112 34 redan
1321 1892 241 35 överlämnats
1582 1891 56 36 till
1657 1891 207 47 utredning.

268 1950 81 34 Den
383 1951 47 32 10
455 1948 145 48 januari
635 1950 99 33 1919
765 1947 170 36 tillsattes
955 1959 45 23 av
1019 1947 135 46 Kungl.
1173 1945 106 48 Maj:t
1299 1947 69 34 den
1388 1958 27 22 s.
1433 1945 35 35 k.
1483 1944 380 49 jordkommissionen,

267 2014 74 23 som
372 2002 47 34 bl.
451 2015 30 21 a.
513 2002 69 34 fått
610 2001 13 34 i
652 2002 165 45 uppdrag
847 2005 54 31 att
929 2000 196 36 verkställa
1153 1999 199 46 utredning
1379 1999 154 35 rörande
1562 1999 76 35 dels
1662 1998 12 35 i
1694 1999 70 35 vad
1784 2000 82 33 mån

266 2056 106 45 lagen
400 2067 55 23 om
486 2054 266 47 nyttjanderätt
780 2054 56 35 till
865 2055 72 34 fast
965 2054 172 46 egendom
1169 2054 69 33 den
1270 2055 46 31 14
1342 2051 82 47 juni
1458 2054 98 32 1907
1583 2052 123 35 kunde
1722 2051 144 47 jämkas

266 2110 11 34 i
308 2108 95 47 syfte
432 2111 53 32 att
513 2108 132 34 bereda
674 2107 387 47 bolagsarrendatorer,
1092 2109 143 43 torpare
1264 2106 66 34 och
1355 2105 105 35 deras
1481 2104 204 36 vederlikar
1704 2117 44 23 en
1769 2116 98 23 mera

267 2162 156 47 tryggad
465 2160 183 47 ställning,
692 2161 77 34 dels
812 2160 66 34 ock
917 2159 181 35 huruvida
1125 2160 68 34 och
1222 2158 12 34 i
1263 2159 68 34 vad
1361 2161 82 32 mån
1472 2157 322 48 tvångsavlösning
1823 2169 43 23 av

266 2217 79 46 jord
389 2215 56 35 för
485 2213 285 47 tillgodoseende
813 2226 43 23 av
895 2212 366 48 jordbruksändamål
1303 2215 128 32 utöver
1459 2212 69 34 vad
1558 2212 56 34 för
1642 2212 224 34 närvarande

268 2282 85 22 vore
381 2269 143 45 stadgat
553 2267 110 35 borde
693 2270 46 43 på
767 2265 298 48 lagstiftningens
1094 2271 69 41 väg
1191 2265 237 46 genomföras.

376 2323 64 34 Ett
467 2320 152 36 resultat
647 2333 43 23 av
717 2319 383 49 jordkommissionens
1129 2318 232 36 verksamhet
1390 2318 136 46 förelåg
1550 2319 111 34 redan
1683 2318 59 36 vid
1767 2320 97 33 1919

317 2382 129 40 Hikang
460 2382 48 32 till
520 2380 190 40 riksdagens
721 2381 156 41 protokoll
891 2381 99 31 1920.
1018 2383 41 29 13
1071 2380 91 31 saml.
1188 2382 19 28 4
1222 2379 69 31 avd.
1317 2383 21 27 3
1352 2378 79 40 häft.
1457 2379 71 37 (Nr
1541 2380 49 35 4.)
1850 2381 10 27 1
