<?xml version="1.0" encoding="UTF-8"?>
<alto xmlns="http://www.loc.gov/standards/alto/ns-v3#" xmlns:xlink="http://www.w3.org/1999/xlink" xmlns:xsi="http://www.w3.org/2001/XMLSchema-instance" xsi:schemaLocation="http://www.loc.gov/standards/alto/ns-v3# http://www.loc.gov/alto/v3/alto-3-0.xsd">
	<Description>
		<MeasurementUnit>pixel</MeasurementUnit>
		<sourceImageInformation>
			<fileName>/tmp/tess_3ky82ku4_input.PNG</fileName>
		</sourceImageInformation>
		<OCRProcessing ID="OCR_0">
			<ocrProcessingStep>
				<processingSoftware>
					<softwareName>tesseract 5.3.0</softwareName>
				</processingSoftware>
			</ocrProcessingStep>
		</OCRProcessing>
	</Description>
	<Layout>
		<Page WIDTH="1886" HEIGHT="2782" PHYSICAL_IMG_NR="0" ID="page_0">
			<PrintSpace HPOS="0" VPOS="0" WIDTH="1886" HEIGHT="2782">
				<ComposedBlock ID="cblock_0" HPOS="375" VPOS="158" WIDTH="1218" HEIGHT="50">
					<TextBlock ID="block_0" HPOS="375" VPOS="158" WIDTH="1218" HEIGHT="50">
						<TextLine ID="line_0" HPOS="375" VPOS="158" WIDTH="1218" HEIGHT="50">
							<String ID="string_0" HPOS="375" VPOS="167" WIDTH="424" HEIGHT="41" WC="0.90" CONTENT="Bevillningsutskottets"/><SP WIDTH="14" VPOS="167" HPOS="799"/>
							<String ID="string_1" HPOS="813" VPOS="165" WIDTH="224" HEIGHT="32" WC="0.96" CONTENT="betänkande"/><SP WIDTH="15" VPOS="165" HPOS="1037"/>
							<String ID="string_2" HPOS="1052" VPOS="173" WIDTH="43" HEIGHT="22" WC="0.96" CONTENT="nr"/><SP WIDTH="14" VPOS="173" HPOS="1095"/>
							<String ID="string_3" HPOS="1109" VPOS="163" WIDTH="43" HEIGHT="32" WC="0.96" CONTENT="30"/><SP WIDTH="16" VPOS="163" HPOS="1152"/>
							<String ID="string_4" HPOS="1168" VPOS="162" WIDTH="41" HEIGHT="32" WC="0.96" CONTENT="år"/><SP WIDTH="14" VPOS="162" HPOS="1209"/>
							<String ID="string_5" HPOS="1223" VPOS="161" WIDTH="87" HEIGHT="33" WC="0.96" CONTENT="1961"/><SP WIDTH="261" VPOS="161" HPOS="1310"/>
							<String ID="string_6" HPOS="1571" VPOS="158" WIDTH="22" HEIGHT="33" WC="0.26" CONTENT="7"/>
						</TextLine>
					</TextBlock>
				</ComposedBlock>
				<ComposedBlock ID="cblock_1" HPOS="98" VPOS="266" WIDTH="1511" HEIGHT="2159">
					<TextBlock ID="block_1" HPOS="98" VPOS="266" WIDTH="1495" HEIGHT="264">
						<TextLine ID="line_1" HPOS="98" VPOS="266" WIDTH="1493" HEIGHT="44">
							<String ID="string_7" HPOS="98" VPOS="278" WIDTH="101" HEIGHT="31" WC="0.96" CONTENT="föras"/><SP WIDTH="16" VPOS="278" HPOS="199"/>
							<String ID="string_8" HPOS="215" VPOS="277" WIDTH="56" HEIGHT="31" WC="0.96" CONTENT="till"/><SP WIDTH="16" VPOS="277" HPOS="271"/>
							<String ID="string_9" HPOS="287" VPOS="275" WIDTH="209" HEIGHT="33" WC="0.96" CONTENT="skattefritt"/><SP WIDTH="16" VPOS="275" HPOS="496"/>
							<String ID="string_10" HPOS="512" VPOS="274" WIDTH="166" HEIGHT="31" WC="0.96" CONTENT="material"/><SP WIDTH="16" VPOS="274" HPOS="678"/>
							<String ID="string_11" HPOS="694" VPOS="275" WIDTH="90" HEIGHT="29" WC="0.96" CONTENT="utan"/><SP WIDTH="16" VPOS="275" HPOS="784"/>
							<String ID="string_12" HPOS="800" VPOS="272" WIDTH="55" HEIGHT="31" WC="0.96" CONTENT="till"/><SP WIDTH="17" VPOS="272" HPOS="855"/>
							<String ID="string_13" HPOS="872" VPOS="269" WIDTH="275" HEIGHT="41" WC="0.96" CONTENT="skattepliktiga"/><SP WIDTH="18" VPOS="269" HPOS="1147"/>
							<String ID="string_14" HPOS="1165" VPOS="267" WIDTH="164" HEIGHT="39" WC="0.96" CONTENT="verktyg."/><SP WIDTH="19" VPOS="267" HPOS="1329"/>
							<String ID="string_15" HPOS="1348" VPOS="266" WIDTH="16" HEIGHT="30" WC="0.95" CONTENT="I"/><SP WIDTH="17" VPOS="266" HPOS="1364"/>
							<String ID="string_16" HPOS="1381" VPOS="266" WIDTH="100" HEIGHT="30" WC="0.93" CONTENT="detta"/><SP WIDTH="18" VPOS="266" HPOS="1481"/>
							<String ID="string_17" HPOS="1499" VPOS="272" WIDTH="92" HEIGHT="23" WC="0.93" CONTENT="sam-"/>
						</TextLine>
						<TextLine ID="line_2" HPOS="98" VPOS="317" WIDTH="1494" HEIGHT="52">
							<String ID="string_18" HPOS="98" VPOS="331" WIDTH="184" HEIGHT="38" WC="0.91" CONTENT="manhang"/><SP WIDTH="19" VPOS="331" HPOS="282"/>
							<String ID="string_19" HPOS="301" VPOS="330" WIDTH="68" HEIGHT="30" WC="0.93" CONTENT="har"/><SP WIDTH="19" VPOS="330" HPOS="369"/>
							<String ID="string_20" HPOS="388" VPOS="327" WIDTH="380" HEIGHT="33" WC="0.91" CONTENT="riksskattenämnden"/><SP WIDTH="20" VPOS="327" HPOS="768"/>
							<String ID="string_21" HPOS="788" VPOS="323" WIDTH="250" HEIGHT="33" WC="0.90" CONTENT="understrukit"/><SP WIDTH="20" VPOS="323" HPOS="1038"/>
							<String ID="string_22" HPOS="1058" VPOS="324" WIDTH="56" HEIGHT="29" WC="0.96" CONTENT="att"/><SP WIDTH="20" VPOS="324" HPOS="1114"/>
							<String ID="string_23" HPOS="1134" VPOS="321" WIDTH="61" HEIGHT="31" WC="0.96" CONTENT="det"/><SP WIDTH="21" VPOS="321" HPOS="1195"/>
							<String ID="string_24" HPOS="1216" VPOS="321" WIDTH="73" HEIGHT="30" WC="0.96" CONTENT="inte"/><SP WIDTH="22" VPOS="321" HPOS="1289"/>
							<String ID="string_25" HPOS="1311" VPOS="319" WIDTH="42" HEIGHT="31" WC="0.96" CONTENT="är"/><SP WIDTH="18" VPOS="319" HPOS="1353"/>
							<String ID="string_26" HPOS="1371" VPOS="317" WIDTH="145" HEIGHT="40" WC="0.96" CONTENT="möjligt"/><SP WIDTH="19" VPOS="317" HPOS="1516"/>
							<String ID="string_27" HPOS="1535" VPOS="317" WIDTH="57" HEIGHT="30" WC="0.95" CONTENT="att"/>
						</TextLine>
						<TextLine ID="line_3" HPOS="98" VPOS="368" WIDTH="1494" HEIGHT="52">
							<String ID="string_28" HPOS="98" VPOS="382" WIDTH="87" HEIGHT="33" WC="0.89" CONTENT="ernå"/><SP WIDTH="22" VPOS="382" HPOS="185"/>
							<String ID="string_29" HPOS="207" VPOS="392" WIDTH="44" HEIGHT="22" WC="0.96" CONTENT="en"/><SP WIDTH="22" VPOS="392" HPOS="251"/>
							<String ID="string_30" HPOS="273" VPOS="382" WIDTH="112" HEIGHT="32" WC="0.95" CONTENT="strikt"/><SP WIDTH="22" VPOS="382" HPOS="385"/>
							<String ID="string_31" HPOS="407" VPOS="382" WIDTH="86" HEIGHT="31" WC="0.95" CONTENT="eller"/><SP WIDTH="22" VPOS="382" HPOS="493"/>
							<String ID="string_32" HPOS="515" VPOS="380" WIDTH="149" HEIGHT="40" WC="0.96" CONTENT="entydig"/><SP WIDTH="22" VPOS="380" HPOS="664"/>
							<String ID="string_33" HPOS="686" VPOS="377" WIDTH="245" HEIGHT="41" WC="0.96" CONTENT="avgränsning"/><SP WIDTH="22" VPOS="377" HPOS="931"/>
							<String ID="string_34" HPOS="953" VPOS="386" WIDTH="45" HEIGHT="22" WC="0.96" CONTENT="av"/><SP WIDTH="22" VPOS="386" HPOS="998"/>
							<String ID="string_35" HPOS="1020" VPOS="375" WIDTH="71" HEIGHT="31" WC="0.96" CONTENT="vad"/><SP WIDTH="22" VPOS="375" HPOS="1091"/>
							<String ID="string_36" HPOS="1113" VPOS="383" WIDTH="77" HEIGHT="22" WC="0.96" CONTENT="som"/><SP WIDTH="24" VPOS="383" HPOS="1190"/>
							<String ID="string_37" HPOS="1214" VPOS="374" WIDTH="41" HEIGHT="30" WC="0.96" CONTENT="är"/><SP WIDTH="23" VPOS="374" HPOS="1255"/>
							<String ID="string_38" HPOS="1278" VPOS="373" WIDTH="57" HEIGHT="31" WC="0.96" CONTENT="att"/><SP WIDTH="22" VPOS="373" HPOS="1335"/>
							<String ID="string_39" HPOS="1357" VPOS="370" WIDTH="155" HEIGHT="32" WC="0.96" CONTENT="hänföra"/><SP WIDTH="23" VPOS="370" HPOS="1512"/>
							<String ID="string_40" HPOS="1535" VPOS="368" WIDTH="57" HEIGHT="32" WC="0.96" CONTENT="till"/>
						</TextLine>
						<TextLine ID="line_4" HPOS="100" VPOS="423" WIDTH="1493" HEIGHT="45">
							<String ID="string_41" HPOS="100" VPOS="436" WIDTH="210" HEIGHT="32" WC="0.96" CONTENT="skattefritt"/><SP WIDTH="19" VPOS="436" HPOS="310"/>
							<String ID="string_42" HPOS="329" VPOS="435" WIDTH="176" HEIGHT="31" WC="0.95" CONTENT="material."/><SP WIDTH="33" VPOS="435" HPOS="505"/>
							<String ID="string_43" HPOS="538" VPOS="434" WIDTH="109" HEIGHT="31" WC="0.96" CONTENT="Detta"/><SP WIDTH="21" VPOS="434" HPOS="647"/>
							<String ID="string_44" HPOS="668" VPOS="431" WIDTH="118" HEIGHT="32" WC="0.96" CONTENT="måste"/><SP WIDTH="21" VPOS="431" HPOS="786"/>
							<String ID="string_45" HPOS="807" VPOS="432" WIDTH="11" HEIGHT="30" WC="0.96" CONTENT="i"/><SP WIDTH="20" VPOS="432" HPOS="818"/>
							<String ID="string_46" HPOS="838" VPOS="431" WIDTH="75" HEIGHT="31" WC="0.96" CONTENT="viss"/><SP WIDTH="19" VPOS="431" HPOS="913"/>
							<String ID="string_47" HPOS="932" VPOS="428" WIDTH="256" HEIGHT="38" WC="0.96" CONTENT="utsträckning"/><SP WIDTH="20" VPOS="428" HPOS="1188"/>
							<String ID="string_48" HPOS="1208" VPOS="426" WIDTH="50" HEIGHT="31" WC="0.95" CONTENT="bli"/><SP WIDTH="21" VPOS="426" HPOS="1258"/>
							<String ID="string_49" HPOS="1279" VPOS="434" WIDTH="44" HEIGHT="22" WC="0.93" CONTENT="en"/><SP WIDTH="20" VPOS="434" HPOS="1323"/>
							<String ID="string_50" HPOS="1343" VPOS="423" WIDTH="250" HEIGHT="39" WC="0.91" CONTENT="bedömnings-"/>
						</TextLine>
						<TextLine ID="line_5" HPOS="100" VPOS="487" WIDTH="455" HEIGHT="43">
							<String ID="string_51" HPOS="100" VPOS="489" WIDTH="107" HEIGHT="41" WC="0.96" CONTENT="fråga"/><SP WIDTH="16" VPOS="489" HPOS="207"/>
							<String ID="string_52" HPOS="223" VPOS="488" WIDTH="85" HEIGHT="32" WC="0.96" CONTENT="från"/><SP WIDTH="17" VPOS="488" HPOS="308"/>
							<String ID="string_53" HPOS="325" VPOS="489" WIDTH="66" HEIGHT="30" WC="0.95" CONTENT="fall"/><SP WIDTH="16" VPOS="489" HPOS="391"/>
							<String ID="string_54" HPOS="407" VPOS="488" WIDTH="54" HEIGHT="31" WC="0.96" CONTENT="till"/><SP WIDTH="18" VPOS="488" HPOS="461"/>
							<String ID="string_55" HPOS="479" VPOS="487" WIDTH="76" HEIGHT="31" WC="0.95" CONTENT="fall."/>
						</TextLine>
					</TextBlock>
					<TextBlock ID="block_2" HPOS="101" VPOS="528" WIDTH="1497" HEIGHT="691">
						<TextLine ID="line_6" HPOS="146" VPOS="528" WIDTH="1448" HEIGHT="53">
							<String ID="string_56" HPOS="146" VPOS="543" WIDTH="16" HEIGHT="31" WC="0.96" CONTENT="I"/><SP WIDTH="16" VPOS="543" HPOS="162"/>
							<String ID="string_57" HPOS="178" VPOS="543" WIDTH="43" HEIGHT="31" WC="0.95" CONTENT="de"/><SP WIDTH="17" VPOS="543" HPOS="221"/>
							<String ID="string_58" HPOS="238" VPOS="541" WIDTH="227" HEIGHT="40" WC="0.96" CONTENT="likalydande"/><SP WIDTH="17" VPOS="541" HPOS="465"/>
							<String ID="string_59" HPOS="482" VPOS="539" WIDTH="225" HEIGHT="32" WC="0.96" CONTENT="motionerna"/><SP WIDTH="16" VPOS="539" HPOS="707"/>
							<String ID="string_60" HPOS="723" VPOS="538" WIDTH="33" HEIGHT="30" WC="0.75" CONTENT="1:"/><SP WIDTH="15" VPOS="538" HPOS="756"/>
							<String ID="string_61" HPOS="771" VPOS="537" WIDTH="65" HEIGHT="32" WC="0.82" CONTENT="350"/><SP WIDTH="18" VPOS="537" HPOS="836"/>
							<String ID="string_62" HPOS="854" VPOS="546" WIDTH="45" HEIGHT="22" WC="0.96" CONTENT="av"/><SP WIDTH="16" VPOS="546" HPOS="899"/>
							<String ID="string_63" HPOS="915" VPOS="536" WIDTH="85" HEIGHT="31" WC="0.96" CONTENT="herr"/><SP WIDTH="17" VPOS="536" HPOS="1000"/>
							<String ID="string_64" HPOS="1017" VPOS="532" WIDTH="158" HEIGHT="33" WC="0.93" CONTENT="Ewerlöf"/><SP WIDTH="17" VPOS="532" HPOS="1175"/>
							<String ID="string_65" HPOS="1192" VPOS="541" WIDTH="46" HEIGHT="22" WC="0.90" CONTENT="m."/><SP WIDTH="18" VPOS="541" HPOS="1238"/>
							<String ID="string_66" HPOS="1256" VPOS="531" WIDTH="40" HEIGHT="31" WC="0.93" CONTENT="fl."/><SP WIDTH="20" VPOS="531" HPOS="1296"/>
							<String ID="string_67" HPOS="1316" VPOS="531" WIDTH="66" HEIGHT="31" WC="0.96" CONTENT="och"/><SP WIDTH="17" VPOS="531" HPOS="1382"/>
							<String ID="string_68" HPOS="1399" VPOS="530" WIDTH="49" HEIGHT="30" WC="0.71" CONTENT="II:"/><SP WIDTH="16" VPOS="530" HPOS="1448"/>
							<String ID="string_69" HPOS="1464" VPOS="528" WIDTH="66" HEIGHT="32" WC="0.94" CONTENT="415"/><SP WIDTH="19" VPOS="528" HPOS="1530"/>
							<String ID="string_70" HPOS="1549" VPOS="537" WIDTH="45" HEIGHT="22" WC="0.94" CONTENT="av"/>
						</TextLine>
						<TextLine ID="line_7" HPOS="101" VPOS="582" WIDTH="1493" HEIGHT="53">
							<String ID="string_71" HPOS="101" VPOS="597" WIDTH="85" HEIGHT="31" WC="0.96" CONTENT="herr"/><SP WIDTH="12" VPOS="597" HPOS="186"/>
							<String ID="string_72" HPOS="198" VPOS="595" WIDTH="234" HEIGHT="40" WC="0.93" CONTENT="Hjalmarson"/><SP WIDTH="13" VPOS="595" HPOS="432"/>
							<String ID="string_73" HPOS="445" VPOS="602" WIDTH="45" HEIGHT="22" WC="0.91" CONTENT="m."/><SP WIDTH="15" VPOS="602" HPOS="490"/>
							<String ID="string_74" HPOS="505" VPOS="593" WIDTH="39" HEIGHT="31" WC="0.94" CONTENT="fl."/><SP WIDTH="16" VPOS="593" HPOS="544"/>
							<String ID="string_75" HPOS="560" VPOS="594" WIDTH="96" HEIGHT="29" WC="0.96" CONTENT="samt"/><SP WIDTH="13" VPOS="594" HPOS="656"/>
							<String ID="string_76" HPOS="669" VPOS="592" WIDTH="12" HEIGHT="30" WC="0.96" CONTENT="i"/><SP WIDTH="14" VPOS="592" HPOS="681"/>
							<String ID="string_77" HPOS="695" VPOS="590" WIDTH="182" HEIGHT="32" WC="0.95" CONTENT="motionen"/><SP WIDTH="13" VPOS="590" HPOS="877"/>
							<String ID="string_78" HPOS="890" VPOS="589" WIDTH="48" HEIGHT="31" WC="0.89" CONTENT="II:"/><SP WIDTH="17" VPOS="589" HPOS="938"/>
							<String ID="string_79" HPOS="955" VPOS="588" WIDTH="66" HEIGHT="32" WC="0.95" CONTENT="565"/><SP WIDTH="15" VPOS="588" HPOS="1021"/>
							<String ID="string_80" HPOS="1036" VPOS="597" WIDTH="44" HEIGHT="21" WC="0.96" CONTENT="av"/><SP WIDTH="14" VPOS="597" HPOS="1080"/>
							<String ID="string_81" HPOS="1094" VPOS="588" WIDTH="85" HEIGHT="30" WC="0.95" CONTENT="herr"/><SP WIDTH="14" VPOS="588" HPOS="1179"/>
							<String ID="string_82" HPOS="1193" VPOS="584" WIDTH="171" HEIGHT="39" WC="0.91" CONTENT="Kollberg"/><SP WIDTH="14" VPOS="584" HPOS="1364"/>
							<String ID="string_83" HPOS="1378" VPOS="583" WIDTH="68" HEIGHT="31" WC="0.96" CONTENT="har"/><SP WIDTH="13" VPOS="583" HPOS="1446"/>
							<String ID="string_84" HPOS="1459" VPOS="582" WIDTH="135" HEIGHT="31" WC="0.96" CONTENT="riktats"/>
						</TextLine>
						<TextLine ID="line_8" HPOS="101" VPOS="632" WIDTH="1493" HEIGHT="48">
							<String ID="string_85" HPOS="101" VPOS="649" WIDTH="113" HEIGHT="31" WC="0.96" CONTENT="kritik"/><SP WIDTH="13" VPOS="649" HPOS="214"/>
							<String ID="string_86" HPOS="227" VPOS="650" WIDTH="77" HEIGHT="30" WC="0.96" CONTENT="mot"/><SP WIDTH="14" VPOS="650" HPOS="304"/>
							<String ID="string_87" HPOS="318" VPOS="648" WIDTH="67" HEIGHT="31" WC="0.96" CONTENT="den"/><SP WIDTH="13" VPOS="648" HPOS="385"/>
							<String ID="string_88" HPOS="398" VPOS="656" WIDTH="46" HEIGHT="22" WC="0.93" CONTENT="av"/><SP WIDTH="13" VPOS="656" HPOS="444"/>
							<String ID="string_89" HPOS="457" VPOS="644" WIDTH="380" HEIGHT="33" WC="0.91" CONTENT="riksskattenämnden"/><SP WIDTH="13" VPOS="644" HPOS="837"/>
							<String ID="string_90" HPOS="850" VPOS="642" WIDTH="151" HEIGHT="32" WC="0.96" CONTENT="sålunda"/><SP WIDTH="15" VPOS="642" HPOS="1001"/>
							<String ID="string_91" HPOS="1016" VPOS="640" WIDTH="128" HEIGHT="40" WC="0.96" CONTENT="gjorda"/><SP WIDTH="14" VPOS="640" HPOS="1144"/>
							<String ID="string_92" HPOS="1158" VPOS="636" WIDTH="338" HEIGHT="42" WC="0.93" CONTENT="gränsdragningen"/><SP WIDTH="13" VPOS="636" HPOS="1496"/>
							<String ID="string_93" HPOS="1509" VPOS="632" WIDTH="85" HEIGHT="32" WC="0.92" CONTENT="mel-"/>
						</TextLine>
						<TextLine ID="line_9" HPOS="103" VPOS="687" WIDTH="1491" HEIGHT="51">
							<String ID="string_94" HPOS="103" VPOS="703" WIDTH="59" HEIGHT="30" WC="0.96" CONTENT="lan"/><SP WIDTH="21" VPOS="703" HPOS="162"/>
							<String ID="string_95" HPOS="183" VPOS="701" WIDTH="198" HEIGHT="32" WC="0.96" CONTENT="skattefria"/><SP WIDTH="22" VPOS="701" HPOS="381"/>
							<String ID="string_96" HPOS="403" VPOS="701" WIDTH="67" HEIGHT="30" WC="0.96" CONTENT="och"/><SP WIDTH="23" VPOS="701" HPOS="470"/>
							<String ID="string_97" HPOS="493" VPOS="698" WIDTH="277" HEIGHT="40" WC="0.93" CONTENT="skattepliktiga"/><SP WIDTH="23" VPOS="698" HPOS="770"/>
							<String ID="string_98" HPOS="793" VPOS="693" WIDTH="425" HEIGHT="40" WC="0.93" CONTENT="förbrukningsverktyg."/><SP WIDTH="24" VPOS="693" HPOS="1218"/>
							<String ID="string_99" HPOS="1242" VPOS="689" WIDTH="138" HEIGHT="32" WC="0.96" CONTENT="Därvid"/><SP WIDTH="21" VPOS="689" HPOS="1380"/>
							<String ID="string_100" HPOS="1401" VPOS="688" WIDTH="69" HEIGHT="31" WC="0.96" CONTENT="har"/><SP WIDTH="21" VPOS="688" HPOS="1470"/>
							<String ID="string_101" HPOS="1491" VPOS="687" WIDTH="46" HEIGHT="31" WC="0.94" CONTENT="bl."/><SP WIDTH="25" VPOS="687" HPOS="1537"/>
							<String ID="string_102" HPOS="1562" VPOS="695" WIDTH="32" HEIGHT="22" WC="0.91" CONTENT="a."/>
						</TextLine>
						<TextLine ID="line_10" HPOS="101" VPOS="742" WIDTH="1494" HEIGHT="45">
							<String ID="string_103" HPOS="101" VPOS="754" WIDTH="223" HEIGHT="33" WC="0.95" CONTENT="framhållits"/><SP WIDTH="12" VPOS="754" HPOS="324"/>
							<String ID="string_104" HPOS="336" VPOS="756" WIDTH="56" HEIGHT="29" WC="0.93" CONTENT="att"/><SP WIDTH="11" VPOS="756" HPOS="392"/>
							<String ID="string_105" HPOS="403" VPOS="750" WIDTH="380" HEIGHT="34" WC="0.90" CONTENT="riksskattenämnden"/><SP WIDTH="11" VPOS="750" HPOS="783"/>
							<String ID="string_106" HPOS="794" VPOS="749" WIDTH="118" HEIGHT="32" WC="0.93" CONTENT="tolkat"/><SP WIDTH="12" VPOS="749" HPOS="912"/>
							<String ID="string_107" HPOS="924" VPOS="742" WIDTH="564" HEIGHT="43" WC="0.89" CONTENT="författningsbestämmelserna"/><SP WIDTH="12" VPOS="742" HPOS="1488"/>
							<String ID="string_108" HPOS="1500" VPOS="748" WIDTH="95" HEIGHT="31" WC="0.88" CONTENT="myc-"/>
						</TextLine>
						<TextLine ID="line_11" HPOS="103" VPOS="794" WIDTH="1493" HEIGHT="51">
							<String ID="string_109" HPOS="103" VPOS="809" WIDTH="61" HEIGHT="31" WC="0.93" CONTENT="ket"/><SP WIDTH="16" VPOS="809" HPOS="164"/>
							<String ID="string_110" HPOS="180" VPOS="807" WIDTH="207" HEIGHT="33" WC="0.92" CONTENT="restriktivt"/><SP WIDTH="16" VPOS="807" HPOS="387"/>
							<String ID="string_111" HPOS="403" VPOS="807" WIDTH="66" HEIGHT="30" WC="0.96" CONTENT="och"/><SP WIDTH="16" VPOS="807" HPOS="469"/>
							<String ID="string_112" HPOS="485" VPOS="804" WIDTH="195" HEIGHT="41" WC="0.96" CONTENT="uppdragit"/><SP WIDTH="15" VPOS="804" HPOS="680"/>
							<String ID="string_113" HPOS="695" VPOS="813" WIDTH="44" HEIGHT="22" WC="0.96" CONTENT="en"/><SP WIDTH="16" VPOS="813" HPOS="739"/>
							<String ID="string_114" HPOS="755" VPOS="803" WIDTH="120" HEIGHT="39" WC="0.96" CONTENT="gräns,"/><SP WIDTH="17" VPOS="803" HPOS="875"/>
							<String ID="string_115" HPOS="892" VPOS="809" WIDTH="78" HEIGHT="23" WC="0.96" CONTENT="som"/><SP WIDTH="15" VPOS="809" HPOS="970"/>
							<String ID="string_116" HPOS="985" VPOS="800" WIDTH="75" HEIGHT="31" WC="0.96" CONTENT="inte"/><SP WIDTH="15" VPOS="800" HPOS="1060"/>
							<String ID="string_117" HPOS="1075" VPOS="795" WIDTH="273" HEIGHT="34" WC="0.96" CONTENT="sammanfaller"/><SP WIDTH="16" VPOS="795" HPOS="1348"/>
							<String ID="string_118" HPOS="1364" VPOS="794" WIDTH="81" HEIGHT="31" WC="0.96" CONTENT="med"/><SP WIDTH="15" VPOS="794" HPOS="1445"/>
							<String ID="string_119" HPOS="1460" VPOS="794" WIDTH="136" HEIGHT="39" WC="0.96" CONTENT="gängse"/>
						</TextLine>
						<TextLine ID="line_12" HPOS="103" VPOS="846" WIDTH="1493" HEIGHT="52">
							<String ID="string_120" HPOS="103" VPOS="861" WIDTH="146" HEIGHT="33" WC="0.96" CONTENT="teknisk"/><SP WIDTH="10" VPOS="861" HPOS="249"/>
							<String ID="string_121" HPOS="259" VPOS="861" WIDTH="88" HEIGHT="31" WC="0.93" CONTENT="eller"/><SP WIDTH="9" VPOS="861" HPOS="347"/>
							<String ID="string_122" HPOS="356" VPOS="856" WIDTH="377" HEIGHT="42" WC="0.91" CONTENT="företagsekonomisk"/><SP WIDTH="10" VPOS="856" HPOS="733"/>
							<String ID="string_123" HPOS="743" VPOS="854" WIDTH="245" HEIGHT="41" WC="0.96" CONTENT="uppfattning."/><SP WIDTH="14" VPOS="854" HPOS="988"/>
							<String ID="string_124" HPOS="1002" VPOS="852" WIDTH="221" HEIGHT="39" WC="0.96" CONTENT="Härigenom"/><SP WIDTH="10" VPOS="852" HPOS="1223"/>
							<String ID="string_125" HPOS="1233" VPOS="847" WIDTH="154" HEIGHT="42" WC="0.96" CONTENT="uppstår"/><SP WIDTH="10" VPOS="847" HPOS="1387"/>
							<String ID="string_126" HPOS="1397" VPOS="846" WIDTH="199" HEIGHT="39" WC="0.90" CONTENT="tolknings-"/>
						</TextLine>
						<TextLine ID="line_13" HPOS="103" VPOS="898" WIDTH="1493" HEIGHT="56">
							<String ID="string_127" HPOS="103" VPOS="914" WIDTH="228" HEIGHT="40" WC="0.96" CONTENT="svårigheter"/><SP WIDTH="30" VPOS="914" HPOS="331"/>
							<String ID="string_128" HPOS="361" VPOS="913" WIDTH="66" HEIGHT="31" WC="0.93" CONTENT="och"/><SP WIDTH="31" VPOS="913" HPOS="427"/>
							<String ID="string_129" HPOS="458" VPOS="908" WIDTH="421" HEIGHT="41" WC="0.92" CONTENT="redovisningstekniska"/><SP WIDTH="29" VPOS="908" HPOS="879"/>
							<String ID="string_130" HPOS="908" VPOS="905" WIDTH="170" HEIGHT="41" WC="0.95" CONTENT="problem."/><SP WIDTH="32" VPOS="905" HPOS="1078"/>
							<String ID="string_131" HPOS="1110" VPOS="904" WIDTH="17" HEIGHT="30" WC="0.93" CONTENT="I"/><SP WIDTH="21" VPOS="904" HPOS="1127"/>
							<String ID="string_132" HPOS="1148" VPOS="903" WIDTH="225" HEIGHT="31" WC="0.95" CONTENT="motionerna"/><SP WIDTH="21" VPOS="903" HPOS="1373"/>
							<String ID="string_133" HPOS="1394" VPOS="900" WIDTH="32" HEIGHT="31" WC="0.80" CONTENT="I:"/><SP WIDTH="17" VPOS="900" HPOS="1426"/>
							<String ID="string_134" HPOS="1443" VPOS="898" WIDTH="65" HEIGHT="33" WC="0.95" CONTENT="350"/><SP WIDTH="21" VPOS="898" HPOS="1508"/>
							<String ID="string_135" HPOS="1529" VPOS="898" WIDTH="67" HEIGHT="31" WC="0.96" CONTENT="och"/>
						</TextLine>
						<TextLine ID="line_14" HPOS="104" VPOS="950" WIDTH="1494" HEIGHT="57">
							<String ID="string_136" HPOS="104" VPOS="969" WIDTH="49" HEIGHT="30" WC="0.91" CONTENT="II:"/><SP WIDTH="13" VPOS="969" HPOS="153"/>
							<String ID="string_137" HPOS="166" VPOS="967" WIDTH="67" HEIGHT="32" WC="0.91" CONTENT="415"/><SP WIDTH="15" VPOS="967" HPOS="233"/>
							<String ID="string_138" HPOS="248" VPOS="967" WIDTH="112" HEIGHT="40" WC="0.92" CONTENT="yrkas"/><SP WIDTH="12" VPOS="967" HPOS="360"/>
							<String ID="string_139" HPOS="372" VPOS="965" WIDTH="128" HEIGHT="32" WC="0.96" CONTENT="därför"/><SP WIDTH="13" VPOS="965" HPOS="500"/>
							<String ID="string_140" HPOS="513" VPOS="966" WIDTH="56" HEIGHT="30" WC="0.96" CONTENT="att"/><SP WIDTH="14" VPOS="966" HPOS="569"/>
							<String ID="string_141" HPOS="583" VPOS="973" WIDTH="43" HEIGHT="22" WC="0.93" CONTENT="en"/><SP WIDTH="14" VPOS="973" HPOS="626"/>
							<String ID="string_142" HPOS="640" VPOS="962" WIDTH="198" HEIGHT="40" WC="0.91" CONTENT="skyndsam"/><SP WIDTH="14" VPOS="962" HPOS="838"/>
							<String ID="string_143" HPOS="852" VPOS="959" WIDTH="193" HEIGHT="39" WC="0.93" CONTENT="utredning"/><SP WIDTH="14" VPOS="959" HPOS="1045"/>
							<String ID="string_144" HPOS="1059" VPOS="956" WIDTH="228" HEIGHT="41" WC="0.90" CONTENT="igångsättes"/><SP WIDTH="16" VPOS="956" HPOS="1287"/>
							<String ID="string_145" HPOS="1303" VPOS="954" WIDTH="11" HEIGHT="31" WC="0.96" CONTENT="i"/><SP WIDTH="15" VPOS="954" HPOS="1314"/>
							<String ID="string_146" HPOS="1329" VPOS="953" WIDTH="98" HEIGHT="40" WC="0.96" CONTENT="syfte"/><SP WIDTH="15" VPOS="953" HPOS="1427"/>
							<String ID="string_147" HPOS="1442" VPOS="953" WIDTH="57" HEIGHT="30" WC="0.96" CONTENT="att"/><SP WIDTH="14" VPOS="953" HPOS="1499"/>
							<String ID="string_148" HPOS="1513" VPOS="950" WIDTH="85" HEIGHT="32" WC="0.95" CONTENT="från"/>
						</TextLine>
						<TextLine ID="line_15" HPOS="104" VPOS="1001" WIDTH="1493" HEIGHT="59">
							<String ID="string_149" HPOS="104" VPOS="1020" WIDTH="217" HEIGHT="40" WC="0.92" CONTENT="skatteplikt"/><SP WIDTH="15" VPOS="1020" HPOS="321"/>
							<String ID="string_150" HPOS="336" VPOS="1019" WIDTH="210" HEIGHT="38" WC="0.91" CONTENT="undantaga"/><SP WIDTH="15" VPOS="1019" HPOS="546"/>
							<String ID="string_151" HPOS="561" VPOS="1025" WIDTH="108" HEIGHT="23" WC="0.96" CONTENT="varor"/><SP WIDTH="17" VPOS="1025" HPOS="669"/>
							<String ID="string_152" HPOS="686" VPOS="1024" WIDTH="78" HEIGHT="23" WC="0.93" CONTENT="som"/><SP WIDTH="18" VPOS="1024" HPOS="764"/>
							<String ID="string_153" HPOS="782" VPOS="1013" WIDTH="171" HEIGHT="32" WC="0.92" CONTENT="hänföres"/><SP WIDTH="17" VPOS="1013" HPOS="953"/>
							<String ID="string_154" HPOS="970" VPOS="1011" WIDTH="56" HEIGHT="32" WC="0.96" CONTENT="till"/><SP WIDTH="17" VPOS="1011" HPOS="1026"/>
							<String ID="string_155" HPOS="1043" VPOS="1011" WIDTH="210" HEIGHT="37" WC="0.96" CONTENT="företagens"/><SP WIDTH="17" VPOS="1011" HPOS="1253"/>
							<String ID="string_156" HPOS="1270" VPOS="1001" WIDTH="327" HEIGHT="48" WC="0.89" CONTENT="tillverkningsom-"/>
						</TextLine>
						<TextLine ID="line_16" HPOS="105" VPOS="1056" WIDTH="1493" HEIGHT="49">
							<String ID="string_157" HPOS="105" VPOS="1073" WIDTH="206" HEIGHT="32" WC="0.96" CONTENT="kostnader."/><SP WIDTH="19" VPOS="1073" HPOS="311"/>
							<String ID="string_158" HPOS="330" VPOS="1072" WIDTH="17" HEIGHT="31" WC="0.96" CONTENT="I"/><SP WIDTH="18" VPOS="1072" HPOS="347"/>
							<String ID="string_159" HPOS="365" VPOS="1071" WIDTH="183" HEIGHT="32" WC="0.95" CONTENT="motionen"/><SP WIDTH="16" VPOS="1071" HPOS="548"/>
							<String ID="string_160" HPOS="564" VPOS="1070" WIDTH="50" HEIGHT="30" WC="0.92" CONTENT="II:"/><SP WIDTH="14" VPOS="1070" HPOS="614"/>
							<String ID="string_161" HPOS="628" VPOS="1069" WIDTH="66" HEIGHT="31" WC="0.95" CONTENT="565"/><SP WIDTH="18" VPOS="1069" HPOS="694"/>
							<String ID="string_162" HPOS="712" VPOS="1067" WIDTH="138" HEIGHT="32" WC="0.96" CONTENT="uttalas"/><SP WIDTH="19" VPOS="1067" HPOS="850"/>
							<String ID="string_163" HPOS="869" VPOS="1067" WIDTH="56" HEIGHT="30" WC="0.96" CONTENT="att"/><SP WIDTH="17" VPOS="1067" HPOS="925"/>
							<String ID="string_164" HPOS="942" VPOS="1065" WIDTH="144" HEIGHT="31" WC="0.96" CONTENT="klarare"/><SP WIDTH="18" VPOS="1065" HPOS="1086"/>
							<String ID="string_165" HPOS="1104" VPOS="1062" WIDTH="108" HEIGHT="39" WC="0.96" CONTENT="linjer"/><SP WIDTH="17" VPOS="1062" HPOS="1212"/>
							<String ID="string_166" HPOS="1229" VPOS="1061" WIDTH="67" HEIGHT="31" WC="0.93" CONTENT="bör"/><SP WIDTH="17" VPOS="1061" HPOS="1296"/>
							<String ID="string_167" HPOS="1313" VPOS="1058" WIDTH="207" HEIGHT="41" WC="0.92" CONTENT="uppdragas"/><SP WIDTH="18" VPOS="1058" HPOS="1520"/>
							<String ID="string_168" HPOS="1538" VPOS="1056" WIDTH="60" HEIGHT="31" WC="0.96" CONTENT="för"/>
						</TextLine>
						<TextLine ID="line_17" HPOS="105" VPOS="1110" WIDTH="1493" HEIGHT="49">
							<String ID="string_169" HPOS="105" VPOS="1128" WIDTH="70" HEIGHT="31" WC="0.96" CONTENT="vad"/><SP WIDTH="20" VPOS="1128" HPOS="175"/>
							<String ID="string_170" HPOS="195" VPOS="1136" WIDTH="78" HEIGHT="23" WC="0.96" CONTENT="som"/><SP WIDTH="21" VPOS="1136" HPOS="273"/>
							<String ID="string_171" HPOS="294" VPOS="1125" WIDTH="92" HEIGHT="32" WC="0.96" CONTENT="skall"/><SP WIDTH="19" VPOS="1125" HPOS="386"/>
							<String ID="string_172" HPOS="405" VPOS="1123" WIDTH="175" HEIGHT="32" WC="0.96" CONTENT="hänföras"/><SP WIDTH="19" VPOS="1123" HPOS="580"/>
							<String ID="string_173" HPOS="599" VPOS="1122" WIDTH="56" HEIGHT="32" WC="0.96" CONTENT="till"/><SP WIDTH="21" VPOS="1122" HPOS="655"/>
							<String ID="string_174" HPOS="676" VPOS="1120" WIDTH="209" HEIGHT="33" WC="0.96" CONTENT="skattefritt"/><SP WIDTH="19" VPOS="1120" HPOS="885"/>
							<String ID="string_175" HPOS="904" VPOS="1116" WIDTH="167" HEIGHT="33" WC="0.96" CONTENT="material"/><SP WIDTH="19" VPOS="1116" HPOS="1071"/>
							<String ID="string_176" HPOS="1090" VPOS="1116" WIDTH="60" HEIGHT="30" WC="0.96" CONTENT="för"/><SP WIDTH="20" VPOS="1116" HPOS="1150"/>
							<String ID="string_177" HPOS="1170" VPOS="1112" WIDTH="182" HEIGHT="33" WC="0.96" CONTENT="industrin"/><SP WIDTH="20" VPOS="1112" HPOS="1352"/>
							<String ID="string_178" HPOS="1372" VPOS="1112" WIDTH="97" HEIGHT="31" WC="0.93" CONTENT="samt"/><SP WIDTH="18" VPOS="1112" HPOS="1469"/>
							<String ID="string_179" HPOS="1487" VPOS="1110" WIDTH="111" HEIGHT="40" WC="0.93" CONTENT="yrkas"/>
						</TextLine>
						<TextLine ID="line_18" HPOS="106" VPOS="1167" WIDTH="1124" HEIGHT="52">
							<String ID="string_180" HPOS="106" VPOS="1183" WIDTH="57" HEIGHT="29" WC="0.96" CONTENT="att"/><SP WIDTH="14" VPOS="1183" HPOS="163"/>
							<String ID="string_181" HPOS="177" VPOS="1189" WIDTH="43" HEIGHT="22" WC="0.93" CONTENT="en"/><SP WIDTH="17" VPOS="1189" HPOS="220"/>
							<String ID="string_182" HPOS="237" VPOS="1178" WIDTH="196" HEIGHT="41" WC="0.91" CONTENT="skyndsam"/><SP WIDTH="15" VPOS="1178" HPOS="433"/>
							<String ID="string_183" HPOS="448" VPOS="1176" WIDTH="194" HEIGHT="39" WC="0.95" CONTENT="utredning"/><SP WIDTH="15" VPOS="1176" HPOS="642"/>
							<String ID="string_184" HPOS="657" VPOS="1184" WIDTH="46" HEIGHT="22" WC="0.96" CONTENT="av"/><SP WIDTH="15" VPOS="1184" HPOS="703"/>
							<String ID="string_185" HPOS="718" VPOS="1172" WIDTH="134" HEIGHT="41" WC="0.96" CONTENT="frågan"/><SP WIDTH="15" VPOS="1172" HPOS="852"/>
							<String ID="string_186" HPOS="867" VPOS="1172" WIDTH="161" HEIGHT="31" WC="0.96" CONTENT="kommer"/><SP WIDTH="14" VPOS="1172" HPOS="1028"/>
							<String ID="string_187" HPOS="1042" VPOS="1169" WIDTH="56" HEIGHT="31" WC="0.96" CONTENT="till"/><SP WIDTH="16" VPOS="1169" HPOS="1098"/>
							<String ID="string_188" HPOS="1114" VPOS="1167" WIDTH="116" HEIGHT="32" WC="0.96" CONTENT="stånd."/>
						</TextLine>
					</TextBlock>
					<TextBlock ID="block_3" HPOS="105" VPOS="1215" WIDTH="1504" HEIGHT="1210">
						<TextLine ID="line_19" HPOS="149" VPOS="1215" WIDTH="1450" HEIGHT="55">
							<String ID="string_189" HPOS="149" VPOS="1231" WIDTH="240" HEIGHT="34" WC="0.96" CONTENT="Beträffande"/><SP WIDTH="15" VPOS="1231" HPOS="389"/>
							<String ID="string_190" HPOS="404" VPOS="1231" WIDTH="68" HEIGHT="31" WC="0.96" CONTENT="den"/><SP WIDTH="16" VPOS="1231" HPOS="472"/>
							<String ID="string_191" HPOS="488" VPOS="1228" WIDTH="222" HEIGHT="42" WC="0.96" CONTENT="principiella"/><SP WIDTH="17" VPOS="1228" HPOS="710"/>
							<String ID="string_192" HPOS="727" VPOS="1225" WIDTH="132" HEIGHT="41" WC="0.96" CONTENT="frågan"/><SP WIDTH="16" VPOS="1225" HPOS="859"/>
							<String ID="string_193" HPOS="875" VPOS="1233" WIDTH="57" HEIGHT="23" WC="0.93" CONTENT="om"/><SP WIDTH="16" VPOS="1233" HPOS="932"/>
							<String ID="string_194" HPOS="948" VPOS="1221" WIDTH="215" HEIGHT="41" WC="0.92" CONTENT="skatteplikt"/><SP WIDTH="16" VPOS="1221" HPOS="1163"/>
							<String ID="string_195" HPOS="1179" VPOS="1221" WIDTH="87" HEIGHT="30" WC="0.96" CONTENT="över"/><SP WIDTH="14" VPOS="1221" HPOS="1266"/>
							<String ID="string_196" HPOS="1280" VPOS="1217" WIDTH="122" HEIGHT="32" WC="0.96" CONTENT="huvud"/><SP WIDTH="15" VPOS="1217" HPOS="1402"/>
							<String ID="string_197" HPOS="1417" VPOS="1217" WIDTH="103" HEIGHT="39" WC="0.96" CONTENT="taget"/><SP WIDTH="13" VPOS="1217" HPOS="1520"/>
							<String ID="string_198" HPOS="1533" VPOS="1215" WIDTH="66" HEIGHT="31" WC="0.96" CONTENT="bör"/>
						</TextLine>
						<TextLine ID="line_20" HPOS="105" VPOS="1265" WIDTH="1494" HEIGHT="61">
							<String ID="string_199" HPOS="105" VPOS="1287" WIDTH="180" HEIGHT="39" WC="0.96" CONTENT="föreligga"/><SP WIDTH="17" VPOS="1287" HPOS="285"/>
							<String ID="string_200" HPOS="302" VPOS="1285" WIDTH="60" HEIGHT="31" WC="0.96" CONTENT="för"/><SP WIDTH="16" VPOS="1285" HPOS="362"/>
							<String ID="string_201" HPOS="378" VPOS="1292" WIDTH="109" HEIGHT="23" WC="0.96" CONTENT="varor"/><SP WIDTH="17" VPOS="1292" HPOS="487"/>
							<String ID="string_202" HPOS="504" VPOS="1291" WIDTH="79" HEIGHT="23" WC="0.96" CONTENT="som"/><SP WIDTH="17" VPOS="1291" HPOS="583"/>
							<String ID="string_203" HPOS="600" VPOS="1282" WIDTH="42" HEIGHT="31" WC="0.93" CONTENT="är"/><SP WIDTH="17" VPOS="1282" HPOS="642"/>
							<String ID="string_204" HPOS="659" VPOS="1280" WIDTH="207" HEIGHT="39" WC="0.92" CONTENT="hänförliga"/><SP WIDTH="18" VPOS="1280" HPOS="866"/>
							<String ID="string_205" HPOS="884" VPOS="1278" WIDTH="56" HEIGHT="31" WC="0.96" CONTENT="till"/><SP WIDTH="18" VPOS="1278" HPOS="940"/>
							<String ID="string_206" HPOS="958" VPOS="1277" WIDTH="210" HEIGHT="38" WC="0.96" CONTENT="företagens"/><SP WIDTH="18" VPOS="1277" HPOS="1168"/>
							<String ID="string_207" HPOS="1186" VPOS="1265" WIDTH="413" HEIGHT="50" WC="0.90" CONTENT="tillverkningsomkost-"/>
						</TextLine>
						<TextLine ID="line_21" HPOS="107" VPOS="1321" WIDTH="1493" HEIGHT="55">
							<String ID="string_208" HPOS="107" VPOS="1340" WIDTH="112" HEIGHT="31" WC="0.96" CONTENT="nader"/><SP WIDTH="17" VPOS="1340" HPOS="219"/>
							<String ID="string_209" HPOS="236" VPOS="1338" WIDTH="61" HEIGHT="32" WC="0.96" CONTENT="får"/><SP WIDTH="17" VPOS="1338" HPOS="297"/>
							<String ID="string_210" HPOS="314" VPOS="1337" WIDTH="182" HEIGHT="32" WC="0.96" CONTENT="utskottet"/><SP WIDTH="18" VPOS="1337" HPOS="496"/>
							<String ID="string_211" HPOS="514" VPOS="1335" WIDTH="139" HEIGHT="41" WC="0.96" CONTENT="påpeka"/><SP WIDTH="19" VPOS="1335" HPOS="653"/>
							<String ID="string_212" HPOS="672" VPOS="1335" WIDTH="57" HEIGHT="30" WC="0.96" CONTENT="att"/><SP WIDTH="18" VPOS="1335" HPOS="729"/>
							<String ID="string_213" HPOS="747" VPOS="1333" WIDTH="101" HEIGHT="31" WC="0.96" CONTENT="detta"/><SP WIDTH="19" VPOS="1333" HPOS="848"/>
							<String ID="string_214" HPOS="867" VPOS="1328" WIDTH="177" HEIGHT="43" WC="0.93" CONTENT="spörsmål"/><SP WIDTH="18" VPOS="1328" HPOS="1044"/>
							<String ID="string_215" HPOS="1062" VPOS="1347" WIDTH="46" HEIGHT="4" WC="0.91" CONTENT="—"/><SP WIDTH="19" VPOS="1347" HPOS="1108"/>
							<String ID="string_216" HPOS="1127" VPOS="1327" WIDTH="11" HEIGHT="31" WC="0.96" CONTENT="i"/><SP WIDTH="19" VPOS="1327" HPOS="1138"/>
							<String ID="string_217" HPOS="1157" VPOS="1326" WIDTH="115" HEIGHT="31" WC="0.96" CONTENT="likhet"/><SP WIDTH="18" VPOS="1326" HPOS="1272"/>
							<String ID="string_218" HPOS="1290" VPOS="1324" WIDTH="82" HEIGHT="31" WC="0.96" CONTENT="med"/><SP WIDTH="18" VPOS="1324" HPOS="1372"/>
							<String ID="string_219" HPOS="1390" VPOS="1321" WIDTH="133" HEIGHT="41" WC="0.96" CONTENT="frågan"/><SP WIDTH="19" VPOS="1321" HPOS="1523"/>
							<String ID="string_220" HPOS="1542" VPOS="1329" WIDTH="58" HEIGHT="23" WC="0.96" CONTENT="om"/>
						</TextLine>
						<TextLine ID="line_22" HPOS="107" VPOS="1376" WIDTH="1493" HEIGHT="53">
							<String ID="string_221" HPOS="107" VPOS="1394" WIDTH="57" HEIGHT="30" WC="0.93" CONTENT="att"/><SP WIDTH="18" VPOS="1394" HPOS="164"/>
							<String ID="string_222" HPOS="182" VPOS="1391" WIDTH="210" HEIGHT="38" WC="0.90" CONTENT="undantaga"/><SP WIDTH="19" VPOS="1391" HPOS="392"/>
							<String ID="string_223" HPOS="411" VPOS="1389" WIDTH="211" HEIGHT="39" WC="0.96" CONTENT="företagens"/><SP WIDTH="20" VPOS="1389" HPOS="622"/>
							<String ID="string_224" HPOS="642" VPOS="1385" WIDTH="264" HEIGHT="39" WC="0.96" CONTENT="investeringar"/><SP WIDTH="20" VPOS="1385" HPOS="906"/>
							<String ID="string_225" HPOS="926" VPOS="1382" WIDTH="85" HEIGHT="32" WC="0.93" CONTENT="från"/><SP WIDTH="20" VPOS="1382" HPOS="1011"/>
							<String ID="string_226" HPOS="1031" VPOS="1379" WIDTH="216" HEIGHT="40" WC="0.92" CONTENT="skatteplikt"/><SP WIDTH="18" VPOS="1379" HPOS="1247"/>
							<String ID="string_227" HPOS="1265" VPOS="1377" WIDTH="57" HEIGHT="32" WC="0.96" CONTENT="till"/><SP WIDTH="21" VPOS="1377" HPOS="1322"/>
							<String ID="string_228" HPOS="1343" VPOS="1376" WIDTH="133" HEIGHT="32" WC="0.93" CONTENT="allmän"/><SP WIDTH="20" VPOS="1376" HPOS="1476"/>
							<String ID="string_229" HPOS="1496" VPOS="1382" WIDTH="104" HEIGHT="23" WC="0.93" CONTENT="varu-"/>
						</TextLine>
						<TextLine ID="line_23" HPOS="108" VPOS="1427" WIDTH="1493" HEIGHT="52">
							<String ID="string_230" HPOS="108" VPOS="1446" WIDTH="102" HEIGHT="31" WC="0.93" CONTENT="skatt"/><SP WIDTH="20" VPOS="1446" HPOS="210"/>
							<String ID="string_231" HPOS="230" VPOS="1464" WIDTH="47" HEIGHT="4" WC="0.84" CONTENT="—"/><SP WIDTH="20" VPOS="1464" HPOS="277"/>
							<String ID="string_232" HPOS="297" VPOS="1443" WIDTH="103" HEIGHT="32" WC="0.96" CONTENT="torde"/><SP WIDTH="21" VPOS="1443" HPOS="400"/>
							<String ID="string_233" HPOS="421" VPOS="1442" WIDTH="145" HEIGHT="31" WC="0.96" CONTENT="komma"/><SP WIDTH="22" VPOS="1442" HPOS="566"/>
							<String ID="string_234" HPOS="588" VPOS="1441" WIDTH="56" HEIGHT="30" WC="0.96" CONTENT="att"/><SP WIDTH="20" VPOS="1441" HPOS="644"/>
							<String ID="string_235" HPOS="664" VPOS="1438" WIDTH="339" HEIGHT="41" WC="0.96" CONTENT="uppmärksammas"/><SP WIDTH="22" VPOS="1438" HPOS="1003"/>
							<String ID="string_236" HPOS="1025" VPOS="1443" WIDTH="46" HEIGHT="22" WC="0.96" CONTENT="av"/><SP WIDTH="22" VPOS="1443" HPOS="1071"/>
							<String ID="string_237" HPOS="1093" VPOS="1433" WIDTH="67" HEIGHT="31" WC="0.96" CONTENT="den"/><SP WIDTH="22" VPOS="1433" HPOS="1160"/>
							<String ID="string_238" HPOS="1182" VPOS="1432" WIDTH="56" HEIGHT="31" WC="0.96" CONTENT="till"/><SP WIDTH="23" VPOS="1432" HPOS="1238"/>
							<String ID="string_239" HPOS="1261" VPOS="1430" WIDTH="181" HEIGHT="32" WC="0.96" CONTENT="allmänna"/><SP WIDTH="23" VPOS="1430" HPOS="1442"/>
							<String ID="string_240" HPOS="1465" VPOS="1427" WIDTH="136" HEIGHT="31" WC="0.90" CONTENT="skatte-"/>
						</TextLine>
						<TextLine ID="line_24" HPOS="107" VPOS="1479" WIDTH="1494" HEIGHT="58">
							<String ID="string_241" HPOS="107" VPOS="1498" WIDTH="241" HEIGHT="39" WC="0.96" CONTENT="beredningen"/><SP WIDTH="20" VPOS="1498" HPOS="348"/>
							<String ID="string_242" HPOS="368" VPOS="1494" WIDTH="159" HEIGHT="33" WC="0.91" CONTENT="hörande"/><SP WIDTH="18" VPOS="1494" HPOS="527"/>
							<String ID="string_243" HPOS="545" VPOS="1488" WIDTH="536" HEIGHT="44" WC="0.91" CONTENT="företagsskatteutredningen."/><SP WIDTH="21" VPOS="1488" HPOS="1081"/>
							<String ID="string_244" HPOS="1102" VPOS="1486" WIDTH="77" HEIGHT="36" WC="0.95" CONTENT="Att,"/><SP WIDTH="21" VPOS="1486" HPOS="1179"/>
							<String ID="string_245" HPOS="1200" VPOS="1492" WIDTH="80" HEIGHT="23" WC="0.93" CONTENT="som"/><SP WIDTH="18" VPOS="1492" HPOS="1280"/>
							<String ID="string_246" HPOS="1298" VPOS="1482" WIDTH="127" HEIGHT="40" WC="0.91" CONTENT="yrkats"/><SP WIDTH="20" VPOS="1482" HPOS="1425"/>
							<String ID="string_247" HPOS="1445" VPOS="1480" WIDTH="11" HEIGHT="31" WC="0.93" CONTENT="i"/><SP WIDTH="19" VPOS="1480" HPOS="1456"/>
							<String ID="string_248" HPOS="1475" VPOS="1479" WIDTH="126" HEIGHT="31" WC="0.92" CONTENT="motio-"/>
						</TextLine>
						<TextLine ID="line_25" HPOS="109" VPOS="1535" WIDTH="1492" HEIGHT="49">
							<String ID="string_249" HPOS="109" VPOS="1561" WIDTH="111" HEIGHT="22" WC="0.96" CONTENT="nerna"/><SP WIDTH="21" VPOS="1561" HPOS="220"/>
							<String ID="string_250" HPOS="241" VPOS="1551" WIDTH="32" HEIGHT="31" WC="0.77" CONTENT="I:"/><SP WIDTH="16" VPOS="1551" HPOS="273"/>
							<String ID="string_251" HPOS="289" VPOS="1549" WIDTH="65" HEIGHT="33" WC="0.83" CONTENT="350"/><SP WIDTH="33" VPOS="1549" HPOS="354"/>
							<String ID="string_252" HPOS="387" VPOS="1549" WIDTH="67" HEIGHT="31" WC="0.92" CONTENT="och"/><SP WIDTH="32" VPOS="1549" HPOS="454"/>
							<String ID="string_253" HPOS="486" VPOS="1546" WIDTH="139" HEIGHT="37" WC="0.85" CONTENT="II:415,"/><SP WIDTH="34" VPOS="1546" HPOS="625"/>
							<String ID="string_254" HPOS="659" VPOS="1545" WIDTH="110" HEIGHT="39" WC="0.96" CONTENT="bryta"/><SP WIDTH="32" VPOS="1545" HPOS="769"/>
							<String ID="string_255" HPOS="801" VPOS="1545" WIDTH="41" HEIGHT="29" WC="0.96" CONTENT="ut"/><SP WIDTH="21" VPOS="1545" HPOS="842"/>
							<String ID="string_256" HPOS="863" VPOS="1542" WIDTH="115" HEIGHT="31" WC="0.96" CONTENT="denna"/><SP WIDTH="22" VPOS="1542" HPOS="978"/>
							<String ID="string_257" HPOS="1000" VPOS="1538" WIDTH="107" HEIGHT="41" WC="0.96" CONTENT="fråga"/><SP WIDTH="21" VPOS="1538" HPOS="1107"/>
							<String ID="string_258" HPOS="1128" VPOS="1547" WIDTH="45" HEIGHT="22" WC="0.95" CONTENT="ur"/><SP WIDTH="22" VPOS="1547" HPOS="1173"/>
							<String ID="string_259" HPOS="1195" VPOS="1537" WIDTH="67" HEIGHT="31" WC="0.95" CONTENT="sitt"/><SP WIDTH="21" VPOS="1537" HPOS="1262"/>
							<String ID="string_260" HPOS="1283" VPOS="1535" WIDTH="117" HEIGHT="31" WC="0.93" CONTENT="större"/><SP WIDTH="23" VPOS="1535" HPOS="1400"/>
							<String ID="string_261" HPOS="1423" VPOS="1541" WIDTH="178" HEIGHT="24" WC="0.91" CONTENT="samman-"/>
						</TextLine>
						<TextLine ID="line_26" HPOS="108" VPOS="1584" WIDTH="1493" HEIGHT="60">
							<String ID="string_262" HPOS="108" VPOS="1605" WIDTH="98" HEIGHT="39" WC="0.96" CONTENT="hang"/><SP WIDTH="18" VPOS="1605" HPOS="206"/>
							<String ID="string_263" HPOS="224" VPOS="1604" WIDTH="42" HEIGHT="30" WC="0.96" CONTENT="är"/><SP WIDTH="17" VPOS="1604" HPOS="266"/>
							<String ID="string_264" HPOS="283" VPOS="1602" WIDTH="113" HEIGHT="39" WC="0.96" CONTENT="enligt"/><SP WIDTH="15" VPOS="1602" HPOS="396"/>
							<String ID="string_265" HPOS="411" VPOS="1600" WIDTH="202" HEIGHT="32" WC="0.96" CONTENT="utskottets"/><SP WIDTH="16" VPOS="1600" HPOS="613"/>
							<String ID="string_266" HPOS="629" VPOS="1598" WIDTH="146" HEIGHT="38" WC="0.96" CONTENT="mening"/><SP WIDTH="19" VPOS="1598" HPOS="775"/>
							<String ID="string_267" HPOS="794" VPOS="1597" WIDTH="73" HEIGHT="30" WC="0.96" CONTENT="inte"/><SP WIDTH="17" VPOS="1597" HPOS="867"/>
							<String ID="string_268" HPOS="884" VPOS="1594" WIDTH="175" HEIGHT="40" WC="0.96" CONTENT="lämpligt."/><SP WIDTH="28" VPOS="1594" HPOS="1059"/>
							<String ID="string_269" HPOS="1087" VPOS="1591" WIDTH="124" HEIGHT="32" WC="0.96" CONTENT="Under"/><SP WIDTH="18" VPOS="1591" HPOS="1211"/>
							<String ID="string_270" HPOS="1229" VPOS="1587" WIDTH="158" HEIGHT="33" WC="0.93" CONTENT="rådande"/><SP WIDTH="17" VPOS="1587" HPOS="1387"/>
							<String ID="string_271" HPOS="1404" VPOS="1584" WIDTH="197" HEIGHT="33" WC="0.91" CONTENT="förhållan-"/>
						</TextLine>
						<TextLine ID="line_27" HPOS="110" VPOS="1638" WIDTH="1493" HEIGHT="54">
							<String ID="string_272" HPOS="110" VPOS="1657" WIDTH="67" HEIGHT="31" WC="0.96" CONTENT="den"/><SP WIDTH="16" VPOS="1657" HPOS="177"/>
							<String ID="string_273" HPOS="193" VPOS="1665" WIDTH="108" HEIGHT="22" WC="0.96" CONTENT="anser"/><SP WIDTH="15" VPOS="1665" HPOS="301"/>
							<String ID="string_274" HPOS="316" VPOS="1654" WIDTH="182" HEIGHT="32" WC="0.96" CONTENT="utskottet"/><SP WIDTH="15" VPOS="1654" HPOS="498"/>
							<String ID="string_275" HPOS="513" VPOS="1653" WIDTH="57" HEIGHT="39" WC="0.96" CONTENT="sig"/><SP WIDTH="16" VPOS="1653" HPOS="570"/>
							<String ID="string_276" HPOS="586" VPOS="1652" WIDTH="73" HEIGHT="31" WC="0.96" CONTENT="inte"/><SP WIDTH="17" VPOS="1652" HPOS="659"/>
							<String ID="string_277" HPOS="676" VPOS="1650" WIDTH="114" HEIGHT="32" WC="0.96" CONTENT="heller"/><SP WIDTH="14" VPOS="1650" HPOS="790"/>
							<String ID="string_278" HPOS="804" VPOS="1650" WIDTH="87" HEIGHT="31" WC="0.96" CONTENT="böra"/><SP WIDTH="17" VPOS="1650" HPOS="891"/>
							<String ID="string_279" HPOS="908" VPOS="1647" WIDTH="149" HEIGHT="32" WC="0.96" CONTENT="förorda"/><SP WIDTH="15" VPOS="1647" HPOS="1057"/>
							<String ID="string_280" HPOS="1072" VPOS="1655" WIDTH="44" HEIGHT="22" WC="0.96" CONTENT="en"/><SP WIDTH="16" VPOS="1655" HPOS="1116"/>
							<String ID="string_281" HPOS="1132" VPOS="1643" WIDTH="195" HEIGHT="39" WC="0.96" CONTENT="utredning"/><SP WIDTH="18" VPOS="1643" HPOS="1327"/>
							<String ID="string_282" HPOS="1345" VPOS="1642" WIDTH="12" HEIGHT="31" WC="0.96" CONTENT="i"/><SP WIDTH="17" VPOS="1642" HPOS="1357"/>
							<String ID="string_283" HPOS="1374" VPOS="1641" WIDTH="99" HEIGHT="40" WC="0.96" CONTENT="syfte"/><SP WIDTH="17" VPOS="1641" HPOS="1473"/>
							<String ID="string_284" HPOS="1490" VPOS="1642" WIDTH="56" HEIGHT="30" WC="0.96" CONTENT="att"/><SP WIDTH="17" VPOS="1642" HPOS="1546"/>
							<String ID="string_285" HPOS="1563" VPOS="1638" WIDTH="40" HEIGHT="32" WC="0.96" CONTENT="få"/>
						</TextLine>
						<TextLine ID="line_28" HPOS="109" VPOS="1692" WIDTH="1494" HEIGHT="56">
							<String ID="string_286" HPOS="109" VPOS="1720" WIDTH="44" HEIGHT="22" WC="0.96" CONTENT="en"/><SP WIDTH="29" VPOS="1720" HPOS="153"/>
							<String ID="string_287" HPOS="182" VPOS="1709" WIDTH="139" HEIGHT="32" WC="0.95" CONTENT="ändrad"/><SP WIDTH="29" VPOS="1709" HPOS="321"/>
							<String ID="string_288" HPOS="350" VPOS="1705" WIDTH="290" HEIGHT="43" WC="0.96" CONTENT="gränsdragning"/><SP WIDTH="29" VPOS="1705" HPOS="640"/>
							<String ID="string_289" HPOS="669" VPOS="1703" WIDTH="132" HEIGHT="31" WC="0.95" CONTENT="mellan"/><SP WIDTH="30" VPOS="1703" HPOS="801"/>
							<String ID="string_290" HPOS="831" VPOS="1700" WIDTH="208" HEIGHT="33" WC="0.95" CONTENT="skattefritt"/><SP WIDTH="19" VPOS="1700" HPOS="1039"/>
							<String ID="string_291" HPOS="1058" VPOS="1699" WIDTH="67" HEIGHT="31" WC="0.96" CONTENT="och"/><SP WIDTH="20" VPOS="1699" HPOS="1125"/>
							<String ID="string_292" HPOS="1145" VPOS="1695" WIDTH="272" HEIGHT="41" WC="0.91" CONTENT="skattepliktigt"/><SP WIDTH="19" VPOS="1695" HPOS="1417"/>
							<String ID="string_293" HPOS="1436" VPOS="1692" WIDTH="167" HEIGHT="32" WC="0.92" CONTENT="förbruk-"/>
						</TextLine>
						<TextLine ID="line_29" HPOS="109" VPOS="1745" WIDTH="1494" HEIGHT="57">
							<String ID="string_294" HPOS="109" VPOS="1761" WIDTH="285" HEIGHT="41" WC="0.86" CONTENT="ningsmaterial."/><SP WIDTH="19" VPOS="1761" HPOS="394"/>
							<String ID="string_295" HPOS="413" VPOS="1759" WIDTH="191" HEIGHT="32" WC="0.96" CONTENT="Utskottet"/><SP WIDTH="17" VPOS="1759" HPOS="604"/>
							<String ID="string_296" HPOS="621" VPOS="1757" WIDTH="63" HEIGHT="31" WC="0.96" CONTENT="vill"/><SP WIDTH="18" VPOS="1757" HPOS="684"/>
							<String ID="string_297" HPOS="702" VPOS="1756" WIDTH="121" HEIGHT="31" WC="0.96" CONTENT="erinra"/><SP WIDTH="19" VPOS="1756" HPOS="823"/>
							<String ID="string_298" HPOS="842" VPOS="1763" WIDTH="57" HEIGHT="23" WC="0.96" CONTENT="om"/><SP WIDTH="18" VPOS="1763" HPOS="899"/>
							<String ID="string_299" HPOS="917" VPOS="1755" WIDTH="57" HEIGHT="30" WC="0.96" CONTENT="att"/><SP WIDTH="19" VPOS="1755" HPOS="974"/>
							<String ID="string_300" HPOS="993" VPOS="1753" WIDTH="60" HEIGHT="31" WC="0.96" CONTENT="det"/><SP WIDTH="18" VPOS="1753" HPOS="1053"/>
							<String ID="string_301" HPOS="1071" VPOS="1751" WIDTH="114" HEIGHT="31" WC="0.96" CONTENT="under"/><SP WIDTH="18" VPOS="1751" HPOS="1185"/>
							<String ID="string_302" HPOS="1203" VPOS="1748" WIDTH="232" HEIGHT="33" WC="0.96" CONTENT="förarbetena"/><SP WIDTH="19" VPOS="1748" HPOS="1435"/>
							<String ID="string_303" HPOS="1454" VPOS="1746" WIDTH="56" HEIGHT="32" WC="0.93" CONTENT="till"/><SP WIDTH="19" VPOS="1746" HPOS="1510"/>
							<String ID="string_304" HPOS="1529" VPOS="1745" WIDTH="74" HEIGHT="40" WC="0.91" CONTENT="lag-"/>
						</TextLine>
						<TextLine ID="line_30" HPOS="111" VPOS="1799" WIDTH="1492" HEIGHT="55">
							<String ID="string_305" HPOS="111" VPOS="1815" WIDTH="217" HEIGHT="39" WC="0.96" CONTENT="stiftningen"/><SP WIDTH="12" VPOS="1815" HPOS="328"/>
							<String ID="string_306" HPOS="340" VPOS="1813" WIDTH="183" HEIGHT="31" WC="0.96" CONTENT="uttalades"/><SP WIDTH="13" VPOS="1813" HPOS="523"/>
							<String ID="string_307" HPOS="536" VPOS="1812" WIDTH="56" HEIGHT="30" WC="0.96" CONTENT="att"/><SP WIDTH="11" VPOS="1812" HPOS="592"/>
							<String ID="string_308" HPOS="603" VPOS="1811" WIDTH="61" HEIGHT="30" WC="0.96" CONTENT="det"/><SP WIDTH="13" VPOS="1811" HPOS="664"/>
							<String ID="string_309" HPOS="677" VPOS="1810" WIDTH="181" HEIGHT="38" WC="0.95" CONTENT="knappast"/><SP WIDTH="12" VPOS="1810" HPOS="858"/>
							<String ID="string_310" HPOS="870" VPOS="1816" WIDTH="66" HEIGHT="22" WC="0.96" CONTENT="var"/><SP WIDTH="12" VPOS="1816" HPOS="936"/>
							<String ID="string_311" HPOS="948" VPOS="1805" WIDTH="166" HEIGHT="40" WC="0.96" CONTENT="lämpligt"/><SP WIDTH="13" VPOS="1805" HPOS="1114"/>
							<String ID="string_312" HPOS="1127" VPOS="1805" WIDTH="56" HEIGHT="30" WC="0.96" CONTENT="att"/><SP WIDTH="14" VPOS="1805" HPOS="1183"/>
							<String ID="string_313" HPOS="1197" VPOS="1803" WIDTH="11" HEIGHT="30" WC="0.96" CONTENT="i"/><SP WIDTH="14" VPOS="1803" HPOS="1208"/>
							<String ID="string_314" HPOS="1222" VPOS="1800" WIDTH="279" HEIGHT="41" WC="0.96" CONTENT="lagstiftningen"/><SP WIDTH="15" VPOS="1800" HPOS="1501"/>
							<String ID="string_315" HPOS="1516" VPOS="1799" WIDTH="87" HEIGHT="39" WC="0.96" CONTENT="göra"/>
						</TextLine>
						<TextLine ID="line_31" HPOS="111" VPOS="1853" WIDTH="1493" HEIGHT="53">
							<String ID="string_316" HPOS="111" VPOS="1878" WIDTH="44" HEIGHT="22" WC="0.96" CONTENT="en"/><SP WIDTH="12" VPOS="1878" HPOS="155"/>
							<String ID="string_317" HPOS="167" VPOS="1877" WIDTH="78" HEIGHT="22" WC="0.95" CONTENT="mer"/><SP WIDTH="11" VPOS="1877" HPOS="245"/>
							<String ID="string_318" HPOS="256" VPOS="1866" WIDTH="203" HEIGHT="40" WC="0.96" CONTENT="detaljerad"/><SP WIDTH="13" VPOS="1866" HPOS="459"/>
							<String ID="string_319" HPOS="472" VPOS="1863" WIDTH="245" HEIGHT="40" WC="0.95" CONTENT="avgränsning"/><SP WIDTH="14" VPOS="1863" HPOS="717"/>
							<String ID="string_320" HPOS="731" VPOS="1870" WIDTH="46" HEIGHT="22" WC="0.93" CONTENT="av"/><SP WIDTH="13" VPOS="1870" HPOS="777"/>
							<String ID="string_321" HPOS="790" VPOS="1858" WIDTH="371" HEIGHT="40" WC="0.91" CONTENT="materialbegreppet,"/><SP WIDTH="14" VPOS="1858" HPOS="1161"/>
							<String ID="string_322" HPOS="1175" VPOS="1856" WIDTH="90" HEIGHT="30" WC="0.96" CONTENT="utan"/><SP WIDTH="16" VPOS="1856" HPOS="1265"/>
							<String ID="string_323" HPOS="1281" VPOS="1854" WIDTH="68" HEIGHT="31" WC="0.96" CONTENT="den"/><SP WIDTH="13" VPOS="1854" HPOS="1349"/>
							<String ID="string_324" HPOS="1362" VPOS="1853" WIDTH="167" HEIGHT="31" WC="0.93" CONTENT="närmare"/><SP WIDTH="16" VPOS="1853" HPOS="1529"/>
							<String ID="string_325" HPOS="1545" VPOS="1859" WIDTH="59" HEIGHT="22" WC="0.91" CONTENT="av-"/>
						</TextLine>
						<TextLine ID="line_32" HPOS="111" VPOS="1903" WIDTH="1494" HEIGHT="58">
							<String ID="string_326" HPOS="111" VPOS="1920" WIDTH="245" HEIGHT="41" WC="0.92" CONTENT="gränsningen"/><SP WIDTH="22" VPOS="1920" HPOS="356"/>
							<String ID="string_327" HPOS="378" VPOS="1917" WIDTH="134" HEIGHT="39" WC="0.96" CONTENT="ansågs"/><SP WIDTH="21" VPOS="1917" HPOS="512"/>
							<String ID="string_328" HPOS="533" VPOS="1916" WIDTH="88" HEIGHT="31" WC="0.96" CONTENT="böra"/><SP WIDTH="22" VPOS="1916" HPOS="621"/>
							<String ID="string_329" HPOS="643" VPOS="1915" WIDTH="63" HEIGHT="31" WC="0.95" CONTENT="ske"/><SP WIDTH="23" VPOS="1915" HPOS="706"/>
							<String ID="string_330" HPOS="729" VPOS="1915" WIDTH="11" HEIGHT="30" WC="0.95" CONTENT="i"/><SP WIDTH="22" VPOS="1915" HPOS="740"/>
							<String ID="string_331" HPOS="762" VPOS="1910" WIDTH="380" HEIGHT="41" WC="0.92" CONTENT="rättstillämpningen."/><SP WIDTH="23" VPOS="1910" HPOS="1142"/>
							<String ID="string_332" HPOS="1165" VPOS="1907" WIDTH="192" HEIGHT="32" WC="0.96" CONTENT="Utskottet"/><SP WIDTH="22" VPOS="1907" HPOS="1357"/>
							<String ID="string_333" HPOS="1379" VPOS="1906" WIDTH="68" HEIGHT="30" WC="0.96" CONTENT="har"/><SP WIDTH="23" VPOS="1906" HPOS="1447"/>
							<String ID="string_334" HPOS="1470" VPOS="1904" WIDTH="56" HEIGHT="39" WC="0.93" CONTENT="sig"/><SP WIDTH="21" VPOS="1904" HPOS="1526"/>
							<String ID="string_335" HPOS="1547" VPOS="1903" WIDTH="58" HEIGHT="31" WC="0.91" CONTENT="be-"/>
						</TextLine>
						<TextLine ID="line_33" HPOS="112" VPOS="1956" WIDTH="1493" HEIGHT="50">
							<String ID="string_336" HPOS="112" VPOS="1975" WIDTH="89" HEIGHT="30" WC="0.96" CONTENT="kant"/><SP WIDTH="30" VPOS="1975" HPOS="201"/>
							<String ID="string_337" HPOS="231" VPOS="1974" WIDTH="58" HEIGHT="30" WC="0.96" CONTENT="att"/><SP WIDTH="30" VPOS="1974" HPOS="289"/>
							<String ID="string_338" HPOS="319" VPOS="1972" WIDTH="96" HEIGHT="30" WC="0.96" CONTENT="inom"/><SP WIDTH="29" VPOS="1972" HPOS="415"/>
							<String ID="string_339" HPOS="444" VPOS="1970" WIDTH="99" HEIGHT="31" WC="0.93" CONTENT="vissa"/><SP WIDTH="29" VPOS="1970" HPOS="543"/>
							<String ID="string_340" HPOS="572" VPOS="1964" WIDTH="446" HEIGHT="42" WC="0.91" CONTENT="branschorganisationer"/><SP WIDTH="30" VPOS="1964" HPOS="1018"/>
							<String ID="string_341" HPOS="1048" VPOS="1960" WIDTH="314" HEIGHT="38" WC="0.93" CONTENT="undersökningar"/><SP WIDTH="28" VPOS="1960" HPOS="1362"/>
							<String ID="string_342" HPOS="1390" VPOS="1956" WIDTH="215" HEIGHT="33" WC="0.90" CONTENT="verkställes"/>
						</TextLine>
						<TextLine ID="line_34" HPOS="111" VPOS="2011" WIDTH="1494" HEIGHT="52">
							<String ID="string_343" HPOS="111" VPOS="2026" WIDTH="154" HEIGHT="32" WC="0.96" CONTENT="rörande"/><SP WIDTH="21" VPOS="2026" HPOS="265"/>
							<String ID="string_344" HPOS="286" VPOS="2023" WIDTH="274" HEIGHT="40" WC="0.95" CONTENT="tillämpningen"/><SP WIDTH="20" VPOS="2023" HPOS="560"/>
							<String ID="string_345" HPOS="580" VPOS="2030" WIDTH="46" HEIGHT="22" WC="0.93" CONTENT="av"/><SP WIDTH="20" VPOS="2030" HPOS="626"/>
							<String ID="string_346" HPOS="646" VPOS="2016" WIDTH="494" HEIGHT="39" WC="0.91" CONTENT="varuskatteförordningens"/><SP WIDTH="20" VPOS="2016" HPOS="1140"/>
							<String ID="string_347" HPOS="1160" VPOS="2011" WIDTH="273" HEIGHT="33" WC="0.95" CONTENT="bestämmelser"/><SP WIDTH="20" VPOS="2011" HPOS="1433"/>
							<String ID="string_348" HPOS="1453" VPOS="2018" WIDTH="59" HEIGHT="22" WC="0.93" CONTENT="om"/><SP WIDTH="20" VPOS="2018" HPOS="1512"/>
							<String ID="string_349" HPOS="1532" VPOS="2017" WIDTH="73" HEIGHT="22" WC="0.91" CONTENT="ma-"/>
						</TextLine>
						<TextLine ID="line_35" HPOS="112" VPOS="2063" WIDTH="1494" HEIGHT="54">
							<String ID="string_350" HPOS="112" VPOS="2078" WIDTH="313" HEIGHT="39" WC="0.89" CONTENT="terialbegreppet,"/><SP WIDTH="17" VPOS="2078" HPOS="425"/>
							<String ID="string_351" HPOS="442" VPOS="2075" WIDTH="99" HEIGHT="31" WC="0.96" CONTENT="vilka"/><SP WIDTH="15" VPOS="2075" HPOS="541"/>
							<String ID="string_352" HPOS="556" VPOS="2072" WIDTH="312" HEIGHT="39" WC="0.96" CONTENT="undersökningar"/><SP WIDTH="14" VPOS="2072" HPOS="868"/>
							<String ID="string_353" HPOS="882" VPOS="2070" WIDTH="102" HEIGHT="31" WC="0.96" CONTENT="torde"/><SP WIDTH="17" VPOS="2070" HPOS="984"/>
							<String ID="string_354" HPOS="1001" VPOS="2069" WIDTH="144" HEIGHT="31" WC="0.96" CONTENT="komma"/><SP WIDTH="16" VPOS="2069" HPOS="1145"/>
							<String ID="string_355" HPOS="1161" VPOS="2069" WIDTH="57" HEIGHT="30" WC="0.96" CONTENT="att"/><SP WIDTH="16" VPOS="2069" HPOS="1218"/>
							<String ID="string_356" HPOS="1234" VPOS="2066" WIDTH="80" HEIGHT="31" WC="0.96" CONTENT="leda"/><SP WIDTH="16" VPOS="2066" HPOS="1314"/>
							<String ID="string_357" HPOS="1330" VPOS="2065" WIDTH="55" HEIGHT="32" WC="0.96" CONTENT="till"/><SP WIDTH="17" VPOS="2065" HPOS="1385"/>
							<String ID="string_358" HPOS="1402" VPOS="2066" WIDTH="57" HEIGHT="30" WC="0.96" CONTENT="att"/><SP WIDTH="15" VPOS="2066" HPOS="1459"/>
							<String ID="string_359" HPOS="1474" VPOS="2063" WIDTH="132" HEIGHT="40" WC="0.95" CONTENT="frågan"/>
						</TextLine>
						<TextLine ID="line_36" HPOS="113" VPOS="2116" WIDTH="1493" HEIGHT="49">
							<String ID="string_360" HPOS="113" VPOS="2132" WIDTH="162" HEIGHT="31" WC="0.96" CONTENT="kommer"/><SP WIDTH="16" VPOS="2132" HPOS="275"/>
							<String ID="string_361" HPOS="291" VPOS="2131" WIDTH="55" HEIGHT="30" WC="0.96" CONTENT="att"/><SP WIDTH="15" VPOS="2131" HPOS="346"/>
							<String ID="string_362" HPOS="361" VPOS="2127" WIDTH="242" HEIGHT="33" WC="0.95" CONTENT="underställas"/><SP WIDTH="16" VPOS="2127" HPOS="603"/>
							<String ID="string_363" HPOS="619" VPOS="2127" WIDTH="132" HEIGHT="38" WC="0.96" CONTENT="högsta"/><SP WIDTH="17" VPOS="2127" HPOS="751"/>
							<String ID="string_364" HPOS="768" VPOS="2125" WIDTH="149" HEIGHT="30" WC="0.96" CONTENT="instans."/><SP WIDTH="18" VPOS="2125" HPOS="917"/>
							<String ID="string_365" HPOS="935" VPOS="2122" WIDTH="81" HEIGHT="31" WC="0.96" CONTENT="Med"/><SP WIDTH="16" VPOS="2122" HPOS="1016"/>
							<String ID="string_366" HPOS="1032" VPOS="2122" WIDTH="142" HEIGHT="37" WC="0.96" CONTENT="hänsyn"/><SP WIDTH="15" VPOS="2122" HPOS="1174"/>
							<String ID="string_367" HPOS="1189" VPOS="2120" WIDTH="56" HEIGHT="31" WC="0.96" CONTENT="till"/><SP WIDTH="16" VPOS="2120" HPOS="1245"/>
							<String ID="string_368" HPOS="1261" VPOS="2119" WIDTH="101" HEIGHT="31" WC="0.96" CONTENT="detta"/><SP WIDTH="18" VPOS="2119" HPOS="1362"/>
							<String ID="string_369" HPOS="1380" VPOS="2116" WIDTH="226" HEIGHT="32" WC="0.95" CONTENT="förhållande"/>
						</TextLine>
						<TextLine ID="line_37" HPOS="114" VPOS="2168" WIDTH="1491" HEIGHT="52">
							<String ID="string_370" HPOS="114" VPOS="2185" WIDTH="66" HEIGHT="30" WC="0.96" CONTENT="och"/><SP WIDTH="21" VPOS="2185" HPOS="180"/>
							<String ID="string_371" HPOS="201" VPOS="2183" WIDTH="82" HEIGHT="31" WC="0.96" CONTENT="med"/><SP WIDTH="21" VPOS="2183" HPOS="283"/>
							<String ID="string_372" HPOS="304" VPOS="2182" WIDTH="108" HEIGHT="31" WC="0.96" CONTENT="tanke"/><SP WIDTH="22" VPOS="2182" HPOS="412"/>
							<String ID="string_373" HPOS="434" VPOS="2180" WIDTH="46" HEIGHT="40" WC="0.96" CONTENT="på"/><SP WIDTH="21" VPOS="2180" HPOS="480"/>
							<String ID="string_374" HPOS="501" VPOS="2180" WIDTH="68" HEIGHT="31" WC="0.96" CONTENT="den"/><SP WIDTH="21" VPOS="2180" HPOS="569"/>
							<String ID="string_375" HPOS="590" VPOS="2177" WIDTH="225" HEIGHT="41" WC="0.95" CONTENT="ståndpunkt"/><SP WIDTH="23" VPOS="2177" HPOS="815"/>
							<String ID="string_376" HPOS="838" VPOS="2176" WIDTH="192" HEIGHT="38" WC="0.96" CONTENT="riksdagen"/><SP WIDTH="22" VPOS="2176" HPOS="1030"/>
							<String ID="string_377" HPOS="1052" VPOS="2174" WIDTH="155" HEIGHT="38" WC="0.96" CONTENT="tidigare"/><SP WIDTH="23" VPOS="2174" HPOS="1207"/>
							<String ID="string_378" HPOS="1230" VPOS="2171" WIDTH="133" HEIGHT="39" WC="0.96" CONTENT="intagit"/><SP WIDTH="22" VPOS="2171" HPOS="1363"/>
							<String ID="string_379" HPOS="1385" VPOS="2170" WIDTH="55" HEIGHT="31" WC="0.96" CONTENT="till"/><SP WIDTH="23" VPOS="2170" HPOS="1440"/>
							<String ID="string_380" HPOS="1463" VPOS="2168" WIDTH="142" HEIGHT="40" WC="0.96" CONTENT="frågan,"/>
						</TextLine>
						<TextLine ID="line_38" HPOS="114" VPOS="2222" WIDTH="1494" HEIGHT="47">
							<String ID="string_381" HPOS="114" VPOS="2237" WIDTH="121" HEIGHT="30" WC="0.96" CONTENT="finner"/><SP WIDTH="13" VPOS="2237" HPOS="235"/>
							<String ID="string_382" HPOS="248" VPOS="2235" WIDTH="180" HEIGHT="31" WC="0.96" CONTENT="utskottet"/><SP WIDTH="14" VPOS="2235" HPOS="428"/>
							<String ID="string_383" HPOS="442" VPOS="2233" WIDTH="60" HEIGHT="30" WC="0.96" CONTENT="det"/><SP WIDTH="12" VPOS="2233" HPOS="502"/>
							<String ID="string_384" HPOS="514" VPOS="2240" WIDTH="88" HEIGHT="22" WC="0.96" CONTENT="vara"/><SP WIDTH="14" VPOS="2240" HPOS="602"/>
							<String ID="string_385" HPOS="616" VPOS="2230" WIDTH="165" HEIGHT="39" WC="0.96" CONTENT="lämpligt"/><SP WIDTH="14" VPOS="2230" HPOS="781"/>
							<String ID="string_386" HPOS="795" VPOS="2228" WIDTH="157" HEIGHT="32" WC="0.96" CONTENT="avvakta"/><SP WIDTH="14" VPOS="2228" HPOS="952"/>
							<String ID="string_387" HPOS="966" VPOS="2229" WIDTH="56" HEIGHT="29" WC="0.96" CONTENT="att"/><SP WIDTH="14" VPOS="2229" HPOS="1022"/>
							<String ID="string_388" HPOS="1036" VPOS="2225" WIDTH="173" HEIGHT="38" WC="0.95" CONTENT="ställning"/><SP WIDTH="14" VPOS="2225" HPOS="1209"/>
							<String ID="string_389" HPOS="1223" VPOS="2225" WIDTH="10" HEIGHT="30" WC="0.95" CONTENT="i"/><SP WIDTH="15" VPOS="2225" HPOS="1233"/>
							<String ID="string_390" HPOS="1248" VPOS="2224" WIDTH="132" HEIGHT="38" WC="0.96" CONTENT="högsta"/><SP WIDTH="14" VPOS="2224" HPOS="1380"/>
							<String ID="string_391" HPOS="1394" VPOS="2223" WIDTH="141" HEIGHT="30" WC="0.95" CONTENT="instans"/><SP WIDTH="14" VPOS="2223" HPOS="1535"/>
							<String ID="string_392" HPOS="1549" VPOS="2222" WIDTH="59" HEIGHT="29" WC="0.96" CONTENT="tas"/>
						</TextLine>
						<TextLine ID="line_39" HPOS="114" VPOS="2276" WIDTH="1494" HEIGHT="49">
							<String ID="string_393" HPOS="114" VPOS="2289" WIDTH="55" HEIGHT="31" WC="0.96" CONTENT="till"/><SP WIDTH="32" VPOS="2289" HPOS="169"/>
							<String ID="string_394" HPOS="201" VPOS="2287" WIDTH="210" HEIGHT="38" WC="0.96" CONTENT="tolkningen"/><SP WIDTH="33" VPOS="2287" HPOS="411"/>
							<String ID="string_395" HPOS="444" VPOS="2294" WIDTH="46" HEIGHT="21" WC="0.96" CONTENT="av"/><SP WIDTH="21" VPOS="2294" HPOS="490"/>
							<String ID="string_396" HPOS="511" VPOS="2282" WIDTH="280" HEIGHT="40" WC="0.92" CONTENT="ifrågavarande"/><SP WIDTH="22" VPOS="2282" HPOS="791"/>
							<String ID="string_397" HPOS="813" VPOS="2277" WIDTH="524" HEIGHT="40" WC="0.90" CONTENT="författningsbestämmelser."/><SP WIDTH="25" VPOS="2277" HPOS="1337"/>
							<String ID="string_398" HPOS="1362" VPOS="2276" WIDTH="81" HEIGHT="31" WC="0.96" CONTENT="Med"/><SP WIDTH="23" VPOS="2276" HPOS="1443"/>
							<String ID="string_399" HPOS="1466" VPOS="2276" WIDTH="60" HEIGHT="31" WC="0.92" CONTENT="det"/><SP WIDTH="22" VPOS="2276" HPOS="1526"/>
							<String ID="string_400" HPOS="1548" VPOS="2285" WIDTH="60" HEIGHT="21" WC="0.91" CONTENT="an-"/>
						</TextLine>
						<TextLine ID="line_40" HPOS="115" VPOS="2328" WIDTH="1494" HEIGHT="48">
							<String ID="string_401" HPOS="115" VPOS="2341" WIDTH="106" HEIGHT="32" WC="0.96" CONTENT="förda"/><SP WIDTH="21" VPOS="2341" HPOS="221"/>
							<String ID="string_402" HPOS="242" VPOS="2348" WIDTH="107" HEIGHT="22" WC="0.96" CONTENT="anser"/><SP WIDTH="18" VPOS="2348" HPOS="349"/>
							<String ID="string_403" HPOS="367" VPOS="2338" WIDTH="57" HEIGHT="38" WC="0.96" CONTENT="sig"/><SP WIDTH="19" VPOS="2338" HPOS="424"/>
							<String ID="string_404" HPOS="443" VPOS="2336" WIDTH="182" HEIGHT="32" WC="0.96" CONTENT="utskottet"/><SP WIDTH="18" VPOS="2336" HPOS="625"/>
							<String ID="string_405" HPOS="643" VPOS="2335" WIDTH="47" HEIGHT="30" WC="0.97" CONTENT="ha"/><SP WIDTH="19" VPOS="2335" HPOS="690"/>
							<String ID="string_406" HPOS="709" VPOS="2334" WIDTH="172" HEIGHT="31" WC="0.95" CONTENT="besvarat"/><SP WIDTH="18" VPOS="2334" HPOS="881"/>
							<String ID="string_407" HPOS="899" VPOS="2332" WIDTH="225" HEIGHT="31" WC="0.96" CONTENT="motionerna"/><SP WIDTH="20" VPOS="2332" HPOS="1124"/>
							<String ID="string_408" HPOS="1144" VPOS="2330" WIDTH="31" HEIGHT="30" WC="0.77" CONTENT="I:"/><SP WIDTH="16" VPOS="2330" HPOS="1175"/>
							<String ID="string_409" HPOS="1191" VPOS="2329" WIDTH="66" HEIGHT="31" WC="0.77" CONTENT="350"/><SP WIDTH="21" VPOS="2329" HPOS="1257"/>
							<String ID="string_410" HPOS="1278" VPOS="2329" WIDTH="66" HEIGHT="31" WC="0.91" CONTENT="och"/><SP WIDTH="20" VPOS="2329" HPOS="1344"/>
							<String ID="string_411" HPOS="1364" VPOS="2328" WIDTH="129" HEIGHT="31" WC="0.65" CONTENT="II:415"/><SP WIDTH="21" VPOS="2328" HPOS="1493"/>
							<String ID="string_412" HPOS="1514" VPOS="2329" WIDTH="95" HEIGHT="29" WC="0.96" CONTENT="samt"/>
						</TextLine>
						<TextLine ID="line_41" HPOS="115" VPOS="2390" WIDTH="338" HEIGHT="35">
							<String ID="string_413" HPOS="115" VPOS="2393" WIDTH="182" HEIGHT="32" WC="0.96" CONTENT="motionen"/><SP WIDTH="16" VPOS="2393" HPOS="297"/>
							<String ID="string_414" HPOS="313" VPOS="2391" WIDTH="49" HEIGHT="30" WC="0.83" CONTENT="II:"/><SP WIDTH="16" VPOS="2391" HPOS="362"/>
							<String ID="string_415" HPOS="378" VPOS="2390" WIDTH="75" HEIGHT="31" WC="0.95" CONTENT="565."/>
						</TextLine>
					</TextBlock>
				</ComposedBlock>
				<ComposedBlock ID="cblock_2" HPOS="160" VPOS="2451" WIDTH="1450" HEIGHT="45">
					<TextBlock ID="block_4" HPOS="160" VPOS="2451" WIDTH="1450" HEIGHT="45">
						<TextLine ID="line_42" HPOS="160" VPOS="2451" WIDTH="1450" HEIGHT="45">
							<String ID="string_416" HPOS="160" VPOS="2462" WIDTH="189" HEIGHT="32" WC="0.92" CONTENT="Yrkandet"/><SP WIDTH="15" VPOS="2462" HPOS="349"/>
							<String ID="string_417" HPOS="364" VPOS="2460" WIDTH="10" HEIGHT="30" WC="0.96" CONTENT="i"/><SP WIDTH="16" VPOS="2460" HPOS="374"/>
							<String ID="string_418" HPOS="390" VPOS="2460" WIDTH="43" HEIGHT="30" WC="0.96" CONTENT="de"/><SP WIDTH="16" VPOS="2460" HPOS="433"/>
							<String ID="string_419" HPOS="449" VPOS="2457" WIDTH="227" HEIGHT="39" WC="0.96" CONTENT="likalydande"/><SP WIDTH="16" VPOS="2457" HPOS="676"/>
							<String ID="string_420" HPOS="692" VPOS="2456" WIDTH="225" HEIGHT="30" WC="0.96" CONTENT="motionerna"/><SP WIDTH="15" VPOS="2456" HPOS="917"/>
							<String ID="string_421" HPOS="932" VPOS="2455" WIDTH="32" HEIGHT="30" WC="0.71" CONTENT="1:"/><SP WIDTH="16" VPOS="2455" HPOS="964"/>
							<String ID="string_422" HPOS="980" VPOS="2453" WIDTH="66" HEIGHT="31" WC="0.92" CONTENT="463"/><SP WIDTH="16" VPOS="2453" HPOS="1046"/>
							<String ID="string_423" HPOS="1062" VPOS="2463" WIDTH="45" HEIGHT="21" WC="0.96" CONTENT="av"/><SP WIDTH="16" VPOS="2463" HPOS="1107"/>
							<String ID="string_424" HPOS="1123" VPOS="2454" WIDTH="86" HEIGHT="30" WC="0.96" CONTENT="herr"/><SP WIDTH="14" VPOS="2454" HPOS="1209"/>
							<String ID="string_425" HPOS="1223" VPOS="2453" WIDTH="184" HEIGHT="39" WC="0.92" CONTENT="Bengtson"/><SP WIDTH="16" VPOS="2453" HPOS="1407"/>
							<String ID="string_426" HPOS="1423" VPOS="2461" WIDTH="45" HEIGHT="22" WC="0.90" CONTENT="m."/><SP WIDTH="18" VPOS="2461" HPOS="1468"/>
							<String ID="string_427" HPOS="1486" VPOS="2452" WIDTH="39" HEIGHT="31" WC="0.96" CONTENT="fl."/><SP WIDTH="19" VPOS="2452" HPOS="1525"/>
							<String ID="string_428" HPOS="1544" VPOS="2451" WIDTH="66" HEIGHT="32" WC="0.96" CONTENT="och"/>
						</TextLine>
					</TextBlock>
				</ComposedBlock>
			</PrintSpace>
		</Page>
	</Layout>
</alto>
