1910 2800
85 1867 193 26 Folkskolese-

95 1903 175 25 minarierna

136 1945 94 43 [131.]

77 2001 88 33 jämte
176 2001 8 25 i
193 2002 97 24 ämnet

132 2037 101 25 väckta

110 2073 148 25 motioner.

106 2223 163 32 Stipendier

109 2259 43 26 för
172 2259 95 26 elever

79 2290 48 30 vid
142 2294 152 26 folkskole-

100 2330 176 26 seminarier.

142 2372 95 43 [132]

293 170 64 31 130
751 169 254 31 Statsutskottets
1027 169 169 31 utlåtande
1221 169 52 31 Nr
1296 171 29 29 8.

291 249 139 32 chefens
461 248 140 42 mening
628 247 197 33 verkställas
850 248 63 32 och
936 248 207 42 framläggas
1167 248 54 32 för
1247 249 82 31 1927
1356 250 53 30 års
1434 248 145 41 riksdag.
1629 248 65 32 För
1718 254 71 26 när-

291 302 150 33 varande
464 313 98 21 anser
586 302 51 41 sig
661 302 371 41 departementschefen
1057 302 118 31 kunna
1198 301 166 42 begränsa
1387 302 52 41 sig
1462 301 50 32 till
1533 305 48 29 att
1603 302 3 31 i
1624 302 167 32 samband

293 355 77 33 med
394 355 238 41 fördelningen
656 365 42 23 av
719 355 235 41 statsanslaget
970 356 54 31 för
1039 355 121 32 läsåret
1179 356 216 31 1926—1927
1415 355 155 32 meddela
1582 356 210 31 föreskrifter

293 419 55 22 om
372 408 250 41 inskränkning
645 408 10 31 i
680 408 125 32 antalet
829 408 110 32 elever
962 408 58 32 vid
1045 408 96 32 dessa
1165 408 204 39 seminarier,
1396 408 119 32 därvid
1540 408 125 32 antalet
1688 420 104 29 nyan-

293 466 103 38 tagna
428 462 109 32 elever
570 461 107 33 skulle
704 461 182 32 fastställas
910 461 50 32 till
984 462 145 41 ungefär
1153 461 189 32 detsamma
1366 472 73 22 som
1464 463 70 31 året
1560 463 230 31 1920—1921.

294 516 120 33 Därest
438 527 41 21 en
504 515 105 33 sådan
634 515 230 42 begränsning
887 516 225 41 genomföres,
1138 516 109 32 finner
1271 515 372 43 departementschefen
1660 527 42 21 en
1719 516 71 41 höj-

294 571 84 41 ning
410 581 42 22 av
486 569 245 42 statsanslagen
763 569 51 32 till
847 570 241 32 seminarierna
1120 580 82 22 vara
1229 570 207 41 nödvändig,
1462 570 44 32 då
1529 581 42 21 en
1594 570 199 41 minskning

295 624 10 31 i
329 623 200 32 elevantalet
552 623 29 40 ej
608 626 188 28 motsvaras
821 633 42 22 av
887 633 41 21 en
952 622 162 32 liknande
1137 623 200 41 minskning
1360 623 11 31 i
1395 623 194 41 utgifterna.
1636 624 157 40 Departe-

295 676 234 32 mentschefen
553 675 155 32 förordar
724 675 77 32 med
818 675 134 41 hänsyn
969 675 121 39 härtill,
1109 678 49 29 att
1174 675 151 42 anslaget
1341 676 95 40 höjes
1454 676 49 31 till
1520 677 121 38 31,000
1658 676 133 32 kronor.

340 730 53 32 Av
426 729 372 41 departementschefen
831 729 62 31 har
916 728 145 33 sålunda
1084 729 107 32 ställts
1215 729 10 31 i
1251 729 105 32 utsikt
1380 740 41 21 en
1446 729 182 42 utredning
1651 729 143 33 rörande

296 783 221 42 möjligheten
551 785 49 30 att
632 782 143 42 indraga
807 782 236 42 statsanslaget
1075 783 50 31 till
1158 786 46 29 ett
1237 783 78 32 eller
1347 784 81 31 flera
1460 794 43 22 av
1535 783 260 42 ifrågavarande

297 837 204 32 seminarier.
549 837 111 31 Innan
694 847 41 21 en
769 836 94 41 dylik
896 836 183 41 utredning
1103 837 62 31 och
1190 839 46 29 ett
1260 837 106 41 därpå
1389 837 148 41 grundat
1560 837 128 40 förslag
1711 838 83 31 före-

297 890 115 41 ligger,
438 900 99 30 synes
562 889 56 31 det
641 889 163 31 utskottet
828 889 131 31 mindre
983 889 155 41 lämpligt
1163 892 48 29 att
1227 890 152 40 företaga
1396 900 41 21 en
1454 890 146 40 höjning
1616 900 43 22 av
1674 890 121 40 ifråga-

297 942 149 33 varande
478 942 128 41 anslag,
640 943 115 31 varför
787 942 163 32 utskottet
982 942 183 41 tillstyrker
1197 942 193 41 beviljande
1423 953 43 21 av
1495 953 132 22 samma
1651 943 145 41 anslags-

297 996 134 42 belopp,
456 1006 73 22 som
554 1007 47 20 nu
625 997 108 40 utgår.

344 1050 171 32 Utskottet
538 1049 195 32 hemställer
757 1049 106 40 alltså,

666 1106 48 28 att
746 1103 181 41 riksdagen
960 1105 57 30 må
1050 1103 48 32 till
1132 1103 184 32 understöd
1340 1103 105 42 enligt
1470 1104 40 31 de
1534 1103 262 39 bestämmelser,

621 1155 128 41 Kungl.
775 1156 99 40 Maj:t
896 1156 68 31 kan
988 1156 94 31 finna
1105 1159 72 37 gott
1201 1156 164 39 meddela,
1391 1158 34 30 åt
1448 1157 90 31 vissa
1562 1156 159 32 anstalter
1745 1157 53 31 för

622 1208 197 32 utbildande
852 1219 42 22 av
926 1209 189 32 lärarinnor
1143 1209 10 32 i
1182 1209 207 33 handarbete
1412 1210 54 31 för
1489 1209 199 42 budgetåret
1714 1210 84 31 1926

622 1263 130 31 —1927
787 1263 118 32 anvisa
937 1265 47 29 ett
1015 1266 93 29 extra
1136 1263 119 41 anslag
1278 1274 42 22 av
1345 1264 121 38 27,100
1490 1264 134 38 kronor,
1649 1266 48 29 att
1721 1263 78 32 med

623 1316 65 32 den
721 1316 203 41 fördelning,
959 1327 73 21 som
1065 1328 43 20 av
1132 1317 127 41 Kungl.
1286 1317 97 40 Maj:t
1406 1317 214 39 bestämmes,
1645 1318 82 40 utgå
1750 1316 50 32 till

623 1370 107 31 Maria
767 1369 216 32 Nordenfelts
1018 1370 104 41 högre
1157 1370 596 32 handarbetslärarinneseminarium
1789 1370 11 31 i

624 1422 178 41 Göteborg,
829 1423 201 41 föreningen
1053 1423 250 32 Handarbetets
1327 1428 145 27 vänners
1497 1423 63 32 och
1580 1423 118 32 Hulda
1714 1423 87 32 Lun-

625 1475 75 32 dins
728 1476 104 41 högre
856 1475 310 42 slöjdseminarium
1190 1477 11 31 i
1226 1476 196 33 Stockholm
1447 1480 88 29 samt
1559 1476 135 32 Andrea
1717 1476 84 33 Ene-

624 1529 93 33 roths
741 1529 103 42 högre
868 1530 426 33 handarbetsseminarium
1319 1531 11 31 i
1354 1530 206 33 Stockholm.

774 1749 564 51 Folkundervisningen.

354 1854 106 43 135:o)
493 1857 217 32 Beträffande
743 1857 67 33 vad
843 1857 128 42 Kungl.
1007 1858 99 40 Maj:t
1139 1858 173 41 föreslagit
1341 1858 181 41 riksdagen
1548 1856 121 43 (punkt
1695 1857 108 42 131)
1784 1850 24 53 i

307 1911 97 40 fråga
428 1921 56 21 om
508 1910 66 33 den
598 1911 10 31 i
630 1911 56 32 det
708 1921 256 31 gemensanima
985 1911 167 32 ordinarie
1169 1911 376 42 reservationsanslaget
1561 1912 50 32 till
1627 1912 178 33 folkskole-

308 1964 241 33 seminarierna
572 1964 167 42 ingående
762 1968 134 38 posten:
923 1964 421 33 Folkskoleseminarierna
1369 1968 88 29 samt
1480 1965 211 33 beträffande
1715 1967 57 32 två
1795 1967 11 31 i

309 2018 184 41 anledning
525 2018 106 33 härav
659 2018 121 33 väckta
803 2018 176 39 motioner,
1004 2018 62 32 har
1089 2018 179 42 riksdagen
1293 2019 104 32 redan
1421 2020 100 31 fattat
1545 2019 118 39 beslut,
1688 2030 118 22 varom

310 2072 162 32 utskottet
494 2072 200 41 härigenom
719 2071 88 33 velat

676 2125 118 32 erinra.

360 2220 105 43 136:0)
498 2222 128 42 Kungl.
661 2223 100 40 Maj:t
792 2223 62 31 har
883 2220 122 44 (punkt
1031 2220 74 44 132)
1129 2223 173 41 föreslagit
1326 2223 180 42 riksdagen
1531 2227 48 29 att
1602 2224 81 41 höja
1708 2224 64 32 den
1797 2225 11 31 i

314 2276 56 32 det
393 2287 254 31 gemensamma
671 2276 167 32 ordinarie
862 2276 378 42 reservationsanslaget
1263 2277 50 32 till
1336 2277 410 33 folkskoleseminarierna
1762 2278 47 32 in-

313 2330 130 41 gående
459 2329 267 42 anslagsposten:
746 2329 183 41 stipendier
944 2330 54 31 för
1014 2329 109 33 elever
1139 2329 57 33 vid
1213 2330 374 39 folkskoleseminarier,
1606 2342 47 20 nu
1669 2332 141 38 198,225

314 2383 125 32 kronor
462 2382 76 32 med
563 2383 98 38 9,600
685 2383 125 32 kronor
832 2382 50 32 till
907 2383 143 38 207,825
1074 2383 133 32 kronor.

359 2436 234 42 Utredningen
617 2436 179 32 återfinnes
822 2437 19 30 å
864 2436 61 32 sid.
951 2437 176 31 488—489
1152 2437 10 31 i
1187 2437 373 42 statsrådsprotokollet.
