<?xml version="1.0" encoding="UTF-8"?>
<alto xmlns="http://www.loc.gov/standards/alto/ns-v3#" xmlns:xlink="http://www.w3.org/1999/xlink" xmlns:xsi="http://www.w3.org/2001/XMLSchema-instance" xsi:schemaLocation="http://www.loc.gov/standards/alto/ns-v3# http://www.loc.gov/alto/v3/alto-3-0.xsd">
	<Description>
		<MeasurementUnit>pixel</MeasurementUnit>
		<sourceImageInformation>
			<fileName>/tmp/tess_qj492ljr_input.PNG</fileName>
		</sourceImageInformation>
		<OCRProcessing ID="OCR_0">
			<ocrProcessingStep>
				<processingSoftware>
					<softwareName>tesseract 5.3.0</softwareName>
				</processingSoftware>
			</ocrProcessingStep>
		</OCRProcessing>
	</Description>
	<Layout>
		<Page WIDTH="1916" HEIGHT="2802" PHYSICAL_IMG_NR="0" ID="page_0">
			<PrintSpace HPOS="0" VPOS="0" WIDTH="1916" HEIGHT="2802">
				<ComposedBlock ID="cblock_0" HPOS="61" VPOS="1748" WIDTH="166" HEIGHT="69">
					<TextBlock ID="block_0" HPOS="61" VPOS="1748" WIDTH="166" HEIGHT="69">
						<TextLine ID="line_0" HPOS="79" VPOS="1748" WIDTH="131" HEIGHT="33">
							<String ID="string_0" HPOS="79" VPOS="1748" WIDTH="131" HEIGHT="33" WC="0.92" CONTENT="Populär-"/>
						</TextLine>
						<TextLine ID="line_1" HPOS="61" VPOS="1786" WIDTH="166" HEIGHT="31">
							<String ID="string_1" HPOS="61" VPOS="1786" WIDTH="166" HEIGHT="31" WC="0.91" CONTENT="vetenskap-"/>
						</TextLine>
					</TextBlock>
				</ComposedBlock>
				<ComposedBlock ID="cblock_1" HPOS="49" VPOS="1819" WIDTH="188" HEIGHT="30">
					<TextBlock ID="block_1" HPOS="49" VPOS="1819" WIDTH="188" HEIGHT="30">
						<TextLine ID="line_2" HPOS="49" VPOS="1819" WIDTH="188" HEIGHT="30">
							<String ID="string_2" HPOS="49" VPOS="1819" WIDTH="57" HEIGHT="30" WC="0.93" CONTENT="liga"/><SP WIDTH="18" VPOS="1819" HPOS="106"/>
							<String ID="string_3" HPOS="124" VPOS="1820" WIDTH="113" HEIGHT="26" WC="0.89" CONTENT="föreläs-"/>
						</TextLine>
					</TextBlock>
				</ComposedBlock>
				<ComposedBlock ID="cblock_2" HPOS="77" VPOS="1855" WIDTH="110" HEIGHT="32">
					<TextBlock ID="block_2" HPOS="77" VPOS="1855" WIDTH="110" HEIGHT="32">
						<TextLine ID="line_3" HPOS="77" VPOS="1855" WIDTH="110" HEIGHT="32">
							<String ID="string_4" HPOS="77" VPOS="1855" WIDTH="110" HEIGHT="32" WC="0.96" CONTENT="ningar."/>
						</TextLine>
					</TextBlock>
				</ComposedBlock>
				<ComposedBlock ID="cblock_3" HPOS="97" VPOS="1897" WIDTH="94" HEIGHT="43">
					<TextBlock ID="block_3" HPOS="97" VPOS="1897" WIDTH="94" HEIGHT="43">
						<TextLine ID="line_4" HPOS="97" VPOS="1897" WIDTH="94" HEIGHT="43">
							<String ID="string_5" HPOS="97" VPOS="1897" WIDTH="94" HEIGHT="43" WC="0.62" CONTENT="[192]"/>
						</TextLine>
					</TextBlock>
				</ComposedBlock>
				<ComposedBlock ID="cblock_4" HPOS="283" VPOS="161" WIDTH="1034" HEIGHT="41">
					<TextBlock ID="block_4" HPOS="283" VPOS="161" WIDTH="1034" HEIGHT="41">
						<TextLine ID="line_5" HPOS="283" VPOS="161" WIDTH="1034" HEIGHT="41">
							<String ID="string_6" HPOS="283" VPOS="161" WIDTH="63" HEIGHT="31" WC="0.95" CONTENT="174"/><SP WIDTH="395" VPOS="161" HPOS="346"/>
							<String ID="string_7" HPOS="741" VPOS="164" WIDTH="255" HEIGHT="34" WC="0.91" CONTENT="Statsutskottets"/><SP WIDTH="22" VPOS="164" HPOS="996"/>
							<String ID="string_8" HPOS="1018" VPOS="167" WIDTH="170" HEIGHT="33" WC="0.95" CONTENT="utlåtande"/><SP WIDTH="23" VPOS="167" HPOS="1188"/>
							<String ID="string_9" HPOS="1211" VPOS="169" WIDTH="54" HEIGHT="31" WC="0.93" CONTENT="Nr"/><SP WIDTH="23" VPOS="169" HPOS="1265"/>
							<String ID="string_10" HPOS="1288" VPOS="172" WIDTH="29" HEIGHT="30" WC="0.94" CONTENT="8."/>
						</TextLine>
					</TextBlock>
				</ComposedBlock>
				<ComposedBlock ID="cblock_5" HPOS="279" VPOS="238" WIDTH="1501" HEIGHT="266">
					<TextBlock ID="block_5" HPOS="279" VPOS="238" WIDTH="1501" HEIGHT="205">
						<TextLine ID="line_6" HPOS="325" VPOS="238" WIDTH="1455" HEIGHT="56">
							<String ID="string_11" HPOS="325" VPOS="238" WIDTH="28" HEIGHT="43" WC="0.89" CONTENT="c)"/><SP WIDTH="36" VPOS="238" HPOS="353"/>
							<String ID="string_12" HPOS="389" VPOS="242" WIDTH="167" HEIGHT="41" WC="0.89" CONTENT="medgiva,"/><SP WIDTH="38" VPOS="242" HPOS="556"/>
							<String ID="string_13" HPOS="594" VPOS="246" WIDTH="48" HEIGHT="29" WC="0.96" CONTENT="att"/><SP WIDTH="32" VPOS="246" HPOS="642"/>
							<String ID="string_14" HPOS="674" VPOS="245" WIDTH="78" HEIGHT="31" WC="0.96" CONTENT="från"/><SP WIDTH="24" VPOS="245" HPOS="752"/>
							<String ID="string_15" HPOS="776" VPOS="245" WIDTH="223" HEIGHT="34" WC="0.95" CONTENT="förevarande"/><SP WIDTH="24" VPOS="245" HPOS="999"/>
							<String ID="string_16" HPOS="1023" VPOS="248" WIDTH="266" HEIGHT="43" WC="0.89" CONTENT="förslagsanslag"/><SP WIDTH="23" VPOS="248" HPOS="1289"/>
							<String ID="string_17" HPOS="1312" VPOS="252" WIDTH="57" HEIGHT="30" WC="0.96" CONTENT="må"/><SP WIDTH="22" VPOS="252" HPOS="1369"/>
							<String ID="string_18" HPOS="1391" VPOS="252" WIDTH="55" HEIGHT="31" WC="0.96" CONTENT="för"/><SP WIDTH="23" VPOS="252" HPOS="1446"/>
							<String ID="string_19" HPOS="1469" VPOS="252" WIDTH="200" HEIGHT="42" WC="0.96" CONTENT="budgetåret"/><SP WIDTH="26" VPOS="252" HPOS="1669"/>
							<String ID="string_20" HPOS="1695" VPOS="255" WIDTH="85" HEIGHT="32" WC="0.95" CONTENT="1926"/>
						</TextLine>
						<TextLine ID="line_7" HPOS="279" VPOS="296" WIDTH="1501" HEIGHT="51">
							<String ID="string_21" HPOS="279" VPOS="296" WIDTH="132" HEIGHT="30" WC="0.78" CONTENT="—1927"/><SP WIDTH="36" VPOS="296" HPOS="411"/>
							<String ID="string_22" HPOS="447" VPOS="298" WIDTH="82" HEIGHT="39" WC="0.96" CONTENT="utgå"/><SP WIDTH="35" VPOS="298" HPOS="529"/>
							<String ID="string_23" HPOS="564" VPOS="300" WIDTH="47" HEIGHT="28" WC="0.96" CONTENT="ett"/><SP WIDTH="33" VPOS="300" HPOS="611"/>
							<String ID="string_24" HPOS="644" VPOS="297" WIDTH="122" HEIGHT="42" WC="0.96" CONTENT="belopp"/><SP WIDTH="25" VPOS="297" HPOS="766"/>
							<String ID="string_25" HPOS="791" VPOS="309" WIDTH="41" HEIGHT="21" WC="0.96" CONTENT="av"/><SP WIDTH="25" VPOS="309" HPOS="832"/>
							<String ID="string_26" HPOS="857" VPOS="299" WIDTH="100" HEIGHT="41" WC="0.96" CONTENT="högst"/><SP WIDTH="25" VPOS="299" HPOS="957"/>
							<String ID="string_27" HPOS="982" VPOS="301" WIDTH="64" HEIGHT="32" WC="0.96" CONTENT="750"/><SP WIDTH="24" VPOS="301" HPOS="1046"/>
							<String ID="string_28" HPOS="1070" VPOS="302" WIDTH="125" HEIGHT="31" WC="0.96" CONTENT="kronor"/><SP WIDTH="23" VPOS="302" HPOS="1195"/>
							<String ID="string_29" HPOS="1218" VPOS="303" WIDTH="50" HEIGHT="31" WC="0.96" CONTENT="till"/><SP WIDTH="25" VPOS="303" HPOS="1268"/>
							<String ID="string_30" HPOS="1293" VPOS="304" WIDTH="181" HEIGHT="41" WC="0.96" CONTENT="tryckning"/><SP WIDTH="23" VPOS="304" HPOS="1474"/>
							<String ID="string_31" HPOS="1497" VPOS="316" WIDTH="43" HEIGHT="22" WC="0.96" CONTENT="av"/><SP WIDTH="24" VPOS="316" HPOS="1540"/>
							<String ID="string_32" HPOS="1564" VPOS="307" WIDTH="216" HEIGHT="40" WC="0.96" CONTENT="supplement"/>
						</TextLine>
						<TextLine ID="line_8" HPOS="280" VPOS="346" WIDTH="1499" HEIGHT="54">
							<String ID="string_33" HPOS="280" VPOS="346" WIDTH="50" HEIGHT="31" WC="0.89" CONTENT="till"/><SP WIDTH="35" VPOS="346" HPOS="330"/>
							<String ID="string_34" HPOS="365" VPOS="347" WIDTH="178" HEIGHT="42" WC="0.95" CONTENT="katalogen"/><SP WIDTH="38" VPOS="347" HPOS="543"/>
							<String ID="string_35" HPOS="581" VPOS="353" WIDTH="80" HEIGHT="29" WC="0.96" CONTENT="över"/><SP WIDTH="35" VPOS="353" HPOS="661"/>
							<String ID="string_36" HPOS="696" VPOS="351" WIDTH="252" HEIGHT="41" WC="0.96" CONTENT="centralbyråns"/><SP WIDTH="33" VPOS="351" HPOS="948"/>
							<String ID="string_37" HPOS="981" VPOS="353" WIDTH="11" HEIGHT="30" WC="0.96" CONTENT="i"/><SP WIDTH="35" VPOS="353" HPOS="992"/>
							<String ID="string_38" HPOS="1027" VPOS="353" WIDTH="100" HEIGHT="32" WC="0.96" CONTENT="Lund"/><SP WIDTH="25" VPOS="353" HPOS="1127"/>
							<String ID="string_39" HPOS="1152" VPOS="355" WIDTH="53" HEIGHT="31" WC="0.96" CONTENT="för"/><SP WIDTH="24" VPOS="355" HPOS="1205"/>
							<String ID="string_40" HPOS="1229" VPOS="356" WIDTH="164" HEIGHT="40" WC="0.96" CONTENT="populära"/><SP WIDTH="23" VPOS="356" HPOS="1393"/>
							<String ID="string_41" HPOS="1416" VPOS="358" WIDTH="257" HEIGHT="42" WC="0.92" CONTENT="vetenskapliga"/><SP WIDTH="22" VPOS="358" HPOS="1673"/>
							<String ID="string_42" HPOS="1695" VPOS="360" WIDTH="84" HEIGHT="32" WC="0.89" CONTENT="före-"/>
						</TextLine>
						<TextLine ID="line_9" HPOS="279" VPOS="399" WIDTH="559" HEIGHT="44">
							<String ID="string_43" HPOS="279" VPOS="399" WIDTH="173" HEIGHT="43" WC="0.93" CONTENT="läsningar"/><SP WIDTH="24" VPOS="399" HPOS="452"/>
							<String ID="string_44" HPOS="476" VPOS="402" WIDTH="362" HEIGHT="41" WC="0.88" CONTENT="vandringsbibliotek."/>
						</TextLine>
					</TextBlock>
					<TextBlock ID="block_6" HPOS="323" VPOS="454" WIDTH="1207" HEIGHT="50">
						<TextLine ID="line_10" HPOS="323" VPOS="454" WIDTH="1207" HEIGHT="50">
							<String ID="string_45" HPOS="323" VPOS="454" WIDTH="236" HEIGHT="43" WC="0.96" CONTENT="Utredningen"/><SP WIDTH="26" VPOS="454" HPOS="559"/>
							<String ID="string_46" HPOS="585" VPOS="457" WIDTH="179" HEIGHT="32" WC="0.93" CONTENT="återfinnes"/><SP WIDTH="25" VPOS="457" HPOS="764"/>
							<String ID="string_47" HPOS="789" VPOS="459" WIDTH="19" HEIGHT="31" WC="0.91" CONTENT="å"/><SP WIDTH="24" VPOS="459" HPOS="808"/>
							<String ID="string_48" HPOS="832" VPOS="458" WIDTH="61" HEIGHT="32" WC="0.93" CONTENT="sid."/><SP WIDTH="28" VPOS="458" HPOS="893"/>
							<String ID="string_49" HPOS="921" VPOS="460" WIDTH="176" HEIGHT="32" WC="0.80" CONTENT="612—616"/><SP WIDTH="24" VPOS="460" HPOS="1097"/>
							<String ID="string_50" HPOS="1121" VPOS="461" WIDTH="11" HEIGHT="32" WC="0.93" CONTENT="i"/><SP WIDTH="25" VPOS="461" HPOS="1132"/>
							<String ID="string_51" HPOS="1157" VPOS="462" WIDTH="373" HEIGHT="42" WC="0.91" CONTENT="statsrådsprotokollet."/>
						</TextLine>
					</TextBlock>
				</ComposedBlock>
				<ComposedBlock ID="cblock_6" HPOS="275" VPOS="552" WIDTH="1503" HEIGHT="471">
					<TextBlock ID="block_7" HPOS="276" VPOS="552" WIDTH="1502" HEIGHT="298">
						<TextLine ID="line_11" HPOS="322" VPOS="552" WIDTH="1455" HEIGHT="51">
							<String ID="string_52" HPOS="322" VPOS="552" WIDTH="195" HEIGHT="42" WC="0.90" CONTENT="Utgifterna"/><SP WIDTH="35" VPOS="552" HPOS="517"/>
							<String ID="string_53" HPOS="552" VPOS="554" WIDTH="108" HEIGHT="32" WC="0.95" CONTENT="under"/><SP WIDTH="32" VPOS="554" HPOS="660"/>
							<String ID="string_54" HPOS="692" VPOS="555" WIDTH="260" HEIGHT="42" WC="0.92" CONTENT="ifrågavarande"/><SP WIDTH="36" VPOS="555" HPOS="952"/>
							<String ID="string_55" HPOS="988" VPOS="558" WIDTH="208" HEIGHT="42" WC="0.92" CONTENT="anslagstitel"/><SP WIDTH="35" VPOS="558" HPOS="1196"/>
							<String ID="string_56" HPOS="1231" VPOS="561" WIDTH="54" HEIGHT="32" WC="0.96" CONTENT="för"/><SP WIDTH="34" VPOS="561" HPOS="1285"/>
							<String ID="string_57" HPOS="1319" VPOS="561" WIDTH="199" HEIGHT="42" WC="0.93" CONTENT="budgetåret"/><SP WIDTH="38" VPOS="561" HPOS="1518"/>
							<String ID="string_58" HPOS="1556" VPOS="565" WIDTH="221" HEIGHT="32" WC="0.91" CONTENT="1925—1926"/>
						</TextLine>
						<TextLine ID="line_12" HPOS="276" VPOS="604" WIDTH="1501" HEIGHT="55">
							<String ID="string_59" HPOS="276" VPOS="604" WIDTH="90" HEIGHT="32" WC="0.95" CONTENT="hava"/><SP WIDTH="35" VPOS="604" HPOS="366"/>
							<String ID="string_60" HPOS="401" VPOS="616" WIDTH="43" HEIGHT="22" WC="0.86" CONTENT="av"/><SP WIDTH="36" VPOS="616" HPOS="444"/>
							<String ID="string_61" HPOS="480" VPOS="607" WIDTH="320" HEIGHT="42" WC="0.86" CONTENT="skolöverstyrelsen"/><SP WIDTH="36" VPOS="607" HPOS="800"/>
							<String ID="string_62" HPOS="836" VPOS="609" WIDTH="180" HEIGHT="34" WC="0.96" CONTENT="beräknats"/><SP WIDTH="25" VPOS="609" HPOS="1016"/>
							<String ID="string_63" HPOS="1041" VPOS="612" WIDTH="49" HEIGHT="31" WC="0.91" CONTENT="till"/><SP WIDTH="25" VPOS="612" HPOS="1090"/>
							<String ID="string_64" HPOS="1115" VPOS="614" WIDTH="144" HEIGHT="38" WC="0.91" CONTENT="496,000"/><SP WIDTH="25" VPOS="614" HPOS="1259"/>
							<String ID="string_65" HPOS="1284" VPOS="614" WIDTH="133" HEIGHT="32" WC="0.96" CONTENT="kronor."/><SP WIDTH="49" VPOS="614" HPOS="1417"/>
							<String ID="string_66" HPOS="1466" VPOS="616" WIDTH="79" HEIGHT="32" WC="0.96" CONTENT="Med"/><SP WIDTH="24" VPOS="616" HPOS="1545"/>
							<String ID="string_67" HPOS="1569" VPOS="617" WIDTH="133" HEIGHT="42" WC="0.96" CONTENT="hänsyn"/><SP WIDTH="25" VPOS="617" HPOS="1702"/>
							<String ID="string_68" HPOS="1727" VPOS="618" WIDTH="50" HEIGHT="32" WC="0.96" CONTENT="till"/>
						</TextLine>
						<TextLine ID="line_13" HPOS="277" VPOS="658" WIDTH="1501" HEIGHT="52">
							<String ID="string_69" HPOS="277" VPOS="658" WIDTH="66" HEIGHT="32" WC="0.96" CONTENT="den"/><SP WIDTH="23" VPOS="658" HPOS="343"/>
							<String ID="string_70" HPOS="366" VPOS="659" WIDTH="154" HEIGHT="32" WC="0.96" CONTENT="normala"/><SP WIDTH="25" VPOS="659" HPOS="520"/>
							<String ID="string_71" HPOS="545" VPOS="660" WIDTH="106" HEIGHT="42" WC="0.96" CONTENT="årliga"/><SP WIDTH="23" VPOS="660" HPOS="651"/>
							<String ID="string_72" HPOS="674" VPOS="662" WIDTH="240" HEIGHT="42" WC="0.96" CONTENT="utvecklingen"/><SP WIDTH="24" VPOS="662" HPOS="914"/>
							<String ID="string_73" HPOS="938" VPOS="675" WIDTH="42" HEIGHT="22" WC="0.91" CONTENT="av"/><SP WIDTH="24" VPOS="675" HPOS="980"/>
							<String ID="string_74" HPOS="1004" VPOS="665" WIDTH="515" HEIGHT="36" WC="0.90" CONTENT="folkbiblioteksverksamheten"/><SP WIDTH="16" VPOS="665" HPOS="1519"/>
							<String ID="string_75" HPOS="1535" VPOS="669" WIDTH="175" HEIGHT="41" WC="0.96" CONTENT="beräknas,"/><SP WIDTH="18" VPOS="669" HPOS="1710"/>
							<String ID="string_76" HPOS="1728" VPOS="675" WIDTH="50" HEIGHT="29" WC="0.96" CONTENT="att"/>
						</TextLine>
						<TextLine ID="line_14" HPOS="276" VPOS="713" WIDTH="1500" HEIGHT="58">
							<String ID="string_77" HPOS="276" VPOS="713" WIDTH="113" HEIGHT="40" WC="0.96" CONTENT="någon"/><SP WIDTH="36" VPOS="713" HPOS="389"/>
							<String ID="string_78" HPOS="425" VPOS="713" WIDTH="130" HEIGHT="42" WC="0.94" CONTENT="ökning"/><SP WIDTH="35" VPOS="713" HPOS="555"/>
							<String ID="string_79" HPOS="590" VPOS="719" WIDTH="36" HEIGHT="27" WC="0.94" CONTENT="är"/><SP WIDTH="35" VPOS="719" HPOS="626"/>
							<String ID="string_80" HPOS="661" VPOS="716" WIDTH="198" HEIGHT="42" WC="0.95" CONTENT="erforderlig"/><SP WIDTH="27" VPOS="716" HPOS="859"/>
							<String ID="string_81" HPOS="886" VPOS="721" WIDTH="119" HEIGHT="29" WC="0.96" CONTENT="utöver"/><SP WIDTH="23" VPOS="721" HPOS="1005"/>
							<String ID="string_82" HPOS="1028" VPOS="719" WIDTH="152" HEIGHT="33" WC="0.96" CONTENT="nämnda"/><SP WIDTH="23" VPOS="719" HPOS="1180"/>
							<String ID="string_83" HPOS="1203" VPOS="720" WIDTH="133" HEIGHT="43" WC="0.96" CONTENT="belopp,"/><SP WIDTH="26" VPOS="720" HPOS="1336"/>
							<String ID="string_84" HPOS="1362" VPOS="723" WIDTH="63" HEIGHT="31" WC="0.96" CONTENT="och"/><SP WIDTH="24" VPOS="723" HPOS="1425"/>
							<String ID="string_85" HPOS="1449" VPOS="723" WIDTH="155" HEIGHT="33" WC="0.96" CONTENT="kommer"/><SP WIDTH="24" VPOS="723" HPOS="1604"/>
							<String ID="string_86" HPOS="1628" VPOS="721" WIDTH="148" HEIGHT="50" WC="0.91" CONTENT="departe-"/>
						</TextLine>
						<TextLine ID="line_15" HPOS="276" VPOS="766" WIDTH="1500" HEIGHT="52">
							<String ID="string_87" HPOS="276" VPOS="766" WIDTH="231" HEIGHT="33" WC="0.91" CONTENT="mentschefen"/><SP WIDTH="47" VPOS="766" HPOS="507"/>
							<String ID="string_88" HPOS="554" VPOS="768" WIDTH="50" HEIGHT="31" WC="0.52" CONTENT="till"/><SP WIDTH="47" VPOS="768" HPOS="604"/>
							<String ID="string_89" HPOS="651" VPOS="772" WIDTH="46" HEIGHT="28" WC="0.95" CONTENT="ett"/><SP WIDTH="47" VPOS="772" HPOS="697"/>
							<String ID="string_90" HPOS="744" VPOS="771" WIDTH="227" HEIGHT="41" WC="0.88" CONTENT="sammanlagt"/><SP WIDTH="46" VPOS="771" HPOS="971"/>
							<String ID="string_91" HPOS="1017" VPOS="773" WIDTH="247" HEIGHT="41" WC="0.88" CONTENT="anslagsbehov"/><SP WIDTH="47" VPOS="773" HPOS="1264"/>
							<String ID="string_92" HPOS="1311" VPOS="777" WIDTH="19" HEIGHT="29" WC="0.92" CONTENT="å"/><SP WIDTH="45" VPOS="777" HPOS="1330"/>
							<String ID="string_93" HPOS="1375" VPOS="776" WIDTH="11" HEIGHT="31" WC="0.96" CONTENT="i"/><SP WIDTH="41" VPOS="776" HPOS="1386"/>
							<String ID="string_94" HPOS="1427" VPOS="780" WIDTH="79" HEIGHT="28" WC="0.96" CONTENT="runt"/><SP WIDTH="39" VPOS="780" HPOS="1506"/>
							<String ID="string_95" HPOS="1545" VPOS="778" WIDTH="46" HEIGHT="31" WC="0.96" CONTENT="tal"/><SP WIDTH="40" VPOS="778" HPOS="1591"/>
							<String ID="string_96" HPOS="1631" VPOS="779" WIDTH="145" HEIGHT="39" WC="0.84" CONTENT="500,000"/>
						</TextLine>
						<TextLine ID="line_16" HPOS="276" VPOS="819" WIDTH="132" HEIGHT="31">
							<String ID="string_97" HPOS="276" VPOS="819" WIDTH="132" HEIGHT="31" WC="0.96" CONTENT="kronor."/>
						</TextLine>
					</TextBlock>
					<TextBlock ID="block_8" HPOS="275" VPOS="872" WIDTH="1500" HEIGHT="94">
						<TextLine ID="line_17" HPOS="320" VPOS="872" WIDTH="1455" HEIGHT="53">
							<String ID="string_98" HPOS="320" VPOS="872" WIDTH="172" HEIGHT="33" WC="0.95" CONTENT="Utskottet"/><SP WIDTH="34" VPOS="872" HPOS="492"/>
							<String ID="string_99" HPOS="526" VPOS="873" WIDTH="62" HEIGHT="32" WC="0.95" CONTENT="har"/><SP WIDTH="36" VPOS="873" HPOS="588"/>
							<String ID="string_100" HPOS="624" VPOS="878" WIDTH="109" HEIGHT="29" WC="0.96" CONTENT="ansett"/><SP WIDTH="37" VPOS="878" HPOS="733"/>
							<String ID="string_101" HPOS="770" VPOS="876" WIDTH="51" HEIGHT="41" WC="0.95" CONTENT="sig"/><SP WIDTH="35" VPOS="876" HPOS="821"/>
							<String ID="string_102" HPOS="856" VPOS="876" WIDTH="82" HEIGHT="33" WC="0.96" CONTENT="böra"/><SP WIDTH="24" VPOS="876" HPOS="938"/>
							<String ID="string_103" HPOS="962" VPOS="878" WIDTH="167" HEIGHT="42" WC="0.96" CONTENT="tillstyrka"/><SP WIDTH="24" VPOS="878" HPOS="1129"/>
							<String ID="string_104" HPOS="1153" VPOS="880" WIDTH="127" HEIGHT="42" WC="0.95" CONTENT="Kungl."/><SP WIDTH="27" VPOS="880" HPOS="1280"/>
							<String ID="string_105" HPOS="1307" VPOS="882" WIDTH="115" HEIGHT="40" WC="0.96" CONTENT="Maj:ts"/><SP WIDTH="24" VPOS="882" HPOS="1422"/>
							<String ID="string_106" HPOS="1446" VPOS="883" WIDTH="128" HEIGHT="42" WC="0.96" CONTENT="förslag"/><SP WIDTH="23" VPOS="883" HPOS="1574"/>
							<String ID="string_107" HPOS="1597" VPOS="885" WIDTH="63" HEIGHT="31" WC="0.93" CONTENT="och"/><SP WIDTH="24" VPOS="885" HPOS="1660"/>
							<String ID="string_108" HPOS="1684" VPOS="885" WIDTH="91" HEIGHT="32" WC="0.90" CONTENT="hem-"/>
						</TextLine>
						<TextLine ID="line_18" HPOS="275" VPOS="925" WIDTH="243" HEIGHT="41">
							<String ID="string_109" HPOS="275" VPOS="925" WIDTH="112" HEIGHT="32" WC="0.96" CONTENT="ställer"/><SP WIDTH="24" VPOS="925" HPOS="387"/>
							<String ID="string_110" HPOS="411" VPOS="926" WIDTH="107" HEIGHT="40" WC="0.96" CONTENT="alltså,"/>
						</TextLine>
					</TextBlock>
					<TextBlock ID="block_9" HPOS="641" VPOS="982" WIDTH="335" HEIGHT="41">
						<TextLine ID="line_19" HPOS="641" VPOS="982" WIDTH="335" HEIGHT="41">
							<String ID="string_111" HPOS="641" VPOS="983" WIDTH="49" HEIGHT="29" WC="0.95" CONTENT="att"/><SP WIDTH="23" VPOS="983" HPOS="690"/>
							<String ID="string_112" HPOS="713" VPOS="982" WIDTH="181" HEIGHT="41" WC="0.96" CONTENT="riksdagen"/><SP WIDTH="25" VPOS="982" HPOS="894"/>
							<String ID="string_113" HPOS="919" VPOS="986" WIDTH="57" HEIGHT="30" WC="0.96" CONTENT="må"/>
						</TextLine>
					</TextBlock>
				</ComposedBlock>
				<ComposedBlock ID="cblock_7" HPOS="591" VPOS="1041" WIDTH="1183" HEIGHT="629">
					<TextBlock ID="block_10" HPOS="594" VPOS="1041" WIDTH="1180" HEIGHT="156">
						<TextLine ID="line_20" HPOS="639" VPOS="1041" WIDTH="1135" HEIGHT="50">
							<String ID="string_114" HPOS="639" VPOS="1041" WIDTH="31" HEIGHT="41" WC="0.96" CONTENT="a)"/><SP WIDTH="24" VPOS="1041" HPOS="670"/>
							<String ID="string_115" HPOS="694" VPOS="1043" WIDTH="10" HEIGHT="31" WC="0.91" CONTENT="i"/><SP WIDTH="18" VPOS="1043" HPOS="704"/>
							<String ID="string_116" HPOS="722" VPOS="1044" WIDTH="178" HEIGHT="33" WC="0.91" CONTENT="riksstaten"/><SP WIDTH="18" VPOS="1044" HPOS="900"/>
							<String ID="string_117" HPOS="918" VPOS="1046" WIDTH="54" HEIGHT="31" WC="0.96" CONTENT="för"/><SP WIDTH="16" VPOS="1046" HPOS="972"/>
							<String ID="string_118" HPOS="988" VPOS="1046" WIDTH="199" HEIGHT="42" WC="0.93" CONTENT="budgetåret"/><SP WIDTH="19" VPOS="1046" HPOS="1187"/>
							<String ID="string_119" HPOS="1206" VPOS="1050" WIDTH="217" HEIGHT="32" WC="0.89" CONTENT="1926—1927"/><SP WIDTH="22" VPOS="1050" HPOS="1423"/>
							<String ID="string_120" HPOS="1445" VPOS="1051" WIDTH="80" HEIGHT="40" WC="0.96" CONTENT="höja"/><SP WIDTH="14" VPOS="1051" HPOS="1525"/>
							<String ID="string_121" HPOS="1539" VPOS="1052" WIDTH="55" HEIGHT="31" WC="0.96" CONTENT="det"/><SP WIDTH="12" VPOS="1052" HPOS="1594"/>
							<String ID="string_122" HPOS="1606" VPOS="1053" WIDTH="168" HEIGHT="33" WC="0.96" CONTENT="ordinarie"/>
						</TextLine>
						<TextLine ID="line_21" HPOS="594" VPOS="1096" WIDTH="1180" HEIGHT="49">
							<String ID="string_123" HPOS="594" VPOS="1096" WIDTH="297" HEIGHT="43" WC="0.90" CONTENT="förslagsanslaget"/><SP WIDTH="35" VPOS="1096" HPOS="891"/>
							<String ID="string_124" HPOS="926" VPOS="1099" WIDTH="50" HEIGHT="31" WC="0.96" CONTENT="till"/><SP WIDTH="34" VPOS="1099" HPOS="976"/>
							<String ID="string_125" HPOS="1010" VPOS="1100" WIDTH="185" HEIGHT="32" WC="0.96" CONTENT="understöd"/><SP WIDTH="35" VPOS="1100" HPOS="1195"/>
							<String ID="string_126" HPOS="1230" VPOS="1103" WIDTH="34" HEIGHT="30" WC="0.95" CONTENT="åt"/><SP WIDTH="23" VPOS="1103" HPOS="1264"/>
							<String ID="string_127" HPOS="1287" VPOS="1102" WIDTH="246" HEIGHT="41" WC="0.96" CONTENT="folkbibliotek,"/><SP WIDTH="25" VPOS="1102" HPOS="1533"/>
							<String ID="string_128" HPOS="1558" VPOS="1116" WIDTH="47" HEIGHT="20" WC="0.96" CONTENT="nu"/><SP WIDTH="24" VPOS="1116" HPOS="1605"/>
							<String ID="string_129" HPOS="1629" VPOS="1107" WIDTH="145" HEIGHT="38" WC="0.91" CONTENT="460,000"/>
						</TextLine>
						<TextLine ID="line_22" HPOS="595" VPOS="1149" WIDTH="930" HEIGHT="48">
							<String ID="string_130" HPOS="595" VPOS="1149" WIDTH="134" HEIGHT="40" WC="0.96" CONTENT="kronor,"/><SP WIDTH="25" VPOS="1149" HPOS="729"/>
							<String ID="string_131" HPOS="754" VPOS="1151" WIDTH="78" HEIGHT="32" WC="0.92" CONTENT="med"/><SP WIDTH="24" VPOS="1151" HPOS="832"/>
							<String ID="string_132" HPOS="856" VPOS="1153" WIDTH="122" HEIGHT="37" WC="0.91" CONTENT="40,000"/><SP WIDTH="24" VPOS="1153" HPOS="978"/>
							<String ID="string_133" HPOS="1002" VPOS="1153" WIDTH="125" HEIGHT="33" WC="0.96" CONTENT="kronor"/><SP WIDTH="23" VPOS="1153" HPOS="1127"/>
							<String ID="string_134" HPOS="1150" VPOS="1154" WIDTH="50" HEIGHT="32" WC="0.93" CONTENT="till"/><SP WIDTH="25" VPOS="1154" HPOS="1200"/>
							<String ID="string_135" HPOS="1225" VPOS="1156" WIDTH="142" HEIGHT="39" WC="0.91" CONTENT="500,000"/><SP WIDTH="25" VPOS="1156" HPOS="1367"/>
							<String ID="string_136" HPOS="1392" VPOS="1157" WIDTH="133" HEIGHT="40" WC="0.96" CONTENT="kronor,"/>
						</TextLine>
					</TextBlock>
					<TextBlock ID="block_11" HPOS="593" VPOS="1200" WIDTH="1180" HEIGHT="213">
						<TextLine ID="line_23" HPOS="639" VPOS="1200" WIDTH="1134" HEIGHT="55">
							<String ID="string_137" HPOS="639" VPOS="1200" WIDTH="32" HEIGHT="43" WC="0.92" CONTENT="b)"/><SP WIDTH="20" VPOS="1200" HPOS="671"/>
							<String ID="string_138" HPOS="691" VPOS="1204" WIDTH="168" HEIGHT="41" WC="0.92" CONTENT="medgiva,"/><SP WIDTH="19" VPOS="1204" HPOS="859"/>
							<String ID="string_139" HPOS="878" VPOS="1208" WIDTH="47" HEIGHT="29" WC="0.96" CONTENT="att"/><SP WIDTH="17" VPOS="1208" HPOS="925"/>
							<String ID="string_140" HPOS="942" VPOS="1206" WIDTH="65" HEIGHT="32" WC="0.96" CONTENT="den"/><SP WIDTH="18" VPOS="1206" HPOS="1007"/>
							<String ID="string_141" HPOS="1025" VPOS="1208" WIDTH="75" HEIGHT="31" WC="0.96" CONTENT="från"/><SP WIDTH="18" VPOS="1208" HPOS="1100"/>
							<String ID="string_142" HPOS="1118" VPOS="1208" WIDTH="260" HEIGHT="41" WC="0.95" CONTENT="ifrågavarande"/><SP WIDTH="21" VPOS="1208" HPOS="1378"/>
							<String ID="string_143" HPOS="1399" VPOS="1211" WIDTH="265" HEIGHT="43" WC="0.91" CONTENT="förslagsanslag"/><SP WIDTH="16" VPOS="1211" HPOS="1664"/>
							<String ID="string_144" HPOS="1680" VPOS="1215" WIDTH="93" HEIGHT="40" WC="0.91" CONTENT="utgå-"/>
						</TextLine>
						<TextLine ID="line_24" HPOS="594" VPOS="1256" WIDTH="1179" HEIGHT="50">
							<String ID="string_145" HPOS="594" VPOS="1256" WIDTH="85" HEIGHT="32" WC="0.93" CONTENT="ende"/><SP WIDTH="25" VPOS="1256" HPOS="679"/>
							<String ID="string_146" HPOS="704" VPOS="1257" WIDTH="257" HEIGHT="42" WC="0.92" CONTENT="anslagsposten"/><SP WIDTH="24" VPOS="1257" HPOS="961"/>
							<String ID="string_147" HPOS="985" VPOS="1261" WIDTH="19" HEIGHT="30" WC="0.93" CONTENT="å"/><SP WIDTH="27" VPOS="1261" HPOS="1004"/>
							<String ID="string_148" HPOS="1031" VPOS="1261" WIDTH="96" HEIGHT="38" WC="0.92" CONTENT="1,400"/><SP WIDTH="24" VPOS="1261" HPOS="1127"/>
							<String ID="string_149" HPOS="1151" VPOS="1261" WIDTH="125" HEIGHT="33" WC="0.95" CONTENT="kronor"/><SP WIDTH="23" VPOS="1261" HPOS="1276"/>
							<String ID="string_150" HPOS="1299" VPOS="1263" WIDTH="51" HEIGHT="31" WC="0.96" CONTENT="till"/><SP WIDTH="24" VPOS="1263" HPOS="1350"/>
							<String ID="string_151" HPOS="1374" VPOS="1265" WIDTH="187" HEIGHT="41" WC="0.96" CONTENT="ersättning"/><SP WIDTH="16" VPOS="1265" HPOS="1561"/>
							<String ID="string_152" HPOS="1577" VPOS="1267" WIDTH="33" HEIGHT="30" WC="0.96" CONTENT="åt"/><SP WIDTH="17" VPOS="1267" HPOS="1610"/>
							<String ID="string_153" HPOS="1627" VPOS="1266" WIDTH="146" HEIGHT="33" WC="0.96" CONTENT="vikarier"/>
						</TextLine>
						<TextLine ID="line_25" HPOS="593" VPOS="1309" WIDTH="1179" HEIGHT="48">
							<String ID="string_154" HPOS="593" VPOS="1309" WIDTH="53" HEIGHT="31" WC="0.96" CONTENT="för"/><SP WIDTH="24" VPOS="1309" HPOS="646"/>
							<String ID="string_155" HPOS="670" VPOS="1309" WIDTH="41" HEIGHT="32" WC="0.96" CONTENT="de"/><SP WIDTH="24" VPOS="1309" HPOS="711"/>
							<String ID="string_156" HPOS="735" VPOS="1310" WIDTH="178" HEIGHT="42" WC="0.93" CONTENT="kvinnliga"/><SP WIDTH="23" VPOS="1310" HPOS="913"/>
							<String ID="string_157" HPOS="936" VPOS="1312" WIDTH="176" HEIGHT="33" WC="0.92" CONTENT="biträdena"/><SP WIDTH="23" VPOS="1312" HPOS="1112"/>
							<String ID="string_158" HPOS="1135" VPOS="1314" WIDTH="62" HEIGHT="32" WC="0.93" CONTENT="hos"/><SP WIDTH="25" VPOS="1314" HPOS="1197"/>
							<String ID="string_159" HPOS="1222" VPOS="1315" WIDTH="335" HEIGHT="42" WC="0.92" CONTENT="skolöverstyrelsens"/><SP WIDTH="24" VPOS="1315" HPOS="1557"/>
							<String ID="string_160" HPOS="1581" VPOS="1318" WIDTH="191" HEIGHT="33" WC="0.91" CONTENT="biblioteks-"/>
						</TextLine>
						<TextLine ID="line_26" HPOS="593" VPOS="1362" WIDTH="978" HEIGHT="51">
							<String ID="string_161" HPOS="593" VPOS="1362" WIDTH="218" HEIGHT="33" WC="0.96" CONTENT="konsulenter"/><SP WIDTH="23" VPOS="1362" HPOS="811"/>
							<String ID="string_162" HPOS="834" VPOS="1366" WIDTH="57" HEIGHT="30" WC="0.95" CONTENT="må"/><SP WIDTH="24" VPOS="1366" HPOS="891"/>
							<String ID="string_163" HPOS="915" VPOS="1365" WIDTH="126" HEIGHT="33" WC="0.96" CONTENT="erhålla"/><SP WIDTH="23" VPOS="1365" HPOS="1041"/>
							<String ID="string_164" HPOS="1064" VPOS="1369" WIDTH="144" HEIGHT="31" WC="0.96" CONTENT="naturen"/><SP WIDTH="25" VPOS="1369" HPOS="1208"/>
							<String ID="string_165" HPOS="1233" VPOS="1379" WIDTH="42" HEIGHT="21" WC="0.93" CONTENT="av"/><SP WIDTH="24" VPOS="1379" HPOS="1275"/>
							<String ID="string_166" HPOS="1299" VPOS="1369" WIDTH="272" HEIGHT="44" WC="0.92" CONTENT="förslagsanslag,"/>
						</TextLine>
					</TextBlock>
					<TextBlock ID="block_12" HPOS="591" VPOS="1413" WIDTH="1181" HEIGHT="257">
						<TextLine ID="line_27" HPOS="638" VPOS="1413" WIDTH="1134" HEIGHT="53">
							<String ID="string_167" HPOS="638" VPOS="1413" WIDTH="27" HEIGHT="44" WC="0.90" CONTENT="c)"/><SP WIDTH="25" VPOS="1413" HPOS="665"/>
							<String ID="string_168" HPOS="690" VPOS="1417" WIDTH="168" HEIGHT="42" WC="0.91" CONTENT="medgiva,"/><SP WIDTH="35" VPOS="1417" HPOS="858"/>
							<String ID="string_169" HPOS="893" VPOS="1422" WIDTH="49" HEIGHT="28" WC="0.97" CONTENT="att"/><SP WIDTH="34" VPOS="1422" HPOS="942"/>
							<String ID="string_170" HPOS="976" VPOS="1420" WIDTH="77" HEIGHT="32" WC="0.96" CONTENT="från"/><SP WIDTH="33" VPOS="1420" HPOS="1053"/>
							<String ID="string_171" HPOS="1086" VPOS="1421" WIDTH="223" HEIGHT="34" WC="0.96" CONTENT="förevarande"/><SP WIDTH="35" VPOS="1421" HPOS="1309"/>
							<String ID="string_172" HPOS="1344" VPOS="1423" WIDTH="266" HEIGHT="43" WC="0.91" CONTENT="förslagsanslag"/><SP WIDTH="28" VPOS="1423" HPOS="1610"/>
							<String ID="string_173" HPOS="1638" VPOS="1428" WIDTH="56" HEIGHT="30" WC="0.96" CONTENT="må"/><SP WIDTH="23" VPOS="1428" HPOS="1694"/>
							<String ID="string_174" HPOS="1717" VPOS="1427" WIDTH="55" HEIGHT="32" WC="0.96" CONTENT="för"/>
						</TextLine>
						<TextLine ID="line_28" HPOS="593" VPOS="1469" WIDTH="1178" HEIGHT="50">
							<String ID="string_175" HPOS="593" VPOS="1469" WIDTH="199" HEIGHT="42" WC="0.82" CONTENT="budgetåret"/><SP WIDTH="26" VPOS="1469" HPOS="792"/>
							<String ID="string_176" HPOS="818" VPOS="1473" WIDTH="217" HEIGHT="32" WC="0.91" CONTENT="1926—1927"/><SP WIDTH="27" VPOS="1473" HPOS="1035"/>
							<String ID="string_177" HPOS="1062" VPOS="1476" WIDTH="81" HEIGHT="39" WC="0.96" CONTENT="utgå"/><SP WIDTH="24" VPOS="1476" HPOS="1143"/>
							<String ID="string_178" HPOS="1167" VPOS="1478" WIDTH="46" HEIGHT="29" WC="0.96" CONTENT="ett"/><SP WIDTH="24" VPOS="1478" HPOS="1213"/>
							<String ID="string_179" HPOS="1237" VPOS="1475" WIDTH="123" HEIGHT="42" WC="0.96" CONTENT="belopp"/><SP WIDTH="23" VPOS="1475" HPOS="1360"/>
							<String ID="string_180" HPOS="1383" VPOS="1488" WIDTH="44" HEIGHT="27" WC="0.96" CONTENT="av"/><SP WIDTH="21" VPOS="1488" HPOS="1427"/>
							<String ID="string_181" HPOS="1448" VPOS="1478" WIDTH="100" HEIGHT="41" WC="0.96" CONTENT="högst"/><SP WIDTH="19" VPOS="1478" HPOS="1548"/>
							<String ID="string_182" HPOS="1567" VPOS="1480" WIDTH="63" HEIGHT="31" WC="0.96" CONTENT="750"/><SP WIDTH="16" VPOS="1480" HPOS="1630"/>
							<String ID="string_183" HPOS="1646" VPOS="1480" WIDTH="125" HEIGHT="32" WC="0.96" CONTENT="kronor"/>
						</TextLine>
						<TextLine ID="line_29" HPOS="591" VPOS="1522" WIDTH="1178" HEIGHT="52">
							<String ID="string_184" HPOS="591" VPOS="1522" WIDTH="50" HEIGHT="32" WC="0.91" CONTENT="till"/><SP WIDTH="35" VPOS="1522" HPOS="641"/>
							<String ID="string_185" HPOS="676" VPOS="1524" WIDTH="183" HEIGHT="41" WC="0.93" CONTENT="tryckning"/><SP WIDTH="34" VPOS="1524" HPOS="859"/>
							<String ID="string_186" HPOS="893" VPOS="1536" WIDTH="43" HEIGHT="22" WC="0.95" CONTENT="av"/><SP WIDTH="29" VPOS="1536" HPOS="936"/>
							<String ID="string_187" HPOS="965" VPOS="1527" WIDTH="215" HEIGHT="41" WC="0.95" CONTENT="supplement"/><SP WIDTH="24" VPOS="1527" HPOS="1180"/>
							<String ID="string_188" HPOS="1204" VPOS="1528" WIDTH="50" HEIGHT="32" WC="0.96" CONTENT="till"/><SP WIDTH="25" VPOS="1528" HPOS="1254"/>
							<String ID="string_189" HPOS="1279" VPOS="1529" WIDTH="177" HEIGHT="42" WC="0.96" CONTENT="katalogen"/><SP WIDTH="26" VPOS="1529" HPOS="1456"/>
							<String ID="string_190" HPOS="1482" VPOS="1536" WIDTH="80" HEIGHT="28" WC="0.96" CONTENT="över"/><SP WIDTH="23" VPOS="1536" HPOS="1562"/>
							<String ID="string_191" HPOS="1585" VPOS="1533" WIDTH="184" HEIGHT="41" WC="0.90" CONTENT="centralby-"/>
						</TextLine>
						<TextLine ID="line_30" HPOS="591" VPOS="1577" WIDTH="1178" HEIGHT="49">
							<String ID="string_192" HPOS="591" VPOS="1577" WIDTH="78" HEIGHT="30" WC="0.91" CONTENT="råns"/><SP WIDTH="35" VPOS="1577" HPOS="669"/>
							<String ID="string_193" HPOS="704" VPOS="1577" WIDTH="10" HEIGHT="30" WC="0.96" CONTENT="i"/><SP WIDTH="36" VPOS="1577" HPOS="714"/>
							<String ID="string_194" HPOS="750" VPOS="1577" WIDTH="100" HEIGHT="32" WC="0.96" CONTENT="Lund"/><SP WIDTH="24" VPOS="1577" HPOS="850"/>
							<String ID="string_195" HPOS="874" VPOS="1579" WIDTH="54" HEIGHT="31" WC="0.96" CONTENT="för"/><SP WIDTH="24" VPOS="1579" HPOS="928"/>
							<String ID="string_196" HPOS="952" VPOS="1579" WIDTH="165" HEIGHT="41" WC="0.96" CONTENT="populära"/><SP WIDTH="23" VPOS="1579" HPOS="1117"/>
							<String ID="string_197" HPOS="1140" VPOS="1582" WIDTH="256" HEIGHT="42" WC="0.96" CONTENT="vetenskapliga"/><SP WIDTH="23" VPOS="1582" HPOS="1396"/>
							<String ID="string_198" HPOS="1419" VPOS="1584" WIDTH="248" HEIGHT="42" WC="0.93" CONTENT="föreläsningar"/><SP WIDTH="23" VPOS="1584" HPOS="1667"/>
							<String ID="string_199" HPOS="1690" VPOS="1597" WIDTH="79" HEIGHT="21" WC="0.91" CONTENT="van-"/>
						</TextLine>
						<TextLine ID="line_31" HPOS="591" VPOS="1628" WIDTH="288" HEIGHT="42">
							<String ID="string_200" HPOS="591" VPOS="1628" WIDTH="288" HEIGHT="42" WC="0.92" CONTENT="dringsbibliotek."/>
						</TextLine>
					</TextBlock>
				</ComposedBlock>
				<ComposedBlock ID="cblock_8" HPOS="265" VPOS="1749" WIDTH="1503" HEIGHT="756">
					<TextBlock ID="block_13" HPOS="315" VPOS="1749" WIDTH="1118" HEIGHT="54">
						<TextLine ID="line_32" HPOS="315" VPOS="1749" WIDTH="1118" HEIGHT="54">
							<String ID="string_201" HPOS="315" VPOS="1749" WIDTH="109" HEIGHT="43" WC="0.80" CONTENT="202:0)"/><SP WIDTH="23" VPOS="1749" HPOS="424"/>
							<String ID="string_202" HPOS="447" VPOS="1753" WIDTH="127" HEIGHT="41" WC="0.95" CONTENT="Kungl."/><SP WIDTH="27" VPOS="1753" HPOS="574"/>
							<String ID="string_203" HPOS="601" VPOS="1754" WIDTH="98" HEIGHT="41" WC="0.96" CONTENT="Maj:t"/><SP WIDTH="23" VPOS="1754" HPOS="699"/>
							<String ID="string_204" HPOS="722" VPOS="1756" WIDTH="62" HEIGHT="32" WC="0.96" CONTENT="har"/><SP WIDTH="25" VPOS="1756" HPOS="784"/>
							<String ID="string_205" HPOS="809" VPOS="1754" WIDTH="121" HEIGHT="43" WC="0.96" CONTENT="(punkt"/><SP WIDTH="27" VPOS="1754" HPOS="930"/>
							<String ID="string_206" HPOS="957" VPOS="1759" WIDTH="75" HEIGHT="37" WC="0.93" CONTENT="192)"/><SP WIDTH="23" VPOS="1759" HPOS="1032"/>
							<String ID="string_207" HPOS="1055" VPOS="1759" WIDTH="174" HEIGHT="41" WC="0.95" CONTENT="föreslagit"/><SP WIDTH="24" VPOS="1759" HPOS="1229"/>
							<String ID="string_208" HPOS="1253" VPOS="1761" WIDTH="180" HEIGHT="42" WC="0.95" CONTENT="riksdagen"/>
						</TextLine>
					</TextBlock>
					<TextBlock ID="block_14" HPOS="267" VPOS="1814" WIDTH="1501" HEIGHT="469">
						<TextLine ID="line_33" HPOS="314" VPOS="1814" WIDTH="1454" HEIGHT="58">
							<String ID="string_209" HPOS="314" VPOS="1814" WIDTH="66" HEIGHT="31" WC="0.96" CONTENT="dels"/><SP WIDTH="34" VPOS="1814" HPOS="380"/>
							<String ID="string_210" HPOS="414" VPOS="1814" WIDTH="50" HEIGHT="32" WC="0.96" CONTENT="till"/><SP WIDTH="35" VPOS="1814" HPOS="464"/>
							<String ID="string_211" HPOS="499" VPOS="1816" WIDTH="185" HEIGHT="32" WC="0.96" CONTENT="understöd"/><SP WIDTH="36" VPOS="1816" HPOS="684"/>
							<String ID="string_212" HPOS="720" VPOS="1819" WIDTH="33" HEIGHT="30" WC="0.96" CONTENT="åt"/><SP WIDTH="33" VPOS="1819" HPOS="753"/>
							<String ID="string_213" HPOS="786" VPOS="1819" WIDTH="160" HEIGHT="32" WC="0.95" CONTENT="anstalter"/><SP WIDTH="35" VPOS="1819" HPOS="946"/>
							<String ID="string_214" HPOS="981" VPOS="1821" WIDTH="63" HEIGHT="31" WC="0.96" CONTENT="och"/><SP WIDTH="36" VPOS="1821" HPOS="1044"/>
							<String ID="string_215" HPOS="1080" VPOS="1822" WIDTH="204" HEIGHT="41" WC="0.95" CONTENT="föreningar,"/><SP WIDTH="38" VPOS="1822" HPOS="1284"/>
							<String ID="string_216" HPOS="1322" VPOS="1834" WIDTH="73" HEIGHT="21" WC="0.96" CONTENT="som"/><SP WIDTH="36" VPOS="1834" HPOS="1395"/>
							<String ID="string_217" HPOS="1431" VPOS="1825" WIDTH="152" HEIGHT="32" WC="0.94" CONTENT="anordna"/><SP WIDTH="31" VPOS="1825" HPOS="1583"/>
							<String ID="string_218" HPOS="1614" VPOS="1822" WIDTH="154" HEIGHT="50" WC="0.92" CONTENT="populär-"/>
						</TextLine>
						<TextLine ID="line_34" HPOS="268" VPOS="1867" WIDTH="1500" HEIGHT="48">
							<String ID="string_219" HPOS="268" VPOS="1867" WIDTH="256" HEIGHT="42" WC="0.96" CONTENT="vetenskapliga"/><SP WIDTH="43" VPOS="1867" HPOS="524"/>
							<String ID="string_220" HPOS="567" VPOS="1869" WIDTH="256" HEIGHT="42" WC="0.94" CONTENT="föreläsningar,"/><SP WIDTH="37" VPOS="1869" HPOS="823"/>
							<String ID="string_221" HPOS="860" VPOS="1872" WIDTH="118" HEIGHT="32" WC="0.96" CONTENT="anvisa"/><SP WIDTH="35" VPOS="1872" HPOS="978"/>
							<String ID="string_222" HPOS="1013" VPOS="1874" WIDTH="54" HEIGHT="31" WC="0.96" CONTENT="för"/><SP WIDTH="34" VPOS="1874" HPOS="1067"/>
							<String ID="string_223" HPOS="1101" VPOS="1874" WIDTH="199" HEIGHT="41" WC="0.93" CONTENT="budgetåret"/><SP WIDTH="38" VPOS="1874" HPOS="1300"/>
							<String ID="string_224" HPOS="1338" VPOS="1878" WIDTH="217" HEIGHT="31" WC="0.89" CONTENT="1926—1927"/><SP WIDTH="37" VPOS="1878" HPOS="1555"/>
							<String ID="string_225" HPOS="1592" VPOS="1882" WIDTH="47" HEIGHT="28" WC="0.96" CONTENT="ett"/><SP WIDTH="34" VPOS="1882" HPOS="1639"/>
							<String ID="string_226" HPOS="1673" VPOS="1883" WIDTH="95" HEIGHT="28" WC="0.96" CONTENT="extra"/>
						</TextLine>
						<TextLine ID="line_35" HPOS="268" VPOS="1920" WIDTH="1500" HEIGHT="54">
							<String ID="string_227" HPOS="268" VPOS="1920" WIDTH="343" HEIGHT="43" WC="0.91" CONTENT="reservationsanslag"/><SP WIDTH="23" VPOS="1920" HPOS="611"/>
							<String ID="string_228" HPOS="634" VPOS="1933" WIDTH="42" HEIGHT="21" WC="0.93" CONTENT="av"/><SP WIDTH="25" VPOS="1933" HPOS="676"/>
							<String ID="string_229" HPOS="701" VPOS="1924" WIDTH="143" HEIGHT="35" WC="0.91" CONTENT="400,000"/><SP WIDTH="24" VPOS="1924" HPOS="844"/>
							<String ID="string_230" HPOS="868" VPOS="1925" WIDTH="125" HEIGHT="33" WC="0.96" CONTENT="kronor"/><SP WIDTH="24" VPOS="1925" HPOS="993"/>
							<String ID="string_231" HPOS="1017" VPOS="1932" WIDTH="160" HEIGHT="27" WC="0.93" CONTENT="ävensom"/><SP WIDTH="26" VPOS="1932" HPOS="1177"/>
							<String ID="string_232" HPOS="1203" VPOS="1929" WIDTH="167" HEIGHT="41" WC="0.90" CONTENT="medgiva,"/><SP WIDTH="26" VPOS="1929" HPOS="1370"/>
							<String ID="string_233" HPOS="1396" VPOS="1933" WIDTH="48" HEIGHT="29" WC="0.96" CONTENT="att"/><SP WIDTH="24" VPOS="1933" HPOS="1444"/>
							<String ID="string_234" HPOS="1468" VPOS="1941" WIDTH="42" HEIGHT="21" WC="0.96" CONTENT="av"/><SP WIDTH="25" VPOS="1941" HPOS="1510"/>
							<String ID="string_235" HPOS="1535" VPOS="1931" WIDTH="91" HEIGHT="32" WC="0.96" CONTENT="detta"/><SP WIDTH="23" VPOS="1931" HPOS="1626"/>
							<String ID="string_236" HPOS="1649" VPOS="1933" WIDTH="119" HEIGHT="41" WC="0.95" CONTENT="anslag"/>
						</TextLine>
						<TextLine ID="line_36" HPOS="268" VPOS="1973" WIDTH="1500" HEIGHT="52">
							<String ID="string_237" HPOS="268" VPOS="1974" WIDTH="56" HEIGHT="30" WC="0.96" CONTENT="må"/><SP WIDTH="24" VPOS="1974" HPOS="324"/>
							<String ID="string_238" HPOS="348" VPOS="1973" WIDTH="104" HEIGHT="42" WC="0.96" CONTENT="enligt"/><SP WIDTH="24" VPOS="1973" HPOS="452"/>
							<String ID="string_239" HPOS="476" VPOS="1985" WIDTH="43" HEIGHT="22" WC="0.96" CONTENT="av"/><SP WIDTH="24" VPOS="1985" HPOS="519"/>
							<String ID="string_240" HPOS="543" VPOS="1975" WIDTH="127" HEIGHT="42" WC="0.95" CONTENT="Kungl."/><SP WIDTH="27" VPOS="1975" HPOS="670"/>
							<String ID="string_241" HPOS="697" VPOS="1977" WIDTH="98" HEIGHT="41" WC="0.96" CONTENT="Maj:t"/><SP WIDTH="24" VPOS="1977" HPOS="795"/>
							<String ID="string_242" HPOS="819" VPOS="1979" WIDTH="190" HEIGHT="32" WC="0.96" CONTENT="fastställda"/><SP WIDTH="24" VPOS="1979" HPOS="1009"/>
							<String ID="string_243" HPOS="1033" VPOS="1980" WIDTH="122" HEIGHT="32" WC="0.96" CONTENT="villkor"/><SP WIDTH="24" VPOS="1980" HPOS="1155"/>
							<String ID="string_244" HPOS="1179" VPOS="1982" WIDTH="175" HEIGHT="33" WC="0.96" CONTENT="användas"/><SP WIDTH="24" VPOS="1982" HPOS="1354"/>
							<String ID="string_245" HPOS="1378" VPOS="1984" WIDTH="100" HEIGHT="41" WC="0.90" CONTENT="högst"/><SP WIDTH="24" VPOS="1984" HPOS="1478"/>
							<String ID="string_246" HPOS="1502" VPOS="1986" WIDTH="121" HEIGHT="36" WC="0.89" CONTENT="25,000"/><SP WIDTH="19" VPOS="1986" HPOS="1623"/>
							<String ID="string_247" HPOS="1642" VPOS="1986" WIDTH="126" HEIGHT="32" WC="0.96" CONTENT="kronor"/>
						</TextLine>
						<TextLine ID="line_37" HPOS="268" VPOS="2025" WIDTH="1497" HEIGHT="51">
							<String ID="string_248" HPOS="268" VPOS="2025" WIDTH="49" HEIGHT="32" WC="0.86" CONTENT="till"/><SP WIDTH="35" VPOS="2025" HPOS="317"/>
							<String ID="string_249" HPOS="352" VPOS="2026" WIDTH="185" HEIGHT="33" WC="0.93" CONTENT="understöd"/><SP WIDTH="39" VPOS="2026" HPOS="537"/>
							<String ID="string_250" HPOS="576" VPOS="2031" WIDTH="33" HEIGHT="29" WC="0.93" CONTENT="åt"/><SP WIDTH="36" VPOS="2031" HPOS="609"/>
							<String ID="string_251" HPOS="645" VPOS="2030" WIDTH="247" HEIGHT="42" WC="0.90" CONTENT="centralbyråer"/><SP WIDTH="36" VPOS="2030" HPOS="892"/>
							<String ID="string_252" HPOS="928" VPOS="2033" WIDTH="63" HEIGHT="31" WC="0.96" CONTENT="och"/><SP WIDTH="36" VPOS="2033" HPOS="991"/>
							<String ID="string_253" HPOS="1027" VPOS="2034" WIDTH="245" HEIGHT="42" WC="0.96" CONTENT="undantagsvis"/><SP WIDTH="27" VPOS="2034" HPOS="1272"/>
							<String ID="string_254" HPOS="1299" VPOS="2041" WIDTH="86" HEIGHT="27" WC="0.96" CONTENT="även"/><SP WIDTH="26" VPOS="2041" HPOS="1385"/>
							<String ID="string_255" HPOS="1411" VPOS="2039" WIDTH="33" HEIGHT="30" WC="0.96" CONTENT="åt"/><SP WIDTH="24" VPOS="2039" HPOS="1444"/>
							<String ID="string_256" HPOS="1468" VPOS="2038" WIDTH="106" HEIGHT="32" WC="0.93" CONTENT="andra"/><SP WIDTH="24" VPOS="2038" HPOS="1574"/>
							<String ID="string_257" HPOS="1598" VPOS="2049" WIDTH="167" HEIGHT="22" WC="0.92" CONTENT="samman-"/>
						</TextLine>
						<TextLine ID="line_38" HPOS="268" VPOS="2078" WIDTH="1499" HEIGHT="52">
							<String ID="string_258" HPOS="268" VPOS="2078" WIDTH="189" HEIGHT="43" WC="0.88" CONTENT="slutningar"/><SP WIDTH="36" VPOS="2078" HPOS="457"/>
							<String ID="string_259" HPOS="493" VPOS="2081" WIDTH="51" HEIGHT="32" WC="0.96" CONTENT="för"/><SP WIDTH="33" VPOS="2081" HPOS="544"/>
							<String ID="string_260" HPOS="577" VPOS="2082" WIDTH="207" HEIGHT="43" WC="0.96" CONTENT="förmedling"/><SP WIDTH="24" VPOS="2082" HPOS="784"/>
							<String ID="string_261" HPOS="808" VPOS="2095" WIDTH="42" HEIGHT="21" WC="0.96" CONTENT="av"/><SP WIDTH="25" VPOS="2095" HPOS="850"/>
							<String ID="string_262" HPOS="875" VPOS="2085" WIDTH="115" HEIGHT="41" WC="0.96" CONTENT="dylika"/><SP WIDTH="24" VPOS="2085" HPOS="990"/>
							<String ID="string_263" HPOS="1014" VPOS="2087" WIDTH="256" HEIGHT="43" WC="0.93" CONTENT="föreläsningar,"/><SP WIDTH="26" VPOS="2087" HPOS="1270"/>
							<String ID="string_264" HPOS="1296" VPOS="2090" WIDTH="99" HEIGHT="38" WC="0.92" CONTENT="3,000"/><SP WIDTH="24" VPOS="2090" HPOS="1395"/>
							<String ID="string_265" HPOS="1419" VPOS="2091" WIDTH="124" HEIGHT="32" WC="0.96" CONTENT="kronor"/><SP WIDTH="24" VPOS="2091" HPOS="1543"/>
							<String ID="string_266" HPOS="1567" VPOS="2091" WIDTH="50" HEIGHT="32" WC="0.96" CONTENT="till"/><SP WIDTH="24" VPOS="2091" HPOS="1617"/>
							<String ID="string_267" HPOS="1641" VPOS="2093" WIDTH="126" HEIGHT="32" WC="0.96" CONTENT="arvode"/>
						</TextLine>
						<TextLine ID="line_39" HPOS="268" VPOS="2133" WIDTH="1498" HEIGHT="54">
							<String ID="string_268" HPOS="268" VPOS="2134" WIDTH="34" HEIGHT="30" WC="0.95" CONTENT="åt"/><SP WIDTH="31" VPOS="2134" HPOS="302"/>
							<String ID="string_269" HPOS="333" VPOS="2143" WIDTH="42" HEIGHT="22" WC="0.96" CONTENT="en"/><SP WIDTH="23" VPOS="2143" HPOS="375"/>
							<String ID="string_270" HPOS="398" VPOS="2133" WIDTH="62" HEIGHT="33" WC="0.93" CONTENT="hos"/><SP WIDTH="25" VPOS="2133" HPOS="460"/>
							<String ID="string_271" HPOS="485" VPOS="2135" WIDTH="318" HEIGHT="42" WC="0.91" CONTENT="skolöverstyrelsen"/><SP WIDTH="25" VPOS="2135" HPOS="803"/>
							<String ID="string_272" HPOS="828" VPOS="2139" WIDTH="146" HEIGHT="32" WC="0.93" CONTENT="anställd"/><SP WIDTH="24" VPOS="2139" HPOS="974"/>
							<String ID="string_273" HPOS="998" VPOS="2140" WIDTH="409" HEIGHT="43" WC="0.92" CONTENT="föreläsningskonsulent"/><SP WIDTH="24" VPOS="2140" HPOS="1407"/>
							<String ID="string_274" HPOS="1431" VPOS="2148" WIDTH="88" HEIGHT="28" WC="0.96" CONTENT="samt"/><SP WIDTH="24" VPOS="2148" HPOS="1519"/>
							<String ID="string_275" HPOS="1543" VPOS="2145" WIDTH="99" HEIGHT="42" WC="0.93" CONTENT="högst"/><SP WIDTH="25" VPOS="2145" HPOS="1642"/>
							<String ID="string_276" HPOS="1667" VPOS="2147" WIDTH="99" HEIGHT="38" WC="0.91" CONTENT="8,000"/>
						</TextLine>
						<TextLine ID="line_40" HPOS="268" VPOS="2186" WIDTH="1498" HEIGHT="52">
							<String ID="string_277" HPOS="268" VPOS="2186" WIDTH="123" HEIGHT="32" WC="0.95" CONTENT="kronor"/><SP WIDTH="34" VPOS="2186" HPOS="391"/>
							<String ID="string_278" HPOS="425" VPOS="2187" WIDTH="50" HEIGHT="32" WC="0.96" CONTENT="till"/><SP WIDTH="35" VPOS="2187" HPOS="475"/>
							<String ID="string_279" HPOS="510" VPOS="2189" WIDTH="183" HEIGHT="33" WC="0.96" CONTENT="understöd"/><SP WIDTH="37" VPOS="2189" HPOS="693"/>
							<String ID="string_280" HPOS="730" VPOS="2192" WIDTH="34" HEIGHT="30" WC="0.96" CONTENT="åt"/><SP WIDTH="35" VPOS="2192" HPOS="764"/>
							<String ID="string_281" HPOS="799" VPOS="2192" WIDTH="90" HEIGHT="32" WC="0.95" CONTENT="vissa"/><SP WIDTH="26" VPOS="2192" HPOS="889"/>
							<String ID="string_282" HPOS="915" VPOS="2193" WIDTH="160" HEIGHT="33" WC="0.96" CONTENT="anstalter"/><SP WIDTH="25" VPOS="2193" HPOS="1075"/>
							<String ID="string_283" HPOS="1100" VPOS="2195" WIDTH="62" HEIGHT="31" WC="0.96" CONTENT="och"/><SP WIDTH="24" VPOS="2195" HPOS="1162"/>
							<String ID="string_284" HPOS="1186" VPOS="2196" WIDTH="197" HEIGHT="42" WC="0.96" CONTENT="föreningar"/><SP WIDTH="22" VPOS="2196" HPOS="1383"/>
							<String ID="string_285" HPOS="1405" VPOS="2198" WIDTH="54" HEIGHT="31" WC="0.96" CONTENT="för"/><SP WIDTH="24" VPOS="2198" HPOS="1459"/>
							<String ID="string_286" HPOS="1483" VPOS="2209" WIDTH="42" HEIGHT="22" WC="0.96" CONTENT="av"/><SP WIDTH="25" VPOS="2209" HPOS="1525"/>
							<String ID="string_287" HPOS="1550" VPOS="2198" WIDTH="76" HEIGHT="33" WC="0.93" CONTENT="dem"/><SP WIDTH="26" VPOS="2198" HPOS="1626"/>
							<String ID="string_288" HPOS="1652" VPOS="2199" WIDTH="114" HEIGHT="33" WC="0.92" CONTENT="havda"/>
						</TextLine>
						<TextLine ID="line_41" HPOS="267" VPOS="2240" WIDTH="544" HEIGHT="43">
							<String ID="string_289" HPOS="267" VPOS="2240" WIDTH="254" HEIGHT="33" WC="0.96" CONTENT="resekostnader"/><SP WIDTH="22" VPOS="2240" HPOS="521"/>
							<String ID="string_290" HPOS="543" VPOS="2243" WIDTH="54" HEIGHT="31" WC="0.96" CONTENT="för"/><SP WIDTH="24" VPOS="2243" HPOS="597"/>
							<String ID="string_291" HPOS="621" VPOS="2243" WIDTH="190" HEIGHT="40" WC="0.96" CONTENT="föreläsare,"/>
						</TextLine>
					</TextBlock>
					<TextBlock ID="block_15" HPOS="265" VPOS="2294" WIDTH="1499" HEIGHT="157">
						<TextLine ID="line_42" HPOS="312" VPOS="2294" WIDTH="1452" HEIGHT="49">
							<String ID="string_292" HPOS="312" VPOS="2294" WIDTH="68" HEIGHT="31" WC="0.96" CONTENT="dels"/><SP WIDTH="23" VPOS="2294" HPOS="380"/>
							<String ID="string_293" HPOS="403" VPOS="2295" WIDTH="54" HEIGHT="31" WC="0.93" CONTENT="ock"/><SP WIDTH="23" VPOS="2295" HPOS="457"/>
							<String ID="string_294" HPOS="480" VPOS="2295" WIDTH="167" HEIGHT="41" WC="0.92" CONTENT="medgiva,"/><SP WIDTH="26" VPOS="2295" HPOS="647"/>
							<String ID="string_295" HPOS="673" VPOS="2299" WIDTH="49" HEIGHT="29" WC="0.96" CONTENT="att"/><SP WIDTH="23" VPOS="2299" HPOS="722"/>
							<String ID="string_296" HPOS="745" VPOS="2298" WIDTH="54" HEIGHT="32" WC="0.96" CONTENT="för"/><SP WIDTH="24" VPOS="2298" HPOS="799"/>
							<String ID="string_297" HPOS="823" VPOS="2298" WIDTH="92" HEIGHT="32" WC="0.96" CONTENT="tiden"/><SP WIDTH="27" VPOS="2298" HPOS="915"/>
							<String ID="string_298" HPOS="942" VPOS="2302" WIDTH="15" HEIGHT="29" WC="0.96" CONTENT="1"/><SP WIDTH="26" VPOS="2302" HPOS="957"/>
							<String ID="string_299" HPOS="983" VPOS="2300" WIDTH="64" HEIGHT="40" WC="0.93" CONTENT="juli"/><SP WIDTH="28" VPOS="2300" HPOS="1047"/>
							<String ID="string_300" HPOS="1075" VPOS="2302" WIDTH="175" HEIGHT="32" WC="0.0" CONTENT="1926—930"/><SP WIDTH="22" VPOS="2302" HPOS="1250"/>
							<String ID="string_301" HPOS="1272" VPOS="2303" WIDTH="63" HEIGHT="40" WC="0.96" CONTENT="juli"/><SP WIDTH="28" VPOS="2303" HPOS="1335"/>
							<String ID="string_302" HPOS="1363" VPOS="2305" WIDTH="83" HEIGHT="31" WC="0.96" CONTENT="1927"/><SP WIDTH="19" VPOS="2305" HPOS="1446"/>
							<String ID="string_303" HPOS="1465" VPOS="2304" WIDTH="56" HEIGHT="33" WC="0.96" CONTENT="det"/><SP WIDTH="12" VPOS="2304" HPOS="1521"/>
							<String ID="string_304" HPOS="1533" VPOS="2305" WIDTH="125" HEIGHT="32" WC="0.95" CONTENT="minsta"/><SP WIDTH="14" VPOS="2305" HPOS="1658"/>
							<String ID="string_305" HPOS="1672" VPOS="2307" WIDTH="92" HEIGHT="31" WC="0.96" CONTENT="antal"/>
						</TextLine>
						<TextLine ID="line_43" HPOS="265" VPOS="2346" WIDTH="1498" HEIGHT="53">
							<String ID="string_306" HPOS="265" VPOS="2346" WIDTH="255" HEIGHT="43" WC="0.96" CONTENT="föreläsningar,"/><SP WIDTH="37" VPOS="2346" HPOS="520"/>
							<String ID="string_307" HPOS="557" VPOS="2360" WIDTH="72" HEIGHT="21" WC="0.95" CONTENT="som"/><SP WIDTH="36" VPOS="2360" HPOS="629"/>
							<String ID="string_308" HPOS="665" VPOS="2351" WIDTH="54" HEIGHT="31" WC="0.96" CONTENT="för"/><SP WIDTH="28" VPOS="2351" HPOS="719"/>
							<String ID="string_309" HPOS="747" VPOS="2352" WIDTH="200" HEIGHT="40" WC="0.96" CONTENT="åtnjutande"/><SP WIDTH="25" VPOS="2352" HPOS="947"/>
							<String ID="string_310" HPOS="972" VPOS="2364" WIDTH="42" HEIGHT="21" WC="0.96" CONTENT="av"/><SP WIDTH="25" VPOS="2364" HPOS="1014"/>
							<String ID="string_311" HPOS="1039" VPOS="2354" WIDTH="204" HEIGHT="43" WC="0.95" CONTENT="statsbidrag"/><SP WIDTH="23" VPOS="2354" HPOS="1243"/>
							<String ID="string_312" HPOS="1266" VPOS="2356" WIDTH="85" HEIGHT="32" WC="0.96" CONTENT="skall"/><SP WIDTH="24" VPOS="2356" HPOS="1351"/>
							<String ID="string_313" HPOS="1375" VPOS="2357" WIDTH="127" HEIGHT="42" WC="0.96" CONTENT="årligen"/><SP WIDTH="25" VPOS="2357" HPOS="1502"/>
							<String ID="string_314" HPOS="1527" VPOS="2359" WIDTH="169" HEIGHT="33" WC="0.95" CONTENT="anordnas"/><SP WIDTH="24" VPOS="2359" HPOS="1696"/>
							<String ID="string_315" HPOS="1720" VPOS="2371" WIDTH="43" HEIGHT="21" WC="0.94" CONTENT="av"/>
						</TextLine>
						<TextLine ID="line_44" HPOS="265" VPOS="2399" WIDTH="1140" HEIGHT="52">
							<String ID="string_316" HPOS="265" VPOS="2399" WIDTH="124" HEIGHT="33" WC="0.96" CONTENT="anstalt"/><SP WIDTH="24" VPOS="2399" HPOS="389"/>
							<String ID="string_317" HPOS="413" VPOS="2401" WIDTH="79" HEIGHT="32" WC="0.96" CONTENT="eller"/><SP WIDTH="22" VPOS="2401" HPOS="492"/>
							<String ID="string_318" HPOS="514" VPOS="2403" WIDTH="167" HEIGHT="42" WC="0.96" CONTENT="förening,"/><SP WIDTH="25" VPOS="2403" HPOS="681"/>
							<String ID="string_319" HPOS="706" VPOS="2415" WIDTH="120" HEIGHT="21" WC="0.96" CONTENT="varom"/><SP WIDTH="24" VPOS="2415" HPOS="826"/>
							<String ID="string_320" HPOS="850" VPOS="2405" WIDTH="62" HEIGHT="32" WC="0.96" CONTENT="här"/><SP WIDTH="24" VPOS="2405" HPOS="912"/>
							<String ID="string_321" HPOS="936" VPOS="2411" WIDTH="37" HEIGHT="27" WC="0.97" CONTENT="är"/><SP WIDTH="22" VPOS="2411" HPOS="973"/>
							<String ID="string_322" HPOS="995" VPOS="2408" WIDTH="107" HEIGHT="41" WC="0.96" CONTENT="fråga,"/><SP WIDTH="27" VPOS="2408" HPOS="1102"/>
							<String ID="string_323" HPOS="1129" VPOS="2410" WIDTH="57" HEIGHT="30" WC="0.97" CONTENT="må"/><SP WIDTH="24" VPOS="2410" HPOS="1186"/>
							<String ID="string_324" HPOS="1210" VPOS="2412" WIDTH="120" HEIGHT="39" WC="0.96" CONTENT="utgöra"/><SP WIDTH="25" VPOS="2412" HPOS="1330"/>
							<String ID="string_325" HPOS="1355" VPOS="2412" WIDTH="50" HEIGHT="31" WC="0.96" CONTENT="10."/>
						</TextLine>
					</TextBlock>
					<TextBlock ID="block_16" HPOS="310" VPOS="2453" WIDTH="1204" HEIGHT="52">
						<TextLine ID="line_45" HPOS="310" VPOS="2453" WIDTH="1204" HEIGHT="52">
							<String ID="string_326" HPOS="310" VPOS="2453" WIDTH="233" HEIGHT="43" WC="0.96" CONTENT="Utredningen"/><SP WIDTH="25" VPOS="2453" HPOS="543"/>
							<String ID="string_327" HPOS="568" VPOS="2457" WIDTH="180" HEIGHT="33" WC="0.92" CONTENT="återfinnes"/><SP WIDTH="24" VPOS="2457" HPOS="748"/>
							<String ID="string_328" HPOS="772" VPOS="2459" WIDTH="20" HEIGHT="30" WC="0.72" CONTENT="å"/><SP WIDTH="24" VPOS="2459" HPOS="792"/>
							<String ID="string_329" HPOS="816" VPOS="2458" WIDTH="60" HEIGHT="33" WC="0.93" CONTENT="sid."/><SP WIDTH="27" VPOS="2458" HPOS="876"/>
							<String ID="string_330" HPOS="903" VPOS="2461" WIDTH="176" HEIGHT="32" WC="0.56" CONTENT="616—0619"/><SP WIDTH="24" VPOS="2461" HPOS="1079"/>
							<String ID="string_331" HPOS="1103" VPOS="2461" WIDTH="10" HEIGHT="32" WC="0.93" CONTENT="i"/><SP WIDTH="26" VPOS="2461" HPOS="1113"/>
							<String ID="string_332" HPOS="1139" VPOS="2463" WIDTH="375" HEIGHT="42" WC="0.92" CONTENT="statsrådsprotokollet."/>
						</TextLine>
					</TextBlock>
				</ComposedBlock>
			</PrintSpace>
		</Page>
	</Layout>
</alto>
