1914 2800
312 164 43 30 90
771 165 256 32 Statsutskottets
1050 166 168 31 utlåtande
1243 167 52 30 Nr
1318 169 29 29 8.

311 243 62 32 har
397 243 372 42 departementschefen
794 245 121 32 räknat
939 245 77 33 med
1041 248 47 30 ett
1112 246 49 32 till
1188 247 118 39 16,000
1331 247 124 32 kronor
1479 247 74 41 höjt
1577 247 132 42 belopp.
1759 248 52 32 Vi-

312 297 79 32 dare
415 302 57 27 äro
497 298 105 41 enligt
627 298 126 42 Kungl.
781 299 114 40 Maj:ts
920 299 128 42 förslag
1072 300 40 32 de
1136 301 54 30 för
1213 300 211 33 närvarande
1448 301 168 41 utgående
1641 304 93 29 extra
1755 312 55 21 an-

312 350 115 41 slagen
445 351 49 31 till
511 351 108 32 ökade
632 351 438 41 bokbindningskostnader
1083 353 63 31 och
1159 353 50 31 till
1222 353 131 32 inlösen
1366 364 43 22 av
1421 354 389 42 ingenjörsvetenskaps-

311 403 218 32 akademiens
553 404 251 40 publikationer
821 405 179 31 överförda
1016 405 50 31 till
1083 406 65 31 den
1165 406 167 31 ordinarie
1349 409 109 29 staten
1476 407 62 31 och
1552 407 259 41 sammanlagda

310 456 79 32 med
422 456 61 32 där
513 457 92 32 förut
636 457 166 42 befintligt
833 457 127 42 anslag,
991 469 73 21 som
1088 458 198 42 därigenom
1311 459 108 32 skulle
1443 460 81 32 ökas
1549 461 77 31 från
1651 471 80 31 nyss
1756 472 54 21 an-

310 510 104 41 givna
451 511 119 38 16,000
606 511 124 32 kronor
762 511 50 32 till
845 512 11 31 i
889 512 168 32 avrundat
1090 512 46 32 tal
1161 514 120 38 21,000
1305 513 133 40 kronor,
1464 514 104 33 vilket
1592 514 123 43 belopp
1740 520 36 27 är
1800 516 10 31 i

310 564 229 42 statförslaget
581 569 163 37 upptaget
783 566 11 31 i
835 566 206 41 högskolans
1076 567 297 32 omkostnadsstat.
1422 568 171 32 Utskottet
1628 568 182 42 tillstyrker

310 617 127 41 Kungl.
464 618 102 40 Majts
591 618 128 41 förslag
742 619 10 31 i
778 619 91 31 detta
893 619 201 32 hänseende.

354 670 16 31 I
405 670 92 32 detta
532 671 251 41 sammanhang
815 672 62 31 har
910 672 373 41 departementschefen
1317 674 157 41 upptagit
1502 674 63 32 och
1589 674 151 32 förordat
1764 678 46 29 ett

310 724 270 42 engångsanslag
603 724 50 32 till
670 725 263 42 komplettering
949 736 42 22 av
1008 725 212 33 bokbestånd
1237 726 64 32 och
1317 727 270 33 tidskriftsserier
1603 729 53 31 för
1672 728 137 42 budget-

309 779 71 30 året
415 779 218 31 1926—1927
668 789 42 22 av
737 780 119 38 10,000
880 779 133 32 kronor.
1062 780 172 32 Utskottet
1258 781 62 31 har
1343 781 154 32 häremot
1521 782 84 31 intet
1628 785 48 29 att
1700 782 110 32 erinra

309 831 64 32 och
397 832 226 31 återkommer
647 832 108 32 under
779 833 110 40 punkt
914 834 41 30 99
980 833 10 31 i
1015 833 56 31 det
1095 833 152 40 följande
1271 834 50 31 till
1346 834 90 32 detta
1461 834 126 41 anslag.

354 884 74 31 Den
452 884 11 31 i
487 885 206 41 högskolans
718 888 65 28 stat
807 896 47 20 nu
879 886 172 40 uppförda
1074 886 256 41 anslagsposten
1354 887 51 31 till
1429 888 184 41 samlingar
1635 888 63 32 och
1722 888 87 32 labo-

308 937 146 32 rationer
487 941 166 39 upptager
686 941 46 29 ett
767 938 122 42 belopp
919 949 43 22 av
988 939 119 39 17,500
1132 940 133 39 kronor,
1290 940 93 32 vilka
1411 941 110 32 medel
1549 943 81 40 utgå
1653 942 77 31 från
1754 942 56 32 det

309 991 166 32 ordinarie
511 992 376 42 reservationsanslaget
926 993 50 31 till
1011 993 91 33 vissa
1136 994 241 32 omkostnader
1411 995 54 31 för
1494 995 249 41 uppehållande
1767 1006 42 21 av

309 1045 205 41 högskolans
529 1046 226 32 verksamhet.
804 1046 65 31 "Till
892 1047 236 32 förstärkande
1152 1058 42 21 av
1225 1047 112 32 denna
1360 1048 213 42 anslagspost
1596 1049 89 32 hava
1710 1049 98 32 bevil-

307 1098 67 40 jats
398 1098 175 42 ansenliga
597 1099 132 41 belopp.
779 1099 44 32 Så
845 1100 62 31 har
931 1100 180 41 riksdagen
1140 1102 44 39 på
1208 1104 93 29 extra
1328 1104 65 29 stat
1417 1103 54 31 för
1494 1104 80 30 åren
1601 1104 94 37 1920,
1724 1104 82 30 1921

308 1151 64 31 och
410 1152 84 31 1922
523 1151 140 41 beviljat
699 1152 188 41 respektive
924 1154 120 37 75,000
1080 1154 133 37 kronor,
1253 1155 142 38 110,000
1430 1155 125 31 kronor
1578 1156 63 31 och
1668 1157 141 37 130,000

308 1204 133 32 kronor.
483 1205 66 32 För
581 1206 92 31 förra
696 1205 152 32 halvåret
875 1207 83 31 1923
984 1206 156 42 utgjorde
1165 1207 400 43 förstärkningsanslaget
1592 1210 121 38 71,500
1738 1209 71 32 kro-

309 1268 71 29 nor,
398 1259 54 31 för
467 1258 200 42 budgetåret
693 1260 220 31 1923—1924
940 1261 141 38 100,000
1105 1261 124 31 kronor
1253 1265 88 28 samt
1364 1262 54 31 för
1441 1265 46 28 ett
1512 1266 75 28 vart
1613 1273 42 21 av
1671 1262 137 42 budget-

308 1313 80 30 åren
415 1313 220 31 1924—1925
660 1313 63 31 och
749 1314 219 31 1925—1926
996 1315 141 38 150,000
1161 1315 133 31 kronor.
1348 1315 16 31 I
1397 1315 206 41 högskolans
1631 1316 178 32 framställ-

308 1365 84 40 ning
427 1376 56 20 om
519 1366 118 40 anslag
669 1366 50 31 till
751 1366 189 41 högskolan
964 1368 53 31 för
1040 1367 199 42 budgetåret
1266 1370 217 30 1926—1927
1509 1369 138 41 begäres
1671 1370 53 31 för
1748 1370 61 31 här

307 1417 259 42 ifrågavarande
598 1419 169 39 ändamål,
793 1420 149 32 förutom
967 1420 56 32 det
1047 1421 166 32 ordinarie
1238 1421 152 42 anslaget
1414 1424 19 30 å
1459 1423 119 38 17,500
1603 1423 134 38 kronor,
1762 1426 47 28 ett

307 1474 94 29 extra
434 1473 342 41 reservationsanslag
800 1475 19 30 å
845 1474 142 38 183,400
1010 1474 133 32 kronor.
1193 1475 127 41 Kungl.
1351 1475 114 41 Maj:ts
1489 1475 232 42 föreliggande
1745 1477 63 31 för-

308 1525 73 41 slag
412 1525 142 33 innebär
577 1537 57 28 nu,
662 1527 69 31 dels
756 1530 48 29 att
827 1528 54 31 för
904 1528 260 41 ifrågavarande
1189 1529 160 32 ändamål
1372 1530 9 31 i
1407 1530 65 31 den
1497 1530 167 32 ordinarie
1688 1533 119 35 staten,

308 1582 165 38 upptages
498 1591 41 20 en
564 1580 213 41 anslagspost
800 1592 43 21 av
870 1582 141 38 150,000
1036 1581 134 40 kronor,
1195 1582 105 32 vilket
1323 1582 123 42 belopp
1471 1584 242 32 sammanförts
1730 1584 78 32 med

307 1632 91 31 vissa
432 1632 107 32 andra
574 1633 249 42 anslagsposter
858 1636 19 29 å
900 1635 207 40 högskolans
1132 1636 289 32 omkostnadsstat
1445 1636 49 32 till
1523 1639 46 29 ett
1597 1641 211 37 gemensamt

308 1685 167 32 ordinarie
503 1687 343 41 reservationsanslag
870 1687 49 32 till
943 1688 151 32 materiel
1118 1700 44 20 m.
1189 1700 56 27 m.,
1271 1689 71 31 dels
1367 1690 62 31 ock
1459 1693 47 28 att
1523 1692 111 30 såsom
1651 1691 157 31 förstärk-

307 1738 85 41 ning
422 1749 42 21 av
489 1739 112 32 denna
625 1740 212 41 anslagspost
861 1740 108 32 skulle
993 1742 53 31 för
1070 1741 199 42 budgetåret
1296 1743 218 32 1926—1927
1540 1745 82 39 utgå
1646 1747 46 28 ett
1715 1747 93 28 extra

307 1791 118 41 anslag
449 1802 43 22 av
516 1793 121 38 35,000
661 1793 133 32 kronor.
843 1794 173 32 Utskottet
1040 1795 61 31 har
1125 1795 58 32 vid
1208 1796 170 40 prövning
1400 1796 106 32 härav
1528 1797 116 31 funnit
1660 1797 52 40 sig
1727 1797 82 32 böra

306 1845 137 31 förorda
478 1846 127 40 Kungl.
644 1846 114 40 Maj:ts
794 1847 136 41 förslag,
965 1848 63 31 och
1064 1848 226 32 återkommer
1325 1850 171 38 utskottet,
1533 1850 66 32 vad
1624 1852 105 39 angår
1753 1850 55 32 det

306 1900 94 29 extra
428 1899 413 41 förstärkningsanslaget,
866 1900 108 32 under
997 1901 155 41 punkten
1177 1902 40 31 97
1243 1902 10 31 i
1278 1902 56 31 det
1357 1902 153 41 följande
1534 1902 50 32 till
1608 1903 197 32 detsamma.

351 1941 30 42 Å
405 1952 206 41 högskolans
635 1952 167 33 ordinarie
827 1956 65 29 stat
915 1954 108 32 finnes
1048 1954 115 33 vidare
1187 1966 47 21 nu
1259 1957 140 40 uppfört
1415 1959 47 29 ett
1478 1956 119 42 anslag
1611 1957 49 32 till
1678 1957 130 33 diverse

307 2005 139 40 utgifter
481 2006 54 32 för
569 2006 144 39 bränsle,
751 2006 207 43 lyshållning
986 2019 44 20 m.
1057 2020 44 20 m.
1128 2010 19 30 å
1172 2010 121 38 25,000
1316 2010 134 39 kronor,
1476 2010 92 33 vilka
1592 2011 110 32 medel
1727 2013 81 39 utgå

307 2059 75 31 från
420 2059 55 32 det
510 2060 167 32 ordinarie
712 2061 377 42 reservationsanslaget
1121 2062 48 32 till
1193 2063 91 32 vissa
1308 2063 240 32 omkostnader
1571 2065 54 31 för
1648 2064 159 42 uppehål-

307 2111 100 33 lande
442 2123 42 21 av
519 2113 207 41 högskolans
761 2114 224 32 verksamhet.
1033 2115 163 32 Förutom
1225 2116 227 32 kostnaderna
1476 2118 54 31 för
1553 2118 255 40 uppvärmning

307 2182 43 3 —
374 2165 198 42 inbegripen
597 2167 188 41 ersättning
808 2167 49 31 till
881 2167 111 33 eldare
1017 2185 40 7 —
1083 2169 63 31 och
1170 2168 184 43 belysning
1371 2169 164 33 bestridas
1552 2171 77 31 från
1646 2170 91 33 detta
1752 2182 55 20 an-

308 2218 72 42 slag
402 2219 128 40 jämväl
555 2220 185 41 utgifterna
763 2222 54 31 för
834 2221 158 32 elektrisk
1008 2222 92 32 kraft
1116 2223 54 32 för
1186 2223 163 32 drivande
1365 2234 43 21 av
1425 2223 90 33 olika
1531 2223 88 42 slags
1636 2225 172 32 maskiner

307 2277 162 27 ävensom
493 2273 185 41 utgifterna
701 2275 54 31 för
778 2277 125 36 vatten,
929 2276 53 31 för
1005 2275 126 32 telefon
1156 2276 64 32 och
1243 2276 219 39 telefonvakt,
1481 2277 168 42 städning,
1667 2278 54 31 för
1736 2280 71 39 går-

307 2325 77 32 dars
413 2325 62 33 och
499 2331 120 37 vägars
644 2327 179 32 underhåll
848 2331 87 28 samt
958 2328 186 41 gårdskarl,
1170 2330 53 31 för
1246 2329 206 33 inventarier
1475 2333 88 29 samt
1586 2331 54 32 för
1663 2331 144 32 kansliet

306 2375 201 46 (tryckning,
533 2383 94 29 extra
650 2380 248 33 skrivbiträden
922 2392 44 21 m.
992 2379 67 43 m.).
1097 2382 117 33 Under
1237 2394 42 21 en
1303 2383 87 41 följd
1414 2395 43 21 av
1481 2386 37 30 år
1541 2384 62 32 har
1626 2384 181 42 riksdagen

306 2433 44 39 på
373 2435 95 29 extra
492 2436 64 29 stat
581 2434 133 32 anvisat
738 2434 107 32 ökade
869 2435 110 32 medel
1003 2436 53 31 för
1080 2436 62 31 här
1165 2437 259 41 ifrågavarande
1441 2437 160 32 ändamål
1617 2441 88 29 samt
1720 2443 85 27 även

305 2485 59 33 vid
399 2487 80 32 flera
514 2487 155 33 tillfällen
703 2487 140 42 beviljat
876 2488 118 43 anslag
1021 2491 44 40 på
1089 2489 201 43 tilläggsstat
1314 2490 49 33 till
1388 2491 235 32 förstärkande
1651 2502 43 22 av
1723 2492 83 32 före-
