1916 2788
296 134 19 28 6
668 135 283 30 Statsutskottets
968 137 177 30 utlåtande
1159 148 43 19 nr
1216 140 41 28 46
1270 139 38 30 år
1324 140 83 29 1966

296 212 181 36 Nelander,
501 214 92 29 vilka
617 216 114 28 ansett
755 217 48 28 att
829 217 186 29 utskottets
1039 219 162 37 yttrande
1225 220 63 28 och
1312 220 209 30 hemställan
1545 222 76 29 bort
1645 223 45 28 ha
1715 223 62 29 föl-

295 265 105 38 jande
416 266 142 39 lydelse:

342 330 14 16 »
362 319 168 30 Världens
548 321 394 40 försörjningsproblem
958 324 95 39 inger
1070 333 70 20 oro.
1158 325 170 30 Ansvaret
1346 327 54 28 för
1417 328 78 29 dess
1513 329 137 39 lösning
1666 329 110 30 måste

299 371 93 30 delas
413 382 41 20 av
475 374 67 29 alla
561 375 170 29 nationer.

341 425 130 30 Genom
487 426 217 31 omfattande
722 429 130 29 studier
869 429 94 30 inom
980 430 56 29 FN
1053 431 63 29 och
1135 432 77 29 dess
1231 432 236 40 specialorgan
1484 435 64 28 och
1567 444 41 20 av
1626 435 150 30 interna-

297 478 133 29 tionellt
448 479 115 30 kända
580 481 292 38 vetenskapsmän
891 483 109 29 under
1019 492 120 21 senare
1157 485 39 29 år
1213 485 64 29 har
1294 486 90 29 ökad
1404 487 134 29 klarhet
1558 488 143 39 skapats
1720 498 56 19 om

297 531 208 38 problemets
526 533 140 34 storlek,
688 534 165 30 karaktär
874 536 65 28 och
960 536 178 30 innebörd.
1161 537 152 31 Sålunda
1335 539 69 29 kan
1426 540 43 29 bl.
1493 550 29 20 a.
1544 541 233 30 tendenserna

297 584 10 28 i
331 584 466 42 befolkningsutvecklingen
823 588 54 29 för
902 589 142 29 världen
1070 590 101 29 totalt
1197 592 64 28 och
1287 592 10 28 i
1323 593 71 28 stor
1421 594 243 39 utsträckning
1690 595 86 30 även

297 637 167 38 regionalt
487 638 174 35 bedömas,
685 640 11 29 i
718 641 96 38 varje
838 642 61 28 fall
924 642 54 29 för
1001 643 206 30 årtiondena
1230 644 91 30 fram
1344 645 53 29 till
1422 646 226 30 sekelskiftet.
1674 649 102 28 Trots

294 689 125 31 brister
443 691 11 29 i
478 692 56 29 det
560 692 194 30 statistiska
780 694 193 30 materialet
998 696 37 28 är
1062 696 86 29 även
1173 697 190 30 tendensen
1389 699 10 28 i
1425 695 351 48 livsmedelsproduk-

294 743 135 30 tionens
457 745 198 39 utveckling
682 747 165 38 tämligen
873 748 87 29 klar.
988 749 197 30 Ekonomer
1212 751 64 29 och
1303 751 301 41 näringsexperter
1631 755 38 28 är
1696 764 80 20 ense

295 805 56 20 om
374 799 48 27 att
445 798 136 39 klyftan
604 800 129 28 mellan
756 800 309 31 livsmedelsbehov
1088 805 65 28 och
1176 803 344 42 livsmedelstillgång
1544 807 158 30 kommer
1727 810 48 27 att

296 850 66 29 öka
378 851 65 28 och
462 853 48 27 att
528 852 175 39 ökningen
722 853 64 29 blir
805 857 88 27 mest
912 855 163 30 markant
1094 856 62 29 där
1174 857 131 29 bristen
1325 858 107 29 redan
1451 859 38 29 är
1510 861 115 28 störst.

340 904 115 29 Under
472 913 120 21 senare
608 905 38 29 år
662 906 64 28 har
743 907 457 40 livsmedelsproduktionen
1216 920 61 30 per
1292 920 127 31 person
1437 912 54 29 för
1508 913 142 30 världen
1668 914 11 28 i
1697 915 78 29 dess

296 956 114 29 helhet
427 958 185 37 stagnerat.
630 958 106 39 Ingen
754 959 209 40 förbättring
979 962 63 29 har
1059 962 137 30 kunnat
1214 963 135 40 uppnås
1368 964 106 30 sedan
1493 966 103 29 slutet
1616 976 42 20 av
1678 967 97 29 1950-

295 1009 92 29 talet.
413 1010 97 29 Inom
536 1013 94 27 stora
657 1011 152 31 folkrika
835 1013 156 38 regioner
1017 1024 42 20 av
1084 1015 143 30 världen
1254 1017 37 29 är
1318 1013 457 49 livsmedelsproduktionen

295 1071 60 30 per
369 1072 127 29 person
512 1064 91 38 lägre
620 1073 48 20 nu
684 1065 45 29 än
746 1065 53 30 för
815 1066 39 29 25
872 1067 39 29 år
927 1067 116 29 sedan.
1062 1068 183 40 Samtidigt
1262 1070 62 29 har
1343 1071 175 31 överskott
1537 1073 157 38 uppstått
1713 1074 62 28 där

295 1115 259 40 försörjningen
575 1118 107 29 redan
703 1119 88 29 varit
811 1119 334 31 tillfredsställande.

338 1168 66 29 För
424 1171 48 27 att
491 1170 99 29 klara
609 1170 460 42 livsmedelsförsörjningen
1090 1174 54 29 för
1166 1176 66 29 den
1253 1176 152 39 ständigt
1426 1177 110 30 ökade
1557 1178 218 40 befolkning-

294 1230 42 20 en
357 1222 64 29 och
442 1222 10 29 i
473 1223 113 38 någon
608 1224 83 29 mån
712 1224 171 30 förbättra
904 1226 358 39 näringsstandarden
1285 1229 11 29 i
1318 1230 41 28 de
1383 1230 123 39 fattiga
1529 1232 168 29 länderna
1720 1233 55 29 be-

294 1274 105 30 höver
416 1276 64 29 den
497 1276 107 29 totala
621 1276 458 41 livsmedelsproduktionen
1097 1280 10 29 i
1124 1281 144 30 världen
1286 1282 202 31 fördubblas
1509 1285 109 29 under
1636 1286 42 29 de
1697 1286 78 29 när-

292 1329 109 27 maste
419 1328 37 29 15
470 1328 82 30 åren
567 1329 93 29 fram
674 1330 52 29 till
743 1330 81 30 1980
839 1331 64 29 och
918 1333 199 29 tredubblas
1133 1334 52 29 till
1199 1334 38 30 år
1252 1335 94 29 2000.

337 1382 64 28 Det
420 1382 97 29 torde
535 1392 84 20 vara
638 1383 221 40 fullständigt
880 1386 164 29 uteslutet
1065 1388 49 28 att
1136 1388 40 28 de
1198 1388 75 30 rika
1294 1388 169 31 länderna
1483 1399 181 22 ensamma
1685 1392 89 30 skall

293 1433 120 30 kunna
433 1434 180 39 tillgodose
636 1436 56 29 det
715 1437 153 29 samlade
890 1438 144 30 behovet
1057 1449 41 20 av
1120 1440 188 31 livsmedel.
1333 1442 52 29 En
1407 1443 280 41 rationalisering
1710 1446 63 28 och

293 1486 255 40 intensifiering
566 1498 41 19 av
623 1489 452 40 jordbruksproduktionen
1095 1493 10 28 i
1124 1494 208 30 u-länderna
1350 1496 38 28 är
1408 1496 137 30 absolut
1565 1494 208 47 nödvändig,

293 1539 70 30 inte
382 1540 84 29 bara
485 1541 54 30 för
557 1543 49 28 att
627 1542 90 29 häva
736 1543 330 31 livsmedelsbristen
1087 1547 85 28 utan
1192 1547 105 30 också
1317 1548 54 29 för
1392 1550 49 28 att
1463 1549 109 40 skapa
1593 1551 181 30 förutsätt-

293 1592 123 39 ningar
432 1593 54 30 för
503 1603 115 20 annan
635 1595 213 39 produktion
866 1597 94 30 inom
979 1599 192 39 respektive
1189 1600 92 29 land.
1300 1600 116 31 Under
1434 1602 131 31 sådana
1583 1604 190 30 förhållan-

294 1645 65 29 den
374 1646 38 29 är
429 1646 56 29 det
502 1656 40 20 av
559 1647 72 29 vikt
648 1649 51 28 att
716 1649 65 29 den
798 1649 298 41 livsmedelshjälp
1114 1661 75 20 som
1207 1660 57 31 ges
1282 1653 101 30 dessa
1400 1655 159 30 u-länder
1579 1664 56 31 ges
1654 1657 11 29 i
1683 1667 90 20 sam-

293 1698 158 30 förstånd
470 1701 76 29 med
565 1701 194 38 respektive
778 1702 99 29 lands
897 1704 156 39 regering
1071 1705 43 39 på
1134 1707 47 27 ett
1201 1706 123 30 sådant
1344 1708 68 29 sätt
1432 1710 48 27 att
1499 1709 67 29 den
1586 1710 71 29 inte
1676 1711 97 29 häm-

292 1761 75 19 mar
386 1754 84 28 utan
489 1753 199 29 stimulerar
707 1755 477 41 produktionsutvecklingen
1204 1759 11 29 i
1234 1760 56 29 det
1310 1768 86 31 egna
1416 1762 127 29 landet.

333 1805 137 29 Bristen
489 1805 44 39 på
552 1806 180 30 livsmedel
753 1808 37 28 är
810 1808 10 29 i
840 1808 126 39 många
986 1810 119 29 länder
1126 1811 107 30 redan
1254 1822 47 19 nu
1322 1815 188 37 pressande
1530 1816 65 29 och
1615 1817 158 29 kommer

289 1859 50 27 att
370 1858 145 39 skärpas
547 1860 78 28 med
657 1860 414 40 befolkningstillväxten.
1104 1865 255 39 Marginalerna
1392 1868 38 28 är
1462 1869 74 29 små
1568 1870 65 28 och
1665 1871 106 30 akuta

288 1910 361 39 hungerssituationer
671 1913 159 30 kommer
851 1915 75 30 icke
949 1918 50 27 att
1022 1917 119 30 kunna
1165 1919 182 30 undvikas.
1371 1920 64 30 Det
1458 1922 37 28 är
1518 1922 121 30 därför
1660 1925 112 28 utom-

288 1964 185 40 ordentligt
496 1966 178 38 angeläget
698 1968 50 28 att
770 1968 213 39 tillgängliga
1007 1970 408 33 livsmedelskvantiteter
1438 1974 65 30 och
1525 1973 248 46 produktions-

288 2026 156 21 resurser
466 2019 11 28 i
500 2019 89 29 ökad
614 2021 243 39 utsträckning
880 2022 216 30 mobiliseras
1119 2024 66 29 och
1208 2026 191 39 nyttiggörs
1424 2036 122 30 genom
1570 2029 201 31 internatio-

288 2071 68 28 nell
376 2072 217 29 samverkan.
613 2072 58 30 Ett
691 2073 182 39 självklart
893 2075 91 39 syfte
1003 2076 53 29 för
1075 2077 67 29 den
1161 2079 247 30 multilaterala
1428 2077 343 50 livsmedelshjälpen

288 2124 109 29 måste
422 2134 82 20 vara
529 2127 50 27 att
603 2126 166 39 avhjälpa
793 2128 108 29 akuta
925 2128 349 40 hungerkatastrofer
1299 2132 44 30 då
1368 2133 130 31 sådana
1523 2137 156 38 uppstår.
1705 2138 66 29 Vid

288 2177 100 29 sidan
404 2177 108 30 härav
527 2178 62 29 bör
604 2180 193 29 emellertid
814 2181 239 31 huvudvikten
1071 2183 115 39 läggas
1204 2185 44 38 på
1264 2185 337 42 biståndsaspekten.
1619 2190 151 30 Livsme-

287 2230 219 40 delshjälpen
525 2232 61 29 bör
604 2235 246 36 permanentas
870 2243 76 21 som
964 2237 47 28 ett
1030 2236 54 29 led
1103 2237 10 28 i
1132 2237 58 29 det
1209 2239 227 31 ekonomiska
1454 2241 138 31 bistånd
1613 2252 75 20 som
1707 2244 63 30 har

287 2283 50 29 till
357 2283 89 39 syfte
463 2286 50 28 att
530 2286 67 28 öka
614 2286 120 29 takten
751 2288 11 28 i
780 2287 66 29 den
864 2288 228 31 ekonomiska
1110 2290 180 31 tillväxten
1307 2293 10 28 i
1335 2294 217 30 u-länderna.
1571 2297 198 30 Metodiken

286 2336 121 30 härför
432 2337 65 30 har
522 2338 137 30 kunnat
686 2340 158 30 studeras
871 2342 112 29 under
1008 2343 57 29 det
1092 2343 131 40 3-åriga
1250 2345 302 42 försöksprogram
1580 2358 74 20 som
1681 2350 88 30 FAO

286 2390 64 29 och
368 2390 57 29 FN
443 2392 78 28 med
540 2391 184 41 framgång
742 2393 148 40 fullföljt
909 2396 110 28 under
1037 2396 82 29 åren
1142 2397 224 32 1963—1965.
1385 2400 64 30 Det
1468 2401 95 30 finns
1582 2403 188 40 anledning

286 2443 110 30 räkna
415 2444 79 30 med
513 2446 49 28 att
580 2446 200 39 ytterligare
798 2448 197 30 värdefulla
1013 2449 238 31 erfarenheter
1270 2452 157 31 kommer
1446 2456 50 27 att
1515 2455 123 30 vinnas
1659 2458 110 29 under
