1892 2810
273 189 38 27 16
608 180 115 39 Tredje
739 179 237 40 lagutskottets
991 178 173 32 utlåtande
1180 189 40 20 nr
1234 181 40 28 17
1290 178 37 30 år
1342 180 81 28 1962

313 261 149 31 Behovet
482 272 42 20 av
546 260 136 39 psykisk
703 259 174 31 hälsovård
898 259 61 30 och
981 258 64 31 vad
1068 268 68 20 som
1157 257 123 31 brukar
1300 257 178 31 betecknas
1499 267 69 19 som
1591 255 162 39 själavård

271 305 50 31 för
342 305 197 31 studerande
561 305 58 30 har
641 304 9 30 i
670 304 64 39 hög
755 304 78 39 grad
855 303 96 30 ökats
972 303 99 30 sedan
1094 301 344 39 studentprästfrågan
1460 300 82 31 först
1564 304 72 35 togs
1657 310 67 28 upp
1747 299 8 30 i

271 350 172 39 riksdagen
466 352 88 28 1949.
573 348 137 31 Antalet
730 347 198 31 studerande
949 346 8 31 i
978 346 366 31 universitetsstäderna
1364 345 59 31 har
1442 355 69 20 som
1532 344 124 31 bekant
1676 347 78 28 växt

270 394 134 38 mycket
430 393 131 31 snabbt.
588 392 129 31 Enbart
742 392 56 30 vid
824 391 208 31 Stockholms
1059 390 194 31 universitet
1278 389 60 31 har
1362 389 264 31 studentantalet
1652 388 103 31 under

273 438 177 31 1950-talet
468 448 69 19 mer
555 440 42 28 än
617 436 218 31 fördubblats.

311 482 68 30 Det
396 486 87 26 stora
500 481 272 35 studentantalet,
789 479 288 39 nödvändigheten
1095 483 50 26 att
1162 478 106 31 skaffa
1285 477 47 40 sig
1347 477 83 39 höga
1446 477 101 38 betyg
1562 477 75 30 med
1654 476 100 31 tanke

271 526 41 38 på
332 526 62 30 den
414 524 155 32 framtida
590 524 245 30 konkurrensen
855 524 42 38 på
916 522 316 31 arbetsmarknaden
1251 521 61 31 och
1332 521 62 31 den
1415 521 133 38 mycket
1567 520 186 38 uppdrivna

270 569 226 31 studietakten
522 568 128 31 medför
674 579 39 19 en
740 567 91 31 stark
857 566 135 39 psykisk
1018 577 89 28 press
1133 566 42 38 på
1202 566 40 30 de
1268 565 199 31 studerande
1493 565 60 30 och
1579 564 176 30 försämrar

270 612 170 40 samtidigt
459 612 250 39 möjligheterna
728 611 49 31 till
797 610 162 40 personlig
978 611 142 30 kontakt
1139 610 75 31 med
1234 610 103 30 lärare
1357 609 60 30 och
1438 609 175 30 kamrater.
1634 608 119 31 Härtill

271 658 147 30 kommer
431 661 53 27 att
498 657 40 30 de
553 656 95 31 flesta
664 656 171 31 studenter
850 655 131 31 arbetar
996 655 103 30 under
1114 654 95 31 svåra
1224 653 212 31 ekonomiska
1451 653 236 30 förhållanden.
1702 652 51 31 De

270 701 207 39 särpräglade
494 701 59 30 och
572 700 123 39 ganska
713 700 102 30 hårda
833 699 194 39 betingelser
1044 698 163 31 varunder
1224 698 214 30 studenterna
1456 698 87 29 lever
1559 696 127 31 medför
1702 700 50 27 att

270 745 49 36 de,
343 744 131 31 särskilt
499 744 7 30 i
530 744 40 30 de
595 744 57 30 två
677 746 102 28 större
803 742 376 36 universitetsstäderna,
1204 742 63 30 lätt
1291 741 64 31 kan
1380 741 44 30 bli
1448 741 156 30 isolerade
1627 740 60 31 och
1711 740 41 31 ha

271 789 89 30 svårt
381 793 51 26 att
451 788 33 31 få
504 787 91 39 hjälp
614 788 75 30 med
709 787 69 31 sina
798 786 181 40 personliga
1000 786 156 39 problem.

311 833 67 30 Det
397 833 104 30 måste
520 842 64 29 nog
602 834 93 37 sägas
712 835 53 27 att
783 831 258 31 statsmakterna
1060 830 9 30 i
1087 830 134 38 mycket
1238 829 91 39 ringa
1348 829 78 39 grad
1445 828 307 39 uppmärksammat

270 877 141 31 behovet
427 888 42 20 av
485 876 118 31 sociala
618 876 246 39 hjälpåtgärder
878 875 51 30 för
943 875 107 30 denna
1066 885 105 29 grupp
1185 874 223 38 medborgare,
1425 884 69 19 som
1510 872 50 31 får
1574 883 94 21 anses
1684 883 68 20 som

269 933 38 19 en
325 932 42 20 av
384 921 129 31 landets
529 920 138 31 främsta
684 919 282 39 naturtillgångar.
984 919 67 31 Det
1068 921 36 28 är
1119 918 206 39 nödvändigt
1341 922 52 26 att
1410 917 54 31 vid
1482 917 194 31 universitet
1692 917 60 30 och

269 966 173 38 högskolor
461 965 102 38 skapa
582 964 206 39 möjligheter
807 963 50 31 för
875 964 40 29 de
935 963 199 31 studerande
1154 962 47 31 till
1221 962 122 31 sådana
1364 961 181 39 mänskliga
1566 961 187 35 kontakter,

269 1020 69 19 som
357 1009 64 30 kan
439 1019 79 20 vara
535 1009 74 29 dem
627 1008 48 30 till
693 1008 57 30 råd
768 1008 59 30 och
847 1008 73 30 stöd
939 1007 8 30 i
965 1007 135 30 kritiska
1119 1006 203 31 situationer.
1340 1006 168 38 Förslaget
1526 1005 7 30 i
1551 1005 86 31 årets
1655 1009 97 27 stats-

269 1051 300 39 verksproposition
592 1062 53 20 om
669 1062 39 19 en
732 1051 136 39 höjning
890 1062 41 19 av
954 1050 156 39 bidragen
1134 1050 48 31 till
1205 1050 62 30 den
1291 1049 221 39 psykiatriska
1535 1049 216 30 hälsovården

268 1100 37 27 är
325 1101 48 26 ett
394 1095 174 40 glädjande
589 1095 115 31 tecken
726 1095 42 38 på
788 1099 52 27 att
860 1095 94 30 dessa
974 1094 146 39 problem
1142 1093 8 31 i
1171 1094 106 39 någon
1298 1093 76 31 mån
1396 1093 59 31 har
1475 1092 109 39 börjat
1604 1092 147 31 beaktas.

269 1141 67 30 Det
359 1140 160 31 erfordras
540 1139 179 31 emellertid
743 1150 38 19 en
804 1139 136 30 fortsatt
962 1138 223 39 uppbyggnad
1207 1149 42 19 av
1272 1148 38 20 en
1334 1136 220 40 organisation
1577 1148 68 19 som
1668 1141 83 26 mot-

268 1195 113 20 svarar
402 1184 231 31 studenternas
656 1183 165 31 skiftande
844 1183 106 30 behov
973 1183 42 38 på
1036 1183 93 30 detta
1151 1182 144 31 område.
1318 1182 68 30 Det
1408 1182 122 30 behövs
1552 1181 74 30 med
1648 1181 101 31 andra

268 1229 57 30 ord
349 1229 178 35 kuratorer,
550 1227 103 39 fysisk
673 1228 61 30 och
756 1227 200 39 psykiatrisk
976 1226 175 31 hälsovård
1172 1226 60 31 och
1255 1226 174 38 själavård.

310 1272 71 31 Vad
406 1273 63 30 den
493 1271 205 31 sistnämnda
722 1271 160 31 beträffar
906 1271 59 30 bör
988 1271 138 30 beaktas
1150 1274 51 27 att
1225 1273 83 28 även
1334 1281 52 19 om
1411 1269 209 38 majoriteten
1644 1280 41 20 av
1711 1269 39 30 de

269 1317 198 30 studerande
474 1309 16 50 i
512 1316 60 31 och
591 1315 49 31 för
658 1315 47 40 sig
723 1315 70 31 icke
811 1315 101 31 skulle
930 1315 42 30 ha
991 1315 105 39 någon
1115 1314 126 39 religiös
1260 1313 187 40 inriktning,
1466 1314 55 30 det
1539 1313 128 31 ändock
1685 1313 64 30 kan

268 1360 153 39 föreligga
447 1360 106 31 behov
578 1360 61 30 och
664 1359 134 31 intresse
823 1370 42 20 av
891 1359 141 30 kontakt
1056 1358 75 31 med
1156 1361 127 35 präster
1306 1358 74 30 med
1407 1357 146 39 speciella
1578 1357 172 30 förutsätt-

268 1404 114 39 ningar
403 1409 52 26 att
476 1404 102 30 förstå
600 1404 231 30 studenternas
852 1403 156 38 problem.
1029 1402 264 38 Tjänstgörande
1315 1402 269 37 studentprästen
1605 1401 9 30 i
1636 1401 114 31 Stock-

269 1449 86 29 holm
375 1448 59 30 har
451 1450 84 28 även
554 1447 182 30 omvittnat
753 1451 53 26 att
824 1447 56 30 det
898 1447 59 30 här
975 1446 102 30 skulle
1096 1446 107 30 finnas
1221 1448 143 35 övernog
1381 1456 41 19 av
1442 1445 166 38 uppgifter
1624 1445 51 30 för
1692 1445 58 30 tva

268 1491 283 31 heltidsanställda
574 1491 274 38 studentpräster.

307 1570 210 31 Stockholms
533 1570 204 39 domkapitel
755 1569 234 39 understryker
1006 1571 83 29 även
1108 1568 108 31 starkt
1234 1568 142 31 behovet
1395 1579 41 20 av
1454 1579 39 19 en
1512 1567 240 39 heltidstjänst-

268 1625 141 38 görande
436 1624 230 38 studentpräst
693 1623 8 30 i
728 1623 233 31 huvudstaden
989 1622 60 31 och
1077 1622 148 39 tillägger
1250 1626 52 27 att
1329 1621 264 31 erfarenheterna
1620 1632 41 20 av
1689 1621 62 30 den

268 1678 192 30 nuvarande
489 1676 224 39 anordningen
743 1676 75 31 med
848 1687 40 19 en
919 1675 372 39 deltidstjänstgörande
1321 1675 230 38 studentpräst
1581 1674 172 39 bestyrker

268 1731 93 30 detta
378 1730 118 30 behov.
514 1729 51 31 Av
583 1729 63 31 den
664 1728 176 40 utredning
857 1740 69 19 som
944 1728 182 40 förebragts
1144 1728 9 31 i
1174 1731 78 27 1957
1270 1728 51 31 års
1339 1728 213 38 kyrkomötes
1570 1728 102 30 andra
1690 1727 61 31 till-

268 1783 108 39 fälliga
399 1783 147 30 utskotts
566 1782 211 31 betänkande
798 1793 38 19 nr
859 1785 36 27 18
917 1781 106 31 finner
1044 1781 219 38 domkapitlet
1285 1781 126 38 framgå
1432 1785 52 26 att
1506 1780 157 31 särskilda
1685 1785 66 26 stu-

267 1837 210 37 dentpräster
492 1838 37 28 är
546 1834 207 40 erforderliga
769 1834 124 39 jämväl
912 1834 9 31 i
937 1834 156 39 Uppsala,
1111 1834 95 31 Lund
1224 1834 60 30 och
1303 1834 177 38 Göteborg.

309 1889 147 38 Sveriges
474 1888 156 38 förenade
649 1887 242 35 studentkårer,
911 1887 160 39 slutligen,
1091 1887 103 31 anför.

308 1950 332 38 Studentprästernas
662 1949 209 31 verksamhet
893 1949 64 30 kan
978 1960 42 20 av
1041 1948 73 31 SFS
1134 1948 157 31 bedömas
1313 1959 37 20 ur
1371 1948 58 31 två
1451 1948 199 38 synvinklar.
1672 1948 79 30 Dels

269 1994 184 39 tillgodoses
470 1993 189 39 därigenom
677 1993 57 30 det
751 1992 145 40 religiösa
914 1992 143 31 behovet
1074 1992 50 30 för
1140 1996 50 26 ett
1207 1996 83 26 stort
1308 1992 91 30 antal
1418 1992 179 36 studenter,
1615 1992 67 30 dels
1701 1996 49 26 ut-

267 2040 57 37 gör
353 2038 324 38 studentprästernas
707 2037 209 31 verksamhet
945 2041 50 26 ett
1023 2036 177 31 värdefullt
1229 2036 114 39 bidrag
1372 2036 48 31 till
1450 2036 154 31 kårernas
1633 2035 116 31 sociala

266 2082 122 31 arbete.

309 2126 214 31 Beträffande
542 2126 57 30 det
617 2125 205 31 sistnämnda
841 2125 63 31 kan
923 2124 140 37 anföras,
1083 2129 51 27 att
1153 2125 57 30 det
1227 2124 147 40 ständigt
1392 2124 129 31 ökande
1539 2124 127 31 antalet
1684 2129 66 26 stu-

267 2171 116 30 denter
408 2170 55 31 vid
490 2169 192 32 universitet
709 2170 60 30 och
795 2169 182 39 högskolor,
1004 2169 62 31 den
1093 2169 129 31 alltmer
1246 2168 166 32 forcerade
1438 2168 226 32 studietakten
1690 2169 59 30 och

268 2215 123 30 kraven
410 2215 41 38 på
472 2214 247 30 studieresultat
738 2213 50 31 för
806 2213 187 31 erhållande
1011 2224 42 20 av
1072 2213 54 31 lån
1144 2213 61 31 och
1225 2212 178 39 stipendier
1421 2215 120 28 utövar
1559 2224 40 19 en
1618 2213 131 38 mycket

268 2263 68 26 stor
354 2269 88 28 press
461 2258 42 38 på
522 2258 117 39 många
659 2258 180 30 studenter.
858 2258 60 30 Ett
936 2257 80 31 ökat
1034 2257 107 30 behov
1159 2268 42 19 av
1220 2256 304 39 studierådgivning
1541 2257 60 30 och
1621 2257 128 38 psykia-

268 2302 81 31 trisk
375 2302 210 30 verksamhet
612 2302 98 30 bland
738 2302 171 30 studenter
933 2301 59 31 har
1018 2301 233 30 konstaterats.
1278 2300 117 31 Denna
1423 2301 209 30 verksamhet
1657 2301 59 30 bör
1742 2300 7 30 i

267 2346 102 30 första
391 2346 87 30 hand
502 2345 89 31 ledas
612 2356 42 20 av
676 2356 39 19 en
738 2344 315 39 studentpsykiater,
1076 2345 61 30 och
1160 2344 72 31 SFS
1254 2344 59 31 har
1335 2344 136 39 tidigare
1494 2344 178 31 framhållit
1694 2345 55 30 det

267 2391 179 37 angelägna
464 2390 8 30 i
489 2394 51 26 att
556 2390 153 38 åtgärder
726 2389 148 38 vidtages
891 2388 50 31 för
956 2393 52 26 att
1023 2388 108 39 bygga
1148 2393 37 25 ut
1201 2388 63 30 den
1282 2388 357 38 studentpsykiatriska
1656 2388 92 30 verk-

268 2434 179 30 samheten.
