1889 2810
457 165 117 40 Tredje
593 166 238 40 lagutskottets
849 167 174 31 utlåtande
1042 179 40 19 nr
1101 171 40 29 17
1162 168 36 31 år
1217 171 81 29 1962
1578 176 40 28 29

788 423 175 32 Utskottet

175 519 175 32 Utskottet
373 520 60 31 har
457 519 28 39 ej
512 520 111 31 funnit
646 520 176 40 anledning
845 521 48 31 till
916 521 128 31 erinran
1069 526 72 26 mot
1165 523 40 29 de
1228 522 10 30 i
1262 522 215 32 förevarande
1501 523 53 31 del
1577 534 42 20 av

131 572 248 39 propositionen
396 572 184 40 framlagda
598 572 172 40 förslagen.

173 677 17 30 I
214 676 59 32 sitt
297 677 140 40 tidigare
462 678 40 38 (s.
526 681 18 27 6
569 679 100 39 ovan)
695 679 201 37 redovisade,
920 691 42 19 av
986 679 173 40 riksdagen
1185 681 175 38 godkända
1384 681 173 31 utlåtande
1582 692 38 20 nr

134 730 141 36 11/1961
302 730 11 31 i
338 730 177 40 anledning
539 742 42 20 av
605 731 84 31 bl.a.
717 732 122 31 väckta
864 732 162 31 motioner
1051 733 74 31 med
1151 734 147 37 yrkande
1324 744 54 21 om
1403 733 116 41 bidrag
1543 734 77 31 med

133 785 38 27 18
185 785 60 28 500
272 782 48 31 kr.
348 793 39 20 ur
413 783 228 38 kyrkofonden
668 784 49 31 till
745 784 154 40 avlöning
926 796 42 20 av
996 785 221 40 Evangeliska
1242 786 378 32 fosterlandsstiftelsens

132 833 355 40 sjömanspräst
515 835 9 31 i
542 835 174 41 Hamburg
733 847 118 29 genom
867 837 195 40 förmedling
1079 849 42 20 av
1140 839 139 30 svenska
1298 839 145 38 kyrkans
1461 839 158 39 sjömans-

132 887 249 39 vårdsstyrelse,
403 888 82 31 fann
505 889 167 31 utskottet
694 889 65 32 den
781 890 122 31 väckta
924 890 115 40 frågan
1062 891 135 39 mycket
1218 892 178 40 angelägen
1419 892 60 31 och
1503 892 117 41 ifråga-

133 943 87 28 satte
238 940 165 32 huruvida
422 941 29 39 ej
473 952 39 20 en
532 941 127 41 lösning
677 942 10 31 i
707 943 109 39 någon
834 943 84 31 form
938 955 78 20 vore
1035 944 122 40 möjlig.
1176 944 176 32 Utskottet
1371 945 157 32 anvisade
1546 945 73 32 här-

133 993 57 31 vid
218 993 85 31 bl.a.
330 994 64 31 den
421 997 144 37 utvägen
592 999 52 27 att
671 995 406 40 sjömansvårdsstyrelsen
1104 998 163 30 anställde
1293 998 64 32 den
1383 998 51 31 för
1461 998 158 38 sjömans-

133 1045 126 31 vården
280 1045 9 31 i
310 1046 176 40 Hamburg
505 1047 206 40 erforderlige
732 1048 189 40 prästerlige
942 1048 351 41 befattningshavaren
1314 1050 61 31 och
1396 1053 85 29 även
1502 1062 117 20 ansva-

132 1098 79 31 rade
227 1097 51 32 för
294 1098 262 32 vederbörandes
571 1100 65 36 lön,
652 1100 105 31 under
774 1101 57 31 det
847 1105 52 27 att
916 1101 252 32 verksamheten
1186 1102 8 31 i
1212 1103 108 39 övrigt
1336 1103 283 32 omhänderhades

133 1161 43 20 av
194 1150 172 32 stiftelsen.
382 1151 177 32 Huruvida
576 1153 158 38 styrelsen
752 1153 44 38 på
813 1154 104 38 grund
935 1165 41 20 av
995 1158 49 27 ett
1062 1155 119 31 sådant
1199 1155 164 40 åtagande
1379 1156 101 31 borde
1498 1156 119 32 erhålla

133 1203 192 40 ytterligare
351 1204 116 40 bidrag
491 1216 39 20 ur
555 1205 229 39 kyrkofonden
810 1206 86 40 finge
923 1207 150 39 givetvis,
1099 1207 136 32 anförde
1261 1209 176 37 utskottet,
1463 1212 120 36 prövas
1610 1209 10 32 i

133 1256 112 40 vanlig
262 1257 140 40 ordning
416 1276 43 5 —
476 1262 110 27 senast
603 1258 10 31 i
630 1258 161 31 samband
809 1260 75 30 med
901 1260 203 39 prövningen
1121 1272 42 20 av
1180 1261 239 40 anslagsfrågor
1436 1262 85 31 inför
1538 1263 79 31 bud-

133 1309 129 39 getåret
282 1311 152 35 1962/63.
451 1310 176 32 Utskottet
644 1311 180 32 förutsatte
841 1316 53 27 att
911 1312 55 31 vid
985 1313 109 31 denna
1111 1313 163 40 prövning
1290 1315 104 30 skulle
1411 1315 138 31 beaktas
1568 1319 52 28 att

133 1366 51 27 ett
204 1362 120 32 sådant
344 1362 115 40 bidrag
478 1363 110 31 kunde
607 1366 119 37 utgöra
744 1368 51 27 ett
815 1364 116 32 villkor
948 1365 51 31 för
1018 1366 182 39 åtagandet
1218 1366 62 32 och
1300 1371 62 33 att,
1380 1378 55 21 om
1455 1368 115 40 bidrag
1589 1368 28 39 ej

134 1414 146 39 erhölles,
297 1416 253 31 verksamheten
565 1416 11 32 i
592 1416 92 40 fråga
700 1417 111 31 kunde
828 1418 133 31 komma
977 1422 52 27 att
1045 1418 69 32 helt
1129 1419 152 39 upphöra
1295 1421 76 30 eller
1386 1420 10 31 i
1411 1421 209 31 ekonomiskt

133 1467 188 32 hänseende
337 1468 69 31 helt
423 1469 197 39 överflyttas
636 1470 42 38 på
696 1470 416 39 sjömansvårdsstyrelsen.

175 1520 18 31 I
211 1520 246 39 propositionen
475 1521 167 32 redovisas
659 1522 71 31 icke
750 1523 100 39 några
869 1524 252 39 överväganden
1141 1524 9 31 i
1169 1525 108 31 denna
1296 1525 92 40 fråga
1405 1526 61 31 och
1486 1526 134 32 föreslås

133 1571 97 41 ingen
251 1573 164 40 utökning
433 1585 43 20 av
496 1574 329 40 avlöningsbidragen
847 1576 48 31 till
918 1576 416 40 sjömansvårdsstyrelsen,
1356 1589 70 20 som
1447 1579 96 32 alltså
1565 1590 54 21 en-

133 1625 60 40 ligt
214 1626 247 39 propositionen
481 1626 123 39 jämväl
626 1627 50 31 för
697 1628 196 39 budgetåret
917 1630 140 35 1962/63
1080 1630 81 31 skall
1183 1633 62 37 äga
1265 1635 52 26 att
1338 1642 43 20 av
1403 1632 216 38 kyrkofonds-

134 1679 106 30 medel
256 1679 151 39 uppbära
423 1679 96 40 högst
535 1680 72 31 elva
623 1681 102 39 årliga
740 1681 287 40 avlöningsbidrag
1042 1693 55 21 om
1115 1686 36 28 18
1165 1686 60 29 500
1241 1684 58 37 kr.,
1315 1684 104 31 under
1435 1684 118 33 villkor
1567 1689 53 28 att

134 1732 159 38 styrelsen
314 1732 151 31 bedriver
484 1732 125 40 religiös
629 1733 61 32 och
712 1734 98 31 social
830 1735 210 31 verksamhet
1059 1746 117 29 genom
1196 1736 9 31 i
1225 1737 153 31 utlandet
1398 1738 221 31 stationerade

133 1787 129 36 präster
285 1784 50 32 till
361 1785 101 31 minst
487 1786 56 30 det
568 1787 91 30 antal
684 1797 71 21 som
780 1798 113 20 svarar
918 1791 69 27 mot
1014 1788 167 40 bidragen.
1206 1789 414 41 Sjömansvårdsstyrelsen

132 1837 86 32 hade
231 1839 181 31 emellertid
427 1839 11 31 i
451 1839 47 31 sin
513 1839 262 39 petitaskrivelse
789 1841 63 31 den
867 1844 36 28 31
920 1841 130 40 augusti
1067 1845 77 28 1961
1161 1842 28 39 ej
1207 1843 114 39 begärt
1336 1843 107 40 någon
1458 1844 162 40 utökning

133 1902 44 20 av
195 1893 129 30 antalet
340 1892 297 40 avlöningsbidrag.

175 1944 17 31 I
211 1944 206 31 motionerna
435 1945 30 30 I:
475 1948 61 32 545
554 1945 61 31 och
633 1946 120 31 II:659
772 1946 60 31 har
850 1957 54 26 nu,
922 1947 75 31 med
1016 1947 200 40 upplysning
1233 1952 53 27 att
1304 1948 315 41 sjömansvårdssty-

132 1997 105 30 relsen
252 1997 61 31 och
328 1997 360 32 fosterlandsstiftelsen
704 1999 64 30 den
785 2002 37 27 13
837 1998 143 32 februari
997 2002 78 28 1962
1092 2000 118 31 träffat
1223 2000 67 32 viss
1303 2002 317 31 överenskommelse

133 2049 10 31 i
166 2050 110 36 saken,
300 2050 116 38 yrkats
439 2054 53 27 att
514 2050 172 39 riksdagen
710 2051 107 31 måtte
839 2051 115 32 anvisa
976 2052 191 40 ytterligare
1189 2057 50 27 ett
1260 2054 288 40 avlöningsbidrag
1570 2055 51 31 till

134 2102 170 39 styrelsen.
323 2102 131 40 Utdrag
472 2114 42 20 av
533 2103 164 39 protokoll
715 2103 67 32 fört
801 2104 56 31 vid
876 2105 176 38 styrelsens
1071 2106 247 32 sammanträde
1335 2107 10 31 i
1364 2108 137 30 ärendet
1519 2108 102 40 sagda

134 2155 65 40 dag
215 2155 60 32 har
290 2155 135 41 ingivits
441 2155 50 32 till
507 2156 166 32 utskottet
691 2157 182 38 (redovisat
890 2158 57 31 sid.
965 2161 81 28 7—8
1062 2159 114 40 ovan).
1193 2159 51 32 Av
1263 2160 199 39 protokollet
1477 2160 144 41 framgår

134 2212 52 27 att
203 2209 317 31 överenskommelse
536 2210 119 31 mellan
672 2210 41 31 de
730 2210 139 31 berörda
885 2215 155 34 parterna
1056 2212 135 31 träffats
1207 2212 10 31 i
1233 2213 143 40 enlighet
1392 2214 75 31 med
1484 2214 41 31 de
1540 2214 80 32 rikt-

133 2261 97 39 linjer
250 2262 168 31 utskottet
439 2262 100 39 enligt
561 2263 65 30 vad
649 2274 77 27 nyss
747 2263 143 39 angivits
912 2263 147 32 förordat
1080 2264 11 31 i
1112 2265 190 32 utlåtandet
1324 2277 38 20 nr
1385 2267 152 35 11/1961.
1559 2267 61 31 Ett

133 2314 119 31 villkor
273 2314 51 31 för
345 2314 176 39 styrelsens
543 2315 187 39 åtaganden
752 2315 10 31 i
783 2316 101 31 saken
906 2316 132 40 angives
1062 2328 80 20 vara
1162 2322 53 27 att
1236 2318 190 40 lönebidrag
1448 2319 51 31 för
1519 2320 101 31 ända-

132 2367 103 31 målet
255 2367 98 39 utgår
372 2378 39 20 ur
431 2367 238 39 kyrkofonden.

173 2419 54 31 Av
255 2419 65 31 den
349 2419 177 40 utredning
553 2420 170 39 angående
751 2420 178 32 stiftelsens
958 2422 210 32 verksamhet
1197 2433 117 29 genom
1343 2424 238 39 sjömanspräst
1611 2425 10 31 i

132 2471 177 40 Hamburg
331 2482 71 21 som
424 2471 183 40 förebragts
629 2472 118 32 främst
769 2472 10 31 i
802 2473 57 31 det
881 2485 43 19 av
947 2475 166 31 utskottet
1135 2475 38 31 år
1197 2479 80 28 1960
1300 2476 75 39 (utl.
1399 2488 39 20 nr
1462 2478 155 39 19/1960)
