1888 2808
290 152 20 29 2
707 151 288 36 Statsutskottets
1018 153 184 35 utlåtande
1225 166 41 23 nr
1287 159 74 38 104.

336 230 31 32 6.
391 229 51 34 till
464 230 174 34 Tekniska
661 231 164 34 läroverk:
850 232 170 41 Materiel,
1042 234 125 34 böcker
1188 247 45 22 m.
1256 248 46 21 m.
1325 235 52 34 för
1398 236 203 43 budgetåret
1625 239 157 43 1943/44

290 281 120 34 anvisa
425 287 50 29 ett
491 283 344 44 reservationsanslag
851 298 44 21 av
912 289 120 37 96,000
1047 286 137 41 kronor;

336 336 32 32 7.
391 335 51 33 till
469 336 176 34 Tekniska
671 337 164 35 läroverk:
866 338 191 43 Stipendier
1084 339 54 35 för
1166 341 203 42 budgetåret
1399 342 154 43 1943/44
1583 344 118 33 anvisa
1730 349 51 29 ett

290 388 117 42 anslag
426 401 44 21 av
491 392 122 37 10,000
633 390 135 40 kronor;

334 441 32 33 8.
390 441 50 34 till
474 442 133 34 Kurser
642 442 52 35 för
729 444 195 43 utbildning
958 458 44 21 av
1038 446 417 44 arbetsstudieingenjörer
1490 449 52 34 för
1577 450 203 42 budgetåret

291 494 156 43 1943/44
466 495 120 34 anvisa
604 501 52 29 ett
673 496 116 43 anslag
806 510 44 21 av
871 501 120 37 10,000
1008 498 136 36 kronor.

333 583 19 33 I
374 584 166 34 samband
562 585 141 35 härmed
725 586 61 34 har
809 587 173 35 utskottet
1004 588 50 35 till
1077 588 208 44 behandling
1306 589 148 35 förehaft
1476 592 61 33 två
1560 592 219 42 likalydande

289 637 180 42 motioner,
493 638 138 41 väckta,
655 639 65 33 den
743 652 64 21 ena
831 640 93 34 inom
946 640 107 35 första
1076 641 200 35 kammaren
1300 655 44 21 av
1367 643 76 34 herr
1463 643 49 35 K.
1535 644 43 35 A.
1602 644 177 34 Johanson

288 701 46 22 m.
356 688 39 43 fl.
421 690 43 43 (I:
479 691 80 43 230)
586 691 65 34 och
674 692 65 34 den
762 693 109 34 andra
893 693 92 35 inom
1008 694 106 34 andra
1136 695 201 34 kammaren
1359 708 44 21 av
1426 696 76 34 herr
1524 698 42 33 E.
1589 696 189 35 Lindmark

288 754 46 22 m.
356 742 37 41 fl.
419 743 63 43 (II:
498 744 95 42 327),
616 745 73 33 vari
711 745 203 41 hemställts,
937 751 52 29 att
1011 747 180 43 riksdagen
1212 748 77 34 ville
1311 748 134 34 besluta
1468 754 53 29 att
1544 750 59 35 det
1624 749 53 35 för
1699 753 79 30 övre

286 795 173 35 Norrland
477 798 151 33 avsedda
643 798 158 34 tekniska
817 799 193 43 gymnasiet
1025 801 110 33 måtte
1151 801 166 43 förläggas
1334 802 51 34 till
1402 802 193 35 Skellefteå.

445 918 36 41 I.
536 919 289 42 Inrättande
856 932 63 29 av
948 922 70 40 ett
1046 923 228 41 tekniskt
1301 925 315 50 gymnasium

805 992 18 40 i
853 992 117 41 övre
999 993 256 42 Norrland.

400 1080 176 32 Behovet
600 1090 49 23 av
671 1082 234 41 ytterligare
929 1084 56 31 ett
1008 1084 180 33 tekniskt
1211 1085 183 33 läroverk
1417 1086 14 31 i
1454 1086 206 33 Norrland.

329 1149 99 34 Flera
449 1151 303 43 omständigheter,
774 1151 122 35 främst
919 1153 59 35 det
1000 1154 222 34 norrländska
1245 1155 237 43 näringslivets
1504 1157 186 42 expansion
1712 1158 63 33 och

285 1207 52 29 ett
362 1204 159 33 växande
545 1204 114 34 behov
683 1217 44 21 av
750 1205 174 42 praktiskt
949 1206 168 34 inriktade
1143 1208 111 33 skolor
1277 1208 53 34 för
1354 1209 66 33 den
1445 1210 221 34 norrländska
1692 1223 83 30 ung-

284 1256 137 40 domen,
443 1257 45 33 ha
510 1257 46 42 på
579 1269 118 22 senare
719 1258 51 33 tid
794 1259 112 33 starkt
929 1259 222 35 aktualiserat
1174 1260 119 43 frågan
1316 1273 56 22 om
1395 1262 223 43 utbyggande
1642 1275 44 22 av
1710 1264 65 33 den

282 1309 156 34 tekniska
452 1310 451 43 gymnasieorganisationen
918 1312 10 33 i
942 1312 184 35 Norrland.
1153 1314 55 33 De
1224 1314 89 34 olika
1329 1315 225 42 synpunkter,
1570 1328 73 22 som
1657 1317 118 33 kunna

283 1362 159 43 anläggas
456 1364 44 42 på
515 1364 99 33 detta
629 1365 176 41 spörsmål,
819 1365 46 33 ha
879 1364 176 44 framlagts
1069 1366 12 33 i
1095 1379 43 21 en
1152 1379 45 21 av
1211 1372 52 30 ett
1275 1366 115 43 flertal
1403 1368 247 42 riksdagsmän,
1664 1379 109 33 repre-

282 1417 200 33 senterande
503 1416 42 34 de
565 1416 78 43 fyra
663 1415 207 45 nordligaste
890 1418 109 40 länen,
1020 1419 52 34 till
1116 1422 68 38 1940
1204 1421 54 33 års
1277 1420 214 43 sakkunniga
1511 1422 54 42 för
1584 1423 68 33 den
1671 1422 103 42 högre

283 1468 158 35 tekniska
457 1469 286 44 undervisningen
760 1471 137 43 ingiven
914 1472 97 34 skrift
1027 1473 80 33 med
1123 1472 127 44 förslag
1266 1474 51 33 till
1333 1475 158 42 åtgärder
1507 1475 53 34 för
1576 1475 115 35 bättre
1707 1477 66 33 till-

281 1523 211 42 godoseende
513 1536 45 21 av
579 1524 66 34 den
666 1525 222 34 norrländska
908 1526 210 42 ungdomens
1139 1526 111 34 behov
1271 1540 44 21 av
1336 1528 135 34 teknisk
1492 1529 205 42 utbildning.
1719 1530 54 33 De

282 1576 213 43 sakkunniga
518 1577 242 34 överlämnade
783 1578 80 34 med
887 1583 74 38 eget
984 1580 165 42 yttrande
1173 1580 66 34 den
1265 1584 38 30 11
1330 1581 192 42 september
1548 1585 85 30 1941
1661 1583 111 33 denna

281 1629 100 34 skrift
401 1629 52 35 till
473 1630 131 43 Kungl.
625 1630 120 43 Maj:t.
777 1631 20 33 I
818 1632 140 33 ärendet
978 1644 130 31 avgavs
1128 1632 148 35 därefter
1294 1634 165 42 yttrande
1479 1646 45 22 av
1543 1634 228 35 skolöversty-

279 1681 119 41 relsen,
418 1695 73 22 som
511 1683 181 35 förordade
711 1684 157 42 åtgärder
888 1684 52 35 för
960 1685 196 34 inrättande
1177 1698 44 22 av
1240 1691 52 30 ett
1311 1692 83 37 nytt
1413 1687 154 36 tekniskt
1587 1689 154 33 läroverk
1760 1689 12 33 i

279 1739 81 30 övre
379 1736 184 35 Norrland.
593 1736 89 35 Med
700 1737 183 44 anledning
903 1750 44 22 av
965 1739 68 33 vad
1054 1739 144 34 sålunda
1216 1738 219 37 förekommit
1454 1740 210 35 infordrades
1683 1742 88 34 utlå-

279 1789 130 34 tanden
429 1789 76 34 från
527 1790 170 42 åtskilliga
718 1790 238 43 myndigheter
977 1791 63 34 och
1061 1792 357 43 sammanslutningar.
1452 1793 166 44 Samtliga
1640 1795 130 33 remiss-

278 1841 167 35 instanser
462 1843 198 34 vitsordade
678 1843 149 35 behovet
846 1856 45 22 av
910 1849 53 30 att
980 1848 105 31 större
1103 1845 215 43 möjligheter
1336 1846 52 34 till
1406 1847 194 43 utbildning
1618 1848 59 34 vid
1696 1848 73 34 tek-

277 1895 93 34 niskt
390 1896 155 33 läroverk
564 1896 142 34 beredas
726 1897 66 33 den
811 1897 222 34 norrländska
1051 1898 206 43 ungdomen.
1276 1899 162 34 Därefter
1456 1900 73 41 har,
1548 1902 45 41 på
1613 1901 157 43 uppdrag

279 1961 44 22 av
338 1948 120 34 chefen
475 1949 54 34 för
543 1949 504 44 ecklesiastikdepartementet,
1065 1956 26 29 t.
1107 1954 26 37 f.
1152 1952 210 34 kanslirådet
1380 1953 145 34 Gunnar
1546 1955 105 38 Wejle
1669 1955 98 34 verk-

279 2002 94 33 ställt
396 2001 67 34 viss
486 2002 200 43 ytterligare
708 2003 183 44 utredning
913 2004 12 34 i
947 2004 150 41 ärendet,
1121 2005 113 34 vilken
1257 2009 153 31 närmast
1433 2012 113 29 avsett
1569 2007 120 43 frågan
1712 2020 56 21 om

277 2054 214 43 lämpligaste
512 2055 286 44 förläggningsort
819 2056 54 35 för
894 2061 52 31 ett
967 2058 188 34 eventuellt
1176 2063 81 39 nytt
1278 2059 153 35 tekniskt
1452 2059 155 35 läroverk
1629 2061 12 33 i
1663 2061 105 34 Norr-

276 2108 93 34 land.
631 2107 8 10 ”

321 2162 19 33 I
356 2161 238 35 förutberörda
609 2162 252 44 framställning
879 2176 44 21 av
939 2168 272 38 representanter
1225 2165 11 34 i
1253 2165 178 43 riksdagen
1447 2166 52 34 för
1516 2167 42 34 de
1574 2166 76 44 fyra
1668 2167 99 33 nord-

275 2214 120 42 ligaste
412 2214 99 35 länen
528 2215 186 41 framhölls,
732 2221 55 29 att
805 2216 65 34 den
888 2217 221 34 norrländska
1126 2218 210 42 ungdomens
1353 2219 215 42 möjligheter
1586 2224 53 29 att
1657 2219 109 34 skaffa

275 2267 50 42 sig
342 2268 162 34 teoretisk
521 2269 65 33 och
602 2269 156 42 praktisk
776 2269 194 43 utbildning
988 2282 44 21 av
1050 2270 89 34 olika
1157 2271 71 34 skäl
1246 2275 57 30 äro
1321 2272 112 34 starkt
1451 2272 208 43 begränsade
1677 2277 89 29 samt

275 2325 54 29 att
350 2321 53 33 till
424 2321 86 43 följd
531 2321 109 34 härav
662 2322 207 42 svårigheter
890 2324 159 41 uppstått
1072 2329 55 29 att
1148 2324 11 33 i
1181 2324 180 44 tillräcklig
1383 2325 237 43 utsträckning
1642 2325 124 34 erhålla

273 2373 148 43 kunnigt
442 2374 71 34 folk
535 2374 54 35 för
612 2375 59 34 det
692 2375 224 35 norrländska
937 2376 230 43 näringslivet.
1190 2377 124 34 Vidare
1337 2377 157 35 anfördes
1516 2378 106 35 bland
1645 2382 118 30 annat:

317 2436 69 34 För
404 2437 66 33 den
490 2437 231 34 norrländska
739 2438 200 42 ungdomen
959 2442 37 30 är
1014 2438 125 43 frågan
1159 2451 58 22 om
1238 2440 75 34 dess
1333 2440 200 43 utbildning
1552 2445 54 30 ett
1625 2439 139 35 särskilt

272 2480 149 34 aktuellt
444 2482 169 42 problem.
637 2482 135 42 Många
796 2494 46 22 av
866 2482 99 34 dessa
988 2484 196 42 ungdomar
1206 2484 110 34 sakna
1339 2485 174 42 nämligen
1537 2484 227 35 ekonomiska

270 2524 295 44 förutsättningar
580 2525 54 34 för
650 2531 54 29 att
720 2526 111 34 under
846 2527 116 42 längre
976 2527 53 34 tid
1045 2527 141 43 deltaga
1200 2528 12 34 i
1228 2528 66 34 den
1310 2528 260 44 undervisning,
1586 2541 76 22 som
1677 2529 84 33 läm-
