<?xml version="1.0" encoding="UTF-8"?>
<alto xmlns="http://www.loc.gov/standards/alto/ns-v3#" xmlns:xlink="http://www.w3.org/1999/xlink" xmlns:xsi="http://www.w3.org/2001/XMLSchema-instance" xsi:schemaLocation="http://www.loc.gov/standards/alto/ns-v3# http://www.loc.gov/alto/v3/alto-3-0.xsd">
	<Description>
		<MeasurementUnit>pixel</MeasurementUnit>
		<sourceImageInformation>
			<fileName>/tmp/tess_w_twwxsg_input.PNG</fileName>
		</sourceImageInformation>
		<OCRProcessing ID="OCR_0">
			<ocrProcessingStep>
				<processingSoftware>
					<softwareName>tesseract 5.3.0</softwareName>
				</processingSoftware>
			</ocrProcessingStep>
		</OCRProcessing>
	</Description>
	<Layout>
		<Page WIDTH="1890" HEIGHT="2806" PHYSICAL_IMG_NR="0" ID="page_0">
			<PrintSpace HPOS="0" VPOS="0" WIDTH="1890" HEIGHT="2806">
				<ComposedBlock ID="cblock_0" HPOS="283" VPOS="167" WIDTH="1068" HEIGHT="44">
					<TextBlock ID="block_0" HPOS="283" VPOS="167" WIDTH="1068" HEIGHT="44">
						<TextLine ID="line_0" HPOS="283" VPOS="167" WIDTH="1068" HEIGHT="44">
							<String ID="string_0" HPOS="283" VPOS="170" WIDTH="41" HEIGHT="29" WC="0.95" CONTENT="10"/><SP WIDTH="372" VPOS="170" HPOS="324"/>
							<String ID="string_1" HPOS="696" VPOS="167" WIDTH="290" HEIGHT="35" WC="0.92" CONTENT="Statsutskottets"/><SP WIDTH="23" VPOS="167" HPOS="986"/>
							<String ID="string_2" HPOS="1009" VPOS="167" WIDTH="181" HEIGHT="36" WC="0.96" CONTENT="utlåtande"/><SP WIDTH="24" VPOS="167" HPOS="1190"/>
							<String ID="string_3" HPOS="1214" VPOS="180" WIDTH="42" HEIGHT="23" WC="0.95" CONTENT="nr"/><SP WIDTH="22" VPOS="180" HPOS="1256"/>
							<String ID="string_4" HPOS="1278" VPOS="173" WIDTH="73" HEIGHT="38" WC="0.94" CONTENT="104."/>
						</TextLine>
					</TextBlock>
				</ComposedBlock>
				<ComposedBlock ID="cblock_1" HPOS="277" VPOS="245" WIDTH="1492" HEIGHT="1419">
					<TextBlock ID="block_1" HPOS="282" VPOS="245" WIDTH="1487" HEIGHT="536">
						<TextLine ID="line_1" HPOS="283" VPOS="245" WIDTH="1486" HEIGHT="48">
							<String ID="string_5" HPOS="283" VPOS="245" WIDTH="162" HEIGHT="44" WC="0.92" CONTENT="förlägges"/><SP WIDTH="19" VPOS="245" HPOS="445"/>
							<String ID="string_6" HPOS="464" VPOS="246" WIDTH="51" HEIGHT="34" WC="0.96" CONTENT="till"/><SP WIDTH="19" VPOS="246" HPOS="515"/>
							<String ID="string_7" HPOS="534" VPOS="246" WIDTH="180" HEIGHT="34" WC="0.95" CONTENT="Skellefteå"/><SP WIDTH="19" VPOS="246" HPOS="714"/>
							<String ID="string_8" HPOS="733" VPOS="247" WIDTH="78" HEIGHT="34" WC="0.96" CONTENT="eller"/><SP WIDTH="18" VPOS="247" HPOS="811"/>
							<String ID="string_9" HPOS="829" VPOS="248" WIDTH="50" HEIGHT="33" WC="0.96" CONTENT="till"/><SP WIDTH="18" VPOS="248" HPOS="879"/>
							<String ID="string_10" HPOS="897" VPOS="248" WIDTH="115" HEIGHT="34" WC="0.96" CONTENT="Luleå."/><SP WIDTH="19" VPOS="248" HPOS="1012"/>
							<String ID="string_11" HPOS="1031" VPOS="249" WIDTH="75" HEIGHT="34" WC="0.96" CONTENT="När"/><SP WIDTH="17" VPOS="249" HPOS="1106"/>
							<String ID="string_12" HPOS="1123" VPOS="250" WIDTH="59" HEIGHT="34" WC="0.96" CONTENT="det"/><SP WIDTH="17" VPOS="250" HPOS="1182"/>
							<String ID="string_13" HPOS="1199" VPOS="250" WIDTH="102" HEIGHT="43" WC="0.96" CONTENT="gäller"/><SP WIDTH="17" VPOS="250" HPOS="1301"/>
							<String ID="string_14" HPOS="1318" VPOS="254" WIDTH="79" HEIGHT="30" WC="0.96" CONTENT="övre"/><SP WIDTH="18" VPOS="254" HPOS="1397"/>
							<String ID="string_15" HPOS="1415" VPOS="250" WIDTH="173" HEIGHT="34" WC="0.96" CONTENT="Norrland"/><SP WIDTH="19" VPOS="250" HPOS="1588"/>
							<String ID="string_16" HPOS="1607" VPOS="251" WIDTH="56" HEIGHT="33" WC="0.96" CONTENT="må"/><SP WIDTH="19" VPOS="251" HPOS="1663"/>
							<String ID="string_17" HPOS="1682" VPOS="251" WIDTH="87" HEIGHT="34" WC="0.96" CONTENT="dock"/>
						</TextLine>
						<TextLine ID="line_2" HPOS="284" VPOS="291" WIDTH="1484" HEIGHT="46">
							<String ID="string_18" HPOS="284" VPOS="295" WIDTH="87" HEIGHT="29" WC="0.96" CONTENT="även"/><SP WIDTH="18" VPOS="295" HPOS="371"/>
							<String ID="string_19" HPOS="389" VPOS="291" WIDTH="156" HEIGHT="40" WC="0.96" CONTENT="beaktas,"/><SP WIDTH="18" VPOS="291" HPOS="545"/>
							<String ID="string_20" HPOS="563" VPOS="296" WIDTH="52" HEIGHT="30" WC="0.96" CONTENT="att"/><SP WIDTH="19" VPOS="296" HPOS="615"/>
							<String ID="string_21" HPOS="634" VPOS="292" WIDTH="57" HEIGHT="33" WC="0.96" CONTENT="det"/><SP WIDTH="18" VPOS="292" HPOS="691"/>
							<String ID="string_22" HPOS="709" VPOS="293" WIDTH="100" HEIGHT="33" WC="0.96" CONTENT="torde"/><SP WIDTH="18" VPOS="293" HPOS="809"/>
							<String ID="string_23" HPOS="827" VPOS="293" WIDTH="161" HEIGHT="42" WC="0.96" CONTENT="föreligga"/><SP WIDTH="18" VPOS="293" HPOS="988"/>
							<String ID="string_24" HPOS="1006" VPOS="295" WIDTH="105" HEIGHT="40" WC="0.96" CONTENT="något"/><SP WIDTH="20" VPOS="295" HPOS="1111"/>
							<String ID="string_25" HPOS="1131" VPOS="298" WIDTH="108" HEIGHT="30" WC="0.96" CONTENT="större"/><SP WIDTH="20" VPOS="298" HPOS="1239"/>
							<String ID="string_26" HPOS="1259" VPOS="295" WIDTH="208" HEIGHT="42" WC="0.96" CONTENT="svårigheter"/><SP WIDTH="19" VPOS="295" HPOS="1467"/>
							<String ID="string_27" HPOS="1486" VPOS="300" WIDTH="55" HEIGHT="29" WC="0.96" CONTENT="att"/><SP WIDTH="20" VPOS="300" HPOS="1541"/>
							<String ID="string_28" HPOS="1561" VPOS="296" WIDTH="61" HEIGHT="33" WC="0.96" CONTENT="där"/><SP WIDTH="20" VPOS="296" HPOS="1622"/>
							<String ID="string_29" HPOS="1642" VPOS="296" WIDTH="126" HEIGHT="34" WC="0.96" CONTENT="erhålla"/>
						</TextLine>
						<TextLine ID="line_3" HPOS="282" VPOS="335" WIDTH="1486" HEIGHT="47">
							<String ID="string_30" HPOS="282" VPOS="335" WIDTH="166" HEIGHT="33" WC="0.91" CONTENT="ordinarie"/><SP WIDTH="22" VPOS="335" HPOS="448"/>
							<String ID="string_31" HPOS="470" VPOS="335" WIDTH="338" HEIGHT="43" WC="0.90" CONTENT="befattningshavare"/><SP WIDTH="21" VPOS="335" HPOS="808"/>
							<String ID="string_32" HPOS="829" VPOS="340" WIDTH="42" HEIGHT="30" WC="0.96" CONTENT="än"/><SP WIDTH="23" VPOS="340" HPOS="871"/>
							<String ID="string_33" HPOS="894" VPOS="337" WIDTH="57" HEIGHT="34" WC="0.96" CONTENT="vid"/><SP WIDTH="22" VPOS="337" HPOS="951"/>
							<String ID="string_34" HPOS="973" VPOS="338" WIDTH="106" HEIGHT="33" WC="0.97" CONTENT="andra"/><SP WIDTH="23" VPOS="338" HPOS="1079"/>
							<String ID="string_35" HPOS="1102" VPOS="338" WIDTH="115" HEIGHT="43" WC="0.96" CONTENT="dylika"/><SP WIDTH="22" VPOS="338" HPOS="1217"/>
							<String ID="string_36" HPOS="1239" VPOS="339" WIDTH="247" HEIGHT="34" WC="0.96" CONTENT="läroanstalter."/><SP WIDTH="21" VPOS="339" HPOS="1486"/>
							<String ID="string_37" HPOS="1507" VPOS="340" WIDTH="125" HEIGHT="42" WC="0.93" CONTENT="Någon"/><SP WIDTH="22" VPOS="340" HPOS="1632"/>
							<String ID="string_38" HPOS="1654" VPOS="340" WIDTH="114" HEIGHT="33" WC="0.91" CONTENT="anled-"/>
						</TextLine>
						<TextLine ID="line_4" HPOS="282" VPOS="379" WIDTH="1486" HEIGHT="47">
							<String ID="string_39" HPOS="282" VPOS="379" WIDTH="81" HEIGHT="42" WC="0.96" CONTENT="ning"/><SP WIDTH="20" VPOS="379" HPOS="363"/>
							<String ID="string_40" HPOS="383" VPOS="379" WIDTH="175" HEIGHT="43" WC="0.96" CONTENT="föreligger"/><SP WIDTH="21" VPOS="379" HPOS="558"/>
							<String ID="string_41" HPOS="579" VPOS="380" WIDTH="86" HEIGHT="33" WC="0.96" CONTENT="dock"/><SP WIDTH="20" VPOS="380" HPOS="665"/>
							<String ID="string_42" HPOS="685" VPOS="381" WIDTH="175" HEIGHT="42" WC="0.96" CONTENT="knappast"/><SP WIDTH="21" VPOS="381" HPOS="860"/>
							<String ID="string_43" HPOS="881" VPOS="381" WIDTH="52" HEIGHT="34" WC="0.93" CONTENT="för"/><SP WIDTH="21" VPOS="381" HPOS="933"/>
							<String ID="string_44" HPOS="954" VPOS="381" WIDTH="151" HEIGHT="44" WC="0.92" CONTENT="farhåga,"/><SP WIDTH="23" VPOS="381" HPOS="1105"/>
							<String ID="string_45" HPOS="1128" VPOS="388" WIDTH="54" HEIGHT="28" WC="0.96" CONTENT="att"/><SP WIDTH="22" VPOS="388" HPOS="1182"/>
							<String ID="string_46" HPOS="1204" VPOS="383" WIDTH="73" HEIGHT="33" WC="0.96" CONTENT="icke"/><SP WIDTH="22" VPOS="383" HPOS="1277"/>
							<String ID="string_47" HPOS="1299" VPOS="383" WIDTH="96" HEIGHT="34" WC="0.96" CONTENT="dessa"/><SP WIDTH="22" VPOS="383" HPOS="1395"/>
							<String ID="string_48" HPOS="1417" VPOS="383" WIDTH="235" HEIGHT="43" WC="0.96" CONTENT="befattningar"/><SP WIDTH="22" VPOS="383" HPOS="1652"/>
							<String ID="string_49" HPOS="1674" VPOS="384" WIDTH="94" HEIGHT="33" WC="0.96" CONTENT="skola"/>
						</TextLine>
						<TextLine ID="line_5" HPOS="283" VPOS="424" WIDTH="1486" HEIGHT="44">
							<String ID="string_50" HPOS="283" VPOS="424" WIDTH="97" HEIGHT="33" WC="0.96" CONTENT="locka"/><SP WIDTH="21" VPOS="424" HPOS="380"/>
							<String ID="string_51" HPOS="401" VPOS="424" WIDTH="195" HEIGHT="43" WC="0.96" CONTENT="tillräckligt"/><SP WIDTH="22" VPOS="424" HPOS="596"/>
							<String ID="string_52" HPOS="618" VPOS="425" WIDTH="93" HEIGHT="33" WC="0.96" CONTENT="antal"/><SP WIDTH="24" VPOS="425" HPOS="711"/>
							<String ID="string_53" HPOS="735" VPOS="426" WIDTH="161" HEIGHT="33" WC="0.95" CONTENT="sökande."/><SP WIDTH="21" VPOS="426" HPOS="896"/>
							<String ID="string_54" HPOS="917" VPOS="424" WIDTH="99" HEIGHT="35" WC="0.95" CONTENT="Även"/><SP WIDTH="22" VPOS="424" HPOS="1016"/>
							<String ID="string_55" HPOS="1038" VPOS="439" WIDTH="57" HEIGHT="21" WC="0.96" CONTENT="om"/><SP WIDTH="22" VPOS="439" HPOS="1095"/>
							<String ID="string_56" HPOS="1117" VPOS="428" WIDTH="195" HEIGHT="39" WC="0.96" CONTENT="avståndet,"/><SP WIDTH="22" VPOS="428" HPOS="1312"/>
							<String ID="string_57" HPOS="1334" VPOS="427" WIDTH="133" HEIGHT="35" WC="0.96" CONTENT="särskilt"/><SP WIDTH="23" VPOS="427" HPOS="1467"/>
							<String ID="string_58" HPOS="1490" VPOS="428" WIDTH="50" HEIGHT="33" WC="0.96" CONTENT="till"/><SP WIDTH="22" VPOS="428" HPOS="1540"/>
							<String ID="string_59" HPOS="1562" VPOS="428" WIDTH="115" HEIGHT="40" WC="0.95" CONTENT="Luleå,"/><SP WIDTH="22" VPOS="428" HPOS="1677"/>
							<String ID="string_60" HPOS="1699" VPOS="429" WIDTH="70" HEIGHT="33" WC="0.96" CONTENT="kan"/>
						</TextLine>
						<TextLine ID="line_6" HPOS="282" VPOS="468" WIDTH="1486" HEIGHT="46">
							<String ID="string_61" HPOS="282" VPOS="468" WIDTH="103" HEIGHT="33" WC="0.96" CONTENT="verka"/><SP WIDTH="20" VPOS="468" HPOS="385"/>
							<String ID="string_62" HPOS="405" VPOS="469" WIDTH="255" HEIGHT="33" WC="0.96" CONTENT="avskräckande"/><SP WIDTH="19" VPOS="469" HPOS="660"/>
							<String ID="string_63" HPOS="679" VPOS="470" WIDTH="63" HEIGHT="33" WC="0.96" CONTENT="och"/><SP WIDTH="20" VPOS="470" HPOS="742"/>
							<String ID="string_64" HPOS="762" VPOS="470" WIDTH="177" HEIGHT="34" WC="0.96" CONTENT="skatterna"/><SP WIDTH="19" VPOS="470" HPOS="939"/>
							<String ID="string_65" HPOS="958" VPOS="471" WIDTH="61" HEIGHT="33" WC="0.96" CONTENT="där"/><SP WIDTH="19" VPOS="471" HPOS="1019"/>
							<String ID="string_66" HPOS="1038" VPOS="474" WIDTH="59" HEIGHT="30" WC="0.96" CONTENT="äro"/><SP WIDTH="18" VPOS="474" HPOS="1097"/>
							<String ID="string_67" HPOS="1115" VPOS="471" WIDTH="263" HEIGHT="34" WC="0.96" CONTENT="förhållandevis"/><SP WIDTH="18" VPOS="471" HPOS="1378"/>
							<String ID="string_68" HPOS="1396" VPOS="472" WIDTH="100" HEIGHT="42" WC="0.96" CONTENT="höga,"/><SP WIDTH="20" VPOS="472" HPOS="1496"/>
							<String ID="string_69" HPOS="1516" VPOS="476" WIDTH="56" HEIGHT="29" WC="0.96" CONTENT="äro"/><SP WIDTH="20" VPOS="476" HPOS="1572"/>
							<String ID="string_70" HPOS="1592" VPOS="473" WIDTH="91" HEIGHT="33" WC="0.93" CONTENT="båda"/><SP WIDTH="19" VPOS="473" HPOS="1683"/>
							<String ID="string_71" HPOS="1702" VPOS="476" WIDTH="66" HEIGHT="30" WC="0.92" CONTENT="stä-"/>
						</TextLine>
						<TextLine ID="line_7" HPOS="283" VPOS="513" WIDTH="1485" HEIGHT="47">
							<String ID="string_72" HPOS="283" VPOS="513" WIDTH="102" HEIGHT="33" WC="0.96" CONTENT="derna"/><SP WIDTH="16" VPOS="513" HPOS="385"/>
							<String ID="string_73" HPOS="401" VPOS="513" WIDTH="104" HEIGHT="33" WC="0.96" CONTENT="bland"/><SP WIDTH="17" VPOS="513" HPOS="505"/>
							<String ID="string_74" HPOS="522" VPOS="519" WIDTH="106" HEIGHT="28" WC="0.92" CONTENT="annat"/><SP WIDTH="15" VPOS="519" HPOS="628"/>
							<String ID="string_75" HPOS="643" VPOS="514" WIDTH="213" HEIGHT="34" WC="0.92" CONTENT="huvudorter"/><SP WIDTH="16" VPOS="514" HPOS="856"/>
							<String ID="string_76" HPOS="872" VPOS="515" WIDTH="52" HEIGHT="34" WC="0.96" CONTENT="för"/><SP WIDTH="15" VPOS="515" HPOS="924"/>
							<String ID="string_77" HPOS="939" VPOS="515" WIDTH="325" HEIGHT="41" WC="0.92" CONTENT="industriområden,"/><SP WIDTH="17" VPOS="515" HPOS="1264"/>
							<String ID="string_78" HPOS="1281" VPOS="517" WIDTH="122" HEIGHT="33" WC="0.92" CONTENT="stadda"/><SP WIDTH="17" VPOS="517" HPOS="1403"/>
							<String ID="string_79" HPOS="1420" VPOS="517" WIDTH="10" HEIGHT="33" WC="0.96" CONTENT="i"/><SP WIDTH="18" VPOS="517" HPOS="1430"/>
							<String ID="string_80" HPOS="1448" VPOS="517" WIDTH="95" HEIGHT="34" WC="0.96" CONTENT="stark"/><SP WIDTH="17" VPOS="517" HPOS="1543"/>
							<String ID="string_81" HPOS="1560" VPOS="517" WIDTH="208" HEIGHT="43" WC="0.96" CONTENT="utveckling."/>
						</TextLine>
						<TextLine ID="line_8" HPOS="284" VPOS="557" WIDTH="1485" HEIGHT="46">
							<String ID="string_82" HPOS="284" VPOS="557" WIDTH="66" HEIGHT="33" WC="0.96" CONTENT="Vid"/><SP WIDTH="22" VPOS="557" HPOS="350"/>
							<String ID="string_83" HPOS="372" VPOS="562" WIDTH="51" HEIGHT="29" WC="0.96" CONTENT="ett"/><SP WIDTH="22" VPOS="562" HPOS="423"/>
							<String ID="string_84" HPOS="445" VPOS="557" WIDTH="154" HEIGHT="34" WC="0.96" CONTENT="tekniskt"/><SP WIDTH="21" VPOS="557" HPOS="599"/>
							<String ID="string_85" HPOS="620" VPOS="559" WIDTH="216" HEIGHT="41" WC="0.96" CONTENT="gymnasium"/><SP WIDTH="21" VPOS="559" HPOS="836"/>
							<String ID="string_86" HPOS="857" VPOS="559" WIDTH="11" HEIGHT="33" WC="0.96" CONTENT="i"/><SP WIDTH="22" VPOS="559" HPOS="868"/>
							<String ID="string_87" HPOS="890" VPOS="562" WIDTH="80" HEIGHT="31" WC="0.96" CONTENT="övre"/><SP WIDTH="21" VPOS="562" HPOS="970"/>
							<String ID="string_88" HPOS="991" VPOS="560" WIDTH="172" HEIGHT="33" WC="0.96" CONTENT="Norrland"/><SP WIDTH="22" VPOS="560" HPOS="1163"/>
							<String ID="string_89" HPOS="1185" VPOS="561" WIDTH="87" HEIGHT="32" WC="0.96" CONTENT="lärer"/><SP WIDTH="20" VPOS="561" HPOS="1272"/>
							<String ID="string_90" HPOS="1292" VPOS="560" WIDTH="52" HEIGHT="34" WC="0.96" CONTENT="för"/><SP WIDTH="21" VPOS="560" HPOS="1344"/>
							<String ID="string_91" HPOS="1365" VPOS="561" WIDTH="112" HEIGHT="42" WC="0.96" CONTENT="övrigt"/><SP WIDTH="22" VPOS="561" HPOS="1477"/>
							<String ID="string_92" HPOS="1499" VPOS="561" WIDTH="29" HEIGHT="42" WC="0.96" CONTENT="ej"/><SP WIDTH="24" VPOS="561" HPOS="1528"/>
							<String ID="string_93" HPOS="1552" VPOS="561" WIDTH="140" HEIGHT="33" WC="0.96" CONTENT="komma"/><SP WIDTH="22" VPOS="561" HPOS="1692"/>
							<String ID="string_94" HPOS="1714" VPOS="566" WIDTH="55" HEIGHT="29" WC="0.95" CONTENT="att"/>
						</TextLine>
						<TextLine ID="line_9" HPOS="282" VPOS="600" WIDTH="1486" HEIGHT="49">
							<String ID="string_95" HPOS="282" VPOS="600" WIDTH="109" HEIGHT="35" WC="0.96" CONTENT="finnas"/><SP WIDTH="21" VPOS="600" HPOS="391"/>
							<String ID="string_96" HPOS="412" VPOS="613" WIDTH="93" HEIGHT="22" WC="0.96" CONTENT="mera"/><SP WIDTH="21" VPOS="613" HPOS="505"/>
							<String ID="string_97" HPOS="526" VPOS="605" WIDTH="42" HEIGHT="30" WC="0.92" CONTENT="än"/><SP WIDTH="22" VPOS="605" HPOS="568"/>
							<String ID="string_98" HPOS="590" VPOS="606" WIDTH="87" HEIGHT="30" WC="0.79" CONTENT="4—5"/><SP WIDTH="24" VPOS="606" HPOS="677"/>
							<String ID="string_99" HPOS="701" VPOS="603" WIDTH="165" HEIGHT="34" WC="0.93" CONTENT="ordinarie"/><SP WIDTH="21" VPOS="603" HPOS="866"/>
							<String ID="string_100" HPOS="887" VPOS="604" WIDTH="327" HEIGHT="43" WC="0.91" CONTENT="lärarbefattningar."/><SP WIDTH="23" VPOS="604" HPOS="1214"/>
							<String ID="string_101" HPOS="1237" VPOS="605" WIDTH="55" HEIGHT="33" WC="0.96" CONTENT="En"/><SP WIDTH="23" VPOS="605" HPOS="1292"/>
							<String ID="string_102" HPOS="1315" VPOS="605" WIDTH="72" HEIGHT="34" WC="0.96" CONTENT="icke"/><SP WIDTH="21" VPOS="605" HPOS="1387"/>
							<String ID="string_103" HPOS="1408" VPOS="605" WIDTH="132" HEIGHT="43" WC="0.93" CONTENT="oviktig"/><SP WIDTH="21" VPOS="605" HPOS="1540"/>
							<String ID="string_104" HPOS="1561" VPOS="606" WIDTH="207" HEIGHT="43" WC="0.92" CONTENT="omständig-"/>
						</TextLine>
						<TextLine ID="line_10" HPOS="283" VPOS="645" WIDTH="1486" HEIGHT="47">
							<String ID="string_105" HPOS="283" VPOS="645" WIDTH="59" HEIGHT="34" WC="0.96" CONTENT="het"/><SP WIDTH="22" VPOS="645" HPOS="342"/>
							<String ID="string_106" HPOS="364" VPOS="649" WIDTH="61" HEIGHT="30" WC="0.96" CONTENT="när"/><SP WIDTH="23" VPOS="649" HPOS="425"/>
							<String ID="string_107" HPOS="448" VPOS="646" WIDTH="58" HEIGHT="34" WC="0.96" CONTENT="det"/><SP WIDTH="23" VPOS="646" HPOS="506"/>
							<String ID="string_108" HPOS="529" VPOS="647" WIDTH="103" HEIGHT="41" WC="0.93" CONTENT="gäller"/><SP WIDTH="22" VPOS="647" HPOS="632"/>
							<String ID="string_109" HPOS="654" VPOS="647" WIDTH="340" HEIGHT="43" WC="0.91" CONTENT="lärarrekryteringen"/><SP WIDTH="23" VPOS="647" HPOS="994"/>
							<String ID="string_110" HPOS="1017" VPOS="649" WIDTH="96" HEIGHT="33" WC="0.96" CONTENT="torde"/><SP WIDTH="24" VPOS="649" HPOS="1113"/>
							<String ID="string_111" HPOS="1137" VPOS="652" WIDTH="87" HEIGHT="30" WC="0.96" CONTENT="även"/><SP WIDTH="24" VPOS="652" HPOS="1224"/>
							<String ID="string_112" HPOS="1248" VPOS="661" WIDTH="95" HEIGHT="28" WC="0.96" CONTENT="vara,"/><SP WIDTH="24" VPOS="661" HPOS="1343"/>
							<String ID="string_113" HPOS="1367" VPOS="654" WIDTH="53" HEIGHT="29" WC="0.96" CONTENT="att"/><SP WIDTH="23" VPOS="654" HPOS="1420"/>
							<String ID="string_114" HPOS="1443" VPOS="650" WIDTH="144" HEIGHT="34" WC="0.96" CONTENT="ledande"/><SP WIDTH="23" VPOS="650" HPOS="1587"/>
							<String ID="string_115" HPOS="1610" VPOS="662" WIDTH="159" HEIGHT="30" WC="0.95" CONTENT="personer"/>
						</TextLine>
						<TextLine ID="line_11" HPOS="282" VPOS="689" WIDTH="1485" HEIGHT="47">
							<String ID="string_116" HPOS="282" VPOS="689" WIDTH="58" HEIGHT="34" WC="0.96" CONTENT="vid"/><SP WIDTH="16" VPOS="689" HPOS="340"/>
							<String ID="string_117" HPOS="356" VPOS="695" WIDTH="50" HEIGHT="29" WC="0.96" CONTENT="ett"/><SP WIDTH="14" VPOS="695" HPOS="406"/>
							<String ID="string_118" HPOS="420" VPOS="689" WIDTH="112" HEIGHT="35" WC="0.96" CONTENT="flertal"/><SP WIDTH="16" VPOS="689" HPOS="532"/>
							<String ID="string_119" HPOS="548" VPOS="694" WIDTH="104" HEIGHT="30" WC="0.96" CONTENT="större"/><SP WIDTH="15" VPOS="694" HPOS="652"/>
							<String ID="string_120" HPOS="667" VPOS="692" WIDTH="279" HEIGHT="43" WC="0.93" CONTENT="industriföretag"/><SP WIDTH="14" VPOS="692" HPOS="946"/>
							<String ID="string_121" HPOS="960" VPOS="692" WIDTH="265" HEIGHT="43" WC="0.92" CONTENT="tillkännagivit,"/><SP WIDTH="16" VPOS="692" HPOS="1225"/>
							<String ID="string_122" HPOS="1241" VPOS="698" WIDTH="53" HEIGHT="29" WC="0.96" CONTENT="att"/><SP WIDTH="15" VPOS="698" HPOS="1294"/>
							<String ID="string_123" HPOS="1309" VPOS="693" WIDTH="174" HEIGHT="43" WC="0.96" CONTENT="företagen"/><SP WIDTH="14" VPOS="693" HPOS="1483"/>
							<String ID="string_124" HPOS="1497" VPOS="694" WIDTH="117" HEIGHT="33" WC="0.95" CONTENT="kunna"/><SP WIDTH="14" VPOS="694" HPOS="1614"/>
							<String ID="string_125" HPOS="1628" VPOS="694" WIDTH="139" HEIGHT="33" WC="0.96" CONTENT="komma"/>
						</TextLine>
						<TextLine ID="line_12" HPOS="282" VPOS="735" WIDTH="1179" HEIGHT="46">
							<String ID="string_126" HPOS="282" VPOS="738" WIDTH="52" HEIGHT="30" WC="0.96" CONTENT="att"/><SP WIDTH="15" VPOS="738" HPOS="334"/>
							<String ID="string_127" HPOS="349" VPOS="735" WIDTH="101" HEIGHT="33" WC="0.96" CONTENT="anlita"/><SP WIDTH="19" VPOS="735" HPOS="450"/>
							<String ID="string_128" HPOS="469" VPOS="735" WIDTH="95" HEIGHT="33" WC="0.95" CONTENT="dessa"/><SP WIDTH="17" VPOS="735" HPOS="564"/>
							<String ID="string_129" HPOS="581" VPOS="736" WIDTH="103" HEIGHT="33" WC="0.96" CONTENT="lärare"/><SP WIDTH="16" VPOS="736" HPOS="684"/>
							<String ID="string_130" HPOS="700" VPOS="736" WIDTH="51" HEIGHT="33" WC="0.93" CONTENT="för"/><SP WIDTH="17" VPOS="736" HPOS="751"/>
							<String ID="string_131" HPOS="768" VPOS="736" WIDTH="279" HEIGHT="44" WC="0.92" CONTENT="specialuppdrag"/><SP WIDTH="16" VPOS="736" HPOS="1047"/>
							<String ID="string_132" HPOS="1063" VPOS="738" WIDTH="62" HEIGHT="33" WC="0.96" CONTENT="och"/><SP WIDTH="17" VPOS="738" HPOS="1125"/>
							<String ID="string_133" HPOS="1142" VPOS="738" WIDTH="319" HEIGHT="43" WC="0.95" CONTENT="forskningsarbete."/>
						</TextLine>
					</TextBlock>
					<TextBlock ID="block_2" HPOS="280" VPOS="778" WIDTH="1488" HEIGHT="214">
						<TextLine ID="line_13" HPOS="326" VPOS="778" WIDTH="1440" HEIGHT="47">
							<String ID="string_134" HPOS="326" VPOS="778" WIDTH="223" HEIGHT="35" WC="0.95" CONTENT="Beträffande"/><SP WIDTH="18" VPOS="778" HPOS="549"/>
							<String ID="string_135" HPOS="567" VPOS="780" WIDTH="87" HEIGHT="33" WC="0.96" CONTENT="båda"/><SP WIDTH="22" VPOS="780" HPOS="654"/>
							<String ID="string_136" HPOS="676" VPOS="780" WIDTH="40" HEIGHT="33" WC="0.96" CONTENT="de"/><SP WIDTH="20" VPOS="780" HPOS="716"/>
							<String ID="string_137" HPOS="736" VPOS="780" WIDTH="257" HEIGHT="43" WC="0.96" CONTENT="ifrågavarande"/><SP WIDTH="19" VPOS="780" HPOS="993"/>
							<String ID="string_138" HPOS="1012" VPOS="782" WIDTH="155" HEIGHT="33" WC="0.96" CONTENT="städerna"/><SP WIDTH="22" VPOS="782" HPOS="1167"/>
							<String ID="string_139" HPOS="1189" VPOS="794" WIDTH="102" HEIGHT="30" WC="0.96" CONTENT="synas"/><SP WIDTH="20" VPOS="794" HPOS="1291"/>
							<String ID="string_140" HPOS="1311" VPOS="783" WIDTH="115" HEIGHT="33" WC="0.96" CONTENT="vidare"/><SP WIDTH="19" VPOS="783" HPOS="1426"/>
							<String ID="string_141" HPOS="1445" VPOS="783" WIDTH="110" HEIGHT="33" WC="0.96" CONTENT="finnas"/><SP WIDTH="20" VPOS="783" HPOS="1555"/>
							<String ID="string_142" HPOS="1575" VPOS="784" WIDTH="87" HEIGHT="40" WC="0.93" CONTENT="goda"/><SP WIDTH="19" VPOS="784" HPOS="1662"/>
							<String ID="string_143" HPOS="1681" VPOS="783" WIDTH="85" HEIGHT="42" WC="0.86" CONTENT="möj-"/>
						</TextLine>
						<TextLine ID="line_14" HPOS="280" VPOS="822" WIDTH="1488" HEIGHT="47">
							<String ID="string_144" HPOS="280" VPOS="822" WIDTH="140" HEIGHT="43" WC="0.95" CONTENT="ligheter"/><SP WIDTH="23" VPOS="822" HPOS="420"/>
							<String ID="string_145" HPOS="443" VPOS="823" WIDTH="50" HEIGHT="34" WC="0.96" CONTENT="till"/><SP WIDTH="24" VPOS="823" HPOS="493"/>
							<String ID="string_146" HPOS="517" VPOS="824" WIDTH="215" HEIGHT="34" WC="0.96" CONTENT="studiebesök"/><SP WIDTH="24" VPOS="824" HPOS="732"/>
							<String ID="string_147" HPOS="756" VPOS="825" WIDTH="57" HEIGHT="34" WC="0.96" CONTENT="vid"/><SP WIDTH="24" VPOS="825" HPOS="813"/>
							<String ID="string_148" HPOS="837" VPOS="825" WIDTH="273" HEIGHT="43" WC="0.96" CONTENT="industriföretag"/><SP WIDTH="25" VPOS="825" HPOS="1110"/>
							<String ID="string_149" HPOS="1135" VPOS="839" WIDTH="43" HEIGHT="21" WC="0.96" CONTENT="av"/><SP WIDTH="25" VPOS="839" HPOS="1178"/>
							<String ID="string_150" HPOS="1203" VPOS="827" WIDTH="89" HEIGHT="34" WC="0.96" CONTENT="olika"/><SP WIDTH="25" VPOS="827" HPOS="1292"/>
							<String ID="string_151" HPOS="1317" VPOS="828" WIDTH="80" HEIGHT="41" WC="0.96" CONTENT="slag."/><SP WIDTH="24" VPOS="828" HPOS="1397"/>
							<String ID="string_152" HPOS="1421" VPOS="827" WIDTH="93" HEIGHT="34" WC="0.96" CONTENT="Rika"/><SP WIDTH="23" VPOS="827" HPOS="1514"/>
							<String ID="string_153" HPOS="1537" VPOS="827" WIDTH="153" HEIGHT="34" WC="0.96" CONTENT="tillfällen"/><SP WIDTH="25" VPOS="827" HPOS="1690"/>
							<String ID="string_154" HPOS="1715" VPOS="832" WIDTH="53" HEIGHT="29" WC="0.96" CONTENT="att"/>
						</TextLine>
						<TextLine ID="line_15" HPOS="281" VPOS="869" WIDTH="1485" HEIGHT="46">
							<String ID="string_155" HPOS="281" VPOS="870" WIDTH="86" HEIGHT="31" WC="0.96" CONTENT="även"/><SP WIDTH="21" VPOS="870" HPOS="367"/>
							<String ID="string_156" HPOS="388" VPOS="879" WIDTH="121" HEIGHT="31" WC="0.93" CONTENT="genom"/><SP WIDTH="22" VPOS="879" HPOS="509"/>
							<String ID="string_157" HPOS="531" VPOS="869" WIDTH="315" HEIGHT="41" WC="0.91" CONTENT="praktikantarbete"/><SP WIDTH="20" VPOS="869" HPOS="846"/>
							<String ID="string_158" HPOS="866" VPOS="870" WIDTH="101" HEIGHT="34" WC="0.96" CONTENT="vinna"/><SP WIDTH="23" VPOS="870" HPOS="967"/>
							<String ID="string_159" HPOS="990" VPOS="870" WIDTH="229" HEIGHT="42" WC="0.96" CONTENT="förtrogenhet"/><SP WIDTH="21" VPOS="870" HPOS="1219"/>
							<String ID="string_160" HPOS="1240" VPOS="872" WIDTH="79" HEIGHT="33" WC="0.96" CONTENT="med"/><SP WIDTH="21" VPOS="872" HPOS="1319"/>
							<String ID="string_161" HPOS="1340" VPOS="872" WIDTH="158" HEIGHT="34" WC="0.93" CONTENT="blivande"/><SP WIDTH="22" VPOS="872" HPOS="1498"/>
							<String ID="string_162" HPOS="1520" VPOS="872" WIDTH="246" HEIGHT="43" WC="0.91" CONTENT="arbetsuppgif-"/>
						</TextLine>
						<TextLine ID="line_16" HPOS="280" VPOS="912" WIDTH="1487" HEIGHT="47">
							<String ID="string_163" HPOS="280" VPOS="917" WIDTH="51" HEIGHT="28" WC="0.96" CONTENT="ter"/><SP WIDTH="24" VPOS="917" HPOS="331"/>
							<String ID="string_164" HPOS="355" VPOS="912" WIDTH="62" HEIGHT="33" WC="0.96" CONTENT="och"/><SP WIDTH="24" VPOS="912" HPOS="417"/>
							<String ID="string_165" HPOS="441" VPOS="912" WIDTH="10" HEIGHT="33" WC="0.96" CONTENT="i"/><SP WIDTH="25" VPOS="912" HPOS="451"/>
							<String ID="string_166" HPOS="476" VPOS="913" WIDTH="257" HEIGHT="34" WC="0.96" CONTENT="verksamheten"/><SP WIDTH="24" VPOS="913" HPOS="733"/>
							<String ID="string_167" HPOS="757" VPOS="914" WIDTH="197" HEIGHT="43" WC="0.96" CONTENT="tillämpade"/><SP WIDTH="26" VPOS="914" HPOS="954"/>
							<String ID="string_168" HPOS="980" VPOS="915" WIDTH="266" HEIGHT="34" WC="0.96" CONTENT="arbetsmetoder"/><SP WIDTH="24" VPOS="915" HPOS="1246"/>
							<String ID="string_169" HPOS="1270" VPOS="916" WIDTH="117" HEIGHT="33" WC="0.96" CONTENT="kunna"/><SP WIDTH="25" VPOS="916" HPOS="1387"/>
							<String ID="string_170" HPOS="1412" VPOS="916" WIDTH="102" HEIGHT="34" WC="0.96" CONTENT="också"/><SP WIDTH="27" VPOS="916" HPOS="1514"/>
							<String ID="string_171" HPOS="1541" VPOS="916" WIDTH="157" HEIGHT="43" WC="0.95" CONTENT="erbjudas"/><SP WIDTH="28" VPOS="916" HPOS="1698"/>
							<String ID="string_172" HPOS="1726" VPOS="917" WIDTH="41" HEIGHT="34" WC="0.97" CONTENT="de"/>
						</TextLine>
						<TextLine ID="line_17" HPOS="281" VPOS="957" WIDTH="561" HEIGHT="35">
							<String ID="string_173" HPOS="281" VPOS="957" WIDTH="201" HEIGHT="34" WC="0.95" CONTENT="studerande"/><SP WIDTH="22" VPOS="957" HPOS="482"/>
							<String ID="string_174" HPOS="504" VPOS="958" WIDTH="92" HEIGHT="33" WC="0.96" CONTENT="inom"/><SP WIDTH="23" VPOS="958" HPOS="596"/>
							<String ID="string_175" HPOS="619" VPOS="958" WIDTH="91" HEIGHT="33" WC="0.96" CONTENT="båda"/><SP WIDTH="22" VPOS="958" HPOS="710"/>
							<String ID="string_176" HPOS="732" VPOS="959" WIDTH="110" HEIGHT="33" WC="0.96" CONTENT="länen."/>
						</TextLine>
					</TextBlock>
					<TextBlock ID="block_3" HPOS="278" VPOS="1000" WIDTH="1490" HEIGHT="481">
						<TextLine ID="line_18" HPOS="325" VPOS="1000" WIDTH="1441" HEIGHT="46">
							<String ID="string_177" HPOS="325" VPOS="1001" WIDTH="19" HEIGHT="32" WC="0.96" CONTENT="I"/><SP WIDTH="14" VPOS="1001" HPOS="344"/>
							<String ID="string_178" HPOS="358" VPOS="1000" WIDTH="94" HEIGHT="43" WC="0.96" CONTENT="fråga"/><SP WIDTH="15" VPOS="1000" HPOS="452"/>
							<String ID="string_179" HPOS="467" VPOS="1014" WIDTH="55" HEIGHT="20" WC="0.96" CONTENT="om"/><SP WIDTH="14" VPOS="1014" HPOS="522"/>
							<String ID="string_180" HPOS="536" VPOS="1014" WIDTH="41" HEIGHT="21" WC="0.96" CONTENT="en"/><SP WIDTH="16" VPOS="1014" HPOS="577"/>
							<String ID="string_181" HPOS="593" VPOS="1014" WIDTH="109" HEIGHT="21" WC="0.96" CONTENT="annan"/><SP WIDTH="15" VPOS="1014" HPOS="702"/>
							<String ID="string_182" HPOS="717" VPOS="1002" WIDTH="235" HEIGHT="43" WC="0.96" CONTENT="betydelsefull"/><SP WIDTH="14" VPOS="1002" HPOS="952"/>
							<String ID="string_183" HPOS="966" VPOS="1003" WIDTH="243" HEIGHT="43" WC="0.96" CONTENT="förutsättning"/><SP WIDTH="15" VPOS="1003" HPOS="1209"/>
							<String ID="string_184" HPOS="1224" VPOS="1003" WIDTH="51" HEIGHT="34" WC="0.96" CONTENT="för"/><SP WIDTH="10" VPOS="1003" HPOS="1275"/>
							<String ID="string_185" HPOS="1285" VPOS="1004" WIDTH="218" HEIGHT="34" WC="0.96" CONTENT="anordnande"/><SP WIDTH="9" VPOS="1004" HPOS="1503"/>
							<String ID="string_186" HPOS="1512" VPOS="1017" WIDTH="43" HEIGHT="21" WC="0.95" CONTENT="av"/><SP WIDTH="7" VPOS="1017" HPOS="1555"/>
							<String ID="string_187" HPOS="1562" VPOS="1005" WIDTH="134" HEIGHT="33" WC="0.93" CONTENT="teknisk"/><SP WIDTH="9" VPOS="1005" HPOS="1696"/>
							<String ID="string_188" HPOS="1705" VPOS="1017" WIDTH="61" HEIGHT="22" WC="0.91" CONTENT="un-"/>
						</TextLine>
						<TextLine ID="line_19" HPOS="281" VPOS="1045" WIDTH="1485" HEIGHT="46">
							<String ID="string_189" HPOS="281" VPOS="1045" WIDTH="190" HEIGHT="43" WC="0.92" CONTENT="dervisning"/><SP WIDTH="19" VPOS="1045" HPOS="471"/>
							<String ID="string_190" HPOS="490" VPOS="1058" WIDTH="44" HEIGHT="21" WC="0.96" CONTENT="av"/><SP WIDTH="20" VPOS="1058" HPOS="534"/>
							<String ID="string_191" HPOS="554" VPOS="1046" WIDTH="256" HEIGHT="42" WC="0.95" CONTENT="ifrågavarande"/><SP WIDTH="21" VPOS="1046" HPOS="810"/>
							<String ID="string_192" HPOS="831" VPOS="1048" WIDTH="80" HEIGHT="41" WC="0.95" CONTENT="slag,"/><SP WIDTH="18" VPOS="1048" HPOS="911"/>
							<String ID="string_193" HPOS="929" VPOS="1048" WIDTH="169" HEIGHT="42" WC="0.96" CONTENT="nämligen"/><SP WIDTH="19" VPOS="1048" HPOS="1098"/>
							<String ID="string_194" HPOS="1117" VPOS="1048" WIDTH="180" HEIGHT="42" WC="0.96" CONTENT="tillräcklig"/><SP WIDTH="20" VPOS="1048" HPOS="1297"/>
							<String ID="string_195" HPOS="1317" VPOS="1049" WIDTH="123" HEIGHT="33" WC="0.96" CONTENT="storlek"/><SP WIDTH="22" VPOS="1049" HPOS="1440"/>
							<String ID="string_196" HPOS="1462" VPOS="1062" WIDTH="43" HEIGHT="20" WC="0.93" CONTENT="av"/><SP WIDTH="20" VPOS="1062" HPOS="1505"/>
							<String ID="string_197" HPOS="1525" VPOS="1049" WIDTH="241" HEIGHT="42" WC="0.91" CONTENT="rekryterings-"/>
						</TextLine>
						<TextLine ID="line_20" HPOS="283" VPOS="1089" WIDTH="1483" HEIGHT="45">
							<String ID="string_198" HPOS="283" VPOS="1089" WIDTH="102" HEIGHT="33" WC="0.95" CONTENT="basen"/><SP WIDTH="18" VPOS="1089" HPOS="385"/>
							<String ID="string_199" HPOS="403" VPOS="1090" WIDTH="53" HEIGHT="41" WC="0.93" CONTENT="för"/><SP WIDTH="19" VPOS="1090" HPOS="456"/>
							<String ID="string_200" HPOS="475" VPOS="1090" WIDTH="178" HEIGHT="34" WC="0.90" CONTENT="elevkåren"/><SP WIDTH="20" VPOS="1090" HPOS="653"/>
							<String ID="string_201" HPOS="673" VPOS="1091" WIDTH="92" HEIGHT="34" WC="0.93" CONTENT="inom"/><SP WIDTH="22" VPOS="1091" HPOS="765"/>
							<String ID="string_202" HPOS="787" VPOS="1092" WIDTH="437" HEIGHT="42" WC="0.91" CONTENT="»upptagningsområdet»,"/><SP WIDTH="21" VPOS="1092" HPOS="1224"/>
							<String ID="string_203" HPOS="1245" VPOS="1093" WIDTH="62" HEIGHT="33" WC="0.96" CONTENT="har"/><SP WIDTH="19" VPOS="1093" HPOS="1307"/>
							<String ID="string_204" HPOS="1326" VPOS="1092" WIDTH="212" HEIGHT="41" WC="0.93" CONTENT="framhållits,"/><SP WIDTH="21" VPOS="1092" HPOS="1538"/>
							<String ID="string_205" HPOS="1559" VPOS="1099" WIDTH="52" HEIGHT="28" WC="0.96" CONTENT="att"/><SP WIDTH="20" VPOS="1099" HPOS="1611"/>
							<String ID="string_206" HPOS="1631" VPOS="1094" WIDTH="9" HEIGHT="33" WC="0.93" CONTENT="i"/><SP WIDTH="21" VPOS="1094" HPOS="1640"/>
							<String ID="string_207" HPOS="1661" VPOS="1094" WIDTH="105" HEIGHT="33" WC="0.91" CONTENT="Norr-"/>
						</TextLine>
						<TextLine ID="line_21" HPOS="280" VPOS="1133" WIDTH="1487" HEIGHT="46">
							<String ID="string_208" HPOS="280" VPOS="1133" WIDTH="118" HEIGHT="34" WC="0.96" CONTENT="botten"/><SP WIDTH="16" VPOS="1133" HPOS="398"/>
							<String ID="string_209" HPOS="414" VPOS="1134" WIDTH="125" HEIGHT="42" WC="0.92" CONTENT="årligen"/><SP WIDTH="17" VPOS="1134" HPOS="539"/>
							<String ID="string_210" HPOS="556" VPOS="1135" WIDTH="246" HEIGHT="34" WC="0.91" CONTENT="utexamineras"/><SP WIDTH="17" VPOS="1135" HPOS="802"/>
							<String ID="string_211" HPOS="819" VPOS="1136" WIDTH="141" HEIGHT="34" WC="0.96" CONTENT="dubbelt"/><SP WIDTH="17" VPOS="1136" HPOS="960"/>
							<String ID="string_212" HPOS="977" VPOS="1137" WIDTH="35" HEIGHT="33" WC="0.96" CONTENT="så"/><SP WIDTH="16" VPOS="1137" HPOS="1012"/>
							<String ID="string_213" HPOS="1028" VPOS="1137" WIDTH="123" HEIGHT="42" WC="0.96" CONTENT="många"/><SP WIDTH="16" VPOS="1137" HPOS="1151"/>
							<String ID="string_214" HPOS="1167" VPOS="1137" WIDTH="190" HEIGHT="42" WC="0.96" CONTENT="ungdomar"/><SP WIDTH="16" VPOS="1137" HPOS="1357"/>
							<String ID="string_215" HPOS="1373" VPOS="1138" WIDTH="77" HEIGHT="33" WC="0.96" CONTENT="med"/><SP WIDTH="15" VPOS="1138" HPOS="1450"/>
							<String ID="string_216" HPOS="1465" VPOS="1138" WIDTH="211" HEIGHT="33" WC="0.96" CONTENT="realexamen"/><SP WIDTH="18" VPOS="1138" HPOS="1676"/>
							<String ID="string_217" HPOS="1694" VPOS="1151" WIDTH="73" HEIGHT="21" WC="0.96" CONTENT="som"/>
						</TextLine>
						<TextLine ID="line_22" HPOS="279" VPOS="1178" WIDTH="1489" HEIGHT="47">
							<String ID="string_218" HPOS="279" VPOS="1178" WIDTH="93" HEIGHT="33" WC="0.96" CONTENT="inom"/><SP WIDTH="18" VPOS="1178" HPOS="372"/>
							<String ID="string_219" HPOS="390" VPOS="1179" WIDTH="257" HEIGHT="34" WC="0.95" CONTENT="Västerbotten."/><SP WIDTH="19" VPOS="1179" HPOS="647"/>
							<String ID="string_220" HPOS="666" VPOS="1180" WIDTH="102" HEIGHT="33" WC="0.96" CONTENT="Huru"/><SP WIDTH="20" VPOS="1180" HPOS="768"/>
							<String ID="string_221" HPOS="788" VPOS="1181" WIDTH="124" HEIGHT="41" WC="0.96" CONTENT="många"/><SP WIDTH="20" VPOS="1181" HPOS="912"/>
							<String ID="string_222" HPOS="932" VPOS="1192" WIDTH="44" HEIGHT="22" WC="0.96" CONTENT="av"/><SP WIDTH="20" VPOS="1192" HPOS="976"/>
							<String ID="string_223" HPOS="996" VPOS="1180" WIDTH="96" HEIGHT="34" WC="0.96" CONTENT="dessa"/><SP WIDTH="20" VPOS="1180" HPOS="1092"/>
							<String ID="string_224" HPOS="1112" VPOS="1181" WIDTH="203" HEIGHT="42" WC="0.96" CONTENT="ungdomar,"/><SP WIDTH="20" VPOS="1181" HPOS="1315"/>
							<String ID="string_225" HPOS="1335" VPOS="1193" WIDTH="74" HEIGHT="21" WC="0.96" CONTENT="som"/><SP WIDTH="20" VPOS="1193" HPOS="1409"/>
							<String ID="string_226" HPOS="1429" VPOS="1185" WIDTH="59" HEIGHT="30" WC="0.96" CONTENT="äro"/><SP WIDTH="20" VPOS="1185" HPOS="1488"/>
							<String ID="string_227" HPOS="1508" VPOS="1182" WIDTH="160" HEIGHT="43" WC="0.96" CONTENT="lämpliga"/><SP WIDTH="21" VPOS="1182" HPOS="1668"/>
							<String ID="string_228" HPOS="1689" VPOS="1183" WIDTH="79" HEIGHT="33" WC="0.96" CONTENT="eller"/>
						</TextLine>
						<TextLine ID="line_23" HPOS="280" VPOS="1222" WIDTH="1487" HEIGHT="46">
							<String ID="string_229" HPOS="280" VPOS="1222" WIDTH="107" HEIGHT="34" WC="0.96" CONTENT="skulle"/><SP WIDTH="13" VPOS="1222" HPOS="387"/>
							<String ID="string_230" HPOS="400" VPOS="1235" WIDTH="81" HEIGHT="22" WC="0.96" CONTENT="vara"/><SP WIDTH="15" VPOS="1235" HPOS="481"/>
							<String ID="string_231" HPOS="496" VPOS="1224" WIDTH="186" HEIGHT="41" WC="0.96" CONTENT="angelägna"/><SP WIDTH="16" VPOS="1224" HPOS="682"/>
							<String ID="string_232" HPOS="698" VPOS="1228" WIDTH="54" HEIGHT="29" WC="0.96" CONTENT="att"/><SP WIDTH="14" VPOS="1228" HPOS="752"/>
							<String ID="string_233" HPOS="766" VPOS="1224" WIDTH="164" HEIGHT="34" WC="0.96" CONTENT="fortsätta"/><SP WIDTH="15" VPOS="1224" HPOS="930"/>
							<String ID="string_234" HPOS="945" VPOS="1225" WIDTH="70" HEIGHT="33" WC="0.96" CONTENT="sina"/><SP WIDTH="16" VPOS="1225" HPOS="1015"/>
							<String ID="string_235" HPOS="1031" VPOS="1225" WIDTH="130" HEIGHT="34" WC="0.96" CONTENT="studier"/><SP WIDTH="13" VPOS="1225" HPOS="1161"/>
							<String ID="string_236" HPOS="1174" VPOS="1226" WIDTH="57" HEIGHT="33" WC="0.96" CONTENT="vid"/><SP WIDTH="15" VPOS="1226" HPOS="1231"/>
							<String ID="string_237" HPOS="1246" VPOS="1226" WIDTH="152" HEIGHT="34" WC="0.96" CONTENT="tekniskt"/><SP WIDTH="15" VPOS="1226" HPOS="1398"/>
							<String ID="string_238" HPOS="1413" VPOS="1227" WIDTH="228" HEIGHT="41" WC="0.96" CONTENT="gymnasium,"/><SP WIDTH="17" VPOS="1227" HPOS="1641"/>
							<String ID="string_239" HPOS="1658" VPOS="1231" WIDTH="37" HEIGHT="30" WC="0.96" CONTENT="är"/><SP WIDTH="14" VPOS="1231" HPOS="1695"/>
							<String ID="string_240" HPOS="1709" VPOS="1227" WIDTH="58" HEIGHT="34" WC="0.96" CONTENT="det"/>
						</TextLine>
						<TextLine ID="line_24" HPOS="280" VPOS="1267" WIDTH="1487" HEIGHT="46">
							<String ID="string_241" HPOS="280" VPOS="1267" WIDTH="142" HEIGHT="41" WC="0.96" CONTENT="givetvis"/><SP WIDTH="16" VPOS="1267" HPOS="422"/>
							<String ID="string_242" HPOS="438" VPOS="1268" WIDTH="95" HEIGHT="33" WC="0.96" CONTENT="svårt"/><SP WIDTH="13" VPOS="1268" HPOS="533"/>
							<String ID="string_243" HPOS="546" VPOS="1272" WIDTH="52" HEIGHT="29" WC="0.96" CONTENT="att"/><SP WIDTH="16" VPOS="1272" HPOS="598"/>
							<String ID="string_244" HPOS="614" VPOS="1268" WIDTH="89" HEIGHT="33" WC="0.96" CONTENT="bilda"/><SP WIDTH="16" VPOS="1268" HPOS="703"/>
							<String ID="string_245" HPOS="719" VPOS="1268" WIDTH="49" HEIGHT="42" WC="0.96" CONTENT="sig"/><SP WIDTH="16" VPOS="1268" HPOS="768"/>
							<String ID="string_246" HPOS="784" VPOS="1280" WIDTH="40" HEIGHT="22" WC="0.96" CONTENT="en"/><SP WIDTH="15" VPOS="1280" HPOS="824"/>
							<String ID="string_247" HPOS="839" VPOS="1268" WIDTH="220" HEIGHT="43" WC="0.96" CONTENT="uppfattning"/><SP WIDTH="15" VPOS="1268" HPOS="1059"/>
							<String ID="string_248" HPOS="1074" VPOS="1282" WIDTH="66" HEIGHT="21" WC="0.96" CONTENT="om."/><SP WIDTH="16" VPOS="1282" HPOS="1140"/>
							<String ID="string_249" HPOS="1156" VPOS="1270" WIDTH="123" HEIGHT="33" WC="0.96" CONTENT="Redan"/><SP WIDTH="16" VPOS="1270" HPOS="1279"/>
							<String ID="string_250" HPOS="1295" VPOS="1271" WIDTH="77" HEIGHT="34" WC="0.95" CONTENT="med"/><SP WIDTH="16" VPOS="1271" HPOS="1372"/>
							<String ID="string_251" HPOS="1388" VPOS="1270" WIDTH="133" HEIGHT="43" WC="0.96" CONTENT="hänsyn"/><SP WIDTH="16" VPOS="1270" HPOS="1521"/>
							<String ID="string_252" HPOS="1537" VPOS="1271" WIDTH="49" HEIGHT="34" WC="0.96" CONTENT="till"/><SP WIDTH="16" VPOS="1271" HPOS="1586"/>
							<String ID="string_253" HPOS="1602" VPOS="1271" WIDTH="57" HEIGHT="34" WC="0.96" CONTENT="det"/><SP WIDTH="16" VPOS="1271" HPOS="1659"/>
							<String ID="string_254" HPOS="1675" VPOS="1276" WIDTH="92" HEIGHT="29" WC="0.96" CONTENT="stora"/>
						</TextLine>
						<TextLine ID="line_25" HPOS="280" VPOS="1311" WIDTH="1485" HEIGHT="46">
							<String ID="string_255" HPOS="280" VPOS="1311" WIDTH="137" HEIGHT="35" WC="0.96" CONTENT="intresse"/><SP WIDTH="17" VPOS="1311" HPOS="417"/>
							<String ID="string_256" HPOS="434" VPOS="1311" WIDTH="52" HEIGHT="34" WC="0.96" CONTENT="för"/><SP WIDTH="19" VPOS="1311" HPOS="486"/>
							<String ID="string_257" HPOS="505" VPOS="1312" WIDTH="216" HEIGHT="34" WC="0.96" CONTENT="anordnande"/><SP WIDTH="20" VPOS="1312" HPOS="721"/>
							<String ID="string_258" HPOS="741" VPOS="1325" WIDTH="43" HEIGHT="21" WC="0.96" CONTENT="av"/><SP WIDTH="19" VPOS="1325" HPOS="784"/>
							<String ID="string_259" HPOS="803" VPOS="1312" WIDTH="256" HEIGHT="43" WC="0.96" CONTENT="ifrågavarande"/><SP WIDTH="19" VPOS="1312" HPOS="1059"/>
							<String ID="string_260" HPOS="1078" VPOS="1314" WIDTH="250" HEIGHT="43" WC="0.96" CONTENT="undervisning,"/><SP WIDTH="20" VPOS="1314" HPOS="1328"/>
							<String ID="string_261" HPOS="1348" VPOS="1327" WIDTH="72" HEIGHT="21" WC="0.96" CONTENT="som"/><SP WIDTH="19" VPOS="1327" HPOS="1420"/>
							<String ID="string_262" HPOS="1439" VPOS="1315" WIDTH="9" HEIGHT="34" WC="0.96" CONTENT="i"/><SP WIDTH="19" VPOS="1315" HPOS="1448"/>
							<String ID="string_263" HPOS="1467" VPOS="1315" WIDTH="75" HEIGHT="33" WC="0.96" CONTENT="hela"/><SP WIDTH="20" VPOS="1315" HPOS="1542"/>
							<String ID="string_264" HPOS="1562" VPOS="1318" WIDTH="78" HEIGHT="31" WC="0.93" CONTENT="övre"/><SP WIDTH="19" VPOS="1318" HPOS="1640"/>
							<String ID="string_265" HPOS="1659" VPOS="1316" WIDTH="106" HEIGHT="33" WC="0.89" CONTENT="Norr-"/>
						</TextLine>
						<TextLine ID="line_26" HPOS="279" VPOS="1355" WIDTH="1486" HEIGHT="44">
							<String ID="string_266" HPOS="279" VPOS="1355" WIDTH="79" HEIGHT="34" WC="0.96" CONTENT="land"/><SP WIDTH="15" VPOS="1355" HPOS="358"/>
							<String ID="string_267" HPOS="373" VPOS="1356" WIDTH="146" HEIGHT="34" WC="0.96" CONTENT="kommit"/><SP WIDTH="16" VPOS="1356" HPOS="519"/>
							<String ID="string_268" HPOS="535" VPOS="1356" WIDTH="50" HEIGHT="34" WC="0.96" CONTENT="till"/><SP WIDTH="17" VPOS="1356" HPOS="585"/>
							<String ID="string_269" HPOS="602" VPOS="1356" WIDTH="149" HEIGHT="43" WC="0.96" CONTENT="uttryck,"/><SP WIDTH="16" VPOS="1356" HPOS="751"/>
							<String ID="string_270" HPOS="767" VPOS="1356" WIDTH="68" HEIGHT="34" WC="0.96" CONTENT="kan"/><SP WIDTH="16" VPOS="1356" HPOS="835"/>
							<String ID="string_271" HPOS="851" VPOS="1357" WIDTH="181" HEIGHT="35" WC="0.96" CONTENT="emellertid"/><SP WIDTH="17" VPOS="1357" HPOS="1032"/>
							<String ID="string_272" HPOS="1049" VPOS="1357" WIDTH="153" HEIGHT="41" WC="0.96" CONTENT="förutses,"/><SP WIDTH="18" VPOS="1357" HPOS="1202"/>
							<String ID="string_273" HPOS="1220" VPOS="1363" WIDTH="53" HEIGHT="29" WC="0.96" CONTENT="att"/><SP WIDTH="16" VPOS="1363" HPOS="1273"/>
							<String ID="string_274" HPOS="1289" VPOS="1371" WIDTH="41" HEIGHT="21" WC="0.96" CONTENT="en"/><SP WIDTH="17" VPOS="1371" HPOS="1330"/>
							<String ID="string_275" HPOS="1347" VPOS="1358" WIDTH="104" HEIGHT="35" WC="0.93" CONTENT="första"/><SP WIDTH="18" VPOS="1358" HPOS="1451"/>
							<String ID="string_276" HPOS="1469" VPOS="1359" WIDTH="155" HEIGHT="40" WC="0.89" CONTENT="årsklass,"/><SP WIDTH="18" VPOS="1359" HPOS="1624"/>
							<String ID="string_277" HPOS="1642" VPOS="1359" WIDTH="123" HEIGHT="35" WC="0.92" CONTENT="omfat-"/>
						</TextLine>
						<TextLine ID="line_27" HPOS="278" VPOS="1400" WIDTH="1488" HEIGHT="46">
							<String ID="string_278" HPOS="278" VPOS="1401" WIDTH="104" HEIGHT="32" WC="0.96" CONTENT="tande"/><SP WIDTH="20" VPOS="1401" HPOS="382"/>
							<String ID="string_279" HPOS="402" VPOS="1403" WIDTH="19" HEIGHT="30" WC="0.95" CONTENT="2"/><SP WIDTH="22" VPOS="1403" HPOS="421"/>
							<String ID="string_280" HPOS="443" VPOS="1400" WIDTH="218" HEIGHT="42" WC="0.95" CONTENT="avdelningar"/><SP WIDTH="20" VPOS="1400" HPOS="661"/>
							<String ID="string_281" HPOS="681" VPOS="1402" WIDTH="76" HEIGHT="33" WC="0.93" CONTENT="med"/><SP WIDTH="22" VPOS="1402" HPOS="757"/>
							<String ID="string_282" HPOS="779" VPOS="1401" WIDTH="142" HEIGHT="42" WC="0.92" CONTENT="tillhopa"/><SP WIDTH="19" VPOS="1401" HPOS="921"/>
							<String ID="string_283" HPOS="940" VPOS="1405" WIDTH="43" HEIGHT="30" WC="0.96" CONTENT="60"/><SP WIDTH="22" VPOS="1405" HPOS="983"/>
							<String ID="string_284" HPOS="1005" VPOS="1402" WIDTH="118" HEIGHT="40" WC="0.96" CONTENT="elever,"/><SP WIDTH="22" VPOS="1402" HPOS="1123"/>
							<String ID="string_285" HPOS="1145" VPOS="1402" WIDTH="104" HEIGHT="34" WC="0.96" CONTENT="skulle"/><SP WIDTH="21" VPOS="1402" HPOS="1249"/>
							<String ID="string_286" HPOS="1270" VPOS="1403" WIDTH="116" HEIGHT="34" WC="0.96" CONTENT="kunna"/><SP WIDTH="20" VPOS="1403" HPOS="1386"/>
							<String ID="string_287" HPOS="1406" VPOS="1407" WIDTH="154" HEIGHT="39" WC="0.96" CONTENT="mottaga"/><SP WIDTH="23" VPOS="1407" HPOS="1560"/>
							<String ID="string_288" HPOS="1583" VPOS="1404" WIDTH="120" HEIGHT="35" WC="0.96" CONTENT="endast"/><SP WIDTH="22" VPOS="1404" HPOS="1703"/>
							<String ID="string_289" HPOS="1725" VPOS="1416" WIDTH="41" HEIGHT="22" WC="0.96" CONTENT="en"/>
						</TextLine>
						<TextLine ID="line_28" HPOS="279" VPOS="1444" WIDTH="1042" HEIGHT="37">
							<String ID="string_290" HPOS="279" VPOS="1444" WIDTH="129" HEIGHT="34" WC="0.96" CONTENT="mindre"/><SP WIDTH="20" VPOS="1444" HPOS="408"/>
							<String ID="string_291" HPOS="428" VPOS="1444" WIDTH="53" HEIGHT="34" WC="0.96" CONTENT="del"/><SP WIDTH="21" VPOS="1444" HPOS="481"/>
							<String ID="string_292" HPOS="502" VPOS="1457" WIDTH="44" HEIGHT="21" WC="0.96" CONTENT="av"/><SP WIDTH="20" VPOS="1457" HPOS="546"/>
							<String ID="string_293" HPOS="566" VPOS="1445" WIDTH="41" HEIGHT="34" WC="0.93" CONTENT="de"/><SP WIDTH="19" VPOS="1445" HPOS="607"/>
							<String ID="string_294" HPOS="626" VPOS="1445" WIDTH="296" HEIGHT="36" WC="0.91" CONTENT="inträdessökande"/><SP WIDTH="20" VPOS="1445" HPOS="922"/>
							<String ID="string_295" HPOS="942" VPOS="1445" WIDTH="75" HEIGHT="34" WC="0.96" CONTENT="från"/><SP WIDTH="21" VPOS="1445" HPOS="1017"/>
							<String ID="string_296" HPOS="1038" VPOS="1449" WIDTH="79" HEIGHT="31" WC="0.96" CONTENT="övre"/><SP WIDTH="20" VPOS="1449" HPOS="1117"/>
							<String ID="string_297" HPOS="1137" VPOS="1447" WIDTH="184" HEIGHT="33" WC="0.96" CONTENT="Norrland."/>
						</TextLine>
					</TextBlock>
					<TextBlock ID="block_4" HPOS="277" VPOS="1486" WIDTH="1489" HEIGHT="178">
						<TextLine ID="line_29" HPOS="324" VPOS="1486" WIDTH="1442" HEIGHT="51">
							<String ID="string_298" HPOS="324" VPOS="1486" WIDTH="177" HEIGHT="45" WC="0.96" CONTENT="Åtskilliga"/><SP WIDTH="25" VPOS="1486" HPOS="501"/>
							<String ID="string_299" HPOS="526" VPOS="1501" WIDTH="43" HEIGHT="21" WC="0.96" CONTENT="av"/><SP WIDTH="23" VPOS="1501" HPOS="569"/>
							<String ID="string_300" HPOS="592" VPOS="1490" WIDTH="151" HEIGHT="33" WC="0.96" CONTENT="eleverna"/><SP WIDTH="23" VPOS="1490" HPOS="743"/>
							<String ID="string_301" HPOS="766" VPOS="1490" WIDTH="139" HEIGHT="34" WC="0.96" CONTENT="komma"/><SP WIDTH="23" VPOS="1490" HPOS="905"/>
							<String ID="string_302" HPOS="928" VPOS="1490" WIDTH="143" HEIGHT="47" WC="0.96" CONTENT="givetvis"/><SP WIDTH="24" VPOS="1490" HPOS="1071"/>
							<String ID="string_303" HPOS="1095" VPOS="1495" WIDTH="52" HEIGHT="29" WC="0.92" CONTENT="att"/><SP WIDTH="23" VPOS="1495" HPOS="1147"/>
							<String ID="string_304" HPOS="1170" VPOS="1491" WIDTH="128" HEIGHT="42" WC="0.92" CONTENT="nödgas"/><SP WIDTH="24" VPOS="1491" HPOS="1298"/>
							<String ID="string_305" HPOS="1322" VPOS="1491" WIDTH="43" HEIGHT="34" WC="0.93" CONTENT="bo"/><SP WIDTH="24" VPOS="1491" HPOS="1365"/>
							<String ID="string_306" HPOS="1389" VPOS="1492" WIDTH="274" HEIGHT="41" WC="0.91" CONTENT="inackorderade,"/><SP WIDTH="23" VPOS="1492" HPOS="1663"/>
							<String ID="string_307" HPOS="1686" VPOS="1496" WIDTH="80" HEIGHT="31" WC="0.96" CONTENT="enär"/>
						</TextLine>
						<TextLine ID="line_30" HPOS="280" VPOS="1532" WIDTH="1484" HEIGHT="45">
							<String ID="string_308" HPOS="280" VPOS="1533" WIDTH="41" HEIGHT="33" WC="0.96" CONTENT="de"/><SP WIDTH="17" VPOS="1533" HPOS="321"/>
							<String ID="string_309" HPOS="338" VPOS="1532" WIDTH="43" HEIGHT="34" WC="0.97" CONTENT="ha"/><SP WIDTH="20" VPOS="1532" HPOS="381"/>
							<String ID="string_310" HPOS="401" VPOS="1533" WIDTH="71" HEIGHT="33" WC="0.96" CONTENT="sina"/><SP WIDTH="20" VPOS="1533" HPOS="472"/>
							<String ID="string_311" HPOS="492" VPOS="1533" WIDTH="78" HEIGHT="33" WC="0.96" CONTENT="hem"/><SP WIDTH="17" VPOS="1533" HPOS="570"/>
							<String ID="string_312" HPOS="587" VPOS="1538" WIDTH="95" HEIGHT="29" WC="0.92" CONTENT="utom"/><SP WIDTH="20" VPOS="1538" HPOS="682"/>
							<String ID="string_313" HPOS="702" VPOS="1533" WIDTH="204" HEIGHT="35" WC="0.91" CONTENT="skolstaden."/><SP WIDTH="19" VPOS="1533" HPOS="906"/>
							<String ID="string_314" HPOS="925" VPOS="1532" WIDTH="99" HEIGHT="36" WC="0.93" CONTENT="Även"/><SP WIDTH="18" VPOS="1532" HPOS="1024"/>
							<String ID="string_315" HPOS="1042" VPOS="1535" WIDTH="394" HEIGHT="42" WC="0.90" CONTENT="inackorderingsfrågan"/><SP WIDTH="19" VPOS="1535" HPOS="1436"/>
							<String ID="string_316" HPOS="1455" VPOS="1539" WIDTH="36" HEIGHT="31" WC="0.96" CONTENT="är"/><SP WIDTH="21" VPOS="1539" HPOS="1491"/>
							<String ID="string_317" HPOS="1512" VPOS="1537" WIDTH="112" HEIGHT="34" WC="0.96" CONTENT="därför"/><SP WIDTH="20" VPOS="1537" HPOS="1624"/>
							<String ID="string_318" HPOS="1644" VPOS="1550" WIDTH="44" HEIGHT="20" WC="0.91" CONTENT="av"/><SP WIDTH="20" VPOS="1550" HPOS="1688"/>
							<String ID="string_319" HPOS="1708" VPOS="1538" WIDTH="56" HEIGHT="33" WC="0.91" CONTENT="be-"/>
						</TextLine>
						<TextLine ID="line_31" HPOS="277" VPOS="1577" WIDTH="1488" HEIGHT="46">
							<String ID="string_320" HPOS="277" VPOS="1577" WIDTH="140" HEIGHT="42" WC="0.88" CONTENT="tydelse."/><SP WIDTH="24" VPOS="1577" HPOS="417"/>
							<String ID="string_321" HPOS="441" VPOS="1577" WIDTH="117" HEIGHT="42" WC="0.96" CONTENT="Enligt"/><SP WIDTH="23" VPOS="1577" HPOS="558"/>
							<String ID="string_322" HPOS="581" VPOS="1577" WIDTH="196" HEIGHT="36" WC="0.96" CONTENT="inhämtade"/><SP WIDTH="23" VPOS="1577" HPOS="777"/>
							<String ID="string_323" HPOS="800" VPOS="1578" WIDTH="243" HEIGHT="43" WC="0.96" CONTENT="upplysningar"/><SP WIDTH="23" VPOS="1578" HPOS="1043"/>
							<String ID="string_324" HPOS="1066" VPOS="1582" WIDTH="36" HEIGHT="30" WC="0.97" CONTENT="är"/><SP WIDTH="23" VPOS="1582" HPOS="1102"/>
							<String ID="string_325" HPOS="1125" VPOS="1579" WIDTH="207" HEIGHT="43" WC="0.96" CONTENT="ungefärliga"/><SP WIDTH="23" VPOS="1579" HPOS="1332"/>
							<String ID="string_326" HPOS="1355" VPOS="1580" WIDTH="104" HEIGHT="42" WC="0.96" CONTENT="priset"/><SP WIDTH="23" VPOS="1580" HPOS="1459"/>
							<String ID="string_327" HPOS="1482" VPOS="1592" WIDTH="60" HEIGHT="31" WC="0.96" CONTENT="per"/><SP WIDTH="23" VPOS="1592" HPOS="1542"/>
							<String ID="string_328" HPOS="1565" VPOS="1582" WIDTH="125" HEIGHT="34" WC="0.96" CONTENT="månad"/><SP WIDTH="23" VPOS="1582" HPOS="1690"/>
							<String ID="string_329" HPOS="1713" VPOS="1582" WIDTH="52" HEIGHT="34" WC="0.96" CONTENT="för"/>
						</TextLine>
						<TextLine ID="line_32" HPOS="277" VPOS="1621" WIDTH="1289" HEIGHT="43">
							<String ID="string_330" HPOS="277" VPOS="1621" WIDTH="318" HEIGHT="42" WC="0.90" CONTENT="helinackordering,"/><SP WIDTH="18" VPOS="1621" HPOS="595"/>
							<String ID="string_331" HPOS="613" VPOS="1622" WIDTH="118" HEIGHT="33" WC="0.96" CONTENT="endast"/><SP WIDTH="17" VPOS="1622" HPOS="731"/>
							<String ID="string_332" HPOS="748" VPOS="1622" WIDTH="78" HEIGHT="34" WC="0.96" CONTENT="kost"/><SP WIDTH="18" VPOS="1622" HPOS="826"/>
							<String ID="string_333" HPOS="844" VPOS="1628" WIDTH="88" HEIGHT="28" WC="0.96" CONTENT="samt"/><SP WIDTH="19" VPOS="1628" HPOS="932"/>
							<String ID="string_334" HPOS="951" VPOS="1623" WIDTH="118" HEIGHT="34" WC="0.96" CONTENT="endast"/><SP WIDTH="17" VPOS="1623" HPOS="1069"/>
							<String ID="string_335" HPOS="1086" VPOS="1635" WIDTH="87" HEIGHT="28" WC="0.96" CONTENT="rum,"/><SP WIDTH="20" VPOS="1635" HPOS="1173"/>
							<String ID="string_336" HPOS="1193" VPOS="1624" WIDTH="91" HEIGHT="34" WC="0.96" CONTENT="delat"/><SP WIDTH="19" VPOS="1624" HPOS="1284"/>
							<String ID="string_337" HPOS="1303" VPOS="1624" WIDTH="75" HEIGHT="33" WC="0.96" CONTENT="eller"/><SP WIDTH="18" VPOS="1624" HPOS="1378"/>
							<String ID="string_338" HPOS="1396" VPOS="1629" WIDTH="144" HEIGHT="35" WC="0.96" CONTENT="ensamt,"/><SP WIDTH="16" VPOS="1629" HPOS="1540"/>
							<String ID="string_339" HPOS="1556" VPOS="1625" WIDTH="10" HEIGHT="34" WC="0.96" CONTENT="i"/>
						</TextLine>
					</TextBlock>
				</ComposedBlock>
				<ComposedBlock ID="cblock_2" HPOS="276" VPOS="1691" WIDTH="1051" HEIGHT="149">
					<TextBlock ID="block_5" HPOS="276" VPOS="1691" WIDTH="1051" HEIGHT="149">
						<TextLine ID="line_33" HPOS="277" VPOS="1691" WIDTH="1050" HEIGHT="44">
							<String ID="string_340" HPOS="277" VPOS="1691" WIDTH="179" HEIGHT="42" WC="0.91" CONTENT="Skellefteå"/><SP WIDTH="36" VPOS="1691" HPOS="456"/>
							<String ID="string_341" HPOS="492" VPOS="1696" WIDTH="189" HEIGHT="36" WC="0.81" CONTENT="110—135,"/><SP WIDTH="15" VPOS="1696" HPOS="681"/>
							<String ID="string_342" HPOS="696" VPOS="1696" WIDTH="170" HEIGHT="37" WC="0.84" CONTENT="80—105,"/><SP WIDTH="15" VPOS="1696" HPOS="866"/>
							<String ID="string_343" HPOS="881" VPOS="1696" WIDTH="147" HEIGHT="37" WC="0.88" CONTENT="20—50,"/><SP WIDTH="15" VPOS="1696" HPOS="1028"/>
							<String ID="string_344" HPOS="1043" VPOS="1697" WIDTH="134" HEIGHT="31" WC="0.86" CONTENT="35—50"/><SP WIDTH="14" VPOS="1697" HPOS="1177"/>
							<String ID="string_345" HPOS="1191" VPOS="1694" WIDTH="136" HEIGHT="41" WC="0.96" CONTENT="kronor;"/>
						</TextLine>
						<TextLine ID="line_34" HPOS="280" VPOS="1744" WIDTH="788" HEIGHT="44">
							<String ID="string_346" HPOS="280" VPOS="1744" WIDTH="191" HEIGHT="43" WC="0.92" CONTENT="(medelpris"/><SP WIDTH="63" VPOS="1744" HPOS="471"/>
							<String ID="string_347" HPOS="534" VPOS="1749" WIDTH="62" HEIGHT="30" WC="0.69" CONTENT="117"/><SP WIDTH="162" VPOS="1749" HPOS="596"/>
							<String ID="string_348" HPOS="758" VPOS="1749" WIDTH="42" HEIGHT="30" WC="0.95" CONTENT="88"/><SP WIDTH="215" VPOS="1749" HPOS="800"/>
							<String ID="string_349" HPOS="1015" VPOS="1746" WIDTH="53" HEIGHT="42" WC="0.93" CONTENT="40)"/>
						</TextLine>
						<TextLine ID="line_35" HPOS="276" VPOS="1797" WIDTH="992" HEIGHT="43">
							<String ID="string_350" HPOS="276" VPOS="1797" WIDTH="106" HEIGHT="34" WC="0.95" CONTENT="Luleå"/><SP WIDTH="107" VPOS="1797" HPOS="382"/>
							<String ID="string_351" HPOS="489" VPOS="1802" WIDTH="189" HEIGHT="36" WC="0.86" CONTENT="110—150,"/><SP WIDTH="18" VPOS="1802" HPOS="678"/>
							<String ID="string_352" HPOS="696" VPOS="1802" WIDTH="169" HEIGHT="37" WC="0.20" CONTENT="735—10535,"/><SP WIDTH="18" VPOS="1802" HPOS="865"/>
							<String ID="string_353" HPOS="883" VPOS="1803" WIDTH="145" HEIGHT="37" WC="0.85" CONTENT="25—40,"/><SP WIDTH="17" VPOS="1803" HPOS="1028"/>
							<String ID="string_354" HPOS="1045" VPOS="1803" WIDTH="134" HEIGHT="31" WC="0.72" CONTENT="40—60"/><SP WIDTH="73" VPOS="1803" HPOS="1179"/>
							<String ID="string_355" HPOS="1252" VPOS="1816" WIDTH="16" HEIGHT="16" WC="0.93" CONTENT="»"/>
						</TextLine>
					</TextBlock>
				</ComposedBlock>
				<ComposedBlock ID="cblock_3" HPOS="274" VPOS="1882" WIDTH="1491" HEIGHT="711">
					<TextBlock ID="block_6" HPOS="276" VPOS="1882" WIDTH="1488" HEIGHT="85">
						<TextLine ID="line_36" HPOS="318" VPOS="1882" WIDTH="1446" HEIGHT="85">
							<String ID="string_356" HPOS="318" VPOS="1882" WIDTH="128" HEIGHT="85" WC="0.0" CONTENT="Ljägon"/><SP WIDTH="17" VPOS="1882" HPOS="446"/>
							<String ID="string_357" HPOS="463" VPOS="1886" WIDTH="178" HEIGHT="35" WC="0.96" CONTENT="markerad"/><SP WIDTH="19" VPOS="1886" HPOS="641"/>
							<String ID="string_358" HPOS="660" VPOS="1887" WIDTH="144" HEIGHT="35" WC="0.95" CONTENT="skillnad"/><SP WIDTH="16" VPOS="1887" HPOS="804"/>
							<String ID="string_359" HPOS="820" VPOS="1888" WIDTH="10" HEIGHT="33" WC="0.96" CONTENT="i"/><SP WIDTH="18" VPOS="1888" HPOS="830"/>
							<String ID="string_360" HPOS="848" VPOS="1888" WIDTH="147" HEIGHT="42" WC="0.95" CONTENT="priserna"/><SP WIDTH="16" VPOS="1888" HPOS="995"/>
							<String ID="string_361" HPOS="1011" VPOS="1901" WIDTH="98" HEIGHT="30" WC="0.96" CONTENT="synes"/><SP WIDTH="19" VPOS="1901" HPOS="1109"/>
							<String ID="string_362" HPOS="1128" VPOS="1889" WIDTH="99" HEIGHT="34" WC="0.95" CONTENT="alltså"/><SP WIDTH="19" VPOS="1889" HPOS="1227"/>
							<String ID="string_363" HPOS="1246" VPOS="1890" WIDTH="29" HEIGHT="42" WC="0.96" CONTENT="ej"/><SP WIDTH="20" VPOS="1890" HPOS="1275"/>
							<String ID="string_364" HPOS="1295" VPOS="1890" WIDTH="160" HEIGHT="44" WC="0.96" CONTENT="föreligga"/><SP WIDTH="17" VPOS="1890" HPOS="1455"/>
							<String ID="string_365" HPOS="1472" VPOS="1891" WIDTH="122" HEIGHT="34" WC="0.96" CONTENT="mellan"/><SP WIDTH="19" VPOS="1891" HPOS="1594"/>
							<String ID="string_366" HPOS="1613" VPOS="1893" WIDTH="41" HEIGHT="33" WC="0.96" CONTENT="de"/><SP WIDTH="18" VPOS="1893" HPOS="1654"/>
							<String ID="string_367" HPOS="1672" VPOS="1892" WIDTH="92" HEIGHT="34" WC="0.96" CONTENT="båda"/>
						</TextLine>
						<TextLine ID="line_37" HPOS="276" VPOS="1933" WIDTH="167" HEIGHT="31">
							<String ID="string_368" HPOS="276" VPOS="1933" WIDTH="167" HEIGHT="31" WC="0.96" CONTENT="städerna."/>
						</TextLine>
					</TextBlock>
					<TextBlock ID="block_7" HPOS="276" VPOS="1974" WIDTH="1489" HEIGHT="221">
						<TextLine ID="line_38" HPOS="322" VPOS="1974" WIDTH="1441" HEIGHT="51">
							<String ID="string_369" HPOS="322" VPOS="1974" WIDTH="18" HEIGHT="33" WC="0.96" CONTENT="I"/><SP WIDTH="16" VPOS="1974" HPOS="340"/>
							<String ID="string_370" HPOS="356" VPOS="1974" WIDTH="179" HEIGHT="34" WC="0.88" CONTENT="Skellefteå"/><SP WIDTH="17" VPOS="1974" HPOS="535"/>
							<String ID="string_371" HPOS="552" VPOS="1987" WIDTH="99" HEIGHT="30" WC="0.96" CONTENT="synas"/><SP WIDTH="17" VPOS="1987" HPOS="651"/>
							<String ID="string_372" HPOS="668" VPOS="1976" WIDTH="254" HEIGHT="42" WC="0.96" CONTENT="möjligheterna"/><SP WIDTH="16" VPOS="1976" HPOS="922"/>
							<String ID="string_373" HPOS="938" VPOS="1977" WIDTH="49" HEIGHT="33" WC="0.93" CONTENT="till"/><SP WIDTH="14" VPOS="1977" HPOS="987"/>
							<String ID="string_374" HPOS="1001" VPOS="1977" WIDTH="310" HEIGHT="44" WC="0.92" CONTENT="helinackordering"/><SP WIDTH="14" VPOS="1977" HPOS="1311"/>
							<String ID="string_375" HPOS="1325" VPOS="1978" WIDTH="52" HEIGHT="34" WC="0.96" CONTENT="för"/><SP WIDTH="15" VPOS="1978" HPOS="1377"/>
							<String ID="string_376" HPOS="1392" VPOS="1979" WIDTH="150" HEIGHT="46" WC="0.96" CONTENT="ungdom"/><SP WIDTH="16" VPOS="1979" HPOS="1542"/>
							<String ID="string_377" HPOS="1558" VPOS="1993" WIDTH="80" HEIGHT="21" WC="0.93" CONTENT="vara"/><SP WIDTH="17" VPOS="1993" HPOS="1638"/>
							<String ID="string_378" HPOS="1655" VPOS="1993" WIDTH="108" HEIGHT="30" WC="0.91" CONTENT="gynn-"/>
						</TextLine>
						<TextLine ID="line_39" HPOS="279" VPOS="2019" WIDTH="1486" HEIGHT="48">
							<String ID="string_379" HPOS="279" VPOS="2031" WIDTH="141" HEIGHT="21" WC="0.96" CONTENT="samma."/><SP WIDTH="28" VPOS="2031" HPOS="420"/>
							<String ID="string_380" HPOS="448" VPOS="2019" WIDTH="18" HEIGHT="32" WC="0.96" CONTENT="I"/><SP WIDTH="28" VPOS="2019" HPOS="466"/>
							<String ID="string_381" HPOS="494" VPOS="2019" WIDTH="103" HEIGHT="34" WC="0.95" CONTENT="Luleå"/><SP WIDTH="27" VPOS="2019" HPOS="597"/>
							<String ID="string_382" HPOS="624" VPOS="2020" WIDTH="85" HEIGHT="33" WC="0.95" CONTENT="lärer"/><SP WIDTH="27" VPOS="2020" HPOS="709"/>
							<String ID="string_383" HPOS="736" VPOS="2021" WIDTH="170" HEIGHT="42" WC="0.96" CONTENT="svårighet"/><SP WIDTH="28" VPOS="2021" HPOS="906"/>
							<String ID="string_384" HPOS="934" VPOS="2025" WIDTH="52" HEIGHT="30" WC="0.96" CONTENT="att"/><SP WIDTH="28" VPOS="2025" HPOS="986"/>
							<String ID="string_385" HPOS="1014" VPOS="2022" WIDTH="122" HEIGHT="33" WC="0.93" CONTENT="erhålla"/><SP WIDTH="27" VPOS="2022" HPOS="1136"/>
							<String ID="string_386" HPOS="1163" VPOS="2022" WIDTH="311" HEIGHT="44" WC="0.92" CONTENT="helinackordering"/><SP WIDTH="25" VPOS="2022" HPOS="1474"/>
							<String ID="string_387" HPOS="1499" VPOS="2024" WIDTH="159" HEIGHT="43" WC="0.96" CONTENT="föreligga"/><SP WIDTH="28" VPOS="2024" HPOS="1658"/>
							<String ID="string_388" HPOS="1686" VPOS="2037" WIDTH="79" HEIGHT="22" WC="0.96" CONTENT="men"/>
						</TextLine>
						<TextLine ID="line_40" HPOS="276" VPOS="2063" WIDTH="1486" HEIGHT="44">
							<String ID="string_389" HPOS="276" VPOS="2063" WIDTH="94" HEIGHT="33" WC="0.96" CONTENT="detta"/><SP WIDTH="17" VPOS="2063" HPOS="370"/>
							<String ID="string_390" HPOS="387" VPOS="2063" WIDTH="163" HEIGHT="34" WC="0.96" CONTENT="förklaras"/><SP WIDTH="17" VPOS="2063" HPOS="550"/>
							<String ID="string_391" HPOS="567" VPOS="2064" WIDTH="9" HEIGHT="33" WC="0.96" CONTENT="i"/><SP WIDTH="18" VPOS="2064" HPOS="576"/>
							<String ID="string_392" HPOS="594" VPOS="2064" WIDTH="182" HEIGHT="34" WC="0.95" CONTENT="allmänhet"/><SP WIDTH="17" VPOS="2064" HPOS="776"/>
							<String ID="string_393" HPOS="793" VPOS="2065" WIDTH="78" HEIGHT="34" WC="0.97" CONTENT="bero"/><SP WIDTH="17" VPOS="2065" HPOS="871"/>
							<String ID="string_394" HPOS="888" VPOS="2066" WIDTH="44" HEIGHT="41" WC="0.96" CONTENT="på"/><SP WIDTH="17" VPOS="2066" HPOS="932"/>
							<String ID="string_395" HPOS="949" VPOS="2066" WIDTH="196" HEIGHT="34" WC="0.96" CONTENT="nuvarande"/><SP WIDTH="17" VPOS="2066" HPOS="1145"/>
							<String ID="string_396" HPOS="1162" VPOS="2067" WIDTH="252" HEIGHT="34" WC="0.95" CONTENT="extraordinära"/><SP WIDTH="16" VPOS="2067" HPOS="1414"/>
							<String ID="string_397" HPOS="1430" VPOS="2068" WIDTH="244" HEIGHT="34" WC="0.93" CONTENT="förhållanden."/><SP WIDTH="18" VPOS="2068" HPOS="1674"/>
							<String ID="string_398" HPOS="1692" VPOS="2069" WIDTH="70" HEIGHT="34" WC="0.92" CONTENT="An-"/>
						</TextLine>
						<TextLine ID="line_41" HPOS="278" VPOS="2107" WIDTH="1486" HEIGHT="44">
							<String ID="string_399" HPOS="278" VPOS="2107" WIDTH="215" HEIGHT="42" WC="0.96" CONTENT="märkningar"/><SP WIDTH="15" VPOS="2107" HPOS="493"/>
							<String ID="string_400" HPOS="508" VPOS="2107" WIDTH="106" HEIGHT="35" WC="0.96" CONTENT="riktas"/><SP WIDTH="18" VPOS="2107" HPOS="614"/>
							<String ID="string_401" HPOS="632" VPOS="2111" WIDTH="86" HEIGHT="30" WC="0.96" CONTENT="även"/><SP WIDTH="17" VPOS="2111" HPOS="718"/>
							<String ID="string_402" HPOS="735" VPOS="2114" WIDTH="74" HEIGHT="29" WC="0.97" CONTENT="mot"/><SP WIDTH="17" VPOS="2114" HPOS="809"/>
							<String ID="string_403" HPOS="826" VPOS="2109" WIDTH="113" HEIGHT="42" WC="0.93" CONTENT="priset."/><SP WIDTH="17" VPOS="2109" HPOS="939"/>
							<String ID="string_404" HPOS="956" VPOS="2110" WIDTH="188" HEIGHT="34" WC="0.92" CONTENT="Lättnader"/><SP WIDTH="17" VPOS="2110" HPOS="1144"/>
							<String ID="string_405" HPOS="1161" VPOS="2110" WIDTH="143" HEIGHT="36" WC="0.96" CONTENT="förutses"/><SP WIDTH="19" VPOS="2110" HPOS="1304"/>
							<String ID="string_406" HPOS="1323" VPOS="2112" WIDTH="63" HEIGHT="33" WC="0.96" CONTENT="ock"/><SP WIDTH="16" VPOS="2112" HPOS="1386"/>
							<String ID="string_407" HPOS="1402" VPOS="2112" WIDTH="140" HEIGHT="34" WC="0.96" CONTENT="komma"/><SP WIDTH="19" VPOS="2112" HPOS="1542"/>
							<String ID="string_408" HPOS="1561" VPOS="2118" WIDTH="51" HEIGHT="29" WC="0.96" CONTENT="att"/><SP WIDTH="17" VPOS="2118" HPOS="1612"/>
							<String ID="string_409" HPOS="1629" VPOS="2113" WIDTH="135" HEIGHT="34" WC="0.96" CONTENT="inträda"/>
						</TextLine>
						<TextLine ID="line_42" HPOS="276" VPOS="2151" WIDTH="949" HEIGHT="44">
							<String ID="string_410" HPOS="276" VPOS="2151" WIDTH="52" HEIGHT="34" WC="0.96" CONTENT="till"/><SP WIDTH="15" VPOS="2151" HPOS="328"/>
							<String ID="string_411" HPOS="343" VPOS="2151" WIDTH="82" HEIGHT="42" WC="0.96" CONTENT="följd"/><SP WIDTH="19" VPOS="2151" HPOS="425"/>
							<String ID="string_412" HPOS="444" VPOS="2164" WIDTH="43" HEIGHT="21" WC="0.96" CONTENT="av"/><SP WIDTH="19" VPOS="2164" HPOS="487"/>
							<String ID="string_413" HPOS="506" VPOS="2152" WIDTH="63" HEIGHT="33" WC="0.96" CONTENT="den"/><SP WIDTH="18" VPOS="2152" HPOS="569"/>
							<String ID="string_414" HPOS="587" VPOS="2153" WIDTH="174" HEIGHT="41" WC="0.93" CONTENT="pågående"/><SP WIDTH="17" VPOS="2153" HPOS="761"/>
							<String ID="string_415" HPOS="778" VPOS="2153" WIDTH="447" HEIGHT="42" WC="0.91" CONTENT="byggnadsverksamheten."/>
						</TextLine>
					</TextBlock>
					<TextBlock ID="block_8" HPOS="274" VPOS="2195" WIDTH="1490" HEIGHT="398">
						<TextLine ID="line_43" HPOS="322" VPOS="2195" WIDTH="1439" HEIGHT="45">
							<String ID="string_416" HPOS="322" VPOS="2196" WIDTH="74" HEIGHT="33" WC="0.96" CONTENT="Vad"/><SP WIDTH="22" VPOS="2196" HPOS="396"/>
							<String ID="string_417" HPOS="418" VPOS="2196" WIDTH="104" HEIGHT="42" WC="0.93" CONTENT="angår"/><SP WIDTH="20" VPOS="2196" HPOS="522"/>
							<String ID="string_418" HPOS="542" VPOS="2195" WIDTH="231" HEIGHT="36" WC="0.92" CONTENT="läroverkshus"/><SP WIDTH="21" VPOS="2195" HPOS="773"/>
							<String ID="string_419" HPOS="794" VPOS="2198" WIDTH="63" HEIGHT="32" WC="0.96" CONTENT="och"/><SP WIDTH="20" VPOS="2198" HPOS="857"/>
							<String ID="string_420" HPOS="877" VPOS="2198" WIDTH="174" HEIGHT="42" WC="0.96" CONTENT="inredning"/><SP WIDTH="21" VPOS="2198" HPOS="1051"/>
							<String ID="string_421" HPOS="1072" VPOS="2199" WIDTH="106" HEIGHT="33" WC="0.96" CONTENT="därav"/><SP WIDTH="21" VPOS="2199" HPOS="1178"/>
							<String ID="string_422" HPOS="1199" VPOS="2199" WIDTH="44" HEIGHT="34" WC="0.96" CONTENT="ha"/><SP WIDTH="22" VPOS="2199" HPOS="1243"/>
							<String ID="string_423" HPOS="1265" VPOS="2199" WIDTH="10" HEIGHT="34" WC="0.96" CONTENT="i"/><SP WIDTH="22" VPOS="2199" HPOS="1275"/>
							<String ID="string_424" HPOS="1297" VPOS="2204" WIDTH="85" HEIGHT="30" WC="0.96" CONTENT="stort"/><SP WIDTH="21" VPOS="2204" HPOS="1382"/>
							<String ID="string_425" HPOS="1403" VPOS="2204" WIDTH="66" HEIGHT="31" WC="0.96" CONTENT="sett"/><SP WIDTH="21" VPOS="2204" HPOS="1469"/>
							<String ID="string_426" HPOS="1490" VPOS="2201" WIDTH="177" HEIGHT="34" WC="0.91" CONTENT="enahanda"/><SP WIDTH="21" VPOS="2201" HPOS="1667"/>
							<String ID="string_427" HPOS="1688" VPOS="2202" WIDTH="73" HEIGHT="33" WC="0.91" CONTENT="åta-"/>
						</TextLine>
						<TextLine ID="line_44" HPOS="275" VPOS="2240" WIDTH="1487" HEIGHT="46">
							<String ID="string_428" HPOS="275" VPOS="2240" WIDTH="133" HEIGHT="41" WC="0.91" CONTENT="ganden"/><SP WIDTH="20" VPOS="2240" HPOS="408"/>
							<String ID="string_429" HPOS="428" VPOS="2240" WIDTH="105" HEIGHT="42" WC="0.96" CONTENT="gjorts"/><SP WIDTH="21" VPOS="2240" HPOS="533"/>
							<String ID="string_430" HPOS="554" VPOS="2253" WIDTH="43" HEIGHT="20" WC="0.96" CONTENT="av"/><SP WIDTH="20" VPOS="2253" HPOS="597"/>
							<String ID="string_431" HPOS="617" VPOS="2241" WIDTH="90" HEIGHT="33" WC="0.96" CONTENT="båda"/><SP WIDTH="21" VPOS="2241" HPOS="707"/>
							<String ID="string_432" HPOS="728" VPOS="2241" WIDTH="157" HEIGHT="34" WC="0.96" CONTENT="städerna"/><SP WIDTH="21" VPOS="2241" HPOS="885"/>
							<String ID="string_433" HPOS="906" VPOS="2242" WIDTH="63" HEIGHT="33" WC="0.96" CONTENT="och"/><SP WIDTH="21" VPOS="2242" HPOS="969"/>
							<String ID="string_434" HPOS="990" VPOS="2242" WIDTH="222" HEIGHT="43" WC="0.93" CONTENT="landstingen."/><SP WIDTH="22" VPOS="2242" HPOS="1212"/>
							<String ID="string_435" HPOS="1234" VPOS="2241" WIDTH="179" HEIGHT="45" WC="0.91" CONTENT="Ätagande"/><SP WIDTH="21" VPOS="2241" HPOS="1413"/>
							<String ID="string_436" HPOS="1434" VPOS="2250" WIDTH="52" HEIGHT="28" WC="0.96" CONTENT="att"/><SP WIDTH="22" VPOS="2250" HPOS="1486"/>
							<String ID="string_437" HPOS="1508" VPOS="2245" WIDTH="254" HEIGHT="34" WC="0.96" CONTENT="tillhandahålla"/>
						</TextLine>
						<TextLine ID="line_45" HPOS="277" VPOS="2284" WIDTH="1487" HEIGHT="48">
							<String ID="string_438" HPOS="277" VPOS="2284" WIDTH="123" HEIGHT="33" WC="0.96" CONTENT="bostad"/><SP WIDTH="21" VPOS="2284" HPOS="400"/>
							<String ID="string_439" HPOS="421" VPOS="2286" WIDTH="37" HEIGHT="32" WC="0.96" CONTENT="åt"/><SP WIDTH="22" VPOS="2286" HPOS="458"/>
							<String ID="string_440" HPOS="480" VPOS="2285" WIDTH="237" HEIGHT="33" WC="0.96" CONTENT="vaktmästare"/><SP WIDTH="21" VPOS="2285" HPOS="717"/>
							<String ID="string_441" HPOS="738" VPOS="2286" WIDTH="57" HEIGHT="33" WC="0.96" CONTENT="vid"/><SP WIDTH="22" VPOS="2286" HPOS="795"/>
							<String ID="string_442" HPOS="817" VPOS="2286" WIDTH="191" HEIGHT="34" WC="0.96" CONTENT="läroverket"/><SP WIDTH="21" VPOS="2286" HPOS="1008"/>
							<String ID="string_443" HPOS="1029" VPOS="2287" WIDTH="62" HEIGHT="33" WC="0.96" CONTENT="bör"/><SP WIDTH="22" VPOS="2287" HPOS="1091"/>
							<String ID="string_444" HPOS="1113" VPOS="2291" WIDTH="87" HEIGHT="29" WC="0.96" CONTENT="även"/><SP WIDTH="22" VPOS="2291" HPOS="1200"/>
							<String ID="string_445" HPOS="1222" VPOS="2287" WIDTH="219" HEIGHT="35" WC="0.93" CONTENT="förutsättas."/><SP WIDTH="22" VPOS="2287" HPOS="1441"/>
							<String ID="string_446" HPOS="1463" VPOS="2288" WIDTH="301" HEIGHT="44" WC="0.89" CONTENT="Ändamålsenliga"/>
						</TextLine>
						<TextLine ID="line_46" HPOS="276" VPOS="2328" WIDTH="1487" HEIGHT="45">
							<String ID="string_447" HPOS="276" VPOS="2328" WIDTH="215" HEIGHT="42" WC="0.92" CONTENT="tomtplatser"/><SP WIDTH="18" VPOS="2328" HPOS="491"/>
							<String ID="string_448" HPOS="509" VPOS="2328" WIDTH="50" HEIGHT="34" WC="0.96" CONTENT="för"/><SP WIDTH="19" VPOS="2328" HPOS="559"/>
							<String ID="string_449" HPOS="578" VPOS="2329" WIDTH="196" HEIGHT="42" WC="0.96" CONTENT="byggnader"/><SP WIDTH="19" VPOS="2329" HPOS="774"/>
							<String ID="string_450" HPOS="793" VPOS="2342" WIDTH="100" HEIGHT="30" WC="0.95" CONTENT="synas"/><SP WIDTH="19" VPOS="2342" HPOS="893"/>
							<String ID="string_451" HPOS="912" VPOS="2331" WIDTH="52" HEIGHT="32" WC="0.95" CONTENT="stå"/><SP WIDTH="18" VPOS="2331" HPOS="964"/>
							<String ID="string_452" HPOS="982" VPOS="2331" WIDTH="50" HEIGHT="33" WC="0.96" CONTENT="till"/><SP WIDTH="17" VPOS="2331" HPOS="1032"/>
							<String ID="string_453" HPOS="1049" VPOS="2330" WIDTH="209" HEIGHT="43" WC="0.95" CONTENT="förfogande,"/><SP WIDTH="19" VPOS="2330" HPOS="1258"/>
							<String ID="string_454" HPOS="1277" VPOS="2333" WIDTH="10" HEIGHT="33" WC="0.96" CONTENT="i"/><SP WIDTH="19" VPOS="2333" HPOS="1287"/>
							<String ID="string_455" HPOS="1306" VPOS="2332" WIDTH="181" HEIGHT="35" WC="0.96" CONTENT="Skellefteå"/><SP WIDTH="20" VPOS="2332" HPOS="1487"/>
							<String ID="string_456" HPOS="1507" VPOS="2334" WIDTH="9" HEIGHT="33" WC="0.96" CONTENT="i"/><SP WIDTH="20" VPOS="2334" HPOS="1516"/>
							<String ID="string_457" HPOS="1536" VPOS="2335" WIDTH="163" HEIGHT="33" WC="0.96" CONTENT="närheten"/><SP WIDTH="20" VPOS="2335" HPOS="1699"/>
							<String ID="string_458" HPOS="1719" VPOS="2346" WIDTH="44" HEIGHT="21" WC="0.96" CONTENT="av"/>
						</TextLine>
						<TextLine ID="line_47" HPOS="277" VPOS="2372" WIDTH="1486" HEIGHT="43">
							<String ID="string_459" HPOS="277" VPOS="2372" WIDTH="58" HEIGHT="34" WC="0.95" CONTENT="det"/><SP WIDTH="17" VPOS="2372" HPOS="335"/>
							<String ID="string_460" HPOS="352" VPOS="2372" WIDTH="183" HEIGHT="43" WC="0.96" CONTENT="nybyggda"/><SP WIDTH="19" VPOS="2372" HPOS="535"/>
							<String ID="string_461" HPOS="554" VPOS="2373" WIDTH="169" HEIGHT="34" WC="0.96" CONTENT="allmänna"/><SP WIDTH="18" VPOS="2373" HPOS="723"/>
							<String ID="string_462" HPOS="741" VPOS="2374" WIDTH="188" HEIGHT="35" WC="0.96" CONTENT="läroverket"/><SP WIDTH="16" VPOS="2374" HPOS="929"/>
							<String ID="string_463" HPOS="945" VPOS="2375" WIDTH="64" HEIGHT="33" WC="0.96" CONTENT="och"/><SP WIDTH="18" VPOS="2375" HPOS="1009"/>
							<String ID="string_464" HPOS="1027" VPOS="2375" WIDTH="10" HEIGHT="33" WC="0.96" CONTENT="i"/><SP WIDTH="17" VPOS="2375" HPOS="1037"/>
							<String ID="string_465" HPOS="1054" VPOS="2375" WIDTH="103" HEIGHT="34" WC="0.96" CONTENT="Luleå"/><SP WIDTH="18" VPOS="2375" HPOS="1157"/>
							<String ID="string_466" HPOS="1175" VPOS="2379" WIDTH="82" HEIGHT="30" WC="0.96" CONTENT="nära"/><SP WIDTH="19" VPOS="2379" HPOS="1257"/>
							<String ID="string_467" HPOS="1276" VPOS="2376" WIDTH="202" HEIGHT="35" WC="0.96" CONTENT="seminariet."/><SP WIDTH="16" VPOS="2376" HPOS="1478"/>
							<String ID="string_468" HPOS="1494" VPOS="2377" WIDTH="161" HEIGHT="35" WC="0.96" CONTENT="Rörande"/><SP WIDTH="18" VPOS="2377" HPOS="1655"/>
							<String ID="string_469" HPOS="1673" VPOS="2378" WIDTH="90" HEIGHT="34" WC="0.96" CONTENT="båda"/>
						</TextLine>
						<TextLine ID="line_48" HPOS="277" VPOS="2416" WIDTH="1486" HEIGHT="49">
							<String ID="string_470" HPOS="277" VPOS="2416" WIDTH="155" HEIGHT="34" WC="0.96" CONTENT="städerna"/><SP WIDTH="20" VPOS="2416" HPOS="432"/>
							<String ID="string_471" HPOS="452" VPOS="2418" WIDTH="62" HEIGHT="33" WC="0.96" CONTENT="har"/><SP WIDTH="19" VPOS="2418" HPOS="514"/>
							<String ID="string_472" HPOS="533" VPOS="2418" WIDTH="168" HEIGHT="39" WC="0.96" CONTENT="betonats,"/><SP WIDTH="20" VPOS="2418" HPOS="701"/>
							<String ID="string_473" HPOS="721" VPOS="2422" WIDTH="53" HEIGHT="29" WC="0.96" CONTENT="att"/><SP WIDTH="19" VPOS="2422" HPOS="774"/>
							<String ID="string_474" HPOS="793" VPOS="2418" WIDTH="105" HEIGHT="34" WC="0.93" CONTENT="under"/><SP WIDTH="19" VPOS="2418" HPOS="898"/>
							<String ID="string_475" HPOS="917" VPOS="2419" WIDTH="271" HEIGHT="42" WC="0.92" CONTENT="byggnadstiden"/><SP WIDTH="20" VPOS="2419" HPOS="1188"/>
							<String ID="string_476" HPOS="1208" VPOS="2424" WIDTH="196" HEIGHT="38" WC="0.96" CONTENT="utrymmen"/><SP WIDTH="19" VPOS="2424" HPOS="1404"/>
							<String ID="string_477" HPOS="1423" VPOS="2421" WIDTH="111" HEIGHT="34" WC="0.95" CONTENT="finnas"/><SP WIDTH="20" VPOS="2421" HPOS="1534"/>
							<String ID="string_478" HPOS="1554" VPOS="2422" WIDTH="209" HEIGHT="43" WC="0.95" CONTENT="tillgängliga"/>
						</TextLine>
						<TextLine ID="line_49" HPOS="274" VPOS="2460" WIDTH="1487" HEIGHT="48">
							<String ID="string_479" HPOS="274" VPOS="2460" WIDTH="52" HEIGHT="34" WC="0.96" CONTENT="för"/><SP WIDTH="17" VPOS="2460" HPOS="326"/>
							<String ID="string_480" HPOS="343" VPOS="2461" WIDTH="63" HEIGHT="33" WC="0.96" CONTENT="den"/><SP WIDTH="16" VPOS="2461" HPOS="406"/>
							<String ID="string_481" HPOS="422" VPOS="2461" WIDTH="155" HEIGHT="35" WC="0.96" CONTENT="tekniska"/><SP WIDTH="17" VPOS="2461" HPOS="577"/>
							<String ID="string_482" HPOS="594" VPOS="2462" WIDTH="294" HEIGHT="42" WC="0.96" CONTENT="undervisningen;"/><SP WIDTH="18" VPOS="2462" HPOS="888"/>
							<String ID="string_483" HPOS="906" VPOS="2463" WIDTH="102" HEIGHT="33" WC="0.96" CONTENT="bland"/><SP WIDTH="19" VPOS="2463" HPOS="1008"/>
							<String ID="string_484" HPOS="1027" VPOS="2469" WIDTH="104" HEIGHT="28" WC="0.96" CONTENT="annat"/><SP WIDTH="18" VPOS="2469" HPOS="1131"/>
							<String ID="string_485" HPOS="1149" VPOS="2463" WIDTH="34" HEIGHT="34" WC="0.93" CONTENT="få"/><SP WIDTH="19" VPOS="2463" HPOS="1183"/>
							<String ID="string_486" HPOS="1202" VPOS="2464" WIDTH="380" HEIGHT="36" WC="0.88" CONTENT="institutionslokalerna"/><SP WIDTH="18" VPOS="2464" HPOS="1582"/>
							<String ID="string_487" HPOS="1600" VPOS="2468" WIDTH="9" HEIGHT="32" WC="0.93" CONTENT="i"/><SP WIDTH="18" VPOS="2468" HPOS="1609"/>
							<String ID="string_488" HPOS="1627" VPOS="2467" WIDTH="134" HEIGHT="41" WC="0.92" CONTENT="respek-"/>
						</TextLine>
						<TextLine ID="line_50" HPOS="276" VPOS="2505" WIDTH="1487" HEIGHT="48">
							<String ID="string_489" HPOS="276" VPOS="2505" WIDTH="71" HEIGHT="34" WC="0.96" CONTENT="tive"/><SP WIDTH="19" VPOS="2505" HPOS="347"/>
							<String ID="string_490" HPOS="366" VPOS="2505" WIDTH="102" HEIGHT="42" WC="0.96" CONTENT="högre"/><SP WIDTH="23" VPOS="2505" HPOS="468"/>
							<String ID="string_491" HPOS="491" VPOS="2506" WIDTH="169" HEIGHT="33" WC="0.95" CONTENT="allmänna"/><SP WIDTH="23" VPOS="2506" HPOS="660"/>
							<String ID="string_492" HPOS="683" VPOS="2507" WIDTH="189" HEIGHT="34" WC="0.96" CONTENT="läroverket"/><SP WIDTH="22" VPOS="2507" HPOS="872"/>
							<String ID="string_493" HPOS="894" VPOS="2507" WIDTH="9" HEIGHT="33" WC="0.96" CONTENT="i"/><SP WIDTH="23" VPOS="2507" HPOS="903"/>
							<String ID="string_494" HPOS="926" VPOS="2507" WIDTH="179" HEIGHT="34" WC="0.96" CONTENT="Skellefteå"/><SP WIDTH="24" VPOS="2507" HPOS="1105"/>
							<String ID="string_495" HPOS="1129" VPOS="2508" WIDTH="63" HEIGHT="33" WC="0.96" CONTENT="och"/><SP WIDTH="25" VPOS="2508" HPOS="1192"/>
							<String ID="string_496" HPOS="1217" VPOS="2508" WIDTH="191" HEIGHT="35" WC="0.96" CONTENT="seminariet"/><SP WIDTH="23" VPOS="2508" HPOS="1408"/>
							<String ID="string_497" HPOS="1431" VPOS="2509" WIDTH="10" HEIGHT="34" WC="0.96" CONTENT="i"/><SP WIDTH="24" VPOS="2509" HPOS="1441"/>
							<String ID="string_498" HPOS="1465" VPOS="2509" WIDTH="103" HEIGHT="35" WC="0.93" CONTENT="Luleå"/><SP WIDTH="25" VPOS="2509" HPOS="1568"/>
							<String ID="string_499" HPOS="1593" VPOS="2511" WIDTH="170" HEIGHT="42" WC="0.93" CONTENT="begagnas"/>
						</TextLine>
						<TextLine ID="line_51" HPOS="277" VPOS="2549" WIDTH="452" HEIGHT="44">
							<String ID="string_500" HPOS="277" VPOS="2549" WIDTH="57" HEIGHT="34" WC="0.96" CONTENT="vid"/><SP WIDTH="19" VPOS="2549" HPOS="334"/>
							<String ID="string_501" HPOS="353" VPOS="2550" WIDTH="107" HEIGHT="34" WC="0.95" CONTENT="denna"/><SP WIDTH="20" VPOS="2550" HPOS="460"/>
							<String ID="string_502" HPOS="480" VPOS="2550" WIDTH="249" HEIGHT="43" WC="0.96" CONTENT="undervisning."/>
						</TextLine>
					</TextBlock>
				</ComposedBlock>
			</PrintSpace>
		</Page>
	</Layout>
</alto>
