1878 2794
468 143 404 38 Bevillningsutskottets
898 145 218 30 betänkande
1141 155 42 20 nr
1206 146 51 30 48.
1595 149 12 29 l

789 583 65 39 Nr
880 585 60 37 48.

332 688 404 38 Bevillningsutskottets
763 689 220 30 betänkande
1010 690 12 29 i
1047 690 190 38 anledning
1262 700 43 21 av
1330 691 126 37 Kungl.
1483 691 124 37 Maj:ts

508 742 217 38 proposition
750 743 80 29 med
854 743 134 38 förslag
1013 743 52 30 till
1091 743 55 37 lay
1171 753 56 20 om
1252 744 135 30 ändrad
1413 744 127 37 lydelse
1566 754 43 21 av

508 796 40 30 76
572 797 18 34 $
614 796 425 38 kommunalskattelagen
1062 797 67 29 den
1153 798 41 29 28
1217 797 195 37 september
1437 798 83 29 1928
1547 797 61 34 (nr

509 850 98 38 370),
626 860 45 20 m.
691 860 56 28 m.,
764 851 110 36 jämte
894 850 11 30 i
922 852 118 30 ämnet
1059 851 124 30 väckta
1202 851 182 31 motioner.

163 956 13 29 I
196 964 43 21 en
257 955 66 30 den
342 956 39 30 27
401 965 95 21 mars
517 957 82 30 1953
618 956 227 37 dagtecknad,
866 957 53 30 till
940 957 381 37 bevillningsutskottet
1340 958 169 29 hänvisad
1529 966 77 29 pro-

118 1010 162 37 position,
311 1019 41 20 nr
382 1010 73 35 204,
485 1010 64 30 har
578 1010 126 37 Kungl.
735 1010 115 37 Maj:t,
881 1010 112 30 under
1023 1010 219 38 åberopande
1273 1019 42 21 av
1345 1011 262 37 propositionen

116 1063 109 36 bilagt
249 1063 126 37 utdrag
400 1072 43 21 av
469 1063 383 38 statsrådsprotokollet
878 1063 81 30 över
986 1063 273 30 finansärenden
1285 1064 55 29 för
1367 1073 134 20 samma
1528 1064 75 37 dag,

117 1116 181 37 föreslagit
316 1117 187 37 riksdagen
521 1119 51 28 att
589 1119 127 35 antaga
735 1117 58 30 vid
813 1117 262 37 propositionen
1095 1117 124 37 fogade
1239 1117 130 37 förslag
1391 1117 50 29 till

165 1172 33 34 1)
230 1171 55 38 lag
301 1180 56 21 om
375 1172 133 29 ändrad
526 1172 130 36 lydelse
674 1181 41 20 av
734 1171 40 30 76
803 1170 5 35 8
827 1172 427 37 kommunalskattelagen
1271 1173 65 29 den
1354 1172 41 29 28
1414 1172 194 37 september

121 1225 84 30 1928
233 1225 59 35 (nr
314 1225 101 36 370);

164 1279 36 34 2)
230 1279 206 38 förordning
457 1279 178 38 angående
656 1280 134 29 ändrad
810 1279 130 38 lydelse
960 1289 43 20 av
1024 1279 38 30 19
1086 1279 14 34 8
1123 1279 251 37 förordningen
1395 1280 66 29 den
1481 1279 41 29 26
1541 1278 67 37 juli

121 1332 82 31 1947
229 1332 59 34 (nr
307 1332 79 36 576)
411 1343 56 20 om
486 1333 118 38 statlig
623 1334 269 34 inkomstskatt;

164 1386 35 35 3)
231 1386 205 38 förordning
456 1388 178 36 angående
654 1388 133 29 ändrad
809 1388 130 36 lydelse
960 1397 41 20 av
1023 1388 38 29 19
1085 1386 15 34 $
1123 1387 251 38 förordningen
1394 1388 66 29 den
1480 1387 41 29 26
1541 1387 66 37 juli

122 1440 83 29 1947
231 1440 58 34 (nr
308 1440 79 34 577)
413 1449 56 21 om
488 1440 119 37 statlig
626 1440 376 38 förmögenhetsskatt;

164 1493 35 35 4)
231 1493 205 38 förordning
458 1503 57 20 om
538 1495 134 29 ändrad
695 1494 130 36 lydelse
847 1504 41 20 av
913 1494 61 29 145
1001 1493 14 34 8
1039 1494 19 29 8
1081 1494 65 30 och
1170 1494 36 29 11
1231 1504 105 20 mom.
1361 1494 247 37 taxeringsför-

118 1549 195 35 ordningen
334 1549 65 28 den
422 1547 40 29 28
485 1548 196 36 september
704 1548 83 29 1928
815 1550 59 32 (nr
895 1548 102 34 379);
1021 1550 91 28 samt

163 1600 35 35 5)
230 1600 205 38 förordning
461 1601 178 37 angående
665 1603 132 29 ändrad
825 1602 130 36 lydelse
981 1611 42 20 av
1050 1602 13 29 1
1096 1600 14 34 8
1139 1601 250 38 förordningen
1415 1602 65 29 den
1508 1601 16 29 7
1551 1602 56 30 de-

118 1655 137 29 cember
284 1654 80 30 1951
400 1654 58 35 (nr
487 1654 77 35 793)
598 1664 57 21 om
683 1655 198 37 skyldighet
908 1655 56 30 för
991 1654 92 31 vissa
1109 1655 122 31 idkare
1259 1664 42 20 av
1326 1655 172 36 jordbruk
1525 1655 83 30 eller

118 1709 197 36 skogsbruk
338 1710 50 28 att
411 1708 76 30 föra
510 1709 238 37 räkenskaper
771 1709 116 30 såsom
910 1710 169 37 underlag
1102 1709 55 30 för
1180 1709 167 38 taxering.

160 1787 227 30 Beträffande
407 1787 154 37 lydelsen
581 1797 43 20 av
643 1788 41 29 de
704 1788 111 30 under
836 1789 101 34 1—3)
961 1789 64 29 och
1046 1789 36 34 5)
1106 1789 64 30 här
1189 1798 89 21 ovan
1298 1791 148 36 angivna
1467 1790 137 29 författ-

117 1840 280 37 ningsförslagen
424 1840 164 30 hänvisar
615 1841 171 30 utskottet
812 1841 53 30 till
893 1842 272 37 propositionen.
1194 1843 160 29 Rörande
1381 1843 155 37 lydelsen
1562 1853 43 20 av

116 1893 57 30 det
199 1893 110 30 under
334 1894 36 34 4)
400 1895 176 35 upptagna
603 1894 399 37 författningsförslaget
1027 1894 166 30 hänvisas
1218 1895 52 29 till
1297 1896 188 29 utskottets
1511 1896 94 29 hem-

117 1946 138 30 ställan.

160 2052 74 30 Vad
257 2053 107 36 angår
386 2052 279 38 propositionens
688 2053 257 38 huvudsakliga
968 2053 154 31 innehåll
1145 2055 56 30 må
1225 2056 188 29 anmärkas
1437 2056 166 37 följande.

117 2107 12 27 I
153 2106 261 37 propositionen
438 2106 146 30 föreslås
607 2108 52 28 att
682 2107 58 29 det
764 2107 89 29 skall
878 2107 189 30 ankomma
1092 2108 44 36 på
1160 2108 369 30 riksskattenämnden
1553 2111 52 28 att

117 2159 173 29 fastställa
312 2160 92 28 vissa
433 2159 3 29 i
458 2159 425 37 kommunalskattelagen
907 2162 90 27 samt
1020 2160 291 37 förordningarna
1334 2170 57 21 om
1414 2162 117 36 slatlig
1553 2163 51 29 in-

115 2212 214 29 komstskatt
348 2212 64 30 och
434 2212 116 37 statlig
571 2212 358 36 förmögenhetsskatt
949 2213 151 29 avsedda
1123 2213 151 30 tabeller.
1296 2214 126 29 Vidare
1445 2215 159 29 förordas

115 2267 51 27 att
193 2265 206 29 ekonomisk
426 2265 168 36 förening,
623 2274 73 20 som
724 2265 99 29 blivit
850 2265 63 29 hos
939 2265 224 37 länsstyrelse
1190 2266 116 29 införd
1335 2266 9 29 i
1372 2266 231 37 föreningsre-

115 2318 116 36 gister,
252 2317 216 37 undantages
487 2318 79 29 från
586 2317 198 37 skyldighet
803 2320 51 27 att
874 2318 75 29 föra
971 2317 237 37 räkenskaper
1227 2318 106 37 enligt
1354 2318 249 37 förordningen

114 2379 57 20 om
193 2370 197 37 skyldighet
411 2370 54 29 för
484 2372 91 28 vissa
597 2371 120 29 idkare
738 2380 42 20 av
799 2370 173 37 jordbruk
992 2370 82 29 eller
1096 2370 195 37 skogsbruk
1312 2373 50 27 att
1385 2371 73 30 föra
1481 2372 122 29 räken-

118 2424 126 36 skaper
273 2424 113 29 såsom
417 2423 167 37 underlag
613 2423 55 29 för
698 2423 166 37 laxering.
894 2423 170 36 Slutligen
1094 2423 145 30 föreslås
1269 2424 146 36 höjning
1443 2433 42 20 av
1511 2425 92 29 vissa

116 2477 235 36 ersältningar
370 2477 106 36 enligt
498 2476 439 37 taxeringsförordningen.

120 2586 8 16 1
150 2585 123 33 Pihang
292 2585 47 27 till
359 2584 186 33 riksdagens
564 2585 161 33 protokoll
744 2584 85 27 1953.
849 2584 16 27 7
884 2584 89 27 saml.
992 2583 44 27 Nr
1055 2583 47 27 48.
