1928 2854
520 172 411 31 Konstitutionsutskottets
950 169 159 30 memorial
1130 168 46 29 Nr
1195 170 47 27 21.
1592 169 38 30 37

127 261 59 32 och
213 260 72 32 med
312 259 130 39 hänsyn
467 259 55 32 till
550 259 140 37 frågans
717 256 211 40 principiella
953 255 76 33 vikt
1056 255 59 32 och
1139 253 169 39 betydelse
1334 253 62 32 har
1421 252 132 40 yrkats,
1579 248 51 36 att

129 312 165 32 utskottet
314 310 73 33 bort
408 315 82 34 göra
511 309 156 33 anmälan
690 320 51 20 om
764 307 223 38 anmärkning
1009 306 106 38 enligt
1136 305 42 33 R.
1202 305 38 32 F.
1264 304 18 38 $
1307 305 60 31 107
1392 306 68 29 mot
1484 302 38 34 de
1545 302 85 32 båda

131 361 367 39 departementschefer,
521 372 69 20 som
610 358 163 39 handlagt
795 358 145 39 ärendet,
963 356 69 33 dels
1053 356 72 32 med
1146 355 131 38 hänsyn
1299 354 53 32 till
1373 354 258 38 departements-

130 412 134 33 chefens
283 411 109 33 beslut
411 412 40 31 19
472 422 78 27 aug.
570 411 84 31 1924
673 421 77 26 ang.
771 406 504 41 regeringsrättsledamöternas
1294 404 155 39 hörande,
1469 403 70 33 dels
1558 402 73 32 med

130 462 131 38 hänsyn
278 462 54 31 till
352 461 171 38 rådslaget
546 461 38 30 12
607 460 67 32 dec.
696 460 84 30 1924
799 459 11 31 i
830 458 65 32 vad
916 457 193 38 därigenom
1129 454 360 39 regeringsrättslagen
1509 454 12 32 i
1540 452 91 32 vissa

132 511 139 39 stycken
289 515 84 28 satts
392 522 40 20 ur
448 510 97 31 kraft
561 512 82 29 utan
661 508 207 38 riksdagens,
886 507 87 32 efter
990 505 207 39 lagutskotts
1214 504 145 32 hörande
1378 503 61 32 och
1455 503 12 31 i
1486 503 87 31 form
1591 513 42 20 av

131 562 168 39 lagbeslut
320 573 51 20 om
394 560 142 38 ändring
559 571 41 20 av
623 557 371 40 regeringsrättslagen,
1017 555 102 39 givna
1143 554 182 39 samtycke.

844 731 87 33 XII.

458 816 167 42 [Protokoll
648 824 69 26 över
739 820 322 30 ecklesiastikärenden
1084 820 57 27 den
1166 821 37 26 13
1228 818 158 29 november
1409 818 82 27 1924
1514 827 37 18 nr
1574 809 64 42 29.]

179 900 42 20 av
240 888 75 32 herr
333 887 45 33 K.
398 886 36 33 J.
453 886 143 41 Ekman,
617 898 68 20 som
704 885 128 33 anfört:

179 938 76 32 Med
279 937 178 39 anledning
480 948 43 21 av
548 948 39 20 en
609 948 43 20 av
676 934 336 38 folkskolestyrelsen
1035 934 12 31 i
1073 932 231 39 Hälsingborg
1328 932 59 32 hos
1413 931 223 37 skolöversty-

135 989 105 32 relsen
264 988 97 39 gjord
385 986 254 39 framställning
662 998 51 20 om
738 984 221 34 fastställelse
984 985 19 31 å
1026 983 201 39 upprättade
1252 982 130 39 förslag
1405 982 55 32 till
1484 981 153 38 läroplan

135 1040 60 32 och
213 1039 141 38 timplan
375 1038 54 32 för
447 1037 248 39 Hälsingborgs
715 1035 187 33 folkskolor
920 1035 85 32 hade
1024 1033 318 38 skolöverstyrelsen
1360 1033 12 32 i
1393 1032 162 32 skrivelse
1576 1031 62 32 den

138 1091 39 31 29
201 1089 135 33 oktober
358 1089 85 32 1924
464 1088 180 37 hemställt,
667 1091 51 29 att
741 1086 128 39 Kungl.
891 1086 102 38 Maj:t
1014 1086 102 32 måtte
1137 1085 164 38 medgiva,
1323 1087 51 29 att
1394 1084 12 32 i
1429 1085 54 31 7:e
1503 1083 134 32 klassen

135 1152 43 21 av
196 1139 191 33 folkskolan
406 1139 12 32 i
437 1138 231 39 Hälsingborg
687 1138 104 32 måtte
810 1137 37 32 få
865 1137 12 32 i
895 1136 149 39 enlighet
1062 1135 73 33 med
1153 1134 138 33 berörda
1310 1133 153 39 läroplan
1484 1133 61 32 och
1564 1132 74 32 tim-

135 1191 81 39 plan
239 1191 71 32 tills
334 1190 115 32 vidare
473 1189 105 33 under
603 1189 68 33 fem
695 1188 101 39 läsår,
823 1187 122 33 räknat
971 1187 79 32 från
1074 1186 60 32 och
1160 1185 74 33 med
1257 1185 124 32 läsåret
1409 1184 229 37 1924—1925,

136 1241 166 33 meddelas
321 1240 241 39 undervisning
581 1235 13 36 i
615 1238 102 39 tyska
738 1238 137 39 språket
894 1238 101 38 högst
1015 1238 21 31 4
1054 1237 135 32 timmar
1208 1236 12 31 i
1240 1235 137 33 veckan.

180 1293 19 31 I
221 1291 135 33 ärendet
376 1291 62 32 har
459 1290 243 38 överstyrelsen
723 1289 114 32 anfört
859 1288 103 32 bland
982 1291 104 28 annat
1109 1286 162 39 följande:

181 1342 141 38 »Enligt
346 1341 19 39 8
391 1342 39 31 12
457 1352 97 21 mom.
580 1341 17 31 2
622 1340 11 32 i
657 1339 156 39 gällande
838 1337 292 39 folkskolestadga
1155 1336 94 32 skola
1274 1336 147 38 följande
1449 1336 191 31 läroämnen

137 1393 205 32 förekomma
365 1392 12 32 i
400 1391 182 38 folkskola,
605 1390 183 39 nämligen:
812 1388 392 38 kristendomskunskap,
1229 1387 243 38 modersmålet,
1497 1385 145 38 räkning

137 1444 61 32 och
219 1443 170 39 geometri,
412 1440 428 40 hembygdsundervisning
862 1440 73 32 med
960 1439 285 38 arbetsövningar,
1268 1437 165 40 geografi,
1457 1435 183 34 naturkun-

138 1494 125 39 nighet,
281 1493 152 38 historia,
452 1492 169 39 teckning,
643 1492 94 38 sång,
756 1490 198 40 gymnastik
972 1490 74 32 med
1064 1489 55 32 lek
1137 1489 60 32 och
1215 1488 104 32 idrott
1339 1491 97 35 samt,
1458 1487 62 32 där
1538 1487 103 37 lämp-

140 1546 65 38 ligt
223 1544 152 39 jordland
395 1543 135 39 jämlikt
553 1543 18 39 $
595 1544 40 31 56
659 1542 115 33 därtill
795 1542 98 32 blivit
916 1541 165 39 upplåtet,
1104 1539 316 40 trädgårdsskötsel.
1466 1538 175 38 Därjämte

139 1596 68 39 bör,
235 1597 13 31 i
272 1595 61 32 den
359 1593 238 39 utsträckning
622 1592 329 39 omständigheterna
978 1591 164 38 medgiva,
1170 1589 240 39 undervisning
1435 1589 13 32 i
1475 1588 86 38 slöjd
1586 1599 56 21 an-

139 1646 121 33 ordnas
280 1646 58 32 vid
359 1645 117 32 skolan
498 1644 54 33 för
575 1644 38 33 de
635 1655 118 28 gossar
774 1643 60 33 och
855 1642 134 39 flickor,
1012 1653 70 21 som
1104 1640 149 41 anmälas
1276 1644 49 28 att
1347 1640 135 38 deltaga
1504 1640 12 31 i
1539 1638 104 33 sådan

138 1696 250 39 undervisning,
408 1699 87 29 samt
513 1694 242 39 undervisning
772 1695 12 31 i
803 1692 305 40 hushållsgöromål
1127 1692 136 32 beredas
1286 1692 38 32 de
1344 1690 134 39 flickor,
1500 1702 70 20 som
1591 1689 51 33 be-

140 1753 83 34 gära
244 1748 61 32 och
328 1747 127 33 erhålla
476 1746 157 33 tillstånd
654 1749 52 29 att
728 1745 134 39 deltaga
884 1744 85 33 däri.
1014 1742 225 39 Förpliktelse
1261 1746 51 29 att
1333 1742 135 38 deltaga
1490 1742 13 31 i
1525 1740 118 33 under-

139 1799 136 38 visning
294 1799 13 31 i
327 1797 201 34 sistberörda
548 1797 59 32 två
626 1801 117 28 ämnen
763 1795 78 40 kan,
861 1796 45 38 på
927 1797 68 30 sätt
1017 1794 114 32 därom
1152 1793 139 32 särskilt
1311 1797 37 28 är
1368 1791 212 40 föreskrivet,
1602 1803 42 20 av

141 1849 213 33 skoldistrikt
375 1848 160 33 beslutas.
581 1847 109 33 Dessa
711 1845 250 34 bestämmelser
984 1857 102 26 synas
1109 1844 147 32 utesluta
1280 1842 215 40 möjligheten
1519 1843 54 31 för
1596 1845 49 29 ett

142 1899 213 34 skoldistrikt
381 1902 51 30 att
459 1898 104 39 självt
590 1898 131 32 besluta
748 1909 52 21 om
826 1896 217 39 upptagande
1069 1896 44 38 på
1140 1894 209 33 folkskolans
1377 1893 197 39 läsordning
1601 1904 43 20 av

140 1952 105 32 andra
264 1955 116 28 ämnen
401 1955 41 27 än
463 1950 40 32 de
522 1949 62 32 här
602 1948 230 39 uppräknade,
853 1952 83 28 även
958 1958 52 21 om
1031 1946 117 33 skolan
1168 1945 161 32 omfattar
1349 1957 39 20 en
1410 1946 52 31 7:e
1483 1943 161 33 årsklass.

140 2002 77 33 Med
236 2002 131 38 hänsyn
387 2000 118 33 härtill
525 2000 62 32 har
608 1999 255 38 överstyrelsen,
886 2010 69 20 som
976 2008 118 28 genom
1114 1996 109 33 beslut
1245 1996 105 33 denna
1372 1995 80 39 dag”
1476 1994 168 32 fastställt

139 2052 41 34 de
200 2065 42 20 av
262 2051 335 39 folkskolestyrelsen
615 2050 146 39 avgivna
782 2050 172 38 förslagen
973 2049 13 31 i
1005 2048 121 39 övrigt,
1148 2047 167 32 förklarat
1338 2047 52 38 sig
1409 2047 44 37 på
1473 2046 110 38 grund
1602 2056 43 21 av

140 2103 292 34 bestämmelserna
457 2103 12 31 i
494 2101 224 39 nyssberörda
742 2100 302 38 författningsrum
1070 2098 73 33 icke
1168 2103 64 34 äga
1258 2097 199 39 befogenhet
1482 2100 51 28 att
1558 2095 85 33 med-

142 2155 74 33 dela
239 2153 220 34 fastställelse
483 2153 20 32 å
525 2152 172 39 förslagen
719 2152 12 32 i
752 2151 66 33 vad
841 2151 38 33 de
902 2151 125 38 avsåge
1049 2148 239 39 undervisning
1312 2148 12 32 i
1346 2147 103 39 tyska
1473 2146 137 39 språket
1632 2146 13 31 i

142 2205 210 33 folkskolans
379 2207 53 30 7:e
455 2203 106 33 klass.
610 2202 328 38 Skolöverstyrelsen
964 2201 102 38 hyser
1091 2200 193 38 emellertid,
1311 2200 108 31 såsom
1446 2197 198 39 överstyrel-

143 2269 56 20 sen
221 2256 101 33 bland
343 2259 102 29 annat
465 2255 12 32 i
499 2253 224 39 underdånigt
744 2252 175 34 utlåtande
943 2252 62 33 den
1029 2253 40 31 29
1091 2251 72 38 juni
1187 2251 84 32 1923
1295 2251 12 31 i
1331 2249 100 39 fråga
1454 2261 52 20 om
1528 2248 116 32 under-

141 2308 136 38 visning
295 2307 13 32 i
330 2306 102 40 tyska
454 2305 137 40 språket
611 2305 12 32 i
645 2304 193 33 folkskolan
859 2304 13 32 i
892 2302 216 33 Hässleholm
1129 2301 199 39 framhållit,
1350 2301 60 32 den
1433 2299 212 40 principiella

142 2358 274 40 uppfattningen,
435 2360 52 30 att
505 2356 236 33 lärokurserna
761 2355 54 33 för
836 2355 61 33 den
920 2356 53 31 7:e
992 2353 145 39 klassen,
1157 2353 61 32 där
1238 2352 102 33 sådan
1361 2352 12 32 i
1394 2352 62 32 den
1476 2349 170 40 egentliga

143 2409 193 33 folkskolan
357 2409 155 38 inrättas,
536 2407 99 33 borde
659 2407 37 32 få
720 2406 165 33 anordnas
908 2405 106 32 under
1037 2405 103 38 något
1163 2403 103 33 friare
1291 2403 124 32 former
1440 2407 42 27 än
1507 2413 45 21 nu
1576 2401 70 39 gäl-

180 2483 9 15 1
209 2480 206 37 Överstyrelsens
433 2484 135 24 utlåtande
587 2491 95 23 avgavs
700 2483 48 24 den
766 2481 33 26 29
817 2482 105 24 oktober
941 2479 73 27 1924.
