1922 2852
497 165 407 30 Konstilutionsutskottets
927 168 157 28 memorial
1107 167 47 28 Nr
1179 169 46 26 21.
1575 173 35 28 21

110 251 39 32 de
167 262 116 27 genom
302 251 234 39 pantsättning
554 251 133 38 lyckats
705 252 191 39 uppbringa
917 254 41 31 20
975 252 131 39 kronor,
1126 265 103 20 varav
1248 253 37 32 de
1304 253 104 32 betalt
1430 254 38 31 15
1489 253 121 31 kronor

110 302 54 31 till
184 301 195 38 värdinnan,
403 314 67 19 som
493 302 117 32 därvid
632 303 161 38 medgivit
815 303 71 32 dem
908 307 50 28 att
979 303 39 32 bo
1040 303 94 38 kvar,
1157 307 67 28 mot
1245 303 123 32 villkor
1389 307 50 28 att
1461 304 37 31 de
1520 304 88 31 beta-

110 352 74 32 lade
203 352 187 32 resterande
411 354 37 30 15
466 352 122 32 kronor
604 353 60 31 den
683 354 40 31 26
740 353 83 37 juni.
864 354 72 31 Den
956 355 40 30 23
1014 354 72 37 juni
1103 354 84 31 hade
1205 354 37 31 de
1259 354 11 31 i
1287 366 125 20 samma
1432 354 90 37 syfte
1541 366 68 19 som

111 402 92 31 förut
220 405 120 29 avsänt
358 414 38 20 en
415 415 44 26 ny
477 403 255 38 postanvisning
751 415 71 20 men
841 404 56 31 vid
917 404 73 32 dess
1010 404 235 32 frambärande
1265 404 59 32 den
1344 406 41 30 24
1403 405 71 37 juni
1493 404 29 37 ej
1543 408 67 28 satt

109 452 121 38 planen
248 452 10 31 i
276 452 124 39 verket,
418 453 157 32 beroende
593 453 69 32 dels
681 454 43 37 på
742 454 168 31 bristande
928 455 73 31 mod
1018 454 58 32 hos
1096 454 255 37 Scholkemeyer
1369 455 59 31 och
1448 454 68 32 dels
1537 455 72 31 där-

110 502 54 38 på,
183 506 51 28 att
251 503 37 31 de
307 503 132 31 befarat
458 506 49 28 att
525 503 221 32 brevbäraren
766 504 60 31 den
845 504 116 38 dagen,
981 516 68 19 som
1069 504 29 37 ej
1118 516 77 20 vore
1213 504 190 38 affärsdag,
1424 504 29 37 ej
1472 504 83 32 hade
1575 504 36 31 så

111 555 84 29 stort
209 553 117 37 belopp
343 553 72 32 med
430 553 52 38 sig
497 565 68 20 som
580 553 107 38 eljest.
722 553 73 32 Den
811 555 41 30 24
867 554 72 37 juni
954 554 82 31 hade
1052 554 38 31 de
1106 557 120 28 avsänt
1241 566 38 20 en
1295 566 45 26 ny
1356 554 255 38 postanvisning

111 603 19 31 å
152 604 19 31 3
193 603 52 33 kr.
267 604 40 31 20
330 608 64 33 öre,
418 603 74 32 hela
514 604 94 31 deras
630 603 162 32 kontanta
814 604 156 38 tillgång,
993 604 60 32 och
1075 604 276 32 överenskommit
1374 608 49 28 att
1449 616 160 20 samman-

110 653 101 32 binda
237 654 17 30 2
279 652 201 39 eldgafflar;
505 654 105 38 enligt
634 654 133 31 Winter
790 654 54 32 för
866 658 51 28 att
942 654 29 38 ej
993 654 111 32 träffa
1128 654 117 32 alltför
1270 654 126 39 skarpt,
1422 655 59 31 och
1505 655 106 37 enligt

112 702 255 39 Scholkemeyer
387 704 53 31 för
460 708 51 28 att
528 708 48 28 ett
595 704 74 39 slag
688 704 108 33 skulle
814 716 82 20 vara
915 704 203 39 tillräckligt
1138 709 51 28 att
1208 705 134 32 bedöva.
1384 705 44 37 Ej
1447 705 103 32 heller
1569 706 42 31 då

110 754 107 32 denna
235 754 205 33 försändelse
458 755 61 32 den
538 756 39 31 25
597 754 72 39 juni
687 755 245 38 framlämnats,
953 755 83 32 hade
1054 756 120 37 planen
1194 755 138 33 kommit
1352 756 52 31 till
1423 756 187 37 utförande,

110 808 80 28 enär
207 804 141 39 Winter,
367 816 68 20 som
454 805 30 38 ej
501 805 129 32 kunnat
647 805 165 40 iakttaga,
832 817 51 20 om
902 805 221 32 brevbäraren
1142 806 83 32 hade
1245 806 132 38 mycket
1395 818 125 26 pengar
1539 807 72 31 med

111 854 63 39 sig,
196 854 30 39 ej
247 855 87 38 givit
355 855 55 32 det
431 855 211 33 föreskrivna
663 855 142 33 tecknet.
850 856 167 38 Slutligen
1040 856 61 32 den
1124 857 40 31 25
1188 856 72 38 juni
1282 857 144 32 avsände
1449 857 37 32 de
1508 857 104 31 under

112 904 148 34 Winters
281 906 113 31 adress
414 909 47 29 ett
481 909 171 29 assurerat
671 906 89 38 brev,
782 906 60 32 och
863 907 41 31 då
925 906 90 32 detta
1036 907 107 38 dagen
1164 907 105 38 därpå
1288 907 57 32 vid
1367 907 244 38 middagstiden

111 955 271 40 framlämnades,
408 956 160 32 överföllo
595 956 38 32 de
661 956 230 39 brevbäraren,
917 969 38 20 en
983 957 131 38 65-årig
1142 956 312 33 brevbärarförman
1480 958 131 32 Olsson.

112 1005 255 39 Scholkemeyer
389 1006 170 33 tilldelade
581 1006 118 33 honom
723 1007 118 32 därvid
865 1007 73 33 med
964 1008 17 31 2
1007 1007 284 33 sammanbundna
1315 1008 186 38 eldgafflar
1525 1008 87 32 först

110 1060 48 29 ett
178 1057 75 39 slag
270 1057 159 32 bakifrån
449 1057 12 32 i
480 1057 157 33 huvudet.
679 1057 55 33 Då
754 1057 221 33 brevbäraren
995 1058 93 32 sökte
1108 1058 64 39 fly,
1193 1070 80 27 grep
1294 1058 132 33 Winter
1446 1062 59 35 tag
1525 1059 11 31 i
1556 1059 54 31 ho-

111 1116 85 30 nom,
219 1108 148 32 varefter
391 1107 254 39 Scholkemeyer
668 1108 171 33 tilldelade
860 1108 117 32 honom
1002 1108 198 39 ytterligare
1223 1109 175 39 åtskilliga
1422 1109 74 39 slag
1518 1110 12 31 i
1553 1110 58 32 hu-

109 1158 103 32 vudet
229 1158 72 32 med
320 1158 240 39 eldgafflarna,
580 1159 36 32 så
636 1162 50 29 att
703 1159 65 32 han
788 1159 143 32 omsider
950 1159 96 38 sjönk
1064 1160 62 32 ned
1145 1160 44 38 på
1207 1172 38 20 en
1265 1160 102 32 soffa.
1409 1159 117 39 Därpå
1544 1160 67 32 till-

111 1208 115 33 delade
241 1209 117 32 honom
375 1209 132 33 Winter
523 1210 199 38 ytterligare
738 1211 17 30 2
773 1210 75 38 slag
864 1210 11 31 i
891 1210 148 32 huvudet
1055 1211 73 31 med
1144 1210 241 39 eldgafflarna,
1403 1211 36 32 så
1455 1211 76 32 hårt
1546 1211 65 32 han

112 1259 182 33 förmådde.
309 1279 45 3 —
367 1259 98 33 Stora
482 1260 91 32 delar
588 1272 42 21 av
647 1260 232 33 huvudskålen
896 1261 108 38 slogos
1021 1261 75 32 bort
1114 1261 58 32 och
1187 1261 82 33 flere
1283 1262 130 38 fingrar
1426 1261 185 39 krossades,

112 1310 41 32 då
175 1310 221 33 brevbäraren
418 1310 93 32 sökte
536 1310 130 38 skydda
687 1310 157 32 huvudet.
892 1310 108 33 Sedan
1022 1311 65 32 han
1112 1311 149 39 äntligen
1283 1311 98 33 blivit
1403 1311 208 39 medvetslös,

110 1360 157 39 tillgrepo
289 1361 38 32 de
349 1361 77 31 från
447 1361 117 31 honom
586 1362 63 32 420
670 1360 123 33 kronor
814 1361 103 38 jämte
938 1362 105 37 några
1065 1361 313 39 postförsändelser,
1401 1362 149 32 varefter
1574 1363 37 31 de

111 1410 119 39 flydde
248 1411 76 32 från
344 1411 127 33 staden.
511 1411 50 33 De
580 1423 120 27 grepos
719 1412 106 38 dagen
845 1412 105 38 därpå
969 1412 59 32 och
1046 1412 145 32 erkände
1212 1413 41 32 då
1271 1413 133 32 brottet.
1445 1412 54 33 Då
1519 1412 92 33 brev-

113 1458 138 36 bäraren
268 1465 46 29 ett
331 1473 62 27 par
410 1462 135 32 timmar
561 1462 86 32 efter
666 1462 140 32 brottets
824 1462 181 33 förövande
1024 1463 226 38 påträffades,
1268 1475 61 20 var
1347 1463 65 32 han
1432 1463 73 33 död.

155 1512 133 33 Winter
312 1512 61 33 har
397 1513 106 38 enligt
530 1513 197 39 fångrullan
752 1513 12 32 i
790 1513 169 39 fängelset
984 1513 129 33 ådömts
1140 1513 148 38 följande
1314 1513 218 39 disciplinära
1559 1514 52 32 be-

111 1563 229 38 straffningar
358 1562 35 40 1)
414 1563 61 33 den
495 1565 39 31 13
552 1563 184 39 september
754 1565 84 32 1913
855 1576 115 20 enrum
987 1565 72 32 med
1077 1564 124 33 förlust
1217 1576 42 21 av
1277 1564 260 40 sysselsättning
1554 1577 57 20 un-

111 1614 58 32 der
185 1615 42 32 30
245 1614 105 38 dagar
367 1614 54 32 för
435 1619 128 34 vägran
581 1618 51 29 att
646 1615 81 38 lyda
746 1618 86 29 samt
848 1615 53 32 för
918 1615 184 39 opassande
1118 1615 225 39 uppförande;
1361 1615 36 39 2)
1421 1616 60 32 den
1499 1617 39 31 21
1557 1628 54 20 no-

109 1664 133 33 vember
263 1666 84 31 1914
368 1677 114 20 enrum
503 1666 73 31 med
597 1665 124 33 förlust
741 1678 43 20 av
803 1666 261 38 sysselsättning
1085 1666 105 32 under
1210 1667 41 32 30
1274 1666 114 39 dagar,
1411 1667 103 32 därav
1535 1666 77 33 hårt

110 1716 170 38 nattläger
292 1716 105 32 under
412 1717 18 31 8
445 1716 115 39 dagar,
577 1716 54 32 för
644 1720 95 35 trots,
755 1717 57 32 hot
826 1717 60 32 och
900 1717 187 32 oförskämt
1102 1717 209 38 uppförande
1326 1721 67 28 mot
1407 1717 204 38 bevakning;

110 1764 37 41 3)
171 1767 61 32 den
251 1768 40 31 30
311 1779 89 20 mars
422 1768 83 31 1916
524 1779 114 20 enrum
658 1768 72 31 med
750 1767 124 33 förlust
893 1779 42 21 av
955 1768 261 38 sysselsättning
1234 1768 12 31 i
1267 1768 153 38 förening
1441 1768 72 32 med
1534 1768 77 32 hårt

109 1817 170 39 nattläger
295 1818 104 32 under
416 1818 17 32 5
452 1818 105 38 dagar
576 1818 54 32 för
648 1818 153 32 störande
819 1830 42 20 av
879 1818 352 39 fängelseordningen;
1249 1817 36 40 4)
1309 1819 60 32 den
1390 1820 18 31 9
1428 1818 184 38 september

111 1868 84 32 1918
213 1880 114 20 enrum
344 1868 73 32 med
434 1868 123 32 förlust
575 1880 42 20 av
634 1868 262 39 sysselsättning
912 1868 104 33 under
1033 1870 41 32 30
1094 1869 115 38 dagar,
1228 1869 103 32 därav
1348 1869 77 32 hårt
1442 1869 169 38 nattläger

110 1918 105 33 under
233 1919 18 32 8
270 1919 115 39 dagar,
404 1919 54 32 för
474 1919 87 32 stöld
578 1931 43 20 av
637 1919 168 39 fängelset
823 1919 167 39 tillhörigt
1007 1920 91 33 bröd.
1115 1939 45 3 —
1178 1919 191 33 Sedermera
1388 1920 61 31 har
1465 1920 145 32 emeller-

110 1969 50 32 tid
181 1969 82 32 hans
285 1970 210 38 uppförande
517 1969 201 33 förbättrats
741 1970 60 32 och
825 1975 37 27 är
883 1982 45 20 nu
951 1970 99 33 sedan
1073 1970 176 39 åtskilliga
1272 1971 37 31 år
1332 1970 235 39 oklanderligt.

151 2020 161 33 Heinrich
334 2020 133 33 Winter
491 2020 197 33 framhåller
710 2021 11 32 i
746 2021 219 32 förevarande
988 2021 197 39 ansökning,
1212 2025 50 29 att
1285 2022 140 32 straffet
1448 2021 99 33 känts
1573 2022 37 31 så

110 2070 135 39 mycket
263 2071 135 32 svårare
420 2071 53 32 för
493 2083 98 21 sonen
613 2083 69 20 som
701 2071 66 33 han
788 2072 87 32 måst
894 2073 162 37 genomgå
1078 2072 54 32 det
1152 2072 12 32 i
1186 2072 206 33 främmande
1414 2072 88 39 land,
1525 2076 87 28 samt

109 2124 52 29 att
182 2133 98 20 sonen
300 2121 63 33 allt
380 2121 93 32 ifrån
492 2122 116 38 början
628 2122 98 38 djupt
747 2123 121 38 ångrat
889 2122 60 32 sitt
968 2122 104 39 brott;
1093 2122 60 32 och
1174 2122 149 33 anhåller
1343 2122 66 32 han
1429 2126 51 29 att
1500 2122 111 33 återfå

110 2171 60 33 sitt
190 2172 92 39 barn,
301 2172 116 33 medan
436 2172 75 39 han,
532 2184 68 20 som
620 2184 45 21 nu
682 2184 78 21 vore
781 2174 39 31 72
843 2173 47 38 år,
911 2177 88 28 ännu
1017 2172 110 33 kunde
1148 2172 211 34 tillförsäkra
1379 2173 53 32 det
1453 2185 38 20 en
1511 2173 100 33 ärbar

111 2222 150 33 framtid.

153 2273 355 40 Fängelsedirektören
523 2274 57 33 vid
597 2274 239 39 Långholmen,
853 2275 60 32 där
928 2274 150 33 Richard
1095 2274 133 33 Winter
1243 2274 155 39 avtjänar
1417 2274 58 33 sitt
1492 2274 117 39 straff,

108 2324 122 33 Patrik
253 2324 147 40 Harling
424 2328 112 36 yttrar
559 2325 12 32 i
592 2325 115 39 intyg:
733 2325 149 33 Winters
905 2325 211 38 uppförande
1140 2325 84 33 hade
1247 2326 103 32 under
1375 2326 162 32 avsevärd
1561 2325 50 33 tid

109 2375 90 33 varit
217 2375 54 33 det
292 2375 107 39 bästa,
419 2376 60 32 och
498 2376 82 32 hans
601 2376 166 33 sinnesart
786 2376 84 33 hade
890 2376 180 39 undergått
1090 2376 61 33 den
1174 2376 225 39 förvandling,
1420 2379 51 29 att
1490 2376 121 32 brotts-

110 2425 71 40 liga
207 2426 202 39 handlingar
433 2438 43 21 av
503 2426 118 33 honom
648 2427 54 32 för
728 2427 181 33 framtiden
936 2426 30 39 ej
991 2427 93 32 torde
1111 2427 127 32 behöva
1264 2427 146 33 befaras.
1459 2426 62 33 Om
1549 2427 62 32 den

110 2476 111 40 tanke,
247 2488 68 21 som
342 2477 107 39 gjorts
474 2477 243 33 fruktbärande
744 2478 11 31 i
781 2478 98 38 lagen
906 2489 52 20 om
984 2477 175 40 villkorlig
1186 2477 198 40 frigivning,
1411 2477 93 39 finge
1529 2489 83 21 vara
