2282 2747
523 201 17 31 2
988 198 259 39 Lag-Utskottets
1276 195 166 33 Utlåtande
1468 196 59 30 N:o
1555 198 49 27 37.

615 290 86 37 Med
741 288 256 47 anmärkning,
1039 288 177 35 hurusom
1257 287 129 35 tvister
1418 284 77 37 ofta
1523 283 236 37 förekommit
1787 281 193 49 angående
2008 287 76 31 rätt

481 343 58 36 till
580 342 173 48 flottning
794 341 68 35 och
895 340 117 36 farled
1042 340 52 35 uti
1123 340 185 34 allmänna
1336 337 69 36 och
1434 335 170 37 enskilda
1632 334 235 48 vattendrag,
1910 340 93 30 samt
2029 340 54 29 att

481 394 157 48 stridiga
680 395 138 47 åsigter
857 398 136 43 yppats
1021 391 137 44 derom,
1200 389 185 37 huruvida
1413 388 269 46 vattendragen
1711 400 89 22 vore
1831 392 54 30 att
1914 398 87 24 anse
2030 389 54 32 sär

482 459 77 23 som
589 446 187 35 allmänna
804 445 88 35 eller
920 442 177 45 enskilda,
1126 443 65 35 har
1218 441 95 36 Herr
1341 441 72 36 Ros
1442 440 198 47 föreslagit,
1658 445 52 29 att
1731 438 211 48 Riksdagen
1969 441 114 32 måtte

482 497 57 37 för
567 498 56 34 sin
654 497 59 36 del
742 496 152 42 besluta,
923 502 71 28 »att
1022 507 128 23 senare
1180 494 110 35 delen
1320 492 37 36 af
1383 492 132 48 Kongl.
1545 489 141 37 brefvet
1713 490 71 35 den
1815 491 19 34 8
1851 489 105 48 April
1975 490 107 42 1811,

482 563 74 22 som
600 556 61 29 rör
701 548 180 36 enskildes
922 554 75 28 rätt
1026 552 52 29 att
1106 545 195 36 förhindra
1329 544 103 36 flott-
1460 543 68 36 och
1557 542 131 44 farled,
1723 545 115 31 måtte
1869 539 216 50 upphäfvas,

482 602 67 35 och
593 600 95 36 hvad
717 602 9 34 i
756 599 220 47 föregående
1007 598 107 35 delen
1144 596 38 37 af
1206 609 140 23 samma
1374 594 133 48 Kongl.
1538 593 84 37 bref
1647 593 150 47 stadgas
1827 598 89 29 utan
1945 591 141 37 undan-

481 660 63 41 tag
575 652 179 37 förklaras
783 651 200 48 gällande.

549 737 2 3 :
605 704 139 36 Herrar
771 703 106 36 Frisk
906 702 69 36 och
1003 701 207 48 Malmberg
1239 703 78 32 åter
1333 697 111 37 hafva
1465 695 401 38 sammanstämmande
1883 695 202 44 hemställt,

482 762 55 30 att
564 755 58 36 för
650 754 224 48 Gefleborgs,
903 751 376 44 Wester-Norrlands,
1307 749 219 43 Jemtlands,
1554 747 157 37 Wester-
1739 747 67 35 och
1834 746 249 36 Norrbottens

480 807 60 35 län
581 809 113 32 måtte
734 812 153 39 antagas
929 816 44 23 en
1014 803 217 46 förordning
1276 800 194 48 angående
1498 799 179 47 flottning
1705 797 39 35 af
1767 798 241 46 skogsalster,
2049 795 40 36 af

480 857 162 49 följande
668 857 178 36 innehåll:

1228 970 39 47 »$
1299 975 30 32 1.

615 1062 16 36 I
659 1063 110 46 sjöar,
798 1060 126 44 elfvar,
954 1065 210 37 strömmar,
1193 1061 72 41 åar,
1285 1057 94 36 sund
1400 1057 91 35 eller
1510 1057 114 35 andra
1643 1056 187 48 naturliga
1850 1054 233 47 vattendrag,

484 1114 65 36 der
588 1114 177 46 flottning
806 1113 70 34 kan
905 1112 77 43 ske,
1011 1114 59 32 må
1105 1110 152 43 enhvar,
1287 1109 115 35 under
1429 1107 244 48 iakttagande
1703 1106 39 37 af
1766 1105 283 37 föreskrifterna
2076 1105 11 35 i

483 1166 122 35 denna
644 1164 233 47 förordning,
906 1163 199 35 verkställa
1132 1161 176 45 flottning
1336 1159 39 36 af
1399 1160 238 47 skogsalster.
1692 1157 391 47 Flottningsmanskap

483 1225 41 28 är
552 1215 229 48 berättigadt
810 1221 63 37 att,
902 1214 46 35 då
976 1213 131 36 sådant
1135 1221 39 26 är
1201 1211 56 36 för
1285 1211 223 47 flottningen
1539 1208 242 49 nödvändigt,
1810 1208 158 36 beträda
1996 1208 89 35 eller

483 1268 84 36 med
594 1266 175 48 flottgods
797 1267 108 45 lägga
933 1266 56 33 till
1017 1264 63 35 vid
1108 1263 221 36 stränderna
1358 1261 39 36 af
1420 1261 143 35 flottled
1585 1266 95 30 samt
1704 1260 66 35 der
1787 1260 180 47 anbringa
1983 1260 103 34 bom-

483 1318 120 38 fästen
632 1319 90 36 eller
750 1317 152 47 vidtaga
931 1316 116 35 andra
1074 1314 59 49 för
1161 1314 213 36 ändamålet
1403 1311 247 50 erforderliga
1678 1310 186 50 åtgärder.

1245 1431 22 47 $
1297 1435 30 33 2.

619 1523 54 36 På
700 1522 144 44 ställen,
873 1522 148 35 hvarest
1049 1519 134 36 allmän
1211 1517 119 37 farled
1358 1517 58 36 för
1444 1520 88 45 ång-
1555 1517 92 35 eller
1668 1515 242 49 segel-fartyg
1931 1515 154 48 nyttjas,

486 1574 66 37 der
588 1575 82 40 bro,
699 1574 107 42 sluss,
835 1577 145 30 vatten-
1014 1571 90 35 eller
1136 1569 181 38 fiskeverk
1348 1569 86 35 eller
1462 1573 113 31 annat
1602 1567 102 43 fiske,
1733 1579 76 23 som
1840 1566 247 48 regelbundet

484 1626 116 43 idkas,
628 1625 69 35 kan
728 1623 145 45 skadas,
902 1624 88 35 eller
1018 1622 68 36 ock
1115 1621 64 36 der
1207 1633 118 23 annan
1355 1619 249 36 värdefullare
1634 1618 227 47 anläggning
1889 1617 196 35 förefinnes

485 1677 89 36 eller
613 1676 226 47 skogsalster
879 1674 79 35 icke
1000 1674 125 34 kunna
1164 1677 91 30 utan
1290 1670 257 48 uppdämning
1574 1667 224 44 fortskaffas,
1826 1668 56 35 får
1909 1668 177 46 flottning

485 1728 80 36 icke
606 1725 202 45 bedrifvas,
850 1724 123 37 förrän
1014 1737 68 37 syn
1126 1723 66 35 och
1233 1722 180 48 pröfning:
1438 1720 175 48 föregått,
1642 1723 120 32 såsom
1791 1719 65 35 här
1883 1717 203 37 nedanföre

485 1778 217 44 beskrifves,
731 1780 39 33 så
797 1776 113 36 framt
937 1776 109 35 saken
1076 1775 79 35 icke
1191 1773 240 36 uteslutande
1459 1775 114 44 angår
1602 1770 165 37 enskilde
1795 1771 195 46 sakegares
2010 1775 75 29 rätt

486 1830 67 36 och
583 1829 110 36 dessa
720 1828 192 48 samtycka
938 1827 57 35 till
1022 1826 233 46 flottningen.

620 1879 117 36 Sådan
767 1892 68 35 syn
869 1878 68 36 och
968 1877 173 49 pröfning
1168 1877 165 34 kommer
1361 1874 92 36 efter
1481 1873 96 35 hand
1608 1879 54 29 att
1690 1875 44 45 på
1762 1869 245 37 statsverkets
2024 1870 62 35 be-

488 1931 160 36 kostnad
676 1930 218 36 verkställas
922 1930 53 34 uti
1003 1928 234 46 vattendrag,
1267 1939 80 23 som
1376 1926 57 34 till
1452 1924 176 47 flottning
1648 1924 225 34 allmännare
1890 1922 194 47 begagnas.

488 1976 147 44 Önskar
675 1986 122 43 någon
839 1980 197 36 verkställa
1076 1980 178 43 flottning
1293 1978 9 34 i
1345 1976 121 50 dylikt
1505 1974 231 47 vattendrag,
1769 1974 113 35 innan
1916 1985 69 35 syn
2015 1972 69 36 och

486 2033 281 46 undersökning
806 2044 132 35 genom
979 2031 200 48 styrelsens
1220 2028 147 47 försorg
1394 2028 145 35 kunnat
1566 2025 185 44 anställas,
1779 2024 88 36 eller
1895 2025 51 34 uti
1973 2030 113 28 annat

488 2085 135 36 sådant
650 2083 233 47 vattendrag,
912 2082 150 36 hvarest
1088 2081 186 46 flottning,
1290 2082 123 33 såsom
1428 2076 191 37 ofvanföre
1635 2075 109 49 sagdt
1759 2083 51 37 är,
1828 2075 31 46 ej
1879 2082 91 28 utan
1985 2073 100 36 före-

488 2138 147 45 gången
669 2134 276 46 undersökning
972 2132 56 37 får
1055 2132 153 43 utföras,
1237 2143 65 35 ege
1331 2131 69 34 han
1431 2130 64 34 hos
1523 2128 226 47 Konungens
1778 2120 308 57 Befallningshaf-

489 2186 119 37 vande
649 2186 11 35 i
695 2187 102 35 länet
825 2185 135 36 ansöka
990 2189 54 30 att
1072 2183 115 36 sådan
1215 2181 224 47 förrättning
1467 2183 58 32 må
1553 2182 45 45 på
1627 2178 88 35 hans
1743 2176 207 37 bekostnad
1978 2175 108 36 verk-

489 2238 136 35 ställas.
681 2237 80 35 Kan
795 2237 72 35 han
895 2248 136 35 genom
1059 2235 103 35 bevis
1191 2233 38 36 af
1254 2232 314 47 kronobetjening
1597 2230 86 35 eller
1712 2229 195 47 magistrat
1935 2227 88 36 eller
2052 2225 36 37 af

488 2292 65 33 två
580 2287 216 49 trovärdiga
824 2295 83 28 män
937 2286 128 50 styrka
1092 2291 55 30 att
1173 2284 130 37 endast
1330 2286 121 45 någon
1479 2281 145 37 mindre
1653 2280 67 36 bro
1750 2280 90 35 eller
1867 2281 115 45 något
2010 2278 77 35 rin-
