1894 2786
280 175 215 28 Sammansatt
515 177 243 26 konstilutions-
778 177 61 27 och
857 177 103 32 första
978 177 187 32 lagutskotts
1185 177 165 28 utlåtande
1369 187 40 17 nr
1429 177 25 27 1.
1603 177 18 29 3

159 264 138 37 Frågan
313 274 57 20 om
387 265 150 36 ändring
552 266 84 28 eller
653 265 234 30 avskaffande
904 275 42 20 av
962 266 230 36 magistraten
1208 266 65 29 har
1289 266 107 29 sedan
1417 265 204 30 1800-talets

116 318 79 29 mitt
216 318 57 29 vid
297 318 90 30 flera
409 318 166 30 tillfällen
598 318 65 30 och
686 319 11 29 i
719 318 95 30 olika
838 319 258 37 sammanhang
1120 319 90 29 varit
1234 320 112 28 under
1370 320 252 36 övervägande.

116 371 122 29 Ibland
263 371 65 30 har
352 371 212 37 spörsmålet
588 381 56 20 om
669 381 42 20 en
735 372 301 37 omorganisation
1063 381 42 21 av
1129 373 66 29 den
1221 372 231 30 kommunala
1478 372 144 30 förvalt-

115 425 140 36 ningen,
281 425 120 29 ibland
427 425 211 37 spörsmålet
663 435 57 20 om
746 427 49 28 ett
822 426 269 36 förstatligande
1117 435 43 20 av
1185 426 305 37 rättsskipningen
1517 426 9 29 i
1553 427 69 29 stä-

114 478 109 29 derna
243 478 233 30 aktualiserat
496 478 278 30 reformkraven.

160 540 66 29 Till
246 541 115 36 grund
383 541 54 29 för
459 540 83 30 1862
563 541 57 30 års
641 541 466 37 kommunalförfattningar
1128 541 54 37 låg
1203 543 49 28 ett
1272 541 224 30 betänkande
1517 551 42 20 av
1579 551 42 20 en

114 593 39 29 år
175 593 83 29 1858
279 594 127 30 tillsatt
428 594 195 29 kommitté.
645 594 236 30 Kommitténs
902 595 214 29 ordförande
1137 595 158 29 uttalade
1315 595 11 29 i
1347 595 146 37 avgiven
1514 604 108 21 reser-

114 647 118 29 vation
252 647 67 29 den
339 648 199 36 meningen,
558 650 51 27 att
629 648 439 36 magistratsinstiutionen
1088 657 81 20 vore
1189 648 182 29 föråldrad
1392 648 65 29 och
1478 649 143 28 tarvade

113 709 43 20 en
175 700 210 37 fullständig
402 701 203 36 omdaning.
624 701 52 29 En
694 710 118 20 annan
832 703 181 27 reservant
1031 701 95 30 inom
1145 701 212 30 kommittén
1375 702 83 29 sade
1476 701 51 37 sig
1546 702 76 29 icke

113 753 179 37 obetingat
310 753 86 37 vilja
414 754 161 30 förkasta
593 763 42 20 en
653 755 302 36 omorganisation
973 764 42 20 av
1032 754 66 29 den
1118 754 170 30 innebörd
1307 754 106 30 bland
1433 757 119 31 annat,
1571 756 51 28 att

114 807 231 37 magistraten
364 807 114 30 skulle
497 807 195 31 avskaffas.

160 861 97 28 Inom
278 861 157 29 Svenska
454 861 291 30 stadsförbundet
763 861 65 29 har
848 861 125 37 frågan
992 870 57 21 om
1069 862 292 36 stadsstyrelsens
1380 862 241 36 organisation

115 914 56 29 vid
194 914 89 29 flera
304 914 165 29 tillfällen
491 915 92 29 varit
604 914 148 30 föremål
775 914 55 30 för
852 915 252 36 övervägande.
1126 914 102 30 Vissa
1251 924 43 20 av
1316 915 41 29 de
1380 914 143 37 förslag,
1546 924 75 20 som

113 967 122 29 därvid
254 967 202 34 framlades,
473 968 173 29 inneburo
663 970 50 27 att
729 968 232 37 magistraten
977 968 113 29 skulle
1107 967 172 30 fortbestå
1296 977 80 20 men
1392 967 131 30 befrias
1541 967 80 30 från

114 1021 260 36 rättsskipning
399 1021 66 29 och
490 1020 179 38 åtskilliga
695 1030 42 20 av
762 1021 41 29 de
830 1021 142 37 statliga
998 1021 477 37 förvaltningsuppgifterna.
1503 1021 119 29 Andra

116 1074 131 36 törslag
271 1073 163 37 åsyftade
458 1075 249 36 magistratens
732 1074 236 30 avskaffande
992 1074 65 29 och
1081 1074 260 37 överflyttande
1366 1083 42 20 av
1433 1075 78 29 dess
1536 1083 86 28 upp-

113 1127 105 37 sifter
235 1127 44 36 på
298 1128 111 29 andra
427 1135 120 29 organ.

159 1180 114 30 Sedan
295 1180 81 29 1911
399 1180 57 31 års
477 1181 144 36 riksdag
640 1181 146 36 beviljat
806 1181 112 29 medel
940 1181 54 29 för
1014 1190 42 20 en
1078 1181 255 29 förberedande
1353 1181 190 37 utredning
1563 1190 59 20 an-

113 1234 132 37 gående
271 1244 42 19 en
341 1234 349 37 rättegångsreform,
717 1234 147 30 tillsatte
892 1234 126 37 Kungl.
1045 1233 111 37 Maj:t
1182 1234 67 29 den
1276 1234 201 37 utredning,
1505 1234 116 29 vilken

114 1288 108 28 sedan
243 1287 219 30 ombildades
485 1288 52 29 till
559 1288 436 36 processkommissionen.
1019 1287 156 30 Ledaren
1198 1287 56 30 för
1277 1288 66 28 den
1367 1287 254 30 förberedande

114 1341 246 36 utredningen,
377 1340 24 29 f.
418 1341 32 29 d.
466 1340 240 36 justitierådet
721 1341 31 29 J.
768 1341 154 33 Hellner,
939 1341 122 37 gjorde
1077 1341 10 29 i
1104 1342 49 28 ett
1169 1340 194 34 utlåtande,
1381 1350 76 20 som
1474 1350 61 20 var
1552 1341 70 29 för-

114 1394 111 29 anlett
247 1403 42 20 av
310 1394 308 37 framställningar
640 1394 80 29 från
742 1394 93 29 vissa
858 1394 117 29 städer
997 1394 112 29 under
1132 1394 175 29 landsrätt
1330 1403 56 20 om
1409 1401 85 29 egen
1516 1393 106 37 juris-

114 1447 149 34 diktion,
288 1447 107 29 bland
422 1449 109 27 annat
556 1447 57 29 det
639 1447 210 34 uttalandet,
875 1448 51 28 att
951 1447 78 29 med
1056 1447 41 29 de
1123 1446 395 37 förvaltningsgöromål
1546 1456 76 20 som

114 1500 98 37 ålåge
234 1501 185 28 städernas
442 1500 225 36 magistrater
689 1500 72 29 dels
785 1509 76 20 som
884 1500 231 29 kommunala
1137 1500 65 29 och
1225 1500 73 29 dels
1322 1509 76 20 som
1421 1501 201 35 statsorgan

115 1553 114 29 skulle
253 1554 41 29 de
317 1562 70 28 nya
411 1553 243 30 domstolarna
677 1553 89 29 efter
790 1552 384 38 rättegångsreformen
1198 1552 31 37 ej
1255 1553 46 29 ha
1327 1554 51 28 att
1402 1554 80 35 taga
1507 1552 115 37 någon

114 1606 210 37 befattning,
349 1608 86 28 utan
458 1606 114 30 skulle
595 1607 101 29 dessa
720 1606 179 37 uppgifter
921 1607 183 35 övertagas
1129 1615 42 20 av
1194 1606 112 29 andra
1329 1606 255 37 myndigheter.
1610 1606 12 28 I

114 1659 200 30 utlåtandet
341 1659 216 30 betecknade
584 1659 72 30 han
683 1659 323 37 åvägabringandet
1035 1668 42 20 av
1104 1668 43 21 en
1177 1659 209 37 fullständig
1414 1659 208 30 skilsmässa

115 1713 129 29 mellan
264 1713 218 36 förvaltning
501 1713 66 29 och
587 1713 259 37 rättsskipning
866 1713 10 29 i
897 1713 166 29 städerna
1082 1712 117 30 såsom
1219 1722 43 20 en
1282 1712 265 37 huvuduppgift
1568 1713 54 28 för

115 1765 394 38 rättegångsreformen.

160 1819 113 29 Sedan
290 1821 10 27 1
318 1819 172 29 samband
508 1820 78 28 med
604 1820 65 28 den
686 1819 190 36 planerade
894 1818 322 37 processreformen
1234 1818 126 37 frågan
1378 1828 57 20 om
1452 1819 171 29 siadsför-

114 1872 224 36 valtningens
361 1872 302 36 omorganisation
686 1872 100 28 blivit
809 1871 145 34 aktuell,
976 1871 142 29 väcktes
1141 1871 57 29 vid
1224 1871 84 29 1915
1332 1870 57 31 års
1414 1871 143 37 riksdag
1580 1880 42 20 en

117 1925 131 28 motion
268 1925 150 29 rörande
438 1924 124 37 frågan
581 1933 57 20 om
658 1925 135 28 städers
813 1924 170 36 läggande
1002 1924 111 29 under
1133 1924 186 29 landsrätt.
1339 1924 13 28 I
1372 1924 190 36 anledning
1582 1933 41 20 av

115 1977 179 29 motionen
311 1977 211 30 hemställde
541 1977 187 37 riksdagen
747 1977 9 29 i
775 1977 170 29 skrivelse
964 1977 51 29 till
1034 1976 126 37 Kungl.
1179 1976 112 37 Maj:t
1307 1976 107 30 bland
1434 1978 119 32 annat,
1572 1978 51 28 att

116 2031 125 36 Kungl.
261 2030 112 36 Maj:t
390 2030 80 29 ville
488 2032 80 35 taga
586 2030 112 29 under
715 2030 242 36 övervägande
975 2029 43 37 på
1037 2030 66 29 vad
1122 2030 70 29 sätt
1211 2030 9 29 i
1239 2030 118 29 städer
1376 2030 111 29 under
1508 2030 114 29 lands-

117 2084 68 28 rätt
201 2084 41 28 de
260 2083 230 29 kommunala
508 2083 65 29 och
590 2084 285 28 administrativa
892 2082 189 37 uppgifter,
1099 2092 75 20 som
1191 2082 104 37 eljest
1311 2082 98 38 ålåge
1428 2083 194 36 magistrat,

115 2136 188 36 lämpligen
322 2136 107 29 borde
448 2136 213 36 tillgodoses.

160 2189 75 28 Med
256 2189 191 36 anledning
466 2198 41 20 av
526 2189 207 36 riksdagens
753 2188 264 36 framställning
1037 2189 145 28 tillsatte
1203 2188 126 37 Kungl.
1349 2188 111 36 Maj:t
1479 2188 39 29 år
1539 2188 84 29 1916

114 2242 67 28 den
214 2251 26 19 s.
274 2242 31 27 k.
340 2241 541 36 stadsstyrelsekommissionen.
916 2241 283 28 Kommissionen
1234 2248 110 29 avgav
1376 2241 39 28 år
1451 2241 82 29 1917
1568 2241 55 29 be-

117 2294 187 29 tänkande.

162 2347 10 27 I
195 2347 166 35 yttrande
384 2347 81 28 över
490 2346 548 36 stadsstyrelsekommissionens
1064 2346 132 36 förslag
1220 2345 208 37 ifrågasatte
1453 2345 170 30 stladsför-

116 2399 143 33 bundet,
280 2399 177 29 huruvida
479 2399 76 29 icke
578 2399 94 29 tiden
696 2407 80 21 vore
799 2399 81 28 inne
904 2398 54 29 för
980 2400 49 27 ett
1052 2398 234 36 upphävande
1309 2408 43 19 av
1374 2399 248 36 magistratens

117 2451 391 37 tillsynsbefogenheter
529 2453 81 28 över
632 2451 215 29 kommunen
869 2451 64 29 och
954 2451 119 36 övriga
1096 2451 233 29 kvarstående
1352 2448 109 33 rester
1482 2461 42 20 av
1544 2452 78 29 dess

117 2505 100 29 forna
238 2505 168 36 ställning
425 2504 116 30 såsom
560 2505 142 29 stadens
721 2505 158 36 styrelse.
