2178 2636
706 214 320 30 Jordbruksutskottets
1046 216 152 37 utlåtande
1218 216 52 30 Nr
1290 218 50 29 23.
1791 219 39 30 17

847 307 354 39 Reservation

216 388 44 38 af
284 390 125 37 herrar
436 395 42 33 4.
511 394 34 33 T.
578 395 175 42 Odelberg,
781 396 41 32 P.
850 397 172 42 Paulson,
1051 398 42 33 E.
1121 399 41 32 A.
1180 399 194 41 Lindblad,
1395 400 103 42 ÅAaby
1516 400 41 34 A.
1585 401 50 32 W.
1656 401 180 42 Ericsson,

217 439 127 49 grefve
384 445 41 34 A.
467 445 117 34 H:son
629 446 271 41 Wachtmeister,
941 448 46 32 H.
1026 448 209 35 Andersson
1269 446 69 36 och
1374 450 43 33 A.
1446 451 238 42 Magnusson,
1712 449 125 36 hvilka

215 496 136 38 ansett,
379 497 54 31 att
461 493 199 36 utskottets
686 493 176 49 yttrande
889 495 70 35 och
987 494 140 50 förslag
1153 496 85 37 bort
1264 496 111 37 hafva
1402 496 166 49 följande
1595 498 157 50 lydelse:

319 542 73 35 Till
418 556 46 22 en
492 543 132 48 början
651 545 65 35 vill
745 545 181 36 utskottet
954 545 178 45 meddela,
1162 552 54 31 att
1242 548 182 36 utskottet
1450 550 95 34 varit
1571 550 14 35 i
1612 549 153 37 tillfälle
1783 556 55 31 att

218 598 85 42 taga
337 592 59 36 del
423 592 42 37 af
488 593 272 49 handlingarna
786 596 12 33 i
826 594 62 37 det
914 595 40 36 af
979 596 411 49 departementschefen
1418 600 12 34 i
1459 600 266 49 sammanhang
1752 602 84 36 med

215 648 128 30 ämnet
382 642 57 37 för
478 643 283 50 ifrågavarande
801 647 230 48 proposition
1072 648 224 36 omnämnda
1331 649 136 36 ärende
1500 650 191 48 angående
1718 650 115 38 fram-

212 694 183 48 ställning
434 694 41 36 af
506 700 176 43 torparen
708 693 219 40 Alexander
953 697 216 37 Andersson
1196 712 48 22 m.
1272 699 36 36 fl.
1335 712 60 23 om
1423 701 206 48 upplåtelse
1656 701 41 36 af
1721 715 112 35 egen-

215 744 155 36 domens
396 748 21 32 å
443 744 201 38 fastlandet
670 747 158 48 belägna
853 753 97 43 torp,
979 748 151 36 hvilken
1157 748 286 50 framställning,
1472 751 121 36 ehuru
1621 752 59 35 till
1706 753 126 36 affatt-

216 795 139 47 ningen
390 798 47 46 på
463 796 92 36 flera
582 797 159 48 punkter
768 796 197 38 afvikande
992 797 85 38 från
1105 799 71 37 den
1203 799 40 36 af
1268 801 231 36 motionären
1525 801 184 50 återgifna
1735 804 98 48 peti-

213 846 141 43 tionen,
382 847 94 35 dock
504 859 110 36 synes
640 860 88 23 vara
755 847 85 36 med
867 848 122 36 denna
1014 849 173 37 identisk.
1241 850 129 49 Enligt
1397 851 271 50 handlingarna
1694 855 12 34 i
1726 861 106 29 ären-

214 895 75 44 det,
331 909 77 23 som
444 896 97 37 efter
567 897 280 50 vederbörligen
875 898 190 50 förebragt
1092 900 202 47 utredning
1321 902 32 47 ej
1383 901 216 38 föranledde
1626 905 58 34 till
1711 908 123 45 någon

215 945 136 49 Kungl.
380 946 124 48 Maj:ts
531 948 126 36 vidare
685 948 142 49 åtgärd,
855 949 67 36 har
948 951 173 48 yttrande
1149 950 166 49 afgifvits
1334 951 47 45 af,
1402 952 114 37 bland
1535 954 124 44 andra,
1680 955 153 36 domän-

215 997 242 36 intendenten
485 999 13 34 i
526 997 205 50 Göteborgs
767 1000 69 35 och
863 1000 125 36 Bohus
1015 1002 73 43 län,
1117 1001 40 36 af
1181 1002 141 36 hvilket
1347 1003 173 48 yttrande
1549 1005 179 36 utskottet
1755 1007 76 35 till-

214 1046 95 36 låter
335 1048 58 47 sig
419 1054 54 30 att
500 1049 66 35 här
594 1049 182 48 återgifva
802 1049 181 49 följande:

321 1098 134 36 >»Förra
481 1099 335 37 öfverstebostället
844 1101 303 49 Kastellegården
1175 1110 40 28 är
1242 1103 209 47 beläget
1427 1094 30 60 —
1479 1124 47 4 —
1559 1128 40 3 —
1630 1125 50 5 —
1706 1127 49 4 —

316 1149 258 48 Egendomens
602 1151 83 35 hela
712 1153 98 35 areal
839 1155 145 45 uppgår
1009 1154 59 34 till
1127 1172 22 5 —
1196 1173 28 4 —
1265 1172 35 6 —
1341 1173 34 5 —
1421 1175 28 6 =
1493 1174 34 4 —
1573 1175 30 5 —
1646 1176 32 4 —
1718 1176 32 5 —
1782 1177 45 6 on

316 1249 311 38 Underhafvande
667 1257 134 42 utgöra
839 1265 51 23 nu
932 1256 47 44 på
1014 1266 92 35 egen
1134 1254 82 36 kost
1244 1256 110 38 6,040
1382 1256 346 49 mansdagsverken,
1759 1261 70 34 610

214 1299 362 49 kvinnsdagsverken
612 1302 68 35 och
719 1304 72 34 600
828 1303 323 48 hästdagsverken,
1187 1305 119 35 hvilka
1341 1306 231 36 sistnämnda
1599 1307 94 37 dock
1721 1310 31 46 ej
1783 1313 48 44 på

214 1352 135 45 många
376 1353 39 33 år
441 1352 168 47 uttagits.

314 1400 259 48 Egendomens
597 1402 176 48 jordmån
800 1410 40 29 är
866 1404 13 35 i
907 1404 202 36 allmänhet
1135 1405 143 48 bördig,
1307 1406 68 35 och
1401 1408 119 46 gäller
1539 1407 101 37 detta
1660 1410 169 36 omdöme

210 1451 103 35 såväl
340 1450 296 50 hufvudgården,
665 1465 79 24 som
772 1460 40 29 är
839 1453 240 49 fullständigt
1105 1455 209 43 täckdikad,
1343 1469 79 23 som
1449 1463 145 42 torpen.

312 1501 222 37 Nuvarande
562 1503 173 36 arrendet
762 1511 40 29 är
832 1506 132 42 11,506
993 1506 138 35 kronor
1154 1507 116 46 jämte
1300 1508 72 35 650
1399 1508 139 36 kronor
1566 1511 10 33 i
1605 1522 27 22 s.
1652 1510 34 35 k.
1707 1510 119 50 bygg-

211 1551 234 49 nadsbidrag.
499 1553 259 48 Egendomens
785 1556 303 46 taxeringsvärde
1116 1560 144 45 uppgår
1287 1559 58 34 till
1375 1559 162 44 286,000
1565 1561 148 35 kronor.
1767 1562 61 35 Nu

212 1602 157 47 löpande
397 1603 286 49 arrendeperiod
711 1607 148 46 utlöper
886 1605 71 36 den
988 1609 45 33 14
1062 1620 99 23 mars
1191 1610 106 33 1911.

314 1652 75 36 Vid
427 1653 73 36 den
540 1655 439 49 arrendeuppskattning,
1022 1670 79 23 som
1142 1657 148 36 förlidet
1331 1662 39 32 år
1412 1659 72 36 den
1519 1662 57 42 10,
1608 1664 41 33 11
1681 1663 68 35 och
1780 1664 44 34 12

207 1704 210 46 september
444 1704 94 47 ägde
565 1718 84 22 rum
677 1708 20 32 å
724 1706 240 47 egendomen,
985 1707 93 35 hade
1098 1708 447 47 uppskattningsmännen
1565 1716 54 30 att
1638 1715 46 44 på
1702 1713 123 46 grund

211 1751 40 36 af
275 1752 115 36 Eders
418 1753 136 48 Kungl.
583 1755 122 47 Maj:ts
733 1755 135 48 nådiga
895 1755 85 36 bref
1005 1756 72 36 den
1107 1760 45 33 25
1181 1758 208 48 september
1420 1762 107 41 1896,
1557 1763 189 45 angående
1766 1763 62 35 be-

211 1805 229 34 stämmelser
480 1810 55 30 att
575 1806 102 45 tjäna
713 1807 57 34 till
807 1806 243 36 efterrättelse
1078 1809 12 33 i
1118 1807 104 48 fråga
1249 1822 59 22 om
1336 1810 235 47 lägenheters
1600 1813 225 46 upplåtande

211 1852 83 37 från
322 1854 159 35 kronans
505 1855 394 46 jordbruksdomäner,
927 1862 84 42 taga
1032 1858 119 35 under
1171 1859 252 49 ompröfning,
1444 1861 183 36 huruvida
1646 1863 179 36 särskilda

209 1904 327 48 omständigheter,
566 1919 78 22 som
672 1907 126 35 kunna
826 1914 89 41 göra
942 1908 250 48 egendomens
1220 1911 199 47 styckning
1447 1912 56 34 till
1533 1919 138 29 smärre
1698 1914 127 47 lägen-

211 1954 104 35 heter
355 1956 165 47 lämplig,
564 1955 230 45 förefunnos,
837 1958 88 35 eller
954 1971 59 22 om
1042 1958 218 49 afsöndring
1287 1960 82 36 från
1399 1962 229 46 egendomen
1657 1963 41 36 af
1722 1966 103 33 mark

211 2005 56 33 till
309 2005 124 47 dylika
472 2007 214 45 lägenheter
727 2007 123 35 kunde
890 2014 89 29 utan
1019 2009 112 35 skada
1171 2011 89 34 eller
1287 2012 195 46 olägenhet
1510 2012 57 35 för
1594 2013 230 36 densammas

208 2055 136 34 skötsel
372 2062 68 40 äga
467 2069 94 21 rum.
617 2057 53 34 Då
698 2056 179 48 därjämte
905 2058 114 35 Eders
1048 2059 135 47 Kungl.
1214 2060 123 47 Maj:ts
1366 2061 292 49 domänstyrelse
1682 2065 13 34 i
1714 2064 108 36 skrif-

211 2104 96 34 velse
348 2104 70 35 den
453 2107 45 33 22
524 2107 85 45 juni
642 2108 93 33 1904
766 2107 109 35 fästat
903 2110 376 45 uppmärksamheten
1307 2113 20 32 å
1355 2110 323 49 nödvändigheten
1706 2114 41 35 af
1772 2120 53 29 ett

208 2153 212 48 sorgfälligt
447 2156 305 47 tillvaratagande
780 2157 40 35 af
845 2158 71 35 alla
943 2158 44 34 de
1015 2158 184 44 tillfällen,
1228 2159 46 35 då
1288 2160 149 47 jämlikt
1457 2160 214 37 förberörda
1690 2164 134 47 nådiga

209 2203 85 35 bref
331 2206 206 46 upplåtelse
577 2206 40 34 af
654 2208 418 46 cegnahemslägenheter
1109 2212 58 32 må
1195 2210 124 35 kunna
1346 2217 68 41 äga
1442 2224 96 30 rum,
1567 2218 94 29 samt
1684 2214 138 46 jämväl

210 2254 248 48 ansökningar
485 2257 11 33 i
526 2254 280 49 ifrågavarande
848 2258 96 48 syfte
973 2257 164 49 förelågo
1166 2261 95 34 såväl
1290 2260 80 35 från
1401 2261 249 46 egendomens
1678 2269 147 43 torpare

275 2317 110 33 Bihang
404 2318 42 26 till
464 2318 98 26 Riksd.
579 2323 72 29 prot.
671 2320 77 26 1911.
785 2321 18 25 8
821 2320 87 26 Saml.
945 2322 19 25 8&
984 2321 81 34 Häft.
1710 2327 16 25 3
