2174 2630
335 200 41 36 20
822 204 317 30 Jordbruksutskottets
1160 202 149 30 utlåtande
1331 202 47 29 Nr
1399 202 52 29 23.

436 283 77 37 Vid
539 284 315 48 uppskattningen
882 282 67 35 har
975 281 129 36 värdet
1122 279 39 37 af
1178 279 357 49 mansdagsverkena
1552 277 197 36 beräknats
1767 277 58 35 till
1848 279 30 33 1:
1896 278 49 34 25

330 337 138 34 kronor
494 334 69 36 och
590 332 387 48 kvinnsdagsverkena
1003 332 59 34 till
1093 334 30 32 1:
1152 349 50 5 —
1228 331 126 43 krona,
1381 328 70 37 och
1478 328 117 44 torde,
1625 330 38 33 så
1690 327 81 36 vidt
1793 327 66 48 jag
1877 327 69 36 har

332 387 78 47 mig
435 385 148 44 bekant,
611 384 113 48 högre
751 383 78 48 pris
855 385 48 46 på
929 381 377 49 torparedagsverken
1332 380 81 36 icke
1439 379 142 35 betalas
1607 381 48 45 på
1681 380 122 45 någon
1831 390 113 35 egen-

333 436 86 36 dom
458 436 13 35 i
510 436 100 35 länet
637 446 84 23 men
750 434 58 35 väl
835 434 113 47 lägre.
1003 431 71 37 Om
1102 432 143 48 hänsyn
1272 437 102 42 tages
1401 430 71 43 till,
1502 434 54 31 att
1583 428 105 36 dessa
1715 427 228 48 dagsverken

331 487 14 35 i
370 489 138 46 många
535 484 64 37 fall
627 490 149 42 utgöras
803 484 178 47 antingen
1010 482 39 36 af
1074 495 78 23 mer
1180 482 90 36 eller
1295 481 145 36 mindre
1469 479 185 36 orkeslösa
1680 478 146 48 gubbar
1851 478 95 35 eller

333 538 67 35 ock
428 536 40 36 af
493 537 32 47 ej
556 534 202 37 arbetsföra
784 534 211 48 ynglingar,
1024 537 96 32 samt
1147 538 54 30 att
1227 531 245 37 arbetstidens
1499 528 112 49 längd
1640 528 119 37 under
1782 528 45 36 de
1845 534 99 29 mör-

334 589 102 34 kaste
476 585 347 38 vintermånaderna
862 585 33 46 ej
939 583 221 48 öfverstiger
1193 584 20 34 7
1245 584 160 42 timmar,
1435 580 108 36 torde
1570 580 61 35 det
1658 578 64 37 vid
1749 579 195 47 uppskatt-

334 639 140 47 ningen
500 635 208 37 beräknade
736 635 128 36 värdet
891 635 33 47 ej
954 635 127 35 kunna
1108 646 106 23 anses
1241 632 58 36 för
1326 634 86 46 lågt.

435 688 16 35 I
488 688 57 35 sin
580 687 57 35 till
664 686 115 36 Eders
808 685 134 48 Kungl.
969 684 103 48 Maj:t
1099 683 135 37 ställda
1260 682 192 37 skrifvelse
1480 681 110 37 hafva
1617 680 212 36 sökandena
1854 692 94 35 upp-

334 737 120 50 gifvit,
499 743 55 30 att
580 738 62 35 det
676 737 88 47 pris,
793 749 78 23 som
899 735 46 36 de
972 734 38 37 få
1037 735 120 35 betala
1183 734 58 36 till
1269 732 243 37 arrendatorn
1540 732 57 36 för
1623 730 192 37 bristande
1836 729 109 48 dägs-

334 789 148 42 verken,
525 795 40 29 är
603 787 186 36 bestämdt
826 787 57 34 till
926 786 32 36 2:
1000 804 50 5 —-
1090 786 137 34 kronor
1253 783 57 37 för
1337 795 124 24 mans-
1489 783 68 35 och
1588 784 31 33 1:
1649 784 47 33 50
1724 781 137 35 kronor
1887 779 59 36 för

336 838 347 49 kvinnsdagsverke.
736 837 131 36 Denna
894 835 152 49 uppgift
1072 838 116 33 måste
1215 834 144 49 grunda
1385 835 58 47 sig
1470 836 47 45 på
1535 834 163 46 misstag,
1719 837 90 29 enär
1827 831 118 46 enligt

337 890 230 48 upplysning
593 888 82 36 från
703 887 242 36 arrendatorn
972 885 189 37 bristande
1188 885 333 48 mansdagsverken
1549 888 154 31 ersättas
1730 881 84 36 med
1843 883 34 33 1:
1897 882 46 34 75

336 942 138 34 kronor
501 940 118 36 under
646 936 320 38 sommarhalfåret
993 937 68 36 och
1091 938 32 34 1:
1154 938 45 33 25
1228 936 135 35 kronor
1390 934 120 36 under
1536 931 291 45 vinterhalfåret,
1856 932 90 35 eller

335 992 13 34 i
375 990 230 49 genomsnitt
630 988 61 36 för
718 989 84 35 hela
828 991 78 32 året
935 989 32 33 1:
998 988 47 35 50
1072 988 149 35 kronor.
1275 984 237 38 Sistnämnda
1539 984 134 48 belopp
1700 982 58 36 får
1776 983 31 46 ej
1830 982 122 35 heller

336 1053 106 23 anses
483 1043 119 33 såsom
643 1042 122 45 någon
804 1039 197 34 måttstock
1040 1040 48 45 på
1114 1037 236 48 dagsverkets
1380 1034 124 43 värde,
1534 1040 89 30 utan
1651 1040 40 29 är
1718 1045 148 23 snarare
1893 1037 52 30 att

335 1091 169 36 betrakta
544 1103 78 23 som
649 1102 46 24 en
722 1087 345 37 öfverenskommen
1095 1087 318 46 skadeersättning
1439 1086 59 34 till
1525 1084 244 36 arrendatorn
1796 1081 58 37 för
1882 1095 64 22 en-

338 1141 103 36 staka
468 1141 239 48 dagsverken,
737 1152 79 23 som
843 1139 72 34 han
944 1140 81 45 gått
1053 1136 173 49 förlustig
1253 1136 39 36 af
1322 1138 6 33 i
1356 1149 46 23 en
1429 1134 184 37 måhända
1639 1133 94 36 bråd
1759 1134 68 34 tid.

438 1192 72 35 För
549 1196 52 30 att
640 1191 127 48 belysa
806 1190 87 34 mitt
929 1187 211 49 påstående,
1169 1192 55 31 att
1249 1192 192 43 torparens
1469 1185 177 47 ställning
1673 1184 81 35 icke
1781 1184 173 34 kommer

337 1248 55 30 att
418 1243 109 35 ställa
554 1243 56 46 sig
636 1247 129 37 sämre,
795 1252 59 23 om
882 1238 46 36 de
956 1237 232 37 fortfarande
1214 1238 117 35 bruka
1357 1238 58 34 sin
1438 1236 89 47 jord
1554 1240 77 30 mot
1646 1234 302 48 dagsverksskyl-

338 1292 129 49 dighet
506 1294 13 33 i
561 1291 164 48 enlighet
766 1289 83 36 med
889 1289 64 36 det
988 1287 143 50 afgifna
1165 1287 187 49 förslaget,
1379 1290 115 44 vågar
1516 1286 66 47 jag
1609 1286 12 34 i
1649 1283 297 49 underdånighet

338 1343 129 35 anföra
494 1341 274 38 nedanstående
795 1340 181 47 exempel:
1930 1358 2 2 i

440 1394 139 48 Torpet
606 1392 106 37 Stora
738 1391 160 36 Ishällan
925 1403 45 22 nr
1001 1393 30 41 1,
1060 1388 238 37 innehafvare
1326 1389 149 46 August
1502 1386 166 36 Persson.

439 1445 131 35 Areal:
600 1445 131 42 2,94,80
759 1442 67 35 har
852 1445 138 31 tomter
1016 1441 69 34 och
1113 1441 96 42 åker,
1239 1441 131 42 0,39,80
1398 1439 67 34 har
1493 1444 84 41 äng.

439 1490 106 53 Årlig
572 1492 144 49 afgäld:
750 1493 70 34 130
848 1503 122 24 mans-
998 1491 68 35 och
1096 1492 46 34 10
1170 1488 361 49 kvinnsdagsverken
1558 1491 47 44 på
1632 1499 93 36 egen
1754 1487 91 34 kost.

439 1544 271 50 Byggnaderna
737 1543 139 48 ganska
903 1555 73 35 nya
1003 1541 68 36 och
1099 1542 12 33 i
1135 1540 160 48 fullgodt
1322 1538 118 36 stånd.

439 1595 229 36 Jordmånen
696 1593 148 49 mycket
870 1592 85 48 god.

441 1644 107 37 Efter
574 1650 52 30 ett
652 1643 111 37 värde
791 1642 39 37 af
858 1646 30 32 1:
920 1643 45 34 25
995 1643 137 34 kronor
1158 1640 58 36 för
1243 1652 121 24 mans-
1395 1639 70 36 och
1483 1642 30 32 1:
1530 1657 47 5 —
1592 1639 117 34 krona
1726 1636 57 36 för
1797 1637 157 35 kvinns-

340 1697 203 46 dagsverke
571 1700 110 43 utgör
708 1693 173 36 arrendet
908 1691 58 37 för
992 1696 124 44 torpet
1145 1693 82 34 172:
1258 1693 47 33 50
1332 1691 148 35 kronor.

446 1761 12 14 »
466 1745 125 38 Skulle
617 1750 123 43 torpet
763 1745 149 34 komma
939 1748 54 30 att
1021 1743 119 47 säljas,
1171 1741 106 36 torde
1304 1739 273 37 nedanstående
1606 1738 280 46 värdesättning
1913 1737 36 46 ej

340 1799 128 34 kunna
494 1803 104 41 sägas
624 1809 87 23 vara
737 1794 58 36 för
822 1795 91 47 hög:

341 1864 169 46 Manhus,
551 1861 326 38 brandförsäkradt
912 1859 59 37 för
1001 1861 109 43 1,800
1137 1860 137 35 kronor
1300 1858 173 35 värderas
1499 1858 57 34 till
1585 1857 136 34 kronor
1757 1856 115 42 1,500:
1900 1872 49 4 —

340 1914 199 48 Ladugård
704 1927 12 15 >
931 1925 12 15 >
1001 1912 109 42 1,730
1162 1888 18 71 =
1225 1924 12 14 >
1399 1920 14 16 >
1527 1921 12 15 2
1653 1919 13 16 >
1752 1906 119 43 -1,500:
1900 1923 50 4 —

341 1967 131 42 2,94,80
500 1965 66 35 har
593 1969 135 31 tomter
756 1963 69 35 och
852 1964 87 34 åker
966 1961 20 35 a
1016 1962 71 35 600
1114 1961 605 35 krOönOr.....eesesecseseesmece
1756 1956 116 43 1,768:
1902 1956 50 34 860

340 2018 131 41 0,39,80
526 2028 14 16 >»
598 2022 71 41 äng
696 2014 20 35 å
745 2015 72 33 200
844 2014 138 34 kronOr
1008 2038 735 10 ommeesesssssessseseeesmumene
1813 2004 59 37 79:
1902 2006 54 35 60

1411 2076 152 37 Summa
1589 2076 137 34 kronor
1752 2074 123 43 4,848:
1901 2073 51 35 40

440 2148 105 37 Efter
584 2149 75 36 fem
699 2153 172 44 procents
912 2152 106 30 ränta
1058 2149 20 32 å
1117 2145 101 36 detta
1257 2145 133 47 belopp
1429 2143 74 35 blir
1542 2140 173 37 arrendet
1742 2139 58 37 för
1826 2145 127 41 torpet

340 2202 82 35 249:
466 2202 46 34 42
554 2201 146 35 kronor.
754 2199 148 36 Räknar
942 2210 86 23 man
1069 2196 84 36 med
1194 2198 40 33 så
1273 2196 61 46 låg
1374 2198 107 31 ränta
1521 2205 77 24 som
1632 2194 22 32 4
1682 2195 167 44 procent,
1877 2189 77 36 blir

337 2250 173 38 arrendet
541 2252 80 34 193:
652 2252 46 33 93
727 2250 146 42 kronor,
902 2246 143 37 således
1073 2245 110 37 äfven
1212 2245 117 36 under
1355 2242 234 38 sistnämnda
1615 2241 275 47 förutsättning
1917 2240 36 46 ej
