2170 2628
336 208 43 30 24
826 207 319 29 Jordbruksutskottets
1167 207 148 28 utlåtande
1338 205 51 30 Nr
1411 206 51 28 23.

338 287 34 46 ej
402 285 227 37 omedelbart
656 284 307 37 utarrenderades
991 287 46 45 på
1063 284 125 47 vanlig
1214 282 67 45 tid,
1317 283 111 47 tjugu
1465 285 50 41 år,
1553 285 91 32 utan
1671 281 129 35 endast
1827 280 58 35 för
1913 283 40 32 så

334 338 90 47 lång
463 336 66 44 tid,
570 349 79 22 som
690 334 122 37 kunde
851 336 178 34 beräknas
1066 336 85 45 åtgå
1187 332 56 36 för
1279 338 52 30 ett
1367 331 210 49 sorgfälligt
1613 331 188 35 ordnande
1834 330 41 36 af
1899 344 52 22 nu

334 386 281 49 ifrågavarande
655 385 256 36 förhållanden
951 384 62 36 vid
1054 384 238 48 egendomen,
1329 384 13 34 i
1379 383 137 35 hvilket
1551 381 172 36 afseende
1759 394 43 22 en
1831 381 55 35 tid
1914 380 49 36 af

336 438 109 47 högst
471 439 52 34 tio
550 440 40 32 år
616 436 105 36 torde
748 448 85 23 vara
859 434 361 49 tillfyllestgörande.
1274 433 189 36 Utskottet
1491 434 126 34 tvekar
1644 431 124 36 därför
1795 432 81 34 icke
1899 437 54 30 att

335 488 138 46 föreslå
499 487 209 48 Riksdagen
736 492 53 30 att
816 487 68 35 hos
913 486 135 47 Kungl.
1076 485 106 47 Maj:t
1208 492 89 40 göra
1324 483 276 48 framställning
1627 484 12 33 i
1666 482 155 36 berörda
1840 480 111 50 syfte.

438 536 125 37 Äfven
591 536 231 36 beträffande
849 535 249 37 förhållandet
1125 536 135 34 mellan
1289 534 62 36 det
1378 533 59 37 för
1464 534 83 35 hela
1571 533 230 47 egendomen
1821 532 131 35 beräk-

338 588 94 36 nade
452 587 171 36 arrendet
650 588 68 35 och
746 593 150 42 torpens
925 585 409 49 dagsverksskyldighet
1361 585 67 35 har
1457 585 177 35 utskottet
1661 588 92 31 trott
1780 584 57 46 sig
1863 583 91 35 böra

337 646 90 41 göra
463 652 45 22 en
548 640 159 34 erinran.
761 638 16 35 I
804 637 106 48 fråga
937 637 128 35 därom
1092 637 64 34 vill
1185 637 181 34 utskottet
1394 635 93 35 först
1514 635 67 35 och
1609 633 132 36 främst
1767 633 186 35 bestämdt

338 691 119 34 uttala
485 690 56 46 sig
568 694 98 30 emot
693 688 70 35 den
792 689 163 46 mening,
984 700 77 22 som
1089 687 232 34 motionären
1348 699 109 35 synes
1484 685 88 47 vilja
1590 691 90 41 göra
1698 683 182 48 gällande,
1901 688 53 30 att

338 739 217 49 afgälderna
581 738 59 36 för
666 738 230 48 egendomen
922 739 13 33 i
962 737 82 36 dess
1072 738 124 34 helhet
1223 737 70 35 och
1330 735 57 36 för
1427 742 132 41 torpen
1596 735 119 35 skulle
1753 734 63 35 vid
1857 747 96 34 upp-

338 791 237 46 skattningen
615 790 178 35 beräknas
833 788 94 36 efter
967 800 138 23 samma
1132 788 88 47 pris.
1273 787 72 35 Det
1373 786 198 36 förefinnes
1599 786 187 46 nämligen
1815 797 45 22 en
1889 784 65 35 be-

338 840 124 36 stämd
498 840 159 36 skillnad
692 841 134 34 mellan
863 838 208 36 ändamålet
1109 837 57 36 för
1197 838 315 47 uppskattningen
1547 837 12 33 i
1598 836 62 35 det
1697 848 68 22 ena
1796 835 69 35 och
1892 834 62 35 det

339 891 117 35 andra
483 890 201 36 afseendet.
739 890 70 35 För
836 889 228 48 egendomen
1091 889 13 34 i
1131 888 83 35 dess
1242 888 125 34 helhet
1402 895 40 27 är
1479 887 334 48 uppskattningens
1842 885 118 35 ända-

339 943 74 34 mål
441 947 53 29 att
521 941 138 35 erhålla
685 953 46 22 en
759 941 113 46 riktig
899 940 69 35 och
997 939 164 47 antaglig
1202 938 281 48 utgångspunkt
1521 937 57 35 för
1618 935 220 36 kommande
1879 934 75 36 för-

338 991 223 48 handlingar
588 1004 61 22 om
676 990 345 36 arrendesummans
1048 990 147 42 storlek,
1224 989 162 41 hvilken,
1415 988 65 35 där
1506 988 224 47 optionsrätt
1756 986 197 48 begagnas,

338 1043 33 46 ej
403 1042 57 35 får
487 1047 112 30 sättas
626 1042 102 46 lägre
768 1048 46 28 än
855 1040 62 35 det
957 1039 243 49 uppskattade
1240 1038 286 47 arrendevärdet
1566 1050 85 23 men
1690 1036 65 37 vid
1782 1035 174 36 arrende-

338 1093 155 35 auktion
520 1093 72 34 kan
620 1090 139 36 drifvas
778 1104 76 35 upp
874 1091 32 47 ej
929 1090 219 47 oväsentligt
1166 1088 226 36 därutöfver.
1431 1087 226 37 Andamålet
1676 1087 83 35 med
1778 1086 176 36 arrende-

340 1143 320 48 uppskattningen
701 1141 39 36 af
777 1142 83 34 hela
900 1140 228 48 egendomen
1161 1146 40 28 är
1228 1138 141 36 således
1397 1140 11 34 i
1436 1138 202 35 allmänhet
1664 1142 55 30 att
1746 1137 129 47 stadga
1902 1142 54 30 ett

339 1193 283 47 minimibelopp
651 1191 41 36 af
716 1192 94 35 hvad
850 1190 229 46 egendomen
1107 1189 61 36 må
1194 1190 151 47 betinga
1371 1191 13 33 i
1411 1188 165 36 arrende.
1630 1187 325 49 Uppskattningen

340 1243 41 36 af
406 1249 149 42 torpens
582 1242 167 48 afgälder
781 1241 98 36 afser
915 1241 165 35 däremot
1114 1246 54 29 att
1203 1240 204 35 bestämma
1442 1244 52 30 ett
1535 1239 206 35 maximum
1783 1237 39 36 af
1861 1237 95 35 hvad

341 1293 285 48 hufvudgården
646 1293 69 48 får
742 1298 129 42 uttaga
898 1291 40 36 af
961 1296 142 43 torpen.
1158 1290 255 35 Arrendatorn
1441 1290 71 34 kan
1539 1288 156 36 sålunda
1721 1289 79 34 icke
1827 1286 129 37 kräfva

342 1358 80 22 mer
461 1344 40 35 af
536 1350 134 41 torpen
708 1351 45 28 än
792 1342 63 36 vid
896 1342 314 48 uppskattningen
1249 1340 203 46 fastslagits
1488 1353 84 22 men
1608 1339 59 36 väl
1703 1339 58 35 till
1797 1337 93 49 följd
1919 1338 50 35 af'

343 1394 171 36 minskad
550 1393 227 49 efterfrågan
813 1397 21 32 å
869 1398 133 43 torpen
1029 1392 89 35 eller
1141 1391 41 35 af
1197 1391 114 35 andra
1339 1391 148 35 orsaker
1513 1390 141 47 nödgas
1681 1389 169 35 nedsätta
1878 1389 80 35 sina

343 1445 214 48 fordringar
597 1448 20 32 å
652 1450 152 42 torpens
831 1442 251 37 innehafvare.
1136 1441 107 36 Hvad
1275 1454 77 23 som
1389 1440 207 36 emellertid
1627 1439 110 49 gifvit
1777 1440 181 35 utskottet

341 1495 248 49 nyssberörda
629 1495 201 47 anledning
865 1495 59 34 till
965 1494 147 35 erinran
1153 1498 99 29 emot
1278 1492 72 35 den
1378 1491 207 36 beräknade
1613 1490 173 47 afgälden
1814 1489 40 36 af
1879 1495 86 30 tor--

341 1560 73 34 pen
443 1554 40 27 är
510 1547 155 34 allenast
691 1545 62 35 det
789 1544 257 43 förhållandet,
1081 1548 53 30 att
1162 1544 116 46 enligt
1304 1541 46 36 de
1378 1541 94 36 efter
1515 1540 452 49 uppskattningsförrätt--

341 1598 141 47 ningen
502 1596 39 36 af
558 1596 211 47 Riksdagen
797 1600 162 42 antagna
977 1607 73 35 nya
1068 1592 433 48 skatteförordningarna
1519 1592 108 35 äfven
1650 1596 147 42 torpare
1816 1590 141 47 nödgas

344 1648 122 35 betala
506 1646 157 36 särskild
703 1647 133 35 krono-
876 1645 69 36 och
980 1644 313 36 kommunalskatt
1319 1644 69 34 och
1416 1643 106 35 alltså
1548 1645 124 45 någon
1695 1642 199 47 jämkning
1920 1639 50 36 af

344 1697 459 49 dagsverksskyldigheten
830 1695 126 36 kunde
983 1695 167 35 befinnas
1178 1694 155 46 önsklig.
1976 1728 2 2 ;

444 1747 52 36 På
530 1747 126 48 grund
695 1746 41 36 af
772 1746 94 36 hvad
904 1745 153 36 sålunda
1090 1744 140 36 anförts
1258 1745 67 35 och
1354 1744 47 35 då
1428 1744 180 35 utskottet
1643 1743 80 34 icke
1750 1742 68 34 har
1845 1744 114 45 något

343 1804 55 30 att
425 1799 123 35 erinra
575 1803 99 30 emot
699 1797 46 35 de
772 1796 41 37 af
847 1797 136 47 Kungl.
1011 1795 105 48 Maj:t
1155 1794 208 48 föreslagna
1398 1794 372 48 tomtupplåtelserna
1797 1795 21 32 å
1846 1804 120 35 egen--

343 1849 136 36 domen
517 1849 13 35 i
571 1847 106 49 fråga
717 1849 90 34 eller
846 1852 80 31 mot
961 1847 277 47 propositionen
1273 1847 13 33 i
1322 1844 111 36 ofvan
1468 1845 79 35 icke
1574 1843 157 36 berörda
1758 1842 114 44 delar,
1901 1841 58 36 får

344 1901 181 34 utskottet
552 1899 204 43 hemställa,

850 1952 54 33 att
932 1946 210 48 Riksdagen
1170 1949 60 32 må

849 2000 28 35 I.
905 1997 128 36 bifalla
1048 1997 135 48 Kungl.
1200 1996 124 48 Maj:ts
1340 1995 238 36 förevarande
1594 1994 247 49 proposition;
1864 1998 95 31 samt

832 2051 47 35 II.
908 2048 84 36 med
1027 2047 204 47 anledning
1258 2046 40 36 af
1323 2047 84 35 herr
1436 2045 214 36 Kronlunds
1676 2044 289 48 ifrågavarande:

749 2102 142 35 motion
919 2099 13 35 i
960 2097 191 37 skrifvelse
1178 2099 56 34 till
1263 2098 136 47 Kungl.
1429 2097 105 47 Maj:t
1562 2096 157 43 anhålla,
1748 2100 53 30 att
1820 2094 144 47 Kungl.

749 2152 105 48 Maj:t
880 2153 14 35 i
922 2148 109 37 ofvan
1070 2147 154 48 angifna
1263 2146 97 51 syfte
1401 2147 141 36 täcktes
1574 2145 217 37 föranstalta
1818 2144 140 44 därom,

749 2208 54 30 att
838 2201 65 38 vid
938 2198 308 37 nästinträffande
1274 2197 287 49 utarrendering
1588 2196 40 36 af
1653 2195 100 37 förra
1778 2193 183 37 öfverste-
