2170 2628
347 198 44 29 22
837 198 318 29 Jordbruksutskottets
1177 199 149 28 utlåtande
1351 198 47 28 Nr
1420 199 51 26 23.

358 277 129 43 17,878
516 277 137 34 kronor
684 278 46 34 68
758 283 61 28 öre
860 275 58 36 för
959 275 150 36 arbeten
1150 278 21 32 å
1210 274 324 48 fastlandstorpen.
1591 275 13 34 1
1645 272 171 38 afseende
1844 278 20 31 å
1892 274 71 36 den

351 326 209 48 föreslagna
587 326 247 48 styckningen
861 325 40 36 af
926 325 228 48 egendomen
1190 326 65 35 vill
1293 326 184 35 utskottet
1509 325 125 35 vidare
1675 324 179 44 meddela,
1896 329 66 37 att,

350 378 119 46 enligt
497 376 93 35 hvad
618 378 100 33 inom
747 376 179 35 utskottet
956 377 180 47 upplysts,
1165 376 12 34 i
1205 376 178 35 närheten
1411 375 40 35 af
1476 375 69 35 och
1572 375 121 35 bättre
1718 382 46 28 än
1783 374 180 36 Kastelle-

350 427 142 48 gården
519 427 155 47 belägna
702 431 115 31 större
845 426 225 48 egendomar
1096 426 77 35 lära
1209 424 109 37 hafva
1353 425 84 36 med
1478 424 296 37 statsunderstöd
1815 425 150 48 inköpts

350 478 70 35 och
449 477 162 48 styckats
638 477 12 34 i
679 477 426 48 egnahemslägenheter,
1135 481 89 31 utan
1253 481 51 30 att
1323 476 105 36 dessa
1447 482 84 30 rönt
1558 475 146 49 åsyftad
1722 474 239 49 efterfrågan.

348 528 142 43 Skulle,
520 530 119 33 såsom
667 527 379 36 domäinintendenten
1074 528 131 34 ställt
1194 522 18 56 i
1230 527 123 41 utsikt,
1375 526 95 36 efter
1497 539 44 23 en
1561 526 186 35 eventuell
1767 526 197 48 styckning

351 577 40 36 af
416 577 313 48 Kastellegården,
751 577 246 36 förhållandet
1023 576 115 37 blifva
1165 577 202 35 detsamma
1394 577 84 35 med
1506 577 120 35 denna
1652 589 52 22 nu
1724 577 239 47 synnerligen

350 630 59 34 väl
439 627 156 37 häfdade
623 628 192 48 egendom,
843 628 124 35 kunde
996 627 82 36 med
1106 628 77 35 skäl
1210 626 155 45 befaras,
1394 632 53 30 att
1475 632 115 30 större
1618 627 89 35 eller
1730 626 146 35 mindre
1904 626 60 36 del

349 678 111 36 däraf
498 680 143 34 komme
683 683 53 30 att
778 678 117 36 under
935 678 72 36 den
1043 691 78 22 mer
1156 678 89 36 eller
1282 677 144 36 mindre
1454 676 189 49 tillfälliga
1670 677 146 43 skötsel,
1845 689 79 23 som
1954 678 7 32 i

347 734 141 30 väntan
515 732 46 45 på
587 729 135 48 köpare
750 728 122 36 kunde
900 729 71 35 den
1000 728 163 44 beredas,
1184 727 206 47 nedsjunka
1408 728 12 35 i
1440 726 171 37 vanhäfd.
1653 726 184 48 Slutligen
1857 726 107 36 torde

349 779 65 35 vid
458 779 246 36 bedömandet
744 778 39 36 af
820 779 131 48 frågan
995 792 59 23 om
1098 778 246 49 egendomens
1385 778 154 47 delning
1579 779 89 34 eller
1707 776 257 37 bibehållande

351 830 178 48 ostyckad
555 830 32 45 ej
609 830 141 34 lämnas
772 834 87 31 utan
878 829 173 36 afseende
1070 829 71 35 den
1161 834 98 30 stora
1277 828 190 49 betydelse
1487 828 57 36 för
1559 827 404 48 jordbruksnäringens

350 881 69 35 och
462 880 138 35 således
640 879 110 36 äfven
791 880 241 35 småbrukens
1072 880 213 47 utveckling
1325 884 53 30 ett
1419 879 188 35 rationellt
1647 879 97 34 skött
1788 877 176 36 storbruk

348 930 275 48 otvifvelaktigt
651 937 88 41 äger
766 943 133 35 genom
927 931 58 34 sin
1013 929 240 36 småbrukens
1280 929 230 48 ojämförligt
1536 928 234 48 öfverlägsna
1797 927 167 47 förmåga

349 986 55 30 att
432 981 252 47 upprätthålla
711 981 67 35 och
808 981 124 35 vidare
970 980 144 35 utbilda
1148 981 198 46 näringens
1384 980 128 35 teknik
1548 985 94 29 samt
1677 980 12 34 i
1721 978 117 36 första
1865 978 99 36 hand

350 1031 249 47 tillgodogöra
626 1032 58 46 sig
712 1044 72 35 nya
813 1031 156 48 uppslag
997 1032 99 34 inom
1125 1031 222 34 densamma.
1391 1030 59 35 Nu
1478 1028 280 49 ifrågavarande
1782 1028 182 48 egendom

347 1088 43 29 är
418 1082 186 47 nämligen
632 1094 45 22 en
707 1083 39 33 af
771 1082 158 34 kronans
958 1086 132 30 största
1129 1081 67 35 och
1238 1080 80 35 bäst
1354 1079 228 36 kultiverade
1623 1084 95 31 samt
1755 1084 95 30 mest
1886 1079 77 36 väl-

351 1133 157 46 belägna
530 1131 390 47 jordbruksdomäner,
950 1130 150 36 hvarför
1127 1130 212 36 densamma
1366 1132 11 32 i
1406 1129 173 36 särskildt
1619 1130 73 47 hög
1727 1129 91 47 grad
1854 1142 109 35 synes

349 1182 124 48 ägnad
501 1181 56 36 för
584 1194 87 36 nyss
700 1181 163 49 antydda
890 1180 163 49 uppgift.

454 1232 234 35 Beträffande
716 1231 184 48 förslagen
927 1245 61 21 om
1016 1230 224 49 upplåtande
1268 1230 80 36 från
1378 1230 229 48 egendomen
1635 1229 40 36 af
1699 1235 84 42 torp
1811 1230 66 35 har
1906 1235 58 30 ut-

351 1284 139 34 skottet
529 1283 83 35 med
652 1283 144 48 hänsyn
832 1283 57 34 till
926 1282 309 47 Hisingetorpens
1272 1281 82 35 från
1382 1280 285 49 hufvudgården
1695 1279 159 37 afskilda
1881 1281 82 46 läge

349 1334 70 35 och
462 1333 71 36 den
572 1332 108 36 däraf
718 1332 162 48 följande
921 1333 232 47 svårigheten
1187 1331 58 36 för
1280 1338 175 41 torparna
1491 1336 56 31 att
1572 1331 203 47 behörigen
1801 1329 163 49 fullgöra

347 1385 60 34 sin
449 1383 412 49 dagsverksskyldighet
901 1383 126 36 funnit
1066 1382 136 48 Kungl.
1239 1382 121 47 Maj:ts
1400 1381 140 48 förslag
1575 1386 53 31 att
1664 1382 58 35 till
1749 1381 214 35 nuvarande

349 1433 267 36 innehafvarna
656 1433 139 49 afyttra
834 1434 105 35 dessa
979 1438 84 43 torp
1103 1432 260 48 välgrundadt.
1419 1431 295 36 Vidkommande
1750 1431 45 36 de
1827 1434 20 32 å
1875 1430 89 37 fast-

351 1485 128 35 landet
506 1484 154 48 belägna
688 1491 131 41 torpen
849 1485 64 34 har
942 1484 179 35 utskottet
1148 1483 175 42 däremot,
1352 1483 47 35 då
1426 1483 186 35 desamma
1640 1495 108 36 synas
1768 1494 86 24 vara
1872 1481 92 36 nöd-

351 1535 160 48 vändiga
537 1534 57 36 för
621 1534 247 49 egendomens
896 1534 176 48 behöriga
1099 1534 135 35 skötsel
1261 1534 68 34 och
1357 1533 84 36 med
1470 1533 171 36 afseende
1664 1533 140 47 jämväl
1827 1535 21 32 å
1866 1532 98 36 hvad

345 1585 385 36 domänintendenten
758 1586 11 35 i
797 1584 113 49 öfrigt
938 1584 223 36 därutinnan
1189 1583 132 40 anfört,
1346 1583 129 36 funnit
1494 1585 57 46 sig
1568 1583 86 35 böra
1676 1582 164 49 afstyrka
1859 1582 104 36 dessa

349 1641 104 42 torps
481 1635 181 47 skiljande
690 1634 83 37 från
802 1634 239 49 egendomen.

453 1685 106 36 Hvad
600 1686 155 35 sålunda
795 1691 99 42 sagts
934 1699 60 22 om
1034 1691 149 42 torpens
1222 1685 227 48 behöflighet
1485 1684 57 35 för
1569 1683 229 48 egendomen
1826 1684 137 35 skötsel

346 1737 121 47 gäller
494 1738 11 33 i
534 1737 47 34 all
609 1737 255 48 synnerlighet
904 1736 69 36 och
1012 1741 87 30 utan
1139 1736 214 47 gensägelse
1393 1734 231 36 beträffande
1665 1734 71 35 den
1777 1739 186 31 närmaste

345 1786 119 36 tiden.
519 1786 55 48 Ty
601 1787 130 43 skulle,
761 1790 118 32 såsom
907 1788 230 34 motionären
1166 1785 188 38 åstundar,
1383 1785 172 47 samtliga
1581 1790 134 43 torpen
1734 1783 229 37 omedelbart

348 1836 168 47 afskiljas
544 1837 82 35 från
655 1837 226 48 egendomen
909 1836 122 37 blefve
1059 1836 71 43 det,
1159 1837 11 33 i
1205 1837 92 35 brist
1333 1839 46 44 på
1415 1835 350 43 arbetarcbostäder,
1793 1834 59 36 för
1880 1835 82 35 dess

349 1888 161 34 brukare
537 1888 108 35 hardt
673 1895 68 28 när
768 1888 170 47 omöjligt
966 1892 53 31 att
1046 1887 96 35 hålla
1170 1886 70 36 den
1270 1885 56 36 för
1353 1886 139 47 gården
1519 1885 134 47 nödiga
1672 1885 288 50 arbetsstyrkan.

352 1937 128 36 Under
506 1938 161 35 nämnda
695 1937 268 48 förutsättning
999 1936 119 37 blefve
1158 1936 46 36 då
1244 1936 69 36 den
1355 1936 116 36 första
1497 1935 177 49 åtgärden
1703 1936 11 35 i
1742 1935 174 36 afseende
1942 1939 24 31 &

347 1988 161 47 gårdens
547 1988 229 48 förvaltning
815 1993 53 31 att
909 1987 159 49 uppföra
1107 1987 135 36 sådana
1283 1987 180 35 bostäder.
1517 1985 127 37 Såsom
1675 1985 111 37 ofvan
1813 1991 149 30 nämnts

349 2041 148 45 uppgår
524 2039 202 35 kostnaden
754 2038 56 36 för
829 2038 45 36 de
893 2038 62 36 vid
974 2038 306 48 Hisingetorpens
1300 2036 221 48 afskiljande
1541 2036 239 48 erforderliga
1799 2037 164 35 arbetar-

346 2087 225 37 bostäderna
597 2090 57 34 till
684 2090 170 47 omkring
885 2091 133 41 12,000
1046 2089 146 41 kronor,
1220 2088 68 35 och
1315 2087 63 36 vid
1405 2088 171 47 samtliga
1602 2093 151 42 torpens
1789 2085 173 37 frånskil-

343 2138 119 48 jande
489 2139 117 35 skulle
634 2139 247 36 kostnaderna
908 2138 58 37 för
993 2138 208 36 ändamålet
1228 2139 206 47 säkerligen
1465 2138 81 35 icke
1583 2137 216 47 understiga
1826 2138 135 43 30,000

351 2190 148 35 kronor.
552 2188 127 37 Under
707 2189 134 36 sådana
868 2189 316 48 omständigheter
1211 2188 68 36 och
1307 2188 56 45 då,
1396 2201 79 23 som
1512 2188 145 43 bekant,
1695 2186 270 49 nybyggnader

344 2243 27 32 å
398 2244 139 32 statens
558 2238 385 49 jordbruksdomäner
970 2240 116 47 enligt
1112 2239 170 48 gällande
1318 2238 165 48 grunder
1519 2237 57 37 för
1612 2237 276 48 förvaltningen
1925 2237 41 36 af
