2184 2636
717 188 319 29 Jordbruksutskottets
1057 189 151 29 utlåtande
1230 190 47 28 Nr
1298 190 51 29 23.
1804 190 40 30 11

229 271 40 28 är
304 263 110 37 äfven
450 271 108 41 ägare
586 265 59 35 till
672 264 82 37 dess
783 265 251 49 åbyggnader.
1087 266 17 36 I
1132 265 165 37 februari
1327 268 98 35 1910
1452 267 165 49 uppsade
1644 268 73 36 han
1744 270 94 35 kon-

228 315 137 35 traktet
401 315 84 35 med
520 315 243 36 arrendatorn
799 316 41 36 af
872 317 203 48 anledning
1101 322 54 31 att
1181 317 73 36 han
1281 319 80 35 icke
1389 321 114 44 ansåg
1530 319 57 48 sig
1614 320 12 34 i
1654 319 109 36 stånd
1789 325 54 31 att

228 370 133 43 utgöra
389 366 57 35 sin
474 365 423 51 dagsverksskyldighet,
914 374 87 29 enär
1029 367 91 37 hans
1147 368 134 36 hustru
1309 368 46 36 då
1381 382 64 23 var
1468 370 86 47 sjuk
1573 370 68 35 och
1661 371 71 35 alla
1751 371 92 36 hans

229 415 74 37 fem
343 416 94 35 barn
476 417 140 35 lämnat
656 417 172 36 hemmet.
882 417 471 50 Dagsverksskyldigheten
1394 420 174 48 utgjorde
1595 424 120 32 såsom
1742 420 101 37 förut

228 473 41 29 är
295 466 158 36 nämndt
482 468 71 35 100
581 468 333 48 mansdagsverken
942 469 69 35 och
1041 470 46 35 10
1114 470 361 48 kvinnsdagsverken
1495 470 57 36 för
1571 484 46 22 en
1636 472 97 35 areal
1757 473 87 35 åker

228 517 69 36 och
326 524 72 40 äng
425 516 41 36 af
489 514 67 50 4'/;
585 518 77 35 har.
707 519 257 36 Arrendatorn
991 520 67 35 har
1085 520 85 35 med
1197 520 202 49 anledning
1425 520 108 36 häraf
1558 522 80 35 sökt
1661 523 183 47 vräkning

230 570 20 32 å
288 567 232 44 Andersson;
557 571 48 46 på
640 582 138 22 samma
805 573 99 44 gång
931 570 68 35 har
1025 570 242 36 arrendatorn
1296 570 118 37 under
1441 570 100 37 förra
1568 575 79 32 året
1676 575 70 33 sått
1773 573 70 35 och

229 618 149 35 skördat
405 623 143 44 torpets
571 618 88 49 jord
687 625 104 30 utom
819 633 46 22 en
893 620 59 35 del
979 620 116 45 däraf,
1112 634 78 22 som
1218 621 73 36 han
1319 623 119 47 utlegt
1460 627 78 30 mot
1559 623 46 35 10
1625 623 217 49 mansdags-

227 669 137 35 verken
391 682 66 35 per
484 673 50 41 år,
551 670 69 35 och
648 669 86 46 själf
758 671 67 35 har
851 671 215 36 Andersson
1093 672 116 48 enligt
1235 673 81 35 icke
1343 673 169 48 motsagd
1531 672 151 49 uppgift
1700 675 144 47 utgjort

230 716 66 49 6'/2
326 719 228 49 dagsverken
580 720 59 36 för
666 720 72 36 den
764 722 204 48 tomtplats,
997 722 113 36 hvarå
1136 722 73 36 han
1236 722 93 37 hade
1357 724 64 35 sitt
1447 723 244 48 boningshus.

328 770 311 49 Myndigheterna
679 784 109 36 synas
829 772 207 36 emellertid
1075 772 110 37 hafva
1223 773 188 48 behjärtat
1456 774 44 36 de
1536 775 196 36 ömmande
1768 774 77 37 för-

228 820 220 48 hållandena
474 822 13 34 i
515 821 121 36 denna
663 823 64 35 sak
754 822 68 36 och
848 824 81 35 icke
955 822 155 37 villfarit
1136 824 395 48 vräkningsyrkandet.

327 869 127 38 Afven
482 877 78 31 mot
586 885 46 23 en
659 886 122 22 annan
807 878 161 43 torpare,
997 873 176 37 Karolina
1198 873 271 49 Ingemarsson,
1499 888 79 23 som
1602 876 111 35 sedan
1732 876 110 48 länge

228 920 95 37 efter
350 935 180 23 mannens
558 923 73 35 död
657 925 96 34 varit
779 923 240 37 innehafvare
1039 924 40 36 af
1094 929 124 44 torpet
1236 925 257 49 Böcklegrind,
1513 927 67 35 har
1599 926 245 37 arrendatorn

227 973 126 47 yrkat
361 974 191 47 vräkning.

327 1021 140 38 Ankan
508 1024 269 48 Ingemarsson,
807 1037 79 23 som
926 1024 58 37 för
1024 1038 46 23 en
1110 1027 99 34 areal
1249 1025 40 36 af
1318 1029 54 42 4,1
1403 1027 130 35 hektar
1559 1028 87 35 åker
1674 1027 69 36 och
1770 1035 74 41 äng

227 1074 118 35 skolat
372 1079 133 43 utgöra
535 1076 70 35 100
634 1075 334 48 mansdagsverken
996 1076 68 36 och
1094 1078 46 34 10
1167 1077 363 48 kvinnsdagsverken
1558 1091 85 23 men
1667 1091 79 23 som
1765 1079 78 35 till-

227 1124 73 35 lika
327 1124 94 48 ägde
449 1125 288 49 åbyggnaderna
765 1129 19 32 å
811 1131 134 43 torpet,
974 1127 67 35 har
1068 1128 187 47 åtskilliga
1281 1131 140 45 gånger
1448 1128 118 36 under
1584 1130 95 35 1909
1700 1132 47 45 på
1764 1130 78 34 till-

227 1176 141 46 sägelse
396 1175 193 37 uraktlåtit
616 1175 163 49 fullgöra
793 1176 228 49 dagsverken
1037 1181 47 44 på
1103 1178 44 35 de
1167 1178 123 48 dagar,
1311 1191 79 23 som
1409 1179 241 36 arrendatorn
1668 1179 172 45 bestämt,

228 1225 69 35 och
337 1224 151 37 häftade
528 1226 120 36 under
687 1227 162 35 nämnda
889 1230 40 32 år
969 1228 14 35 i
1010 1233 75 31 rest
1112 1231 47 45 på
1185 1229 57 35 sin
1270 1229 414 49 dagsverksskyldighet
1711 1233 20 31 å
1757 1229 84 49 fyra

227 1275 113 45 dagar
366 1277 60 46 sju
452 1277 160 35 timmar.

328 1325 175 36 Karolina
530 1327 258 48 Ingemarsson
816 1327 94 36 hade
936 1328 217 48 visserligen
1179 1331 61 33 två
1267 1327 199 38 fullvuxna
1489 1336 107 29 söner
1615 1330 68 35 och
1701 1335 136 31 tvenne

227 1375 142 36 döttrar
408 1377 14 35 i
461 1376 172 45 hemmet,
662 1391 85 22 men
788 1377 105 37 dessa
933 1381 116 33 måste
1088 1379 128 35 tidtals
1252 1380 88 34 söka
1366 1379 302 48 arbetsförtjänst
1695 1379 57 37 för
1779 1383 57 34 sin

227 1427 183 35 utkomsts
437 1428 97 35 skull
562 1432 104 31 utom
694 1429 163 36 hemmet
884 1429 69 35 och
980 1428 125 36 därtill
1129 1430 97 43 kom,
1247 1434 52 31 att
1318 1443 68 22 ene
1405 1442 115 24 sonen
1541 1431 121 35 under
1681 1433 39 33 år
1741 1433 95 35 1909

226 1475 204 50 fullgjorde
458 1479 56 34 sin
541 1478 420 50 beväringsskyldighet.

325 1525 62 39 Af
423 1528 309 50 skriftväxlingen
771 1531 13 34 i
825 1530 153 37 ärendet
1005 1543 110 36 synes
1143 1530 164 45 framstå,
1337 1535 55 32 att
1419 1531 73 36 hon
1519 1531 58 36 för
1604 1530 235 50 fullgörande

226 1577 40 36 af
304 1579 56 35 sin
402 1578 413 51 dagsverksskyldighet
856 1581 118 35 under
1006 1593 139 24 samma
1172 1584 40 32 år
1238 1583 76 46 legt
1341 1582 166 35 arbetare
1534 1581 58 37 för
1620 1587 52 30 ett
1699 1584 76 47 pris
1803 1582 40 37 af

226 1634 55 30 tre
309 1630 136 35 kronor
471 1643 60 22 om
559 1630 119 48 dagen
706 1636 96 30 samt
829 1636 53 31 att
910 1632 73 35 hon
1011 1631 164 48 erbjudit
1201 1637 137 30 tvenne
1366 1632 167 36 arbetare
1560 1631 163 49 fullgöra
1749 1633 91 36 den-

226 1691 141 23 samma
393 1685 95 30 samt
516 1685 55 30 att
598 1680 71 36 den
696 1681 213 36 resterande
936 1681 459 49 dagsverksskyldigheten
1415 1684 235 46 uppkommit
1669 1684 58 34 till
1746 1682 96 49 följd

226 1728 40 35 af
304 1729 72 35 den
419 1730 202 47 tvingande
657 1731 324 48 nödvändigheten
1013 1736 53 30 att
1093 1732 167 35 använda
1286 1733 215 47 tillgänglig
1527 1732 224 36 arbetskraft
1781 1733 58 36 för

226 1783 54 31 att
320 1779 115 48 bärga
475 1780 158 36 skörden
674 1784 20 32 å
735 1794 92 35 egen
864 1781 98 48 jord.
1017 1781 138 49 Torpet
1182 1781 120 47 ifråga
1328 1782 112 36 födde
1468 1784 117 47 enligt
1615 1782 149 49 uppgift
1792 1797 46 22 en

227 1829 82 36 häst
338 1835 95 30 samt
460 1834 61 32 två
548 1831 21 35 å
596 1836 56 30 tre
679 1832 75 34 kor.

327 1879 16 36 I
370 1880 211 37 infordradt
607 1882 172 48 yttrande
811 1881 103 37 öfver
933 1882 384 49 vräkningsyrkandet
1336 1889 105 42 säger
1460 1883 380 37 domänintendenten

225 1935 54 30 att
307 1931 241 36 arrendatorn
575 1933 12 34 i
615 1932 120 36 denna
762 1934 64 34 sak
853 1934 66 34 har
942 1933 163 47 juridisk
1132 1934 68 35 och
1228 1935 186 34 sannolikt
1434 1933 106 36 äfven
1561 1935 174 35 moralisk
1753 1940 86 39 rätt,

226 1979 108 37 äfven
366 1994 61 23 om
464 1983 71 34 han
562 1983 13 35 i
603 1982 254 49 föreliggande
884 1983 66 35 fall
978 1983 99 36 kräft
1103 1984 222 47 vidtagande
1354 1983 39 36 af
1418 1997 45 22 en
1492 1997 100 22 mera
1619 1985 220 48 hänsynslös

226 2031 131 47 åtgärd
384 2039 46 27 än
459 2032 96 35 hvad
582 2033 118 35 under
726 2034 157 46 lugnare
911 2032 257 37 förhållanden
1195 2035 95 34 varit
1308 2034 223 35 välbetänkt.
1576 2034 138 36 Vidare
1734 2042 105 40 säger

226 2080 394 46 domänintendenten,
632 2088 55 30 att
698 2083 248 36 förhållandet
957 2084 134 35 mellan
1102 2083 264 48 arbetsgifvare
1378 2084 67 36 och
1457 2084 167 36 arbetare
1636 2087 20 32 å
1666 2085 175 35 Kastelle-

225 2130 140 47 gården
401 2144 86 23 vore
519 2133 65 34 allt
617 2138 113 30 annat
757 2139 46 29 än
831 2133 104 47 godt;
964 2146 135 35 genom
1127 2147 45 22 en
1200 2135 170 45 energisk
1395 2134 69 35 och
1493 2133 118 36 under
1638 2138 134 43 många
1798 2138 41 32 år

224 2180 196 36 bedrifven
460 2182 179 47 agitation
679 2184 12 33 i
731 2182 173 49 förening
945 2183 84 35 med
1067 2185 13 33 i
1121 2187 134 44 många
1290 2183 65 36 fall
1384 2185 65 34 allt
1476 2183 58 36 för
1560 2189 116 42 tunga
1703 2185 135 35 villkor

226 2230 109 36 hafva
371 2232 194 35 arbetarna
601 2233 137 35 hetsats
768 2246 94 35 upp;
891 2237 20 31 å
939 2233 114 36 andra
1081 2234 115 43 sidan,
1225 2233 193 36 fortsätter
1446 2233 390 46 domänintendenten,
