2204 2650
394 206 18 30 8
599 207 105 29 Andra
729 208 202 28 Kanmarens
958 207 171 38 Tillfälliga
1157 207 134 29 Utskotts
1315 207 71 34 (N:o
1413 207 28 35 1)
1470 207 162 29 Utlåtande
1654 207 55 30 N:o
1734 209 48 28 33.

392 284 229 46 riktningen,
665 287 52 32 att
746 284 45 35 de
821 295 93 35 egna
950 284 170 34 hemmen
1150 283 110 35 också
1290 283 51 35 bli
1371 286 76 33 små
1475 284 249 45 landtgårdar,
1756 284 67 35 där
1852 285 136 36 skötsel

393 337 40 35 af
456 336 184 48 fjäderfän
669 337 89 35 eller
786 337 64 35 bin
880 337 88 35 eller
995 339 116 45 några
1136 336 81 36 svin
1247 336 68 36 och
1344 337 68 36 kor
1440 338 68 35 och
1537 336 328 47 tillvaratagandet
1889 339 39 35 af
1944 339 44 35 de

394 391 122 44 alster,
547 403 76 23 som
653 390 127 35 kunna
809 390 56 36 fås
893 390 81 36 från
1003 403 46 22 en
1078 390 272 46 köksträdgård
1374 392 83 34 med
1477 390 205 36 bärbuskar
1702 390 68 36 och
1789 391 198 46 fruktträd,

392 444 71 35 blir
503 444 78 35 lika
624 444 147 48 mycket
812 444 212 36 hufvudsak
1067 456 75 24 som
1190 443 131 49 själfva
1363 444 190 36 bostaden.
1610 444 88 35 Men
1740 444 141 36 sådana
1918 445 71 36 »bi-

392 498 196 47 näringar»
618 497 75 36 kan
722 498 72 35 den
824 497 167 36 enskilde
1022 497 30 49 ej
1084 497 173 36 utveckla
1285 499 48 45 på
1363 510 93 35 egen
1484 498 101 36 hand
1613 501 90 32 utan
1732 500 55 33 att
1809 497 37 36 få
1868 497 120 37 betala

393 552 116 47 dryga
534 552 69 35 och
632 551 247 36 modfällande
907 551 230 47 läropengar,
1168 551 68 36 och
1266 551 109 35 äfven
1404 564 43 22 ur
1476 553 72 34 den
1569 551 240 48 synpunkten
1830 557 39 29 är
1884 551 104 47 prak-

391 605 75 36 tisk
494 605 256 47 handledning
778 605 13 35 i
820 605 81 35 dem
927 604 197 48 högeligen
1153 605 39 35 af
1216 606 133 34 nöden.

497 659 19 35 I
544 659 192 35 Danmark
770 664 61 30 äro
867 659 419 36 småbrukarekurserna
1323 658 149 49 mycket
1500 659 184 35 växlande
1713 658 57 35 till
1799 658 189 47 planlägg-

392 713 91 46 ning
512 713 69 35 och
610 712 158 47 omfång.
812 713 127 46 Några
967 718 61 30 äro
1057 712 145 36 knutna
1221 713 57 35 till
1296 712 282 47 folkhögskolor
1593 712 88 35 eller
1701 713 115 34 andra
1838 712 146 47 platser,

393 767 66 35 där
497 766 178 47 antingen
714 766 182 48 jordbruk
929 766 89 35 eller
1053 778 47 24 en
1128 766 74 36 viss
1227 765 173 47 binäring
1434 766 176 35 särskildt
1639 766 146 35 drifves.
1844 766 144 35 Hösten

396 822 97 33 1903
527 821 188 46 öppnades
743 825 90 30 nära
862 819 182 47 Ringsted
1070 832 47 23 en
1143 820 349 35 »husmandsskole»
1519 820 118 34 under
1656 832 111 23 namn
1788 820 41 34 af
1850 820 137 35 »Keere-

391 874 95 35 have
527 873 500 47 landhusholdningsskole»,
1067 886 77 23 som
1174 874 115 34 sedan
1316 873 217 36 undervisat
1561 873 170 47 omkring
1762 875 75 33 600
1868 874 121 35 elever

393 928 142 46 årligen
562 927 14 35 i
605 927 98 36 olika
731 928 111 46 långa
871 927 130 36 kurser
1031 928 34 46 (6
1097 928 174 34 månader
1299 927 56 35 för
1389 932 95 38 män,
1519 930 19 31 5
1561 928 174 34 månader
1754 926 57 36 för
1830 927 158 35 kvinnor

392 984 95 33 samt
513 981 133 35 kurser
674 981 40 35 af
738 981 79 35 dels
850 984 58 41 11,
935 981 77 35 dels
1040 983 20 33 6
1083 982 113 46 dagar
1215 981 55 35 för
1288 980 96 36 både
1405 986 84 30 män
1510 981 68 35 och
1598 979 183 48 kvinnor).
1826 981 101 35 Fullt
1945 987 41 36 «/;

393 1036 39 35 af
457 1035 215 47 deltagarne
701 1035 48 35 ha
777 1035 81 35 haft
886 1035 307 43 statsunderstöd,
1223 1035 82 34 från
1336 1037 48 32 90
1413 1034 57 36 till
1493 1037 73 32 180
1587 1034 136 36 kronor
1741 1035 57 35 för
1818 1035 45 34 de
1883 1034 104 35 festa

392 1094 160 30 männen
583 1089 68 35 och
679 1088 80 36 från
791 1091 47 32 60
868 1088 57 36 till
957 1091 72 33 150
1058 1089 136 35 kronor
1226 1088 55 36 för
1309 1088 229 45 kvinnorna;
1569 1088 56 35 för
1654 1089 43 34 de
1727 1088 149 35 kortare
1905 1088 81 35 kur-

392 1154 107 24 serna
541 1143 48 34 ha
630 1142 93 35 både
765 1154 102 24 resor
909 1142 68 36 och
1006 1142 162 36 kosthåll
1197 1144 132 33 ersatts
1359 1143 83 34 med
1471 1142 224 35 statsmedel.
1754 1141 140 36 Skolan
1921 1142 67 35 har

391 1200 101 32 utom
522 1199 86 44 eget
635 1195 213 45 landtbruk,
880 1196 125 35 deladt
1032 1196 13 35 i
1064 1199 56 32 tre
1139 1196 98 36 olika
1257 1196 218 44 växelbruk,
1499 1199 95 32 samt
1613 1194 189 45 skolsalar,
1825 1195 162 36 bostads-

393 1250 68 36 och
489 1249 392 48 ekonomibyggnader
908 1249 55 36 för
987 1249 122 37 elever
1129 1250 68 35 och
1215 1250 131 43 lärare,
1367 1249 94 36 både
1482 1249 165 44 svinhus,
1664 1249 178 44 hönshus,
1859 1249 127 35 kanin-

392 1305 81 43 hus,
502 1303 122 45 bihus,
655 1303 238 47 mossodling,
923 1303 302 47 nötbuskodling,
1256 1303 193 47 pilodling,
1480 1303 199 44 trädskola,
1701 1303 283 46 köksträdgård,

392 1357 322 47 försöksträdgård
741 1352 70 40 och
840 1357 434 47 förevisningsträdgård.
1329 1357 31 46 (I
1388 1356 193 36 Danmark
1610 1361 65 42 gör
1694 1368 85 23 man
1798 1356 189 47 nämligen

391 1412 169 35 bestämd
603 1410 160 36 skillnad
806 1410 135 36 mellan
975 1411 222 44 försöksfält,
1228 1411 65 34 där
1322 1410 192 47 praktiska
1543 1416 66 30 rön
1639 1410 201 35 metodiskt
1869 1415 117 41 göras,

393 1466 67 35 och
495 1464 320 45 förevisningsfält,
862 1465 64 34 där
967 1464 189 47 påtagliga
1197 1464 156 35 resultat
1380 1464 194 36 framvisas
1597 1463 58 36 till
1679 1463 213 48 jämförelse
1921 1464 67 35 och

391 1518 207 48 förklaras.)

498 1573 72 46 Jag
613 1572 103 35 anför
757 1572 108 34 dessa
907 1570 154 48 detaljer
1103 1572 130 34 endast
1274 1571 56 35 för
1359 1574 54 33 att
1440 1571 91 44 visa,
1566 1571 173 35 hurusom
1770 1571 116 35 saken
1915 1571 74 35 kan

393 1626 124 47 gripas
559 1638 48 23 an
636 1626 68 35 och
731 1624 150 48 främjas
915 1627 46 44 på
989 1627 135 44 många
1157 1625 97 35 olika
1285 1627 83 41 sätt,
1404 1625 6 34 i
1439 1624 143 35 mindre
1612 1624 102 36 skala
1743 1624 92 36 eller
1863 1627 124 33 större.

392 1681 60 34 En
481 1682 92 33 stort
602 1679 134 46 anlagd
766 1678 267 35 mönsterskola
1067 1678 147 35 kräfver
1248 1677 237 48 naturligtvis
1514 1683 86 30 män
1629 1679 83 34 med
1739 1677 162 36 initiativ
1922 1679 67 34 och

393 1733 290 46 ledareförmåga
711 1732 12 35 i
753 1734 39 33 så
822 1733 73 45 hög
923 1732 100 46 grad,
1056 1734 53 33 att
1137 1732 45 34 de
1210 1731 32 48 ej
1274 1732 197 35 allestädes
1496 1734 56 33 stå
1580 1731 57 36 till
1664 1731 105 36 buds.
1823 1732 88 35 Men
1935 1731 55 35 för

394 1787 142 35 mindre
579 1786 134 44 skolor,
757 1786 170 46 lämpade
967 1785 93 36 efter
1101 1785 121 35 lokala
1264 1785 269 44 förhållanden,
1577 1785 88 35 böra
1698 1785 110 36 äfven
1836 1785 66 35 hos
1932 1797 58 23 osg

394 1840 286 47 mångenstädes
708 1839 96 47 goda
832 1838 307 47 förutsättningar
1167 1839 129 35 finnas.
1433 1837 15 12 ”

500 1894 70 36 Att
599 1893 127 37 anvisa
756 1892 98 37 vissa
878 1892 190 36 bestämda
1097 1897 113 42 vägar
1237 1892 56 36 för
1318 1893 63 35 det
1400 1895 97 33 stora
1517 1893 129 35 målets
1667 1892 188 36 vinnande
1875 1894 114 34 måste

396 1948 94 36 dock
519 1947 196 37 öfverlåtas
745 1949 37 33 åt
811 1959 46 22 en
891 1958 98 24 mera
1023 1946 213 46 sakkunnig
1265 1946 326 48 detaljutredning.
1648 1946 189 35 Måhända
1865 1945 125 36 kunde

394 2002 13 35 i
435 2004 87 34 våra
551 2002 106 35 flesta
684 2001 62 35 län
776 2012 47 23 en
852 2000 89 35 eller
969 2012 123 23 annan
1125 2000 141 35 mindre
1295 1999 254 36 kronodomän
1568 1999 180 48 uppletas,
1772 2012 77 23 som
1871 1999 119 35 skulle

395 2056 60 35 väl
495 2055 123 47 lämpa
661 2055 56 46 sig
758 2057 55 32 att
840 2054 169 46 upplåtas
1042 2053 57 36 till
1128 2054 95 46 plats
1251 2054 57 35 för
1337 2066 46 22 en
1411 2053 343 36 småbrukareskola
1785 2054 84 34 med
1894 2052 97 49 jord-

394 2109 96 35 bruk
531 2109 56 35 för
629 2109 113 34 sådan
785 2106 169 48 åskådlig
995 2107 279 47 undervisning,
1305 2107 151 36 hvarom
1486 2107 110 36 ofvan
1624 2107 120 35 talats.
1802 2107 189 35 Måhända

395 2163 125 35 kunde
565 2161 107 36 äfven
715 2164 46 44 på
800 2163 116 44 några
958 2161 40 35 af
1036 2162 45 34 de
1122 2161 216 36 nuvarande
1366 2160 395 36 landtbruksskolorna
1790 2172 48 23 en
1867 2161 59 34 del
1955 2160 40 35 af

397 2217 105 35 deras
532 2216 99 35 areal
660 2219 144 43 apteras
830 2214 123 36 härför
972 2215 67 35 och
1056 2214 318 47 undervisningen
1389 2214 140 47 lämpas
1548 2215 57 34 för
1624 2214 251 35 småbrukare.
1918 2214 74 35 Det

398 2282 84 24 vore
510 2269 30 48 ej
573 2269 116 35 heller
717 2268 248 46 nödvändigt,
990 2271 52 33 att
1072 2268 65 35 allt
1166 2268 118 35 skulle
1315 2268 127 35 kunna
1471 2269 95 34 läras
1597 2269 44 45 på
1671 2271 51 33 ett
1751 2268 120 43 ställe,
1902 2270 88 32 utan
