2208 2697
439 136 17 31 6
861 134 281 36 Stats-Utskottets
1174 136 172 35 Utlåtande
1372 136 64 34 N:o
1464 140 53 31 78.

542 221 105 34 Sedan
675 221 261 44 Skogsstyrelsen
978 225 42 41 på
1052 223 222 34 förekommen
1303 225 175 42 anledning
1505 225 10 32 i
1543 225 262 42 underdånighet
1832 226 175 40 hemställt,

388 273 158 33 huruvida
573 274 115 41 Kongl.
714 275 91 42 Maj:t
832 275 103 33 skulle
962 275 88 33 finna
1078 275 118 43 skäligt
1224 276 146 33 meddela
1398 277 61 33 den
1481 278 119 42 nådiga
1614 277 187 43 förklaring,
1818 281 49 30 att
1881 278 126 42 skogar,

387 326 197 32 tillhörande
611 326 51 32 för
690 327 244 41 löningsfonder
961 328 254 33 utarrenderade
1243 328 174 41 boställen,
1447 331 61 38 må,
1540 330 41 32 då
1595 330 176 41 anledning
1799 330 108 32 dertill
1927 331 82 32 före-

387 378 114 40 finnes,
542 378 119 40 kunna,
705 381 42 39 på
786 382 66 30 sätt
887 391 50 21 om
979 379 294 34 bostadsboställen
1315 384 37 29 är
1388 381 153 41 stadgadt
1569 383 9 31 i
1605 381 15 42 $
1647 384 39 31 23
1714 382 35 32 af
1773 383 237 32 ofvannämnde

385 430 117 41 Kongl.
544 430 200 42 förordning,
786 431 153 42 antingen
980 432 10 32 i
1018 432 49 32 sin
1097 432 108 33 helhet
1233 432 79 33 eller
1335 433 50 32 till
1412 434 63 32 viss
1503 434 53 32 del
1583 434 109 32 ställas
1720 434 103 32 under
1846 434 164 42 skogssta-

385 485 72 29 tens
484 482 77 32 vård
589 482 59 33 och
676 482 206 43 förvaltning,
912 484 60 33 har
998 484 116 41 Kongl.
1144 485 101 42 Maj:t,
1270 485 82 32 efter
1378 485 210 33 inhemtande
1606 485 35 33 af
1657 486 353 42 Arméförvaltningens

385 534 221 41 underdåniga
645 535 167 32 utlåtande
852 536 11 31 i
903 539 119 37 ämnet,
1061 537 47 31 uti
1149 536 244 41 ofvanberörda,
1432 538 61 31 den
1536 540 38 30 28
1603 537 145 33 sistlidne
1774 538 88 32 Mars
1888 538 122 32 aflåtna

387 586 200 41 proposition
618 584 72 49 (N:o
720 584 62 49 45)
808 587 94 33 äskat
928 588 199 41 Riksdagens
1156 589 221 40 medgifvande
1405 593 58 35 att,
1493 593 60 28 när
1580 589 50 32 vid
1664 589 261 40 militieboställe,
1941 601 69 21 som

389 637 82 33 skall
507 638 49 32 för
579 639 222 41 löningsfonds
829 639 139 42 räkning
995 640 241 38 utarrenderas,
1266 640 119 42 skogen
1414 641 102 32 finnes
1545 641 9 32 i
1584 641 195 43 betydligare
1802 643 74 30 mån
1906 642 103 32 öfver-

391 690 83 40 stiga
503 689 166 33 boställets
699 690 98 33 behof
824 692 35 32 af
883 691 185 42 skogsfång,
1097 692 117 41 Kongl.
1244 693 100 41 Maj:t,
1375 704 51 20 om
1455 694 35 31 så
1513 693 128 41 pröfvas
1668 693 157 42 lämpligt,
1847 695 61 37 må,
1928 693 82 33 efter

389 741 257 31 vederbörandes
687 742 154 39 hörande,
884 743 164 39 förordna,
1091 746 49 28 att
1174 746 104 29 större
1307 744 78 31 eller
1413 744 123 31 mindre
1565 744 50 31 del
1643 744 34 31 af
1701 745 120 40 skogen
1849 744 80 31 skall
1956 745 52 31 vid

390 792 167 33 boställets
598 793 276 33 utarrenderande
916 794 203 42 undantagas
1159 794 61 33 och
1249 794 112 33 ställas
1389 795 102 33 under
1518 795 194 42 förvaltning
1735 796 34 32 af
1794 795 212 42 skogsstaten,

389 846 105 31 såsom
523 855 51 22 om
604 844 220 43 kronoparker
851 849 37 29 är
914 846 161 42 stadgadt,
1107 846 71 33 med
1207 847 210 41 iakttagande
1444 847 96 33 likväl
1565 847 108 33 dervid
1693 847 35 33 af
1744 847 264 42 löningsfondens

390 898 65 30 rätt
494 898 50 30 att
583 896 33 32 få
648 898 125 41 åtnjuta
801 897 61 33 den
891 897 51 33 del
969 898 35 32 af
1029 898 138 42 skogens
1195 898 197 42 afkastning,
1420 910 67 22 som
1515 899 211 43 öfverskjuter
1753 899 179 33 kostnaden
1960 900 50 32 för

391 947 71 33 dess
489 948 166 42 indelning
683 949 58 32 och
770 949 129 33 skötsel.

542 1000 281 41 Stats-Utskottet,
867 1001 49 32 till
963 1001 93 32 hvars
1102 1001 196 42 behandling
1339 1002 106 32 denna
1490 1002 117 41 nådiga
1642 1002 237 41 framställning
1907 1002 104 32 blifvit

390 1051 198 40 remitterad,
616 1052 195 41 hemställer,

797 1108 48 29 att
884 1104 185 42 Riksdagen
1099 1107 100 30 måtte
1228 1105 115 33 bifalla
1371 1106 81 32 hvad
1479 1106 115 41 Kongl.
1622 1106 89 42 Maj:t
1737 1106 10 31 i
1775 1106 235 33 ofvanberörda

795 1159 101 31 måtto
920 1157 141 41 behagat
1084 1157 128 32 föreslå.

542 1257 186 34 Stockholm
759 1259 62 32 den
849 1262 39 31 28
915 1259 91 42 April
1036 1262 90 30 1873.

948 1413 46 32 På
1023 1413 284 33 Stats-Utskottets
1330 1417 134 38 vägnar:

1010 1534 107 31 Arvid
1143 1533 121 33 Fr:son
1290 1533 114 33 Posse.
