2247 2659
391 214 40 28 36
880 211 253 31 Statsutskottets
1155 210 168 32 utlåtande
1346 210 52 31 Nr
1421 212 29 29 4.

496 298 139 50 Kungl.
683 298 128 50 Maj:ts
852 297 134 50 avslag
1022 301 19 33 å
1070 297 74 37 den
1172 297 133 49 billiga
1332 297 166 49 begäran
1527 310 67 23 var
1623 302 88 31 utan
1739 296 242 48 motivering.

391 325 267 81 Förmodligen
688 365 67 23 var
784 351 71 37 den
883 328 285 60 bestämmande
1199 326 257 72 grundsatsen
1487 349 84 49 den,
1601 354 54 32 att
1683 350 12 37 i
1723 349 166 37 kronans
1911 325 70 61 hus

393 406 66 36 bör
487 383 144 59 kronan
661 404 123 37 betala
813 404 157 49 eldning
998 404 70 36 och
1096 376 213 81 belysning,
1339 416 87 24 men
1453 403 11 36 i
1494 380 241 60 officerarnas
1755 403 71 36 och
1844 402 139 37 under-

391 459 244 36 officerarnas
678 457 196 50 privathus
911 457 92 36 böra
1032 457 46 36 de
1108 456 120 50 själva
1256 456 158 36 bekosta
1443 456 114 36 detta.
1614 455 58 36 En
1701 455 115 36 sådan
1845 455 137 36 forma-

390 512 124 36 listisk
543 510 234 50 ståndpunkt
805 523 113 35 synes
948 509 78 49 mig
1054 510 68 35 här
1149 522 90 24 vara
1268 514 124 31 staten
1422 509 160 48 ovärdig
1603 508 69 37 och
1692 513 40 31 är
1748 508 234 36 främmande

389 565 60 36 för
478 564 49 37 all
556 564 171 48 känning
754 563 86 37 med
869 563 62 36 det
961 562 174 49 verkliga
1164 561 186 50 sakläget.
1406 561 75 37 Det
1508 561 182 37 förhåller
1710 561 58 49 sig
1788 561 193 49 nämligen

390 620 52 45 så,
485 621 54 33 att
580 616 197 48 samlings-
820 616 70 36 och
930 615 247 36 mässlokaler
1205 617 58 34 för
1293 615 195 36 officerare
1517 614 71 36 och
1617 614 317 36 underofficerare
1963 616 20 34 å

389 673 91 33 våra
508 670 250 48 lägerplatser
787 674 64 30 äro
880 674 101 30 ännu
1009 668 287 48 nödvändigare
1325 673 47 30 än
1400 667 12 36 i
1440 668 244 43 kasärnerna,
1715 681 80 22 som
1822 667 161 48 iregeln

390 727 64 31 äro
500 721 174 49 förlagda
702 721 56 35 till
787 720 189 47 städerna,
1006 720 67 35 där
1101 720 64 35 det
1192 720 122 35 finnes
1343 724 84 43 gott
1456 732 60 23 om
1545 719 217 36 matställen
1791 719 71 35 och
1891 732 92 23 sam-

390 775 202 48 lingsrum,
639 773 116 37 ehuru
793 773 70 49 jag
899 772 83 38 icke
1011 772 200 47 bestrider,
1242 777 55 31 att
1325 776 96 33 även
1449 771 231 38 kasärnerna
1711 785 46 24 av
1785 771 90 37 flera
1903 771 81 37 skäl

389 827 49 37 ha
464 826 122 38 behov
616 840 46 23 av
691 826 109 37 dessa
827 825 155 37 lokaler.

493 879 74 37 För
609 892 98 36 egna
750 878 122 37 medel
913 879 47 35 ha
998 878 45 36 de
1072 877 284 49 lägerförlagda
1385 877 221 36 officerarna
1635 877 69 35 och
1733 876 250 37 underoffice-

389 946 112 23 rarna
543 908 111 61 måst.
680 932 164 49 uppföra
878 931 82 36 sina
989 908 199 71 samlings-
1218 908 84 58 och
1318 929 260 47 mässlokaler,
1609 929 159 37 emedan
1797 935 124 31 staten
1949 929 31 49 ei

389 985 145 36 lämnat
576 985 85 36 dem
703 988 115 33 annat
860 989 47 31 än
948 984 71 35 tält
1061 988 54 31 att
1126 960 133 59 vistas
1287 983 99 36 ifrån
1415 982 134 49 början
1577 995 47 23 av
1653 982 94 49 april
1776 981 57 37 till
1861 968 122 49 medio

390 1052 45 22 av
479 1037 172 37 oktober.
708 1037 72 36 Till
822 1036 109 36 straff
968 1037 58 35 för
1068 1036 124 36 denna
1221 1035 229 50 uppoffring,
1481 1049 79 22 som
1590 1035 84 36 bort
1704 1034 128 50 åligga
1860 1039 124 32 staten

390 1090 72 36 och
508 1091 33 48 ej
586 1089 184 46 enskilda,
813 1089 156 49 ålägger
1011 1088 142 48 Kungl.
1184 1088 106 48 Maj:t
1318 1088 65 36 det
1410 1087 283 49 lägerförlagda
1721 1063 141 61 befälet
1892 1092 53 31 att
1973 1087 11 35 i

390 1149 159 30 motsats
590 1142 58 36 till
689 1142 45 36 de
772 1119 251 59 kasärnerade
1061 1118 114 71 gjälvt
1212 1140 126 37 betala
1375 1116 156 72 eldning
1560 1119 81 57 och
1660 1139 204 49 belysning
1891 1139 12 36 i
1930 1140 54 36 lo-

390 1195 114 43 kaler,
548 1208 75 23 som
664 1199 63 32 äro
757 1195 231 47 nödvändiga
1008 1194 67 47 för
1102 1193 134 48 Kungl.
1266 1194 113 47 Maj:t
1405 1170 123 72 själv,
1539 1197 42 43 ty
1609 1191 280 37 militärbefälet
1917 1191 68 36 har

390 1250 125 34 såsom
553 1247 134 36 sådant
723 1247 96 35 intet
848 1245 273 50 självändamål
1149 1251 91 30 utan
1269 1250 40 31 är
1337 1244 59 36 till
1424 1245 58 36 för
1510 1244 142 49 Kungl.
1682 1244 128 48 Maj:ts
1839 1244 70 36 och
1937 1244 48 35 ri-

390 1300 85 36 kets
503 1298 108 37 skull.

493 1351 53 36 På
588 1350 281 37 militärbefälet
902 1350 68 36 bör
999 1354 123 32 staten
1151 1349 110 36 ställa
1290 1354 100 32 stora
1418 1348 229 47 fordringar,
1677 1353 68 31 när
1773 1348 64 36 det
1865 1347 119 49 gäller

391 1408 55 32 ett
492 1403 127 37 enkelt
666 1403 70 36 och
778 1403 155 49 nyktert
960 1402 235 37 levnadssätt
1223 1405 48 46 på
1299 1380 300 70 lägerplatserna
1629 1378 70 59 och
1727 1400 100 37 inom
1858 1377 126 60 kasär-

389 1469 131 23 nerna.
576 1456 59 36 En
682 1455 114 37 sådan
834 1455 182 36 händelse
1045 1477 50 3 —
1122 1453 219 50 lyckligtvis
1370 1454 228 36 enastående
1629 1475 46 4 —
1706 1466 81 23 som
1817 1453 72 36 den
1918 1453 67 35 vil-

390 1509 75 35 ken
492 1508 121 37 under
640 1508 103 36 förra
772 1511 79 33 året
879 1507 199 37 inträffade
1108 1507 61 36 vid
1199 1512 53 31 ett
1279 1512 233 43 regemente,
1542 1511 55 31 att
1626 1506 87 36 dess
1743 1505 88 37 chef
1842 1505 142 49 nödga-

390 1560 66 37 des
486 1565 187 32 arrestera
703 1565 54 31 ett
787 1560 100 36 antal
916 1560 206 47 officerare,
1153 1559 128 36 därför
1309 1563 54 31 att
1387 1559 46 35 de
1453 1563 186 32 överträtt
1659 1558 95 36 hans
1774 1557 213 49 befallning

391 1613 68 36 och
502 1613 121 37 under
664 1612 186 49 förtäring
892 1625 46 23 av
967 1612 259 49 spritdrycker
1255 1611 107 37 suttit
1389 1624 100 36 uppe
1517 1611 12 36 i
1558 1617 149 30 mässen
1736 1610 107 49 långt
1870 1610 39 36 in
1938 1613 47 46 på

391 1670 131 32 natten
561 1666 69 36 och
668 1670 54 30 att
751 1665 45 36 de
826 1665 119 36 sedan
974 1665 31 47 ej
1037 1665 132 46 insågo
1199 1668 108 32 arten
1335 1677 46 22 av
1412 1664 58 35 sin
1498 1663 186 36 förseelse
1713 1668 79 30 mot
1820 1662 166 49 discipli-

390 1731 75 22 nen
503 1718 71 35 och
612 1718 65 36 sitt
706 1717 252 36 ansvarsfulla
986 1717 75 35 kall
1091 1730 79 22 som
1198 1716 238 48 ungdomens
1465 1715 120 37 lärare
1615 1720 102 41 utan,
1746 1715 239 48 åberopande

390 1769 276 38 mässlokalens
695 1769 193 49 egenskap
918 1783 48 23 av
994 1768 242 38 officerarnas
1269 1768 148 50 privata
1445 1767 254 50 tillhörighet,
1729 1766 257 50 överklagade

391 1822 67 36 sitt
487 1822 118 48 straff,
627 1835 82 23 som
728 1822 159 48 nyligen
906 1821 202 36 fastställts
1130 1835 45 22 av
1196 1821 310 48 krigshovrätten
1527 1843 49 2 —
1597 1833 47 23 en
1665 1820 118 36 sådan
1803 1819 182 37 händelse

390 1874 95 37 talar
512 1876 72 35 icke
611 1875 59 35 för
699 1874 199 36 drivandet
926 1887 47 22 av
1001 1874 71 35 den
1102 1878 140 42 satsen,
1272 1878 55 31 att
1354 1873 161 36 befälets
1544 1872 200 49 samlings-
1773 1872 72 36 och
1870 1877 115 31 mäss-

390 1926 144 37 lokaler
579 1927 91 36 böra
711 1939 91 23 vara
839 1927 424 48 privatangelägenheter,
1297 1925 46 36 då
1372 1925 45 36 de
1446 1931 64 30 äro
1540 1924 174 49 förlagda
1743 1927 47 46 på
1819 1925 165 35 kronans

392 1979 116 36 mark.
564 1980 124 36 Anser
731 1979 61 48 sig
832 1984 124 31 staten
990 1979 32 47 ej
1054 1978 92 37 böra
1174 1978 140 63 inköpa
1342 1978 110 36 dessa
1479 1976 157 47 lokaler,
1666 1977 121 37 vilket
1814 1990 89 23 vore
1932 1981 53 32 att

392 2038 90 42 taga
510 2036 127 44 steget
664 2031 86 37 fullt
766 2009 52 57 ut
844 2031 12 36 i
884 2035 76 32 rätt
987 2031 182 61 riktning,
1200 2033 40 33 så
1269 2035 41 31 är
1338 2030 64 36 det
1431 2029 97 37 dock
1555 2007 123 58 bättre
1708 2034 56 31 att
1791 2029 11 35 i
1822 2029 163 36 nämnda

391 2065 173 68 riktning
570 2061 113 72 taga
712 2089 54 31 ett
794 2083 188 37 förkortat
1011 2088 86 44 steg
1125 2087 48 31 än
1200 2083 97 35 intet
1324 2082 103 36 alls.»

495 2187 17 36 I
554 2201 46 23 en
637 2186 182 37 likaledes
856 2186 101 37 inom
1000 2186 128 37 Andra
1158 2186 217 37 kammaren
1404 2186 112 37 väckt
1544 2185 141 38 motion
1715 2185 57 49 (nr
1803 2184 85 50 119)
1918 2185 68 36 har

392 2240 87 36 herr
512 2239 37 38 C.
578 2240 189 58 Vahlquist
792 2239 212 49 föreslagit,
1033 2244 55 31 att
1114 2239 219 49 Riksdagen
1360 2238 90 37 ville
1478 2238 196 49 medgiva:

495 2300 54 28 att
575 2306 12 21 i
615 2291 177 49 samtliga
821 2292 45 36 de
895 2305 45 22 av
970 2293 148 34 arméns
1148 2264 206 79 afffeerare,
1374 2270 317 57 underofficerare
1711 2290 71 36 och
1801 2289 184 58 manskap

392 2344 174 36 använda
608 2350 119 31 mäss-
744 2321 96 59 och
881 2339 345 57 samlingslokaler,
1268 2321 102 59 vilka
1399 2348 64 32 äro
1491 2342 174 48 inrymda
1693 2342 53 36 uti
1774 2342 147 36 kronan
1950 2341 33 49 ej

390 2396 193 49 tillhöriga
624 2396 238 50 byggnader,
906 2395 157 50 eldning
1103 2395 204 50 belysning
1335 2395 71 37 och
1434 2394 390 49 vattenförbrukning
1852 2397 59 33 må
1940 2407 47 23 av
