<?xml version="1.0" encoding="UTF-8"?>
<alto xmlns="http://www.loc.gov/standards/alto/ns-v3#" xmlns:xlink="http://www.w3.org/1999/xlink" xmlns:xsi="http://www.w3.org/2001/XMLSchema-instance" xsi:schemaLocation="http://www.loc.gov/standards/alto/ns-v3# http://www.loc.gov/alto/v3/alto-3-0.xsd">
	<Description>
		<MeasurementUnit>pixel</MeasurementUnit>
		<sourceImageInformation>
			<fileName>/tmp/tess_v7ovp93b_input.PNG</fileName>
		</sourceImageInformation>
		<OCRProcessing ID="OCR_0">
			<ocrProcessingStep>
				<processingSoftware>
					<softwareName>tesseract 5.3.0</softwareName>
				</processingSoftware>
			</ocrProcessingStep>
		</OCRProcessing>
	</Description>
	<Layout>
		<Page WIDTH="1912" HEIGHT="2854" PHYSICAL_IMG_NR="0" ID="page_0">
			<PrintSpace HPOS="0" VPOS="0" WIDTH="1912" HEIGHT="2854">
				<ComposedBlock ID="cblock_0" HPOS="242" VPOS="160" WIDTH="1339" HEIGHT="41">
					<TextBlock ID="block_0" HPOS="242" VPOS="160" WIDTH="1339" HEIGHT="41">
						<TextLine ID="line_0" HPOS="242" VPOS="160" WIDTH="1339" HEIGHT="41">
							<String ID="string_0" HPOS="242" VPOS="166" WIDTH="244" HEIGHT="31" WC="0.77" CONTENT="Sammansatt"/><SP WIDTH="22" VPOS="166" HPOS="486"/>
							<String ID="string_1" HPOS="508" VPOS="165" WIDTH="112" HEIGHT="31" WC="0.93" CONTENT="andra"/><SP WIDTH="25" VPOS="165" HPOS="620"/>
							<String ID="string_2" HPOS="645" VPOS="165" WIDTH="72" HEIGHT="36" WC="0.91" CONTENT="lag-"/><SP WIDTH="22" VPOS="165" HPOS="717"/>
							<String ID="string_3" HPOS="739" VPOS="164" WIDTH="61" HEIGHT="31" WC="0.93" CONTENT="och"/><SP WIDTH="26" VPOS="164" HPOS="800"/>
							<String ID="string_4" HPOS="826" VPOS="164" WIDTH="348" HEIGHT="36" WC="0.91" CONTENT="jordbruksutskotts"/><SP WIDTH="23" VPOS="164" HPOS="1174"/>
							<String ID="string_5" HPOS="1197" VPOS="161" WIDTH="187" HEIGHT="32" WC="0.95" CONTENT="utlåtande"/><SP WIDTH="24" VPOS="161" HPOS="1384"/>
							<String ID="string_6" HPOS="1408" VPOS="161" WIDTH="51" HEIGHT="31" WC="0.78" CONTENT="Nr"/><SP WIDTH="28" VPOS="161" HPOS="1459"/>
							<String ID="string_7" HPOS="1487" VPOS="162" WIDTH="28" HEIGHT="29" WC="0.93" CONTENT="1."/><SP WIDTH="25" VPOS="162" HPOS="1515"/>
							<String ID="string_8" HPOS="1540" VPOS="160" WIDTH="41" HEIGHT="32" WC="0.79" CONTENT="13"/>
						</TextLine>
					</TextBlock>
				</ComposedBlock>
				<ComposedBlock ID="cblock_1" HPOS="119" VPOS="237" WIDTH="1508" HEIGHT="1767">
					<TextBlock ID="block_1" HPOS="119" VPOS="237" WIDTH="1508" HEIGHT="1767">
						<TextLine ID="line_1" HPOS="122" VPOS="237" WIDTH="1501" HEIGHT="40">
							<String ID="string_9" HPOS="122" VPOS="243" WIDTH="65" HEIGHT="31" WC="0.93" CONTENT="och"/><SP WIDTH="15" VPOS="243" HPOS="187"/>
							<String ID="string_10" HPOS="202" VPOS="241" WIDTH="374" HEIGHT="36" WC="0.91" CONTENT="skifteslagstiftning."/><SP WIDTH="37" VPOS="241" HPOS="576"/>
							<String ID="string_11" HPOS="613" VPOS="240" WIDTH="91" HEIGHT="36" WC="0.95" CONTENT="Köp,"/><SP WIDTH="17" VPOS="240" HPOS="704"/>
							<String ID="string_12" HPOS="721" VPOS="240" WIDTH="65" HEIGHT="31" WC="0.96" CONTENT="där"/><SP WIDTH="16" VPOS="240" HPOS="786"/>
							<String ID="string_13" HPOS="802" VPOS="240" WIDTH="113" HEIGHT="36" WC="0.96" CONTENT="syftet"/><SP WIDTH="17" VPOS="240" HPOS="915"/>
							<String ID="string_14" HPOS="932" VPOS="249" WIDTH="84" HEIGHT="21" WC="0.96" CONTENT="vore"/><SP WIDTH="13" VPOS="249" HPOS="1016"/>
							<String ID="string_15" HPOS="1029" VPOS="238" WIDTH="227" HEIGHT="37" WC="0.96" CONTENT="spekulation"/><SP WIDTH="19" VPOS="238" HPOS="1256"/>
							<String ID="string_16" HPOS="1275" VPOS="239" WIDTH="11" HEIGHT="30" WC="0.96" CONTENT="i"/><SP WIDTH="17" VPOS="239" HPOS="1286"/>
							<String ID="string_17" HPOS="1303" VPOS="237" WIDTH="137" HEIGHT="36" WC="0.96" CONTENT="hastigt"/><SP WIDTH="19" VPOS="237" HPOS="1440"/>
							<String ID="string_18" HPOS="1459" VPOS="237" WIDTH="164" HEIGHT="35" WC="0.96" CONTENT="stigande"/>
						</TextLine>
						<TextLine ID="line_2" HPOS="124" VPOS="280" WIDTH="1497" HEIGHT="40">
							<String ID="string_19" HPOS="124" VPOS="286" WIDTH="107" HEIGHT="31" WC="0.93" CONTENT="värde"/><SP WIDTH="21" VPOS="286" HPOS="231"/>
							<String ID="string_20" HPOS="252" VPOS="286" WIDTH="21" HEIGHT="30" WC="0.92" CONTENT="å"/><SP WIDTH="21" VPOS="286" HPOS="273"/>
							<String ID="string_21" HPOS="294" VPOS="284" WIDTH="218" HEIGHT="36" WC="0.96" CONTENT="fastigheten"/><SP WIDTH="19" VPOS="284" HPOS="512"/>
							<String ID="string_22" HPOS="531" VPOS="284" WIDTH="86" HEIGHT="31" WC="0.96" CONTENT="eller"/><SP WIDTH="18" VPOS="284" HPOS="617"/>
							<String ID="string_23" HPOS="635" VPOS="283" WIDTH="80" HEIGHT="31" WC="0.96" CONTENT="dess"/><SP WIDTH="19" VPOS="283" HPOS="715"/>
							<String ID="string_24" HPOS="734" VPOS="283" WIDTH="112" HEIGHT="36" WC="0.96" CONTENT="gröda"/><SP WIDTH="20" VPOS="283" HPOS="846"/>
							<String ID="string_25" HPOS="866" VPOS="283" WIDTH="65" HEIGHT="30" WC="0.96" CONTENT="och"/><SP WIDTH="19" VPOS="283" HPOS="931"/>
							<String ID="string_26" HPOS="950" VPOS="282" WIDTH="231" HEIGHT="35" WC="0.93" CONTENT="inventarier,"/><SP WIDTH="23" VPOS="282" HPOS="1181"/>
							<String ID="string_27" HPOS="1204" VPOS="281" WIDTH="216" HEIGHT="31" WC="0.92" CONTENT="förekomme"/><SP WIDTH="20" VPOS="281" HPOS="1420"/>
							<String ID="string_28" HPOS="1440" VPOS="280" WIDTH="12" HEIGHT="30" WC="0.96" CONTENT="i"/><SP WIDTH="21" VPOS="280" HPOS="1452"/>
							<String ID="string_29" HPOS="1473" VPOS="280" WIDTH="97" HEIGHT="35" WC="0.96" CONTENT="regel"/><SP WIDTH="21" VPOS="280" HPOS="1570"/>
							<String ID="string_30" HPOS="1591" VPOS="280" WIDTH="30" HEIGHT="35" WC="0.87" CONTENT="ej"/>
						</TextLine>
						<TextLine ID="line_3" HPOS="122" VPOS="324" WIDTH="1501" HEIGHT="37">
							<String ID="string_31" HPOS="122" VPOS="330" WIDTH="113" HEIGHT="31" WC="0.96" CONTENT="under"/><SP WIDTH="18" VPOS="330" HPOS="235"/>
							<String ID="string_32" HPOS="253" VPOS="328" WIDTH="164" HEIGHT="31" WC="0.96" CONTENT="normala"/><SP WIDTH="22" VPOS="328" HPOS="417"/>
							<String ID="string_33" HPOS="439" VPOS="326" WIDTH="259" HEIGHT="31" WC="0.95" CONTENT="förhållanden."/><SP WIDTH="41" VPOS="326" HPOS="698"/>
							<String ID="string_34" HPOS="739" VPOS="326" WIDTH="17" HEIGHT="30" WC="0.96" CONTENT="I"/><SP WIDTH="21" VPOS="326" HPOS="756"/>
							<String ID="string_35" HPOS="777" VPOS="326" WIDTH="104" HEIGHT="35" WC="0.96" CONTENT="varje"/><SP WIDTH="20" VPOS="326" HPOS="881"/>
							<String ID="string_36" HPOS="901" VPOS="326" WIDTH="65" HEIGHT="30" WC="0.95" CONTENT="fall"/><SP WIDTH="20" VPOS="326" HPOS="966"/>
							<String ID="string_37" HPOS="986" VPOS="325" WIDTH="118" HEIGHT="31" WC="0.96" CONTENT="kunde"/><SP WIDTH="20" VPOS="325" HPOS="1104"/>
							<String ID="string_38" HPOS="1124" VPOS="325" WIDTH="41" HEIGHT="30" WC="0.96" CONTENT="de"/><SP WIDTH="20" VPOS="325" HPOS="1165"/>
							<String ID="string_39" HPOS="1185" VPOS="324" WIDTH="238" HEIGHT="35" WC="0.96" CONTENT="olägenheter,"/><SP WIDTH="21" VPOS="324" HPOS="1423"/>
							<String ID="string_40" HPOS="1444" VPOS="332" WIDTH="74" HEIGHT="22" WC="0.96" CONTENT="som"/><SP WIDTH="20" VPOS="332" HPOS="1518"/>
							<String ID="string_41" HPOS="1538" VPOS="332" WIDTH="85" HEIGHT="21" WC="0.96" CONTENT="voro"/>
						</TextLine>
						<TextLine ID="line_4" HPOS="124" VPOS="366" WIDTH="1499" HEIGHT="41">
							<String ID="string_42" HPOS="124" VPOS="372" WIDTH="168" HEIGHT="31" WC="0.96" CONTENT="förenade"/><SP WIDTH="13" VPOS="372" HPOS="292"/>
							<String ID="string_43" HPOS="305" VPOS="371" WIDTH="81" HEIGHT="31" WC="0.95" CONTENT="med"/><SP WIDTH="15" VPOS="371" HPOS="386"/>
							<String ID="string_44" HPOS="401" VPOS="371" WIDTH="124" HEIGHT="36" WC="0.96" CONTENT="dylika"/><SP WIDTH="13" VPOS="371" HPOS="525"/>
							<String ID="string_45" HPOS="538" VPOS="370" WIDTH="79" HEIGHT="36" WC="0.96" CONTENT="köp,"/><SP WIDTH="15" VPOS="370" HPOS="617"/>
							<String ID="string_46" HPOS="632" VPOS="369" WIDTH="196" HEIGHT="36" WC="0.96" CONTENT="lämpligen"/><SP WIDTH="16" VPOS="369" HPOS="828"/>
							<String ID="string_47" HPOS="844" VPOS="369" WIDTH="216" HEIGHT="35" WC="0.96" CONTENT="förebyggas"/><SP WIDTH="15" VPOS="369" HPOS="1060"/>
							<String ID="string_48" HPOS="1075" VPOS="377" WIDTH="126" HEIGHT="26" WC="0.96" CONTENT="genom"/><SP WIDTH="13" VPOS="377" HPOS="1201"/>
							<String ID="string_49" HPOS="1214" VPOS="377" WIDTH="45" HEIGHT="21" WC="0.96" CONTENT="en"/><SP WIDTH="14" VPOS="377" HPOS="1259"/>
							<String ID="string_50" HPOS="1273" VPOS="367" WIDTH="137" HEIGHT="31" WC="0.93" CONTENT="allmän"/><SP WIDTH="13" VPOS="367" HPOS="1410"/>
							<String ID="string_51" HPOS="1423" VPOS="366" WIDTH="200" HEIGHT="31" WC="0.89" CONTENT="vanhävds-"/>
						</TextLine>
						<TextLine ID="line_5" HPOS="122" VPOS="409" WIDTH="1500" HEIGHT="41">
							<String ID="string_52" HPOS="122" VPOS="415" WIDTH="242" HEIGHT="35" WC="0.96" CONTENT="lagstiftning."/><SP WIDTH="41" VPOS="415" HPOS="364"/>
							<String ID="string_53" HPOS="405" VPOS="414" WIDTH="44" HEIGHT="36" WC="0.95" CONTENT="Ej"/><SP WIDTH="23" VPOS="414" HPOS="449"/>
							<String ID="string_54" HPOS="472" VPOS="413" WIDTH="111" HEIGHT="31" WC="0.96" CONTENT="heller"/><SP WIDTH="20" VPOS="413" HPOS="583"/>
							<String ID="string_55" HPOS="603" VPOS="423" WIDTH="84" HEIGHT="21" WC="0.96" CONTENT="vore"/><SP WIDTH="22" VPOS="423" HPOS="687"/>
							<String ID="string_56" HPOS="709" VPOS="413" WIDTH="149" HEIGHT="31" WC="0.96" CONTENT="förvärv"/><SP WIDTH="21" VPOS="413" HPOS="858"/>
							<String ID="string_57" HPOS="879" VPOS="423" WIDTH="45" HEIGHT="20" WC="0.93" CONTENT="av"/><SP WIDTH="21" VPOS="423" HPOS="924"/>
							<String ID="string_58" HPOS="945" VPOS="411" WIDTH="365" HEIGHT="36" WC="0.91" CONTENT="jordbruksfastighet"/><SP WIDTH="24" VPOS="411" HPOS="1310"/>
							<String ID="string_59" HPOS="1334" VPOS="411" WIDTH="56" HEIGHT="30" WC="0.93" CONTENT="för"/><SP WIDTH="19" VPOS="411" HPOS="1390"/>
							<String ID="string_60" HPOS="1409" VPOS="409" WIDTH="213" HEIGHT="37" WC="0.92" CONTENT="kapitalpla-"/>
						</TextLine>
						<TextLine ID="line_6" HPOS="123" VPOS="453" WIDTH="1500" HEIGHT="41">
							<String ID="string_61" HPOS="123" VPOS="459" WIDTH="121" HEIGHT="35" WC="0.91" CONTENT="cering"/><SP WIDTH="15" VPOS="459" HPOS="244"/>
							<String ID="string_62" HPOS="259" VPOS="458" WIDTH="87" HEIGHT="32" WC="0.93" CONTENT="eller"/><SP WIDTH="15" VPOS="458" HPOS="346"/>
							<String ID="string_63" HPOS="361" VPOS="457" WIDTH="272" HEIGHT="36" WC="0.91" CONTENT="nöjesändamål"/><SP WIDTH="15" VPOS="457" HPOS="633"/>
							<String ID="string_64" HPOS="648" VPOS="458" WIDTH="119" HEIGHT="33" WC="0.96" CONTENT="någon"/><SP WIDTH="13" VPOS="458" HPOS="767"/>
							<String ID="string_65" HPOS="780" VPOS="466" WIDTH="99" HEIGHT="21" WC="0.96" CONTENT="mera"/><SP WIDTH="15" VPOS="466" HPOS="879"/>
							<String ID="string_66" HPOS="894" VPOS="456" WIDTH="133" HEIGHT="31" WC="0.96" CONTENT="allmän"/><SP WIDTH="17" VPOS="456" HPOS="1027"/>
							<String ID="string_67" HPOS="1044" VPOS="454" WIDTH="183" HEIGHT="32" WC="0.95" CONTENT="företeelse"/><SP WIDTH="16" VPOS="454" HPOS="1227"/>
							<String ID="string_68" HPOS="1243" VPOS="455" WIDTH="65" HEIGHT="30" WC="0.96" CONTENT="och"/><SP WIDTH="16" VPOS="455" HPOS="1308"/>
							<String ID="string_69" HPOS="1324" VPOS="454" WIDTH="42" HEIGHT="31" WC="0.96" CONTENT="de"/><SP WIDTH="18" VPOS="454" HPOS="1366"/>
							<String ID="string_70" HPOS="1384" VPOS="453" WIDTH="153" HEIGHT="35" WC="0.93" CONTENT="fåtaliga"/><SP WIDTH="17" VPOS="453" HPOS="1537"/>
							<String ID="string_71" HPOS="1554" VPOS="453" WIDTH="69" HEIGHT="30" WC="0.92" CONTENT="för-"/>
						</TextLine>
						<TextLine ID="line_7" HPOS="123" VPOS="496" WIDTH="1499" HEIGHT="39">
							<String ID="string_72" HPOS="123" VPOS="504" WIDTH="91" HEIGHT="29" WC="0.96" CONTENT="värv"/><SP WIDTH="16" VPOS="504" HPOS="214"/>
							<String ID="string_73" HPOS="230" VPOS="512" WIDTH="45" HEIGHT="21" WC="0.96" CONTENT="av"/><SP WIDTH="18" VPOS="512" HPOS="275"/>
							<String ID="string_74" HPOS="293" VPOS="501" WIDTH="116" HEIGHT="31" WC="0.96" CONTENT="denna"/><SP WIDTH="16" VPOS="501" HPOS="409"/>
							<String ID="string_75" HPOS="425" VPOS="501" WIDTH="163" HEIGHT="34" WC="0.95" CONTENT="kategori"/><SP WIDTH="14" VPOS="501" HPOS="588"/>
							<String ID="string_76" HPOS="602" VPOS="509" WIDTH="85" HEIGHT="21" WC="0.96" CONTENT="man"/><SP WIDTH="15" VPOS="509" HPOS="687"/>
							<String ID="string_77" HPOS="702" VPOS="499" WIDTH="91" HEIGHT="31" WC="0.96" CONTENT="hade"/><SP WIDTH="14" VPOS="499" HPOS="793"/>
							<String ID="string_78" HPOS="807" VPOS="501" WIDTH="56" HEIGHT="29" WC="0.96" CONTENT="att"/><SP WIDTH="17" VPOS="501" HPOS="863"/>
							<String ID="string_79" HPOS="880" VPOS="499" WIDTH="114" HEIGHT="31" WC="0.96" CONTENT="räkna"/><SP WIDTH="15" VPOS="499" HPOS="994"/>
							<String ID="string_80" HPOS="1009" VPOS="498" WIDTH="79" HEIGHT="31" WC="0.96" CONTENT="med"/><SP WIDTH="16" VPOS="498" HPOS="1088"/>
							<String ID="string_81" HPOS="1104" VPOS="508" WIDTH="83" HEIGHT="21" WC="0.96" CONTENT="vore"/><SP WIDTH="18" VPOS="508" HPOS="1187"/>
							<String ID="string_82" HPOS="1205" VPOS="496" WIDTH="203" HEIGHT="36" WC="0.96" CONTENT="säkerligen"/><SP WIDTH="16" VPOS="496" HPOS="1408"/>
							<String ID="string_83" HPOS="1424" VPOS="507" WIDTH="43" HEIGHT="20" WC="0.96" CONTENT="ur"/><SP WIDTH="19" VPOS="507" HPOS="1467"/>
							<String ID="string_84" HPOS="1486" VPOS="497" WIDTH="57" HEIGHT="31" WC="0.92" CONTENT="det"/><SP WIDTH="17" VPOS="497" HPOS="1543"/>
							<String ID="string_85" HPOS="1560" VPOS="496" WIDTH="62" HEIGHT="31" WC="0.88" CONTENT="all-"/>
						</TextLine>
						<TextLine ID="line_8" HPOS="121" VPOS="540" WIDTH="1502" HEIGHT="40">
							<String ID="string_86" HPOS="121" VPOS="547" WIDTH="151" HEIGHT="29" WC="0.92" CONTENT="männas"/><SP WIDTH="19" VPOS="547" HPOS="272"/>
							<String ID="string_87" HPOS="291" VPOS="544" WIDTH="186" HEIGHT="36" WC="0.96" CONTENT="synpunkt"/><SP WIDTH="21" VPOS="544" HPOS="477"/>
							<String ID="string_88" HPOS="498" VPOS="552" WIDTH="98" HEIGHT="22" WC="0.95" CONTENT="mera"/><SP WIDTH="19" VPOS="552" HPOS="596"/>
							<String ID="string_89" HPOS="615" VPOS="543" WIDTH="59" HEIGHT="31" WC="0.96" CONTENT="till"/><SP WIDTH="20" VPOS="543" HPOS="674"/>
							<String ID="string_90" HPOS="694" VPOS="544" WIDTH="104" HEIGHT="35" WC="0.96" CONTENT="nytta"/><SP WIDTH="21" VPOS="544" HPOS="798"/>
							<String ID="string_91" HPOS="819" VPOS="545" WIDTH="46" HEIGHT="28" WC="0.95" CONTENT="än"/><SP WIDTH="20" VPOS="545" HPOS="865"/>
							<String ID="string_92" HPOS="885" VPOS="542" WIDTH="121" HEIGHT="32" WC="0.96" CONTENT="skada."/><SP WIDTH="41" VPOS="542" HPOS="1006"/>
							<String ID="string_93" HPOS="1047" VPOS="541" WIDTH="262" HEIGHT="31" WC="0.96" CONTENT="Erfarenheten"/><SP WIDTH="21" VPOS="541" HPOS="1309"/>
							<String ID="string_94" HPOS="1330" VPOS="541" WIDTH="92" HEIGHT="31" WC="0.96" CONTENT="hade"/><SP WIDTH="21" VPOS="541" HPOS="1422"/>
							<String ID="string_95" HPOS="1443" VPOS="540" WIDTH="105" HEIGHT="36" WC="0.96" CONTENT="visat,"/><SP WIDTH="20" VPOS="540" HPOS="1548"/>
							<String ID="string_96" HPOS="1568" VPOS="541" WIDTH="55" HEIGHT="30" WC="0.96" CONTENT="att"/>
						</TextLine>
						<TextLine ID="line_9" HPOS="121" VPOS="583" WIDTH="1503" HEIGHT="41">
							<String ID="string_97" HPOS="121" VPOS="588" WIDTH="130" HEIGHT="31" WC="0.96" CONTENT="därvid"/><SP WIDTH="16" VPOS="588" HPOS="251"/>
							<String ID="string_98" HPOS="267" VPOS="588" WIDTH="34" HEIGHT="36" WC="0.96" CONTENT="ej"/><SP WIDTH="18" VPOS="588" HPOS="301"/>
							<String ID="string_99" HPOS="319" VPOS="587" WIDTH="119" HEIGHT="33" WC="0.96" CONTENT="sällan"/><SP WIDTH="17" VPOS="587" HPOS="438"/>
							<String ID="string_100" HPOS="455" VPOS="587" WIDTH="167" HEIGHT="31" WC="0.96" CONTENT="nedlades"/><SP WIDTH="18" VPOS="587" HPOS="622"/>
							<String ID="string_101" HPOS="640" VPOS="586" WIDTH="200" HEIGHT="37" WC="0.96" CONTENT="betydande"/><SP WIDTH="18" VPOS="586" HPOS="840"/>
							<String ID="string_102" HPOS="858" VPOS="586" WIDTH="139" HEIGHT="36" WC="0.96" CONTENT="kapital"/><SP WIDTH="17" VPOS="586" HPOS="997"/>
							<String ID="string_103" HPOS="1014" VPOS="588" WIDTH="46" HEIGHT="33" WC="0.96" CONTENT="på"/><SP WIDTH="17" VPOS="588" HPOS="1060"/>
							<String ID="string_104" HPOS="1077" VPOS="584" WIDTH="228" HEIGHT="37" WC="0.91" CONTENT="jordbrukets"/><SP WIDTH="16" VPOS="584" HPOS="1305"/>
							<String ID="string_105" HPOS="1321" VPOS="583" WIDTH="219" HEIGHT="36" WC="0.96" CONTENT="utveckling,"/><SP WIDTH="20" VPOS="583" HPOS="1540"/>
							<String ID="string_106" HPOS="1560" VPOS="583" WIDTH="64" HEIGHT="31" WC="0.96" CONTENT="och"/>
						</TextLine>
						<TextLine ID="line_10" HPOS="120" VPOS="626" WIDTH="1506" HEIGHT="40">
							<String ID="string_107" HPOS="120" VPOS="634" WIDTH="54" HEIGHT="28" WC="0.96" CONTENT="att"/><SP WIDTH="22" VPOS="634" HPOS="174"/>
							<String ID="string_108" HPOS="196" VPOS="631" WIDTH="284" HEIGHT="31" WC="0.96" CONTENT="understundom"/><SP WIDTH="24" VPOS="631" HPOS="480"/>
							<String ID="string_109" HPOS="504" VPOS="630" WIDTH="163" HEIGHT="36" WC="0.93" CONTENT="verkliga"/><SP WIDTH="26" VPOS="630" HPOS="667"/>
							<String ID="string_110" HPOS="693" VPOS="629" WIDTH="327" HEIGHT="36" WC="0.91" CONTENT="»mönstergårdar»"/><SP WIDTH="26" VPOS="629" HPOS="1020"/>
							<String ID="string_111" HPOS="1046" VPOS="628" WIDTH="183" HEIGHT="36" WC="0.96" CONTENT="skapades."/><SP WIDTH="44" VPOS="628" HPOS="1229"/>
							<String ID="string_112" HPOS="1273" VPOS="627" WIDTH="18" HEIGHT="30" WC="0.92" CONTENT="I"/><SP WIDTH="24" VPOS="627" HPOS="1291"/>
							<String ID="string_113" HPOS="1315" VPOS="627" WIDTH="114" HEIGHT="31" WC="0.95" CONTENT="likhet"/><SP WIDTH="22" VPOS="627" HPOS="1429"/>
							<String ID="string_114" HPOS="1451" VPOS="626" WIDTH="80" HEIGHT="31" WC="0.96" CONTENT="med"/><SP WIDTH="25" VPOS="626" HPOS="1531"/>
							<String ID="string_115" HPOS="1556" VPOS="626" WIDTH="70" HEIGHT="31" WC="0.96" CONTENT="vad"/>
						</TextLine>
						<TextLine ID="line_11" HPOS="122" VPOS="669" WIDTH="1501" HEIGHT="40">
							<String ID="string_116" HPOS="122" VPOS="676" WIDTH="225" HEIGHT="30" WC="0.92" CONTENT="reservanter"/><SP WIDTH="39" VPOS="676" HPOS="347"/>
							<String ID="string_117" HPOS="386" VPOS="674" WIDTH="98" HEIGHT="31" WC="0.93" CONTENT="inom"/><SP WIDTH="22" VPOS="674" HPOS="484"/>
							<String ID="string_118" HPOS="506" VPOS="672" WIDTH="358" HEIGHT="37" WC="0.91" CONTENT="jordkommissionen"/><SP WIDTH="21" VPOS="672" HPOS="864"/>
							<String ID="string_119" HPOS="885" VPOS="672" WIDTH="163" HEIGHT="36" WC="0.93" CONTENT="påpekat,"/><SP WIDTH="22" VPOS="672" HPOS="1048"/>
							<String ID="string_120" HPOS="1070" VPOS="671" WIDTH="214" HEIGHT="35" WC="0.91" CONTENT="anmärktes,"/><SP WIDTH="24" VPOS="671" HPOS="1284"/>
							<String ID="string_121" HPOS="1308" VPOS="672" WIDTH="53" HEIGHT="30" WC="0.95" CONTENT="att"/><SP WIDTH="19" VPOS="672" HPOS="1361"/>
							<String ID="string_122" HPOS="1380" VPOS="669" WIDTH="106" HEIGHT="36" WC="0.93" CONTENT="lagen"/><SP WIDTH="19" VPOS="669" HPOS="1486"/>
							<String ID="string_123" HPOS="1505" VPOS="669" WIDTH="118" HEIGHT="32" WC="0.91" CONTENT="säker-"/>
						</TextLine>
						<TextLine ID="line_12" HPOS="122" VPOS="712" WIDTH="1502" HEIGHT="41">
							<String ID="string_124" HPOS="122" VPOS="717" WIDTH="96" HEIGHT="36" WC="0.95" CONTENT="ligen"/><SP WIDTH="23" VPOS="717" HPOS="218"/>
							<String ID="string_125" HPOS="241" VPOS="717" WIDTH="139" HEIGHT="31" WC="0.96" CONTENT="komme"/><SP WIDTH="24" VPOS="717" HPOS="380"/>
							<String ID="string_126" HPOS="404" VPOS="719" WIDTH="53" HEIGHT="29" WC="0.95" CONTENT="att"/><SP WIDTH="23" VPOS="719" HPOS="457"/>
							<String ID="string_127" HPOS="480" VPOS="717" WIDTH="99" HEIGHT="30" WC="0.95" CONTENT="bliva"/><SP WIDTH="24" VPOS="717" HPOS="579"/>
							<String ID="string_128" HPOS="603" VPOS="717" WIDTH="83" HEIGHT="34" WC="0.96" CONTENT="föga"/><SP WIDTH="23" VPOS="717" HPOS="686"/>
							<String ID="string_129" HPOS="709" VPOS="715" WIDTH="162" HEIGHT="31" WC="0.93" CONTENT="effektiv."/><SP WIDTH="43" VPOS="715" HPOS="871"/>
							<String ID="string_130" HPOS="914" VPOS="714" WIDTH="216" HEIGHT="36" WC="0.91" CONTENT="Bosättning"/><SP WIDTH="24" VPOS="714" HPOS="1130"/>
							<String ID="string_131" HPOS="1154" VPOS="714" WIDTH="170" HEIGHT="30" WC="0.91" CONTENT="innebure"/><SP WIDTH="25" VPOS="714" HPOS="1324"/>
							<String ID="string_132" HPOS="1349" VPOS="713" WIDTH="106" HEIGHT="35" WC="0.95" CONTENT="ingen"/><SP WIDTH="25" VPOS="713" HPOS="1455"/>
							<String ID="string_133" HPOS="1480" VPOS="712" WIDTH="144" HEIGHT="36" WC="0.96" CONTENT="garanti"/>
						</TextLine>
						<TextLine ID="line_13" HPOS="125" VPOS="756" WIDTH="1499" HEIGHT="40">
							<String ID="string_134" HPOS="125" VPOS="762" WIDTH="55" HEIGHT="30" WC="0.96" CONTENT="för"/><SP WIDTH="17" VPOS="762" HPOS="180"/>
							<String ID="string_135" HPOS="197" VPOS="763" WIDTH="54" HEIGHT="30" WC="0.96" CONTENT="att"/><SP WIDTH="19" VPOS="763" HPOS="251"/>
							<String ID="string_136" HPOS="270" VPOS="760" WIDTH="210" HEIGHT="36" WC="0.96" CONTENT="jordbruket"/><SP WIDTH="20" VPOS="760" HPOS="480"/>
							<String ID="string_137" HPOS="500" VPOS="760" WIDTH="100" HEIGHT="31" WC="0.96" CONTENT="bleve"/><SP WIDTH="19" VPOS="760" HPOS="600"/>
							<String ID="string_138" HPOS="619" VPOS="759" WIDTH="193" HEIGHT="36" WC="0.96" CONTENT="ordentligt"/><SP WIDTH="20" VPOS="759" HPOS="812"/>
							<String ID="string_139" HPOS="832" VPOS="759" WIDTH="103" HEIGHT="31" WC="0.95" CONTENT="skött."/><SP WIDTH="41" VPOS="759" HPOS="935"/>
							<String ID="string_140" HPOS="976" VPOS="758" WIDTH="211" HEIGHT="31" WC="0.95" CONTENT="Grunderna"/><SP WIDTH="18" VPOS="758" HPOS="1187"/>
							<String ID="string_141" HPOS="1205" VPOS="758" WIDTH="56" HEIGHT="30" WC="0.96" CONTENT="för"/><SP WIDTH="17" VPOS="758" HPOS="1261"/>
							<String ID="string_142" HPOS="1278" VPOS="756" WIDTH="181" HEIGHT="36" WC="0.96" CONTENT="prövning"/><SP WIDTH="18" VPOS="756" HPOS="1459"/>
							<String ID="string_143" HPOS="1477" VPOS="767" WIDTH="45" HEIGHT="20" WC="0.93" CONTENT="av"/><SP WIDTH="18" VPOS="767" HPOS="1522"/>
							<String ID="string_144" HPOS="1540" VPOS="757" WIDTH="84" HEIGHT="29" WC="0.92" CONTENT="kon-"/>
						</TextLine>
						<TextLine ID="line_14" HPOS="122" VPOS="799" WIDTH="1503" HEIGHT="39">
							<String ID="string_145" HPOS="122" VPOS="803" WIDTH="316" HEIGHT="32" WC="0.91" CONTENT="cessionsansökan"/><SP WIDTH="32" VPOS="803" HPOS="438"/>
							<String ID="string_146" HPOS="470" VPOS="812" WIDTH="84" HEIGHT="21" WC="0.95" CONTENT="vore"/><SP WIDTH="32" VPOS="812" HPOS="554"/>
							<String ID="string_147" HPOS="586" VPOS="803" WIDTH="126" HEIGHT="30" WC="0.96" CONTENT="vidare"/><SP WIDTH="22" VPOS="803" HPOS="712"/>
							<String ID="string_148" HPOS="734" VPOS="801" WIDTH="231" HEIGHT="37" WC="0.96" CONTENT="synnerligen"/><SP WIDTH="23" VPOS="801" HPOS="965"/>
							<String ID="string_149" HPOS="988" VPOS="800" WIDTH="180" HEIGHT="32" WC="0.96" CONTENT="svävande"/><SP WIDTH="20" VPOS="800" HPOS="1168"/>
							<String ID="string_150" HPOS="1188" VPOS="801" WIDTH="66" HEIGHT="30" WC="0.96" CONTENT="och"/><SP WIDTH="23" VPOS="801" HPOS="1254"/>
							<String ID="string_151" HPOS="1277" VPOS="799" WIDTH="165" HEIGHT="32" WC="0.96" CONTENT="lämnade"/><SP WIDTH="22" VPOS="799" HPOS="1442"/>
							<String ID="string_152" HPOS="1464" VPOS="808" WIDTH="81" HEIGHT="22" WC="0.96" CONTENT="rum"/><SP WIDTH="24" VPOS="808" HPOS="1545"/>
							<String ID="string_153" HPOS="1569" VPOS="800" WIDTH="56" HEIGHT="29" WC="0.96" CONTENT="för"/>
						</TextLine>
						<TextLine ID="line_15" HPOS="124" VPOS="843" WIDTH="1501" HEIGHT="40">
							<String ID="string_154" HPOS="124" VPOS="847" WIDTH="182" HEIGHT="36" WC="0.94" CONTENT="godtycke."/><SP WIDTH="46" VPOS="847" HPOS="306"/>
							<String ID="string_155" HPOS="352" VPOS="846" WIDTH="222" HEIGHT="36" WC="0.96" CONTENT="Härigenom"/><SP WIDTH="24" VPOS="846" HPOS="574"/>
							<String ID="string_156" HPOS="598" VPOS="846" WIDTH="138" HEIGHT="31" WC="0.96" CONTENT="komme"/><SP WIDTH="26" VPOS="846" HPOS="736"/>
							<String ID="string_157" HPOS="762" VPOS="847" WIDTH="50" HEIGHT="30" WC="0.96" CONTENT="ett"/><SP WIDTH="27" VPOS="847" HPOS="812"/>
							<String ID="string_158" HPOS="839" VPOS="846" WIDTH="116" HEIGHT="31" WC="0.93" CONTENT="starkt"/><SP WIDTH="27" VPOS="846" HPOS="955"/>
							<String ID="string_159" HPOS="982" VPOS="845" WIDTH="361" HEIGHT="31" WC="0.92" CONTENT="osäkerhetsmoment"/><SP WIDTH="27" VPOS="845" HPOS="1343"/>
							<String ID="string_160" HPOS="1370" VPOS="845" WIDTH="54" HEIGHT="29" WC="0.96" CONTENT="att"/><SP WIDTH="25" VPOS="845" HPOS="1424"/>
							<String ID="string_161" HPOS="1449" VPOS="843" WIDTH="139" HEIGHT="31" WC="0.96" CONTENT="införas"/><SP WIDTH="26" VPOS="843" HPOS="1588"/>
							<String ID="string_162" HPOS="1614" VPOS="843" WIDTH="11" HEIGHT="29" WC="0.96" CONTENT="i"/>
						</TextLine>
						<TextLine ID="line_16" HPOS="123" VPOS="886" WIDTH="1503" HEIGHT="39">
							<String ID="string_163" HPOS="123" VPOS="890" WIDTH="357" HEIGHT="35" WC="0.91" CONTENT="fastighetshandeln."/><SP WIDTH="47" VPOS="890" HPOS="480"/>
							<String ID="string_164" HPOS="527" VPOS="890" WIDTH="55" HEIGHT="30" WC="0.96" CONTENT="Då"/><SP WIDTH="23" VPOS="890" HPOS="582"/>
							<String ID="string_165" HPOS="605" VPOS="889" WIDTH="42" HEIGHT="32" WC="0.93" CONTENT="de"/><SP WIDTH="23" VPOS="889" HPOS="647"/>
							<String ID="string_166" HPOS="670" VPOS="888" WIDTH="320" HEIGHT="36" WC="0.91" CONTENT="kapitalstarkaste"/><SP WIDTH="21" VPOS="888" HPOS="990"/>
							<String ID="string_167" HPOS="1011" VPOS="888" WIDTH="160" HEIGHT="35" WC="0.96" CONTENT="köparna"/><SP WIDTH="24" VPOS="888" HPOS="1171"/>
							<String ID="string_168" HPOS="1195" VPOS="897" WIDTH="46" HEIGHT="20" WC="0.96" CONTENT="av"/><SP WIDTH="24" VPOS="897" HPOS="1241"/>
							<String ID="string_169" HPOS="1265" VPOS="886" WIDTH="81" HEIGHT="36" WC="0.96" CONTENT="jord"/><SP WIDTH="25" VPOS="886" HPOS="1346"/>
							<String ID="string_170" HPOS="1371" VPOS="896" WIDTH="125" HEIGHT="25" WC="0.96" CONTENT="genom"/><SP WIDTH="24" VPOS="896" HPOS="1496"/>
							<String ID="string_171" HPOS="1520" VPOS="886" WIDTH="106" HEIGHT="34" WC="0.96" CONTENT="lagen"/>
						</TextLine>
						<TextLine ID="line_17" HPOS="122" VPOS="929" WIDTH="1502" HEIGHT="40">
							<String ID="string_172" HPOS="122" VPOS="934" WIDTH="231" HEIGHT="35" WC="0.96" CONTENT="utestängdes"/><SP WIDTH="22" VPOS="934" HPOS="353"/>
							<String ID="string_173" HPOS="375" VPOS="934" WIDTH="84" HEIGHT="30" WC="0.96" CONTENT="från"/><SP WIDTH="23" VPOS="934" HPOS="459"/>
							<String ID="string_174" HPOS="482" VPOS="933" WIDTH="230" HEIGHT="35" WC="0.96" CONTENT="marknaden,"/><SP WIDTH="23" VPOS="933" HPOS="712"/>
							<String ID="string_175" HPOS="735" VPOS="932" WIDTH="119" HEIGHT="31" WC="0.96" CONTENT="kunde"/><SP WIDTH="24" VPOS="932" HPOS="854"/>
							<String ID="string_176" HPOS="878" VPOS="933" WIDTH="56" HEIGHT="30" WC="0.96" CONTENT="det"/><SP WIDTH="22" VPOS="933" HPOS="934"/>
							<String ID="string_177" HPOS="956" VPOS="932" WIDTH="33" HEIGHT="35" WC="0.96" CONTENT="ej"/><SP WIDTH="24" VPOS="932" HPOS="989"/>
							<String ID="string_178" HPOS="1013" VPOS="931" WIDTH="189" HEIGHT="35" WC="0.95" CONTENT="undvikas,"/><SP WIDTH="22" VPOS="931" HPOS="1202"/>
							<String ID="string_179" HPOS="1224" VPOS="932" WIDTH="53" HEIGHT="29" WC="0.96" CONTENT="att"/><SP WIDTH="24" VPOS="932" HPOS="1277"/>
							<String ID="string_180" HPOS="1301" VPOS="930" WIDTH="162" HEIGHT="36" WC="0.93" CONTENT="priserna"/><SP WIDTH="24" VPOS="930" HPOS="1463"/>
							<String ID="string_181" HPOS="1487" VPOS="930" WIDTH="20" HEIGHT="30" WC="0.92" CONTENT="å"/><SP WIDTH="24" VPOS="930" HPOS="1507"/>
							<String ID="string_182" HPOS="1531" VPOS="929" WIDTH="93" HEIGHT="36" WC="0.91" CONTENT="jord-"/>
						</TextLine>
						<TextLine ID="line_18" HPOS="119" VPOS="972" WIDTH="1506" HEIGHT="41">
							<String ID="string_183" HPOS="119" VPOS="977" WIDTH="329" HEIGHT="36" WC="0.92" CONTENT="bruksfastigheter"/><SP WIDTH="20" VPOS="977" HPOS="448"/>
							<String ID="string_184" HPOS="468" VPOS="977" WIDTH="138" HEIGHT="29" WC="0.95" CONTENT="komme"/><SP WIDTH="19" VPOS="977" HPOS="606"/>
							<String ID="string_185" HPOS="625" VPOS="977" WIDTH="54" HEIGHT="30" WC="0.95" CONTENT="att"/><SP WIDTH="22" VPOS="977" HPOS="679"/>
							<String ID="string_186" HPOS="701" VPOS="975" WIDTH="140" HEIGHT="36" WC="0.96" CONTENT="sjunka."/><SP WIDTH="42" VPOS="975" HPOS="841"/>
							<String ID="string_187" HPOS="883" VPOS="975" WIDTH="107" HEIGHT="30" WC="0.95" CONTENT="Detta"/><SP WIDTH="20" VPOS="975" HPOS="990"/>
							<String ID="string_188" HPOS="1010" VPOS="974" WIDTH="101" HEIGHT="31" WC="0.96" CONTENT="torde"/><SP WIDTH="21" VPOS="974" HPOS="1111"/>
							<String ID="string_189" HPOS="1132" VPOS="974" WIDTH="12" HEIGHT="30" WC="0.96" CONTENT="i"/><SP WIDTH="20" VPOS="974" HPOS="1144"/>
							<String ID="string_190" HPOS="1164" VPOS="974" WIDTH="56" HEIGHT="30" WC="0.96" CONTENT="sin"/><SP WIDTH="19" VPOS="974" HPOS="1220"/>
							<String ID="string_191" HPOS="1239" VPOS="975" WIDTH="60" HEIGHT="29" WC="0.96" CONTENT="tur"/><SP WIDTH="18" VPOS="975" HPOS="1299"/>
							<String ID="string_192" HPOS="1317" VPOS="973" WIDTH="163" HEIGHT="31" WC="0.96" CONTENT="medföra"/><SP WIDTH="20" VPOS="973" HPOS="1480"/>
							<String ID="string_193" HPOS="1500" VPOS="982" WIDTH="44" HEIGHT="21" WC="0.93" CONTENT="en"/><SP WIDTH="19" VPOS="982" HPOS="1544"/>
							<String ID="string_194" HPOS="1563" VPOS="972" WIDTH="62" HEIGHT="30" WC="0.92" CONTENT="all-"/>
						</TextLine>
						<TextLine ID="line_19" HPOS="122" VPOS="1016" WIDTH="1502" HEIGHT="40">
							<String ID="string_195" HPOS="122" VPOS="1023" WIDTH="84" HEIGHT="29" WC="0.95" CONTENT="män"/><SP WIDTH="20" VPOS="1023" HPOS="206"/>
							<String ID="string_196" HPOS="226" VPOS="1020" WIDTH="180" HEIGHT="35" WC="0.96" CONTENT="sänkning"/><SP WIDTH="17" VPOS="1020" HPOS="406"/>
							<String ID="string_197" HPOS="423" VPOS="1030" WIDTH="47" HEIGHT="20" WC="0.93" CONTENT="av"/><SP WIDTH="20" VPOS="1030" HPOS="470"/>
							<String ID="string_198" HPOS="490" VPOS="1018" WIDTH="474" HEIGHT="38" WC="0.91" CONTENT="jordbruksfastigheternas"/><SP WIDTH="17" VPOS="1018" HPOS="964"/>
							<String ID="string_199" HPOS="981" VPOS="1017" WIDTH="264" HEIGHT="36" WC="0.91" CONTENT="kreditvärden,"/><SP WIDTH="20" VPOS="1017" HPOS="1245"/>
							<String ID="string_200" HPOS="1265" VPOS="1017" WIDTH="109" HEIGHT="34" WC="0.96" CONTENT="något"/><SP WIDTH="21" VPOS="1017" HPOS="1374"/>
							<String ID="string_201" HPOS="1395" VPOS="1026" WIDTH="74" HEIGHT="21" WC="0.96" CONTENT="som"/><SP WIDTH="16" VPOS="1026" HPOS="1469"/>
							<String ID="string_202" HPOS="1485" VPOS="1016" WIDTH="139" HEIGHT="30" WC="0.96" CONTENT="komme"/>
						</TextLine>
						<TextLine ID="line_20" HPOS="123" VPOS="1059" WIDTH="1501" HEIGHT="38">
							<String ID="string_203" HPOS="123" VPOS="1066" WIDTH="53" HEIGHT="29" WC="0.96" CONTENT="att"/><SP WIDTH="16" VPOS="1066" HPOS="176"/>
							<String ID="string_204" HPOS="192" VPOS="1074" WIDTH="74" HEIGHT="21" WC="0.95" CONTENT="mer"/><SP WIDTH="17" VPOS="1074" HPOS="266"/>
							<String ID="string_205" HPOS="283" VPOS="1063" WIDTH="86" HEIGHT="32" WC="0.96" CONTENT="eller"/><SP WIDTH="14" VPOS="1063" HPOS="369"/>
							<String ID="string_206" HPOS="383" VPOS="1063" WIDTH="140" HEIGHT="31" WC="0.96" CONTENT="mindre"/><SP WIDTH="15" VPOS="1063" HPOS="523"/>
							<String ID="string_207" HPOS="538" VPOS="1063" WIDTH="84" HEIGHT="30" WC="0.96" CONTENT="hårt"/><SP WIDTH="14" VPOS="1063" HPOS="622"/>
							<String ID="string_208" HPOS="636" VPOS="1062" WIDTH="137" HEIGHT="32" WC="0.96" CONTENT="drabba"/><SP WIDTH="17" VPOS="1062" HPOS="773"/>
							<String ID="string_209" HPOS="790" VPOS="1062" WIDTH="73" HEIGHT="30" WC="0.96" CONTENT="alla"/><SP WIDTH="17" VPOS="1062" HPOS="863"/>
							<String ID="string_210" HPOS="880" VPOS="1061" WIDTH="199" HEIGHT="36" WC="0.96" CONTENT="jordägare,"/><SP WIDTH="17" VPOS="1061" HPOS="1079"/>
							<String ID="string_211" HPOS="1096" VPOS="1060" WIDTH="140" HEIGHT="31" WC="0.96" CONTENT="mindre"/><SP WIDTH="15" VPOS="1060" HPOS="1236"/>
							<String ID="string_212" HPOS="1251" VPOS="1070" WIDTH="74" HEIGHT="21" WC="0.96" CONTENT="som"/><SP WIDTH="15" VPOS="1070" HPOS="1325"/>
							<String ID="string_213" HPOS="1340" VPOS="1061" WIDTH="124" HEIGHT="30" WC="0.95" CONTENT="större."/><SP WIDTH="38" VPOS="1061" HPOS="1464"/>
							<String ID="string_214" HPOS="1502" VPOS="1059" WIDTH="122" HEIGHT="31" WC="0.95" CONTENT="Under"/>
						</TextLine>
						<TextLine ID="line_21" HPOS="124" VPOS="1102" WIDTH="1501" HEIGHT="39">
							<String ID="string_215" HPOS="124" VPOS="1107" WIDTH="92" HEIGHT="31" WC="0.95" CONTENT="tider"/><SP WIDTH="23" VPOS="1107" HPOS="216"/>
							<String ID="string_216" HPOS="239" VPOS="1107" WIDTH="79" HEIGHT="31" WC="0.96" CONTENT="med"/><SP WIDTH="25" VPOS="1107" HPOS="318"/>
							<String ID="string_217" HPOS="343" VPOS="1106" WIDTH="159" HEIGHT="31" WC="0.93" CONTENT="fallande"/><SP WIDTH="25" VPOS="1106" HPOS="502"/>
							<String ID="string_218" HPOS="527" VPOS="1104" WIDTH="328" HEIGHT="37" WC="0.90" CONTENT="fastighetsvärden"/><SP WIDTH="24" VPOS="1104" HPOS="855"/>
							<String ID="string_219" HPOS="879" VPOS="1105" WIDTH="64" HEIGHT="30" WC="0.96" CONTENT="och"/><SP WIDTH="25" VPOS="1105" HPOS="943"/>
							<String ID="string_220" HPOS="968" VPOS="1104" WIDTH="205" HEIGHT="35" WC="0.95" CONTENT="stagnation"/><SP WIDTH="24" VPOS="1104" HPOS="1173"/>
							<String ID="string_221" HPOS="1197" VPOS="1105" WIDTH="45" HEIGHT="34" WC="0.91" CONTENT="på"/><SP WIDTH="24" VPOS="1105" HPOS="1242"/>
							<String ID="string_222" HPOS="1266" VPOS="1102" WIDTH="359" HEIGHT="36" WC="0.89" CONTENT="fastighetsmarkna-"/>
						</TextLine>
						<TextLine ID="line_22" HPOS="121" VPOS="1145" WIDTH="1504" HEIGHT="39">
							<String ID="string_223" HPOS="121" VPOS="1149" WIDTH="69" HEIGHT="32" WC="0.96" CONTENT="den"/><SP WIDTH="20" VPOS="1149" HPOS="190"/>
							<String ID="string_224" HPOS="210" VPOS="1150" WIDTH="118" HEIGHT="31" WC="0.96" CONTENT="kunde"/><SP WIDTH="20" VPOS="1150" HPOS="328"/>
							<String ID="string_225" HPOS="348" VPOS="1149" WIDTH="60" HEIGHT="31" WC="0.96" CONTENT="det"/><SP WIDTH="22" VPOS="1149" HPOS="408"/>
							<String ID="string_226" HPOS="430" VPOS="1149" WIDTH="98" HEIGHT="31" WC="0.96" CONTENT="bliva"/><SP WIDTH="22" VPOS="1149" HPOS="528"/>
							<String ID="string_227" HPOS="550" VPOS="1148" WIDTH="155" HEIGHT="36" WC="0.96" CONTENT="ogörligt"/><SP WIDTH="23" VPOS="1148" HPOS="705"/>
							<String ID="string_228" HPOS="728" VPOS="1149" WIDTH="55" HEIGHT="30" WC="0.96" CONTENT="för"/><SP WIDTH="21" VPOS="1149" HPOS="783"/>
							<String ID="string_229" HPOS="804" VPOS="1158" WIDTH="44" HEIGHT="21" WC="0.93" CONTENT="en"/><SP WIDTH="21" VPOS="1158" HPOS="848"/>
							<String ID="string_230" HPOS="869" VPOS="1148" WIDTH="219" HEIGHT="34" WC="0.92" CONTENT="förvärvare,"/><SP WIDTH="23" VPOS="1148" HPOS="1088"/>
							<String ID="string_231" HPOS="1111" VPOS="1157" WIDTH="73" HEIGHT="21" WC="0.96" CONTENT="som"/><SP WIDTH="22" VPOS="1157" HPOS="1184"/>
							<String ID="string_232" HPOS="1206" VPOS="1147" WIDTH="69" HEIGHT="30" WC="0.93" CONTENT="fått"/><SP WIDTH="21" VPOS="1147" HPOS="1275"/>
							<String ID="string_233" HPOS="1296" VPOS="1145" WIDTH="329" HEIGHT="31" WC="0.91" CONTENT="koncessionsansö-"/>
						</TextLine>
						<TextLine ID="line_23" HPOS="122" VPOS="1188" WIDTH="1503" HEIGHT="41">
							<String ID="string_234" HPOS="122" VPOS="1193" WIDTH="72" HEIGHT="31" WC="0.96" CONTENT="kan"/><SP WIDTH="22" VPOS="1193" HPOS="194"/>
							<String ID="string_235" HPOS="216" VPOS="1193" WIDTH="181" HEIGHT="36" WC="0.96" CONTENT="avslagen,"/><SP WIDTH="21" VPOS="1193" HPOS="397"/>
							<String ID="string_236" HPOS="418" VPOS="1194" WIDTH="52" HEIGHT="30" WC="0.96" CONTENT="att"/><SP WIDTH="23" VPOS="1194" HPOS="470"/>
							<String ID="string_237" HPOS="493" VPOS="1193" WIDTH="102" HEIGHT="30" WC="0.96" CONTENT="finna"/><SP WIDTH="20" VPOS="1193" HPOS="595"/>
							<String ID="string_238" HPOS="615" VPOS="1192" WIDTH="132" HEIGHT="35" WC="0.96" CONTENT="köpare"/><SP WIDTH="19" VPOS="1192" HPOS="747"/>
							<String ID="string_239" HPOS="766" VPOS="1190" WIDTH="57" HEIGHT="32" WC="0.96" CONTENT="till"/><SP WIDTH="21" VPOS="1190" HPOS="823"/>
							<String ID="string_240" HPOS="844" VPOS="1191" WIDTH="56" HEIGHT="31" WC="0.96" CONTENT="sin"/><SP WIDTH="22" VPOS="1191" HPOS="900"/>
							<String ID="string_241" HPOS="922" VPOS="1191" WIDTH="180" HEIGHT="35" WC="0.96" CONTENT="fastighet,"/><SP WIDTH="19" VPOS="1191" HPOS="1102"/>
							<String ID="string_242" HPOS="1121" VPOS="1190" WIDTH="123" HEIGHT="30" WC="0.96" CONTENT="vilken"/><SP WIDTH="22" VPOS="1190" HPOS="1244"/>
							<String ID="string_243" HPOS="1266" VPOS="1190" WIDTH="45" HEIGHT="30" WC="0.96" CONTENT="då"/><SP WIDTH="18" VPOS="1190" HPOS="1311"/>
							<String ID="string_244" HPOS="1329" VPOS="1190" WIDTH="114" HEIGHT="30" WC="0.96" CONTENT="måste"/><SP WIDTH="19" VPOS="1190" HPOS="1443"/>
							<String ID="string_245" HPOS="1462" VPOS="1188" WIDTH="163" HEIGHT="36" WC="0.96" CONTENT="undergå"/>
						</TextLine>
						<TextLine ID="line_24" HPOS="124" VPOS="1232" WIDTH="1501" HEIGHT="39">
							<String ID="string_246" HPOS="124" VPOS="1236" WIDTH="167" HEIGHT="31" WC="0.96" CONTENT="exekutiv"/><SP WIDTH="23" VPOS="1236" HPOS="291"/>
							<String ID="string_247" HPOS="314" VPOS="1235" WIDTH="228" HEIGHT="36" WC="0.95" CONTENT="försäljning."/><SP WIDTH="42" VPOS="1235" HPOS="542"/>
							<String ID="string_248" HPOS="584" VPOS="1234" WIDTH="88" HEIGHT="31" WC="0.96" CONTENT="Man"/><SP WIDTH="21" VPOS="1234" HPOS="672"/>
							<String ID="string_249" HPOS="693" VPOS="1235" WIDTH="89" HEIGHT="31" WC="0.96" CONTENT="hade"/><SP WIDTH="23" VPOS="1235" HPOS="782"/>
							<String ID="string_250" HPOS="805" VPOS="1234" WIDTH="108" HEIGHT="32" WC="0.95" CONTENT="alltså"/><SP WIDTH="21" VPOS="1234" HPOS="913"/>
							<String ID="string_251" HPOS="934" VPOS="1234" WIDTH="216" HEIGHT="31" WC="0.96" CONTENT="åtminstone"/><SP WIDTH="22" VPOS="1234" HPOS="1150"/>
							<String ID="string_252" HPOS="1172" VPOS="1232" WIDTH="229" HEIGHT="32" WC="0.96" CONTENT="beträffande"/><SP WIDTH="22" VPOS="1232" HPOS="1401"/>
							<String ID="string_253" HPOS="1423" VPOS="1232" WIDTH="94" HEIGHT="31" WC="0.93" CONTENT="vissa"/><SP WIDTH="24" VPOS="1232" HPOS="1517"/>
							<String ID="string_254" HPOS="1541" VPOS="1232" WIDTH="84" HEIGHT="31" WC="0.92" CONTENT="tids-"/>
						</TextLine>
						<TextLine ID="line_25" HPOS="123" VPOS="1274" WIDTH="1504" HEIGHT="41">
							<String ID="string_255" HPOS="123" VPOS="1279" WIDTH="162" HEIGHT="36" WC="0.96" CONTENT="perioder"/><SP WIDTH="42" VPOS="1279" HPOS="285"/>
							<String ID="string_256" HPOS="327" VPOS="1281" WIDTH="54" HEIGHT="30" WC="0.93" CONTENT="att"/><SP WIDTH="43" VPOS="1281" HPOS="381"/>
							<String ID="string_257" HPOS="424" VPOS="1281" WIDTH="139" HEIGHT="33" WC="0.91" CONTENT="emotse,"/><SP WIDTH="20" VPOS="1281" HPOS="563"/>
							<String ID="string_258" HPOS="583" VPOS="1280" WIDTH="55" HEIGHT="29" WC="0.96" CONTENT="att"/><SP WIDTH="22" VPOS="1280" HPOS="638"/>
							<String ID="string_259" HPOS="660" VPOS="1278" WIDTH="192" HEIGHT="31" WC="0.96" CONTENT="exekutiva"/><SP WIDTH="22" VPOS="1278" HPOS="852"/>
							<String ID="string_260" HPOS="874" VPOS="1276" WIDTH="259" HEIGHT="37" WC="0.93" CONTENT="försäljningar"/><SP WIDTH="21" VPOS="1276" HPOS="1133"/>
							<String ID="string_261" HPOS="1154" VPOS="1295" WIDTH="39" HEIGHT="3" WC="0.91" CONTENT="—"/><SP WIDTH="20" VPOS="1295" HPOS="1193"/>
							<String ID="string_262" HPOS="1213" VPOS="1277" WIDTH="90" HEIGHT="30" WC="0.96" CONTENT="utan"/><SP WIDTH="21" VPOS="1277" HPOS="1303"/>
							<String ID="string_263" HPOS="1324" VPOS="1276" WIDTH="109" HEIGHT="34" WC="0.95" CONTENT="något"/><SP WIDTH="22" VPOS="1276" HPOS="1433"/>
							<String ID="string_264" HPOS="1455" VPOS="1274" WIDTH="172" HEIGHT="32" WC="0.96" CONTENT="samband"/>
						</TextLine>
						<TextLine ID="line_26" HPOS="124" VPOS="1318" WIDTH="1502" HEIGHT="37">
							<String ID="string_265" HPOS="124" VPOS="1324" WIDTH="77" HEIGHT="31" WC="0.93" CONTENT="med"/><SP WIDTH="26" VPOS="1324" HPOS="201"/>
							<String ID="string_266" HPOS="227" VPOS="1322" WIDTH="396" HEIGHT="32" WC="0.89" CONTENT="kreditförhållandena"/><SP WIDTH="28" VPOS="1322" HPOS="623"/>
							<String ID="string_267" HPOS="651" VPOS="1322" WIDTH="64" HEIGHT="30" WC="0.96" CONTENT="och"/><SP WIDTH="26" VPOS="1322" HPOS="715"/>
							<String ID="string_268" HPOS="741" VPOS="1321" WIDTH="229" HEIGHT="31" WC="0.96" CONTENT="ekonomiska"/><SP WIDTH="28" VPOS="1321" HPOS="970"/>
							<String ID="string_269" HPOS="998" VPOS="1320" WIDTH="250" HEIGHT="31" WC="0.95" CONTENT="förhållanden"/><SP WIDTH="28" VPOS="1320" HPOS="1248"/>
							<String ID="string_270" HPOS="1276" VPOS="1320" WIDTH="11" HEIGHT="30" WC="0.96" CONTENT="i"/><SP WIDTH="28" VPOS="1320" HPOS="1287"/>
							<String ID="string_271" HPOS="1315" VPOS="1318" WIDTH="119" HEIGHT="35" WC="0.93" CONTENT="övrigt"/><SP WIDTH="27" VPOS="1318" HPOS="1434"/>
							<String ID="string_272" HPOS="1461" VPOS="1337" WIDTH="40" HEIGHT="3" WC="0.91" CONTENT="—"/><SP WIDTH="24" VPOS="1337" HPOS="1501"/>
							<String ID="string_273" HPOS="1525" VPOS="1318" WIDTH="101" HEIGHT="31" WC="0.96" CONTENT="bleve"/>
						</TextLine>
						<TextLine ID="line_27" HPOS="125" VPOS="1360" WIDTH="1500" HEIGHT="41">
							<String ID="string_274" HPOS="125" VPOS="1366" WIDTH="172" HEIGHT="35" WC="0.96" CONTENT="tämligen"/><SP WIDTH="16" VPOS="1366" HPOS="297"/>
							<String ID="string_275" HPOS="313" VPOS="1365" WIDTH="157" HEIGHT="35" WC="0.96" CONTENT="vanliga."/><SP WIDTH="36" VPOS="1365" HPOS="470"/>
							<String ID="string_276" HPOS="506" VPOS="1365" WIDTH="66" HEIGHT="31" WC="0.93" CONTENT="Att"/><SP WIDTH="14" VPOS="1365" HPOS="572"/>
							<String ID="string_277" HPOS="586" VPOS="1365" WIDTH="138" HEIGHT="36" WC="0.30" CONTENT="jämväl"/><SP WIDTH="11" VPOS="1365" HPOS="724"/>
							<String ID="string_278" HPOS="735" VPOS="1364" WIDTH="100" HEIGHT="32" WC="0.96" CONTENT="detta"/><SP WIDTH="12" VPOS="1364" HPOS="835"/>
							<String ID="string_279" HPOS="847" VPOS="1365" WIDTH="140" HEIGHT="30" WC="0.96" CONTENT="komme"/><SP WIDTH="13" VPOS="1365" HPOS="987"/>
							<String ID="string_280" HPOS="1000" VPOS="1365" WIDTH="53" HEIGHT="30" WC="0.96" CONTENT="att"/><SP WIDTH="15" VPOS="1365" HPOS="1053"/>
							<String ID="string_281" HPOS="1068" VPOS="1363" WIDTH="161" HEIGHT="31" WC="0.96" CONTENT="medföra"/><SP WIDTH="13" VPOS="1363" HPOS="1229"/>
							<String ID="string_282" HPOS="1242" VPOS="1362" WIDTH="187" HEIGHT="31" WC="0.96" CONTENT="osäkerhet"/><SP WIDTH="14" VPOS="1362" HPOS="1429"/>
							<String ID="string_283" HPOS="1443" VPOS="1361" WIDTH="65" HEIGHT="32" WC="0.93" CONTENT="och"/><SP WIDTH="15" VPOS="1361" HPOS="1508"/>
							<String ID="string_284" HPOS="1523" VPOS="1360" WIDTH="102" HEIGHT="32" WC="0.91" CONTENT="rubb-"/>
						</TextLine>
						<TextLine ID="line_28" HPOS="123" VPOS="1405" WIDTH="1500" HEIGHT="40">
							<String ID="string_285" HPOS="123" VPOS="1410" WIDTH="131" HEIGHT="35" WC="0.96" CONTENT="ningar"/><SP WIDTH="21" VPOS="1410" HPOS="254"/>
							<String ID="string_286" HPOS="275" VPOS="1410" WIDTH="12" HEIGHT="30" WC="0.93" CONTENT="i"/><SP WIDTH="23" VPOS="1410" HPOS="287"/>
							<String ID="string_287" HPOS="310" VPOS="1408" WIDTH="366" HEIGHT="35" WC="0.90" CONTENT="fastighetskrediten,"/><SP WIDTH="21" VPOS="1408" HPOS="676"/>
							<String ID="string_288" HPOS="697" VPOS="1407" WIDTH="80" HEIGHT="35" WC="0.91" CONTENT="låge"/><SP WIDTH="21" VPOS="1407" HPOS="777"/>
							<String ID="string_289" HPOS="798" VPOS="1408" WIDTH="12" HEIGHT="30" WC="0.96" CONTENT="i"/><SP WIDTH="23" VPOS="1408" HPOS="810"/>
							<String ID="string_290" HPOS="833" VPOS="1409" WIDTH="114" HEIGHT="34" WC="0.96" CONTENT="öppen"/><SP WIDTH="22" VPOS="1409" HPOS="947"/>
							<String ID="string_291" HPOS="969" VPOS="1407" WIDTH="78" HEIGHT="35" WC="0.95" CONTENT="dag."/><SP WIDTH="41" VPOS="1407" HPOS="1047"/>
							<String ID="string_292" HPOS="1088" VPOS="1406" WIDTH="132" HEIGHT="31" WC="0.95" CONTENT="Genom"/><SP WIDTH="21" VPOS="1406" HPOS="1220"/>
							<String ID="string_293" HPOS="1241" VPOS="1405" WIDTH="235" HEIGHT="36" WC="0.94" CONTENT="möjligheten"/><SP WIDTH="21" VPOS="1405" HPOS="1476"/>
							<String ID="string_294" HPOS="1497" VPOS="1415" WIDTH="45" HEIGHT="20" WC="0.93" CONTENT="av"/><SP WIDTH="21" VPOS="1415" HPOS="1542"/>
							<String ID="string_295" HPOS="1563" VPOS="1405" WIDTH="60" HEIGHT="35" WC="0.92" CONTENT="dy-"/>
						</TextLine>
						<TextLine ID="line_29" HPOS="123" VPOS="1448" WIDTH="1503" HEIGHT="40">
							<String ID="string_296" HPOS="123" VPOS="1452" WIDTH="75" HEIGHT="32" WC="0.93" CONTENT="lika"/><SP WIDTH="20" VPOS="1452" HPOS="198"/>
							<String ID="string_297" HPOS="218" VPOS="1451" WIDTH="395" HEIGHT="37" WC="0.90" CONTENT="tvångsförsäljningar"/><SP WIDTH="18" VPOS="1451" HPOS="613"/>
							<String ID="string_298" HPOS="631" VPOS="1451" WIDTH="137" HEIGHT="31" WC="0.96" CONTENT="komme"/><SP WIDTH="20" VPOS="1451" HPOS="768"/>
							<String ID="string_299" HPOS="788" VPOS="1450" WIDTH="157" HEIGHT="36" WC="0.96" CONTENT="givetvis"/><SP WIDTH="17" VPOS="1450" HPOS="945"/>
							<String ID="string_300" HPOS="962" VPOS="1450" WIDTH="121" HEIGHT="31" WC="0.96" CONTENT="risken"/><SP WIDTH="20" VPOS="1450" HPOS="1083"/>
							<String ID="string_301" HPOS="1103" VPOS="1450" WIDTH="56" HEIGHT="31" WC="0.92" CONTENT="för"/><SP WIDTH="18" VPOS="1450" HPOS="1159"/>
							<String ID="string_302" HPOS="1177" VPOS="1448" WIDTH="275" HEIGHT="36" WC="0.91" CONTENT="kreditgivarna"/><SP WIDTH="15" VPOS="1448" HPOS="1452"/>
							<String ID="string_303" HPOS="1467" VPOS="1449" WIDTH="56" HEIGHT="30" WC="0.93" CONTENT="att"/><SP WIDTH="20" VPOS="1449" HPOS="1523"/>
							<String ID="string_304" HPOS="1543" VPOS="1448" WIDTH="83" HEIGHT="30" WC="0.92" CONTENT="nöd-"/>
						</TextLine>
						<TextLine ID="line_30" HPOS="126" VPOS="1491" WIDTH="1498" HEIGHT="40">
							<String ID="string_305" HPOS="126" VPOS="1505" WIDTH="62" HEIGHT="25" WC="0.96" CONTENT="gas"/><SP WIDTH="17" VPOS="1505" HPOS="188"/>
							<String ID="string_306" HPOS="205" VPOS="1496" WIDTH="56" HEIGHT="30" WC="0.96" CONTENT="för"/><SP WIDTH="16" VPOS="1496" HPOS="261"/>
							<String ID="string_307" HPOS="277" VPOS="1494" WIDTH="223" HEIGHT="37" WC="0.95" CONTENT="skyddandet"/><SP WIDTH="17" VPOS="1494" HPOS="500"/>
							<String ID="string_308" HPOS="517" VPOS="1505" WIDTH="47" HEIGHT="20" WC="0.96" CONTENT="av"/><SP WIDTH="16" VPOS="1505" HPOS="564"/>
							<String ID="string_309" HPOS="580" VPOS="1494" WIDTH="76" HEIGHT="31" WC="0.96" CONTENT="sina"/><SP WIDTH="17" VPOS="1494" HPOS="656"/>
							<String ID="string_310" HPOS="673" VPOS="1494" WIDTH="175" HEIGHT="30" WC="0.96" CONTENT="intressen"/><SP WIDTH="17" VPOS="1494" HPOS="848"/>
							<String ID="string_311" HPOS="865" VPOS="1495" WIDTH="169" HEIGHT="33" WC="0.96" CONTENT="övertaga"/><SP WIDTH="15" VPOS="1495" HPOS="1034"/>
							<String ID="string_312" HPOS="1049" VPOS="1493" WIDTH="45" HEIGHT="30" WC="0.96" CONTENT="de"/><SP WIDTH="14" VPOS="1493" HPOS="1094"/>
							<String ID="string_313" HPOS="1108" VPOS="1492" WIDTH="171" HEIGHT="31" WC="0.96" CONTENT="belånade"/><SP WIDTH="16" VPOS="1492" HPOS="1279"/>
							<String ID="string_314" HPOS="1295" VPOS="1491" WIDTH="261" HEIGHT="35" WC="0.96" CONTENT="fastigheterna"/><SP WIDTH="17" VPOS="1491" HPOS="1556"/>
							<String ID="string_315" HPOS="1573" VPOS="1492" WIDTH="51" HEIGHT="30" WC="0.96" CONTENT="att"/>
						</TextLine>
						<TextLine ID="line_31" HPOS="126" VPOS="1533" WIDTH="1499" HEIGHT="38">
							<String ID="string_316" HPOS="126" VPOS="1540" WIDTH="165" HEIGHT="29" WC="0.95" CONTENT="avsevärt"/><SP WIDTH="27" VPOS="1540" HPOS="291"/>
							<String ID="string_317" HPOS="318" VPOS="1538" WIDTH="87" HEIGHT="31" WC="0.96" CONTENT="ökas"/><SP WIDTH="26" VPOS="1538" HPOS="405"/>
							<String ID="string_318" HPOS="431" VPOS="1538" WIDTH="64" HEIGHT="30" WC="0.96" CONTENT="och"/><SP WIDTH="25" VPOS="1538" HPOS="495"/>
							<String ID="string_319" HPOS="520" VPOS="1536" WIDTH="187" HEIGHT="35" WC="0.96" CONTENT="samtidigt"/><SP WIDTH="26" VPOS="1536" HPOS="707"/>
							<String ID="string_320" HPOS="733" VPOS="1536" WIDTH="139" HEIGHT="31" WC="0.96" CONTENT="komme"/><SP WIDTH="24" VPOS="1536" HPOS="872"/>
							<String ID="string_321" HPOS="896" VPOS="1536" WIDTH="102" HEIGHT="31" WC="0.96" CONTENT="deras"/><SP WIDTH="23" VPOS="1536" HPOS="998"/>
							<String ID="string_322" HPOS="1021" VPOS="1535" WIDTH="221" HEIGHT="35" WC="0.95" CONTENT="benägenhet"/><SP WIDTH="25" VPOS="1535" HPOS="1242"/>
							<String ID="string_323" HPOS="1267" VPOS="1536" WIDTH="55" HEIGHT="29" WC="0.96" CONTENT="att"/><SP WIDTH="26" VPOS="1536" HPOS="1322"/>
							<String ID="string_324" HPOS="1348" VPOS="1533" WIDTH="277" HEIGHT="31" WC="0.96" CONTENT="tillhandahålla"/>
						</TextLine>
						<TextLine ID="line_32" HPOS="125" VPOS="1576" WIDTH="1501" HEIGHT="37">
							<String ID="string_325" HPOS="125" VPOS="1581" WIDTH="157" HEIGHT="32" WC="0.96" CONTENT="krediter"/><SP WIDTH="23" VPOS="1581" HPOS="282"/>
							<String ID="string_326" HPOS="305" VPOS="1583" WIDTH="53" HEIGHT="29" WC="0.96" CONTENT="att"/><SP WIDTH="23" VPOS="1583" HPOS="358"/>
							<String ID="string_327" HPOS="381" VPOS="1579" WIDTH="169" HEIGHT="33" WC="0.95" CONTENT="minskas."/><SP WIDTH="44" VPOS="1579" HPOS="550"/>
							<String ID="string_328" HPOS="594" VPOS="1577" WIDTH="101" HEIGHT="33" WC="0.95" CONTENT="Även"/><SP WIDTH="22" VPOS="1577" HPOS="695"/>
							<String ID="string_329" HPOS="717" VPOS="1579" WIDTH="114" HEIGHT="31" WC="0.96" CONTENT="härav"/><SP WIDTH="23" VPOS="1579" HPOS="831"/>
							<String ID="string_330" HPOS="854" VPOS="1579" WIDTH="101" HEIGHT="31" WC="0.96" CONTENT="bleve"/><SP WIDTH="22" VPOS="1579" HPOS="955"/>
							<String ID="string_331" HPOS="977" VPOS="1579" WIDTH="80" HEIGHT="31" WC="0.95" CONTENT="med"/><SP WIDTH="23" VPOS="1579" HPOS="1057"/>
							<String ID="string_332" HPOS="1080" VPOS="1578" WIDTH="49" HEIGHT="31" WC="0.95" CONTENT="all"/><SP WIDTH="24" VPOS="1578" HPOS="1129"/>
							<String ID="string_333" HPOS="1153" VPOS="1577" WIDTH="224" HEIGHT="32" WC="0.96" CONTENT="sannolikhet"/><SP WIDTH="26" VPOS="1577" HPOS="1377"/>
							<String ID="string_334" HPOS="1403" VPOS="1576" WIDTH="145" HEIGHT="36" WC="0.96" CONTENT="följden,"/><SP WIDTH="25" VPOS="1576" HPOS="1548"/>
							<String ID="string_335" HPOS="1573" VPOS="1577" WIDTH="53" HEIGHT="30" WC="0.96" CONTENT="att"/>
						</TextLine>
						<TextLine ID="line_33" HPOS="124" VPOS="1619" WIDTH="1501" HEIGHT="40">
							<String ID="string_336" HPOS="124" VPOS="1624" WIDTH="344" HEIGHT="35" WC="0.92" CONTENT="belåningsgränsen"/><SP WIDTH="24" VPOS="1624" HPOS="468"/>
							<String ID="string_337" HPOS="492" VPOS="1624" WIDTH="56" HEIGHT="30" WC="0.92" CONTENT="för"/><SP WIDTH="23" VPOS="1624" HPOS="548"/>
							<String ID="string_338" HPOS="571" VPOS="1622" WIDTH="408" HEIGHT="36" WC="0.92" CONTENT="jordbruksfastigheter"/><SP WIDTH="22" VPOS="1622" HPOS="979"/>
							<String ID="string_339" HPOS="1001" VPOS="1622" WIDTH="139" HEIGHT="30" WC="0.95" CONTENT="komme"/><SP WIDTH="19" VPOS="1622" HPOS="1140"/>
							<String ID="string_340" HPOS="1159" VPOS="1623" WIDTH="55" HEIGHT="29" WC="0.96" CONTENT="att"/><SP WIDTH="25" VPOS="1623" HPOS="1214"/>
							<String ID="string_341" HPOS="1239" VPOS="1620" WIDTH="140" HEIGHT="36" WC="0.95" CONTENT="sjunka."/><SP WIDTH="44" VPOS="1620" HPOS="1379"/>
							<String ID="string_342" HPOS="1423" VPOS="1619" WIDTH="57" HEIGHT="31" WC="0.92" CONTENT="Av"/><SP WIDTH="21" VPOS="1619" HPOS="1480"/>
							<String ID="string_343" HPOS="1501" VPOS="1619" WIDTH="124" HEIGHT="36" WC="0.92" CONTENT="styrel-"/>
						</TextLine>
						<TextLine ID="line_34" HPOS="126" VPOS="1663" WIDTH="1498" HEIGHT="39">
							<String ID="string_344" HPOS="126" VPOS="1678" WIDTH="60" HEIGHT="21" WC="0.96" CONTENT="sen"/><SP WIDTH="17" VPOS="1678" HPOS="186"/>
							<String ID="string_345" HPOS="203" VPOS="1668" WIDTH="56" HEIGHT="30" WC="0.96" CONTENT="för"/><SP WIDTH="17" VPOS="1668" HPOS="259"/>
							<String ID="string_346" HPOS="276" VPOS="1666" WIDTH="167" HEIGHT="36" WC="0.95" CONTENT="Sveriges"/><SP WIDTH="16" VPOS="1666" HPOS="443"/>
							<String ID="string_347" HPOS="459" VPOS="1666" WIDTH="185" HEIGHT="31" WC="0.93" CONTENT="allmänna"/><SP WIDTH="16" VPOS="1666" HPOS="644"/>
							<String ID="string_348" HPOS="660" VPOS="1665" WIDTH="271" HEIGHT="37" WC="0.92" CONTENT="hypoteksbank"/><SP WIDTH="17" VPOS="1665" HPOS="931"/>
							<String ID="string_349" HPOS="948" VPOS="1666" WIDTH="66" HEIGHT="29" WC="0.96" CONTENT="har"/><SP WIDTH="16" VPOS="1666" HPOS="1014"/>
							<String ID="string_350" HPOS="1030" VPOS="1664" WIDTH="212" HEIGHT="37" WC="0.95" CONTENT="ytterligare"/><SP WIDTH="19" VPOS="1664" HPOS="1242"/>
							<String ID="string_351" HPOS="1261" VPOS="1663" WIDTH="230" HEIGHT="36" WC="0.96" CONTENT="framhållits,"/><SP WIDTH="19" VPOS="1663" HPOS="1491"/>
							<String ID="string_352" HPOS="1510" VPOS="1665" WIDTH="52" HEIGHT="29" WC="0.96" CONTENT="att"/><SP WIDTH="18" VPOS="1665" HPOS="1562"/>
							<String ID="string_353" HPOS="1580" VPOS="1663" WIDTH="44" HEIGHT="30" WC="0.96" CONTENT="då"/>
						</TextLine>
						<TextLine ID="line_35" HPOS="125" VPOS="1706" WIDTH="1501" HEIGHT="38">
							<String ID="string_354" HPOS="125" VPOS="1712" WIDTH="114" HEIGHT="30" WC="0.96" CONTENT="såsom"/><SP WIDTH="28" VPOS="1712" HPOS="239"/>
							<String ID="string_355" HPOS="267" VPOS="1710" WIDTH="164" HEIGHT="31" WC="0.95" CONTENT="säkerhet"/><SP WIDTH="28" VPOS="1710" HPOS="431"/>
							<String ID="string_356" HPOS="459" VPOS="1710" WIDTH="55" HEIGHT="30" WC="0.96" CONTENT="för"/><SP WIDTH="26" VPOS="1710" HPOS="514"/>
							<String ID="string_357" HPOS="540" VPOS="1709" WIDTH="159" HEIGHT="31" WC="0.93" CONTENT="bankens"/><SP WIDTH="26" VPOS="1709" HPOS="699"/>
							<String ID="string_358" HPOS="725" VPOS="1709" WIDTH="214" HEIGHT="35" WC="0.90" CONTENT="utelöpande"/><SP WIDTH="27" VPOS="1709" HPOS="939"/>
							<String ID="string_359" HPOS="966" VPOS="1707" WIDTH="463" HEIGHT="36" WC="0.90" CONTENT="obligationsförbindelser,"/><SP WIDTH="27" VPOS="1707" HPOS="1429"/>
							<String ID="string_360" HPOS="1456" VPOS="1717" WIDTH="45" HEIGHT="20" WC="0.96" CONTENT="av"/><SP WIDTH="25" VPOS="1717" HPOS="1501"/>
							<String ID="string_361" HPOS="1526" VPOS="1706" WIDTH="100" HEIGHT="30" WC="0.96" CONTENT="vilka"/>
						</TextLine>
						<TextLine ID="line_36" HPOS="123" VPOS="1749" WIDTH="1503" HEIGHT="40">
							<String ID="string_362" HPOS="123" VPOS="1763" WIDTH="45" HEIGHT="22" WC="0.96" CONTENT="en"/><SP WIDTH="21" VPOS="1763" HPOS="168"/>
							<String ID="string_363" HPOS="189" VPOS="1756" WIDTH="73" HEIGHT="29" WC="0.96" CONTENT="stor"/><SP WIDTH="18" VPOS="1756" HPOS="262"/>
							<String ID="string_364" HPOS="280" VPOS="1754" WIDTH="57" HEIGHT="31" WC="0.96" CONTENT="del"/><SP WIDTH="21" VPOS="1754" HPOS="337"/>
							<String ID="string_365" HPOS="358" VPOS="1763" WIDTH="85" HEIGHT="21" WC="0.96" CONTENT="vore"/><SP WIDTH="22" VPOS="1763" HPOS="443"/>
							<String ID="string_366" HPOS="465" VPOS="1752" WIDTH="187" HEIGHT="37" WC="0.96" CONTENT="placerade"/><SP WIDTH="22" VPOS="1752" HPOS="652"/>
							<String ID="string_367" HPOS="674" VPOS="1753" WIDTH="11" HEIGHT="30" WC="0.96" CONTENT="i"/><SP WIDTH="22" VPOS="1753" HPOS="685"/>
							<String ID="string_368" HPOS="707" VPOS="1751" WIDTH="172" HEIGHT="37" WC="0.93" CONTENT="utlandet,"/><SP WIDTH="21" VPOS="1751" HPOS="879"/>
							<String ID="string_369" HPOS="900" VPOS="1752" WIDTH="80" HEIGHT="35" WC="0.92" CONTENT="låge"/><SP WIDTH="22" VPOS="1752" HPOS="980"/>
							<String ID="string_370" HPOS="1002" VPOS="1751" WIDTH="250" HEIGHT="34" WC="0.46" CONTENT="inteckningar"/><SP WIDTH="21" VPOS="1751" HPOS="1252"/>
							<String ID="string_371" HPOS="1273" VPOS="1751" WIDTH="12" HEIGHT="29" WC="0.91" CONTENT="i"/><SP WIDTH="21" VPOS="1751" HPOS="1285"/>
							<String ID="string_372" HPOS="1306" VPOS="1749" WIDTH="320" HEIGHT="36" WC="0.91" CONTENT="jordbruksfastig-"/>
						</TextLine>
						<TextLine ID="line_37" HPOS="119" VPOS="1792" WIDTH="1507" HEIGHT="41">
							<String ID="string_373" HPOS="119" VPOS="1796" WIDTH="113" HEIGHT="37" WC="0.88" CONTENT="heter,"/><SP WIDTH="41" VPOS="1796" HPOS="232"/>
							<String ID="string_374" HPOS="273" VPOS="1796" WIDTH="120" HEIGHT="32" WC="0.96" CONTENT="kunde"/><SP WIDTH="42" VPOS="1796" HPOS="393"/>
							<String ID="string_375" HPOS="435" VPOS="1796" WIDTH="57" HEIGHT="31" WC="0.96" CONTENT="det"/><SP WIDTH="40" VPOS="1796" HPOS="492"/>
							<String ID="string_376" HPOS="532" VPOS="1795" WIDTH="154" HEIGHT="36" WC="0.96" CONTENT="befaras,"/><SP WIDTH="42" VPOS="1795" HPOS="686"/>
							<String ID="string_377" HPOS="728" VPOS="1797" WIDTH="52" HEIGHT="29" WC="0.96" CONTENT="att"/><SP WIDTH="43" VPOS="1797" HPOS="780"/>
							<String ID="string_378" HPOS="823" VPOS="1804" WIDTH="126" HEIGHT="25" WC="0.96" CONTENT="genom"/><SP WIDTH="41" VPOS="1804" HPOS="949"/>
							<String ID="string_379" HPOS="990" VPOS="1795" WIDTH="40" HEIGHT="31" WC="0.96" CONTENT="de"/><SP WIDTH="23" VPOS="1795" HPOS="1030"/>
							<String ID="string_380" HPOS="1053" VPOS="1793" WIDTH="200" HEIGHT="36" WC="0.93" CONTENT="sjunkande"/><SP WIDTH="22" VPOS="1793" HPOS="1253"/>
							<String ID="string_381" HPOS="1275" VPOS="1792" WIDTH="351" HEIGHT="36" WC="0.91" CONTENT="fastighetsvärdena"/>
						</TextLine>
						<TextLine ID="line_38" HPOS="124" VPOS="1836" WIDTH="1501" HEIGHT="35">
							<String ID="string_382" HPOS="124" VPOS="1839" WIDTH="158" HEIGHT="32" WC="0.96" CONTENT="bankens"/><SP WIDTH="18" VPOS="1839" HPOS="282"/>
							<String ID="string_383" HPOS="300" VPOS="1839" WIDTH="193" HEIGHT="32" WC="0.96" CONTENT="utländska"/><SP WIDTH="19" VPOS="1839" HPOS="493"/>
							<String ID="string_384" HPOS="512" VPOS="1839" WIDTH="118" HEIGHT="31" WC="0.96" CONTENT="kredit"/><SP WIDTH="21" VPOS="1839" HPOS="630"/>
							<String ID="string_385" HPOS="651" VPOS="1839" WIDTH="113" HEIGHT="31" WC="0.96" CONTENT="skulle"/><SP WIDTH="17" VPOS="1839" HPOS="764"/>
							<String ID="string_386" HPOS="781" VPOS="1838" WIDTH="131" HEIGHT="32" WC="0.95" CONTENT="skadas"/><SP WIDTH="18" VPOS="1838" HPOS="912"/>
							<String ID="string_387" HPOS="930" VPOS="1840" WIDTH="91" HEIGHT="30" WC="0.95" CONTENT="samt"/><SP WIDTH="20" VPOS="1840" HPOS="1021"/>
							<String ID="string_388" HPOS="1041" VPOS="1837" WIDTH="146" HEIGHT="31" WC="0.96" CONTENT="därmed"/><SP WIDTH="18" VPOS="1837" HPOS="1187"/>
							<String ID="string_389" HPOS="1205" VPOS="1839" WIDTH="91" HEIGHT="28" WC="0.96" CONTENT="även"/><SP WIDTH="19" VPOS="1839" HPOS="1296"/>
							<String ID="string_390" HPOS="1315" VPOS="1836" WIDTH="112" HEIGHT="31" WC="0.96" CONTENT="rikets"/><SP WIDTH="19" VPOS="1836" HPOS="1427"/>
							<String ID="string_391" HPOS="1446" VPOS="1836" WIDTH="179" HEIGHT="30" WC="0.96" CONTENT="allmänna"/>
						</TextLine>
						<TextLine ID="line_39" HPOS="124" VPOS="1879" WIDTH="1502" HEIGHT="35">
							<String ID="string_392" HPOS="124" VPOS="1883" WIDTH="295" HEIGHT="31" WC="0.92" CONTENT="kreditanseende"/><SP WIDTH="20" VPOS="1883" HPOS="419"/>
							<String ID="string_393" HPOS="439" VPOS="1883" WIDTH="11" HEIGHT="30" WC="0.96" CONTENT="i"/><SP WIDTH="18" VPOS="1883" HPOS="450"/>
							<String ID="string_394" HPOS="468" VPOS="1882" WIDTH="174" HEIGHT="32" WC="0.63" CONTENT="utlandet."/><SP WIDTH="40" VPOS="1882" HPOS="642"/>
							<String ID="string_395" HPOS="682" VPOS="1881" WIDTH="75" HEIGHT="32" WC="0.95" CONTENT="Allt"/><SP WIDTH="19" VPOS="1881" HPOS="757"/>
							<String ID="string_396" HPOS="776" VPOS="1892" WIDTH="75" HEIGHT="20" WC="0.96" CONTENT="som"/><SP WIDTH="18" VPOS="1892" HPOS="851"/>
							<String ID="string_397" HPOS="869" VPOS="1881" WIDTH="65" HEIGHT="31" WC="0.92" CONTENT="allt"/><SP WIDTH="21" VPOS="1881" HPOS="934"/>
							<String ID="string_398" HPOS="955" VPOS="1881" WIDTH="170" HEIGHT="30" WC="0.90" CONTENT="innebure"/><SP WIDTH="21" VPOS="1881" HPOS="1125"/>
							<String ID="string_399" HPOS="1146" VPOS="1880" WIDTH="64" HEIGHT="30" WC="0.96" CONTENT="den"/><SP WIDTH="21" VPOS="1880" HPOS="1210"/>
							<String ID="string_400" HPOS="1231" VPOS="1879" WIDTH="205" HEIGHT="35" WC="0.96" CONTENT="föreslagna"/><SP WIDTH="19" VPOS="1879" HPOS="1436"/>
							<String ID="string_401" HPOS="1455" VPOS="1879" WIDTH="105" HEIGHT="35" WC="0.95" CONTENT="lagen"/><SP WIDTH="18" VPOS="1879" HPOS="1560"/>
							<String ID="string_402" HPOS="1578" VPOS="1879" WIDTH="48" HEIGHT="30" WC="0.96" CONTENT="ett"/>
						</TextLine>
						<TextLine ID="line_40" HPOS="127" VPOS="1921" WIDTH="1500" HEIGHT="40">
							<String ID="string_403" HPOS="127" VPOS="1927" WIDTH="56" HEIGHT="30" WC="0.96" CONTENT="för"/><SP WIDTH="18" VPOS="1927" HPOS="183"/>
							<String ID="string_404" HPOS="201" VPOS="1928" WIDTH="88" HEIGHT="30" WC="0.96" CONTENT="stort"/><SP WIDTH="21" VPOS="1928" HPOS="289"/>
							<String ID="string_405" HPOS="310" VPOS="1927" WIDTH="150" HEIGHT="34" WC="0.95" CONTENT="ingrepp"/><SP WIDTH="20" VPOS="1927" HPOS="460"/>
							<String ID="string_406" HPOS="480" VPOS="1926" WIDTH="11" HEIGHT="29" WC="0.95" CONTENT="i"/><SP WIDTH="16" VPOS="1926" HPOS="491"/>
							<String ID="string_407" HPOS="507" VPOS="1926" WIDTH="70" HEIGHT="30" WC="0.95" CONTENT="den"/><SP WIDTH="18" VPOS="1926" HPOS="577"/>
							<String ID="string_408" HPOS="595" VPOS="1925" WIDTH="228" HEIGHT="31" WC="0.96" CONTENT="ekonomiska"/><SP WIDTH="19" VPOS="1925" HPOS="823"/>
							<String ID="string_409" HPOS="842" VPOS="1924" WIDTH="252" HEIGHT="34" WC="0.96" CONTENT="rörelsefrihet,"/><SP WIDTH="19" VPOS="1924" HPOS="1094"/>
							<String ID="string_410" HPOS="1113" VPOS="1933" WIDTH="73" HEIGHT="21" WC="0.95" CONTENT="som"/><SP WIDTH="18" VPOS="1933" HPOS="1186"/>
							<String ID="string_411" HPOS="1204" VPOS="1933" WIDTH="85" HEIGHT="20" WC="0.95" CONTENT="vore"/><SP WIDTH="18" VPOS="1933" HPOS="1289"/>
							<String ID="string_412" HPOS="1307" VPOS="1924" WIDTH="50" HEIGHT="29" WC="0.93" CONTENT="ett"/><SP WIDTH="20" VPOS="1924" HPOS="1357"/>
							<String ID="string_413" HPOS="1377" VPOS="1921" WIDTH="250" HEIGHT="36" WC="0.90" CONTENT="grundvillkor"/>
						</TextLine>
						<TextLine ID="line_41" HPOS="127" VPOS="1967" WIDTH="839" HEIGHT="37">
							<String ID="string_414" HPOS="127" VPOS="1969" WIDTH="54" HEIGHT="30" WC="0.96" CONTENT="för"/><SP WIDTH="20" VPOS="1969" HPOS="181"/>
							<String ID="string_415" HPOS="201" VPOS="1969" WIDTH="229" HEIGHT="35" WC="0.95" CONTENT="jordbrukets"/><SP WIDTH="18" VPOS="1969" HPOS="430"/>
							<String ID="string_416" HPOS="448" VPOS="1968" WIDTH="210" HEIGHT="34" WC="0.96" CONTENT="utveckling"/><SP WIDTH="18" VPOS="1968" HPOS="658"/>
							<String ID="string_417" HPOS="676" VPOS="1968" WIDTH="63" HEIGHT="30" WC="0.96" CONTENT="och"/><SP WIDTH="22" VPOS="1968" HPOS="739"/>
							<String ID="string_418" HPOS="761" VPOS="1967" WIDTH="205" HEIGHT="30" WC="0.96" CONTENT="förkovran."/>
						</TextLine>
					</TextBlock>
				</ComposedBlock>
				<ComposedBlock ID="cblock_2" HPOS="124" VPOS="2033" WIDTH="1506" HEIGHT="454">
					<TextBlock ID="block_2" HPOS="124" VPOS="2033" WIDTH="1506" HEIGHT="454">
						<TextLine ID="line_42" HPOS="163" VPOS="2033" WIDTH="1464" HEIGHT="39">
							<String ID="string_419" HPOS="163" VPOS="2039" WIDTH="72" HEIGHT="31" WC="0.96" CONTENT="Vid"/><SP WIDTH="32" VPOS="2039" HPOS="235"/>
							<String ID="string_420" HPOS="267" VPOS="2038" WIDTH="77" HEIGHT="30" WC="0.96" CONTENT="1924"/><SP WIDTH="33" VPOS="2038" HPOS="344"/>
							<String ID="string_421" HPOS="377" VPOS="2039" WIDTH="59" HEIGHT="29" WC="0.96" CONTENT="års"/><SP WIDTH="31" VPOS="2039" HPOS="436"/>
							<String ID="string_422" HPOS="467" VPOS="2037" WIDTH="148" HEIGHT="35" WC="0.96" CONTENT="riksdag"/><SP WIDTH="33" VPOS="2037" HPOS="615"/>
							<String ID="string_423" HPOS="648" VPOS="2037" WIDTH="234" HEIGHT="35" WC="0.95" CONTENT="återupptogs"/><SP WIDTH="31" VPOS="2037" HPOS="882"/>
							<String ID="string_424" HPOS="913" VPOS="2037" WIDTH="130" HEIGHT="34" WC="0.96" CONTENT="frågan"/><SP WIDTH="33" VPOS="2037" HPOS="1043"/>
							<String ID="string_425" HPOS="1076" VPOS="2045" WIDTH="56" HEIGHT="20" WC="0.91" CONTENT="om"/><SP WIDTH="33" VPOS="2045" HPOS="1132"/>
							<String ID="string_426" HPOS="1165" VPOS="2033" WIDTH="462" HEIGHT="36" WC="0.89" CONTENT="koncessionslagstiftning"/>
						</TextLine>
						<TextLine ID="line_43" HPOS="124" VPOS="2084" WIDTH="1503" HEIGHT="40">
							<String ID="string_427" HPOS="124" VPOS="2090" WIDTH="229" HEIGHT="31" WC="0.96" CONTENT="beträffande"/><SP WIDTH="24" VPOS="2090" HPOS="353"/>
							<String ID="string_428" HPOS="377" VPOS="2089" WIDTH="162" HEIGHT="31" WC="0.96" CONTENT="enskilda"/><SP WIDTH="24" VPOS="2089" HPOS="539"/>
							<String ID="string_429" HPOS="563" VPOS="2098" WIDTH="185" HEIGHT="26" WC="0.93" CONTENT="personers"/><SP WIDTH="24" VPOS="2098" HPOS="748"/>
							<String ID="string_430" HPOS="772" VPOS="2088" WIDTH="231" HEIGHT="35" WC="0.90" CONTENT="jordförvärv"/><SP WIDTH="27" VPOS="2088" HPOS="1003"/>
							<String ID="string_431" HPOS="1030" VPOS="2095" WIDTH="125" HEIGHT="27" WC="0.95" CONTENT="genom"/><SP WIDTH="23" VPOS="2095" HPOS="1155"/>
							<String ID="string_432" HPOS="1178" VPOS="2086" WIDTH="174" HEIGHT="30" WC="0.96" CONTENT="motioner"/><SP WIDTH="27" VPOS="2086" HPOS="1352"/>
							<String ID="string_433" HPOS="1379" VPOS="2086" WIDTH="11" HEIGHT="29" WC="0.96" CONTENT="i"/><SP WIDTH="25" VPOS="2086" HPOS="1390"/>
							<String ID="string_434" HPOS="1415" VPOS="2085" WIDTH="92" HEIGHT="31" WC="0.93" CONTENT="båda"/><SP WIDTH="24" VPOS="2085" HPOS="1507"/>
							<String ID="string_435" HPOS="1531" VPOS="2084" WIDTH="96" HEIGHT="31" WC="0.92" CONTENT="kam-"/>
						</TextLine>
						<TextLine ID="line_44" HPOS="126" VPOS="2137" WIDTH="1502" HEIGHT="38">
							<String ID="string_436" HPOS="126" VPOS="2152" WIDTH="117" HEIGHT="21" WC="0.90" CONTENT="rarna."/><SP WIDTH="43" VPOS="2152" HPOS="243"/>
							<String ID="string_437" HPOS="286" VPOS="2142" WIDTH="18" HEIGHT="30" WC="0.95" CONTENT="I"/><SP WIDTH="23" VPOS="2142" HPOS="304"/>
							<String ID="string_438" HPOS="327" VPOS="2141" WIDTH="156" HEIGHT="31" WC="0.72" CONTENT="nämnda"/><SP WIDTH="22" VPOS="2141" HPOS="483"/>
							<String ID="string_439" HPOS="505" VPOS="2140" WIDTH="185" HEIGHT="35" WC="0.96" CONTENT="motioner,"/><SP WIDTH="23" VPOS="2140" HPOS="690"/>
							<String ID="string_440" HPOS="713" VPOS="2150" WIDTH="42" HEIGHT="20" WC="0.96" CONTENT="nr"/><SP WIDTH="23" VPOS="2150" HPOS="755"/>
							<String ID="string_441" HPOS="778" VPOS="2140" WIDTH="38" HEIGHT="30" WC="0.96" CONTENT="88"/><SP WIDTH="24" VPOS="2140" HPOS="816"/>
							<String ID="string_442" HPOS="840" VPOS="2140" WIDTH="11" HEIGHT="29" WC="0.96" CONTENT="i"/><SP WIDTH="25" VPOS="2140" HPOS="851"/>
							<String ID="string_443" HPOS="876" VPOS="2140" WIDTH="114" HEIGHT="30" WC="0.96" CONTENT="första"/><SP WIDTH="22" VPOS="2140" HPOS="990"/>
							<String ID="string_444" HPOS="1012" VPOS="2139" WIDTH="208" HEIGHT="30" WC="0.96" CONTENT="kammaren"/><SP WIDTH="23" VPOS="2139" HPOS="1220"/>
							<String ID="string_445" HPOS="1243" VPOS="2138" WIDTH="64" HEIGHT="30" WC="0.96" CONTENT="och"/><SP WIDTH="25" VPOS="2138" HPOS="1307"/>
							<String ID="string_446" HPOS="1332" VPOS="2147" WIDTH="42" HEIGHT="20" WC="0.96" CONTENT="nr"/><SP WIDTH="25" VPOS="2147" HPOS="1374"/>
							<String ID="string_447" HPOS="1399" VPOS="2137" WIDTH="56" HEIGHT="30" WC="0.96" CONTENT="169"/><SP WIDTH="23" VPOS="2137" HPOS="1455"/>
							<String ID="string_448" HPOS="1478" VPOS="2137" WIDTH="11" HEIGHT="30" WC="0.95" CONTENT="i"/><SP WIDTH="24" VPOS="2137" HPOS="1489"/>
							<String ID="string_449" HPOS="1513" VPOS="2137" WIDTH="115" HEIGHT="31" WC="0.96" CONTENT="andra"/>
						</TextLine>
						<TextLine ID="line_45" HPOS="124" VPOS="2189" WIDTH="1504" HEIGHT="40">
							<String ID="string_450" HPOS="124" VPOS="2195" WIDTH="218" HEIGHT="34" WC="0.92" CONTENT="kammaren,"/><SP WIDTH="24" VPOS="2195" HPOS="342"/>
							<String ID="string_451" HPOS="366" VPOS="2192" WIDTH="239" HEIGHT="35" WC="0.71" CONTENT="hemstiälldes,"/><SP WIDTH="26" VPOS="2192" HPOS="605"/>
							<String ID="string_452" HPOS="631" VPOS="2193" WIDTH="53" HEIGHT="30" WC="0.95" CONTENT="att"/><SP WIDTH="26" VPOS="2193" HPOS="684"/>
							<String ID="string_453" HPOS="710" VPOS="2192" WIDTH="134" HEIGHT="35" WC="0.95" CONTENT="Kungl."/><SP WIDTH="26" VPOS="2192" HPOS="844"/>
							<String ID="string_454" HPOS="870" VPOS="2191" WIDTH="110" HEIGHT="35" WC="0.96" CONTENT="Maj:t"/><SP WIDTH="25" VPOS="2191" HPOS="980"/>
							<String ID="string_455" HPOS="1005" VPOS="2191" WIDTH="85" HEIGHT="30" WC="0.96" CONTENT="ville"/><SP WIDTH="27" VPOS="2191" HPOS="1090"/>
							<String ID="string_456" HPOS="1117" VPOS="2190" WIDTH="55" HEIGHT="30" WC="0.96" CONTENT="för"/><SP WIDTH="26" VPOS="2190" HPOS="1172"/>
							<String ID="string_457" HPOS="1198" VPOS="2190" WIDTH="194" HEIGHT="34" WC="0.95" CONTENT="riksdagen"/><SP WIDTH="26" VPOS="2190" HPOS="1392"/>
							<String ID="string_458" HPOS="1418" VPOS="2189" WIDTH="210" HEIGHT="36" WC="0.95" CONTENT="skyndsamt"/>
						</TextLine>
						<TextLine ID="line_46" HPOS="126" VPOS="2240" WIDTH="1502" HEIGHT="40">
							<String ID="string_459" HPOS="126" VPOS="2246" WIDTH="204" HEIGHT="34" WC="0.96" CONTENT="framlägga"/><SP WIDTH="32" VPOS="2246" HPOS="330"/>
							<String ID="string_460" HPOS="362" VPOS="2245" WIDTH="136" HEIGHT="35" WC="0.96" CONTENT="förslag"/><SP WIDTH="32" VPOS="2245" HPOS="498"/>
							<String ID="string_461" HPOS="530" VPOS="2244" WIDTH="54" HEIGHT="31" WC="0.96" CONTENT="till"/><SP WIDTH="34" VPOS="2244" HPOS="584"/>
							<String ID="string_462" HPOS="618" VPOS="2244" WIDTH="69" HEIGHT="34" WC="0.96" CONTENT="lag,"/><SP WIDTH="33" VPOS="2244" HPOS="687"/>
							<String ID="string_463" HPOS="720" VPOS="2243" WIDTH="208" HEIGHT="35" WC="0.96" CONTENT="varigenom"/><SP WIDTH="30" VPOS="2243" HPOS="928"/>
							<String ID="string_464" HPOS="958" VPOS="2244" WIDTH="113" HEIGHT="28" WC="0.96" CONTENT="större"/><SP WIDTH="31" VPOS="2244" HPOS="1071"/>
							<String ID="string_465" HPOS="1102" VPOS="2241" WIDTH="170" HEIGHT="36" WC="0.93" CONTENT="trygghet"/><SP WIDTH="32" VPOS="2241" HPOS="1272"/>
							<String ID="string_466" HPOS="1304" VPOS="2250" WIDTH="146" HEIGHT="25" WC="0.92" CONTENT="vunnes,"/><SP WIDTH="31" VPOS="2250" HPOS="1450"/>
							<String ID="string_467" HPOS="1481" VPOS="2242" WIDTH="54" HEIGHT="29" WC="0.96" CONTENT="att"/><SP WIDTH="31" VPOS="2242" HPOS="1535"/>
							<String ID="string_468" HPOS="1566" VPOS="2240" WIDTH="62" HEIGHT="31" WC="0.96" CONTENT="vid"/>
						</TextLine>
						<TextLine ID="line_47" HPOS="124" VPOS="2292" WIDTH="1504" HEIGHT="40">
							<String ID="string_469" HPOS="124" VPOS="2297" WIDTH="181" HEIGHT="35" WC="0.96" CONTENT="övergång"/><SP WIDTH="30" VPOS="2297" HPOS="305"/>
							<String ID="string_470" HPOS="335" VPOS="2307" WIDTH="45" HEIGHT="19" WC="0.96" CONTENT="av"/><SP WIDTH="30" VPOS="2307" HPOS="380"/>
							<String ID="string_471" HPOS="410" VPOS="2296" WIDTH="214" HEIGHT="34" WC="0.95" CONTENT="äganderätt"/><SP WIDTH="28" VPOS="2296" HPOS="624"/>
							<String ID="string_472" HPOS="652" VPOS="2295" WIDTH="57" HEIGHT="30" WC="0.92" CONTENT="till"/><SP WIDTH="28" VPOS="2295" HPOS="709"/>
							<String ID="string_473" HPOS="737" VPOS="2293" WIDTH="370" HEIGHT="37" WC="0.90" CONTENT="jordbruksfastighet"/><SP WIDTH="30" VPOS="2293" HPOS="1107"/>
							<String ID="string_474" HPOS="1137" VPOS="2293" WIDTH="254" HEIGHT="35" WC="0.88" CONTENT="tillgodosåges"/><SP WIDTH="30" VPOS="2293" HPOS="1391"/>
							<String ID="string_475" HPOS="1421" VPOS="2292" WIDTH="207" HEIGHT="30" WC="0.96" CONTENT="samhällets"/>
						</TextLine>
						<TextLine ID="line_48" HPOS="125" VPOS="2343" WIDTH="1503" HEIGHT="39">
							<String ID="string_476" HPOS="125" VPOS="2349" WIDTH="102" HEIGHT="30" WC="0.96" CONTENT="bästa"/><SP WIDTH="54" VPOS="2349" HPOS="227"/>
							<String ID="string_477" HPOS="281" VPOS="2348" WIDTH="64" HEIGHT="30" WC="0.96" CONTENT="och"/><SP WIDTH="57" VPOS="2348" HPOS="345"/>
							<String ID="string_478" HPOS="402" VPOS="2348" WIDTH="66" HEIGHT="30" WC="0.95" CONTENT="den"/><SP WIDTH="44" VPOS="2348" HPOS="468"/>
							<String ID="string_479" HPOS="512" VPOS="2346" WIDTH="267" HEIGHT="36" WC="0.93" CONTENT="jordbrukande"/><SP WIDTH="35" VPOS="2346" HPOS="779"/>
							<String ID="string_480" HPOS="814" VPOS="2345" WIDTH="273" HEIGHT="35" WC="0.95" CONTENT="befolkningens"/><SP WIDTH="35" VPOS="2345" HPOS="1087"/>
							<String ID="string_481" HPOS="1122" VPOS="2344" WIDTH="185" HEIGHT="30" WC="0.95" CONTENT="intressen."/><SP WIDTH="56" VPOS="2344" HPOS="1307"/>
							<String ID="string_482" HPOS="1363" VPOS="2343" WIDTH="265" HEIGHT="35" WC="0.95" CONTENT="Motiveringen"/>
						</TextLine>
						<TextLine ID="line_49" HPOS="125" VPOS="2394" WIDTH="1501" HEIGHT="38">
							<String ID="string_483" HPOS="125" VPOS="2400" WIDTH="55" HEIGHT="30" WC="0.96" CONTENT="till"/><SP WIDTH="29" VPOS="2400" HPOS="180"/>
							<String ID="string_484" HPOS="209" VPOS="2399" WIDTH="151" HEIGHT="31" WC="0.96" CONTENT="berörda"/><SP WIDTH="27" VPOS="2399" HPOS="360"/>
							<String ID="string_485" HPOS="387" VPOS="2398" WIDTH="214" HEIGHT="30" WC="0.96" CONTENT="hemställan"/><SP WIDTH="27" VPOS="2398" HPOS="601"/>
							<String ID="string_486" HPOS="628" VPOS="2406" WIDTH="69" HEIGHT="26" WC="0.96" CONTENT="gav"/><SP WIDTH="28" VPOS="2406" HPOS="697"/>
							<String ID="string_487" HPOS="725" VPOS="2396" WIDTH="59" HEIGHT="31" WC="0.96" CONTENT="vid"/><SP WIDTH="29" VPOS="2396" HPOS="784"/>
							<String ID="string_488" HPOS="813" VPOS="2396" WIDTH="152" HEIGHT="35" WC="0.96" CONTENT="handen,"/><SP WIDTH="25" VPOS="2396" HPOS="965"/>
							<String ID="string_489" HPOS="990" VPOS="2397" WIDTH="53" HEIGHT="29" WC="0.96" CONTENT="att"/><SP WIDTH="27" VPOS="2397" HPOS="1043"/>
							<String ID="string_490" HPOS="1070" VPOS="2395" WIDTH="116" HEIGHT="31" WC="0.96" CONTENT="denna"/><SP WIDTH="27" VPOS="2395" HPOS="1186"/>
							<String ID="string_491" HPOS="1213" VPOS="2396" WIDTH="161" HEIGHT="29" WC="0.95" CONTENT="närmast"/><SP WIDTH="28" VPOS="2396" HPOS="1374"/>
							<String ID="string_492" HPOS="1402" VPOS="2394" WIDTH="143" HEIGHT="36" WC="0.95" CONTENT="syftade"/><SP WIDTH="27" VPOS="2394" HPOS="1545"/>
							<String ID="string_493" HPOS="1572" VPOS="2394" WIDTH="54" HEIGHT="31" WC="0.95" CONTENT="till"/>
						</TextLine>
						<TextLine ID="line_50" HPOS="126" VPOS="2445" WIDTH="1504" HEIGHT="42">
							<String ID="string_494" HPOS="126" VPOS="2450" WIDTH="327" HEIGHT="37" WC="0.91" CONTENT="lagbestämmelser"/><SP WIDTH="26" VPOS="2450" HPOS="453"/>
							<String ID="string_495" HPOS="479" VPOS="2450" WIDTH="10" HEIGHT="29" WC="0.96" CONTENT="i"/><SP WIDTH="29" VPOS="2450" HPOS="489"/>
							<String ID="string_496" HPOS="518" VPOS="2449" WIDTH="41" HEIGHT="31" WC="0.96" CONTENT="de"/><SP WIDTH="27" VPOS="2449" HPOS="559"/>
							<String ID="string_497" HPOS="586" VPOS="2448" WIDTH="235" HEIGHT="35" WC="0.94" CONTENT="hänseenden,"/><SP WIDTH="28" VPOS="2448" HPOS="821"/>
							<String ID="string_498" HPOS="849" VPOS="2458" WIDTH="73" HEIGHT="20" WC="0.96" CONTENT="som"/><SP WIDTH="28" VPOS="2458" HPOS="922"/>
							<String ID="string_499" HPOS="950" VPOS="2447" WIDTH="241" HEIGHT="31" WC="0.96" CONTENT="innefattades"/><SP WIDTH="28" VPOS="2447" HPOS="1191"/>
							<String ID="string_500" HPOS="1219" VPOS="2447" WIDTH="11" HEIGHT="29" WC="0.96" CONTENT="i"/><SP WIDTH="28" VPOS="2447" HPOS="1230"/>
							<String ID="string_501" HPOS="1258" VPOS="2446" WIDTH="285" HEIGHT="35" WC="0.92" CONTENT="avdelningarna"/><SP WIDTH="28" VPOS="2446" HPOS="1543"/>
							<String ID="string_502" HPOS="1571" VPOS="2445" WIDTH="59" HEIGHT="30" WC="0.36" CONTENT="I1—"/>
						</TextLine>
					</TextBlock>
				</ComposedBlock>
				<ComposedBlock ID="cblock_3" HPOS="1677" VPOS="2040" WIDTH="148" HEIGHT="59">
					<TextBlock ID="block_3" HPOS="1677" VPOS="2040" WIDTH="148" HEIGHT="59">
						<TextLine ID="line_51" HPOS="1677" VPOS="2040" WIDTH="148" HEIGHT="31">
							<String ID="string_503" HPOS="1677" VPOS="2040" WIDTH="148" HEIGHT="31" WC="0.93" CONTENT="Riksdagen"/>
						</TextLine>
						<TextLine ID="line_52" HPOS="1715" VPOS="2075" WIDTH="76" HEIGHT="24">
							<String ID="string_504" HPOS="1715" VPOS="2075" WIDTH="76" HEIGHT="24" WC="0.78" CONTENT="1924,"/>
						</TextLine>
					</TextBlock>
				</ComposedBlock>
			</PrintSpace>
		</Page>
	</Layout>
</alto>
