1908 2852
126 168 244 33 Sammansatt
390 165 115 32 andra
525 165 74 36 lag-
619 163 65 32 och
705 160 352 39 jordbruksutskotts
1077 157 187 33 utlåtande
1286 157 52 32 Nr
1358 157 27 31 1.
1407 154 100 37 (Bil)
1569 152 62 32 183

129 243 170 38 ungdjur,
323 242 167 32 fiskerätt
513 242 14 31 i
549 239 75 33 viss
646 238 263 37 utsträckning,
934 237 73 32 fria
1029 236 138 32 skatter
1188 245 45 21 m.
1254 244 46 21 m.
1342 233 112 32 Dessa
1474 232 156 31 brukare

130 286 95 33 hava
248 287 78 31 icke
347 285 111 32 heller
479 285 121 34 någon
621 280 302 38 underhållsplikt
946 278 230 34 beträffande
1195 278 187 31 allmänna
1403 278 125 34 vägar.

171 330 65 32 Att
263 329 241 35 markägaren
529 328 111 35 ägnat
665 326 152 31 intresse
841 325 39 31 åt
906 323 274 36 lägenheternas
1205 318 334 35 vidmakthållande
1567 317 63 32 och

132 373 195 31 förkovran
351 371 163 35 framgår
534 369 124 36 därav,
681 370 56 30 att
759 366 299 32 omkostnaderna
1081 365 57 31 för
1159 363 246 38 reparationer
1427 363 22 30 å
1471 361 160 36 bolagets

130 415 280 33 utarrenderade
428 410 343 35 arbetareboställen
792 412 21 30 å
831 408 268 38 skogsområdet
1118 408 115 31 under
1251 406 248 33 sistförflutna
1519 405 52 31 tio
1589 406 42 30 år

131 457 117 38 belöpt
266 458 57 36 sig
342 458 57 31 till
416 459 41 31 så
475 459 92 29 nära
585 457 54 30 tre
659 456 136 35 gånger
813 454 43 31 de
874 452 192 37 uppburna
1085 449 377 37 arrendeavgifternas
1482 456 148 23 summa.

131 500 122 34 Under
272 501 189 36 krigsåren
480 500 163 31 närmast
660 496 253 33 dessförinnan
933 505 87 22 voro
1038 492 395 39 reparationsarbetena
1451 491 104 33 såväl
1574 489 58 33 till

131 544 192 33 kostnader
345 554 76 22 som
444 542 221 36 omfattning
688 543 99 29 ännu
809 540 142 36 mycket
975 540 126 30 större.

173 588 58 33 Av
249 589 60 31 det
329 587 155 32 anförda
504 585 101 32 torde
626 584 153 37 framgå,
799 585 56 30 att
873 583 39 31 vi
934 582 78 32 icke
1033 582 126 35 begärt
1180 579 163 37 oskäliga
1362 577 270 37 arrendeavgif-

133 633 54 31 ter
206 632 66 32 och
291 633 54 30 att
365 629 243 36 anledningen
628 626 66 39 till,
715 630 55 29 att
790 627 69 31 den
879 636 49 21 nu
949 625 161 32 träffade
1130 623 197 32 kollektiva
1346 621 286 36 arrendeuppgö-

132 674 116 32 relsen
270 674 157 37 grundat
450 673 56 35 sig
527 673 47 36 på
597 671 156 35 ettåriga
775 670 13 31 i
809 669 120 33 stället
952 669 58 31 för
1029 669 70 31 den
1120 667 157 36 15-åriga
1297 665 186 36 arrenden,
1506 666 50 34 är,
1577 664 55 31 att

132 717 216 37 långvariga
367 716 177 31 arrenden
564 715 77 31 icke
661 714 122 36 lämpa
802 713 57 35 sig
878 713 57 31 för
955 710 214 38 utpräglade
1188 707 351 37 arbetareboställen,
1558 717 75 22 som

135 760 131 37 frågan
286 761 67 31 här
375 759 124 36 gäller,
519 760 94 30 samt
634 759 55 30 att
709 756 257 35 markägarens
987 754 66 32 och
1074 754 203 31 brukarnas
1297 752 176 31 intressen
1494 747 139 44 kunnat

133 813 86 24 enas
241 804 57 32 uti
321 813 46 22 en
390 799 374 38 arrendeuppgörelse,
786 799 114 32 sådan
922 808 77 22 som
1021 798 71 32 den
1114 807 50 21 nu
1187 795 171 33 träffade.
1403 794 18 31 I
1448 794 57 32 det
1528 794 106 31 efter-

136 847 160 37 följande
317 845 154 37 påvisas,
492 846 56 31 att
570 843 308 35 förfaringssättet
899 841 79 32 icke
998 843 42 29 är
1060 839 218 37 lagstridigt.

133 929 3 4 "
175 924 188 37 Frågorna
378 932 45 22 nr
439 924 20 30 3
475 922 66 32 och
557 922 28 31 4.

175 975 67 33 Det
268 972 378 36 kontraktsformulär,
672 980 76 24 som
775 970 94 33 skall
896 969 185 36 tillämpas
1108 968 63 32 vid
1198 968 90 31 våra
1314 965 321 36 utarrenderingar

133 1028 48 23 av
204 1019 43 33 de
271 1016 283 38 ifrågavarande
579 1015 264 36 lägenheterna,
867 1012 203 32 närslutes".

176 1096 186 38 Frågorna
385 1104 45 23 nr
451 1096 18 30 5
491 1093 67 32 och
580 1095 28 30 6.

174 1146 79 33 Den
273 1145 215 32 omnämnda
510 1143 197 32 kollektiva
729 1140 390 38 arrendeuppgörelsen
1144 1141 221 34 förutsätter,
1388 1140 56 30 att
1467 1138 170 36 samtliga

136 1189 281 38 ifrågavarande
437 1189 157 31 brukare
613 1186 193 32 medverka
828 1185 57 32 till
906 1185 162 32 ansökan
1088 1194 58 22 om
1166 1183 145 37 dispens
1332 1181 229 33 beträffande
1581 1191 55 22 ar-

136 1233 216 37 rendetiden,
374 1234 46 35 på
442 1233 72 31 sätt
536 1229 404 33 kontraktsformuläret
960 1227 159 33 anvisar.

175 1276 68 33 Det
268 1285 106 28 synes
395 1285 58 23 oss
475 1273 145 38 tydligt,
642 1275 56 30 att
721 1272 224 32 motionären
969 1271 75 32 helt
1067 1270 236 32 missförstått
1327 1269 125 35 lagens
1475 1267 161 32 andeme-

135 1319 90 37 ning
246 1320 66 31 och
334 1318 161 36 bokstav,
516 1318 48 31 då
586 1317 73 31 han
682 1315 228 33 beträffande
931 1314 104 32 dessa
1055 1313 226 36 mångtaliga
1301 1312 185 36 dispenser
1509 1312 129 36 yttrar,

136 1365 56 31 att
211 1372 86 23 man
313 1363 78 31 står
414 1361 116 31 »inför
548 1360 69 31 den
636 1360 169 35 utsikten,
824 1360 54 30 att
899 1369 42 21 en
961 1368 47 21 av
1026 1357 43 32 de
1086 1357 153 31 svenska
1257 1355 283 33 statsmakterna
1561 1354 77 32 stif-

137 1408 63 31 tad
224 1404 307 38 lagbestämmelse
554 1404 159 31 kommer
736 1405 55 29 att
816 1401 196 32 behandlas
1034 1402 118 31 såsom
1175 1399 220 36 obefintlig».
1441 1398 19 31 I
1486 1397 18 36 $
1529 1398 39 31 31
1591 1407 47 21 av

137 1449 107 37 lagen
259 1459 49 21 av
326 1449 67 31 den
410 1448 39 30 27
466 1447 82 37 juni
566 1446 78 31 1927
660 1456 59 22 om
738 1445 154 36 ändring
909 1445 15 30 i
942 1444 99 31 vissa
1056 1443 101 32 delar
1175 1452 48 22 av
1240 1442 70 31 den
1326 1441 240 32 norrländska
1583 1450 55 22 ar-

137 1492 215 35 rendelagen
370 1492 77 31 står
465 1490 147 35 skrivet,
630 1491 55 29 att
702 1488 146 37 dispens
865 1487 230 32 beträffande
1113 1486 108 31 bland
1238 1486 114 30 annat
1370 1484 269 31 arrendetidens

137 1534 111 37 längd
272 1535 73 31 kan
370 1533 168 37 erhållas,
564 1534 68 29 när
661 1532 76 32 »det
764 1529 238 33 arrenderade
1028 1529 161 31 området
1216 1528 58 32 till
1299 1527 250 32 beskaffenhet
1574 1526 66 32 och

137 1577 223 36 omfattning
375 1576 78 32 icke
469 1579 42 29 är
525 1575 139 36 sådant,
681 1576 54 31 att
751 1572 260 38 självständigt
1028 1572 174 37 jordbruk
1217 1572 74 30 kan
1306 1571 104 31 idkas
1428 1571 108 31 därå»
1555 1569 84 33 eller

138 1624 68 29 när
234 1621 76 32 »det
339 1621 56 30 för
420 1619 218 37 jordägaren
664 1620 41 29 är
729 1627 49 21 av
803 1616 188 37 synnerlig
1016 1615 80 32 vikt
1122 1616 54 31 att
1204 1616 85 30 över
1314 1613 162 32 området
1503 1615 69 34 äga
1595 1622 44 22 en

140 1663 112 33 friare
278 1661 361 33 bestämmanderätt»
664 1660 81 32 med
769 1660 142 36 hänsyn
936 1658 58 32 till
1016 1658 112 31 bland
1152 1659 111 30 annat
1291 1659 95 34 »eget
1411 1656 229 36 skogsbruk».

139 1705 115 38 Ingen
275 1707 102 31 torde
399 1706 80 31 med
501 1706 110 35 något
635 1714 76 22 som
735 1703 91 32 helst
850 1703 62 35 fog
934 1703 125 30 kunna
1082 1701 168 36 bestrida,
1273 1702 55 31 att
1351 1700 93 32 båda
1467 1700 103 31 dessa
1593 1709 48 21 av

139 1749 236 37 lagstiftarna
400 1748 170 36 angivna,
594 1757 67 21 var
687 1747 56 31 för
766 1746 59 36 sig
850 1745 130 36 giltiga
1008 1744 305 35 förutsättningar
1340 1743 56 31 för
1420 1742 219 38 dispensrätt

139 1793 68 32 här
229 1791 177 38 föreligga
429 1792 56 31 för
506 1790 256 36 lägenheterna
783 1790 13 30 i
816 1788 206 33 allmänhet.

180 1836 19 32 I
217 1836 98 36 syfte
334 1838 54 29 att
410 1833 152 37 försälja
582 1834 59 31 156
661 1835 41 30 st.
723 1842 48 22 av
789 1832 43 32 de
852 1830 283 37 ifrågavarande
1156 1831 57 30 411
1233 1830 257 36 lägenheterna
1509 1830 133 35 ingåvo

140 1880 38 31 vi
208 1880 57 31 för
292 1879 110 36 något
430 1887 75 22 mer
533 1879 49 29 än
611 1878 49 30 ett
688 1877 43 31 år
757 1876 110 31 sedan
893 1884 45 22 en
966 1874 162 31 ansökan
1155 1883 58 22 om
1238 1873 146 36 dispens
1411 1872 230 32 beträffande

141 1921 250 32 arrendetiden
416 1921 57 31 för
496 1920 103 31 dessa
622 1919 58 31 156
704 1918 139 31 ställen.
887 1917 120 31 Sedan
1030 1917 39 30 vi
1096 1917 70 31 fått
1189 1916 202 31 kännedom
1413 1925 68 26 om,
1508 1917 53 30 att
1584 1925 57 21 ve-

139 1964 221 32 derbörande
380 1963 174 32 brukares
575 1960 259 38 godkännande
852 1970 47 21 av
917 1959 306 36 dispensansökan
1243 1961 91 29 även
1355 1959 56 31 för
1432 1957 124 38 dylika
1577 1958 65 32 fall

140 2017 86 23 vore
246 2005 226 37 erforderlig,
495 2003 221 34 återkallade
738 2005 39 31 vi
801 2003 115 31 denna
940 2001 280 36 framställning.

181 2076 184 32 Hällefors
384 2074 70 33 den
473 2075 19 31 8
512 2083 98 24 mars
632 2073 87 32 1930.

508 2167 271 33 HELLEFORS
802 2166 157 32 BRUKS
983 2164 300 33 AKTIEBOLAG

764 2226 117 33 Arvid
908 2226 154 33 Nilsson.

184 2316 9 15 !
214 2319 58 24 Här
290 2318 23 30 ej
333 2317 147 30 medtaget.
