1912 2846
298 169 62 30 192
421 170 241 32 Sammansatt
683 172 112 30 andra
817 172 73 37 lag-
912 173 63 31 och
997 174 350 36 jordbruksutskotts
1368 176 188 32 utlåtande
1576 178 53 31 Nr
1648 180 27 29 1.
1698 178 100 36 (Bil.

301 247 131 36 lyckad
455 247 63 31 och
542 248 109 31 önska
674 258 43 21 en
740 250 176 36 återgång
938 250 56 31 till
1017 251 43 31 de
1083 252 119 35 gamla
1225 252 274 32 förhållandena
1522 255 113 31 måste
1656 255 61 31 väl
1740 266 59 20 an-

301 300 55 21 ses
403 300 73 21 som
512 292 49 29 ett
588 291 341 37 tillfyllestgörande
956 294 97 31 bevis
1081 295 56 30 för
1163 297 54 29 att
1243 296 67 30 den
1336 307 46 20 av
1409 296 235 37 lagstiftarna
1670 299 130 31 drivna

300 333 257 36 Jordpolitiken
579 336 45 34 på
650 335 96 31 detta
770 337 145 30 område
938 337 96 31 varit
1058 338 448 36 verklighetsfrämmande
1530 341 64 30 och
1619 341 180 37 olämplig.

341 377 163 31 Givetvis
523 378 157 30 kommer
701 379 149 30 skulden
872 380 56 30 för
950 380 97 32 detta
1066 381 264 36 misslyckande
1351 384 55 30 att
1426 383 126 36 läggas
1572 385 46 35 på
1639 384 160 37 bolagen.

300 420 112 30 Dessa
435 420 93 31 hava
550 421 198 32 emellertid
769 422 78 31 icke
870 423 149 31 handlat
1042 424 12 29 i
1077 425 119 35 någon
1218 435 74 21 som
1313 426 92 31 helst
1429 427 135 30 önskan
1587 430 54 29 att
1663 429 136 30 obstru-

299 473 62 20 era
384 463 85 31 eller
492 463 106 37 lägga
622 467 119 28 stenar
764 465 12 30 i
800 468 118 33 vägen
941 467 55 30 för
1019 467 58 31 det
1101 467 132 32 sociala
1256 468 340 37 jordprogrammets
1621 472 178 35 genomfö-

299 507 122 30 rande.
462 507 82 30 Men
563 509 46 34 på
631 508 42 30 de
692 508 164 37 punkter,
878 510 65 30 där
964 510 97 31 detta
1081 519 169 27 program
1270 514 40 28 är
1332 512 118 32 direkt
1472 513 157 37 skadligt
1651 514 56 31 för
1726 515 73 31 alla

299 551 133 34 parter,
454 551 111 30 måste
588 550 149 37 bolagen
760 552 81 31 med
863 552 57 31 sin
942 553 204 32 erfarenhet
1170 564 55 21 om
1249 555 42 31 de
1314 555 188 36 praktiska
1525 557 274 32 förhållandena

299 593 128 35 påvisa
446 594 106 30 detta.
591 594 157 36 Bolagen
767 598 62 28 äro
849 596 224 36 oavvisligen
1091 597 162 36 nödgade
1272 600 54 29 att
1344 608 36 21 se
1400 599 66 36 till,
1484 601 54 29 att
1558 600 102 31 deras
1679 601 118 36 skogs-

299 636 93 31 bruk
418 636 65 31 och
510 637 102 31 deras
639 638 195 31 industrier
861 640 275 35 upprätthållas.
1185 641 65 31 Att
1276 641 110 32 binda
1413 642 55 36 sig
1497 643 55 30 för
1578 644 220 31 arbetsavtal

298 679 13 30 1
342 680 158 35 15-åriga
530 680 169 32 kontrakt
730 682 79 30 med
841 682 311 33 skadeståndsrätt
1185 684 54 31 för
1270 685 194 31 arbetarna
1495 686 121 31 kunna
1648 687 150 36 bolagen

299 723 125 30 därför
450 723 33 35 ej
510 724 63 30 och
599 724 140 31 komma
764 724 112 32 heller
903 725 116 37 aldrig
1046 728 54 30 att
1126 728 39 30 så
1192 730 94 33 göra.
1334 728 108 31 Detta
1468 729 102 31 sades
1595 732 91 28 även
1712 731 86 36 högt

297 766 65 30 och
385 766 134 36 tydligt
540 767 99 31 ifrån
662 768 75 31 före
759 768 78 31 1927
860 770 61 30 års
941 769 227 37 lagändring,
1192 771 72 31 fast
1285 771 236 36 lagstiftarna
1543 773 44 30 då
1610 773 33 36 ej
1668 773 130 32 aktade

299 809 123 36 därpå.
463 810 17 30 I
500 810 57 31 det
578 812 220 35 tvångsläge,
819 821 75 21 som
914 822 49 21 nu
982 815 40 28 är
1043 813 56 30 för
1119 813 151 36 handen,
1290 814 95 31 hava
1406 815 149 36 bolagen
1576 813 90 34 intet
1685 819 112 29 annat

297 854 54 29 att
376 854 87 34 göra
487 855 45 28 än
555 854 53 30 att
632 854 75 30 dels
730 855 236 31 koncentrera
989 856 243 36 skogsarbetet
1257 857 56 31 till
1338 858 41 31 de
1404 859 295 37 arrendegårdar,
1723 870 74 21 som

298 895 90 31 falla
413 896 112 31 under
550 896 253 36 arealgränsen
831 898 56 30 för
912 899 267 36 arrendelagen,
1205 903 91 28 samt
1321 902 54 30 att
1401 901 74 31 dels
1501 902 228 32 beträffande
1755 904 42 31 de

296 940 116 30 större
437 939 179 36 gårdarna
640 940 84 31 söka
748 949 126 27 genom
899 941 141 36 dispens
1064 942 35 30 få
1126 944 56 29 stå
1206 943 89 31 kvar
1319 945 46 34 på
1390 945 66 30 den
1482 945 118 35 gamla
1625 946 171 35 grunden.

296 982 77 30 Den
401 982 178 31 kvantitet
606 983 236 36 skogsarbete,
871 994 74 21 som
972 985 157 31 därefter
1158 987 163 35 återstår,
1350 987 57 30 får
1434 987 180 33 utlämnas
1640 989 13 30 i
1680 991 117 34 öppna

296 1025 231 31 marknaden.
574 1026 47 31 Vi
649 1036 168 26 upprepa,
844 1029 55 29 att
927 1028 96 31 detta
1050 1028 268 37 handlingssätt
1345 1030 33 36 ej
1409 1031 173 32 dikterats
1609 1043 46 20 av
1682 1034 114 35 några

297 1079 74 20 som
400 1069 91 31 helst
520 1069 180 31 önskemål
729 1072 52 29 att
811 1070 156 36 kringgå
996 1071 287 37 lagstiftningen.
1334 1073 118 31 Saken
1480 1076 50 34 är,
1559 1076 116 30 såsom
1703 1086 94 20 ovan

297 1112 230 36 framhållits,
558 1113 125 31 endast
715 1114 75 35 den,
822 1115 54 29 att
907 1114 325 38 arbetsskyldighet
1262 1116 64 30 och
1357 1117 157 37 15-åriga
1545 1119 250 31 arrendetiden

295 1156 36 35 ej
355 1156 123 30 kunna
502 1155 152 36 förenas.
699 1156 75 32 Vill
799 1167 84 21 man
908 1158 58 30 det
990 1168 75 25 ena,
1090 1159 114 31 måste
1227 1169 83 20 man
1336 1159 125 37 släppa
1487 1161 58 30 det
1569 1162 123 30 andra.

336 1198 56 30 En
417 1199 192 36 utredning
634 1199 124 31 härom
783 1200 95 31 hava
904 1201 149 35 bolagen
1078 1201 78 31 icke
1182 1203 116 34 någon
1326 1202 195 37 anledning
1547 1206 53 29 att
1626 1206 170 30 motsätta

295 1241 65 36 sig.
408 1242 248 36 Utredningen
683 1243 79 36 kan,
789 1254 58 20 om
873 1244 68 30 den
967 1244 68 31 blir
1064 1245 343 37 förutsättningslös,
1436 1247 32 35 ej
1496 1247 79 31 leda
1604 1247 55 31 till
1686 1250 109 34 något

295 1287 113 29 annat
437 1288 47 27 än
511 1287 50 30 ett
588 1286 238 36 klargörande
856 1297 47 20 av
931 1289 53 29 att
1013 1288 67 30 den
1108 1288 133 31 sociala
1270 1289 276 36 arrendelagens
1575 1291 219 31 bestämmel-

295 1338 55 21 ser
371 1328 235 37 omöjliggöra
627 1329 249 32 bibehållande
897 1341 46 20 av
964 1331 317 31 arrendatorernas
1303 1332 119 36 gamla
1445 1334 272 32 företrädesrätt
1738 1334 57 32 till

295 1372 254 35 skogsarbetet.

335 1416 18 30 I
384 1416 171 30 samband
584 1416 81 31 med
693 1426 93 21 ovan
816 1417 151 31 berörda
996 1418 276 36 arrendefrågor
1303 1419 66 30 har
1400 1419 12 30 i
1441 1420 180 31 motionen
1652 1421 57 31 till
1739 1422 55 30 be-

294 1458 176 36 handling
497 1462 90 28 även
612 1460 186 35 upptagits
824 1460 211 35 spörsmålet
1061 1471 55 20 om
1145 1461 262 37 försäljningen
1434 1473 46 20 av
1506 1463 167 36 bolagens
1700 1464 93 36 jord-

294 1502 327 35 brukslägenheter.
665 1503 226 31 Motionären
912 1504 75 35 har,
1010 1504 113 31 ehuru
1146 1505 73 30 han
1241 1505 152 36 nödgats
1416 1506 166 36 medgiva
1605 1506 31 36 1)
1662 1509 53 29 att
1738 1508 55 31 bo-

293 1544 125 36 lagens
440 1545 341 37 jordförsäljningar
804 1546 93 31 skett
920 1547 64 30 och
1007 1547 60 31 ske
1089 1547 56 31 till
1168 1548 141 36 mycket
1330 1549 185 31 moderata
1536 1550 124 36 priser,
1684 1550 32 35 2)
1740 1552 54 29 att

293 1588 87 36 skog
407 1588 11 30 i
445 1589 211 36 erforderlig
682 1590 133 35 mängd
840 1590 188 36 medföljer
1055 1590 393 37 försäljningslotterna
1475 1593 64 30 och
1565 1595 52 29 att
1643 1593 151 36 bolagen

294 1632 12 29 i
327 1632 125 35 regeln
474 1632 32 35 ej
529 1632 106 31 ställa
657 1632 55 36 sig
734 1633 150 36 ovilliga
907 1635 71 29 mot
1002 1635 53 30 att
1077 1634 93 36 sälja
1193 1634 108 36 nödig
1323 1635 87 36 skog
1434 1636 55 30 till
1512 1636 183 36 ägolotter,
1719 1647 75 21 som

294 1674 156 37 tidigare
474 1676 32 35 ej
532 1676 143 31 erhållit
701 1676 213 36 erforderlig
940 1677 297 36 husbehovsskog,
1262 1677 31 36 3)
1321 1680 54 29 att
1401 1679 392 37 försäljningslotterna

293 1719 119 31 städse
442 1719 88 31 först
558 1719 169 36 erbjudas
755 1719 56 31 till
840 1720 309 36 arrendatorerna,
1178 1721 113 31 likväl
1319 1722 123 31 funnit
1471 1722 53 36 sig
1552 1723 123 31 kunna
1704 1723 89 31 fälla

294 1762 57 31 det
375 1763 185 35 omdömet,
581 1764 54 29 att
657 1763 150 31 berörda
829 1763 260 36 försäljningar
1112 1764 32 36 ej
1169 1764 116 31 sällan
1306 1775 85 21 vore
1414 1776 43 20 ur
1480 1765 108 31 social
1610 1768 182 34 synpunkt

291 1805 141 31 mindre
456 1806 211 31 önskvärda.
713 1805 159 32 Orsaken
896 1806 126 31 härtill
1045 1810 41 28 är
1111 1807 113 36 enligt
1248 1808 222 31 motionären
1495 1809 76 36 den,
1596 1811 54 29 att
1674 1819 118 22 arren-

291 1849 194 31 datorerna
513 1849 72 36 just
615 1851 115 29 såsom
758 1850 252 31 arrendatorer
1039 1850 96 31 hava
1164 1851 58 31 det
1252 1851 222 32 ekonomiskt
1504 1853 38 30 så
1572 1853 220 36 förmånligt,

291 1894 54 30 att
372 1903 44 20 en
444 1892 207 37 friköpning
677 1896 90 28 även
794 1894 45 35 på
867 1894 42 30 de
936 1896 89 28 mest
1052 1894 242 36 fördelaktiga
1320 1894 132 32 villkor
1479 1896 114 31 skulle
1619 1896 173 31 innebära

290 1946 43 20 en
359 1936 226 36 försämring.
630 1936 226 32 Motionären
880 1937 66 30 har
969 1937 125 31 vidare
1119 1938 233 36 konstaterat,
1378 1940 54 29 att
1456 1940 299 31 arrendatorerna
1780 1941 12 29 i

291 1979 197 31 allmänhet
516 1980 32 35 ej
578 1980 91 35 vilja
696 1980 91 36 köpa
817 1980 67 31 den
913 1981 239 31 arrenderade
1181 1981 133 36 jorden.
1363 1982 58 30 Av
1451 1982 101 31 dessa
1580 1982 212 32 uttalanden

290 2023 123 30 kunna
440 2025 126 29 tvenne
592 2023 186 31 slutsatser
805 2026 114 33 göras,
944 2024 182 36 nämligen
1152 2024 74 31 dels
1251 2027 53 29 att
1331 2025 43 31 de
1399 2025 137 36 lyriska
1562 2026 229 36 utläggning-

290 2077 90 20 arna
408 2067 12 29 i
447 2067 191 35 riksdagen
666 2077 55 20 om
749 2067 246 36 jordhungern
1022 2067 97 31 varit
1146 2068 170 31 baserade
1344 2068 173 36 antingen
1545 2071 45 34 på
1618 2070 172 36 okunnig-

290 2110 59 32 het
378 2110 86 30 eller
492 2110 94 31 bluff
614 2112 91 29 samt
734 2110 74 31 dels
835 2112 54 29 att
919 2111 316 31 arrendatorernas
1263 2111 230 32 ekonomiska
1520 2112 172 37 ställning
1722 2113 67 31 för-

289 2153 96 31 visso
408 2153 77 31 icke
507 2156 39 28 är
569 2154 39 30 så
630 2153 221 32 ekonomiskt
875 2163 98 27 svag,
995 2164 73 21 som
1090 2165 85 20 man
1195 2155 96 31 velat
1314 2157 87 34 göra
1424 2155 175 36 gällande.
1642 2156 51 31 De
1716 2167 75 21 som

289 2196 132 36 avböja
444 2199 54 29 att
519 2196 56 32 till
597 2197 120 36 billigt
740 2197 74 36 pris
837 2197 65 31 och
925 2199 46 34 på
993 2198 316 35 egnahemslånens
1333 2199 218 36 förmånliga
1574 2199 215 36 betalnings-

288 2240 133 31 villkor
446 2240 141 36 friköpa
611 2240 79 31 sina
714 2240 173 36 jordbruk
911 2241 64 30 och
999 2241 103 31 finna
1126 2242 58 30 det
1208 2241 221 32 ekonomiskt
1455 2242 256 37 förmånligare
1736 2244 53 29 att

289 2283 87 31 sitta
403 2284 91 30 kvar
521 2294 73 20 som
620 2284 261 36 arrendatorer,
908 2284 121 31 kunna
1058 2284 153 31 förvisso
1239 2284 32 36 ej
1301 2285 80 31 med
1410 2286 59 35 fog
1499 2288 85 33 göra
1612 2286 176 36 gällande,

288 2328 53 29 att
366 2327 102 31 dessa
490 2327 369 36 arrendeupplåtelser
882 2327 172 31 innebära
1076 2329 51 30 ett
1150 2328 221 31 ekonomiskt
1395 2329 172 36 förtryck.

328 2370 183 31 Motionen
534 2371 97 30 visar
655 2371 12 30 i
692 2371 118 35 övrigt
834 2371 12 30 i
871 2371 116 30 denna
1012 2370 65 36 del,
1100 2371 95 30 huru
1221 2371 83 36 föga
1329 2372 233 35 genomtänkt
1585 2374 91 29 samt
1701 2372 86 31 fam-

288 2413 105 31 lande
427 2416 134 29 statens
584 2414 131 31 sociala
740 2414 211 36 jordpolitik
975 2416 49 34 är,
1047 2414 65 30 och
1135 2414 93 31 huru
1252 2414 164 37 omöjligt
1440 2416 57 31 det
1521 2415 123 31 därför
1667 2418 40 28 är
1732 2416 56 31 för

288 2457 220 36 jordägarna
528 2459 53 29 att
601 2459 90 30 trots
712 2458 57 31 det
789 2457 174 36 ärligaste
981 2458 130 35 uppsåt
1132 2457 64 31 och
1218 2458 41 30 de
1279 2460 90 29 mest
1389 2458 110 36 lojala
1520 2458 157 32 avsikter
1699 2470 89 20 vara

287 2500 118 31 denna
430 2500 144 36 politiks
599 2500 191 37 pådrivare
816 2500 56 31 till
896 2501 87 35 lags.
1028 2500 47 31 Vi
1099 2500 92 36 vilja
1217 2500 64 31 här
1306 2501 117 31 nedan
1448 2501 125 36 påvisa
1599 2501 106 32 detta.
