1908 2846
102 1183 149 26 Utskottet.

339 179 39 30 50
427 178 242 31 Sanmansatt
691 177 115 30 andra
827 175 74 37 lag-
922 175 66 31 och
1009 174 349 38 jordbruksutskotts
1379 172 188 32 utlåtande
1589 171 52 32 Nr
1669 172 31 30 1.

296 255 287 36 arrendegårdar
605 255 100 31 torde
728 254 78 31 icke
829 253 188 36 föreligga,
1040 262 56 21 om
1117 251 32 36 ej
1175 251 84 31 från
1281 252 135 30 statens
1439 250 80 31 sida
1542 249 258 36 egnahemslår

297 298 152 37 beviljas
474 298 56 31 för
554 297 289 32 transaktionens
867 295 288 37 genomförande.
1199 294 68 31 Det
1290 296 40 28 är
1353 303 44 21 en
1421 293 110 31 bitter
1556 292 165 36 sanning,
1743 293 59 29 att

298 343 41 30 de
358 342 151 35 statliga
528 340 300 37 egnahemslånen
847 339 13 30 i
879 339 146 35 månget
1048 338 65 30 fall
1135 337 96 36 gjort
1252 337 58 31 det
1330 336 144 36 möjligt
1495 336 56 30 för
1572 335 152 36 bolagen
1744 336 54 29 att

297 385 126 36 tvinga
444 384 237 31 arrendatorn
702 383 58 31 till
781 382 278 31 underkastelse.
1098 380 66 32 Om
1186 380 84 30 från
1290 381 135 30 statens
1446 378 80 32 sida
1547 388 45 21 en
1612 378 73 31 viss
1706 378 92 30 åter-

297 427 215 32 hållsamhet
541 427 176 35 iakttoges
745 426 12 30 i
784 425 106 36 fråga
918 434 57 21 om
1003 423 249 32 utlämnandet
1280 432 46 20 av
1354 421 256 37 egnahemslån
1638 420 62 32 vid
1727 420 71 31 för-

297 470 159 37 säljning
479 481 45 20 av
546 468 284 37 arrendegårdar
850 468 113 30 under
986 467 68 31 den
1075 466 133 31 sociala
1229 464 434 36 arrendelagstiftningen
1684 464 117 31 under

297 515 67 30 den
381 514 65 35 tid,
465 513 67 31 här
551 512 155 31 avsedda
725 511 195 35 utredning
939 510 124 37 pågår,
1083 509 114 31 skulle
1217 507 461 37 tvångsförsäljningarnas
1698 506 102 31 antal

298 556 203 36 säkerligen
518 556 140 30 komma
677 556 54 30 att
751 555 103 35 högst
873 553 180 37 betydligt
1072 551 227 33 förminskas.
1338 551 66 31 Att
1425 550 129 36 stadga
1575 549 131 32 förbud
1725 551 74 29 mot

298 599 101 37 varje
425 599 232 31 utlämnande
681 608 45 21 av
751 596 255 37 egnahemslån
1031 596 56 30 för
1112 595 66 30 här
1202 594 147 36 angivet
1375 593 169 32 ändamål
1569 593 115 31 skulle
1710 592 91 32 dock

300 652 88 22 vara
411 644 55 29 att
490 643 46 35 gå
559 641 55 31 för
637 641 112 36 långt.
793 639 157 36 Mången
974 640 95 35 gång
1091 638 71 31 kan
1186 637 74 31 helt
1284 637 88 31 visst
1398 637 58 31 det
1482 645 89 22 vara
1594 645 43 21 en
1662 635 137 31 önskan

299 686 83 30 från
403 685 256 31 arrendatorns
681 684 81 31 sida
782 685 54 29 att
859 682 38 31 få
919 682 101 36 köpa.
1061 681 18 31 I
1102 682 51 30 ett
1176 680 116 37 dylikt
1317 680 66 31 fall
1405 679 63 31 bör
1492 679 77 31 icke
1592 678 211 36 egnahems-

298 729 61 30 lån
385 728 200 36 förvägras.
631 727 83 31 Men
741 736 56 21 om
824 726 57 31 det
909 725 161 31 däremot
1095 724 114 31 skulle
1237 723 77 31 visa
1338 723 66 35 sig,
1430 723 54 30 att
1509 722 142 35 bolaget
1677 722 46 35 på
1749 723 51 29 ett

299 772 84 31 eller
405 773 113 29 annat
539 772 71 30 sätt
630 771 125 35 trugat
778 769 237 31 arrendatorn
1037 768 54 30 att
1113 766 92 37 köpa
1225 768 72 28 mot
1320 766 91 30 hans
1432 764 103 37 vilja,
1557 765 62 30 bör
1639 765 62 30 lån
1721 764 81 31 icke

299 814 162 36 beviljas.
504 814 77 30 Lån
601 813 61 31 bör
685 815 93 28 även
800 814 139 33 vägras,
962 811 46 30 då
1029 810 158 36 köparen
1207 811 41 29 är
1270 818 119 21 annan
1411 817 129 27 person
1562 810 47 28 än
1631 807 170 31 arrenda-

299 860 81 29 torn
398 857 66 31 och
485 857 67 31 den
571 865 125 22 senare
714 854 212 36 visserligen
944 853 33 36 ej
997 853 130 31 önskar
1144 852 92 36 köpa
1255 861 80 21 men
1355 852 59 30 väl
1434 852 55 30 att
1508 850 87 31 sitta
1614 850 91 31 kvar
1724 859 77 22 som

299 900 222 31 arrendator.
568 898 304 35 Ansökningarna
898 906 56 21 om
981 896 61 31 lån
1068 895 86 31 böra
1182 894 229 36 följaktligen
1438 902 94 27 noga
1558 895 131 34 prövas
1716 893 86 30 från

299 943 66 31 fall
383 943 59 31 till
462 943 76 35 fall,
559 941 128 32 varvid
706 941 63 30 bör
789 940 124 35 tillses,
933 941 54 29 att
1009 939 51 35 de,
1081 948 74 21 som
1175 938 46 30 ha
1241 938 54 30 att
1315 937 150 35 vidtaga
1486 937 102 30 dessa
1608 935 192 32 undersök-

298 987 141 35 ningar,
459 985 123 31 kunna
600 994 102 22 anses
721 983 168 32 skickade
908 984 54 29 att
982 981 177 37 opartiskt
1179 981 45 35 gå
1242 980 58 31 till
1317 981 136 29 värvet.
1484 979 109 31 Detta
1611 979 72 30 kan
1702 980 24 29 t.
1747 988 53 21 ex.

298 1030 179 36 knappast
498 1028 189 37 påräknas,
708 1029 66 28 när
796 1024 360 38 egnahemsombudet
1179 1026 40 29 är
1240 1023 220 36 tjänsteman
1482 1022 63 31 hos
1566 1021 241 32 vederböran-

300 1073 41 31 de
363 1072 116 36 bolag.

338 1173 185 32 Utskottet
555 1174 65 30 har
651 1173 76 31 icke
760 1172 105 32 blivit
898 1173 191 35 övertygat
1111 1181 57 21 om
1191 1170 256 36 lämpligheten
1469 1179 46 21 av
1538 1169 67 31 den
1626 1168 13 31 i
1662 1168 138 31 föreva-

299 1226 111 31 rande
427 1225 177 31 motioner
621 1224 219 37 ifrågasatta
859 1223 184 37 åtgärden.
1085 1223 67 31 Det
1172 1221 100 32 bleve
1291 1221 230 36 synnerligen
1541 1220 185 36 vanskligt
1746 1221 56 29 att

301 1277 90 31 efter
409 1279 51 29 ett
479 1276 189 32 verkställt
686 1277 70 34 köp
775 1275 175 36 objektivt
968 1274 191 34 klarlägga
1176 1273 42 32 de
1236 1273 78 31 med
1332 1273 106 35 köpet
1459 1272 168 31 förenade
1647 1272 151 29 omstän-

300 1328 173 37 digheter,
497 1337 75 22 som
595 1327 112 36 enligt
730 1326 285 31 motionärernas
1039 1325 143 35 mening
1206 1324 107 31 borde
1335 1323 176 32 tillmätas
1535 1322 180 37 betydelse
1737 1321 64 32 vid

300 1379 196 32 avvisande
511 1390 47 20 av
574 1378 158 32 ansökan
749 1388 56 20 om
821 1377 264 37 egnahemslån.
1120 1375 138 32 Härtill
1273 1375 167 35 kommer,
1456 1376 55 30 att
1527 1374 58 31 det
1601 1373 200 37 ingalunda

300 1434 40 28 är
383 1431 130 36 säkert,
545 1432 52 29 att
629 1431 50 30 ett
710 1429 117 36 dylikt
858 1428 197 32 avvisande
1085 1427 139 31 komme
1243 1428 53 30 att
1318 1427 38 30 få
1378 1426 67 31 den
1464 1436 48 21 av
1533 1425 268 31 motionärerna

301 1483 167 36 åsyftade
512 1482 143 35 verkan,
687 1483 89 29 utan
809 1479 137 37 följden
978 1480 100 30 bleve
1101 1478 179 31 måhända
1303 1478 12 30 i
1335 1478 98 31 vissa
1457 1477 67 31 fall
1545 1477 12 31 i
1580 1476 120 32 stället
1723 1476 79 35 den,

301 1536 52 30 att
372 1535 165 35 köparna
555 1534 113 30 måste
688 1532 115 31 anlita
820 1541 122 22 annan
963 1531 64 31 och
1048 1533 114 29 sämre
1181 1530 119 31 kredit
1320 1532 46 28 än
1387 1529 310 37 egnahemslånen.
1738 1528 64 31 Ut-

301 1587 131 30 skottet
454 1586 120 30 finner
595 1585 54 35 sig
671 1583 230 37 följaktligen
922 1583 86 31 böra
1031 1582 130 31 föreslå
1181 1581 194 36 riksdagen
1396 1582 53 30 att
1472 1580 32 36 ej
1527 1580 129 31 bifalla
1677 1579 128 31 motio-

300 1647 122 23 nerna.
