2158 2622
632 185 242 34 Statsutskottets
906 185 169 34 Utlåtande
1097 186 64 31 N:o
1186 186 54 31 52.
1693 184 43 32 21

136 279 139 35 kronan
311 278 162 49 tillhörig
497 279 84 48 jord
608 278 88 35 eller
722 277 171 47 lägenhet
920 276 58 37 till
1006 276 56 48 sig
1090 276 144 36 afstådd
1262 276 88 36 eller
1377 276 176 47 upplåten
1582 278 47 45 på
1656 288 81 23 ena-

135 333 121 35 handa
293 335 71 33 sätt
399 345 74 23 som
506 332 83 49 jord
617 332 87 35 eller
731 331 171 47 lägenhet
929 331 117 35 under
1074 329 146 37 enskild
1248 330 223 47 äganderätt.
1528 330 75 35 Det
1630 341 108 37 synes

137 386 74 48 mig
252 386 122 36 därför
414 386 177 47 lämpligt,
629 389 53 32 att
716 385 181 35 allmänna
932 384 271 36 bestämmelser
1237 384 125 35 härom
1391 396 50 23 nu
1470 383 192 36 meddelas.
1720 383 19 35 I

137 441 129 35 sådant
292 440 170 36 afseende
491 440 93 35 lärer
612 439 13 35 i
653 439 151 35 främsta
831 441 157 32 rummet
1007 438 180 35 erfordras
1206 437 227 36 utverkande
1452 437 41 35 af
1509 437 230 47 Riksdagens

138 493 254 48 medgifvande
430 494 56 35 för
522 493 135 47 Kungl.
692 491 108 49 Maj:t
827 495 53 32 att
907 492 101 47 gifva
1035 491 164 36 tillstånd
1226 491 57 35 till
1310 490 215 49 kronojords
1554 491 186 35 afstående

137 548 89 35 eller
253 548 223 47 upplåtande
504 547 56 35 för
587 546 277 47 ifrågavarande
893 545 175 36 ändamål.
1114 545 51 35 På
1194 547 71 33 sätt
1293 544 278 36 ämbetsverken
1590 544 147 44 erinrat,

138 602 94 35 lärer
269 602 61 35 det
366 601 59 36 väl
463 601 127 35 endast
626 599 263 47 undantagsvis
924 598 274 48 ifrågakomma,
1238 601 53 33 att
1315 597 84 49 jord
1426 598 175 36 behöfver
1629 598 111 35 afstås

140 656 80 34 med
249 656 223 47 äganderätt,
503 667 82 23 men
614 653 188 49 möjlighet
829 652 57 37 till
914 652 255 47 medgifvande
1198 652 41 35 af
1263 652 130 35 sådant
1420 652 187 35 afstående
1633 663 107 36 synes

139 709 30 48 ej
205 709 87 35 böra
327 721 86 23 vara
447 708 193 44 utesluten,
680 707 153 35 likasom
867 707 71 35 den
971 706 31 48 ej
1034 712 39 29 är
1101 707 61 34 det
1190 706 13 34 i
1231 706 169 35 afseende
1429 707 21 33 å
1478 705 144 36 enskild
1645 705 94 48 jord.

139 762 213 47 Ersättning
394 762 56 35 för
491 765 118 32 rätten
652 764 53 33 att
746 759 207 48 framdraga
993 759 197 47 ledningen
1226 771 107 36 synes
1368 760 88 34 böra
1483 759 216 36 bestämmas
1728 758 13 35 i

139 816 162 47 enlighet
342 816 83 35 med
467 816 246 47 stadgandena
750 814 13 35 i
798 813 260 47 förordningen
1094 814 69 34 den
1203 815 46 33 14
1283 812 94 47 april
1410 815 99 33 1866
1540 813 66 35 och
1634 813 106 46 lagen

140 871 71 34 den
241 872 46 33 27
314 869 84 49 juni
430 871 111 34 1902.
599 868 127 47 Enligt
753 880 88 35 nyss
869 867 203 47 oberopade
1099 866 271 36 bestämmelser
1398 865 13 36 i
1439 867 111 46 sagda
1569 866 59 47 lag
1648 866 93 35 skall

140 923 250 47 ersättningen
418 923 138 35 således
584 924 87 45 utgå
699 922 82 35 med
809 921 91 35 fulla
927 921 128 35 värdet
1083 920 67 36 och
1177 920 141 35 hälften
1347 920 220 36 därutöfver.
1618 920 51 34 På
1697 920 44 35 de

141 977 40 35 af
219 976 296 37 ämbetsverkens
561 975 187 48 pluralitet
789 974 152 36 anförda
982 974 81 35 skäl
1104 985 105 24 anser
1246 973 64 49 jag
1351 975 111 45 något
1501 973 189 47 undantag
1730 972 13 36 i

142 1030 169 36 afseende
340 1033 21 33 å
389 1029 257 49 skyldigheten
675 1032 53 33 att
754 1028 143 48 utgifva
921 1028 202 47 ersättning
1141 1027 82 36 icke
1241 1027 88 36 böra
1347 1032 105 42 göras
1472 1028 82 34 med
1575 1027 169 35 afseende

143 1087 20 33 å
191 1084 239 48 odisponerad
463 1083 230 36 kronomark.
751 1083 51 35 På
831 1084 72 33 sätt
931 1094 74 23 som
1035 1087 85 42 äger
1147 1094 80 22 rum
1256 1080 13 36 1
1297 1080 170 36 afseende
1495 1083 21 33 å
1543 1080 202 47 upplåtelse

143 1138 40 35 af
221 1138 196 48 kronojord
459 1137 55 36 för
555 1136 167 36 enskilda
760 1136 207 48 järnvägar,
1006 1135 103 36 torde
1146 1134 230 48 Riksdagens
1405 1134 256 47 medgifvande
1688 1133 57 36 till

142 1192 228 47 upplåtelsen
399 1192 87 35 böra
515 1191 106 35 äskas
649 1190 56 36 för
733 1193 52 32 ett
813 1192 40 32 år
880 1189 13 35 i
922 1189 141 44 sänder,
1085 1201 84 23 men
1188 1189 45 34 då
1252 1189 61 34 det
1332 1188 74 35 kan
1425 1187 161 36 medföra
1605 1188 141 47 olägen-

144 1246 113 45 heter,
288 1257 56 24 om
387 1244 273 47 medgifvandet
699 1244 138 34 lämnas
874 1243 129 35 endast
1038 1242 57 35 till
1132 1242 81 35 dess
1249 1244 105 32 nästa
1381 1240 165 48 Riksdag
1573 1253 173 23 samman-

143 1299 133 45 träder,
307 1299 102 35 torde
438 1297 215 36 hemställan
680 1297 87 35 böra
794 1301 116 42 göras,
942 1298 53 33 att
1023 1294 272 48 medgifvandet
1322 1294 57 36 får
1402 1294 151 36 omfatta
1571 1294 101 35 tiden
1691 1293 57 36 till

146 1353 70 35 den
248 1354 45 33 15
325 1352 68 48 maj
424 1350 290 48 nästpåföljande
737 1352 49 33 år.
844 1349 18 35 I
891 1349 111 47 öfrigt
1029 1349 102 35 torde
1159 1348 13 35 i
1200 1348 210 35 hufvudsak
1439 1360 135 23 samma
1601 1348 144 43 villkor,

147 1418 73 23 som
250 1406 97 35 förut
375 1405 62 36 vid
466 1404 235 36 meddelande
729 1404 41 35 af
793 1403 166 35 tillstånd
987 1405 53 33 att
1058 1402 206 46 framdraga
1283 1401 177 36 elektrisk
1478 1401 151 47 ledning
1648 1401 101 36 öfver

147 1459 195 49 kronojord
384 1459 206 47 uppställts,
634 1458 87 35 böra
762 1456 223 36 fortfarande
1028 1457 154 45 stadgas,
1227 1467 82 23 men
1343 1455 103 36 torde
1484 1455 104 35 dessa
1615 1453 134 37 villkor

146 1514 126 35 kunna
300 1513 36 35 få
364 1513 86 35 bero
483 1515 47 44 på
557 1512 136 47 Kungl.
724 1511 125 48 Maj:ts
879 1509 280 48 bepröfvande.»>

253 1567 51 35 På
332 1567 119 46 grund
480 1566 40 35 af
544 1566 97 35 hvad
670 1565 151 35 sålunda
849 1563 232 36 förekommit
1108 1563 214 35 hemställde
1351 1561 398 48 departementschefen

147 1633 56 23 om
232 1621 178 35 aflåtande
438 1619 57 36 till
523 1619 212 46 Riksdagen
763 1618 40 35 af
827 1617 276 47 ifrågavarande
1132 1615 233 48 proposition.

255 1708 285 44 Statsutskottet,
571 1707 58 35 till
657 1707 108 35 hvars
794 1705 262 36 förberedande
1084 1704 223 47 behandling
1339 1705 99 34 detta
1466 1705 132 34 ärende
1626 1703 124 36 blifvit

147 1761 203 44 hänvisadt,
388 1762 66 34 har
487 1760 80 36 icke
596 1760 80 35 haft
703 1761 110 45 något
841 1762 53 32 att
922 1758 119 36 erinra
1070 1760 95 33 emot
1192 1758 96 35 hvad
1316 1757 137 47 Kungl.
1483 1757 108 48 Maj:t
1619 1757 13 35 i
1661 1757 87 35 före-

147 1815 158 36 varande
335 1815 169 35 afseende
534 1812 197 48 föreslagit,
762 1812 145 35 hvadan
935 1812 179 35 utskottet
1142 1811 218 44 hemställer,

682 1904 53 33 att
772 1901 135 47 Kungl.
952 1900 125 49 Maj:ts
1119 1901 152 35 berörda
1313 1899 269 48 framställning
1619 1901 58 34 må
1714 1899 40 35 af

576 1955 211 46 Riksdagen
815 1954 155 36 bifallas.

257 2046 205 35 Stockholm
494 2046 69 34 den
582 2047 45 32 17
659 2043 92 47 april
783 2045 111 33 1903.

676 2141 51 34 På
755 2139 286 36 statsutskottets
1070 2144 151 41 vägnar:

725 2245 113 36 CHR.
869 2244 320 37 LUNDEBERG.
