2208 2646
466 158 38 30 14
940 161 226 42 Lagutskottets
1194 162 167 31 Utlåtande
1384 164 65 30 N:o
1473 165 51 30 58.

423 245 117 36 denna
573 248 139 34 motion
741 248 134 47 afsåge.
930 248 45 37 Så
1003 249 92 36 hade
1123 250 45 35 de
1197 255 43 43 på
1267 264 127 23 senare
1421 252 99 35 tiden
1552 253 146 48 mycket
1726 254 183 35 omtalade
1937 255 93 35 duk-

424 296 221 37 hoborserna
672 299 12 34 i
713 299 201 43 Kaukasus,
949 300 122 35 hvilka
1099 304 46 44 på
1172 302 120 47 grund
1320 302 41 35 af
1385 303 239 35 samvetsskäl
1653 304 77 35 icke
1758 304 86 35 ville
1872 305 77 34 lära
1976 307 56 46 sig

423 360 160 34 vapnens
612 349 105 43 bruk,
746 349 123 35 blifvit
898 353 44 44 på
969 351 61 35 det
1057 352 219 47 gräsligaste
1303 357 74 30 sätt
1404 353 216 35 marterade.
1675 354 109 36 Detta
1812 355 90 35 hade
1927 355 103 43 dock,

422 398 102 48 långt
563 398 97 36 ifrån
701 405 52 30 att
785 401 120 35 rubba
932 401 82 35 dem
1042 402 12 34 i
1082 402 105 36 deras
1214 403 146 48 åsigter,
1390 404 98 47 gjort
1516 404 84 35 dem
1629 412 98 28 ännu
1756 418 98 22 mera
1883 406 148 47 modiga

422 453 56 30 att
504 449 73 35 lida
605 450 69 35 och
702 450 158 36 uthärda
887 452 75 35 allt.
1017 451 145 37 Samma
1191 454 217 47 uthållighet
1434 454 57 36 för
1519 455 95 35 hvad
1639 455 44 36 de
1710 462 119 30 ansett
1854 469 86 23 vara
1959 462 73 30 rätt

422 499 90 35 hade
539 499 108 36 äfven
675 501 44 35 de
746 514 26 23 s.
801 501 33 35 k.
866 503 278 36 mennoniterna
1167 503 203 49 ådagalagt.

553 549 119 37 Sedan
701 552 228 36 motionären
957 553 161 36 härefter
1146 554 122 36 anfört
1294 560 53 30 ett
1373 556 118 35 flertal
1510 558 168 46 exempel
1697 560 45 45 på
1761 557 75 43 fall,
1857 557 47 36 då
1922 565 108 29 värn-

421 600 153 48 pligtige
616 602 68 34 här
715 602 12 35 i
760 603 97 35 riket
884 604 143 36 ådömts
1055 604 241 37 frihetsstraff
1320 605 57 36 för
1404 606 61 36 det
1492 607 44 35 de
1566 610 47 45 på
1640 608 121 47 grund
1788 608 39 35 af
1850 614 180 31 samvets-

420 651 295 47 betänkligheter
754 659 129 42 vägrat
911 659 55 30 att
998 655 166 47 undergå
1192 656 176 48 stadgade
1396 657 300 48 vapenöfningar,
1725 657 188 37 fortsätter
1940 660 88 35 han:

552 702 105 36 Flera
683 703 172 37 liknande
882 707 165 46 exempel
1075 707 117 35 skulle
1221 707 123 35 kunna
1371 707 158 44 anföras,
1558 708 48 36 då
1633 721 172 36 personer
1832 713 46 44 på
1907 710 123 46 grund

419 751 40 36 af
495 753 78 35 sina
615 754 452 50 samvetsbetänkligheter
1107 762 79 30 mot
1225 758 217 48 krigstjenst
1481 759 143 35 ådömts
1665 759 113 36 straff.
1842 759 59 37 År
1936 763 92 34 1897

418 802 121 36 blefvo
567 805 186 47 åtskilliga
780 806 136 35 sådana
943 806 131 36 dömda
1103 811 45 44 på
1176 806 170 46 Gotland,
1376 809 154 35 hvarvid
1559 809 106 36 äfven
1695 823 43 23 en
1763 811 146 48 kapten,
1930 811 100 36 leda-

420 859 75 29 mot
535 853 40 36 af
612 855 233 47 krigsrätten,
888 857 107 49 hyste
1037 857 252 50 betänklighet
1321 865 77 30 mot
1430 860 108 35 edens
1572 861 226 47 afläggande.
1853 861 84 36 Men
1964 863 66 34 här

419 904 121 35 kunde
566 906 80 35 icke
674 918 86 23 vara
786 906 105 49 fråga
919 921 69 30 om,
1019 909 95 35 huru
1144 914 94 31 stort
1265 909 105 36 deras
1398 911 98 35 antal
1525 923 97 32 vore,
1652 924 77 23 som
1748 912 92 44 lede,
1862 917 89 31 utan
1970 926 58 22 om

418 955 206 48 principen;
653 961 43 44 ty
722 970 86 22 vore
835 958 63 36 det
926 964 98 30 orätt
1051 964 54 31 att
1133 959 107 36 döma
1266 965 25 30 t.
1321 973 57 23 ex.
1409 966 52 30 ett
1488 966 104 31 tusen
1623 975 182 34 personer,
1825 962 60 36 för
1903 963 63 36 det
1985 963 43 36 de

418 1006 105 48 hyste
555 1008 455 48 samvetsbetänkligheter
1037 1015 77 30 mot
1143 1011 277 47 krigstjensten,
1449 1015 39 32 så
1516 1025 85 23 vore
1630 1012 61 36 det
1719 1013 210 48 principielt
1956 1015 73 34 lika

418 1061 96 31 orätt
543 1062 52 30 att
624 1054 104 50 döma
760 1072 54 22 en.

551 1108 108 36 Hvad
689 1110 157 48 anginge
875 1110 45 36 de
949 1111 213 36 meddelade
1191 1111 247 49 uppgifterna,
1468 1126 77 23 som
1573 1114 12 35 i
1613 1114 105 35 flesta
1736 1114 64 36 fall
1819 1114 108 49 gälde
1947 1128 82 36 per-

417 1171 116 30 soner,
573 1159 223 37 tillhörande
836 1161 45 36 de
914 1175 26 22 s.
970 1163 33 34 k.
1034 1162 249 48 helgeanerna,
1317 1167 39 32 så
1384 1164 112 35 borde
1523 1164 64 36 det
1614 1172 114 39 sägas,
1758 1170 54 31 att
1840 1166 45 35 de
1913 1179 116 34 grun-

417 1209 92 36 dade
548 1210 57 46 sig
645 1211 77 35 dels
755 1215 45 44 på
831 1211 85 37 bref
945 1212 79 35 från
1054 1226 220 34 personerna
1301 1214 140 47 sjelfva,
1470 1215 76 36 dels
1573 1216 12 34 i
1615 1221 53 30 ett
1695 1229 64 35 par
1784 1216 64 36 fall
1876 1220 47 44 på
1950 1218 79 34 offi-

416 1260 103 35 ciella
558 1261 110 49 intyg
707 1262 66 35 och
813 1262 78 36 dels
933 1266 44 45 på
1009 1264 115 35 andra
1156 1264 213 48 trovärdiga
1402 1265 277 37 meddelanden.
1735 1267 126 35 Ehuru
1890 1280 43 23 en
1962 1268 66 35 och

417 1323 119 22 annan
564 1311 111 48 detalj
706 1313 172 47 möjligen
908 1314 121 35 kunde
1056 1328 87 22 vara
1171 1314 162 49 felaktig,
1363 1319 39 33 så
1430 1329 86 23 vore
1545 1317 92 35 dock
1666 1317 237 49 uppgifterna
1930 1319 11 34 i
1961 1319 67 35 all-

421 1362 146 35 mänhet
594 1363 178 46 pålitliga.

552 1412 135 37 Vidare
727 1414 111 36 borde
880 1416 139 35 erinras
1059 1415 139 45 derom,
1239 1421 55 31 att
1326 1417 105 36 dessa
1462 1431 173 34 personer
1662 1419 77 35 icke
1767 1420 13 34 i
1809 1423 112 43 något
1950 1432 78 23 som

417 1462 94 36 helst
550 1463 172 38 afseende
761 1478 85 23 vore
879 1465 132 48 farliga
1043 1466 60 36 för
1136 1467 204 36 samhället.
1397 1468 51 35 De
1476 1481 85 23 vore
1589 1468 158 48 fredliga
1774 1469 253 48 medborgare,

416 1526 76 22 som
532 1514 79 35 icke
651 1516 100 47 gjort
790 1517 57 46 sig
879 1517 169 49 skyldiga
1081 1518 56 34 till
1166 1518 109 35 laster
1301 1519 66 35 och
1395 1519 110 34 brott.
1559 1519 53 35 De
1640 1519 95 36 lefde
1762 1525 55 30 ett
1844 1519 114 37 fromt
1985 1520 44 36 lif

416 1564 67 35 och
523 1565 85 35 ville
649 1579 85 22 vara
773 1572 132 42 trogna
947 1567 228 35 undersåtar.
1234 1568 51 35 De
1326 1569 161 36 vördade
1528 1569 206 47 Konungen
1774 1571 66 35 och
1882 1571 146 36 älskade

415 1614 306 46 fåderneslandet,
755 1630 82 22 men
870 1618 45 34 de
948 1618 94 35 hölle
1070 1617 89 43 före,
1188 1623 56 31 att
1269 1619 45 36 de
1343 1619 123 36 kunde
1493 1620 76 36 visa
1596 1620 208 49 Konungen
1833 1622 57 36 sin
1919 1622 109 36 vörd-

416 1665 71 35 nad
515 1666 64 35 och
607 1666 240 37 fosterlandet
875 1668 56 35 sin
960 1668 123 36 kärlek
1113 1675 87 30 utan
1230 1675 53 30 att
1309 1671 79 34 lära
1415 1671 56 47 sig
1490 1684 161 34 vapnens
1670 1671 104 36 bruk.
1812 1672 72 35 Det
1902 1672 127 49 gåfves

414 1717 110 45 ingen
560 1718 204 48 anledning
804 1723 55 30 att
901 1724 145 41 antaga,
1074 1719 64 36 det
1170 1720 43 36 de
1240 1720 189 36 föraktade
1456 1721 69 36 den
1554 1722 223 48 inspirerade
1806 1724 222 47 uppmanin-

416 1778 87 35 gen:
533 1765 162 39 »Alsken
722 1769 192 45 bröderna,
943 1769 150 37 frukten
1122 1769 96 46 Gud,
1247 1778 84 29 ären
1361 1771 235 49 Konungen.»

549 1818 67 36 Att
645 1832 49 23 nu
723 1820 105 36 dessa
855 1821 197 48 ynglingar
1081 1822 69 34 och
1178 1821 102 37 deras
1307 1823 95 35 likar
1429 1822 188 49 uppfattat
1644 1823 296 37 kristendomens
1967 1838 61 22 ur-

417 1868 117 36 kunds
567 1874 151 43 utsagor
750 1874 48 40 så,
826 1875 57 31 att
910 1871 44 35 de
982 1870 106 37 äfven
1118 1872 86 36 ville
1232 1872 181 49 befrämja
1439 1873 72 36 frid
1539 1877 41 45 på
1608 1874 142 47 jorden,
1779 1875 113 35 borde
1919 1874 109 37 äfven

417 1919 57 41 de,
507 1932 77 23 som
618 1920 107 49 hyste
752 1921 114 35 andra
894 1921 286 50 uppfattningar
1206 1924 154 35 rörande
1389 1924 214 49 betydelsen
1630 1923 40 37 af
1694 1938 138 23 samma
1861 1925 167 36 urkunds

417 1970 78 43 ord,
524 1970 115 36 förstå
667 1972 67 35 och
762 1972 170 46 högakta.

549 2020 104 37 Efter
692 2027 54 30 att
785 2022 164 37 härefter
988 2022 109 37 hafva
1129 2023 122 37 anfört
1282 2026 187 47 åtskilliga
1501 2026 216 36 uttalanden
1746 2028 98 35 såväl
1872 2026 83 36 från
1982 2040 45 22 en

416 2071 59 35 del
515 2071 40 36 af
584 2076 88 32 våra
703 2078 115 31 större
850 2074 188 47 tidningar
1070 2087 78 23 som
1183 2076 171 35 särskildt
1382 2075 41 36 af
1447 2075 23 36 f.
1495 2077 158 46 teologie
1680 2076 207 49 professorn
1915 2075 43 37 O.
1988 2077 38 36 F.

416 2121 172 49 Myrberg
614 2123 186 48 i:Upsala,
829 2124 128 36 hvilka
985 2126 214 36 uttalanden
1229 2127 227 35 motionären
1485 2127 117 36 finner
1621 2128 119 35 vittna
1758 2141 59 22 om
1837 2128 189 48 befintlig-

417 2173 107 35 heten
550 2174 39 34 af
614 2187 45 22 en
686 2175 137 45 ganska
846 2176 137 34 allmän
1003 2176 196 44 åstundan,
1219 2182 52 30 att
1290 2169 115 59 straff
1412 2169 263 59 bestämmelser
1693 2178 57 36 för
1769 2178 161 35 militära
1950 2178 76 36 för-

418 2224 139 44 seelser,
574 2224 222 37 härledande
811 2226 57 47 sig
883 2225 40 36 af
935 2227 459 48 samvetsbetänkligheter,
1407 2231 112 33 måtte
1533 2228 183 45 afskaffas,
1732 2228 189 37 fortsätter
1935 2229 90 36 han:
