1888 2834
496 168 301 36 Statsutskottets
820 166 192 35 utlåtande
1036 166 55 34 Nr
1116 168 71 31 116.
1566 167 14 30 1

746 543 68 42 Nr
840 543 93 42 116.

657 708 105 25 Ankom
782 707 40 25 till
843 707 153 32 riksdagens
1015 707 85 25 kansli
1120 707 51 25 den
1191 709 33 23 27
1245 707 66 31 april
1332 709 67 23 1937
1421 706 33 26 kl.
1477 709 11 23 1
1510 716 21 16 e.
1551 715 34 17 m.

315 850 195 35 Utlåtande
535 850 11 33 i
569 849 193 42 anledning
786 861 46 22 av
857 849 132 42 Kungl.
1014 849 126 43 Maj:ts
1162 849 225 43 proposition
1404 848 184 42 angående

523 903 123 43 anslag
680 903 55 34 till
767 903 223 43 nybyggnad
1023 903 57 42 för
1105 903 44 34 de
1172 902 195 35 teoretiska
1391 903 197 34 institutio-

524 970 112 21 nerna
669 969 44 22 m.
747 969 44 21 m.
825 957 63 34 vid
922 956 205 35 karolinska
1151 956 361 42 mediko-kirurgiska
1536 956 52 34 in-

524 1011 154 34 stitutet.

1358 1055 66 42 (2:a
1448 1054 96 42 avd.)

142 1165 64 34 Uti
241 1164 271 44 propositionen
548 1163 55 42 (nr
629 1163 32 42 1)
698 1162 184 43 angående
915 1162 238 34 statsverkets
1186 1162 165 34 tillstånd
1381 1162 67 34 och
1471 1162 118 34 behov

99 1219 113 34 under
235 1218 217 43 budgetåret
477 1217 189 42 1937/1938
690 1217 65 33 har
779 1216 134 43 Kungl.
939 1216 111 43 Maj:t
1068 1216 113 34 under
1198 1216 150 43 utgifter
1364 1216 55 33 för
1435 1216 154 42 kapital-

98 1273 136 42 ökning
258 1272 132 43 (punkt
414 1276 19 29 6
458 1284 46 22 av
528 1271 62 34 det
613 1271 63 34 vid
701 1270 271 44 propositionen
996 1270 129 43 fogade
1151 1270 170 43 utdraget
1337 1282 45 22 av
1399 1270 191 34 statsråds-

98 1327 221 42 protokollet
353 1329 85 30 över
471 1324 385 35 ecklesiastikärenden
890 1324 55 34 för
979 1324 68 34 den
1072 1328 20 29 4
1115 1324 143 42 januari
1286 1324 97 42 1937)
1408 1323 183 43 föreslagit

99 1380 190 43 riksdagen
323 1384 56 29 att
410 1380 11 33 i
446 1379 158 34 avbidan
627 1379 48 42 på
699 1379 69 33 den
791 1378 225 43 proposition
1040 1378 11 33 i
1077 1381 132 37 ämnet,
1235 1390 76 22 som
1333 1378 121 33 kunde
1478 1377 113 34 varda

99 1434 191 42 riksdagen
314 1433 170 42 förelagd,
509 1433 54 33 till
588 1431 220 44 nybyggnad
834 1431 54 34 för
905 1432 44 33 de
965 1432 195 33 teoretiska
1177 1431 295 34 institutionerna
1484 1443 45 21 m.
1544 1443 46 21 m.

99 1488 63 33 vid
185 1487 207 34 karolinska
415 1486 362 42 mediko-kirurgiska
800 1485 186 34 institutet
1010 1485 54 33 för
1088 1485 216 42 budgetåret
1328 1485 188 37 1937/1938
1532 1485 59 33 be-

100 1541 113 34 räkna
237 1545 55 29 ett
316 1540 365 42 reservationsanslag
704 1551 46 21 av
777 1542 141 37 100,000
941 1538 142 34 kronor.

145 1594 208 35 Sedermera
376 1594 65 33 har
466 1593 132 42 Kungl.
624 1592 112 43 Maj:t
759 1592 11 33 i
794 1592 271 43 propositionen
1086 1604 42 21 nr
1144 1595 75 36 219,
1237 1592 113 33 under
1367 1591 226 43 åberopande

101 1661 45 21 av
170 1648 271 43 propositionen
466 1647 113 42 bilagt
603 1646 132 43 utdrag
758 1658 46 21 av
828 1645 398 43 statsrådsprotokollet
1250 1649 84 30 över
1354 1645 239 34 ecklesiastik-

102 1702 156 34 ärenden
283 1702 55 33 för
362 1701 69 34 den
456 1705 19 30 5
500 1713 94 21 mars
621 1704 95 36 1937,
742 1700 184 42 föreslagit
950 1699 190 43 riksdagen
1165 1704 56 29 att

146 1756 74 34 dels
252 1756 55 34 till
332 1755 219 43 nybyggnad
576 1754 55 34 för
655 1754 45 34 de
724 1754 195 34 teoretiska
943 1754 296 34 institutionerna
1263 1766 45 21 m.
1334 1765 45 22 m.
1405 1753 62 34 vid
1490 1753 103 34 karo-

101 1810 117 33 linska
235 1808 363 43 mediko-kirurgiska
615 1808 186 34 institutet
821 1808 20 33 å
859 1808 61 33 det
937 1819 25 22 s.
979 1807 34 34 k.
1032 1806 379 35 Norrbackaområdet
1426 1807 11 34 i
1454 1806 140 34 huvud-

102 1863 114 42 saklig
240 1862 354 35 överensstämmelse
618 1862 82 33 med
724 1862 11 33 i
760 1861 226 34 sistnämnda
1002 1861 358 42 statsrådsprotokoll
1377 1860 217 40 omförmält,

103 1929 45 21 av
183 1917 205 33 arkitekten
412 1916 95 33 Ture
530 1915 149 43 Ryberg
702 1914 173 43 uppgjort
900 1913 293 43 tävlingsförslag
1217 1914 125 33 anvisa
1367 1914 54 33 för
1445 1914 149 41 budget-

103 1970 77 33 året
206 1969 189 42 1937/1938
420 1973 54 29 ett
498 1968 374 42 reservationsanslag,
898 1972 57 29 att
979 1968 87 41 utgå
1090 1979 46 21 av
1160 1967 208 39 lånemedel,
1393 1979 45 21 av
1455 1970 140 36 100,000

102 2024 147 39 kronor;

148 2077 74 34 dels
254 2076 177 43 medgiva,
457 2080 56 30 att
538 2075 54 34 till
616 2075 228 43 uppförande
869 2087 45 22 av
939 2087 44 21 en
1007 2074 168 43 byggnad
1202 2074 54 34 för
1281 2075 68 33 den
1373 2074 223 34 biokemiska

104 2130 239 42 avdelningen
368 2142 45 21 av
439 2130 61 33 det
524 2129 222 33 medicinska
770 2128 307 34 Nobelinstitutet
1101 2129 59 33 må
1185 2128 215 42 avgiftsfritt
1424 2128 66 33 och
1515 2128 80 33 med

104 2183 272 43 nyttjanderätt
400 2188 95 29 samt
519 2183 113 33 under
656 2182 130 33 villkor
810 2182 10 33 i
846 2182 128 42 övrigt,
1000 2194 76 21 som
1101 2194 45 21 av
1164 2182 133 42 Kungl.
1315 2181 111 42 Maj:t
1442 2182 155 33 bestäm-

105 2249 86 27 mas,
217 2238 20 32 å
262 2236 379 35 Norrbackaområdet
666 2235 168 42 upplåtas
859 2240 54 29 ett
937 2235 243 34 tomtområde
1204 2235 100 33 invid
1323 2235 67 33 den
1408 2234 190 34 tillärnade

104 2290 255 33 institutionen
384 2289 55 33 för
463 2289 197 33 medicinsk
684 2288 110 39 kemi;

150 2343 74 33 dels
258 2343 67 33 ock
358 2342 177 42 medgiva,
565 2346 57 29 att
646 2341 54 34 till
726 2341 226 42 uppförande
977 2353 45 21 av
1047 2345 55 29 ett
1125 2341 134 33 kårhus
1283 2345 95 29 samt
1402 2341 195 33 eventuellt

106 2396 217 34 bostadshus
360 2395 54 34 för
450 2395 173 33 medicine
659 2394 219 34 studerande
914 2394 61 33 vid
1008 2394 206 33 karolinska
1239 2393 360 42 mediko-kirurgiska

107 2449 185 34 institutet
332 2450 58 32 må
426 2448 216 42 avgiftsfritt
676 2448 65 33 och
779 2448 79 33 med
885 2447 271 42 nyttjanderätt
1180 2452 95 28 samt
1299 2447 113 33 under
1436 2447 129 33 villkor
1590 2447 8 33 i

143 2513 102 31 Bihang
267 2513 39 25 till
324 2513 153 30 riksdagens
496 2511 132 32 protokoll
647 2514 78 23 1937.
764 2514 15 22 6
798 2511 74 25 saml.
911 2511 39 25 Nr
969 2513 149 24 116-—117.
1550 2513 11 22 1
