2204 2632
429 203 19 30 8
887 203 248 32 Statsutskoltels
1158 204 169 32 Memorial
1349 205 60 29 N:o
1432 205 77 32 105.

512 282 17 36 I
573 282 157 38 berörda
770 282 214 45 hänseende
1024 282 68 37 har
1133 281 138 51 Kongl.
1310 282 109 50 Maj:t
1445 282 13 37 i
1485 283 497 51 statsverkspropositionen

383 333 212 50 föreslagit,
636 340 56 32 att
733 333 247 38 omförmälda
1020 333 137 51 belopp
1199 337 117 35 måtte
1344 333 237 52 anvisas,att
1608 339 94 47 utgå
1730 338 20 35 å
1778 335 205 39 riksstaten

384 390 103 33 utom
517 385 310 39 hufvudtitlarna.
1567 432 4 4 ,
1884 428 5 7 .

512 437 199 39 Utskottet
737 439 68 37 har
832 438 171 37 häremot
1030 437 84 38 icke
1142 440 120 48 något
1289 443 58 32 att
1375 436 124 40 erinra
1527 438 72 42 och
1618 439 218 52 hemställer
1856 439 124 51 alltså,

1151 561 60 35 6:0

913 651 56 32 att
1009 645 173 51 anslaget
1221 646 59 37 för
1311 646 317 38 nästkommande
1658 649 40 35 år
1725 649 20 35 å
1774 648 205 48 3,500,000

782 698 142 37 kronor
960 697 58 37 till
1046 698 245 37 anskaffande
1321 698 42 37 af
1388 712 51 36 ny
1465 698 118 50 rörlig
1612 698 169 38 materiel
1808 699 65 37 vid
1902 705 77 32 sta-

780 755 86 32 tens
907 749 117 38 redan
1056 750 224 37 trafikerade
1304 750 208 50 jernvägar
1539 753 61 35 må
1627 751 148 37 anvisas
1804 756 56 33 att
1887 755 93 47 utgå

781 804 21 35 å
829 801 207 38 riksstaten
1064 802 60 37 för
1152 805 40 34 år
1223 804 96 35 1899
1349 808 107 32 utom
1484 802 311 50 hufvudtitlarne.

511 902 87 38 Med
639 903 210 51 anledning
891 904 42 37 af
961 904 139 50 Kongl.
1140 905 127 49 Maj:ts
1296 905 330 50 framställningar
1654 907 324 50 (statsutskottets

382 955 197 37 utlåtande
621 969 62 23 n:o
725 955 62 50 47)
825 957 69 36 har
923 957 222 48 Riksdagen
1174 957 57 37 för
1259 960 40 34 år
1331 959 96 35 1899
1458 958 158 50 beviljat
1644 959 168 50 följande
1841 959 138 49 anslag

382 1006 60 37 till
464 1007 473 50 jernvägsanläggningar
965 1008 58 37 för
1051 1014 147 32 statens
1226 1009 181 50 räkning,
1436 1010 211 49 nemligen:

511 1059 58 36 till
609 1061 237 48 fortsättning
883 1062 46 46 af
966 1061 210 37 statsbanan
1217 1062 134 37 mellan
1394 1062 126 37 Boden
1562 1064 62 36 och
1670 1064 98 36 Ytter
1810 1064 168 49 Morjärv

385 1112 200 48 1,300,000
614 1112 152 48 kronor,

510 1162 58 37 till
606 1164 233 49 fortsättning
881 1165 46 47 af
950 1165 210 36 statsbanan
1188 1166 134 36 mellan
1350 1165 136 50 Krylbo
1515 1167 63 37 och
1609 1160 132 45 Örebro
1771 1168 206 48 3,800,000

382 1215 156 48 kronor,

511 1266 60 37 till
605 1267 232 48 påbörjande
879 1269 45 46 af
955 1282 41 23 en
1024 1270 185 36 statsbana
1236 1270 88 46 från
1355 1268 172 52 Göteborg
1556 1272 100 48 öfver
1690 1271 203 38 Uddevalla
1923 1272 56 36 till

381 1318 89 38 Skee
499 1320 164 47 750,000
694 1320 150 48 kronor,

511 1371 71 37 och
611 1371 58 37 till
688 1372 231 48 påbörjande
949 1373 44 48 af
1017 1386 41 23 en
1078 1375 185 35 statsbana
1282 1373 91 49 från
1391 1374 182 37 Gellivare
1592 1375 97 47 förbi
1708 1375 268 37 Luossavaara

381 1424 63 36 och
472 1423 279 37 Kirunavaara
778 1425 181 47 malmfält
978 1425 55 36 till
1051 1426 233 48 riksgränsen
1299 1425 206 50 irigtning
1522 1432 77 32 mot
1615 1426 137 38 Ofoten
1770 1429 206 47 5,400,000

382 1476 153 47 kronor,
578 1476 86 37 med
706 1480 74 32 rätt
821 1475 58 38 för
912 1476 141 49 Kongl.
1083 1477 106 48 Maj:t
1217 1483 54 31 att
1298 1477 77 38 låta
1403 1478 41 37 af
1469 1479 236 36 sistnämnda
1733 1479 140 50 belopp
1902 1479 72 37 för-

381 1527 188 37 skottsvis
598 1527 120 37 under
745 1527 260 39 innevarande
1034 1532 39 34 år
1102 1529 41 37 af
1166 1529 248 50 tillgängliga
1443 1530 124 38 medel
1582 1530 211 38 utanordna
1811 1533 164 47 750,000

381 1579 152 37 kronor.

511 1630 70 38 Om
624 1636 116 32 sättet
780 1631 59 38 för
880 1632 249 38 anskaffande
1171 1632 40 37 af
1248 1632 113 38 dessa
1402 1633 147 51 belopp,
1584 1633 149 51 åligger
1766 1635 65 37 det
1860 1640 115 33 stats-

381 1683 190 37 utskottet
599 1689 56 31 att
683 1697 51 23 nu
762 1683 145 49 afgifva
934 1684 190 49 yttrande.
1544 1684 8 2 |

512 1735 142 49 Kongl.
685 1735 105 49 Maj:t
818 1736 70 37 har
917 1736 211 50 föreslagit,
1158 1742 56 31 att
1242 1736 185 51 anslagen
1457 1737 55 37 till
1531 1738 251 50 fortsättning
1802 1738 42 38 af
1860 1744 115 32 stats-

381 1787 173 37 banorna
584 1787 138 37 mellan
750 1787 132 38 Boden
912 1788 72 37 och
1012 1788 112 37 Ytter
1153 1789 164 48 Morjärv
1338 1795 100 31 samt
1457 1790 140 37 mellan
1618 1790 144 49 Krylbo
1788 1790 71 37 och
1881 1781 93 47 Öre-

382 1840 80 48 bro,
493 1839 251 37 tillsammans
774 1840 203 49 5,100,000
1006 1840 153 49 kronor,
1189 1844 116 33 måtte
1333 1841 155 44 anvisas
1517 1847 56 32 att
1601 1845 93 46 utgå
1722 1845 19 34 å
1761 1842 212 38 riksstaten

382 1897 104 31 utom
516 1891 313 49 hufvudtitlarne,
858 1892 71 37 och
959 1892 68 37 har
1055 1892 190 37 utskottet
1273 1893 32 49 ej
1335 1896 121 46 något
1483 1899 56 32 att
1567 1895 171 36 deremot
1765 1894 138 38 erinra.

510 1943 242 37 Beträffande
795 1944 73 37 den
910 1943 261 38 bohuslänska
1205 1945 124 37 banan
1363 1951 98 31 samt
1484 1946 213 49 jernvägen
1728 1946 245 37 Gellivare—

380 1995 251 48 riksgränsen
660 1995 69 37 har
756 1996 42 36 af
821 1995 141 50 Kongl.
992 1996 125 50 Maj:ts
1146 1996 234 50 ifrågasatts,
1410 2003 55 31 att
1492 1997 46 37 de
1558 1997 58 38 till
1637 1998 110 37 dessa
1770 1999 203 49 jernvägs-

382 2046 285 50 anläggningar
695 2047 58 37 för
780 2047 320 38 nästkommande
1128 2051 40 34 år
1197 2047 186 50 beviljade
1414 2048 122 38 medel
1565 2050 124 37 skulle
1709 2054 91 45 utgå
1819 2050 43 37 af
1876 2050 97 37 riks-

381 2098 304 49 gäldskontoret.
740 2099 57 37 Då
826 2099 212 38 emellertid
1067 2100 348 49 statsregleringen
1445 2101 145 37 lemnar
1618 2102 165 49 tillgång
1803 2107 57 32 att
1880 2109 91 30 utan

382 2150 212 50 upplåning
637 2151 160 37 betäcka
839 2152 34 48 ej
918 2151 145 38 mindre
1106 2152 85 37 hela
1233 2152 65 37 det
1331 2153 59 37 för
1418 2153 332 42 bohusilänsbanan
1782 2154 190 49 beviljade

383 2203 180 49 beloppet
594 2204 162 47 750,000
785 2203 153 49 kronor,
968 2208 46 32 än
1043 2204 113 37 äfven
1186 2205 40 36 af
1250 2205 176 49 anslaget
1455 2205 57 37 för
1534 2206 215 50 jernvägen
1778 2205 194 38 Gellivare

381 2255 301 48 —Triksgränsen
711 2255 63 37 det
803 2255 139 50 belopp
973 2259 19 33 å
1020 2255 184 38 likaledes
1235 2258 163 47 750,000
1427 2257 151 49 kronor,
1599 2271 82 24 som
1703 2258 140 49 Kongl.
1865 2258 107 49 Maj:t
