1856 2780
533 184 284 29 Statsutskottets
839 183 180 29 utlåtande
1039 192 43 19 nr
1104 181 72 29 107.
1562 178 36 28 11

111 266 214 38 hetsgrenar.
346 265 65 29 Det
431 265 97 29 torde
549 274 82 20 vara
652 264 204 39 uppenbart,
877 265 51 27 att
948 263 67 29 den
1035 263 89 28 mest
1143 260 248 31 kvalificerade
1413 258 187 40 diagnosti-

108 310 72 29 ken
202 309 151 39 alltjämt
374 309 63 30 bör
458 309 198 30 tillkomma
677 308 154 30 nämnda
851 308 91 30 båda
963 305 371 32 centrallaboratorier.
1357 305 49 28 De
1428 303 173 30 varandra

115 355 143 30 särskikt
292 354 226 39 närliggande
553 353 294 38 bakteriologiska
882 353 65 29 och
982 351 211 38 virologiska
1228 349 373 39 diagnostikgrenarna

112 400 64 29 bör
197 399 75 29 icke
296 398 124 39 skiljas
444 399 81 29 från
546 398 174 30 varandra
742 398 64 29 och
829 397 68 29 den
920 396 147 29 centralt
1089 395 167 29 bedrivna
1279 393 245 39 diagnostiken
1547 392 55 29 be-

113 443 179 30 träffande
319 443 296 39 bakteriologiska
642 443 65 29 och
735 441 212 39 virologiska
975 440 208 40 sjukdomar
1211 440 64 28 hos
1303 437 206 31 människor
1538 437 64 29 och

112 489 86 38 djur
214 488 119 31 därför
350 488 111 29 under
478 487 239 30 överblickbar
733 486 49 30 tid
799 486 180 39 kvarligga
995 485 56 30 vid
1068 483 224 31 laboratoriet
1309 492 89 30 resp.
1418 481 184 30 anstalten.

114 533 207 38 Diagnostik
343 533 65 28 och
429 532 226 39 tillverkning
676 532 45 38 på
742 531 57 29 det
820 530 212 39 virologiska
1053 528 159 30 området
1233 528 62 29 bör
1317 526 285 31 sammanhållas.

114 578 54 28 En
189 577 331 40 sammankoppling
542 586 41 20 av
603 576 260 39 produktionen
885 585 42 19 av
947 574 312 39 virusympämnen
1280 572 79 29 med
1381 580 43 21 en
1445 571 159 37 diagnos-

114 622 71 29 tisk
204 622 223 29 verksamhet
447 621 137 29 medför
603 621 89 29 flera
712 620 162 30 fördelar.
894 618 208 40 Diagnostik
1121 618 66 29 och
1206 614 398 42 ympämnesberedning

116 666 176 39 utnyttjar
312 666 149 30 sålunda
481 675 135 20 samma
636 664 154 30 metodik
810 665 65 29 och
897 664 55 29 för
972 663 90 29 båda
1082 661 210 31 ändamålen
1311 661 126 29 kräves
1457 659 116 38 odling
1594 658 10 28 i

117 713 73 28 stor
210 711 98 29 skala
327 711 54 29 för
401 710 262 39 framställning
683 719 42 20 av
744 709 67 29 den
830 708 129 39 mängd
979 707 106 34 virus,
1106 716 76 20 som
1202 706 88 29 skall
1309 705 82 38 ingå
1410 705 11 28 i
1441 705 49 28 ett
1508 712 98 30 ymp-

116 756 103 29 ämne
242 765 89 30 resp.
356 754 142 39 antigen
522 754 54 30 för
600 754 190 38 serologisk
813 751 211 40 diagnostik.
1048 752 76 28 Den
1149 750 169 39 specifika
1342 748 199 31 kontrollen
1565 756 41 20 av

116 801 254 38 ympämnenas
396 799 297 39 verkningsvärde
720 798 132 30 utföres
879 797 80 29 med
986 806 43 20 en
1055 795 167 34 metodik,
1249 803 75 21 som
1350 794 73 29 helt
1449 794 157 28 överens-

118 846 167 28 stämmer
310 844 79 30 med
415 843 274 39 diagnostikens.
716 843 53 29 En
794 842 115 29 direkt
934 841 149 29 kontakt
1109 840 80 29 med
1215 838 246 39 diagnostiken
1486 845 121 31 garan-

117 891 94 28 terar
237 889 118 30 vidare
384 888 167 30 snabbast
578 887 145 39 möjliga
750 886 200 30 kännedom
979 895 57 20 om
1063 883 374 40 virussjukdomarnas
1467 882 140 38 uppträ-

117 934 114 29 dande
260 934 9 29 i
298 933 118 30 landet
444 933 65 29 och
538 932 217 29 underlättar
783 928 464 42 ympämnesberedningens
1276 926 215 40 anpassning
1520 925 87 29 efter

118 979 58 29 det
196 978 153 29 aktuella
367 976 310 40 epidemiologiska
696 976 100 39 läget.
817 975 13 29 I
850 974 100 39 fråga
969 983 58 21 om
1045 973 94 30 vissa
1158 971 318 39 virussjukdomar,
1496 978 112 21 exem-

119 1023 110 39 pelvis
261 1022 188 34 influensa,
483 1021 184 30 förändras
700 1020 95 29 virus
826 1018 297 39 immunologiska
1156 1016 213 39 egenskaper
1402 1015 119 29 undan
1554 1013 54 30 för

120 1067 130 29 undan.
274 1067 67 29 För
364 1064 445 41 ympämnesberedningen
832 1065 38 28 är
894 1064 58 29 det
976 1072 42 20 av
1041 1060 284 41 grundläggande
1348 1059 186 39 betydelse,
1559 1059 50 28 att

119 1112 103 29 dessa
252 1110 246 39 förändringar
528 1110 114 39 följes,
671 1109 107 29 vilket
806 1108 120 29 tillhör
955 1106 264 39 diagnostikens
1249 1104 187 39 uppgifter,
1466 1103 63 29 och
1559 1103 50 28 att

120 1156 98 39 varje
247 1155 293 40 nyuppträdande
569 1153 235 30 virusvariant
834 1151 191 39 omgående
1056 1149 175 40 utnyttjas
1262 1149 54 29 för
1345 1142 265 49 ympämnesbe-

120 1200 203 39 redningen.
344 1199 252 39 Utvecklingen
615 1198 96 29 inom
730 1196 258 31 virusområdet
1008 1197 37 28 är
1065 1195 24 29 f.
1110 1204 33 19 n.
1165 1193 222 40 synnerligen
1407 1191 104 39 livlig.
1532 1190 78 29 Med

120 1246 140 37 hänsyn
285 1245 51 30 till
363 1244 68 30 den
457 1244 139 38 mycket
621 1241 214 40 begränsade
862 1240 191 39 tillgången
1078 1239 46 40 på
1149 1238 170 38 virologer
1345 1238 63 28 bör
1434 1236 177 30 verksam-

121 1290 105 29 heten
248 1289 70 30 tills
339 1288 119 30 vidare
480 1288 249 29 koncentreras
752 1286 52 29 till
826 1288 49 27 ett
897 1285 87 29 fåtal
1005 1283 250 30 institutioner.
1278 1282 65 29 Det
1366 1290 103 30 synes
1492 1279 119 30 därför

122 1336 91 27 mest
230 1333 292 38 ändamålsenligt
538 1334 51 28 att
605 1332 71 29 tills
693 1331 117 30 vidare
827 1330 72 30 låta
916 1330 41 29 de
975 1327 241 40 diagnostiska
1235 1326 284 38 serviceorganen
1536 1324 75 29 allt-

121 1379 92 38 jämt
232 1378 241 29 omhänderha
492 1376 271 39 tillverkningen
782 1384 41 20 av
842 1373 212 39 virologiska
1073 1373 174 38 preparat.
1268 1370 65 29 Vid
1353 1379 43 20 en
1417 1368 194 38 avdelning,

122 1422 157 30 inriktad
300 1421 223 30 uteslutande
543 1421 44 39 på
608 1419 210 39 diagnostik,
840 1418 112 29 måste
975 1426 74 20 som
1071 1426 43 20 en
1134 1414 236 39 ofrånkomlig
1391 1413 221 30 konsekvens

123 1477 43 20 av
189 1466 306 38 nödvändigheten
519 1467 50 27 att
592 1464 94 29 hålla
710 1473 43 20 en
776 1462 188 38 tillräcklig
988 1460 194 39 beredskap
1207 1459 216 39 uppkomma
1447 1459 48 27 ett
1519 1465 94 21 avse-

123 1513 77 28 värt
224 1511 78 39 spill
324 1511 65 29 och
412 1508 286 30 driftkostnaden
720 1508 48 29 bli
789 1508 78 37 hög.
891 1506 132 29 Genom
1045 1503 243 31 kombination
1311 1502 79 30 med
1413 1501 200 38 vaccinpro-

123 1555 150 31 duktion
298 1555 71 29 kan
396 1554 116 29 denna
538 1553 184 38 olägenhet
749 1552 158 29 avsevärt
934 1549 169 30 minskas.
1132 1547 264 30 Produktionen
1423 1555 42 21 av
1491 1545 124 29 virolo-

125 1601 100 39 giska
241 1601 164 38 preparat
421 1599 72 29 kan
512 1597 147 30 sålunda
676 1597 11 29 i
705 1596 128 39 dagens
851 1596 76 38 läge
946 1604 40 19 ur
1003 1593 93 30 vissa
1115 1592 218 39 synpunkter
1352 1599 102 21 anses
1472 1598 82 21 vara
1571 1598 43 20 en

123 1644 191 40 biprodukt
340 1643 81 30 från
446 1643 68 29 den
539 1640 241 40 diagnostiska
803 1639 280 30 verksamheten.
1111 1636 250 38 Utvecklingen
1387 1635 45 39 på
1458 1633 157 31 området

125 1691 39 28 är
184 1689 23 29 f.
229 1698 32 20 n.
281 1690 125 37 ytterst
427 1687 120 29 snabb.
567 1685 202 30 Metoderna
788 1685 64 28 har
872 1685 96 28 ännu
987 1683 76 29 icke
1084 1681 229 30 stabiliserats
1334 1680 65 29 och
1419 1679 77 29 hela
1517 1677 99 30 verk-

125 1734 184 29 samheten
330 1732 161 29 befinner
514 1731 50 39 sig
586 1730 11 29 i
618 1730 72 30 viss
712 1727 245 39 utsträckning
978 1727 45 40 på
1045 1724 354 41 experimentstadiet.
1424 1724 59 28 Att
1506 1722 110 29 under

125 1778 135 29 sådana
279 1776 246 30 förhållanden
543 1774 187 39 överflytta
748 1772 271 38 tillverkningen
1036 1771 45 39 på
1100 1779 43 20 en
1163 1769 160 33 särskild,
1344 1768 54 29 för
1418 1766 198 30 ändamålet

125 1822 127 30 hittills
275 1821 154 39 oprövad
451 1819 240 39 organisation
714 1826 101 30 synes
839 1818 105 37 ägnat
968 1817 50 28 att
1041 1815 78 38 inge
1143 1814 120 29 starka
1284 1812 287 38 betänkligheter.

171 1919 65 29 Det
261 1918 147 30 anförda
433 1918 65 28 har
522 1917 71 28 helt
617 1916 178 37 övertygat
819 1910 389 42 departementschefen
1232 1919 57 20 om
1313 1908 304 38 nödvändigheten

128 1981 43 21 av
191 1974 50 27 att
261 1971 110 29 under
391 1971 69 29 den
479 1969 61 34 tid,
561 1978 76 20 som
658 1968 23 29 f.
703 1977 32 20 n.
755 1968 71 28 kan
846 1965 226 34 överblickas,
1094 1963 173 30 bibehålla
1287 1961 269 38 tillverkningen
1577 1969 41 19 av

128 2025 210 39 virologiska
362 2025 165 38 preparat
550 2022 56 29 vid
631 2023 132 28 statens
787 2018 295 39 bakteriologiska
1105 2015 261 31 laboratorium.
1392 2012 225 31 Beträffande

129 2079 125 38 frågan
279 2087 56 20 om
361 2076 267 39 förläggningen
653 2083 42 20 av
719 2073 117 39 övriga
860 2072 97 29 delar
983 2081 42 19 av
1049 2069 243 30 laboratoriets
1316 2067 215 40 produktion
1555 2066 64 28 har

129 2129 388 42 departementschefen
539 2129 44 38 på
609 2127 247 38 utredningens
880 2123 203 30 nuvarande
1107 2123 154 29 stadium
1285 2121 56 30 vid
1364 2119 256 38 bedömningen

132 2194 42 20 av
193 2185 57 28 det
270 2183 154 29 aktuella
443 2182 242 29 lokalbehovet
706 2181 113 27 ansett
839 2178 51 39 sig
909 2178 85 28 böra
1014 2176 82 39 utgå
1116 2175 81 29 från
1218 2176 49 28 att
1287 2174 205 29 densamma
1511 2172 11 28 i
1541 2172 78 28 dess

130 2238 118 29 helhet
271 2237 71 28 kan
364 2236 144 28 komma
532 2236 50 27 att
605 2233 162 37 utflyttas
792 2231 79 29 från
895 2228 234 31 laboratoriet.
1155 2227 116 38 Enligt
1295 2226 79 29 från
1399 2224 222 30 laboratorie-

132 2289 267 31 föreståndaren
422 2286 203 29 inhämtade
649 2284 176 39 uppgifter
849 2283 112 29 skulle
984 2281 121 29 därvid
1130 2279 149 39 frigöras
1301 2277 162 38 omkring
1488 2277 60 28 770
1573 2280 48 24 m:?

131 2342 149 30 effektiv
303 2341 148 38 golvyta.
476 2339 26 28 Å
526 2339 108 29 andra
661 2337 100 29 sidan
786 2335 208 39 uppskattas
1019 2334 41 28 de
1086 2333 54 28 för
1164 2330 262 31 virusändamål
1452 2329 170 30 erforder-

134 2397 67 37 liga
222 2395 109 29 ökade
352 2395 222 36 utrymmena
595 2391 50 29 till
665 2389 161 38 omkring
849 2389 13 28 1
880 2388 62 29 900
965 2391 57 24 m?.
1043 2386 108 28 Dessa
1173 2387 199 36 utrymmen
1393 2392 101 20 anses
1514 2382 109 37 lämp-

134 2449 91 38 Jigen
248 2448 82 28 böra
354 2445 259 30 sammanföras
637 2443 48 29 till
711 2452 41 20 en
775 2442 113 29 enhet.
911 2440 127 30 Vidare
1062 2438 183 38 föreligger
1267 2438 48 28 ett
1338 2436 205 29 lokalbehov
1566 2443 56 20 om

134 2502 96 30 cirka
257 2500 91 29 1245
375 2503 56 29 m?2,
455 2497 168 30 avseende
646 2497 44 28 bl.
714 2506 28 19 a.
767 2495 130 29 sådana
921 2492 174 33 ändamål,
1120 2501 73 19 som
1218 2489 211 30 omfattades
1454 2488 105 29 redan
1582 2496 41 19 av
