2226 2622
392 189 40 30 10
875 189 298 30 Bankoutskottets
1195 189 177 31 utlåtande
1396 189 52 30 Nr
1470 190 53 29 28.

495 269 71 31 dels
591 270 58 30 ock
672 266 161 42 medgiva
857 266 436 43 justitieombudsmannen
1324 271 49 28 att
1397 278 44 22 av
1469 268 85 31 1919
1582 268 55 32 års
1662 268 271 43 förslagsanslag
1955 268 53 34 till

387 310 215 43 avlöningar,
641 311 261 33 resekostnader
932 312 64 31 och
1021 322 168 31 expenser
1217 315 53 29 för
1292 312 437 42 justitieombudsmannen
1754 312 64 32 och
1842 313 88 32 hans
1954 325 51 21 ex-

387 355 154 44 pedition
580 357 172 36 använda,
783 361 122 27 utöver
929 358 93 30 förut
1049 356 167 33 anvisade
1241 357 132 42 belopp.
1403 356 197 43 ytterligare
1632 360 99 37 högst
1756 360 99 34 2,000
1879 357 127 33 kronor

386 402 56 31 för
479 401 264 33 bortarbetande
782 412 44 22 av
867 402 239 41 uppkommen
1148 401 238 33 arbetsbalans
1424 403 21 30 &
1482 402 523 42 justitieombudsmansexpedi-

388 445 146 33 tionen.»

495 527 133 47 Enligt
670 528 314 36 bankoutskottet
1024 528 327 36 tillhandakomna
1393 528 347 47 protokollsutdrag
1767 529 113 35 hava
1913 529 93 36 riks-

389 581 141 46 dagens
575 582 150 35 kamrar
764 582 176 36 hänvisat
963 581 496 49 justitieombudsmannens
1492 582 288 46 ifrågavarande
1809 582 196 36 framställ-

388 635 93 46 ning
509 635 59 36 till
597 635 196 37 utskottet.

495 742 90 35 Med
629 742 148 48 hänsyn
819 742 59 35 till
921 743 71 34 vad
1031 742 475 48 justitieombudsmannen
1539 741 11 35 i
1582 742 157 35 ärendet
1773 742 134 40 anfört,
1939 743 68 35 har

388 794 186 37 utskottet
614 803 125 28 ansett
781 795 58 47 sig
882 795 89 36 böra
999 795 192 48 tillstyrka
1224 795 105 35 bifail
1357 795 60 35 till
1449 795 329 47 framställningen
1808 796 69 35 och
1907 797 98 34 hem-

385 849 132 35 ställer
545 849 111 47 förty,

929 905 55 32 att
1011 902 207 45 riksdagen
1247 904 59 33 må

932 956 70 46 1:0)
1033 956 83 34 från
1147 956 69 35 och
1246 956 85 34 med
1362 957 41 33 år
1436 957 101 33 1920
1566 955 142 48 bevilja
1738 959 54 32 ett
1812 955 113 47 årligt
1945 967 60 24 an-

820 1009 82 46 slag
945 1021 46 23 av
1026 1011 117 38 6,000
1176 1009 136 35 kronor
1336 1012 66 40 att,
1435 1015 98 29 emot
1562 1008 158 47 behörig
1747 1009 255 46 redovisning,

821 1064 194 33 användas
1057 1063 60 35 till
1159 1062 243 36 bestridande
1445 1074 46 23 av
1534 1074 189 35 expenser
1763 1063 57 35 för
1844 1063 161 48 justitie-

821 1116 345 35 ombudsmannens
1209 1117 68 34 och
1320 1115 492 48 tryckfrihetskommitténs
1855 1116 150 47 expedi-

821 1169 91 45 tion,
944 1169 395 44 vikariatsersättning
1369 1182 46 22 m.
1448 1181 59 29 m.,
1540 1169 70 35 och

933 1223 71 48 2:0)
1036 1223 173 46 medgiva
1233 1222 477 49 justitieombudsmannen
1739 1226 55 32 att
1823 1235 47 24 av
1905 1225 99 33 1919

822 1279 59 33 års
922 1276 294 45 förslagsanslag
1258 1276 58 35 till
1351 1276 234 46 avlöningar,
1623 1276 291 36 resekostnader
1937 1277 70 35 och

821 1342 187 34 expenser
1041 1330 56 34 för
1127 1329 475 48 justitieombudsmannen
1633 1330 69 35 och
1733 1331 94 34 hans
1857 1330 151 47 expedi-

820 1383 81 35 tion
943 1385 184 40 använda,
1173 1388 131 29 utöver
1345 1384 102 34 förut
1489 1383 179 35 anvisade
1711 1382 149 48 belopp,
1895 1391 113 40 ytter-

820 1436 119 46 ligare
969 1437 110 46 högst
1119 1438 116 39 2,000
1267 1436 138 35 kronor
1438 1436 56 34 för
1522 1436 290 35 bortarbetande
1842 1449 46 23 av
1916 1449 91 35 upp-

820 1489 177 35 kommen
1053 1489 257 35 <arbetsbalans
1363 1492 22 31 å
1436 1488 572 49 justitieombudsmansexpedi-

820 1542 141 36 tionen.

500 1649 218 37 Stockholm
749 1650 73 34 den
853 1651 49 33 20
933 1661 97 23 mars
1064 1651 114 33 1919.

895 1756 53 35 På
976 1755 333 36 bankoutskottets
1344 1760 157 42 vägnar:

893 1862 163 36 ERNST
1084 1862 419 36 HEDENSTIERNA.

498 2063 58 28 Vid
581 2062 87 28 detta
693 2061 136 28 ärendes
854 2060 264 35 slutbehandling
1143 2061 83 27 hava
1251 2061 155 27 närvarit:

498 2116 39 20 av
562 2107 101 28 första
689 2107 200 27 kammaren:
915 2106 114 26 herrar
1054 2105 232 34 Hedenstierna,
1313 2105 148 35 Neiglick,
1487 2105 138 28 friherre
1648 2104 243 37 Langenskiöld,
1913 2105 94 29 Wick-

390 2161 85 26 man,
500 2152 215 33 Hedenström,
740 2150 146 36 Stenberg
911 2151 61 26 och
999 2150 157 33 Lindgren
1183 2153 83 24 samt

480 2206 39 19 av
543 2197 102 27 andra
671 2197 200 26 kammaren:
898 2195 114 27 herrar
1036 2194 204 34 Kristensson,
1267 2194 181 35 Gustafsson
1477 2195 7 26 i
1502 2190 133 38 Örebro,
1657 2193 137 37 Bogren,
1812 2195 194 35 Sommelius,

390 2241 173 35 Bäcklund,
590 2240 112 35 Lovén,
728 2240 177 27 Andersson
938 2240 9 26 i
973 2239 189 27 Milsmaden
1188 2239 62 27 och
1276 2239 157 35 Hagman.
