1902 2856
462 165 398 33 Jordbruksutskottets
890 164 185 32 utlåtande
1102 164 53 32 Nr
1180 165 53 29 75.
1533 162 19 31 5

98 253 124 27 genom
251 243 242 38 upprättande
524 252 46 21 av
597 252 45 21 en
671 241 140 33 sektion
842 242 55 31 för
928 239 520 38 äggförsäljningsföreningar
1478 239 12 31 i
1519 239 75 31 viss

98 297 83 29 mån
203 296 153 30 inrättat
379 295 55 35 sig
457 295 55 31 för
534 293 203 33 ändamålet
760 294 11 30 i
794 294 116 36 fråga,
931 302 104 27 synes
1057 293 58 31 det
1138 292 73 36 mig
1234 292 99 35 ligga
1353 292 162 30 närmast
1538 290 56 32 till

98 348 122 35 hands,
246 347 54 32 att
324 346 157 32 nämnda
507 345 158 37 sällskap
692 348 91 28 även
809 345 12 31 i
848 344 236 32 förevarande
1111 344 66 31 fall
1203 343 297 35 omhändertager
1528 342 65 32 den

98 399 158 31 centrala
279 398 190 36 ledningen
493 408 46 21 av
562 396 412 37 organisationsarbetet,
998 395 132 32 varvid
1150 396 91 32 dock
1264 394 155 37 givetvis
1443 395 58 31 får
1525 394 69 31 för-

98 453 163 35 utsättas,
284 453 54 29 att
362 450 142 31 samråd
528 450 158 30 kommer
708 449 56 31 till
789 448 105 32 stånd
918 449 81 31 med
1023 447 166 36 Sveriges
1214 447 182 31 allmänna
1422 445 171 38 fjäderfä-

97 503 274 35 avelsförening.
416 502 62 32 Ett
501 504 167 29 närmare
693 500 251 36 övervägande
968 501 65 31 och
1057 498 396 38 ståndpunktstagande
1477 498 12 30 i
1514 498 80 31 den-

97 566 47 21 na
192 556 104 35 fråga
344 555 100 31 torde
488 553 197 32 emellertid
731 552 196 37 lämpligen
954 553 88 31 böra
1068 552 60 32 ske
1157 552 89 30 först
1274 551 12 31 i
1314 550 173 32 samband
1514 549 80 31 med

96 607 274 37 disponerandet
388 617 44 21 av
452 606 59 32 det
529 616 92 22 ovan
640 606 204 36 föreslagna
864 603 460 39 organisationsbidraget.»

136 711 54 32 Då
207 711 45 32 de
270 710 181 36 åtgärder,
471 720 75 22 som
566 710 11 30 i
599 708 236 32 förevarande
854 707 220 37 proposition
1095 708 148 31 föreslås
1264 707 57 31 till
1342 706 252 36 fjäderfäsköt-

94 763 93 32 selns
212 761 213 37 främjande,
447 762 90 31 utan
562 760 109 32 tvivel
696 762 131 34 utgöra
848 761 52 29 ett
913 758 268 37 betydelsefullt
1196 758 51 31 led
1263 757 13 33 i
1288 757 242 32 strävandena
1539 756 55 32 att

96 815 180 31 verksamt
301 813 201 38 upphjälpa
528 813 283 37 ifrågavarande
838 813 55 31 för
918 813 98 31 stora
1041 810 387 37 befolkningsgrupper
1454 809 143 36 viktiga

96 866 248 37 näringsgren,
368 865 118 31 finner
508 866 56 35 sig
585 865 173 31 utskottet
780 865 87 31 böra
889 863 185 37 tillstyrka
1096 865 54 30 att
1171 863 115 31 medel
1306 862 146 32 anvisas
1473 862 56 31 för
1554 861 40 32 de

96 918 154 32 avsedda
269 918 223 31 ändamålen.
513 917 76 32 Mot
608 917 43 32 de
669 916 204 33 beräknade
890 915 318 37 anslagsbeloppen
1226 915 66 31 har
1310 913 174 33 utskottet
1504 914 91 31 intet

96 972 53 30 att
175 970 131 31 erinra.
352 969 83 33 Med
461 969 174 32 avseende
661 971 20 30 å
708 968 193 36 ledningen
927 977 47 22 av
999 968 60 31 det
1086 967 206 35 föreslagna
1316 965 279 36 organisations-

95 1022 137 32 arbetet
255 1023 47 36 på
326 1022 238 31 förevarande
587 1021 154 36 område,
766 1020 114 32 skulle
902 1020 100 31 detta
1026 1020 114 36 enligt
1163 1018 265 37 propositionen
1453 1017 144 31 omhän-

95 1074 177 32 derhavas
296 1084 48 22 av
370 1073 165 36 Sveriges
562 1073 182 32 allmänna
771 1071 359 36 lantbrukssällskap.
1176 1071 183 32 Utskottet
1384 1070 67 31 vill
1477 1069 119 32 uttala

97 1128 54 30 att
175 1126 58 32 det
258 1127 102 36 synts
384 1125 184 37 utskottet,
591 1135 76 22 som
689 1135 57 21 om
770 1125 60 32 det
855 1123 240 37 naturligaste
1119 1133 85 22 vore
1227 1124 55 31 att
1305 1123 100 32 detta
1429 1122 172 36 uppdrag

94 1178 269 32 överlämnades
395 1178 58 31 till
485 1178 167 35 Sveriges
684 1178 185 30 allmänna
901 1175 440 37 fjäderfäavelsförening,
1374 1184 75 21 som
1482 1173 113 31 under

93 1240 45 20 en
161 1229 84 37 lång
270 1229 92 37 följd
388 1229 95 32 varit
509 1229 68 32 den
600 1229 150 31 ledande
774 1227 295 37 organisationen
1092 1227 46 36 på
1164 1226 336 37 fjäderfäskötselns
1526 1234 69 22 om-

94 1281 95 32 råde.
231 1279 33 33 Å
286 1281 115 32 andra
422 1280 105 33 sidan
551 1280 114 32 håller
688 1280 175 32 utskottet
885 1279 86 36 före,
995 1280 54 30 att
1072 1278 116 31 denna
1212 1278 105 36 fråga
1339 1277 63 31 bör
1424 1276 172 32 överläm-

94 1343 65 22 nas
180 1334 37 31 åt
241 1332 135 37 Kungl.
400 1332 129 37 Maj:ts
552 1332 73 31 fria
648 1331 277 32 bestämmande.

139 1384 122 32 Under
281 1384 223 36 åberopande
524 1394 46 21 av
587 1384 60 32 det
667 1384 154 31 anförda
840 1383 206 32 hemställer
1067 1382 183 35 utskottet,

537 1473 56 29 att
610 1470 195 36 riksdagen
824 1471 59 29 må

538 1521 32 36 1)
594 1522 74 31 dels
688 1522 149 36 besluta,
858 1523 53 30 att
932 1531 44 21 en
997 1520 96 36 fond,
1113 1520 177 31 benämnd
1311 1521 134 30 statens
1466 1518 132 36 fjäder-

498 1574 219 36 fälånefond,
743 1573 92 32 skall
859 1573 165 35 inrättas,
1050 1573 82 30 från
1159 1572 121 31 vilken
1303 1572 61 31 lån
1388 1572 58 30 må
1471 1570 127 32 utläm-

498 1636 65 21 nas
581 1626 57 31 till
655 1625 230 32 ekonomiska
904 1624 211 37 föreningar
1133 1624 80 31 med
1231 1623 167 32 ändamål
1418 1626 54 29 att
1490 1623 108 30 främ-

499 1678 39 37 ja
569 1678 257 36 avsättningen
857 1687 46 22 av
934 1679 71 35 ägg
1037 1677 57 31 för
1125 1675 235 38 anläggande,
1391 1675 208 32 inrättånde

494 1730 87 32 eller
620 1730 108 37 inköp
763 1740 49 21 av
848 1729 184 37 packerier
1060 1731 92 30 samt
1180 1728 113 36 lager-
1321 1728 65 31 och
1410 1728 186 31 konserve-

499 1782 238 37 ringslokaler
768 1782 56 31 för
854 1785 70 33 ägg
955 1782 81 31 med
1065 1781 218 31 tillhörande
1313 1780 192 36 inredning
1535 1779 65 31 och

499 1835 144 31 teknisk
662 1834 210 37 utrustning
892 1833 86 32 eller
1000 1834 55 31 för
1076 1833 229 37 ombyggnad
1326 1832 84 31 eller
1431 1832 169 36 tillbygg-

500 1886 71 32 nad
592 1897 45 21 av
656 1886 136 33 sådana
812 1886 185 37 packerier
1018 1885 65 31 och
1103 1885 136 31 lokaler
1258 1885 86 31 eller
1364 1884 64 31 ock
1450 1884 55 30 för
1527 1884 73 30 vid-

500 1938 155 37 tagande
677 1939 12 30 i
709 1938 127 37 dylika
857 1948 45 21 av
924 1937 166 32 tekniska
1112 1937 272 36 förbättringar,

541 1990 75 32 dels
645 1990 178 37 medgiva,
852 1991 56 30 att
937 1990 62 30 lån
1028 1999 44 21 ur
1102 1990 137 30 statens
1270 1987 331 37 fjäderfälånefond

499 2043 59 31 må
580 2042 180 31 utlämnas
781 2042 12 30 i
816 2040 243 37 huvudsaklig
1081 2040 350 32 överensstämmelse
1452 2040 82 31 med
1554 2049 48 21 av

498 2094 395 37 departementschefen
917 2093 203 36 tillstyrkta
1145 2093 166 36 grunder,

539 2147 76 31 dels
639 2147 62 30 ock
726 2147 118 30 såsom
866 2145 139 36 kapital
1031 2145 56 31 för
1111 2146 134 30 statens
1271 2143 331 37 fjäderfälånefond

502 2203 21 28 å
553 2199 195 31 riksstaten
779 2198 56 30 för
866 2198 213 36 budgetåret
1110 2196 171 36 1931/1932
1311 2195 108 33 bland
1449 2196 153 36 utgifter

502 2252 55 29 för
584 2249 274 37 kapitalökning
885 2249 113 31 under
1024 2249 127 31 rubrik
1178 2249 135 31 statens
1339 2248 262 36 utlåningsfon-

501 2303 62 30 der
582 2302 126 31 anvisa
726 2303 52 30 ett
795 2301 370 35 reservationsanslag
1185 2310 45 21 av
1248 2300 128 36 200,000
1394 2300 146 34 kronor;

541 2352 32 36 2)
599 2354 114 30 såsom
735 2352 394 36 organisationsbidrag
1152 2352 55 30 för
1228 2351 301 31 andelsrörelsens
1549 2352 53 31 ut-

501 2405 167 35 veckling
695 2406 46 34 på
770 2404 335 35 fjäderfäskötselns
1135 2403 143 31 område
1307 2403 55 30 för
1390 2403 213 35 budgetåret

1655 704 133 23 Utskottet.
