1900 2834
304 147 41 31 16
684 147 320 32 Bankoutskottets
1025 147 186 31 memorial
1233 135 57 44 Nr
1307 150 28 28 2.

260 224 218 32 riksbanken
502 225 64 31 och
590 225 435 36 privatbankskonsortiet
1048 225 69 32 den
1140 225 18 31 6
1179 224 199 37 september
1400 225 78 31 1934
1501 225 177 37 inbjudan
1702 225 56 31 till

259 276 170 37 teckning
454 287 45 20 av
524 285 92 23 nom.
644 277 177 35 70,000,000
848 277 53 31 kr.
929 287 44 21 av
1001 276 282 37 ifrågavarande
1310 276 71 31 lån.
1428 277 331 31 Emissionskursen

259 327 200 33 bestämdes
483 328 57 31 till
561 328 39 31 99
629 327 28 31 2
686 328 64 31 och
775 328 117 31 likvid
918 328 55 31 för
995 328 173 31 tecknade
1193 328 237 36 obligationer
1454 329 114 31 skulle
1593 329 166 36 erläggas

259 381 121 30 senast
403 380 67 31 den
493 380 37 31 15
554 379 208 37 påföljande
785 380 194 31 december.

298 430 69 32 Det
390 431 56 31 till
468 431 217 37 försäljning
708 431 181 37 utbjudna
909 431 162 37 beloppet
1093 431 278 33 övertecknades
1393 432 104 36 högst
1519 435 167 29 avsevärt
1708 443 48 21 re-

260 483 70 31 dan
355 492 137 21 samma
516 483 70 36 dag
610 482 211 37 kungörelse
847 493 57 21 om
925 483 216 37 teckningen
1164 483 287 37 offentliggjorts
1476 484 12 30 i
1513 484 245 37 tidningarna,

259 534 123 31 varför
405 544 44 21 en
469 534 100 31 stark
591 534 190 32 reduktion
803 545 46 20 av
873 535 41 31 de
937 535 172 31 tecknade
1133 535 172 37 beloppen
1326 536 113 30 måste
1461 538 68 34 äga
1550 546 89 21 rum.
1681 536 79 31 Den

258 586 39 30 31
320 586 183 31 december
524 586 78 31 1934
623 587 180 31 återstodo
825 586 209 37 oplacerade
1058 586 238 37 obligationer
1319 588 22 30 å
1364 587 152 37 tillhopa
1538 588 108 36 56,900
1666 588 51 31 kr.

299 690 77 30 1934
401 690 60 31 års
483 692 19 29 3
529 687 28 32 P2
586 688 269 33 statsräntelån.
900 690 77 31 Den
998 690 38 31 29
1058 689 191 32 november
1271 690 79 31 1934
1373 690 134 32 beslöto
1529 691 229 37 fullmäktige

258 741 55 30 att
335 740 58 32 till
416 740 137 32 inlösen
576 741 68 31 den
667 741 38 31 30
726 741 80 36 juni
827 741 78 31 19335
928 743 161 35 uppsäga
1113 741 170 37 samtliga
1305 742 209 31 emissioner
1537 752 45 22 av
1606 743 151 31 svenska

258 792 137 31 statens
419 792 42 31 3.6
487 791 28 31 2
544 793 174 35 räntelån,
741 792 154 37 utgivna
918 794 86 30 åren
1026 793 88 36 1887,
1137 793 79 31 1904
1237 794 65 30 och
1326 794 88 36 1909,
1439 796 167 30 ävensom
1631 795 11 30 i
1667 805 90 21 sam-

259 843 95 32 band
381 844 147 32 därmed
555 844 152 36 erbjuda
733 844 221 32 innehavare
982 855 45 20 av
1054 844 248 38 obligationer,
1330 845 218 33 tillhörande
1575 847 182 36 ifrågava-

258 895 111 31 rande
396 896 70 36 lån,
490 897 54 30 att
570 896 112 31 under
709 896 99 31 tiden
835 897 38 30 12
901 896 182 32 december
1108 897 139 31 1934—535
1269 897 148 36 januari
1444 899 78 31 1935
1548 898 129 36 utbyta
1702 899 55 32 de-

258 956 137 22 samma
417 948 73 30 mot
511 947 237 36 obligationer
772 958 47 21 av
840 949 52 30 ett
916 949 81 36 nytt
1018 948 164 37 statslån,
1205 948 189 33 betecknat
1420 949 178 32 »Svenska
1622 951 135 31 statens

257 998 18 31 3
302 997 28 32 2
357 999 194 31 räntelån».
594 999 51 31 De
667 1009 71 27 nya
758 999 18 31 3
804 1000 28 31 24
859 999 288 37 obligationerna
1169 1000 115 31 skulle
1307 1001 143 32 dateras
1473 1002 68 31 den
1563 1002 39 31 30
1624 1002 132 32 decem-

258 1049 60 32 ber
343 1050 79 31 1934
445 1051 64 31 och
531 1050 148 37 åtföljas
704 1061 45 21 av
773 1051 299 37 räntekuponger,
1097 1052 219 32 förfallande
1338 1052 59 31 till
1421 1053 184 37 betalning
1629 1055 66 31 den
1719 1054 38 31 30

258 1102 81 36 Juni
366 1102 65 31 och
457 1102 38 32 30
523 1102 192 32 deeember.
770 1103 52 30 De
851 1103 219 31 innehavare
1100 1114 47 21 av
1174 1104 239 36 obligationer
1441 1115 46 21 av
1513 1105 42 31 3.6
1589 1107 26 31 Z4
1650 1106 107 36 lånet,

258 1153 100 31 vilka
388 1155 128 36 antoge
545 1154 245 37 nyssnämnda
819 1154 232 37 erbjudande,
1080 1155 116 32 skulle
1223 1155 139 32 erhålla
1393 1156 59 32 det
1479 1157 194 31 nominella
1702 1158 54 31 be-

257 1205 120 36 loppet
400 1215 72 27 nya
495 1205 247 37 obligationer,
763 1216 76 22 som
862 1207 226 31 motsvarade
1112 1208 162 30 närmast
1298 1207 101 37 lägre
1422 1208 117 36 jämnt
1561 1209 196 32 hundratal

258 1256 130 32 kronor
414 1267 46 21 av
485 1257 194 32 innehavet
705 1268 45 21 av
776 1258 42 31 3.6
850 1259 29 31 2
910 1258 247 38 obligationer,
1183 1260 93 30 samt
1302 1260 179 32 dessutom
1505 1261 150 31 kontant
1682 1262 75 31 dels

257 1307 310 38 kupongbeloppet
590 1319 63 27 per
678 1309 67 32 den
768 1310 39 31 30
833 1310 182 31 december
1041 1311 88 36 1934,
1155 1311 75 32 dels
1255 1312 64 31 ock
1342 1312 43 30 0.6
1416 1313 28 31 25
1474 1312 282 33 skillnadsränta

258 1360 55 31 för
337 1360 100 32 tiden
459 1361 38 31 30
517 1361 183 31 december
723 1361 159 32 1934—30
903 1361 80 37 juni
1006 1362 87 31 1935.

298 1412 17 31 I
344 1412 195 37 anledning
564 1423 47 20 av
634 1412 516 38 konverteringserbjudandet
1176 1414 90 32 hade
1292 1415 58 31 till
1377 1416 65 31 och
1466 1416 80 32 med
1570 1416 68 32 den
1662 1418 19 31 5
1706 1417 52 37 ja-

258 1463 105 30 nuari
387 1463 88 36 1935,
500 1463 45 32 då
569 1463 67 31 den
659 1463 56 32 för
736 1464 127 37 utbyte
887 1464 205 32 fastställda
1115 1465 98 32 tiden
1234 1466 135 37 utgick,
1391 1477 92 22 nom.
1505 1467 178 37 26,6383,000
1704 1469 53 31 kr.

256 1514 238 37 obligationer
521 1525 45 21 av
589 1515 42 31 3.6
661 1516 28 31 4
719 1515 191 32 statslånet
935 1517 154 31 anmälts
1116 1517 57 31 till
1199 1517 125 37 utbyte
1350 1519 74 30 mot
1447 1518 237 37 obligationer
1710 1530 45 21 av

256 1566 78 31 1934
354 1567 59 31 års
432 1567 18 30 3
474 1565 28 31 2
526 1567 175 32 räntelån.
736 1567 140 32 Härtill
893 1568 157 31 kommer
1069 1569 59 31 det
1147 1568 137 38 belopp,
1303 1579 76 21 som
1399 1570 71 31 kan
1488 1571 95 30 hava
1600 1572 156 30 anmälts

258 1616 56 31 för
325 1617 257 38 konvertering
597 1618 62 32 vid
673 1618 57 32 det
744 1619 195 32 utländska
952 1620 333 37 inlösningsstället,
1300 1621 124 32 Crédit
1439 1622 191 37 Lyonnais,
1642 1622 114 33 Paris.

294 1669 69 31 Det
386 1679 73 27 nya
479 1670 96 31 lånet
598 1673 40 28 är
661 1681 46 20 av
728 1672 263 36 statsräntetyp
1015 1672 65 31 och
1103 1672 351 38 konverteringsrätt
1478 1674 56 31 för
1558 1674 198 31 detsamma

255 1720 163 32 inträder
441 1721 67 31 den
529 1721 38 31 30
588 1721 182 32 december
793 1723 88 30 1944.

294 1823 79 32 Den
395 1825 18 30 1
437 1824 68 37 juli
530 1825 78 31 1934
634 1826 156 36 uppgick
814 1826 365 37 riksgäldskontorets
1202 1827 105 32 skuld
1334 1829 56 30 för
1416 1829 41 31 de
1483 1839 45 20 av
1552 1830 118 30 staten
1692 1829 63 32 vid

256 1875 110 37 inköp
392 1886 47 21 av
464 1876 164 32 enskilda
651 1877 201 37 järnvägar
877 1879 207 36 övertagna,
1110 1879 118 32 såsom
1254 1879 174 37 fonderad
1452 1881 198 32 statsskuld
1674 1881 82 32 bok-

254 1926 105 35 förda
383 1927 106 32 lånen
513 1928 57 31 till
593 1928 157 36 5,015,734
773 1929 52 30 kr.
849 1929 38 31 59
910 1932 69 29 öre.
1022 1930 126 31 Härav
1173 1931 157 32 återstod
1353 1931 63 31 vid
1441 1932 183 36 utgången
1646 1942 45 21 av
1713 1933 41 30 år

255 1978 78 31 1934
359 1979 145 36 oguldet
529 1980 51 30 ett
605 1979 125 38 belopp
754 1990 46 21 av
826 1981 158 36 3,257,734
1009 1982 51 30 kr.
1087 1982 38 31 59
1151 1984 69 29 öre.

293 2080 171 38 Inlåning
488 2081 84 37 från
593 2083 350 32 statsinstitutioner.
984 2084 57 32 Av
1065 2085 41 31 de
1128 2086 123 36 medel,
1274 2086 217 32 tillhörande
1514 2088 135 30 statens
1672 2098 81 26 pen-

253 2132 242 38 sionsanstalt,
521 2134 98 31 vilka
643 2134 57 31 till
722 2135 346 36 riksgäldskontoret
1092 2137 241 32 överlämnats
1358 2148 76 22 som
1455 2139 70 36 lån,
1548 2139 66 31 har
1640 2141 113 31 under

253 2195 124 21 senare
396 2185 164 31 halvåret
578 2186 78 31 1934
674 2186 12 31 i
704 2187 53 31 tre
775 2187 180 32 särskilda
972 2189 118 35 poster
1109 2189 119 31 ställts
1247 2189 56 31 till
1323 2191 198 30 anstaltens
1540 2191 213 37 förfogande

253 2237 242 36 sammanlagt
513 2238 158 35 2,150,000
692 2238 51 31 kr.
785 2239 73 32 Vid
880 2240 182 36 utgången
1083 2250 45 21 av
1149 2241 41 31 år
1212 2240 78 31 1934
1309 2242 158 36 uppgick
1488 2242 264 37 riksgäldskon-

255 2289 110 31 torets
393 2289 105 32 skuld
523 2289 57 31 till
608 2289 181 32 anstalten
813 2292 47 35 på
898 2292 117 35 grund
1053 2301 45 22 av
1137 2292 282 36 ifrågavarande
1458 2295 199 37 upplåning
1695 2296 57 31 till

254 2340 198 36 139,898,347
477 2341 52 31 kr.
554 2341 38 31 36
618 2343 68 30 öre.

292 2392 99 31 Från
410 2393 221 35 postverkets
652 2393 255 37 pensionsfond
927 2395 66 30 har
1013 2395 346 36 riksgäldskontoret
1379 2397 112 32 under
1509 2408 125 22 senare
1653 2400 99 31 halv-

253 2444 77 31 året
356 2444 79 31 1934
461 2444 70 32 fått
555 2446 161 35 mottaga
741 2445 241 37 sammanlagt
1005 2447 128 35 181,000
1159 2447 51 32 kr.
1258 2448 191 36 Härjämte
1474 2450 65 31 har
1566 2451 149 32 fondens
1740 2452 11 30 i
