1900 2834
330 146 40 30 18
711 142 320 33 Bankoutskottets
1052 140 186 32 memorial
1260 140 52 31 Nr
1335 142 27 28 2.

288 223 163 36 valtning
475 223 163 35 mottaga
661 221 152 32 berörda
837 220 95 36 fond,
955 217 132 32 varvid
1111 219 107 29 ränta
1243 216 114 32 skulle
1383 216 184 35 gottgöras
1591 216 20 29 å
1637 213 151 32 fondens

286 275 114 31 medel
421 274 93 31 efter
537 272 335 38 depositionsränta.

328 377 208 37 Upplåning
570 378 73 29 mot
672 372 465 38 statsskuldsförbindelser.
1190 371 125 32 Såsom
1347 371 100 31 förut
1476 370 13 30 i
1523 369 116 31 denna
1672 368 115 31 berät-

285 429 86 32 telse
394 428 198 32 meddelats
613 427 158 37 uppgick
792 425 365 37 riksgäldskontorets
1179 423 106 32 skuld
1306 423 56 31 för
1385 420 283 37 ifrågavarande
1692 419 94 32 form

285 491 47 21 av
350 480 201 37 upplåning
572 480 68 31 den
659 479 38 31 30
717 478 81 37 juni
819 477 79 31 1934
917 477 58 31 till
996 475 179 37 51,500,000
1195 475 51 31 kr.
1290 474 103 31 Efter
1415 472 159 32 nämnda
1596 472 69 36 dag
1687 470 99 32 intill

285 533 184 36 utgången
498 542 47 21 av
572 532 41 30 år
641 530 77 32 1934
747 530 67 31 har
840 528 213 38 ytterligare
1083 527 144 32 influtit
1255 526 178 36 18,500,000
1462 525 52 30 kr.
1543 532 126 28 genom
1698 532 86 27 upp-

284 584 126 37 låning
430 584 64 30 hos
532 581 317 39 postsparbanken,
876 580 325 38 postgirokontoret
1228 578 66 31 och
1321 576 234 37 kooperativa
1584 575 201 32 förbundet.

283 636 146 32 Räntan
454 636 57 31 för
536 636 42 31 de
603 635 152 32 sålunda
779 632 203 38 upplånade
1005 631 142 32 medlen
1169 631 108 36 utgår
1302 629 230 31 beträffande
1555 626 230 33 statsskulds-

284 687 238 32 förbindelser
542 688 21 30 å
584 685 241 36 sammanlagt
845 684 177 36 16,000,000
1043 684 52 30 kr.
1117 682 92 32 efter
1231 691 45 22 en
1295 683 46 35 på
1363 681 72 31 sätt
1456 680 157 36 tidigare
1633 679 13 31 i
1669 679 116 31 denna

286 738 187 33 berättelse
499 738 159 37 angivits
684 737 113 37 rörlig
823 736 157 31 räntefot
1005 736 95 31 samt
1123 735 12 31 i
1161 734 107 36 fråga
1291 743 57 22 om
1372 729 412 35 statsskuldsförbindel-

283 801 57 22 ser
363 792 22 31 å
407 791 154 36 tillhopa
583 790 158 36 2,500,009
764 789 52 31 kr.
840 788 91 31 efter
955 797 44 21 en
1023 787 73 31 fast
1117 786 159 31 räntefot
1300 795 46 21 av
1370 785 18 30 3
1415 785 42 31 4.

323 893 178 38 Tillfällig
533 892 207 32 statsskuld.
790 892 72 31 För
892 889 278 38 tillgodoseende
1199 899 47 21 av
1277 887 364 37 riksgäldskontorets
1671 885 112 32 behov

282 955 47 21 av
352 944 356 37 kassaförstärkning
732 943 134 32 beslöto
889 941 230 37 fullmäktige
1143 942 68 31 den
1231 941 19 30 9
1273 940 147 36 augusti
1443 939 79 31 1934
1545 939 92 31 efter
1659 938 125 32 därom

281 998 82 31 med
390 996 221 32 riksbanken
639 995 104 32 förda
770 994 287 36 förhandlingar,
1086 994 54 30 att
1170 992 62 31 hos
1261 992 156 31 nämnda
1446 991 97 31 bank
1570 991 74 30 mot
1672 990 110 31 skatt-

281 1048 295 31 kammarväxlar
597 1047 159 37 upplåna
774 1047 51 30 ett
845 1046 125 36 belopp
990 1055 45 21 av
1056 1044 179 36 40,000,000
1253 1044 52 31 kr.
1325 1044 126 31 Härav
1471 1042 222 37 upplånades
1715 1042 68 31 den

282 1101 38 31 15
346 1100 147 37 augusti
518 1099 178 37 25,000,000
719 1099 53 30 kr.
797 1098 74 31 mot
895 1097 139 36 växlar,
1061 1096 99 31 vilka
1186 1095 145 32 förföllo
1356 1095 58 31 till
1439 1094 186 36 betalning
1652 1094 69 31 den
1745 1093 38 31 30

281 1152 198 37 september
506 1151 88 31 1934.
640 1149 288 37 Ifrågavarande
954 1148 128 32 växlar
1108 1148 169 32 omsattes
1304 1148 21 30 å
1353 1146 267 36 förfallodagen
1644 1145 80 31 med
1750 1144 32 31 3-

278 1203 191 32 månaders
517 1202 402 35 skattkammarväxlar,
955 1200 102 31 vilka
1083 1201 69 30 den
1175 1200 39 30 31
1239 1198 182 32 december
1449 1198 146 31 inlöstes
1622 1207 44 20 av
1694 1196 88 31 riks-

281 1255 278 37 gäldskontoret.
603 1254 190 32 Diskontot
816 1254 56 31 för
894 1253 102 32 dessa
1018 1251 131 32 växlar
1171 1252 66 31 har
1261 1251 139 36 utgjort
1423 1249 38 36 "/«
1487 1248 29 32 2
1544 1250 57 31 för
1624 1250 50 30 år.
1718 1248 64 31 Be-

280 1307 186 32 träffande
514 1306 204 32 återstoden
768 1316 45 20 av
853 1305 68 32 den
947 1304 82 32 med
1055 1303 218 32 riksbanken
1302 1299 167 34 avtalade
1499 1300 283 36 växelkrediten,

277 1359 178 36 15,000,000
482 1359 64 35 kr.,
574 1358 132 31 beslöto
734 1356 229 37 fullmäktige
990 1356 212 35 sedermera,
1231 1355 54 30 att
1313 1354 129 31 växlar
1468 1353 57 31 till
1553 1353 148 36 angivet
1726 1352 55 31 be-

278 1410 83 38 lopp
385 1410 116 32 skulle
523 1409 170 37 försäljas
717 1409 58 31 till
799 1408 252 32 allmänheten.
1096 1407 118 32 Sedan
1237 1407 12 31 i
1273 1406 196 36 anledning
1492 1406 115 31 härav
1631 1404 149 32 medelst

279 1462 212 37 kungörelse
519 1462 13 31 i
559 1463 92 36 post-
676 1462 65 30 och
768 1460 135 32 inrikes
930 1459 188 37 tidningar
1147 1460 68 31 den
1239 1459 38 31 27
1304 1458 146 32 oktober
1477 1457 79 31 1934
1580 1457 200 31 infordrats

278 1515 121 31 anbud
421 1515 23 30 å
465 1513 242 37 övertagande
731 1523 47 21 av
801 1513 126 31 växlar
951 1511 58 32 till
1032 1510 226 33 sistnämnda
1281 1510 137 37 belopp,
1443 1509 244 36 dagtecknade
1712 1509 68 31 den

278 1567 18 30 5
323 1566 192 31 november
543 1565 79 31 1934
648 1565 64 31 och
741 1564 218 32 förfallande
985 1563 58 31 till
1071 1562 185 37 betalning
1282 1563 67 31 den
1376 1562 18 31 5
1423 1561 162 31 februari
1611 1560 87 36 19385,
1727 1560 52 31 in-

277 1618 141 31 kommo
437 1617 77 32 före
534 1616 258 32 anbudstidens
810 1616 137 36 utgång
966 1615 38 31 32
1025 1615 130 36 anbud,
1175 1614 173 31 avseende
1367 1613 242 37 övertagande
1629 1622 46 21 av
1693 1614 87 29 väx-

276 1669 58 32 lar
360 1671 21 30 å
406 1669 242 36 sammanlagt
674 1668 179 36 77,200,000
878 1667 51 31 kr.
976 1666 244 36 Fullmäktige
1248 1665 135 32 beslöto
1408 1666 54 30 att
1490 1665 140 31 fördela
1657 1664 41 32 de
1724 1665 56 30 ut-

276 1720 138 38 bjudna
436 1720 181 32 växlarna
636 1719 133 32 mellan
792 1719 84 37 fyra
899 1729 46 21 av
968 1717 304 37 anbudsgivarna.
1315 1717 193 32 Diskontot
1530 1716 166 37 utgjorde
1721 1716 57 31 för

277 1772 128 32 växlar
423 1774 22 31 å
464 1772 179 36 13,000,000
662 1772 52 30 kr.
735 1772 56 30 0.48
813 1769 28 32 2
866 1771 63 31 och
951 1771 56 31 för
1025 1769 127 32 växlar
1173 1771 21 30 å
1212 1769 159 37 2,000,000
1389 1769 52 30 kr.
1462 1769 56 31 0.45
1543 1769 28 32 &
1595 1768 55 31 för
1670 1769 50 30 år.
1738 1786 41 4 —

274 1824 57 32 Då
359 1824 216 37 ytterligare
605 1823 112 31 behov
747 1833 47 21 av
824 1821 357 37 kassaförstärkning
1212 1821 149 37 förelåg,
1391 1820 229 32 infordrades
1651 1828 126 29 genom

275 1876 213 37 kungörelse
512 1876 14 31 i
551 1876 93 36 post-
668 1875 65 31 och
759 1874 136 31 inrikes
920 1873 188 37 tidningar
1133 1874 67 31 den
1226 1873 40 31 29
1289 1872 191 32 november
1506 1872 79 31 1934
1611 1872 121 32 anbud
1755 1873 21 30 å

274 1928 244 35 övertagande
542 1937 46 21 av
612 1926 178 37 15,000,000
811 1926 52 32 kr.
888 1925 402 36 skattkammarväxlar,
1316 1924 245 37 dagtecknade
1586 1924 69 32 den
1677 1924 18 31 5
1720 1923 56 32 de-

274 1979 138 31 cember
429 1979 79 30 1934
525 1979 65 31 och
606 1978 218 31 förfallande
839 1977 58 31 till
913 1977 186 36 betalning
1116 1977 68 31 den
1199 1977 18 31 5
1232 1986 96 21 mars
1343 1976 87 31 1935.
1447 1976 19 31 I
1482 1975 196 36 anledning
1696 1976 80 30 här-

272 2040 47 21 av
338 2030 180 31 inkommo
538 2031 18 30 2
577 2030 120 31 anbud
714 2030 81 31 med
815 2029 221 37 erbjudande
1056 2039 57 21 om
1132 2028 242 36 övertagande
1394 2038 47 21 av
1460 2028 127 31 växlar
1606 2029 18 29 å
1647 2026 129 32 inalles

272 2082 179 36 30,000,000
475 2082 53 31 kr.
571 2082 187 31 Växlarna
783 2081 173 32 försåldes
982 2080 114 37 enligt
1122 2080 247 37 fullmäktiges
1392 2080 117 31 beslut
1533 2080 57 31 till
1616 2080 42 31 de
1681 2079 94 32 båda

273 2133 298 37 anbudsgivarna
591 2134 73 31 mot
686 2133 166 32 diskonto
873 2134 55 31 för
950 2133 130 31 växlar
1102 2134 20 30 å
1144 2132 158 37 3,000,000
1324 2132 52 31 kr.
1398 2142 45 21 av
1465 2133 56 30 0.68
1547 2132 43 36 4,
1611 2131 55 32 för
1689 2133 85 29 väx-

272 2187 56 30 lar
351 2187 21 30 å
397 2185 159 37 6,000,000
579 2185 52 31 kr.
656 2195 44 21 av
723 2186 56 30 0.622
809 2186 42 35 2,
876 2185 56 31 för
956 2185 128 31 växlar
1110 2186 20 29 å
1155 2184 158 37 3,000,000
1337 2184 52 31 kr.
1414 2194 46 20 av
1484 2184 57 30 0.:8
1570 2184 28 32 42
1626 2184 64 30 och
1717 2183 56 31 för

271 2237 129 31 växlar
424 2238 22 30 å
469 2237 159 36 3,000,000
653 2238 51 30 kr.
731 2247 46 21 av
800 2237 56 31 0.48
885 2235 42 32 2.
970 2236 79 32 Den
1073 2236 38 31 20
1137 2236 181 31 december
1343 2236 79 31 1934
1444 2236 136 31 beslöto
1605 2235 167 31 fullmäk-

270 2289 85 37 tige,
379 2299 75 21 som
477 2289 115 31 funno
615 2289 218 36 tidpunkten
856 2288 150 37 lämplig
1033 2289 55 31 för
1112 2288 240 31 fortsättande
1377 2298 45 20 av
1448 2288 67 31 den
1537 2287 152 32 sålunda
1712 2288 60 36 på-

270 2340 148 37 började
445 2340 249 37 upplåningen
721 2342 75 30 mot
824 2340 12 30 i
866 2340 222 31 marknaden
1115 2340 179 36 utbjudna
1323 2340 222 31 3-månaders
1575 2339 196 32 skattkam-

269 2392 219 37 marväxlar,
510 2392 77 31 låta
606 2392 147 31 medelst
775 2392 214 36 kungörelse
1008 2392 13 31 i
1043 2393 93 35 post-
1158 2392 65 31 och
1243 2391 135 31 inrikes
1399 2391 186 37 tidningar
1607 2391 165 31 infordra

271 2444 120 32 anbud
415 2445 21 30 å
463 2444 243 37 övertagande
733 2454 46 21 av
805 2443 124 36 dylika
956 2443 129 31 växlar
1113 2443 57 31 till
1197 2444 52 30 ett
1273 2443 127 37 belopp
1429 2454 47 20 av
1502 2443 178 36 15,000,000
1707 2443 62 35 kr.,
