2288 2745
620 199 430 37 Konstitutions-Utskottets
1081 204 167 33 Utlåtande
1276 206 60 33 N:o
1369 204 53 36 14.
1746 213 22 30 vå

235 294 75 33 gare
351 284 184 34 samverkan
578 285 112 34 mellan
733 287 138 46 Konung
900 289 58 33 och
987 290 136 35 Ständer
1156 292 188 35 utvecklade
1373 293 57 47 sig,
1459 294 123 35 tillkom
1613 308 37 21 en
1681 309 40 34 ny
1750 297 68 46 lag-

235 335 255 45 stiltningskälla,
520 338 157 45 nemligen
710 340 218 34 Resolutioner
955 346 40 40 på
1025 348 33 28 de
1087 347 155 32 särskilda
1270 346 158 34 Ståndens
1457 350 118 37 besvär,
1606 349 126 35 hvarvid
1751 351 67 33 Ko-

237 400 125 32 nungen
392 390 58 32 och
481 390 103 46 hvarje
613 391 99 34 Stånd
741 393 148 34 särskildt
918 394 140 46 afgjorde
1087 396 39 34 de
1155 397 148 40 ärenden,
1333 410 67 22 som
1430 400 263 46 hufvudsakligen
1723 403 94 34 rörde

236 440 183 34 detsamma.
481 442 122 34 Genom
632 443 104 46 dylika
766 446 209 34 resolutioner
1005 448 185 46 utvidgades
1219 451 182 45 ytterligare
1430 452 246 46 speciallagarne
1706 456 37 45 på
1773 455 44 34 si-

234 492 59 34 dan
332 505 50 21 om
423 493 59 34 den
521 495 154 34 allmänna
705 496 99 46 lagen.
859 498 58 33 Till
948 499 73 46 följd
1054 501 31 33 af
1110 502 90 34 dessa
1230 503 225 39 förhållanden,
1485 506 58 32 och
1572 506 38 33 då
1640 508 177 34 Ständerna

234 546 76 42 sågo
341 545 59 33 den
431 545 207 47 lagstiftning,
668 559 67 22 som
764 550 137 33 utöfvats
937 552 32 32 af
1000 553 137 45 Konung
1167 555 58 33 och
1255 555 237 35 vederbörande
1522 557 202 46 korporation
1759 572 57 33 ge-

235 601 166 35 mensamt,
431 610 40 21 nu
503 599 200 35 uteslutande
733 601 7 32 i
771 602 193 46 Konungens
994 616 80 34 egen
1105 606 92 40 hand,
1226 606 163 47 bortgåfvo
1418 608 39 34 de
1486 611 32 32 så
1549 611 126 45 mycket
1704 612 111 34 lättare

235 649 45 34 sin
312 649 91 34 andel
434 650 6 33 i
470 651 38 33 all
538 652 206 46 lagstiftning,
773 666 66 21 som
869 656 27 45 ej
926 657 91 33 rörde
1048 658 111 34 Rikets
1188 660 153 33 allmänna
1370 661 59 45 lag.
1472 663 39 32 Så
1528 662 177 36 förklarade
1721 665 95 34 Stän-

235 701 96 34 derna
374 702 49 34 vid
459 705 98 31 1682
587 706 48 32 års
664 705 137 46 riksdag,
830 712 46 29 att
903 708 58 34 »de
990 709 71 35 akta
1092 710 53 35 det
1174 712 127 34 alldeles
1331 713 148 46 orimligt,
1508 720 46 28 att
1586 716 111 46 Kongl.
1726 718 89 46 Maj:t

234 754 102 34 skulle
366 767 68 21 vara
464 756 177 35 förbunden
670 758 176 35 Ständerna
875 765 46 29 att
950 762 84 39 höra,
1063 766 75 31 enär
1169 764 111 46 Kongl.
1311 765 86 45 Maj:t
1426 766 49 33 vill
1504 769 75 42 göra
1609 770 93 44 några
1726 770 88 34 stad-

235 819 65 32 gar,
330 807 152 45 plakater,
510 809 216 45 reglementen
756 812 58 33 och
844 813 228 47 förordningar,
1102 816 259 46 undantagandes
1389 818 96 34 sådan
1514 820 113 34 allmän
1658 822 58 45 lag,
1746 835 66 22 som

234 859 144 45 Sveriges
417 861 49 45 lag
508 864 42 36 är,
581 862 124 34 hvilken
735 866 96 43 angår
861 866 66 33 hela
957 867 96 34 Riket
1082 869 57 33 och
1169 870 56 33 alla
1255 870 174 34 Ständerna
1459 872 7 32 i
1496 884 124 33 gemen,
1650 874 7 32 i
1687 875 125 34 hvilken

233 911 155 34 allmänna
431 913 145 45 Sveriges
614 915 82 34 rikes
726 916 49 44 lag
804 929 49 21 om
884 919 112 45 Kongl.
1027 921 86 45 Maj:t
1142 921 100 34 finner
1271 922 110 46 nödigt
1410 925 95 44 något
1535 930 45 28 att
1609 926 106 39 ändra,
1745 928 68 33 för-

234 963 83 34 klara
360 965 76 33 eller
478 966 162 40 förbättra,
676 969 115 44 Kongl.
820 970 104 46 Maj:ts
953 977 112 39 trogne
1095 973 186 35 undersåter
1310 975 72 46 hysa
1412 976 60 33 den
1502 977 215 47 underdåniga
1746 980 65 33 till-

232 1016 121 45 försigt,
385 1022 47 29 att
461 1018 112 45 Kongl.
604 1020 98 46 Maj:t,
731 1022 101 33 såsom
862 1034 37 21 en
930 1024 93 45 nådig
1052 1026 147 45 Konung,
1229 1027 79 33 lärer
1337 1028 60 33 låta
1425 1028 48 45 sig
1502 1028 119 46 behaga
1651 1036 46 28 att
1729 1032 81 45 gifva

232 1068 176 34 Ständerna
438 1069 89 34 deraf
555 1076 94 40 part.»
704 1074 140 33 Härmed
874 1075 80 34 hade
983 1078 176 44 Konungen
1189 1079 58 34 fått
1275 1079 47 45 sig
1350 1080 164 45 formligen
1544 1082 179 46 uppdraget
1738 1085 71 33 stif-

233 1120 111 34 tandet
373 1122 31 32 af
430 1122 54 33 allt
513 1123 78 33 hvad
622 1136 65 22 som
718 1125 100 34 under
846 1128 127 45 stadgar
1001 1141 39 21 m.
1071 1142 39 21 m.
1142 1130 104 34 kunde
1274 1131 190 46 inbegripas,
1502 1134 120 34 således
1652 1135 67 34 hela
1750 1136 60 34 den

232 1172 247 35 administrativa
521 1176 59 33 och
618 1177 394 49 närings-lagstiftningen,
1046 1182 178 46 privilegier
1252 1189 80 29 samt
1362 1184 238 46 korporations-
1628 1188 58 33 och
1717 1188 93 34 kom-

233 1225 224 46 munal-lagår,
490 1228 29 45 ja
549 1230 83 33 ännu
668 1242 95 29 mera,
805 1232 38 33 då
883 1233 87 33 äfven
1003 1235 291 45 Regeringsformen
1323 1238 111 44 ansågs
1463 1239 102 33 såsom
1595 1239 81 35 blott
1704 1242 104 43 regle-

232 1277 171 34 mentarisk
433 1280 120 44 stadga.

333 1330 73 34 Med
451 1331 214 36 frihetstidens
694 1335 169 34 statsskick
894 1336 233 47 öfverflyttades
1156 1340 36 44 på
1222 1339 174 34 Ständerna
1425 1341 38 33 all
1496 1337 311 57 lagstiftningsmagt.

231 1381 109 45 Enligt
383 1382 22 46 N
435 1384 21 30 4
487 1385 7 32 i
525 1387 97 32 4720
652 1387 48 33 års
732 1388 256 46 Regeringslform
1018 1390 100 34 skulle
1147 1391 111 45 »ingen
1289 1405 38 33 ny
1357 1392 49 45 lag
1435 1393 27 33 få
1492 1394 103 34 stiftas
1625 1396 56 33 och
1711 1397 97 33 Stän-

230 1434 96 33 derna
370 1436 167 45 påträngas
574 1444 85 28 emot
688 1438 90 35 deras
804 1441 39 45 ja,
873 1443 161 45 samtycke
1063 1443 58 34 och
1152 1444 243 45 vedertagande,
1424 1445 76 34 eller
1529 1448 101 44 någon
1661 1450 146 43 gammal,

229 1486 70 33 med
344 1487 80 44 goda
469 1489 66 45 vilja
571 1490 88 34 thera
689 1491 145 46 fångnan,
863 1494 112 33 ändras
1004 1495 75 33 eller
1107 1496 174 33 afskaffas.»
1337 1497 175 45 Konungen
1543 1499 189 46 förpligtade
1760 1502 47 46 sig

231 1537 7 33 i
284 1538 45 33 sin
375 1539 312 46 konungaförsäkran
730 1549 45 28 att
817 1545 85 33 alltid
934 1548 166 33 instämma
1129 1548 71 33 med
1231 1549 134 33 Riksens
1394 1550 144 35 Ständer,
1569 1553 101 33 såsom
1701 1560 105 39 magt-

227 1590 121 44 egande
390 1596 46 28 att
477 1595 73 42 göra
580 1594 114 34 sådana
723 1595 114 40 beslut,
870 1598 127 45 stadgar
1025 1600 57 33 och
1112 1600 218 46 förordningar
1359 1612 50 22 om
1439 1602 47 45 sig
1514 1603 57 33 och
1603 1604 105 39 Riket,
1737 1617 67 23 som

228 1642 38 32 de
297 1642 104 45 pröfva
431 1644 128 45 tjenliga
587 1646 46 33 till
663 1647 53 34 det
744 1648 153 35 allmänna
916 1650 97 35 bästa.
1052 1652 112 34 Derest
1181 1654 176 43 Konungen
1374 1654 101 33 skulle
1492 1655 62 33 »till
1573 1656 111 34 Rikets
1701 1659 104 33 ound-

227 1694 146 44 gängliga
404 1696 115 34 välfärd
551 1697 131 35 behöfva
725 1701 131 32 emellan
886 1702 204 46 riksdagarne
1121 1705 95 44 några
1246 1705 136 45 stadgar,
1412 1706 212 45 reglemenuter
1652 1709 58 33 och
1739 1710 65 33 för-

230 1745 171 45 ordningar
430 1748 71 33 med
531 1749 135 35 Riksens
695 1751 84 34 Råds
808 1753 75 33 råde
911 1759 44 28 att
983 1757 96 43 gjöra,
1109 1757 31 32 så
1170 1756 74 34 böra
1274 1756 38 34 de
1328 1761 97 30 straxt
1443 1758 47 33 vid
1508 1759 191 35 Ständernas
1716 1764 86 31 nästa

230 1798 253 35 sammankomst
512 1800 136 35 öfverses
677 1803 57 33 och
763 1804 198 46 ordentligen
990 1813 139 40 antagas,
1157 1808 56 34 der
1241 1808 39 34 de
1309 1809 32 33 af
1367 1810 100 44 någon
1497 1811 113 34 allmän
1640 1813 57 33 och
1715 1817 88 30 stän-

228 1848 54 46 dig
311 1850 49 44 lag
388 1850 86 34 skola
505 1864 56 34 ega
593 1854 80 34 kraft
702 1855 57 33 och
790 1857 140 33 verkan.»
985 1860 40 32 På
1055 1872 117 21 samma
1201 1862 83 43 gång
1312 1861 130 34 sålunda
1471 1862 60 34 den
1555 1865 164 45 enväldige
1735 1867 68 33 Ko-

229 1912 142 34 nungens
414 1903 201 45 lagstiftande
644 1912 86 40 magt
759 1908 233 47 öfverflyttades
1035 1913 37 44 på
1114 1912 38 33 de
1195 1913 210 46 magtegande
1434 1914 187 44 Ständerna,
1650 1917 66 34 blef
1741 1918 60 34 den

227 1952 134 40 skilnad,
403 1965 67 24 som
512 1957 155 35 förefanns
708 1960 132 33 emellan
883 1962 83 33 olika
995 1963 94 45 lagar,
1118 1964 178 34 bibehållen
1326 1965 58 33 och
1414 1967 182 45 ytterligare
1624 1970 178 34 utvecklad.

228 2005 139 34 Särskild
398 2006 347 51 lagstiftningsordning
772 2013 168 45 stadgades
970 2015 46 33 för
1044 2016 152 34 särskilda
1224 2017 66 46 slag
1317 2017 32 34 af
1374 2018 94 45 lagar.
1529 2019 60 35 Vid
1619 2022 181 34 stadfästel-

224 2068 54 22 sen
322 2058 32 33 al
394 2061 97 32 1754
529 2063 47 32 års
605 2062 50 46 lag
683 2064 202 38 förklarades,
914 2072 45 28 att
988 2067 64 35 från
1082 2081 118 22 samma
1229 2070 50 45 lag
1307 2070 101 34 skulle
1436 2071 136 47 afskiljas
1601 2074 53 33 allt
1682 2075 80 34 hvad
1791 2076 9 33 i

225 2109 60 34 den
329 2110 81 35 förra
440 2114 271 45 Konungabalken
741 2129 50 21 om
823 2118 255 46 Konungsrätten
1108 2122 58 33 och
1196 2122 100 46 dylikt
1325 2123 77 33 varit
1430 2123 126 41 infördt,
1585 2126 57 33 och
1672 2132 47 29 att
1748 2129 52 33 så-

225 2161 86 41 dant,
340 2175 68 22 som
438 2165 98 35 tillika
567 2167 71 34 med
669 2168 132 35 Riksens
831 2171 150 35 Ständers
1024 2176 61 32 rätt
1113 2175 58 33 och
1202 2174 92 35 frihet
1322 2175 99 34 finnes
1449 2176 170 46 utförligen
1648 2179 149 42 stadgadt

223 2215 58 32 och
325 2215 157 36 belefvadt
523 2219 43 33 uti
596 2219 135 36 Riksens
759 2223 150 34 Ständers
939 2224 124 42 Valakt,
1092 2227 331 45 Konungaförsäkran,
1453 2229 257 47 Regeringsform
1739 2233 58 33 och

224 2266 316 46 Riksdagsbesluten,
568 2272 102 34 såsom
700 2286 37 21 en
766 2275 32 33 al
824 2276 176 46 Konungen
1030 2280 57 33 och
1117 2279 136 35 Riksens
1282 2279 134 35 Ständer
1438 2282 162 44 angående
1616 2285 181 45 regerings-

223 2321 99 32 sättet
365 2327 133 41 antagen
533 2325 220 41 fundamental
778 2331 51 40 lag
858 2328 98 35 borde
984 2331 119 35 skattas
1132 2332 58 33 och
1219 2344 99 22 anses.
1376 2333 66 33 Den
1472 2334 33 33 år
1536 2337 95 31 1720
1661 2342 135 41 antagna
