1892 2854
547 125 295 33 Statsutskottets
867 121 189 33 utlåtande
1080 121 51 32 Nr
1157 119 51 31 86.
1543 114 40 31 39

124 209 68 31 den
216 208 37 30 30
278 206 95 37 april
397 205 78 31 1881
500 204 186 36 angående
710 200 232 37 redovisning
969 200 56 31 för
1051 197 164 38 uppbörd
1241 206 44 21 av
1312 192 249 34 häradsmedel
1586 195 41 29 är

123 250 199 37 stadgande
350 249 179 31 meddelat
557 257 56 21 om
644 244 271 37 kronobetjänts
945 242 233 35 redovisning
1208 240 54 31 för
1294 249 44 21 av
1368 239 128 30 honom
1528 236 100 31 verk-

123 295 110 32 ställd
254 293 163 37 uppbörd
438 294 86 29 utav
544 292 122 34 någon
687 290 97 30 inom
805 287 115 32 härad
941 286 85 31 eller
1049 285 160 36 tingslag
1232 284 56 30 för
1311 283 78 30 dess
1412 289 217 28 gemensam-

123 349 60 21 ma
209 338 114 31 behov
350 335 177 38 utgående
556 333 123 37 utgift.
727 331 177 33 Stundom
931 328 214 36 ombesörjes
1173 326 209 37 uppbörden
1408 335 46 20 av
1481 323 148 31 härads-

124 382 116 31 medel
271 391 46 21 av
349 379 206 32 kommunal
587 376 214 37 myndighet
833 374 91 31 efter
959 373 125 31 därom
1113 370 143 32 träffad
1288 362 340 46 överenskommelse

124 426 81 31 med
228 426 41 31 de
291 419 536 44 tingshusbyggnadsskyldiga.

161 469 19 31 I
203 469 79 31 1924
305 468 58 32 års
388 462 429 40 uppbördssakkunnigas
843 460 225 32 betänkande
1096 458 77 35 (sid.
1197 456 71 36 152)
1294 455 184 37 uppgives,
1503 455 55 30 att
1581 463 50 21 er-

124 512 163 36 sättning
310 511 56 31 för
388 509 200 35 debitering
611 508 65 30 och
696 505 164 37 uppbörd
882 514 45 21 av
950 501 285 38 tingshusmedel
1255 501 108 35 utgår
1384 498 81 31 med
1486 498 18 30 3
1531 496 28 32 2
1586 506 47 21 av

125 557 162 31 influtna
314 555 172 36 beloppet,
515 562 113 21 varav
657 550 68 31 12/2
757 548 28 31 2
817 548 219 32 tillkommer
1066 543 454 37 debiteringsförrättaren,
1548 542 19 28 I
1600 541 28 31 4

125 599 405 38 uppbördsförrättaren
551 596 12 30 i
585 595 91 35 stad,
695 592 67 37 1",
788 592 28 31 4
843 591 217 32 statsverket
1082 590 93 30 samt
1197 587 38 36 1/,
1260 589 28 30 2
1313 587 13 30 i
1346 586 160 36 tjänsten
1527 585 105 30 kvar-

124 644 148 32 stående
292 641 322 32 lanträntmästare
637 639 96 34 eller,
756 638 64 30 där
843 633 386 36 räntmästartjänsten
1250 630 190 36 indragits,
1459 628 174 31 likaledes

126 687 227 32 statsverket.
399 685 125 35 Enligt
549 683 73 31 vad
648 691 75 22 som
748 680 199 31 inhämtats
974 689 44 20 av
1046 676 319 36 länsstyrelsernas
1391 672 242 36 räkenskaper

127 733 108 35 utgår
264 729 199 32 emellertid
491 725 283 38 ifrågavarande
803 723 203 34 ersättning
1036 721 91 30 efter
1158 718 176 32 växlande
1364 716 157 37 grunder
1550 715 85 30 från

126 776 19 31 3
170 774 28 31 &
224 775 57 30 till
302 773 69 35 9:/»
397 774 42 34 4,
459 781 114 21 varav
592 768 329 33 häradsskrivarna
942 764 139 32 erhålla
1103 762 128 36 1:/.—6
1255 761 42 31 4.

168 816 296 38 Tingshusmedel
497 814 221 32 förekomma
751 812 40 30 år
826 810 77 31 1929
937 810 21 30 å
991 805 314 34 kronodebetsedel
1340 804 57 31 till
1428 803 127 36 belopp
1590 812 45 20 av

127 863 129 35 615,345
281 862 141 34 kronor,
448 857 253 33 motsvarande
727 857 55 29 0.2
813 853 28 32 H
873 864 46 20 av
944 850 324 37 kronouppbörden
1295 849 55 30 för
1377 847 112 36 sagda
1515 848 40 29 år
1585 845 51 35 (se

127 907 73 32 tab.
221 906 44 34 1).

169 951 57 30 Av
247 950 70 31 tab.
340 950 18 29 2
381 948 172 34 framgår,
575 946 54 30 att
651 944 58 31 till
731 942 170 35 samtliga
921 938 301 33 häradsskrivare
1243 937 12 30 i
1277 935 201 35 ersättning
1501 934 56 31 för
1581 933 56 31 de-

130 994 157 35 bitering
311 1003 44 21 av
379 988 284 38 tingshusmedel
686 987 112 30 under
822 996 41 20 är
886 984 77 31 1931
986 983 196 31 utbetalats
1205 980 107 36 16,935
1334 980 140 29 kronor.

171 1080 126 36 Enligt
321 1077 239 37 kungörelsen
584 1076 69 31 den
674 1074 38 30 22
737 1072 146 32 oktober
909 1070 78 31 1886
1009 1068 185 37 angående
1220 1065 162 38 uppbörd
1409 1074 44 20 av
1479 1062 160 38 avgifter

132 1126 58 30 till
208 1126 97 29 vissa
323 1123 47 36 på
387 1119 255 38 ömsesidighet
661 1116 187 39 grundade
868 1110 404 40 försäkringsanstalter
1290 1109 59 31 må
1367 1109 46 36 på
1433 1106 207 36 ömsesidig-

133 1170 60 30 het
226 1166 166 38 grundad
425 1164 138 34 brand-,
597 1160 230 37 hagelskade-
861 1159 85 29 eller
979 1150 542 38 kreatursförsäkringsanstalt,
1555 1158 85 21 vars

133 1211 216 37 reglemente
370 1208 107 32 blivit
499 1205 176 33 fastställt
698 1215 45 20 av
765 1203 135 35 Kungl.
923 1200 111 36 Maj:t
1056 1199 86 31 eller
1165 1198 220 34 Konungens
1407 1193 234 36 befallnings-

134 1255 166 32 havande
318 1254 65 30 och
405 1262 82 21 vars
509 1249 228 32 verksamhet
756 1246 174 32 omfattar
950 1244 111 31 minst
1082 1243 50 30 ett
1154 1240 124 36 härad,
1300 1240 38 31 få
1360 1239 214 35 delägarnas
1595 1236 47 36 på

132 1299 123 31 landet
281 1297 157 37 avgifter
465 1295 57 30 till
547 1292 181 32 anstalten
754 1288 214 36 debiterade,
995 1286 170 32 indrivna
1190 1285 64 30 och
1280 1282 208 32 redovisade
1515 1281 12 30 i
1552 1289 90 22 sam-

134 1343 183 34 manhang
340 1340 79 31 med
440 1336 332 37 kronouppbörden.
817 1333 124 32 Såsom
964 1331 131 31 villkor
1118 1328 126 32 härför
1267 1330 40 28 är
1330 1326 155 36 stadgat,
1508 1325 54 30 att
1584 1324 59 31 det

138 1387 61 31 vid
229 1385 178 37 prövning
436 1382 174 34 befinnes,
640 1381 53 29 att
724 1377 199 32 anstaltens
951 1374 218 36 reglemente
1199 1370 199 32 innehåller
1426 1368 133 36 nödiga
1588 1367 55 30 be-

136 1429 223 32 stämmelser
381 1427 80 30 med
481 1424 174 32 avseende
679 1424 20 29 å
722 1420 210 35 uttaxering
955 1429 44 20 av
1023 1418 214 34 delägarnas
1259 1414 168 36 avgifter.
1469 1411 176 31 Prövnin-

139 1482 68 28 gen
230 1473 124 31 tillhör
378 1470 134 35 Kungl.
537 1467 121 36 Maj:t,
682 1475 57 21 om
762 1464 161 35 bolagets
948 1459 229 33 verksamhet
1202 1458 172 31 omfattar
1399 1465 99 21 mera
1522 1457 48 28 än
1594 1454 51 30 ett

138 1519 72 33 län,
234 1525 81 21 men
338 1514 102 36 eljest
464 1513 224 33 Konungens
710 1500 398 47 befallningshavande.

179 1560 70 31 För
270 1557 201 35 debitering
492 1555 64 30 och
576 1552 165 38 uppbörd
761 1562 45 20 av
828 1546 388 37 försäkringsavgilter
1239 1545 107 35 utgår
1366 1541 202 35 ersättning
1590 1549 57 22 en-

140 1604 68 35 ligt
237 1600 246 33 ovanberörda
511 1596 213 37 kungörelse
753 1594 80 31 med
862 1591 69 37 31/2
965 1593 27 31 &
1027 1592 21 29 å
1077 1590 57 31 det
1164 1587 204 33 debiterade
1397 1585 175 36 beloppet,
1601 1593 46 21 av

139 1647 102 31 vilka
267 1647 67 32 12/2
364 1643 28 31 4
422 1641 149 33 tillfalla
599 1638 309 34 häradsskrivare,
936 1634 37 36 '.
1003 1633 28 31 2
1060 1633 311 31 landskamrerare
1398 1630 92 30 samt
1516 1626 68 36 1?/h
1615 1627 29 31 4

141 1689 228 34 statsverket,
394 1687 89 31 dock
504 1686 54 30 att
584 1695 45 20 av
655 1681 225 33 sistnämnda
904 1680 126 34 belopp
1056 1677 37 35 11,
1123 1677 27 31 4
1180 1676 107 35 utgår
1313 1673 57 32 till
1393 1672 256 31 lanträntmäs-

141 1738 79 28 tare
240 1734 12 30 i
272 1734 71 34 län,
365 1732 64 30 där
451 1730 113 31 sådan
584 1728 222 35 tjänsteman
827 1727 98 28 ännu
947 1723 129 30 finnes.

182 1777 93 31 Hela
295 1776 162 35 beloppet
479 1783 45 20 av
546 1771 125 37 dylika
691 1771 21 29 å
733 1765 314 34 kronodebetsedel
1066 1763 154 38 påförda
1242 1761 157 36 avgifter
1421 1758 167 37 utgjorde
1609 1759 41 30 år

144 1822 77 30 1929
242 1821 109 34 något
372 1827 74 22 mer
469 1819 46 28 än
536 1816 43 30 5.6
598 1813 168 36 miljoner
788 1812 131 30 kronor
945 1808 50 36 (se
1013 1808 71 31 tab.
1107 1806 44 35 1).

184 1865 56 30 Av
262 1863 71 31 tab.
355 1863 19 29 2
395 1861 173 34 framgår,
590 1860 54 29 att
665 1856 58 32 till
744 1855 171 35 samtliga
936 1851 299 32 häradsskrivare
1250 1849 20 30 i
1292 1847 202 35 ersättning
1517 1846 56 30 för
1597 1845 55 31 de-

145 1908 155 34 bitering
322 1916 44 20 av
388 1900 387 37 försäkringsavgifter
796 1898 113 31 under
930 1897 41 30 år
992 1895 78 30 1931
1090 1893 195 31 utbetalats
1306 1891 107 36 79,070
1431 1890 142 31 kronor.

184 1950 327 32 Landskamrerare
528 1943 272 33 tillkommande
819 1937 354 40 provisionsandelar
1194 1938 21 29 å
1233 1945 48 20 nu
1302 1933 237 32 omhandlade
1559 1932 94 30 skat-

148 2004 51 22 ter
221 1994 64 31 och
305 1992 159 35 avgifter
486 1990 94 30 hava
601 1996 149 21 numera
772 1983 180 36 indragits
973 1981 57 31 till
1052 1979 226 32 statsverket.
1320 1978 58 30 Av
1399 1976 254 31 lanträntmäs-

148 2042 77 28 tare
246 2036 168 31 kvarstår
437 2033 125 31 endast
585 2041 43 21 en
651 2031 12 30 i
686 2029 123 36 tjänst.

188 2123 126 36 Enligt
335 2120 238 36 kungörelsen
596 2118 68 30 den
684 2116 17 30 3
724 2113 182 33 december
928 2112 77 31 1897
1026 2109 185 37 angående
1231 2107 202 35 ersättning
1455 2105 57 31 till
1535 2104 120 32 veder-

150 2168 155 31 hörande
330 2166 220 35 tjänsteman
576 2161 56 30 för
657 2157 218 33 utfärdande
901 2166 46 20 av
970 2153 226 32 debetsedlar
1219 2154 40 28 är
1286 2152 76 34 den,
1387 2159 74 22 som
1486 2148 169 31 utfärdar

151 2210 199 33 debetsedel
369 2210 21 29 å
410 2208 41 30 de
471 2207 97 29 inom
588 2203 100 35 varje
708 2201 140 36 fögderi
868 2200 85 30 eller
973 2198 82 30 stad
1074 2195 289 32 förekommande
1382 2193 118 35 årliga
1520 2190 137 36 utskyl-

151 2256 62 31 der
236 2254 64 31 och
323 2251 158 36 avgifter
505 2249 57 30 till
582 2248 138 29 kronan
743 2248 169 27 ävensom
935 2243 20 29 å
977 2240 187 36 utskylder
1188 2239 65 30 och
1276 2237 158 35 avgifter
1458 2235 86 31 eller
1568 2244 89 21 sam-

150 2297 182 32 manskott
353 2305 45 20 av
418 2292 232 35 menigheter,
670 2298 74 21 som
763 2287 114 35 enligt
897 2285 110 36 givna
1028 2282 225 36 stadganden
1272 2280 100 31 skola
1391 2278 181 37 uppbäras
1593 2277 65 30 och

153 2340 183 32 redovisas
362 2347 44 20 av
433 2337 88 29 dem,
547 2343 75 21 som
648 2330 209 37 uppbörden
881 2339 46 19 av
953 2326 236 35 utskylderna
1215 2324 133 35 åligga,
1373 2320 206 36 berättigad
1605 2320 54 30 att

151 2387 116 27 såsom
290 2379 201 35 ersättning
518 2378 56 29 för
596 2376 101 30 detta
723 2374 118 34 bestyr
867 2370 145 35 åtnjuta
1037 2369 63 30 och
1126 2369 19 29 å
1170 2366 224 32 debetsedeln
1419 2366 162 34 upptaga
1605 2363 57 30 för

154 2426 102 35 varje
275 2424 113 31 sådan
407 2420 103 33 sedel,
530 2428 85 21 vars
636 2417 210 31 slutsunnina
871 2413 75 31 icke
966 2411 198 35 överstiger
1183 2411 18 29 7
1221 2410 140 33 kronor,
1381 2408 18 29 3
1419 2410 68 30 öre,
1508 2407 151 30 däröver

1676 1057 180 30 Försäkrings«

1679 1093 107 30 avgifter
1805 1092 41 24 till

1726 1129 79 28 bolag.

1692 2107 174 23 Debetsedels-

1743 2142 78 22 lösen.
