1904 2814
470 166 121 30 Första
616 165 238 37 lagutskottets
880 164 175 31 utlåtande
1079 164 49 30 Nr
1154 165 50 30 37.
1575 158 19 30 3

88 250 47 30 liv
157 250 81 31 eller
259 250 178 36 egendom,
461 250 87 30 skall
571 250 70 30 han
665 249 103 36 enligt
791 250 17 29 2
834 249 18 37 8
875 250 120 29 dömas
1017 250 51 30 till
1092 249 153 36 fängelse
1268 249 81 30 eller
1371 247 221 33 straffarbete

88 301 10 30 i
122 302 100 36 högst
245 304 46 28 ett
313 300 48 33 år.

133 352 116 30 Under
274 353 41 30 de
340 354 134 29 senaste
498 351 81 32 åren
605 352 46 30 ha
677 351 86 31 flera
787 350 295 37 framställningar
1108 349 107 39 gjorts
1240 360 57 21 om
1322 349 202 38 utvidgning
1548 360 43 21 av

88 403 350 36 förverkandelagens
465 401 388 39 tillämpningsområde.

130 455 99 31 Inom
254 454 403 37 justitiedepartementet
683 454 63 30 har
772 453 151 30 därefter
951 453 196 36 upprättats
1173 462 43 21 en
1242 452 67 31 den
1339 453 39 30 15
1406 452 186 30 november

92 507 80 30 1940
196 506 216 37 dagtecknad
434 505 242 38 promemoria,
700 505 72 31 varl
794 505 155 31 nämnda
972 503 98 39 fråga
1092 504 174 38 upptagits
1293 504 50 31 till
1367 504 220 37 behandling.

132 557 14 30 I
168 556 258 37 promemorian
447 556 162 31 anfördes
631 556 106 31 bland
758 558 121 29 annat:

130 615 57 32 Att
207 615 331 36 förverkandelagen
558 615 88 31 visat
666 615 49 37 sig
735 624 82 22 vara
837 624 43 22 av
900 615 104 31 värde
1022 616 90 29 lärer
1132 615 55 30 väl
1207 614 174 37 knappast
1400 622 83 23 vara
1502 613 87 33 före-

87 658 70 32 mål
182 659 55 31 för
261 658 93 31 olika
381 657 188 37 meningar.
596 658 165 31 Däremot
785 658 70 30 kan
880 658 57 31 det
962 656 229 37 ifrågasättas,
1217 656 174 31 huruvida
1416 655 31 38 ej
1474 657 117 36 lagens

87 700 381 38 tillämpningsområde
487 700 97 32 blivit
605 702 56 30 väl
682 702 98 29 snävt
800 701 193 35 begränsat.
1016 699 121 37 Någon
1157 699 239 36 utsträckning
1418 709 42 20 av
1480 700 110 29 rätten

87 747 49 28 att
156 745 273 35 omhändertaga
450 744 207 36 rusdrycker
677 743 96 31 torde
794 743 174 37 knappast
988 743 84 30 böra
1095 741 255 37 ifrågakomma
1371 741 220 31 beträffande

89 797 162 28 personer
268 788 10 30 i
295 788 199 35 allmänhet,
512 786 93 31 vilka
621 789 86 28 utan
722 789 48 28 att
787 795 83 21 vara
887 786 155 30 druckna
1061 784 115 32 såsom
1193 784 11 31 i
1224 785 37 30 18
1278 785 81 36 kap.
1381 784 39 30 15
1438 784 18 37 $
1474 783 116 31 straff-

86 831 100 35 lagen
209 831 75 35 sägs
308 831 90 29 dock
422 831 59 30 äro
505 830 143 37 synbart
673 828 196 38 påverkade
892 838 43 21 av
958 828 150 30 alkohol.
1135 827 126 31 Förare
1284 837 42 20 av
1350 826 240 31 motorfordon

86 872 110 32 måste
222 872 188 31 emellertid
437 882 98 21 anses
562 872 117 36 intaga
706 881 42 21 en
775 870 219 37 särställning
1020 871 80 29 med
1126 871 136 36 hänsyn
1289 870 51 30 till
1368 872 49 28 att
1443 869 147 36 onyktra

85 915 377 31 motorfordonsförare
485 916 122 35 utgöra
633 917 47 28 ett
705 914 171 35 allvarligt
901 914 59 31 hot
986 916 71 27 mot
1084 913 313 30 trafiksäkerheten
1424 911 44 38 på
1494 914 97 34 gator

85 960 67 29 och
176 959 114 36 vägar.
316 958 272 31 Statsmakterna
614 958 47 30 ha
685 956 103 31 också
813 955 143 37 vidtagit
980 955 159 37 åtgärder
1163 955 54 31 för
1241 958 48 28 att
1314 955 138 30 minska
1477 955 113 30 denna

86 1002 77 31 fara
183 1002 65 30 och
267 1010 123 28 genom
413 1001 82 30 1934
515 999 55 32 års
590 1001 55 35 lag
665 1009 57 21 om
741 999 104 31 straff
865 999 55 30 för
939 999 89 30 vissa
1047 999 92 29 brott
1159 998 58 30 vid
1236 998 146 30 förande
1402 1007 42 21 av
1463 1001 126 27 motor-

86 1044 127 32 fordon
235 1044 148 30 bestämt
408 1042 176 37 allvarliga
609 1042 105 31 straff
736 1042 54 30 för
814 1042 205 36 onykterhet
1043 1040 57 31 vid
1125 1043 121 28 ratten.
1272 1039 52 31 Då
1350 1041 56 29 det
1431 1038 93 32 såväl
1549 1049 42 21 ur

85 1087 381 37 nykterhetssynpunkt
490 1095 73 20 som
588 1086 79 29 med
691 1085 135 36 hänsyn
852 1084 51 31 till
926 1083 313 31 trafiksäkerheten
1262 1083 99 31 torde
1385 1091 82 22 vara
1490 1082 99 30 moti-

85 1134 96 27 verat
206 1132 47 28 att
278 1129 69 31 låta
373 1128 333 36 förverkandelagen
731 1136 79 22 avse
835 1128 88 29 även
948 1127 65 29 den
1039 1135 76 21 som
1140 1124 154 32 anhålles
1321 1125 55 31 för
1401 1125 91 31 brott
1517 1127 73 28 mot

86 1172 14 30 1
125 1173 19 37 8
165 1172 12 30 i
200 1172 81 30 1934
305 1170 55 31 års
381 1171 64 36 lag,
469 1179 99 28 synes
592 1168 334 37 förverkandelagen
946 1168 83 30 böra
1051 1167 245 37 kompletteras
1317 1167 11 30 i
1348 1177 49 21 nu
1416 1166 169 38 ifrågava-

85 1216 109 30 rande
214 1215 206 31 hänseende.

129 1258 53 31 En
205 1257 231 37 begränsning
460 1267 42 21 av
525 1257 66 30 den
615 1255 146 32 sålunda
785 1254 186 31 förordade
995 1254 282 31 bestämmelsens
1301 1253 167 31 räckvidd
1492 1253 97 31 torde

83 1300 190 31 emellertid
290 1300 86 30 böra
393 1300 108 36 göras.
520 1298 123 31 Därest
663 1297 265 31 bestämmelsen
945 1296 193 31 avfattades
1159 1295 46 37 så,
1224 1299 48 27 att
1290 1296 67 30 den
1375 1296 97 30 bleve
1488 1304 97 28 gene-

83 1344 77 30 rellt
187 1343 182 36 tillämplig
397 1341 20 31 å
440 1342 217 36 rusdrycker,
683 1350 73 21 som
784 1340 172 31 anträffas
980 1340 63 30 hos
1067 1349 44 21 en
1136 1339 56 31 för
1216 1339 184 37 rattfylleri
1425 1338 162 32 anhållen

86 1396 135 27 person,
246 1387 110 30 skulle
380 1387 67 30 den
471 1388 10 29 i
505 1386 90 30 vissa
620 1385 63 31 fall
707 1385 119 30 kunna
849 1385 79 30 leda
951 1384 50 31 till
1025 1393 96 21 mera
1145 1382 193 37 vittgående
1363 1383 226 36 ingripanden

84 1431 45 29 än
156 1439 75 21 som
254 1428 131 38 åsyftas
411 1429 78 30 med
515 1428 160 36 gällande
701 1427 189 36 stadgande
915 1426 221 31 beträffande
1161 1426 65 30 den
1253 1435 74 20 som
1354 1424 153 32 anhålles
1533 1425 56 30 för

85 1471 124 39 fylleri,
234 1470 206 38 exempelvis
466 1470 43 31 då
533 1480 42 21 en
601 1479 134 28 person,
761 1479 74 21 som
860 1469 205 30 misstänkes
1090 1468 55 30 för
1169 1467 193 38 rattfylleri,
1388 1467 54 31 för
1466 1468 124 30 under-

84 1514 149 37 sökning
253 1515 64 29 och
340 1514 120 30 förhör
481 1512 155 32 anhålles
657 1513 10 29 i
689 1512 51 31 sin
761 1512 124 30 bostad
907 1512 85 30 först
1013 1511 106 31 sedan
1141 1511 123 30 färden
1285 1511 176 30 avslutats.
1485 1500 103 51 Överr

85 1557 156 36 vägande
263 1556 75 30 skäl
361 1565 103 27 synas
485 1556 69 30 tala
577 1555 56 30 för
656 1558 49 27 att
727 1554 69 31 låta
819 1554 203 36 stadgandet
1044 1563 80 21 avse
1147 1554 120 30 endast
1290 1552 132 32 sådana
1445 1553 145 36 drycker

84 1608 74 22 som
178 1600 67 29 den
263 1598 163 31 anhållne
443 1597 157 31 medhaft
618 1597 20 31 å
657 1597 132 30 färden.
809 1597 78 30 Med
904 1607 43 20 en
966 1595 108 31 sådan
1091 1595 216 37 utformning
1326 1605 42 21 av
1386 1595 203 37 stadgandet

85 1642 97 31 torde
205 1643 85 30 även
314 1641 91 31 klart
428 1638 144 38 framgå,
597 1642 50 29 att
670 1640 42 30 de
732 1640 218 37 rusdrycker,
974 1648 74 21 som
1071 1638 175 31 medhafts
1269 1648 42 21 av
1335 1646 221 30 passagerare
1579 1639 10 30 i

87 1685 168 35 fordonet,
277 1684 76 31 icke
375 1684 163 30 omfattas
560 1693 42 21 av
624 1683 213 36 stadgandet.

129 1726 274 31 Motorförarnas
431 1725 413 37 helnykterhetsförbund
873 1725 65 30 har
965 1723 186 38 föreslagit,
1182 1726 48 28 att
1258 1723 331 37 förverkandelagen

85 1767 107 33 måtte
209 1769 194 30 utsträckas
423 1768 50 30 till
492 1771 48 27 att
559 1777 81 21 avse
659 1769 85 29 även
765 1768 56 30 det
841 1767 72 36 fall,
935 1766 43 31 då
998 1776 41 21 en
1060 1767 171 36 polisman
1252 1767 78 29 med
1350 1767 77 30 stöd
1447 1776 40 20 av
1508 1767 39 29 21
1571 1766 18 37 8

83 1810 322 36 vägtrafikstadgan
430 1809 180 36 förbjuder
634 1820 42 20 en
701 1809 263 36 spritpåverkad
989 1818 125 28 person
1137 1811 49 29 att
1210 1810 75 30 föra
1311 1809 199 30 automobil.
1536 1808 52 31 En

84 1852 111 33 sådan
216 1852 202 37 utvidgning
440 1862 42 21 av
503 1854 100 34 lagen
625 1861 99 27 synes
746 1851 190 30 emellertid
957 1860 82 22 vara
1061 1852 114 35 ägnad
1198 1854 48 28 att
1268 1852 110 29 väcka
1400 1850 189 37 betänklig-

84 1896 106 35 heter,
216 1895 44 31 då
284 1896 65 30 den
374 1895 110 30 skulle
508 1895 167 29 innebära
699 1897 47 27 att
771 1894 174 36 polisman
967 1894 93 35 finge
1084 1893 272 35 omhändertaga
1382 1903 40 20 en
1449 1902 141 28 persons

83 1937 168 36 egendom
274 1940 85 27 utan
381 1939 48 27 att
450 1936 110 29 denne
583 1945 59 20 ens
663 1934 207 31 misstänkes
892 1934 55 31 för
966 1935 45 30 ha
1031 1933 115 37 begått
1167 1944 44 21 en
1231 1935 227 36 straffbelagd
1477 1936 109 30 hand-

84 1980 80 37 ling.
188 1980 65 31 Det
274 1980 58 31 må
354 1980 117 31 vidare
494 1978 141 37 erinras,
660 1982 48 28 att
731 1979 171 36 polisman
925 1978 102 36 enligt
1050 1979 159 35 gällande
1231 1979 257 30 bestämmelser
1510 1980 80 34 äger

86 2025 49 29 att
156 2024 52 30 till
229 2022 256 36 förebyggande
506 2030 42 22 av
569 2022 93 30 brott
683 2025 71 27 mot
779 2021 83 30 1934
885 2020 55 31 års
962 2021 54 35 lag
1038 2019 165 37 förbjuda
1227 2021 64 30 den
1314 2030 75 21 som
1412 2022 37 29 är
1472 2020 118 37 påver-

85 2066 70 30 kad
175 2076 43 20 av
236 2066 116 29 starka
373 2065 145 36 drycker
538 2067 49 27 att
607 2064 77 30 föra
704 2063 239 31 motorfordon
965 2064 64 30 och
1051 2073 57 20 om
1130 2062 38 31 så
1189 2063 174 31 erfordras
1384 2063 124 31 hindra
1529 2064 60 29 ho-

87 2117 80 21 nom
188 2106 166 32 därifrån.
372 2107 56 30 Att
446 2107 186 30 härutöver
651 2107 119 35 stadga
789 2107 67 30 rätt
875 2106 81 30 eller
975 2106 195 36 skyldighet
1188 2105 54 31 för
1261 2106 172 37 polisman
1452 2110 47 27 att
1518 2116 72 21 om-

85 2150 215 36 händertaga
325 2149 208 36 rusdrycker
560 2157 101 29 synes
689 2148 74 30 icke
791 2157 83 22 vara
903 2147 153 38 påkallat
1083 2157 43 21 av
1154 2147 102 37 något
1284 2149 109 31 större
1420 2148 170 37 praktiskt

85 2192 122 31 behov.

129 2259 14 29 I
166 2257 198 38 anslutning
384 2258 50 31 till
456 2259 64 29 vad
543 2257 147 31 sålunda
710 2257 134 31 anförts
866 2257 88 30 hade
976 2257 190 30 utarbetats
1188 2261 45 27 ett
1255 2257 56 30 vid
1333 2257 256 37 promemorian

86 2307 95 37 fogat
205 2308 128 36 förslag
357 2308 50 30 till
432 2309 55 35 lag
510 2306 178 38 angående
712 2307 231 31 förverkande
968 2308 8 30 i
1001 2307 90 30 vissa
1117 2307 61 31 fall
1202 2317 42 20 av
1268 2307 232 38 spritdrycker
1524 2308 67 30 och

84 2358 69 30 vin.

130 2404 90 35 Över
244 2408 256 37 promemorian
524 2408 107 39 jämte
655 2408 120 30 därvid
802 2408 95 36 fogat
921 2408 185 36 lagförslag
1132 2408 45 30 ha
1203 2408 85 31 efter
1311 2408 121 31 remiss
1458 2408 129 36 yttran-

86 2457 66 32 den
176 2457 142 37 avgivits
341 2469 43 20 av
406 2458 104 31 rikets
532 2458 176 30 hovrätter
731 2458 64 31 och
819 2456 422 37 överståthållarämbetet,
1265 2466 75 22 som
1364 2458 108 31 tillika
1495 2459 94 30 över-
