2216 2594
683 146 342 34 Jordbruksutskottets
1047 147 163 33 utlåtande
1234 148 52 32 Nr
1308 149 53 32 89.
1743 151 39 31 15

226 223 149 49 förlagd
416 223 160 38 industri
617 226 168 48 regleras
815 226 11 36 i
855 226 98 49 syfte
994 232 54 31 att
1088 226 220 38 densamma
1350 228 33 48 ej
1414 228 160 49 menligt
1601 229 179 36 inverkar
1808 232 21 33 å

227 274 150 38 stadens
422 276 192 51 egenskap
656 291 47 23 av
745 277 134 38 badort
920 278 69 37 och
1031 279 44 36 de
1118 279 277 48 förhållanden,
1436 293 82 23 som
1560 280 154 37 därmed
1756 285 73 45 äga

226 327 287 50 sammanhang.

355 378 59 37 En
456 380 116 37 sådan
612 382 194 49 reglering
847 395 113 36 synes
1001 383 182 36 utskottet
1214 383 134 36 lättare
1377 382 127 37 kunna
1533 383 295 47 åstadkommas,

226 433 41 34 så
308 431 114 49 länge
463 431 153 38 holmen
656 433 206 38 bibehålles
890 433 12 36 i
930 434 163 37 kronans
1134 434 113 47 hand,
1278 447 85 24 men
1391 434 121 37 skulle
1540 435 84 36 med
1653 435 177 37 säkerhet

226 483 189 36 försvåras
456 484 126 37 därest
614 485 221 37 densamma
863 486 207 49 överginge
1098 487 12 35 i
1138 486 146 37 enskild
1317 491 86 44 ägo.
1458 486 138 37 Vidare
1624 486 120 37 håller
1771 493 58 30 ut-

226 534 142 37 skottet
409 535 89 48 före,
543 541 54 31 att
638 539 40 34 så
719 538 113 49 länge
873 551 50 22 nu
966 538 291 48 ifrågavarande
1290 538 179 36 områden
1505 538 152 36 tillhöra
1684 538 144 37 kronan

225 586 124 36 bättre
389 587 76 36 kan
505 587 130 48 tillses,
679 595 52 30 att
764 589 83 37 icke
876 593 21 33 å
924 589 193 37 desamma
1145 590 176 49 vidtagas
1349 590 192 47 anstalter,
1571 590 102 36 vilka
1701 590 129 36 kunna

226 638 113 36 lända
380 639 71 36 den
480 640 68 36 här
576 643 40 34 så
644 641 148 48 viktiga
820 642 314 48 fiskerinäringen
1162 642 56 36 till
1246 642 164 49 förfång.
1466 642 62 36 Nu
1556 642 161 37 berörda
1745 655 84 36 syn-

226 690 163 49 punkter
416 691 106 37 träda
550 695 40 34 så
618 693 150 48 mycket
796 707 102 23 mera
926 694 11 35 i
967 693 231 49 förgrunden
1226 694 12 35 i
1266 694 246 36 betraktande
1541 693 127 49 därav,
1694 699 54 31 att
1768 694 63 36 det

226 742 108 36 torde
361 755 90 24 vara
478 743 117 37 tvivel
623 744 258 47 underkastat,
910 745 187 37 huruvida
1125 745 45 37 de
1200 746 57 36 för
1277 745 133 37 staden
1430 746 176 48 gällande
1626 745 197 49 ordnings-

227 794 234 36 föreskrifter
502 801 64 31 äro
597 799 20 33 å
645 796 202 37 områdena
889 797 224 49 tillämpliga
1155 802 98 31 samt
1295 797 102 49 förty
1434 797 72 36 den
1535 797 295 37 eventualiteten

228 845 182 49 möjligen
438 847 75 36 kan
542 848 134 36 tänkas
704 848 162 46 inträffa,
898 854 54 31 att
980 850 227 35 åtminstone
1237 849 57 36 för
1323 852 127 45 någon
1479 849 54 36 tid
1554 849 45 36 de
1618 849 60 36 för
1698 849 132 37 staden

227 897 12 35 i
259 896 371 50 ordningsavseende
648 900 118 48 givna
783 901 124 48 regler
926 903 21 33 å
966 901 109 36 dessa
1094 901 180 36 områden
1293 901 82 36 icke
1395 901 120 36 skulle
1533 914 90 23 vara
1641 900 187 49 gällande.

227 948 139 37 Härtill
402 950 171 37 kommer
602 951 74 37 den
704 952 228 36 åtminstone
962 953 11 35 i
1001 953 79 36 viss
1108 955 87 33 mån
1224 952 235 49 tveksamma
1488 952 184 49 ställning
1698 952 132 37 veder-

226 1000 168 38 börande
423 1002 268 49 myndigheter
719 1004 136 48 intagit
882 1003 64 37 vid
973 1004 262 49 tillstyrkande
1263 1018 47 22 av
1339 1004 71 37 den
1439 1004 224 49 ifrågasatta
1688 1004 143 49 försälj-

227 1052 155 50 ningen.
438 1052 188 51 Slutligen
655 1068 113 35 synes
796 1056 185 36 utskottet
1008 1055 73 37 den
1100 1056 12 36 i
1131 1056 154 37 ärendet
1314 1056 227 36 framhållna
1559 1056 130 36 vikten
1708 1069 47 23 av
1777 1061 54 31 att

228 1106 21 33 å
267 1103 152 39 holmen
448 1106 187 37 anordnas
668 1120 47 23 en
744 1107 84 49 slip,
859 1110 89 34 varå
977 1121 46 23 en
1045 1110 94 34 1:sta
1157 1108 104 36 klass
1282 1108 199 49 torpedbåt
1499 1108 63 36 vid
1583 1107 248 37 förefallande

229 1155 125 37 behov
380 1157 74 36 kan
482 1163 202 44 upptagas,
714 1159 75 36 tala
817 1159 57 37 för
902 1155 171 41 holmens
1100 1159 265 37 bibehållande
1393 1160 11 36 i
1432 1160 166 36 kronans
1626 1164 86 44 ägo.

357 1208 128 38 Under
513 1210 237 49 åberopande
780 1224 45 23 av
854 1211 62 36 det
945 1211 156 36 anförda
1128 1211 218 37 hemställer
1374 1211 196 48 utskottet,

760 1318 56 31 att
852 1314 244 36 förevarande
1130 1314 237 50 proposition
1397 1315 34 48 ej
1463 1317 60 33 må
1552 1328 45 22 av
1625 1314 207 48 riksdagen

629 1363 158 38 bifallas.

358 1466 220 39 Stockholm
607 1468 73 37 den
711 1470 45 35 19
786 1470 73 49 maj
894 1472 108 34 1916.

690 1573 51 36 På
765 1572 413 49 jordbruksutskottets
1206 1578 163 43 vägnar:

791 1675 170 37 RAOUL
991 1675 281 37 HAMILTON.

429 1844 222 27 Närvarande:
670 1854 30 18 se
719 1845 146 27 utlåtande
885 1856 32 16 nr
934 1847 42 26 84.

873 1986 318 40 Reservation

361 2097 45 23 av
434 2084 129 37 herrar
591 2087 182 44 Ericsson,
803 2089 163 35 Paulson
994 2090 68 35 och
1090 2102 116 37 greve
1247 2093 273 36 Wachtmeister.
