1923 2842
286 182 38 29 16
583 181 122 40 Tredje
729 182 238 39 lagutskottets
991 183 175 31 utlåtande
1190 194 41 20 nr
1257 184 36 29 17
1320 183 38 31 år
1384 184 82 30 1969

283 280 56 21 om
364 271 154 41 tjudring
542 282 42 21 av
608 273 80 40 djur
712 273 55 31 vid
791 273 194 41 betesgång,
1009 274 85 31 krav
1117 273 45 41 på
1184 274 154 31 tillstånd
1361 275 55 31 för
1438 278 49 28 att
1509 275 97 31 driva
1628 276 139 30 kennel-

283 326 125 31 rörelse
435 327 64 31 och
528 327 289 40 hundpensionat,
845 328 216 31 föreskrifter
1086 329 9 31 i
1123 329 88 40 syfte
1238 333 48 28 att
1312 329 67 32 öka
1405 330 147 40 skyddet
1577 335 71 26 mot
1674 330 93 40 djur-

282 380 129 39 plågeri
441 382 56 30 vid
526 382 182 39 offentliga
737 383 169 39 tävlingar
935 384 77 30 med
1040 383 89 40 djur,
1158 383 114 31 såsom
1300 384 223 40 obligatorisk
1551 386 148 30 närvaro
1726 394 43 21 av

284 435 169 31 veterinär
477 436 55 30 vid
557 437 93 39 varje
673 437 138 39 tävling,
836 442 88 26 samt
948 438 8 30 i
980 437 97 40 fråga
1100 448 56 20 om
1179 439 41 30 de
1243 439 256 39 vetenskapliga
1522 439 245 40 djurförsöken

282 489 258 32 bestämmelser
564 500 55 21 om
644 491 92 31 ökad
760 492 224 39 användning
1006 502 42 21 av
1071 493 269 30 smärtstillande
1362 493 65 30 och
1450 494 173 38 lugnande
1647 494 119 35 medel,

283 543 10 30 i
313 543 62 31 fall
394 544 62 31 där
475 545 195 39 bedövning
689 546 69 30 inte
776 545 69 31 kan
865 546 68 36 ske,
954 546 65 30 och
1037 556 56 21 om
1114 546 144 31 förande
1275 556 42 21 av
1334 547 139 40 journal
1491 549 80 29 över
1588 548 92 30 olika
1699 547 68 31 för-

283 598 72 30 sök.
381 598 216 31 Framhållas
621 599 56 31 må
701 600 104 30 också
828 601 66 29 den
917 601 239 31 bestämmelse
1178 611 74 20 som
1275 601 124 31 införts
1421 602 10 30 i
1454 602 314 40 djurskyddslagen

285 652 77 30 från
385 653 65 30 och
473 654 78 30 med
573 654 66 30 den
665 656 12 28 1
702 655 137 39 januari
862 655 9 30 i
894 654 37 31 år
952 655 64 30 och
1039 665 73 20 som
1135 657 60 37 gör
1216 656 55 30 det
1292 656 134 39 möjligt
1447 660 49 27 att
1517 656 163 40 förbjuda
1701 657 67 30 den

283 716 73 21 som
383 707 90 31 visar
498 707 240 40 försumlighet
765 709 7 30 i
799 708 97 40 fråga
921 719 55 20 om
1002 709 95 40 djurs
1122 709 84 31 vård
1230 710 65 30 och
1319 710 211 40 behandling
1554 714 46 28 att
1626 711 142 30 handha

285 762 79 40 djur
384 763 80 30 eller
484 763 81 31 visst
584 763 74 40 slag
677 773 42 21 av
739 764 89 40 djur.

329 820 12 30 I
359 821 222 40 jaktstadgan
600 821 93 31 finns
710 821 258 32 bestämmelser
985 832 56 21 om
1059 823 112 40 skydd
1188 823 54 31 för
1259 824 41 30 de
1317 824 91 30 vilda
1425 824 134 40 djuren.
1577 823 48 32 På
1642 824 124 39 grund-

283 875 54 28 val
359 885 42 19 av
422 875 322 38 jaktutredningens
766 876 288 29 slutbetänkande
1074 878 64 28 har
1158 878 9 28 i
1189 878 145 37 stadgan
1355 879 78 28 med
1454 879 129 28 verkan
1604 878 78 29 från
1702 878 65 29 och

283 928 78 30 med
380 928 65 30 den
468 930 10 28 1
501 928 138 40 januari
662 929 82 30 1968
762 929 71 30 dels
852 928 123 32 införts
992 939 69 30 nya
1078 929 267 37 bestämmelser,
1365 930 71 31 dels
1454 929 212 41 genomförts
1684 930 83 31 änd-

283 982 116 39 ringar
419 983 8 29 i
448 983 144 38 tidigare
610 983 267 36 bestämmelser,
898 984 59 30 allt
982 984 2 29 i
1005 983 107 31 sådan
1131 984 209 39 omfattning
1359 988 48 28 att
1425 994 81 21 man
1525 985 79 30 med
1621 984 59 40 fog
1697 985 71 30 kan

283 1036 68 30 tala
371 1046 55 20 om
447 1046 40 20 en
507 1046 45 30 ny
571 1037 207 39 jaktstadga.
799 1037 63 30 Vid
880 1037 236 31 utformandet
1135 1047 41 21 av
1194 1038 305 31 bestämmelserna
1517 1039 64 30 har
1598 1039 67 30 viss
1683 1038 84 31 hän-

283 1100 62 29 syn
364 1090 100 39 tagits
483 1091 49 29 till
551 1092 65 29 den
635 1091 141 39 opinion
795 1092 8 29 i
823 1091 237 31 viltvårdande
1077 1092 64 30 och
1159 1092 197 40 djurvänlig
1373 1092 153 40 riktning
1543 1102 73 21 som
1634 1093 135 30 kunnat

283 1145 134 30 avläsas
435 1145 10 30 i
464 1145 328 39 remissyttrandena
810 1147 80 29 över
906 1146 322 39 jaktutredningens
1245 1146 230 31 betänkande.
1495 1147 150 30 Numera
1663 1147 105 38 gäller

282 1198 65 30 den
376 1198 419 40 fridlysningsordningen
823 1203 47 27 att
897 1199 67 31 alla
991 1199 91 31 vilda
1110 1200 170 39 däggdjur
1306 1200 65 30 och
1397 1199 112 40 fåglar
1534 1201 10 30 i
1570 1200 134 40 princip
1731 1201 38 30 är

282 1251 159 39 fridlysta
466 1253 64 29 och
554 1253 74 38 jakt
653 1252 131 31 tillåten
808 1253 120 30 endast
951 1254 110 29 under
1083 1253 180 31 bestämda
1285 1254 174 39 jakttider.
1483 1254 81 30 Jakt
1587 1253 55 31 får
1664 1254 104 39 enligt

282 1306 65 30 den
370 1306 283 39 grundläggande
674 1306 264 31 bestämmelsen
959 1307 69 30 inte
1048 1307 159 30 bedrivas
1227 1307 37 31 så
1285 1311 48 27 att
1354 1307 200 31 villebrådet
1574 1308 194 39 onödigtvis

282 1359 151 39 tillfogas
452 1360 149 29 lidande.
622 1360 66 29 För
707 1363 47 27 att
774 1360 187 39 förebygga
980 1361 140 38 onödigt
1139 1362 138 29 lidande
1295 1361 94 30 finns
1407 1363 10 29 i
1436 1362 145 38 stadgan
1599 1361 169 39 ingående

281 1413 259 31 bestämmelser
561 1422 56 21 om
640 1412 132 32 tillåtna
793 1413 188 40 jaktvapen
1002 1415 65 29 och
1087 1414 241 40 jaktmetoder.
1349 1415 13 30 I
1383 1414 134 40 princip
1538 1414 55 31 får
1611 1415 75 39 jakt
1706 1424 61 21 nu-

282 1477 94 20 mera
397 1467 120 30 endast
537 1467 158 30 bedrivas
715 1468 78 30 med
813 1468 217 39 skjutvapen.
1050 1468 124 31 Vidare
1193 1469 106 38 gäller
1318 1468 140 40 skärpta
1477 1469 109 39 regler
1604 1478 56 21 om
1679 1472 87 28 natt-

281 1521 84 39 jakt,
387 1530 56 20 om
465 1521 224 39 användning
709 1530 41 21 av
771 1522 97 30 hund
888 1523 56 29 vid
963 1522 75 39 jakt
1057 1523 65 29 och
1142 1532 56 20 om
1218 1522 74 39 jakt
1312 1522 79 31 från
1411 1522 250 31 motorfordon.

327 1577 115 31 Under
463 1587 120 22 senare
604 1578 38 31 år
663 1579 64 30 har
747 1589 74 20 som
842 1579 155 39 framgår
1017 1589 41 21 av
1079 1580 56 30 det
1156 1580 148 31 anförda
1325 1580 443 40 djurskyddsutredningen

281 1632 65 29 och
367 1632 304 39 jaktutredningen
693 1633 146 31 bedrivit
859 1634 320 39 utredningsarbete
1200 1635 8 29 i
1229 1634 89 40 syfte
1338 1638 48 27 att
1407 1634 36 31 få
1463 1635 91 30 fram
1574 1635 109 38 regler
1702 1634 65 30 och

281 1684 217 32 föreskrifter
520 1696 74 20 som
617 1687 70 30 kan
710 1689 81 37 göra
815 1688 55 30 det
893 1688 133 39 möjligt
1048 1691 49 27 att
1118 1687 243 32 åstadkomma
1383 1692 46 27 ett
1449 1688 319 31 tillfredsställande

282 1739 111 39 skydd
413 1749 42 21 av
473 1739 95 31 såväl
587 1740 90 30 vilda
697 1741 79 39 djur
794 1751 73 20 som
887 1741 79 39 djur
983 1751 74 20 som
1075 1741 88 30 hålls
1181 1742 10 30 i
1209 1741 227 40 fångenskap.
1454 1742 50 30 Bl.
1519 1752 29 21 a.
1567 1743 41 30 de
1626 1742 142 30 resultat

281 1802 74 21 som
375 1794 270 39 utredningarna
664 1794 146 31 kommit
829 1795 49 31 till
897 1796 63 29 har
979 1795 161 31 föranlett
1158 1795 216 31 omfattande
1392 1795 225 40 lagstiftning.
1637 1795 129 40 Ifråga-

282 1847 151 30 varande
451 1847 188 39 ändringar
656 1849 9 29 i
682 1849 96 38 lagar
794 1849 65 30 och
876 1848 247 40 författningar
1138 1850 64 29 har
1218 1850 80 30 trätt
1314 1850 10 30 i
1340 1849 95 31 kraft
1450 1850 111 30 under
1576 1850 41 30 de
1633 1853 134 27 senaste

281 1900 92 31 åren.
393 1901 221 39 Tillräckliga
632 1902 234 30 erfarenheter
883 1912 41 20 av
942 1903 98 30 deras
1058 1903 129 30 verkan
1204 1903 64 30 har
1284 1903 120 30 därför
1420 1904 94 30 ännu
1530 1904 70 30 inte
1617 1903 149 31 vunnits.

281 1954 111 30 Innan
412 1954 37 31 så
468 1955 88 30 skett
575 1955 63 30 bör
657 1956 68 29 inte
745 1956 157 30 tillsättas
922 1955 113 39 någon
1055 1966 45 29 ny
1119 1957 183 39 utredning
1320 1957 221 30 beträffande
1560 1957 207 30 hithörande

281 2007 127 39 frågor.
432 2008 105 30 Dessa
561 2009 38 30 är
621 2009 188 30 emellertid
832 2019 41 20 av
895 2011 123 29 största
1041 2010 72 30 vikt
1135 2010 63 30 och
1223 2009 106 31 måste
1351 2010 120 31 därför
1491 2011 151 39 ständigt
1664 2010 102 40 följas

281 2063 78 29 med
380 2063 320 38 uppmärksamhet.

325 2115 47 30 På
392 2117 111 36 grund
523 2125 41 21 av
584 2116 56 30 det
658 2116 147 31 anförda
825 2117 62 30 bör
905 2117 55 30 det
980 2118 8 29 i
1008 2118 215 29 motionerna
1243 2118 26 29 I:
1288 2119 38 29 19
1345 2118 64 30 och
1429 2118 43 30 II:
1489 2119 40 29 23
1549 2118 217 30 framställda

281 2170 169 38 yrkandet
469 2180 55 20 om
544 2170 183 39 utredning
745 2171 68 29 inte
830 2170 149 31 bifallas.

326 2223 114 39 Enligt
459 2223 331 40 djurskyddslagens
809 2224 258 31 bestämmelser
1084 2226 39 29 är
1140 2225 301 40 huvudprincipen
1459 2229 48 27 att
1525 2226 56 30 det
1598 2226 39 30 är
1653 2226 112 30 hälso-

282 2276 279 31 vårdsnämnden
579 2278 9 29 i
606 2281 96 26 orten
719 2287 73 20 som
810 2278 64 30 har
890 2281 47 27 att
954 2280 103 28 utöva
1074 2279 116 39 tillsyn
1206 2288 42 21 av
1265 2280 117 38 lagens
1398 2279 222 30 efterlevnad.
1638 2280 127 30 Nämn-

281 2330 65 31 den
370 2332 38 29 är
430 2331 136 39 skyldig
589 2334 47 27 att
659 2334 74 27 utse
755 2341 41 20 en
819 2331 81 31 eller
922 2332 56 30 vid
999 2332 112 30 behov
1133 2332 86 31 flera
1242 2332 288 40 tillsyningsmän.
1554 2333 211 31 Länsveteri-

280 2386 107 29 nären
410 2388 89 27 samt
522 2384 167 31 distrikts-
713 2385 81 30 eller
816 2386 266 30 stadsveterinär
1103 2386 205 31 medverkar
1330 2387 56 30 vid
1408 2387 160 39 tillsynen
1590 2387 65 31 och
1676 2388 89 30 läns-

280 2439 164 38 styrelsen
474 2438 87 31 skall
591 2439 78 30 med
697 2438 134 32 biträde
859 2448 42 21 av
929 2439 291 31 länsveterinären
1249 2439 88 32 vaka
1365 2442 81 29 över
1473 2444 49 27 att
1548 2440 218 31 hälsovårds-

280 2492 169 30 nämnder
481 2493 64 29 och
579 2492 277 39 tillsyningsmän
888 2498 88 26 samt
1009 2493 167 31 distrikts-
1208 2494 65 30 och
1304 2494 305 31 stadsveterinärer
1639 2494 128 39 fullgör

279 2546 74 30 sina
381 2545 215 39 åligganden.
624 2546 343 39 Veterinärstyrelsen
994 2546 63 31 har
1082 2547 120 38 högsta
1231 2547 158 39 tillsynen
1414 2548 65 30 och
1504 2548 176 30 meddelar
1704 2547 62 31 råd
