2229 2683
438 181 41 32 72
879 181 252 35 Statsutskottets
1159 182 169 35 Utlåtande
1353 185 62 32 N:o
1444 187 46 31 10.

392 262 120 46 kraft,
543 274 81 24 som
645 262 142 36 hittills
806 263 86 35 icke
913 264 243 47 synnerligen
1175 265 289 48 tillvaratagits,
1485 267 196 47 nämligen
1699 268 151 46 vinden,
1873 269 124 37 skulle

391 316 77 36 den
511 314 81 38 ofta
630 315 190 37 svårlösta
847 315 137 49 frågan
1014 330 62 23 om
1109 317 221 38 erhållande
1360 318 41 37 af
1424 319 112 48 billig
1564 320 187 37 drifkraft
1779 321 62 36 till
1870 323 127 36 åstad-

392 368 235 36 kommande
657 368 42 37 af
723 369 239 37 elektricitet
989 369 60 37 för
1072 370 393 47 jordbruksändamål
1483 373 117 36 vinna
1618 374 228 47 ytterligare
1865 376 133 36 utred-

391 421 95 47 ning
524 422 89 35 med
641 421 150 47 hänsyn
820 422 62 35 till
909 425 87 33 vårt
1024 423 109 36 lands
1160 424 280 37 förhållanden.
1497 426 75 35 För
1595 426 403 49 jordbruksnäringen

390 474 127 36 skulle
546 474 47 35 de
618 474 175 46 resultat,
816 487 82 24 som
917 475 115 37 häraf
1046 476 161 47 framgå,
1224 476 278 48 jämförelsevis
1521 478 148 48 hastigt
1688 479 133 36 kunna
1840 480 158 37 komma

390 527 64 36 till
481 538 103 35 gagn
612 538 140 35 genom
781 527 45 36 de
856 528 205 47 lärdomar,
1091 542 81 23 som
1199 530 135 36 vinnas
1361 531 14 35 i
1395 534 129 33 ämnet
1558 531 41 36 af
1628 532 45 35 de
1692 531 87 37 från
1798 532 201 37 institutet

391 579 196 47 utgående
617 579 188 37 eleverna.

521 632 75 36 Vid
623 633 241 35 bedömande
893 633 41 36 af
956 633 137 48 frågan
1122 647 62 23 om
1211 634 218 37 kostnaden
1443 635 60 37 för
1518 637 222 36 erhållande
1757 637 42 36 af
1812 638 187 37 elektrisk

389 684 108 35 kraft
525 685 111 35 torde
666 685 73 35 den
763 685 211 47 viktigaste
997 686 160 36 faktorn
1180 700 93 23 vara
1292 687 244 47 drifkraften,
1554 701 81 24 som
1656 690 141 36 anlitas
1816 690 60 37 för
1895 691 102 36 elek-

389 736 222 36 tricitetens
634 736 326 48 frambringande.
1003 739 134 47 Enligt
1162 740 45 35 de
1228 739 41 35 af
1282 740 217 36 institutets
1519 742 158 45 styrelse
1697 742 217 48 framlagda
1933 745 65 34 be-

389 789 267 47 räkningarna
672 790 123 36 skulle
810 791 14 34 i
838 790 252 37 förevarande
1105 791 68 36 fall
1188 793 122 35 under
1323 795 60 34 tre
1398 793 232 47 fjärdedelar
1645 794 42 36 af
1698 797 83 33 året
1793 795 75 36 den
1878 796 119 36 erfor-

390 842 151 47 derliga
569 842 158 36 kraften
756 843 164 36 erhållas
947 856 141 34 genom
1114 845 160 36 vindens
1293 845 182 48 tillhjälp.
1521 847 224 36 Kostnaden
1764 847 60 36 för
1843 849 154 36 anskaf-

387 894 115 36 fande
542 895 72 35 och
651 896 261 46 uppsättande
946 896 42 35 af
1016 897 73 35 den
1116 897 133 36 härför
1277 898 251 48 erforderliga
1555 899 250 36 vindmotorn
1832 900 73 36 har
1932 902 66 35 be-

388 947 163 35 räknats
578 947 63 36 till
671 950 110 43 8,750
811 948 157 47 kronor,
996 949 82 46 och,
1101 950 49 35 då
1168 953 130 44 någon
1318 951 165 36 särskild
1502 951 146 37 skötsel
1667 952 42 36 af
1724 953 126 36 denna
1869 956 129 34 motor

387 999 88 36 icke
515 999 204 47 erfordras,
758 1000 123 36 skulle
921 1002 279 36 årskostnaden
1236 1003 61 35 för
1330 1004 126 36 denna
1485 1004 186 36 drifkraft
1699 1005 213 36 inskränka
1940 1007 59 47 sig

389 1052 63 35 till
479 1055 115 33 ränta
624 1053 72 35 och
725 1054 238 47 amortering
997 1057 21 33 å
1048 1055 486 48 anläggningskostnaden.
1589 1058 130 36 Under
1748 1057 124 48 öfriga
1891 1059 108 36 delar

387 1103 43 37 af
468 1107 84 34 året
580 1105 126 36 skulle
733 1106 62 35 för
820 1106 316 48 frambringande
1165 1108 41 35 af
1230 1109 74 35 den
1332 1109 252 47 erforderliga
1612 1110 156 36 kraften
1796 1113 112 45 tagas
1935 1112 64 35 till

386 1156 108 48 hjälp
523 1157 194 47 mejeriets
748 1160 241 45 ångmaskin,
1020 1172 81 24 som
1128 1161 88 35 med
1243 1161 149 47 hänsyn
1419 1162 135 36 härtill
1581 1162 123 36 skulle
1733 1167 114 42 göras
1874 1167 123 43 något

386 1211 125 34 större
553 1215 49 31 än
643 1210 102 36 hvad
782 1210 194 47 mejeriets
1010 1212 121 36 behof
1165 1214 138 35 enbart
1338 1213 167 37 kräfver.
1560 1215 82 35 Den
1680 1215 147 46 ökning
1862 1216 14 34 i
1911 1216 85 36 kol-

388 1264 208 45 åtgången,
619 1274 81 24 som
719 1263 66 35 vid
804 1263 194 47 mejeriets
1019 1267 206 45 ångpanna
1244 1266 123 36 skulle
1386 1266 219 36 förorsakas
1624 1267 121 46 häraf,
1766 1267 72 36 har
1855 1268 139 36 beräk-

387 1317 88 33 nats
516 1314 173 36 medföra
727 1327 47 23 en
810 1316 169 36 kostnad
1017 1317 41 35 af
1090 1317 166 47 tillhopa
1296 1321 70 33 165
1404 1319 147 35 kronor
1585 1322 45 33 60
1661 1323 77 42 öre,
1766 1331 88 24 men
1881 1321 112 35 torde

387 1367 233 46 antagligen
647 1367 159 36 komma
834 1371 60 33 att
922 1371 122 45 något
1073 1369 207 48 öfverstiga
1309 1371 109 35 detta
1445 1371 152 47 belopp.

520 1420 136 46 Enligt
695 1419 382 48 institutsstyrelsens
1112 1422 217 48 beräkning
1357 1423 122 36 skulle
1511 1435 140 35 genom
1679 1424 73 35 den
1781 1424 212 36 elektriska

386 1471 175 36 kraftens
591 1473 252 35 användande
872 1474 183 36 bortfalla
1082 1474 167 47 följande
1278 1476 174 46 utgifter,
1472 1476 210 47 nämligen:
1709 1476 66 36 vid
1794 1476 200 36 institutet

387 1526 73 33 463
503 1524 147 36 kronor
694 1527 44 33 19
779 1529 64 31 öre
870 1525 60 36 för
957 1527 212 46 belysning,
1204 1530 99 33 samt
1330 1528 66 36 vid
1423 1529 237 45 egendomen
1691 1531 71 33 178
1791 1529 147 36 kronor
1971 1532 20 33 6

386 1579 67 32 öre
481 1576 60 35 för
568 1577 214 46 belysning,
815 1580 109 43 1,215
954 1578 146 37 kronor
1126 1579 61 35 för
1215 1580 152 35 stenkol
1394 1580 63 36 till
1485 1593 47 23 en
1546 1581 214 35 lokomobil
1781 1581 72 35 och
1875 1584 114 43 1,00
1967 1572 27 59 0

385 1628 147 36 kronor
572 1629 60 35 för
673 1629 200 36 aflönande
915 1630 41 35 at
993 1643 47 23 en
1076 1632 213 46 maskinist,
1318 1633 166 47 tillhopa
1514 1635 110 43 2,856
1654 1633 146 36 kronor
1830 1636 45 33 25
1906 1638 83 32 öre.

384 1680 238 37 Härutöfver
650 1681 123 36 skulle
802 1682 62 36 till
882 1682 95 47 följd
997 1683 41 36 af
1054 1684 72 35 den
1144 1696 75 34 nya
1239 1686 472 46 ångpanneanordningen
1730 1686 66 35 vid
1815 1686 176 46 mejeriet

384 1732 269 48 kolåtgången
694 1734 180 46 minskas,
917 1737 40 33 så
991 1738 59 33 att
1078 1736 216 36 kostnaden
1323 1737 129 36 därför
1479 1738 154 35 komme
1663 1741 59 33 att
1750 1739 126 46 nedgå
1904 1739 86 35 med

387 1786 71 33 323
488 1786 149 35 kronor
666 1788 45 32 27
743 1791 76 30 öre.

514 1838 89 35 Med
638 1838 149 46 hänsyn
815 1839 62 35 till
904 1839 102 36 hvad
1029 1840 68 47 jag
1124 1839 106 37 förut
1259 1841 128 36 anfört
1414 1842 239 35 beträffande
1682 1843 218 35 kostnaden
1927 1843 62 35 för

385 1889 198 36 anlitande
618 1890 41 35 af
682 1890 193 47 mejeriets
904 1893 227 45 ångmaskin
1160 1896 125 33 såsom
1311 1894 271 46 hjälpmaskin,
1614 1906 109 24 anser
1746 1894 69 47 jag
1842 1895 146 35 minsk-

384 1941 146 47 ningen
557 1943 14 34 i
598 1942 266 47 kolåtgången
884 1943 86 37 icke
989 1945 133 35 kunna
1140 1946 190 35 beräknas
1349 1949 130 44 uppgå
1499 1946 61 35 till
1580 1947 233 35 sistberörda
1832 1947 154 48 belopp,

383 2005 89 23 men
499 1997 84 33 mot
609 1994 314 47 beräkningarna
950 1997 13 34 i
992 1997 120 47 öfrigt
1135 1998 71 34 har
1229 1997 68 47 jag
1324 1998 86 36 icke
1438 2001 121 44 något
1587 2001 60 33 att
1675 1999 137 35 erinra.

514 2047 53 35 På
603 2047 129 47 grund
767 2047 41 35 af
839 2048 103 35 hvad
974 2048 69 48 jag
1077 2049 161 36 sålunda
1267 2050 139 45 anfört,
1435 2050 123 36 finner
1581 2050 69 48 jag
1677 2051 80 47 mig
1784 2052 96 35 böra
1908 2052 80 35 till-

384 2098 135 46 styrka
547 2099 295 47 ifrågavarande
872 2101 248 48 anläggning.

514 2152 57 34 Då
614 2152 215 36 emellertid
870 2153 251 48 erforderliga
1162 2154 124 36 medel
1326 2155 86 36 icke
1453 2155 121 36 finnas
1609 2155 61 36 till
1698 2156 119 35 Eders
1845 2156 140 47 Kungl.

383 2202 130 46 Maj:ts
542 2204 240 46 disposition,
812 2205 223 37 hemställer
1058 2206 78 47 jag,
1168 2209 60 33 att
1255 2207 242 46 proposition
1525 2210 123 33 måtte
1676 2208 63 36 till
1766 2208 220 47 Riksdagen

384 2254 146 47 aflåtas,
575 2256 73 36 och
690 2269 110 24 anser
836 2257 78 47 jag,
957 2259 60 46 då,
1060 2262 50 45 på
1151 2261 78 34 sätt
1257 2259 419 48 landtbruksstyrelsen
1705 2260 139 46 anfört,
1874 2261 47 35 de
1950 2259 42 37 af

382 2308 190 45 styrelsen
613 2308 60 36 för
713 2309 246 37 landtbruks-
1002 2312 72 35 och
1108 2311 333 47 mejeriinstitutet
1475 2313 232 35 omnämnda
1734 2313 253 47 besparingar
