2209 2680
426 209 19 31 2
886 208 246 31 Statsutskottets
1163 207 164 33 Utlåtande
1351 207 60 33 N:o
1438 207 50 32 10.

516 291 77 35 »Då
630 289 522 48 jordbruksdepartementet
1180 291 41 33 år
1253 290 96 35 1900
1378 289 225 45 inrättades,
1643 288 239 36 beräknades
1910 289 64 36 be-

383 343 132 37 hofvet
557 343 40 36 af
635 341 278 38 arbetskrafter
949 342 105 36 mom
1082 342 213 36 detsamma
1322 342 122 36 under
1473 341 238 48 antagandet
1739 343 60 34 att
1828 342 147 36 antalet

384 397 179 44 ärenden,
593 408 80 23 som
702 396 309 46 departementet
1038 395 101 47 finge
1169 397 59 34 att
1255 395 233 47 handlägga,
1510 395 122 35 skulle
1653 394 147 48 årligen
1818 395 157 35 komma

384 452 59 33 att
477 452 131 44 uppgå
636 448 62 36 till
727 448 179 46 omkring
938 450 121 41 1,100.
1115 448 80 34 Den
1223 450 89 43 stat,
1343 460 80 23 som
1452 447 41 36 af
1516 447 219 47 Riksdagen
1763 447 13 35 i
1805 447 172 47 enlighet

382 503 87 35 med
510 501 119 36 FEders
669 500 139 48 Kungl.
850 500 128 47 Maj:ts
1020 500 142 47 förslag
1204 502 137 45 antogs
1383 500 72 36 och
1496 512 81 24 som
1619 505 102 31 ännu
1761 499 123 48 gäller
1918 499 59 36 för

382 556 321 47 departementet,
731 555 194 45 upptager
952 553 170 46 sålunda,
1147 552 122 47 jämte
1297 552 333 48 expeditionschef
1645 553 71 36 och
1736 553 239 47 registrator,

385 612 19 32 2
435 606 226 49 byråchefer
690 606 71 36 och
791 609 19 32 2
840 606 376 36 kanslisekreterare.

511 661 317 46 Departementet
855 659 136 36 trädde
1019 659 13 35 i
1060 658 245 37 verksamhet
1332 659 87 36 med
1447 658 98 48 april
1574 659 159 36 månads
1760 659 146 48 ingång
1935 662 41 33 år

385 716 96 33 1900
513 713 72 34 och
612 712 119 35 redan
758 711 59 35 för
845 712 108 34 detta
982 714 53 42 år,
1065 711 42 34 af
1129 711 150 35 hvilket
1307 712 327 45 departementets
1653 712 247 36 verksamhet
1919 715 56 33 så-

381 766 103 36 ledes
524 763 212 38 omfattade
778 763 135 36 endast
953 765 60 34 tre
1053 762 241 48 fjärdedelar,
1333 762 173 49 uppgick
1539 763 147 36 antalet
1720 764 167 36 ärenden
1915 764 61 35 till

385 821 122 44 1,040.
551 818 219 36 Sedermera
789 816 72 36 har
880 816 147 36 antalet
1048 816 200 36 oafbrutet
1268 816 112 36 ökats
1401 816 70 36 och
1491 816 71 36 har
1581 816 212 37 detsamma
1808 817 166 47 utgjort:

582 873 43 34 ÅT
656 872 93 34 AO
766 902 32 5 oss
806 901 813 6 sssssrssnsrssrasr
1068 851 105 70 anses
1238 851 128 70 nnannsnnn
1369 851 106 70 snaran
1501 851 123 70 arsnsenenena
1654 871 109 44 1,288

591 953 21 16 BS
654 924 94 35 [ST
713 904 23 70 00
760 954 860 6 NN
1654 923 109 46 1,485

591 1005 20 17 9
654 958 34 70 ÅT
679 977 70 34 OB
760 1007 861 7 aeassrsarsrsrsssenassanasnrarsarnnenrne
1238 958 124 70 ennen
1370 958 79 70 aanaran
1457 958 54 70 annes
1518 958 19 70 sn
1545 958 79 70 seen
1655 976 109 45 1,548

591 1058 21 16 RR
653 1030 96 34 [STO
759 1061 155 5 ARA
1059 1061 211 5 AANNN
1655 1030 109 44 1,699

654 1084 17 32 Å
679 1083 70 34 OD
766 1113 204 6 asarna
982 1114 75 5 srnssesr
1068 1114 76 5 snaran
1154 1114 109 5 asarna
1283 1113 120 6 saraaa
1465 1114 59 5 arsa
1551 1114 71 5 vore
1656 1082 107 45 1,842

502 1133 80 36 Den
621 1133 177 48 skillnad,
839 1147 81 24 som
952 1135 159 36 sålunda
1138 1134 203 36 förefinnes
1370 1134 163 36 emellan
1562 1135 65 35 det
1655 1110 219 59 beräknade
1905 1132 71 35 och

382 1186 71 35 det.
475 1185 171 36 faktiska
675 1164 148 58 antalet
851 1188 178 45 ärenden,
1058 1188 115 35 beror
1192 1188 12 34 i
1223 1187 121 36 första
1363 1189 168 34 rummet
1551 1187 131 46 därpå,
1705 1188 60 33 att
1785 1185 191 36 ärendena

382 1238 106 35 inom
515 1240 138 34 nästan
681 1239 178 47 samtliga
887 1251 171 35 grupper
1084 1239 111 37 vuxit
1222 1239 13 36 i
1255 1239 116 36 antal.
1414 1239 88 35 Men
1521 1238 190 47 därjämte
1730 1237 113 36 hafva
1864 1236 112 36 äfven

381 1302 75 34 nya
496 1302 171 36 grupper
699 1291 152 36 utöfver
879 1292 45 35 de
952 1291 96 37 först
1076 1291 150 36 afsedda
1250 1292 157 46 tillagts
1435 1292 319 46 departementet.
1810 1289 165 37 Sålunda

380 1343 217 35 bestämdes
633 1343 13 35 i
674 1342 182 48 förnyade
884 1344 142 47 nådiga
1054 1344 163 47 stadgan
1247 1344 196 46 angående
1471 1343 219 47 fördelning
1719 1342 41 36 af
1784 1342 192 35 ärendena

381 1395 141 35 mellan
563 1395 415 48 statsdepartementen
1019 1397 73 35 den
1135 1398 42 33 31
1222 1408 101 24 mars
1363 1399 108 43 1900,
1506 1398 60 34 att
1594 1395 212 37 tillsvidare
1830 1394 146 47 jämväl

382 1448 168 35 ärenden
591 1448 163 36 rörande
784 1449 141 35 allmän
952 1449 214 47 fattigvård
1194 1449 122 35 skulle
1345 1449 218 36 tillkomma
1587 1447 389 48 jordbruksdeparte-

382 1502 165 34 mentets
575 1500 301 48 handläggning.
920 1502 144 35 Genom
1093 1502 165 46 ändring
1285 1502 13 34 i
1327 1514 143 23 samma
1499 1502 136 47 stadga
1664 1501 73 36 den
1760 1502 44 33 30
1822 1499 156 47 januari

385 1555 95 33 1903
510 1553 72 35 har
609 1553 213 36 sedermera
841 1555 196 44 bestämts,
1060 1556 59 34 att
1137 1554 407 47 lagstiftningsfrågor,
1566 1554 111 35 äfven
1696 1554 13 35 i
1729 1553 73 35 den
1821 1555 90 33 mån
1931 1552 46 35 de

381 1604 129 37 kunde
540 1604 75 37 afse
643 1606 287 36 bestämmelser
949 1606 42 36 af
1006 1606 172 47 civillags
1198 1608 125 44 natur,
1345 1606 134 46 skulle,
1500 1606 48 35 då
1568 1606 45 36 de
1633 1606 112 35 rörde
1766 1604 210 47 skogsvård

381 1660 100 33 samt
508 1658 202 47 byggande
740 1659 72 35 och
839 1659 202 36 underhåll
1066 1659 42 36 af
1120 1664 120 42 vägar
1259 1662 49 44 på
1327 1659 143 45 landet,
1490 1659 240 46 handläggas
1749 1657 105 36 inom
1869 1656 107 47 jord-

380 1710 442 47 bruksdepartementet.
844 1711 187 47 Slutligen
1044 1712 72 35 har
1132 1712 73 35 den
1222 1714 44 33 30
1284 1712 216 46 september
1518 1713 108 44 1904,
1640 1710 185 36 likaledes
1837 1721 140 35 genom

381 1762 165 47 ändring
574 1762 12 35 i
614 1764 256 45 nyssnämnda
895 1764 146 46 stadga,
1062 1765 196 44 bestämts,
1280 1766 59 33 att
1359 1764 168 35 ärenden
1546 1764 198 47 angående
1767 1761 210 37 veterinär-

379 1815 325 47 undervisningen
731 1816 122 35 skulle
882 1816 84 36 från
995 1816 71 36 och
1094 1817 86 35 med
1208 1816 193 47 ingången
1431 1816 42 36 af
1496 1818 42 33 år
1569 1819 95 33 1905
1695 1816 216 45 öfvertagas
1941 1813 41 35 af

380 1867 319 47 departementet.

509 1920 131 35 Redan
681 1920 48 36 då
771 1921 307 46 departementet
1119 1921 136 36 trädde
1296 1922 13 34 i
1337 1917 257 49 verksamhet,
1627 1919 187 37 befunnos
1842 1918 133 47 fattig-

379 1971 241 36 vårdsmålen
657 1972 85 36 icke
771 1973 210 47 lämpligen
1008 1973 133 36 kunna
1169 1973 194 48 förläggas
1391 1973 62 35 till
1481 1946 223 78 någondera
1733 1972 42 35 af
1799 1971 176 47 departe-

379 2026 167 33 mentets
586 2026 66 34 två
692 2026 149 45 byråer,
885 2028 96 33 utan
1023 2025 193 47 öfvertogs
1259 2026 109 35 deras
1405 2004 216 57 beredande
1651 2024 41 36 af
1716 2023 259 48 expeditions-

382 2076 143 36 chefen.
570 2072 19 57 —
599 2077 334 47 Departementets
978 2056 228 69 registrator
1251 2078 71 35 har
1368 2078 214 36 sedermera
1629 2076 122 48 enligt
1796 2075 179 47 frivilligt

382 2129 192 47 åtagande
602 2129 149 37 biträdt
779 2130 64 36 vid
872 2131 106 35 dessa
1008 2130 184 36 ärendens
1220 2130 247 47 behandling.

509 2180 52 36 Af
597 2182 65 35 det
703 2182 159 36 anförda
903 2183 181 46 framgår,
1128 2185 59 33 att
1219 2183 326 47 departementets
1581 2181 251 36 arbetsbörda
1861 2180 114 45 högst

379 2234 211 47 väsentligt
634 2234 119 46 vuxit,
797 2235 71 35 och
909 2235 73 35 den
1020 2235 145 47 ökning
1199 2235 13 35 1
1241 2236 209 35 ärendenas
1479 2234 107 37 antal
1615 2237 21 33 å
1663 2234 200 46 byråerna,
1894 2244 81 23 som

379 2286 85 35 från
493 2286 327 47 departementets
847 2287 181 36 bildande
1056 2287 247 47 uppkommit
1332 2287 71 37 och
1431 2299 80 24 som
1540 2287 59 36 för
1618 2285 239 37 närvarande
1877 2296 97 35 upp-

379 2341 70 44 går
476 2338 61 36 till
567 2339 179 45 omkring
777 2342 43 33 50
852 2342 170 44 procent,
1052 2340 175 36 kommer
1256 2340 216 47 säkerligen
1501 2339 171 47 alltjämt
1700 2341 59 32 att
1778 2337 139 47 fortgå.
1959 2337 16 33 I
