2229 2680
760 210 249 32 Statsutskottets
1037 208 169 33 Utlåtande
1231 208 59 32 N:o
1315 211 50 28 10.
1765 208 60 32 155

404 289 72 35 Till
516 289 95 47 följd
653 290 115 36 häraf
804 290 72 36 har
915 289 393 48 kammarkollegium
1344 288 153 48 afgifvit
1525 289 260 47 underdånigt
1809 292 60 33 ut-

273 342 158 35 låtande
460 341 41 36 af
526 343 73 34 den
629 345 46 33 29
705 344 208 34 november
944 345 96 34 1905
1072 343 72 35 och
1173 342 130 36 däruti
1331 341 128 36 anfört
1485 341 179 47 följande.

404 395 76 35 För
524 395 240 36 bedömande
811 395 41 36 af
892 395 137 47 frågan
1077 407 62 24 om
1185 394 195 36 storleken
1425 393 42 37 af
1503 394 65 36 det
1607 393 143 47 anslag,
1789 406 81 24 som

274 447 120 35 borde
424 446 95 36 afses
564 447 60 35 för
668 460 53 23 nu
765 448 295 47 ifrågavarande
1108 447 190 45 ändamål,
1345 446 170 36 saknade
1559 445 212 47 kollegium
1810 445 61 36 för

275 499 242 35 närvarande
564 511 127 24 annan
736 500 158 47 ledning
939 506 50 30 än
1038 500 85 46 den,
1171 512 80 23 som
1300 498 129 36 kunde
1474 498 152 36 hämtas
1654 498 41 35 af
1719 498 46 35 de
1793 500 77 33 sta-

276 551 155 35 tistiska
476 551 250 47 uppgifterna
770 553 66 35 vid
881 552 41 35 af
962 552 213 47 kollegium
1220 552 73 35 den
1340 554 44 32 27
1433 551 201 35 december
1677 552 94 34 1902
1816 550 54 35 af-

278 602 122 47 gifvet
445 604 260 47 underdånigt
749 605 203 35 utlåtande
999 605 197 46 angående
1241 603 166 36 revision
1452 603 42 36 af
1529 603 201 47 väglagen.
1794 603 75 35 En-

277 655 75 47 ligt
393 655 107 36 dessa
541 656 211 47 uppgifter,
794 656 134 36 hvilka
970 656 127 48 afsåge
1136 656 291 36 förhållandena
1468 655 60 36 för
1561 658 42 33 år
1634 657 108 44 1900,
1771 655 98 36 hade

277 708 233 46 vägskatten
553 708 60 35 för
658 709 46 35 de
744 709 442 48 beskattningsföremål,
1229 721 81 23 som
1355 708 32 46 ej
1434 707 180 48 utgjorde
1655 707 215 47 vägunder-

278 760 80 35 håll
398 760 40 36 in
474 763 150 44 natura,
655 761 13 35 i
695 761 183 36 medeltal
905 761 60 36 för
991 762 122 35 rikets
1144 764 71 33 368
1244 760 431 47 väghållningsdistrikt
1703 762 169 45 uppgått

278 812 62 35 till
371 815 46 33 28
448 816 64 32 öre
540 825 70 35 per
636 813 176 47 vägfyrk.
855 814 57 35 Då
939 818 50 43 på
1017 814 126 47 grund
1172 813 41 35 af
1239 816 44 32 60
1313 812 18 46 $
1359 812 190 47 väglagen
1569 812 74 35 alla
1663 811 210 47 vägfyrkar

279 864 105 35 inom
420 867 58 33 ett
507 865 72 36 och
609 877 144 24 samma
781 866 160 36 distrikt
969 866 122 36 skulle
1119 878 92 23 vara
1239 865 81 35 lika
1346 865 232 47 betungade,
1608 863 123 37 skulle
1759 863 113 36 alltså

278 918 168 35 nämnda
485 917 103 36 siffra
625 922 265 42 representera
919 918 423 46 normalbelastningen
1369 929 69 35 per
1464 917 164 47 vägfyrk
1655 917 105 35 inom
1784 916 88 35 hela

278 969 104 36 riket
414 969 60 36 för
502 970 157 46 angifna
688 973 51 33 år.
796 972 109 35 Inom
933 974 44 32 41
1010 971 159 35 distrikt
1198 969 176 47 (ungefär
1406 972 41 32 11
1478 969 176 47 procent)
1683 969 97 34 hade
1807 968 65 35 be-

278 1021 221 47 lastningen
540 1024 169 45 uppgått
749 1022 62 36 till
852 1023 105 35 öfver
1001 1025 45 34 50
1088 1027 64 31 öre
1181 1022 72 36 och
1280 1022 106 35 inom
1417 1024 42 32 17
1491 1021 159 36 distrikt
1679 1020 194 46 (omkring

272 1076 30 32 '3
344 1074 177 46 procent)
549 1096 52 3 —
628 1074 76 36 alla
731 1075 106 35 inom
865 1076 45 34 de
938 1075 255 36 norrländska
1220 1075 179 35 länen
1358 1070 28 54 —
1426 1074 61 35 till
1517 1076 45 33 75
1593 1077 65 31 öre
1686 1085 69 34 per
1782 1077 91 42 väg-

279 1125 99 46 fyrk.
435 1126 175 36 Omsatta
651 1127 13 34 i
704 1126 225 36 kommunal
971 1127 233 47 skatteplikt
1245 1126 121 35 skulle
1396 1126 106 35 dessa
1531 1125 125 36 siffror
1683 1125 60 35 för
1766 1123 107 47 jord-

279 1177 308 48 bruksfastighet
628 1181 206 44 motsvara,
873 1180 105 36 inom
1007 1180 73 35 den
1107 1179 104 35 förra
1237 1178 230 47 kategorien
1495 1177 105 36 öfver
1629 1180 44 33 83
1705 1181 64 31 öre
1801 1176 73 36 och

280 1230 104 35 inom
426 1231 72 35 den
539 1243 130 24 senare
710 1231 228 47 kategorien
980 1231 104 36 öfver
1128 1234 16 32 1
1188 1230 124 36 krona
1350 1232 46 33 25
1427 1234 63 31 öre
1518 1242 69 34 per
1614 1229 131 46 vanlig
1771 1228 100 47 fyrk,

282 1282 113 35 alltså
436 1283 12 34 i
488 1284 100 34 båda
629 1282 117 36 fallen
787 1296 47 23 en
873 1284 148 47 ganska
1049 1287 99 43 tung
1175 1282 263 36 skattebörda.
1493 1283 136 34 Därest
1656 1294 64 32 nu,
1750 1284 123 33 såsom

280 1334 213 47 kollegium
533 1334 61 36 för
635 1335 57 35 sin
733 1335 61 36 del
835 1336 117 35 tänkt
992 1336 69 47 sig,
1094 1335 293 47 ifrågavarande
1416 1334 307 35 statsunderstöd
1751 1333 122 36 skulle

280 1386 148 36 lämnas
470 1387 93 35 eller
604 1387 233 36 åtminstone
877 1388 133 35 kunna
1046 1388 146 36 lämnas
1220 1388 87 34 med
1335 1387 65 35 det
1428 1386 95 47 syfte
1553 1386 71 36 och
1651 1386 14 35 i
1693 1386 74 35 den
1795 1398 79 23 om-

280 1439 184 47 fattning,
508 1442 59 33 att
607 1440 268 47 belastningen
915 1453 69 34 per
1023 1440 165 47 vägfyrk
1229 1439 224 47 därigenom
1493 1439 123 35 skulle
1644 1438 231 46 nedbringas

281 1491 62 35 till
372 1493 58 33 ett
457 1491 94 36 visst
578 1492 314 47 maximibelopp,
922 1505 81 23 som
1031 1493 14 34 i
1074 1493 137 35 sådant
1243 1491 174 36 afseende
1444 1491 130 36 kunde
1594 1502 107 24 anses
1721 1490 153 47 skäligt,

282 1556 90 23 vore
402 1544 66 35 det
495 1544 155 46 tydligt,
680 1547 70 43 att,
767 1544 45 46 ju
831 1545 107 46 lägre
958 1545 108 35 detta
1087 1545 211 35 maximum
1317 1546 129 42 sattes,
1467 1544 108 34 desto
1600 1543 120 47 högre
1739 1543 138 35 under-

283 1595 248 48 stödsbelopp
561 1596 123 35 skulle
713 1596 190 36 erfordras
925 1619 45 2 —
993 1597 72 35 och
1094 1599 182 33 tvärtom.
1318 1596 131 35 Redan
1476 1595 66 35 vid
1570 1597 57 33 ett
1641 1594 236 47 jämförelse-

282 1648 57 34 vis
381 1651 40 32 så
462 1648 97 47 högt
599 1648 143 47 belopp
785 1661 80 23 som
905 1651 44 34 50
981 1653 63 31 öre
1073 1660 70 35 per
1169 1648 89 47 fyrk
1285 1647 134 46 skulle,
1450 1647 84 35 sedt
1560 1647 60 35 för
1646 1647 87 35 hela
1760 1646 115 45 riket,

284 1702 146 33 statens
471 1701 210 35 understöd
728 1700 190 36 erfordras
959 1701 13 34 i
1013 1713 47 23 en
1102 1700 245 47 omfattning,
1390 1711 81 24 som
1511 1699 87 36 med
1637 1699 148 46 hänsyn
1816 1698 62 36 till

284 1753 146 34 statens
470 1753 120 35 redan
630 1752 106 36 förut
777 1756 40 32 så
852 1756 104 32 stora
996 1753 267 47 uppoffringar
1290 1752 59 35 för
1376 1751 258 47 vägväsendet
1665 1750 213 47 kollegium

284 1807 128 37 ansett
446 1805 58 46 sig
533 1805 234 35 åtminstone
795 1805 60 35 för
882 1806 240 35 närvarande
1150 1805 86 35 icke
1263 1805 133 35 kunna
1423 1803 238 47 ifrågasätta.
1717 1804 76 34 För
1820 1802 58 35 sin

285 1856 60 36 del
386 1857 99 35 hade
514 1857 214 47 kollegium
765 1869 52 23 nu
844 1857 76 36 fäst
947 1857 58 47 sig
1032 1857 64 36 vid
1124 1857 66 36 det
1219 1856 155 48 angifna
1401 1856 120 46 högre
1548 1856 194 46 beloppet,
1770 1860 107 30 näm-

283 1909 104 46 ligen
418 1912 45 32 75
494 1913 64 32 öre
586 1921 69 35 per
681 1909 175 47 vägfyrk.
911 1910 145 35 Härvid
1082 1910 99 35 hade
1208 1909 212 46 kollegium
1447 1908 101 36 dock
1576 1908 220 46 egentligen
1824 1906 54 36 af-

285 1964 77 32 sett
403 1963 59 33 att
502 1961 105 35 finna
643 1964 130 44 någon
800 1961 163 47 lämplig
990 1961 296 47 utgångspunkt
1313 1961 60 35 för
1399 1960 216 46 beräkning
1643 1960 42 35 af
1712 1960 166 46 anslags-

284 2013 184 46 beloppet
495 2013 13 35 i
537 2014 82 35 dess
648 2013 142 46 helhet,
820 2025 88 24 men
936 2014 175 35 däremot
1135 2014 86 35 icke
1242 2015 59 34 att
1319 2012 131 36 fastslå
1470 2013 107 35 detta
1595 2012 141 47 belopp
1756 2014 123 33 såsom

287 2078 45 22 en
363 2064 221 48 ovillkorlig
611 2077 112 24 norm
750 2065 66 36 vid
844 2065 193 47 anslagets
1064 2065 229 47 fördelning.
1336 2065 53 46 Ty
1415 2077 61 23 om
1497 2064 115 36 också
1632 2066 57 34 ett
1708 2064 168 45 distrikt,

286 2118 70 34 där
392 2118 225 45 vägbördan
645 2130 69 34 per
741 2117 166 47 vägfyrk
936 2117 213 47 öfverstege
1180 2120 45 33 75
1256 2122 75 40 öre,
1361 2117 122 35 under
1511 2116 75 36 alla
1613 2115 266 36 förhållanden

285 2171 122 33 måste
437 2181 107 23 anses
571 2182 92 23 vara
692 2170 87 35 med
807 2170 251 46 väghållning
1086 2169 213 47 synnerligt
1325 2169 227 46 betungadt,
1581 2180 91 24 vore
1701 2169 65 35 det
1794 2168 85 35 där-

284 2220 61 36 för
373 2221 86 35 icke
488 2222 124 46 sagdt,
643 2224 60 33 att
730 2222 65 35 vid
823 2222 108 35 tiden
959 2222 59 35 för
1046 2222 191 46 anslagets
1263 2221 230 46 fördelning,
1523 2220 49 36 då
1594 2232 91 24 man
1702 2220 99 36 hade
1820 2222 60 34 att

285 2277 89 31 röra
415 2274 57 46 sig
513 2274 87 35 med
642 2274 121 35 andra
805 2274 72 35 och
917 2273 293 48 tillförlitligare
1252 2273 125 36 siffror
1413 2279 50 30 än
1496 2285 80 23 som
1604 2285 52 23 nu
1684 2273 106 35 stode
1818 2272 62 36 till

285 2326 108 45 buds,
433 2325 82 47 just
557 2326 109 35 detta
694 2325 141 47 belopp
868 2326 129 35 kunde
1026 2338 92 24 vara
1145 2325 270 36 företrädesvis
1442 2325 198 47 passande,
1671 2324 70 36 och
1769 2324 13 34 i
1810 2324 71 35 allt
