2223 2672
738 193 254 33 Statsutskottets
1021 191 169 33 Utlåtande
1213 191 62 32 N:o
1300 193 49 31 10.
1758 191 38 31 21

243 277 250 47 inspektoren
528 275 65 36 vid
620 273 480 38 landtbruksakademiens
1129 271 352 49 experimentalfält
1509 272 152 36 Rhodin
1690 274 60 34 att
1776 272 65 36 vid

244 330 211 47 öfvergång
496 328 63 36 till
597 327 222 47 befattning
859 327 66 35 vid
966 326 344 36 centralanstalten
1351 325 13 35 i
1406 325 174 36 afseende
1610 328 21 32 å
1659 327 82 34 rätt
1781 325 62 35 till

244 382 267 46 ålderstillägg
538 382 13 35 i
580 381 74 36 den
680 392 75 35 nya
782 379 271 47 befattningen
1080 379 123 36 räkna
1232 378 57 48 sig
1317 378 62 36 till
1406 378 101 47 godo
1528 377 314 47 anställningstid

243 436 14 35 i
285 435 223 35 nuvarande
539 433 237 47 befattning;
808 433 73 35 och
907 432 99 35 hade
1035 432 220 45 Riksdagen
1284 431 131 35 därför
1441 431 149 35 lämnat
1618 433 59 33 ett
1704 431 139 34 sådant

243 486 282 48 medgifvande,
555 498 81 23 som
665 488 127 43 syntes
819 484 223 36 underlätta
1072 484 260 46 öfvergången
1360 483 63 35 till
1451 483 73 35 den
1551 495 75 34 nya
1647 482 195 47 organisa-

243 540 145 36 tionen.

374 591 221 46 Riksdagen
622 590 101 47 finge
752 590 113 35 alltså
894 589 164 45 anmäla,

377 646 60 33 att
477 643 221 46 Riksdagen
738 641 214 47 medgifvit,
996 641 79 35 dels
1118 642 58 34 att
1217 641 88 34 med
1345 640 194 46 ingången
1582 639 40 35 af
1660 642 42 33 år
1745 642 95 33 1907

245 697 102 46 finge
376 698 22 33 å
425 694 481 37 landtbruksakademiens
935 692 352 48 experimentalfält
1313 692 14 35 i
1355 691 275 47 hufvudsaklig
1655 691 189 36 öfverens-

246 749 218 36 stämmelse
505 748 88 35 med
628 748 73 35 den
729 747 14 35 i
771 745 431 48 statsrådsprotokollet
1231 744 106 37 öfver
1360 744 383 47 jordbruksärenden
1772 745 73 35 den

250 804 47 33 14
330 801 156 47 januari
517 802 97 34 1905
646 799 158 48 angifna
833 798 378 47 organisationsplan
1239 799 206 45 upprättas
1474 809 46 23 en
1548 797 298 35 centralanstalt

246 854 60 36 för
346 853 335 36 försöksväsendet
722 854 50 45 på
796 851 399 47 jordbruksområdet,
1225 850 123 35 under
1375 849 142 36 villkor
1545 852 60 33 att
1634 849 31 47 ej
1696 849 149 36 mindre

245 906 321 46 befattningarna
604 908 124 33 såsom
757 903 377 48 agrikulturkemist,
1164 902 260 47 växtfysiolog
1453 902 72 36 och
1552 902 202 47 inspektor
1781 902 66 35 vid

246 958 483 37 landtbruksakademiens
758 955 352 48 experimentalfält
1137 956 89 34 med
1252 957 199 44 utgången
1480 953 41 36 af
1546 957 42 33 år
1620 957 96 33 1906
1749 956 100 33 samt

249 1010 453 46 assistentbefattningen
715 1009 66 36 vid
794 1007 480 37 landtbruksakademiens
1290 1006 398 47 agrikulturkemiska
1704 1007 144 36 anstalt

248 1064 99 35 efter
374 1063 222 35 nuvarande
625 1061 294 36 innehafvarens
948 1060 41 36 af
1013 1061 125 34 denna
1165 1059 222 46 befattning
1416 1059 141 47 afgång
1585 1059 191 47 indroges,
1798 1065 50 30 än

249 1116 113 36 äfven
407 1115 13 35 i
469 1114 119 47 öfrigt
629 1115 45 35 de
722 1114 144 46 anslag,
915 1113 134 35 hvilka
1091 1112 40 35 af
1168 1112 220 46 Riksdagen
1428 1112 123 34 under
1580 1112 268 46 anslagstiteln

254 1167 284 47 »befrämjande
567 1167 13 35 i
609 1166 212 36 allmänhet
850 1165 41 36 af
911 1165 192 46 jordbruk
1128 1164 72 36 och
1227 1164 459 46 landtmannanäringar»
1719 1163 130 36 blifvit

248 1219 192 47 beviljade
482 1219 104 36 såväl
627 1219 62 35 till
730 1218 283 47 uppehållande
1047 1216 41 36 af
1113 1217 72 35 den
1213 1216 141 36 hittills
1381 1215 176 37 bedrifna
1585 1216 263 36 försöksverk-

250 1272 199 36 samheten
490 1272 66 35 vid
596 1270 478 37 landtbruksakademiens
1113 1268 398 48 agrikulturkemiska
1540 1269 72 35 och
1640 1268 208 47 växtfysio-

249 1325 154 47 logiska
445 1324 187 35 anstalter
674 1325 99 33 samt
812 1321 432 46 landtbruksafdelning
1282 1321 72 35 och
1381 1320 62 36 till
1472 1321 215 46 ersättning
1714 1320 61 36 för
1803 1321 45 35 de

251 1377 223 44 kostnader,
518 1388 81 23 som
636 1375 130 36 kunde
794 1374 230 46 tillskyndas
1053 1374 227 35 akademien
1307 1372 60 36 för
1396 1372 217 47 afgifvande
1642 1373 62 35 till
1731 1374 119 34 Eders

251 1429 141 46 Kungl.
422 1428 112 46 Maj:t
576 1427 41 36 af
655 1427 217 36 anbefallda
912 1426 254 46 utredningar
1201 1425 73 36 och
1308 1425 242 45 utlåtanden,
1580 1437 81 23 som
1690 1425 74 36 ock
1791 1425 62 35 till

253 1481 285 47 uppehållande
582 1480 40 35 af
660 1483 145 33 statens
847 1478 308 47 entomologiska
1188 1478 163 35 anstalts
1378 1477 257 46 verksamhet,
1665 1477 87 36 från
1780 1478 72 35 och

253 1534 89 35 med.
371 1536 43 32 år
445 1535 94 33 1907
571 1533 201 46 upphörde
802 1534 60 33 att
889 1534 105 44 utgå,
1026 1533 98 33 samt
1153 1533 59 33 att
1231 1530 464 36 landtbruksakademien
1710 1529 143 37 utfäste

254 1586 59 46 sig
355 1588 69 42 att,
469 1588 40 33 så
546 1585 114 46 länge
690 1584 227 36 akademien
945 1583 189 35 innehade
1163 1582 395 48 experimentalfältet
1587 1582 73 36 och
1686 1582 167 36 försöks-

253 1638 299 36 verksamheten
579 1637 66 35 vid
673 1636 294 47 ifrågavarande
996 1635 295 36 centralanstalt
1318 1634 285 47 upprätthölles
1630 1635 88 35 med
1741 1636 113 34 stats-

254 1690 137 45 medel,
420 1689 60 36 för
507 1689 316 36 verksamhetens
850 1688 250 36 bedrifvande
1129 1687 162 47 upplåta
1320 1688 74 35 den
1422 1687 61 35 del
1503 1686 41 36 af
1559 1687 295 47 experimental-

254 1743 126 44 fältet,
428 1743 88 34 med
561 1742 94 35 därå
699 1741 213 46 befintliga,
959 1740 61 35 för
1066 1740 219 35 ändamålet
1326 1739 252 46 erforderliga
1618 1739 235 46 byggnader,

254 1795 162 35 hvilken
451 1794 60 35 för
539 1793 241 36 närvarande
809 1792 271 47 disponerades
1109 1791 41 36 af
1172 1791 480 36 landtbruksakademiens
1679 1791 178 35 kemiska

255 1847 74 35 och
369 1845 348 47 växtfysiologiska
759 1845 188 35 anstalter
984 1847 99 32 samt
1110 1843 447 46 landtbruksafdelning;
1587 1843 79 35 dels
1695 1843 74 35 ock
1797 1845 60 33 att

254 1898 484 36 landtbruksakademiens
768 1896 377 47 agrikulturkemist,
1174 1895 219 47 professorn
1411 1896 148 35 Henrik
1574 1895 138 36 Gustaf
1724 1896 133 35 Söder-

254 1952 130 44 baum,
407 1950 73 36 och
498 1949 484 37 landtbruksakademiens
997 1947 269 47 växtfysiolog,
1283 1947 219 47 professorn
1517 1948 127 35 Jakob
1661 1947 195 45 Eriksson,

255 2003 67 36 vid
364 2002 210 47 öfvergång
615 2002 63 36 till
705 2000 535 47 föreståndarebefattningar
1267 2000 65 36 vid
1369 2000 355 45 centralanstalten,
1759 2003 100 32 samt

256 2055 253 47 inspektoren
536 2055 67 35 vid
634 2053 483 37 landtbruksakademiens
1146 2052 352 48 experimentalfält
1527 2052 138 46 Sigurd
1692 2052 165 45 Rhodin,

257 2108 131 35 därest
415 2107 78 35 han
520 2107 154 35 komme
704 2108 59 33 att
784 2106 157 46 öfvergå
969 2105 62 35 till
1059 2104 510 47 öfverassistentbefattning
1596 2104 67 36 vid
1690 2104 171 36 nämnda

257 2159 156 46 anstalt,
444 2159 101 47 finge
574 2159 13 35 i
616 2158 176 36 afseende
822 2161 21 32 å
870 2160 82 33 rätt
979 2157 63 36 till
1071 2157 265 47 ålderstillägg
1362 2157 14 35 i
1391 2157 45 35 de
1451 2169 75 34 nya
1540 2156 321 47 befattningarna

255 2212 294 47 tillgodoräkna
577 2211 58 47 sig
664 2211 145 35 enhvar
837 2211 74 34 den
938 2210 69 45 tid,
1037 2210 78 35 han
1142 2210 103 35 varit
1272 2209 13 35 i
1313 2209 58 36 sin
1395 2209 222 36 nuvarande
1636 2208 226 47 befattning

252 2264 70 36 hos
349 2263 468 37 landtbruksakademien
847 2263 185 44 anställd;
1064 2264 102 33 samt

382 2319 59 33 att
469 2316 119 36 Eders
611 2316 139 46 Kungl.
781 2314 128 47 Maj:ts
936 2314 144 47 förslag
1107 2314 62 36 till
1191 2316 78 34 stat
1283 2313 60 36 för
1360 2313 346 36 centralanstalten
1732 2312 128 36 äfven-
