2238 2691
433 203 61 33 140
870 203 253 34 Statsutskottets
1151 202 169 34 Utlåtande
1344 203 62 33 N:o
1430 206 50 30 10.

387 288 111 34 extra
525 285 190 47 biträden,
744 284 296 49 renskrifnings-
1070 284 72 37 och
1170 285 477 48 tryckningskostnader».
1702 287 117 36 Detta
1847 286 134 48 anslag

386 339 71 36 har
485 338 189 37 alltsedan
701 340 133 46 utgått
861 339 87 36 med
977 338 200 37 enahanda
1203 339 153 48 belopp.

515 392 66 36 Uti
608 392 242 47 underdånig
875 392 197 36 skrifvelse
1100 392 74 35 den
1206 395 16 32 1
1255 393 199 35 december
1486 395 95 33 1905
1611 393 70 35 har
1701 393 276 46 domänstyrel-

386 456 65 25 sen
491 444 106 48 gjort
634 444 286 48 framställning
962 457 62 23 om
1060 444 164 48 höjning
1253 444 41 36 af
1318 445 174 47 anslaget
1520 447 98 34 samt
1645 445 209 36 förändrad
1880 457 97 35 upp-

385 497 185 48 ställning
599 496 40 36 af
664 498 223 35 detsamma.
944 497 191 47 Styrelsen
1162 498 71 35 har
1260 498 137 36 därvid
1425 497 128 37 anfört
1581 498 179 47 följande.

514 550 130 37 Under
670 550 107 36 tiden
796 550 86 36 från
902 551 64 35 det
987 551 325 46 domänstyrelsen
1330 551 214 35 inrättades
1564 551 98 36 hade
1681 550 296 48 renskrifnings-

383 603 262 37 kostnaderna
673 603 109 47 stigit
810 602 85 37 från
926 606 107 44 3,021
1064 603 146 36 kronor
1238 606 46 33 47
1316 607 64 32 öre
1401 606 42 33 år
1466 606 95 34 1883
1582 604 62 36 till
1665 604 180 47 omkring
1866 606 109 45 8,150

382 656 147 37 kronor
555 655 61 36 för
644 658 42 34 år
717 658 108 44 1905,
856 657 147 35 antalet
1032 668 249 24 amanuenser
1310 656 112 36 ökats
1450 656 85 36 från
1566 659 18 33 6
1614 657 62 35 till
1701 659 20 33 8
1744 657 72 36 och
1844 657 45 35 de
1917 657 62 36 till

382 709 87 34 dem
496 709 194 45 utgående
719 709 315 46 arfvodesbelopp
1061 708 103 46 höjts
1191 709 86 34 från
1305 709 282 46 sammanlagdt
1617 712 110 43 9,000
1756 710 147 35 kronor
1917 710 61 35 till

382 760 283 47 sammanlagdt
697 762 133 45 14,800
861 760 156 36 kronor.
1064 760 133 36 Denna
1227 760 146 48 ökning
1392 760 13 36 i
1425 761 147 36 antalet
1600 773 252 24 amanuenser
1878 761 99 36 hade

380 813 130 37 blifvit
538 826 47 23 en
613 813 221 47 nödvändig
861 813 96 47 följd
985 813 41 36 af
1050 813 45 36 de
1125 813 167 47 alltjämt
1314 814 173 35 växande
1511 814 225 47 göromålen
1754 814 69 36 hos
1843 815 133 46 styrel-

381 879 76 34 sen,
502 866 72 36 och
615 866 74 36 den
714 865 223 48 förhöjning
965 865 13 36 i
1007 865 377 48 arfvodesbeloppen,
1413 878 80 24 som
1530 869 67 44 ägt
1624 879 87 23 rum
1737 866 239 36 beträffande

380 931 301 25 amanuenserna
711 921 21 33 å
760 918 361 48 skogsafdelningen
1152 918 86 36 från
1274 921 107 44 1,500
1412 919 61 35 till
1502 921 110 44 2,000
1641 919 146 36 kronor
1816 919 157 47 årligen,

378 972 99 36 hade
519 971 104 36 skett
650 972 13 35 i
692 970 389 37 öfverensstämmelse
1123 971 88 36 med
1252 973 57 34 ett
1350 971 41 36 af
1430 974 96 34 1900
1557 974 59 33 års
1644 971 169 48 Riksdag
1845 971 131 48 gjordt

378 1024 214 37 uttalande.

507 1078 17 34 I
551 1076 241 47 underdånig
820 1075 196 37 skrifvelse
1046 1076 73 36 den
1151 1079 43 33 15
1224 1078 207 35 november
1453 1079 97 34 1904
1572 1077 196 48 angående
1787 1077 187 37 förstärk-

377 1130 95 47 ning
500 1129 42 37 af
566 1128 329 37 arbetskrafterna
923 1131 22 33 å
964 1129 203 47 styrelsens
1195 1129 315 48 skogsafdelning
1529 1130 98 36 hade
1648 1130 185 47 styrelsen
1852 1130 123 36 utför-

375 1182 74 46 ligt
489 1181 200 47 redogjort
728 1182 60 34 för
829 1182 73 34 den
944 1181 146 47 ökning
1131 1181 41 35 af
1193 1183 224 45 göromålen
1454 1185 22 32 å
1505 1183 123 34 denna
1657 1182 205 47 afdelning,
1893 1196 81 23 som

376 1234 139 36 dittills
544 1236 67 45 ägt
638 1246 97 23 rum.
779 1233 121 36 Sedan
929 1233 82 36 dess
1038 1233 98 36 hade
1166 1234 277 35 arbetsbördan
1471 1234 167 47 alltjämt
1665 1234 130 36 blifvit
1822 1237 148 45 tyngre.

375 1287 71 35 Att
471 1289 39 33 så
537 1286 202 47 verkligen
765 1297 92 24 vore
885 1285 271 47 förhållandet,
1186 1289 127 43 syntes
1340 1287 119 35 bland
1478 1289 119 33 annat
1616 1287 113 35 däraf
1743 1289 60 34 att
1824 1288 148 35 antalet

376 1338 225 37 diariiförda
629 1338 78 36 mål
735 1341 21 33 å
784 1337 362 48 skogsafdelningen
1174 1337 150 48 utgjort
1355 1341 109 44 5,525
1495 1341 42 33 år
1568 1341 96 34 1904
1693 1341 82 34 mot
1795 1342 113 43 4,413
1931 1342 42 33 år

377 1393 95 34 1902
518 1391 72 36 och
625 1393 107 44 3,421
770 1393 43 33 år
843 1392 109 34 1883.
1006 1385 122 41 Äfven
1157 1394 21 32 å
1207 1391 202 47 styrelsens
1433 1391 411 47 jordbruksafdelning
1871 1392 99 36 hade

375 1446 100 34 trots
516 1444 46 35 de
598 1443 167 47 alltjämt
792 1443 198 46 pågående
1018 1442 323 48 försäljningarna
1369 1443 42 36 af
1433 1444 123 35 under
1584 1444 266 47 afdelningens
1878 1446 95 35 vård

376 1496 140 36 ställda
539 1496 359 46 kronoegendomar
918 1496 207 35 ärendenas
1146 1496 107 35 antal
1269 1496 122 46 ökats,
1411 1496 116 36 sedan
1541 1497 186 45 styrelsen
1745 1497 225 37 inrättades.

375 1547 167 37 Sålunda
582 1547 180 48 utgjorde
805 1548 45 35 de
880 1549 21 33 å
923 1547 460 48 jordbruksafdelningen
1424 1548 225 37 diariiförda
1690 1549 145 36 målens
1864 1551 107 35 antal

378 1603 109 43 1,493
531 1603 43 33 år
617 1602 95 34 1883
757 1600 72 35 och
873 1602 109 44 1,614
1025 1602 42 33 år
1111 1602 97 34 1904
1246 1603 99 33 samt
1372 1600 98 36 hade
1498 1601 123 35 under
1648 1602 46 35 de
1724 1601 98 36 elfva
1850 1602 121 36 första

373 1653 237 35 månaderna
652 1652 42 36 af
733 1654 97 34 1905
872 1654 170 45 uppgått
1069 1652 62 36 till
1162 1655 122 43 1,622.
1339 1654 133 35 Denna
1502 1654 148 47 ökning
1678 1656 127 45 syntes
1833 1655 62 35 till
1924 1667 47 23 en

372 1705 62 35 del
461 1705 115 36 hafva
604 1705 58 35 sin
691 1704 112 36 orsak
827 1704 13 35 i
860 1707 57 33 ett
944 1705 283 46 mångsidigare
1256 1705 336 48 tillgodogörande
1622 1706 41 36 af
1687 1707 284 46 egendomarna

374 1757 72 36 och
487 1757 62 36 till
590 1770 46 23 en
670 1757 60 35 del
757 1759 50 45 på
836 1757 44 36 de
909 1769 159 24 numera
1097 1757 71 36 allt
1197 1757 123 37 oftare
1347 1758 316 37 förekommande
1691 1759 279 47 lägenhetsför-

377 1809 271 47 säljningarna.

498 1862 53 35 Af
587 1862 70 35 allt
698 1861 108 36 detta
846 1861 97 36 hade
984 1862 129 36 blifvit
1155 1875 47 23 en
1239 1863 228 48 oundviklig
1494 1863 106 48 följd,
1632 1866 59 34 att
1719 1864 250 37 förenämnda

370 1914 132 47 anslag
539 1914 62 36 till
628 1914 408 48 vikariatsersättning
1063 1916 88 35 med
1178 1928 115 33 mera,
1324 1916 150 36 hvilket
1501 1916 86 36 från
1614 1916 138 47 början
1778 1917 103 36 varit
1908 1917 61 36 för

370 1966 152 47 knappt
549 1967 230 45 beräknadt,
808 1966 129 36 blifvit
965 1968 70 35 allt
1064 1968 304 46 otillräckligare
1395 1968 61 36 för
1483 1969 158 35 därmed
1669 1969 154 36 afsedda
1852 1970 117 36 ända-

368 2019 88 35 mål.
512 2019 129 36 Under
677 2020 46 34 de
752 2021 149 33 senaste
931 2022 91 32 åren
1049 2020 98 35 hade
1175 2020 224 47 visserligen
1422 2021 171 36 tillskott
1620 2021 179 47 beviljats
1827 2022 14 35 i
1868 2022 101 36 form

369 2071 42 35 af
439 2073 110 33 extra
577 2072 132 46 anslag
736 2071 62 35 till
827 2084 252 24 amanuenser
1108 2073 73 35 och
1209 2075 109 34 extra
1345 2073 180 36 biträden
1553 2077 22 32 å
1604 2074 204 46 styrelsens
1836 2074 131 47 skogs-

369 2123 210 48 afdelning,
621 2136 87 23 men
750 2124 107 35 dessa
899 2124 180 47 tillskott,
1118 2125 133 35 hvilka
1279 2126 122 35 under
1429 2128 91 33 åren
1552 2128 251 34 1901—1905
1833 2129 133 45 utgått

367 2176 89 35 med
487 2179 110 43 6,100
626 2177 146 35 kronor
801 2188 62 23 om
892 2178 82 34 året
1003 2177 72 35 och
1102 2177 60 35 för
1191 2180 42 32 år
1263 2180 96 33 1906
1388 2179 186 35 bestämts
1593 2179 62 35 till
1676 2181 109 43 3,350
1807 2179 157 46 kronor,

366 2228 111 46 hade,
521 2231 123 33 såsom
683 2229 216 46 framginge
941 2230 41 34 af
1020 2231 203 45 styrelsens
1264 2231 265 46 underdåniga
1570 2231 221 36 skrifvelser
1831 2233 73 35 den
1944 2235 19 33 7

366 2281 203 36 december
613 2283 96 35 1904
752 2281 198 46 angående
992 2282 124 36 medel
1156 2283 61 35 till
1258 2283 262 47 renskrifning
1552 2283 87 36 med
1667 2296 115 34 mera,
1813 2284 73 36 den
1919 2286 43 34 19

364 2333 14 35 i
406 2344 145 25 samma
591 2334 142 36 månad
766 2334 196 47 angående
992 2335 238 36 anställande
1260 2335 41 36 af
1325 2347 47 24 en
1400 2338 110 34 extra
1537 2336 147 36 revisor
1712 2336 72 36 och
1811 2337 75 35 den
1916 2339 47 33 20
