<?xml version="1.0" encoding="UTF-8"?>
<alto xmlns="http://www.loc.gov/standards/alto/ns-v3#" xmlns:xlink="http://www.w3.org/1999/xlink" xmlns:xsi="http://www.w3.org/2001/XMLSchema-instance" xsi:schemaLocation="http://www.loc.gov/standards/alto/ns-v3# http://www.loc.gov/alto/v3/alto-3-0.xsd">
	<Description>
		<MeasurementUnit>pixel</MeasurementUnit>
		<sourceImageInformation>
			<fileName>/tmp/tess_ofgvmpkk_input.PNG</fileName>
		</sourceImageInformation>
		<OCRProcessing ID="OCR_0">
			<ocrProcessingStep>
				<processingSoftware>
					<softwareName>tesseract 5.3.0</softwareName>
				</processingSoftware>
			</ocrProcessingStep>
		</OCRProcessing>
	</Description>
	<Layout>
		<Page WIDTH="2216" HEIGHT="2672" PHYSICAL_IMG_NR="0" ID="page_0">
			<PrintSpace HPOS="0" VPOS="0" WIDTH="2216" HEIGHT="2672">
				<ComposedBlock ID="cblock_0" HPOS="727" VPOS="211" WIDTH="1065" HEIGHT="34">
					<TextBlock ID="block_0" HPOS="727" VPOS="211" WIDTH="1065" HEIGHT="34">
						<TextLine ID="line_0" HPOS="727" VPOS="211" WIDTH="1065" HEIGHT="34">
							<String ID="string_0" HPOS="727" VPOS="212" WIDTH="252" HEIGHT="33" WC="0.91" CONTENT="Statsutskottets"/><SP WIDTH="29" VPOS="212" HPOS="979"/>
							<String ID="string_1" HPOS="1008" VPOS="211" WIDTH="169" HEIGHT="34" WC="0.96" CONTENT="Utlåtande"/><SP WIDTH="23" VPOS="211" HPOS="1177"/>
							<String ID="string_2" HPOS="1200" VPOS="211" WIDTH="62" HEIGHT="33" WC="0.96" CONTENT="N:o"/><SP WIDTH="25" VPOS="211" HPOS="1262"/>
							<String ID="string_3" HPOS="1287" VPOS="212" WIDTH="51" HEIGHT="33" WC="0.96" CONTENT="10."/><SP WIDTH="414" VPOS="212" HPOS="1338"/>
							<String ID="string_4" HPOS="1752" VPOS="212" WIDTH="40" HEIGHT="32" WC="0.96" CONTENT="37"/>
						</TextLine>
					</TextBlock>
				</ComposedBlock>
				<ComposedBlock ID="cblock_1" HPOS="239" VPOS="291" WIDTH="1601" HEIGHT="575">
					<TextBlock ID="block_1" HPOS="240" VPOS="291" WIDTH="1598" HEIGHT="102">
						<TextLine ID="line_1" HPOS="240" VPOS="291" WIDTH="1598" HEIGHT="51">
							<String ID="string_5" HPOS="240" VPOS="295" WIDTH="253" HEIGHT="47" WC="0.96" CONTENT="hvarigenom"/><SP WIDTH="41" VPOS="295" HPOS="493"/>
							<String ID="string_6" HPOS="534" VPOS="295" WIDTH="66" HEIGHT="36" WC="0.96" CONTENT="det"/><SP WIDTH="40" VPOS="295" HPOS="600"/>
							<String ID="string_7" HPOS="640" VPOS="294" WIDTH="222" HEIGHT="36" WC="0.91" CONTENT="nuvarande"/><SP WIDTH="42" VPOS="294" HPOS="862"/>
							<String ID="string_8" HPOS="904" VPOS="293" WIDTH="173" HEIGHT="47" WC="0.95" CONTENT="anslaget"/><SP WIDTH="40" VPOS="293" HPOS="1077"/>
							<String ID="string_9" HPOS="1117" VPOS="292" WIDTH="62" HEIGHT="36" WC="0.93" CONTENT="till"/><SP WIDTH="41" VPOS="292" HPOS="1179"/>
							<String ID="string_10" HPOS="1220" VPOS="292" WIDTH="299" HEIGHT="47" WC="0.92" CONTENT="skogsväsendet"/><SP WIDTH="26" VPOS="292" HPOS="1519"/>
							<String ID="string_11" HPOS="1545" VPOS="291" WIDTH="13" HEIGHT="36" WC="0.96" CONTENT="i"/><SP WIDTH="29" VPOS="291" HPOS="1558"/>
							<String ID="string_12" HPOS="1587" VPOS="292" WIDTH="82" HEIGHT="36" WC="0.96" CONTENT="dess"/><SP WIDTH="36" VPOS="292" HPOS="1669"/>
							<String ID="string_13" HPOS="1705" VPOS="292" WIDTH="133" HEIGHT="36" WC="0.96" CONTENT="helhet"/>
						</TextLine>
						<TextLine ID="line_2" HPOS="240" VPOS="347" WIDTH="739" HEIGHT="46">
							<String ID="string_14" HPOS="240" VPOS="348" WIDTH="123" HEIGHT="36" WC="0.96" CONTENT="skulle"/><SP WIDTH="30" VPOS="348" HPOS="363"/>
							<String ID="string_15" HPOS="393" VPOS="348" WIDTH="93" HEIGHT="36" WC="0.96" CONTENT="ökas"/><SP WIDTH="27" VPOS="348" HPOS="486"/>
							<String ID="string_16" HPOS="513" VPOS="348" WIDTH="88" HEIGHT="36" WC="0.93" CONTENT="med"/><SP WIDTH="29" VPOS="348" HPOS="601"/>
							<String ID="string_17" HPOS="630" VPOS="349" WIDTH="163" HEIGHT="44" WC="0.91" CONTENT="225,000"/><SP WIDTH="29" VPOS="349" HPOS="793"/>
							<String ID="string_18" HPOS="822" VPOS="347" WIDTH="157" HEIGHT="45" WC="0.96" CONTENT="kronor,"/>
						</TextLine>
					</TextBlock>
					<TextBlock ID="block_2" HPOS="239" VPOS="397" WIDTH="1601" HEIGHT="353">
						<TextLine ID="line_3" HPOS="371" VPOS="397" WIDTH="1467" HEIGHT="50">
							<String ID="string_19" HPOS="371" VPOS="400" WIDTH="75" HEIGHT="37" WC="0.96" CONTENT="dels"/><SP WIDTH="31" VPOS="400" HPOS="446"/>
							<String ID="string_20" HPOS="477" VPOS="401" WIDTH="62" HEIGHT="36" WC="0.92" CONTENT="ock"/><SP WIDTH="26" VPOS="401" HPOS="539"/>
							<String ID="string_21" HPOS="565" VPOS="400" WIDTH="206" HEIGHT="47" WC="0.91" CONTENT="medgifva,"/><SP WIDTH="30" VPOS="400" HPOS="771"/>
							<String ID="string_22" HPOS="801" VPOS="402" WIDTH="59" HEIGHT="33" WC="0.96" CONTENT="att"/><SP WIDTH="28" VPOS="402" HPOS="860"/>
							<String ID="string_23" HPOS="888" VPOS="399" WIDTH="41" HEIGHT="36" WC="0.93" CONTENT="af"/><SP WIDTH="23" VPOS="399" HPOS="929"/>
							<String ID="string_24" HPOS="952" VPOS="397" WIDTH="432" HEIGHT="47" WC="0.90" CONTENT="reservationsanslaget"/><SP WIDTH="27" VPOS="397" HPOS="1384"/>
							<String ID="string_25" HPOS="1411" VPOS="397" WIDTH="62" HEIGHT="36" WC="0.93" CONTENT="till"/><SP WIDTH="26" VPOS="397" HPOS="1473"/>
							<String ID="string_26" HPOS="1499" VPOS="397" WIDTH="339" HEIGHT="47" WC="0.91" CONTENT="kronoskogarnas"/>
						</TextLine>
						<TextLine ID="line_4" HPOS="242" VPOS="449" WIDTH="1596" HEIGHT="50">
							<String ID="string_27" HPOS="242" VPOS="453" WIDTH="240" HEIGHT="46" WC="0.96" CONTENT="förvaltning"/><SP WIDTH="33" VPOS="453" HPOS="482"/>
							<String ID="string_28" HPOS="515" VPOS="453" WIDTH="73" HEIGHT="35" WC="0.96" CONTENT="och"/><SP WIDTH="26" VPOS="453" HPOS="588"/>
							<String ID="string_29" HPOS="614" VPOS="451" WIDTH="262" HEIGHT="47" WC="0.96" CONTENT="befrämjande"/><SP WIDTH="30" VPOS="451" HPOS="876"/>
							<String ID="string_30" HPOS="906" VPOS="451" WIDTH="40" HEIGHT="35" WC="0.93" CONTENT="af"/><SP WIDTH="24" VPOS="451" HPOS="946"/>
							<String ID="string_31" HPOS="970" VPOS="451" WIDTH="298" HEIGHT="46" WC="0.92" CONTENT="skogsväsendet"/><SP WIDTH="27" VPOS="451" HPOS="1268"/>
							<String ID="string_32" HPOS="1295" VPOS="450" WIDTH="14" HEIGHT="35" WC="0.73" CONTENT="i"/><SP WIDTH="28" VPOS="450" HPOS="1309"/>
							<String ID="string_33" HPOS="1337" VPOS="449" WIDTH="210" HEIGHT="36" WC="0.95" CONTENT="allmänhet"/><SP WIDTH="27" VPOS="449" HPOS="1547"/>
							<String ID="string_34" HPOS="1574" VPOS="450" WIDTH="101" HEIGHT="46" WC="0.96" CONTENT="finge"/><SP WIDTH="27" VPOS="450" HPOS="1675"/>
							<String ID="string_35" HPOS="1702" VPOS="449" WIDTH="61" HEIGHT="36" WC="0.96" CONTENT="för"/><SP WIDTH="27" VPOS="449" HPOS="1763"/>
							<String ID="string_36" HPOS="1790" VPOS="461" WIDTH="48" HEIGHT="23" WC="0.96" CONTENT="en"/>
						</TextLine>
						<TextLine ID="line_5" HPOS="241" VPOS="501" WIDTH="1597" HEIGHT="48">
							<String ID="string_37" HPOS="241" VPOS="505" WIDTH="223" HEIGHT="36" WC="0.91" CONTENT="kolarskola"/><SP WIDTH="29" VPOS="505" HPOS="464"/>
							<String ID="string_38" HPOS="493" VPOS="505" WIDTH="14" HEIGHT="35" WC="0.92" CONTENT="i"/><SP WIDTH="29" VPOS="505" HPOS="507"/>
							<String ID="string_39" HPOS="536" VPOS="505" WIDTH="79" HEIGHT="35" WC="0.92" CONTENT="öfre"/><SP WIDTH="40" VPOS="505" HPOS="615"/>
							<String ID="string_40" HPOS="655" VPOS="504" WIDTH="193" HEIGHT="36" WC="0.96" CONTENT="Norrland"/><SP WIDTH="41" VPOS="504" HPOS="848"/>
							<String ID="string_41" HPOS="889" VPOS="504" WIDTH="195" HEIGHT="35" WC="0.96" CONTENT="användas"/><SP WIDTH="36" VPOS="504" HPOS="1084"/>
							<String ID="string_42" HPOS="1120" VPOS="503" WIDTH="79" HEIGHT="35" WC="0.96" CONTENT="dels"/><SP WIDTH="29" VPOS="503" HPOS="1199"/>
							<String ID="string_43" HPOS="1228" VPOS="502" WIDTH="147" HEIGHT="46" WC="0.96" CONTENT="årligen"/><SP WIDTH="29" VPOS="502" HPOS="1375"/>
							<String ID="string_44" HPOS="1404" VPOS="504" WIDTH="58" HEIGHT="33" WC="0.95" CONTENT="ett"/><SP WIDTH="26" VPOS="504" HPOS="1462"/>
							<String ID="string_45" HPOS="1488" VPOS="501" WIDTH="141" HEIGHT="48" WC="0.96" CONTENT="belopp"/><SP WIDTH="29" VPOS="501" HPOS="1629"/>
							<String ID="string_46" HPOS="1658" VPOS="501" WIDTH="42" HEIGHT="36" WC="0.96" CONTENT="af"/><SP WIDTH="21" VPOS="501" HPOS="1700"/>
							<String ID="string_47" HPOS="1721" VPOS="501" WIDTH="117" HEIGHT="48" WC="0.96" CONTENT="högst"/>
						</TextLine>
						<TextLine ID="line_6" HPOS="243" VPOS="553" WIDTH="1594" HEIGHT="51">
							<String ID="string_48" HPOS="243" VPOS="560" WIDTH="110" HEIGHT="43" WC="0.92" CONTENT="1,000"/><SP WIDTH="30" VPOS="560" HPOS="353"/>
							<String ID="string_49" HPOS="383" VPOS="558" WIDTH="147" HEIGHT="35" WC="0.96" CONTENT="kronor"/><SP WIDTH="27" VPOS="558" HPOS="530"/>
							<String ID="string_50" HPOS="557" VPOS="557" WIDTH="62" HEIGHT="36" WC="0.93" CONTENT="till"/><SP WIDTH="28" VPOS="557" HPOS="619"/>
							<String ID="string_51" HPOS="647" VPOS="556" WIDTH="282" HEIGHT="48" WC="0.89" CONTENT="uppehållande"/><SP WIDTH="29" VPOS="556" HPOS="929"/>
							<String ID="string_52" HPOS="958" VPOS="556" WIDTH="41" HEIGHT="35" WC="0.96" CONTENT="af"/><SP WIDTH="23" VPOS="556" HPOS="999"/>
							<String ID="string_53" HPOS="1022" VPOS="555" WIDTH="154" HEIGHT="36" WC="0.95" CONTENT="skolans"/><SP WIDTH="27" VPOS="555" HPOS="1176"/>
							<String ID="string_54" HPOS="1203" VPOS="554" WIDTH="257" HEIGHT="46" WC="0.96" CONTENT="verksamhet,"/><SP WIDTH="31" VPOS="554" HPOS="1460"/>
							<String ID="string_55" HPOS="1491" VPOS="555" WIDTH="122" HEIGHT="35" WC="0.93" CONTENT="under"/><SP WIDTH="22" VPOS="555" HPOS="1613"/>
							<String ID="string_56" HPOS="1635" VPOS="553" WIDTH="202" HEIGHT="37" WC="0.91" CONTENT="förutsätt-"/>
						</TextLine>
						<TextLine ID="line_7" HPOS="239" VPOS="606" WIDTH="1601" HEIGHT="50">
							<String ID="string_57" HPOS="239" VPOS="610" WIDTH="96" HEIGHT="46" WC="0.96" CONTENT="ning"/><SP WIDTH="41" VPOS="610" HPOS="335"/>
							<String ID="string_58" HPOS="376" VPOS="613" WIDTH="59" HEIGHT="33" WC="0.96" CONTENT="att"/><SP WIDTH="41" VPOS="613" HPOS="435"/>
							<String ID="string_59" HPOS="476" VPOS="610" WIDTH="137" HEIGHT="46" WC="0.96" CONTENT="bidrag"/><SP WIDTH="40" VPOS="610" HPOS="613"/>
							<String ID="string_60" HPOS="653" VPOS="609" WIDTH="62" HEIGHT="36" WC="0.95" CONTENT="till"/><SP WIDTH="41" VPOS="609" HPOS="715"/>
							<String ID="string_61" HPOS="756" VPOS="608" WIDTH="199" HEIGHT="36" WC="0.95" CONTENT="enahanda"/><SP WIDTH="39" VPOS="608" HPOS="955"/>
							<String ID="string_62" HPOS="994" VPOS="608" WIDTH="142" HEIGHT="47" WC="0.93" CONTENT="belopp"/><SP WIDTH="40" VPOS="608" HPOS="1136"/>
							<String ID="string_63" HPOS="1176" VPOS="607" WIDTH="124" HEIGHT="36" WC="0.91" CONTENT="blefve"/><SP WIDTH="42" VPOS="607" HPOS="1300"/>
							<String ID="string_64" HPOS="1342" VPOS="606" WIDTH="42" HEIGHT="36" WC="0.92" CONTENT="af"/><SP WIDTH="35" VPOS="606" HPOS="1384"/>
							<String ID="string_65" HPOS="1419" VPOS="606" WIDTH="299" HEIGHT="48" WC="0.91" CONTENT="korporationer"/><SP WIDTH="27" VPOS="606" HPOS="1718"/>
							<String ID="string_66" HPOS="1745" VPOS="606" WIDTH="95" HEIGHT="36" WC="0.95" CONTENT="eller"/>
						</TextLine>
						<TextLine ID="line_8" HPOS="242" VPOS="659" WIDTH="1595" HEIGHT="48">
							<String ID="string_67" HPOS="242" VPOS="662" WIDTH="173" HEIGHT="35" WC="0.96" CONTENT="enskilde"/><SP WIDTH="40" VPOS="662" HPOS="415"/>
							<String ID="string_68" HPOS="455" VPOS="662" WIDTH="61" HEIGHT="35" WC="0.96" CONTENT="för"/><SP WIDTH="33" VPOS="662" HPOS="516"/>
							<String ID="string_69" HPOS="549" VPOS="661" WIDTH="219" HEIGHT="36" WC="0.92" CONTENT="ändamålet"/><SP WIDTH="26" VPOS="661" HPOS="768"/>
							<String ID="string_70" HPOS="794" VPOS="660" WIDTH="198" HEIGHT="47" WC="0.90" CONTENT="beviljadt,"/><SP WIDTH="30" VPOS="660" HPOS="992"/>
							<String ID="string_71" HPOS="1022" VPOS="660" WIDTH="79" HEIGHT="36" WC="0.96" CONTENT="dels"/><SP WIDTH="29" VPOS="660" HPOS="1101"/>
							<String ID="string_72" HPOS="1130" VPOS="660" WIDTH="73" HEIGHT="36" WC="0.96" CONTENT="ock"/><SP WIDTH="28" VPOS="660" HPOS="1203"/>
							<String ID="string_73" HPOS="1231" VPOS="662" WIDTH="58" HEIGHT="33" WC="0.96" CONTENT="ett"/><SP WIDTH="26" VPOS="662" HPOS="1289"/>
							<String ID="string_74" HPOS="1315" VPOS="659" WIDTH="142" HEIGHT="47" WC="0.96" CONTENT="belopp"/><SP WIDTH="29" VPOS="659" HPOS="1457"/>
							<String ID="string_75" HPOS="1486" VPOS="659" WIDTH="41" HEIGHT="35" WC="0.92" CONTENT="af"/><SP WIDTH="27" VPOS="659" HPOS="1527"/>
							<String ID="string_76" HPOS="1554" VPOS="661" WIDTH="108" HEIGHT="44" WC="0.92" CONTENT="1,000"/><SP WIDTH="29" VPOS="661" HPOS="1662"/>
							<String ID="string_77" HPOS="1691" VPOS="659" WIDTH="146" HEIGHT="35" WC="0.96" CONTENT="kronor"/>
						</TextLine>
						<TextLine ID="line_9" HPOS="240" VPOS="712" WIDTH="1114" HEIGHT="38">
							<String ID="string_78" HPOS="240" VPOS="714" WIDTH="63" HEIGHT="36" WC="0.96" CONTENT="till"/><SP WIDTH="29" VPOS="714" HPOS="303"/>
							<String ID="string_79" HPOS="332" VPOS="715" WIDTH="246" HEIGHT="35" WC="0.96" CONTENT="anordnande"/><SP WIDTH="30" VPOS="715" HPOS="578"/>
							<String ID="string_80" HPOS="608" VPOS="713" WIDTH="40" HEIGHT="36" WC="0.96" CONTENT="af"/><SP WIDTH="23" VPOS="713" HPOS="648"/>
							<String ID="string_81" HPOS="671" VPOS="713" WIDTH="139" HEIGHT="36" WC="0.96" CONTENT="bostad"/><SP WIDTH="26" VPOS="713" HPOS="810"/>
							<String ID="string_82" HPOS="836" VPOS="713" WIDTH="61" HEIGHT="35" WC="0.93" CONTENT="för"/><SP WIDTH="26" VPOS="713" HPOS="897"/>
							<String ID="string_83" HPOS="923" VPOS="712" WIDTH="267" HEIGHT="36" WC="0.92" CONTENT="kolarskolans"/><SP WIDTH="29" VPOS="712" HPOS="1190"/>
							<String ID="string_84" HPOS="1219" VPOS="712" WIDTH="135" HEIGHT="35" WC="0.96" CONTENT="elever."/>
						</TextLine>
					</TextBlock>
					<TextBlock ID="block_3" HPOS="243" VPOS="763" WIDTH="1596" HEIGHT="103">
						<TextLine ID="line_10" HPOS="370" VPOS="763" WIDTH="1469" HEIGHT="49">
							<String ID="string_85" HPOS="370" VPOS="768" WIDTH="17" HEIGHT="34" WC="0.96" CONTENT="I"/><SP WIDTH="29" VPOS="768" HPOS="387"/>
							<String ID="string_86" HPOS="416" VPOS="767" WIDTH="108" HEIGHT="35" WC="0.96" CONTENT="detta"/><SP WIDTH="41" VPOS="767" HPOS="524"/>
							<String ID="string_87" HPOS="565" VPOS="766" WIDTH="138" HEIGHT="36" WC="0.96" CONTENT="ärende"/><SP WIDTH="41" VPOS="766" HPOS="703"/>
							<String ID="string_88" HPOS="744" VPOS="766" WIDTH="71" HEIGHT="35" WC="0.87" CONTENT="har"/><SP WIDTH="41" VPOS="766" HPOS="815"/>
							<String ID="string_89" HPOS="856" VPOS="764" WIDTH="422" HEIGHT="48" WC="0.87" CONTENT="departementschefen"/><SP WIDTH="40" VPOS="764" HPOS="1278"/>
							<String ID="string_90" HPOS="1318" VPOS="764" WIDTH="61" HEIGHT="35" WC="0.93" CONTENT="till"/><SP WIDTH="32" VPOS="764" HPOS="1379"/>
							<String ID="string_91" HPOS="1411" VPOS="763" WIDTH="428" HEIGHT="47" WC="0.90" CONTENT="statsrådsprotokollet"/>
						</TextLine>
						<TextLine ID="line_11" HPOS="243" VPOS="819" WIDTH="339" HEIGHT="47">
							<String ID="string_92" HPOS="243" VPOS="819" WIDTH="128" HEIGHT="36" WC="0.96" CONTENT="anfört"/><SP WIDTH="26" VPOS="819" HPOS="371"/>
							<String ID="string_93" HPOS="397" VPOS="819" WIDTH="185" HEIGHT="47" WC="0.95" CONTENT="följande:"/>
						</TextLine>
					</TextBlock>
				</ComposedBlock>
				<ComposedBlock ID="cblock_2" HPOS="376" VPOS="919" WIDTH="1464" HEIGHT="51">
					<TextBlock ID="block_4" HPOS="376" VPOS="919" WIDTH="1464" HEIGHT="51">
						<TextLine ID="line_12" HPOS="376" VPOS="919" WIDTH="1464" HEIGHT="51">
							<String ID="string_94" HPOS="376" VPOS="925" WIDTH="76" HEIGHT="35" WC="0.93" CONTENT="För"/><SP WIDTH="19" VPOS="925" HPOS="452"/>
							<String ID="string_95" HPOS="471" VPOS="923" WIDTH="300" HEIGHT="47" WC="0.91" CONTENT="skogsväsendet"/><SP WIDTH="20" VPOS="923" HPOS="771"/>
							<String ID="string_96" HPOS="791" VPOS="928" WIDTH="67" HEIGHT="30" WC="0.92" CONTENT="äro"/><SP WIDTH="21" VPOS="928" HPOS="858"/>
							<String ID="string_97" HPOS="879" VPOS="924" WIDTH="22" HEIGHT="33" WC="0.92" CONTENT="å"/><SP WIDTH="20" VPOS="924" HPOS="901"/>
							<String ID="string_98" HPOS="921" VPOS="921" WIDTH="193" HEIGHT="37" WC="0.96" CONTENT="ordinarie"/><SP WIDTH="20" VPOS="921" HPOS="1114"/>
							<String ID="string_99" HPOS="1134" VPOS="923" WIDTH="78" HEIGHT="34" WC="0.96" CONTENT="stat"/><SP WIDTH="18" VPOS="923" HPOS="1212"/>
							<String ID="string_100" HPOS="1230" VPOS="920" WIDTH="61" HEIGHT="36" WC="0.96" CONTENT="för"/><SP WIDTH="17" VPOS="920" HPOS="1291"/>
							<String ID="string_101" HPOS="1308" VPOS="920" WIDTH="261" HEIGHT="36" WC="0.96" CONTENT="innevarande"/><SP WIDTH="20" VPOS="920" HPOS="1569"/>
							<String ID="string_102" HPOS="1589" VPOS="922" WIDTH="43" HEIGHT="33" WC="0.96" CONTENT="år"/><SP WIDTH="13" VPOS="922" HPOS="1632"/>
							<String ID="string_103" HPOS="1645" VPOS="919" WIDTH="195" HEIGHT="47" WC="0.95" CONTENT="uppförda"/>
						</TextLine>
					</TextBlock>
				</ComposedBlock>
				<ComposedBlock ID="cblock_3" HPOS="873" VPOS="1025" WIDTH="338" HEIGHT="48">
					<TextBlock ID="block_5" HPOS="873" VPOS="1025" WIDTH="338" HEIGHT="48">
						<TextLine ID="line_13" HPOS="873" VPOS="1025" WIDTH="338" HEIGHT="48">
							<String ID="string_104" HPOS="873" VPOS="1026" WIDTH="169" HEIGHT="37" WC="0.96" CONTENT="bestämdt"/><SP WIDTH="27" VPOS="1026" HPOS="1042"/>
							<String ID="string_105" HPOS="1069" VPOS="1025" WIDTH="142" HEIGHT="48" WC="0.94" CONTENT="anslag:"/>
						</TextLine>
					</TextBlock>
				</ComposedBlock>
				<GraphicalElement ID="cblock_4" HPOS="881" VPOS="1208" WIDTH="458" HEIGHT="4"></GraphicalElement >
				<ComposedBlock ID="cblock_5" HPOS="243" VPOS="1106" WIDTH="1585" HEIGHT="448">
					<TextBlock ID="block_6" HPOS="243" VPOS="1106" WIDTH="1585" HEIGHT="448">
						<TextLine ID="line_14" HPOS="243" VPOS="1106" WIDTH="1098" HEIGHT="48">
							<String ID="string_106" HPOS="243" VPOS="1107" WIDTH="61" HEIGHT="36" WC="0.93" CONTENT="för"/><SP WIDTH="28" VPOS="1107" HPOS="304"/>
							<String ID="string_107" HPOS="332" VPOS="1107" WIDTH="561" HEIGHT="47" WC="0.0" CONTENT="Skogsstaten..........e—---11------"/><SP WIDTH="30" VPOS="1107" HPOS="893"/>
							<String ID="string_108" HPOS="923" VPOS="1106" WIDTH="147" HEIGHT="35" WC="0.93" CONTENT="kronor"/><SP WIDTH="30" VPOS="1106" HPOS="1070"/>
							<String ID="string_109" HPOS="1100" VPOS="1106" WIDTH="174" HEIGHT="44" WC="0.89" CONTENT="677,208:"/><SP WIDTH="17" VPOS="1106" HPOS="1274"/>
							<String ID="string_110" HPOS="1291" VPOS="1124" WIDTH="50" HEIGHT="4" WC="0.89" CONTENT="—"/>
						</TextLine>
						<TextLine ID="line_15" HPOS="263" VPOS="1158" WIDTH="1563" HEIGHT="54">
							<String ID="string_111" HPOS="263" VPOS="1189" WIDTH="21" HEIGHT="17" WC="0.76" CONTENT="»"/><SP WIDTH="48" VPOS="1189" HPOS="284"/>
							<String ID="string_112" HPOS="332" VPOS="1162" WIDTH="145" HEIGHT="33" WC="0.93" CONTENT="statens"/><SP WIDTH="29" VPOS="1162" HPOS="477"/>
							<String ID="string_113" HPOS="506" VPOS="1158" WIDTH="297" HEIGHT="48" WC="0.89" CONTENT="skogsläroverk"/><SP WIDTH="25" VPOS="1158" HPOS="803"/>
							<String ID="string_114" HPOS="828" VPOS="1188" WIDTH="63" HEIGHT="4" WC="0.67" CONTENT="......"/><SP WIDTH="88" VPOS="1188" HPOS="891"/>
							<String ID="string_115" HPOS="979" VPOS="1187" WIDTH="44" HEIGHT="25" WC="0.18" CONTENT="om”"/><SP WIDTH="103" VPOS="1187" HPOS="1023"/>
							<String ID="string_116" HPOS="1126" VPOS="1159" WIDTH="215" HEIGHT="52" WC="0.87" CONTENT="58,800:—"/><SP WIDTH="26" VPOS="1159" HPOS="1341"/>
							<String ID="string_117" HPOS="1367" VPOS="1164" WIDTH="146" HEIGHT="36" WC="0.92" CONTENT="kronor"/><SP WIDTH="70" VPOS="1164" HPOS="1513"/>
							<String ID="string_118" HPOS="1583" VPOS="1165" WIDTH="175" HEIGHT="44" WC="0.45" CONTENT="736,008:"/><SP WIDTH="15" VPOS="1165" HPOS="1758"/>
							<String ID="string_119" HPOS="1773" VPOS="1183" WIDTH="53" HEIGHT="5" WC="0.45" CONTENT="—"/>
						</TextLine>
						<TextLine ID="line_16" HPOS="891" VPOS="1270" WIDTH="303" HEIGHT="49">
							<String ID="string_120" HPOS="891" VPOS="1270" WIDTH="303" HEIGHT="49" WC="0.89" CONTENT="förslagsanslag:"/>
						</TextLine>
						<TextLine ID="line_17" HPOS="243" VPOS="1348" WIDTH="1099" HEIGHT="87">
							<String ID="string_121" HPOS="243" VPOS="1351" WIDTH="63" HEIGHT="36" WC="0.82" CONTENT="till"/><SP WIDTH="50" VPOS="1351" HPOS="306"/>
							<String ID="string_122" HPOS="356" VPOS="1351" WIDTH="267" HEIGHT="47" WC="0.61" CONTENT="ålderstillägg"/><SP WIDTH="51" VPOS="1351" HPOS="623"/>
							<String ID="string_123" HPOS="674" VPOS="1353" WIDTH="41" HEIGHT="33" WC="0.92" CONTENT="åt"/><SP WIDTH="45" VPOS="1353" HPOS="715"/>
							<String ID="string_124" HPOS="760" VPOS="1350" WIDTH="245" HEIGHT="47" WC="0.92" CONTENT="skogsstaten"/><SP WIDTH="46" VPOS="1350" HPOS="1005"/>
							<String ID="string_125" HPOS="1051" VPOS="1349" WIDTH="72" HEIGHT="36" WC="0.96" CONTENT="och"/><SP WIDTH="46" VPOS="1349" HPOS="1123"/>
							<String ID="string_126" HPOS="1169" VPOS="1348" WIDTH="173" HEIGHT="87" WC="0.57" CONTENT="skogsin-"/>
						</TextLine>
						<TextLine ID="line_18" HPOS="295" VPOS="1401" WIDTH="1533" HEIGHT="49">
							<String ID="string_127" HPOS="295" VPOS="1403" WIDTH="174" HEIGHT="36" WC="0.91" CONTENT="stitutets"/><SP WIDTH="27" VPOS="1403" HPOS="469"/>
							<String ID="string_128" HPOS="496" VPOS="1403" WIDTH="284" HEIGHT="47" WC="0.68" CONTENT="lärarpersonal"/><SP WIDTH="43" VPOS="1403" HPOS="780"/>
							<String ID="string_129" HPOS="823" VPOS="1398" WIDTH="202" HEIGHT="56" WC="0.0" CONTENT="ommmms€eemssms"/><SP WIDTH="19" VPOS="1398" HPOS="1025"/>
							<String ID="string_130" HPOS="1044" VPOS="1431" WIDTH="260" HEIGHT="5" WC="0.14" CONTENT="sees"/><SP WIDTH="119" VPOS="1431" HPOS="1304"/>
							<String ID="string_131" HPOS="1423" VPOS="1429" WIDTH="21" HEIGHT="17" WC="0.63" CONTENT="-"/><SP WIDTH="142" VPOS="1429" HPOS="1444"/>
							<String ID="string_132" HPOS="1586" VPOS="1401" WIDTH="173" HEIGHT="44" WC="0.91" CONTENT="100,000:"/><SP WIDTH="17" VPOS="1401" HPOS="1759"/>
							<String ID="string_133" HPOS="1776" VPOS="1420" WIDTH="52" HEIGHT="3" WC="0.91" CONTENT="—"/>
						</TextLine>
						<TextLine ID="line_19" HPOS="851" VPOS="1505" WIDTH="383" HEIGHT="49">
							<String ID="string_134" HPOS="851" VPOS="1505" WIDTH="383" HEIGHT="49" WC="0.48" CONTENT="reservationsanslag:"/>
						</TextLine>
					</TextBlock>
				</ComposedBlock>
				<ComposedBlock ID="cblock_6" HPOS="244" VPOS="1585" WIDTH="1582" HEIGHT="323">
					<TextBlock ID="block_7" HPOS="244" VPOS="1585" WIDTH="1582" HEIGHT="305">
						<TextLine ID="line_20" HPOS="244" VPOS="1585" WIDTH="587" HEIGHT="47">
							<String ID="string_135" HPOS="244" VPOS="1585" WIDTH="63" HEIGHT="36" WC="0.96" CONTENT="till"/><SP WIDTH="22" VPOS="1585" HPOS="307"/>
							<String ID="string_136" HPOS="329" VPOS="1585" WIDTH="174" HEIGHT="35" WC="0.93" CONTENT="enskilda"/><SP WIDTH="16" VPOS="1585" HPOS="503"/>
							<String ID="string_137" HPOS="519" VPOS="1585" WIDTH="312" HEIGHT="47" WC="0.92" CONTENT="skogsundervis-"/>
						</TextLine>
						<TextLine ID="line_21" HPOS="294" VPOS="1636" WIDTH="1048" HEIGHT="48">
							<String ID="string_138" HPOS="294" VPOS="1637" WIDTH="145" HEIGHT="47" WC="0.24" CONTENT="NINGEN"/><SP WIDTH="13" VPOS="1637" HPOS="439"/>
							<String ID="string_139" HPOS="452" VPOS="1667" WIDTH="377" HEIGHT="4" WC="0.0" CONTENT="ooeeesersseererrsersersnr"/><SP WIDTH="-88" VPOS="1667" HPOS="829"/>
							<String ID="string_140" HPOS="741" VPOS="1632" WIDTH="32" HEIGHT="56" WC="0.0" CONTENT="sen"/><SP WIDTH="3" VPOS="1632" HPOS="773"/>
							<String ID="string_141" HPOS="776" VPOS="1632" WIDTH="32" HEIGHT="56" WC="0.0" CONTENT="snn"/><SP WIDTH="3" VPOS="1632" HPOS="808"/>
							<String ID="string_142" HPOS="811" VPOS="1632" WIDTH="22" HEIGHT="56" WC="0.6" CONTENT="aa"/><SP WIDTH="25" VPOS="1632" HPOS="833"/>
							<String ID="string_143" HPOS="858" VPOS="1636" WIDTH="147" HEIGHT="36" WC="0.96" CONTENT="kronor"/><SP WIDTH="146" VPOS="1636" HPOS="1005"/>
							<String ID="string_144" HPOS="1151" VPOS="1638" WIDTH="123" HEIGHT="43" WC="0.59" CONTENT="5,600:"/><SP WIDTH="16" VPOS="1638" HPOS="1274"/>
							<String ID="string_145" HPOS="1290" VPOS="1656" WIDTH="52" HEIGHT="4" WC="0.87" CONTENT="—"/>
						</TextLine>
						<TextLine ID="line_22" HPOS="263" VPOS="1688" WIDTH="569" HEIGHT="48">
							<String ID="string_146" HPOS="263" VPOS="1718" WIDTH="21" HEIGHT="17" WC="0.51" CONTENT="»"/><SP WIDTH="37" VPOS="1718" HPOS="284"/>
							<String ID="string_147" HPOS="321" VPOS="1690" WIDTH="340" HEIGHT="46" WC="0.87" CONTENT="kronoskogarnas"/><SP WIDTH="11" VPOS="1690" HPOS="661"/>
							<String ID="string_148" HPOS="672" VPOS="1688" WIDTH="160" HEIGHT="36" WC="0.87" CONTENT="förvalt-"/>
						</TextLine>
						<TextLine ID="line_23" HPOS="295" VPOS="1740" WIDTH="538" HEIGHT="48">
							<String ID="string_149" HPOS="295" VPOS="1742" WIDTH="95" HEIGHT="46" WC="0.96" CONTENT="ning"/><SP WIDTH="29" VPOS="1742" HPOS="390"/>
							<String ID="string_150" HPOS="419" VPOS="1741" WIDTH="72" HEIGHT="36" WC="0.96" CONTENT="och"/><SP WIDTH="17" VPOS="1741" HPOS="491"/>
							<String ID="string_151" HPOS="508" VPOS="1740" WIDTH="263" HEIGHT="48" WC="0.96" CONTENT="befrämjande"/><SP WIDTH="20" VPOS="1740" HPOS="771"/>
							<String ID="string_152" HPOS="791" VPOS="1740" WIDTH="42" HEIGHT="36" WC="0.96" CONTENT="af"/>
						</TextLine>
						<TextLine ID="line_24" HPOS="297" VPOS="1793" WIDTH="535" HEIGHT="47">
							<String ID="string_153" HPOS="297" VPOS="1794" WIDTH="300" HEIGHT="46" WC="0.92" CONTENT="skogsväsendet"/><SP WIDTH="34" VPOS="1794" HPOS="597"/>
							<String ID="string_154" HPOS="631" VPOS="1793" WIDTH="14" HEIGHT="35" WC="0.77" CONTENT="i"/><SP WIDTH="28" VPOS="1793" HPOS="645"/>
							<String ID="string_155" HPOS="673" VPOS="1793" WIDTH="159" HEIGHT="35" WC="0.90" CONTENT="allmän-"/>
						</TextLine>
						<TextLine ID="line_25" HPOS="294" VPOS="1845" WIDTH="1532" HEIGHT="63">
							<String ID="string_156" HPOS="294" VPOS="1845" WIDTH="69" HEIGHT="36" WC="0.20" CONTENT="6055"/><SP WIDTH="17" VPOS="1845" HPOS="363"/>
							<String ID="string_157" HPOS="380" VPOS="1875" WIDTH="447" HEIGHT="5" WC="0.5" CONTENT="RR"/><SP WIDTH="98" VPOS="1875" HPOS="827"/>
							<String ID="string_158" HPOS="925" VPOS="1873" WIDTH="20" HEIGHT="17" WC="0.41" CONTENT="-"/><SP WIDTH="98" VPOS="1873" HPOS="945"/>
							<String ID="string_159" HPOS="1043" VPOS="1847" WIDTH="53" HEIGHT="61" WC="0.92" CONTENT="1,"/><SP WIDTH="-7" VPOS="1847" HPOS="1096"/>
							<String ID="string_160" HPOS="1089" VPOS="1846" WIDTH="187" HEIGHT="52" WC="0.38" CONTENT=",399,792:"/><SP WIDTH="16" VPOS="1846" HPOS="1276"/>
							<String ID="string_161" HPOS="1292" VPOS="1864" WIDTH="52" HEIGHT="5" WC="0.90" CONTENT="—"/><SP WIDTH="202" VPOS="1864" HPOS="1344"/>
							<String ID="string_162" HPOS="1546" VPOS="1853" WIDTH="212" HEIGHT="45" WC="0.88" CONTENT="1,605,392:"/><SP WIDTH="17" VPOS="1853" HPOS="1758"/>
							<String ID="string_163" HPOS="1775" VPOS="1872" WIDTH="51" HEIGHT="4" WC="0.88" CONTENT="—"/>
						</TextLine>
					</TextBlock>
				</ComposedBlock>
				<ComposedBlock ID="cblock_7" HPOS="885" VPOS="1881" WIDTH="560" HEIGHT="18">
					<TextBlock ID="block_8" HPOS="885" VPOS="1881" WIDTH="560" HEIGHT="18">
						<TextLine ID="line_26" HPOS="885" VPOS="1881" WIDTH="560" HEIGHT="18">
							<String ID="string_164" HPOS="885" VPOS="1897" WIDTH="137" HEIGHT="2" WC="0.14" CONTENT="NE:S"/><SP WIDTH="403" VPOS="1897" HPOS="1022"/>
							<String ID="string_165" HPOS="1425" VPOS="1881" WIDTH="20" HEIGHT="17" WC="0.80" CONTENT="22"/>
						</TextLine>
					</TextBlock>
				</ComposedBlock>
				<ComposedBlock ID="cblock_8" HPOS="1142" VPOS="1896" WIDTH="684" HEIGHT="64">
					<TextBlock ID="block_9" HPOS="1142" VPOS="1896" WIDTH="684" HEIGHT="64">
						<TextLine ID="line_27" HPOS="1142" VPOS="1896" WIDTH="684" HEIGHT="64">
							<String ID="string_166" HPOS="1142" VPOS="1896" WIDTH="201" HEIGHT="55" WC="0.59" CONTENT="Summa"/><SP WIDTH="27" VPOS="1896" HPOS="1343"/>
							<String ID="string_167" HPOS="1370" VPOS="1905" WIDTH="147" HEIGHT="45" WC="0.96" CONTENT="kronor"/><SP WIDTH="28" VPOS="1905" HPOS="1517"/>
							<String ID="string_168" HPOS="1545" VPOS="1916" WIDTH="19" HEIGHT="33" WC="0.96" CONTENT="2"/><SP WIDTH="8" VPOS="1916" HPOS="1564"/>
							<String ID="string_169" HPOS="1572" VPOS="1905" WIDTH="83" HEIGHT="55" WC="0.19" CONTENT="441"/><SP WIDTH="7" VPOS="1905" HPOS="1655"/>
							<String ID="string_170" HPOS="1662" VPOS="1904" WIDTH="98" HEIGHT="55" WC="0.0" CONTENT="400:"/><SP WIDTH="16" VPOS="1904" HPOS="1760"/>
							<String ID="string_171" HPOS="1776" VPOS="1935" WIDTH="50" HEIGHT="3" WC="0.78" CONTENT="—"/>
						</TextLine>
					</TextBlock>
				</ComposedBlock>
				<GraphicalElement ID="cblock_9" HPOS="1343" VPOS="1904" WIDTH="462" HEIGHT="2"></GraphicalElement >
				<ComposedBlock ID="cblock_10" HPOS="243" VPOS="2009" WIDTH="1598" HEIGHT="310">
					<TextBlock ID="block_10" HPOS="243" VPOS="2009" WIDTH="1597" HEIGHT="101">
						<TextLine ID="line_28" HPOS="347" VPOS="2009" WIDTH="1493" HEIGHT="49">
							<String ID="string_172" HPOS="347" VPOS="2012" WIDTH="18" HEIGHT="34" WC="0.91" CONTENT="I"/><SP WIDTH="40" VPOS="2012" HPOS="365"/>
							<String ID="string_173" HPOS="405" VPOS="2011" WIDTH="243" HEIGHT="47" WC="0.92" CONTENT="underdånig"/><SP WIDTH="34" VPOS="2011" HPOS="648"/>
							<String ID="string_174" HPOS="682" VPOS="2010" WIDTH="198" HEIGHT="37" WC="0.96" CONTENT="skrifvelse"/><SP WIDTH="30" VPOS="2010" HPOS="880"/>
							<String ID="string_175" HPOS="910" VPOS="2011" WIDTH="73" HEIGHT="35" WC="0.96" CONTENT="den"/><SP WIDTH="31" VPOS="2011" HPOS="983"/>
							<String ID="string_176" HPOS="1014" VPOS="2013" WIDTH="44" HEIGHT="33" WC="0.96" CONTENT="16"/><SP WIDTH="32" VPOS="2013" HPOS="1058"/>
							<String ID="string_177" HPOS="1090" VPOS="2010" WIDTH="164" HEIGHT="36" WC="0.96" CONTENT="oktober"/><SP WIDTH="31" VPOS="2010" HPOS="1254"/>
							<String ID="string_178" HPOS="1285" VPOS="2012" WIDTH="96" HEIGHT="34" WC="0.96" CONTENT="1905"/><SP WIDTH="29" VPOS="2012" HPOS="1381"/>
							<String ID="string_179" HPOS="1410" VPOS="2010" WIDTH="72" HEIGHT="36" WC="0.93" CONTENT="har"/><SP WIDTH="28" VPOS="2010" HPOS="1482"/>
							<String ID="string_180" HPOS="1510" VPOS="2009" WIDTH="330" HEIGHT="47" WC="0.90" CONTENT="domänstyrelsen"/>
						</TextLine>
						<TextLine ID="line_29" HPOS="243" VPOS="2063" WIDTH="817" HEIGHT="47">
							<String ID="string_181" HPOS="243" VPOS="2076" WIDTH="54" HEIGHT="23" WC="0.96" CONTENT="nu"/><SP WIDTH="29" VPOS="2076" HPOS="297"/>
							<String ID="string_182" HPOS="326" VPOS="2063" WIDTH="185" HEIGHT="47" WC="0.93" CONTENT="framlagt"/><SP WIDTH="28" VPOS="2063" HPOS="511"/>
							<String ID="string_183" HPOS="539" VPOS="2063" WIDTH="224" HEIGHT="47" WC="0.89" CONTENT="statförslag"/><SP WIDTH="27" VPOS="2063" HPOS="763"/>
							<String ID="string_184" HPOS="790" VPOS="2063" WIDTH="61" HEIGHT="36" WC="0.96" CONTENT="för"/><SP WIDTH="28" VPOS="2063" HPOS="851"/>
							<String ID="string_185" HPOS="879" VPOS="2066" WIDTH="43" HEIGHT="32" WC="0.96" CONTENT="år"/><SP WIDTH="30" VPOS="2066" HPOS="922"/>
							<String ID="string_186" HPOS="952" VPOS="2066" WIDTH="108" HEIGHT="33" WC="0.96" CONTENT="1907."/>
						</TextLine>
					</TextBlock>
					<TextBlock ID="block_11" HPOS="244" VPOS="2113" WIDTH="1597" HEIGHT="206">
						<TextLine ID="line_30" HPOS="374" VPOS="2113" WIDTH="1466" HEIGHT="49">
							<String ID="string_187" HPOS="374" VPOS="2115" WIDTH="244" HEIGHT="36" WC="0.96" CONTENT="Beträffande"/><SP WIDTH="28" VPOS="2115" HPOS="618"/>
							<String ID="string_188" HPOS="646" VPOS="2116" WIDTH="66" HEIGHT="35" WC="0.96" CONTENT="det"/><SP WIDTH="27" VPOS="2116" HPOS="712"/>
							<String ID="string_189" HPOS="739" VPOS="2116" WIDTH="200" HEIGHT="35" WC="0.96" CONTENT="bestämda"/><SP WIDTH="29" VPOS="2116" HPOS="939"/>
							<String ID="string_190" HPOS="968" VPOS="2116" WIDTH="174" HEIGHT="46" WC="0.95" CONTENT="anslaget"/><SP WIDTH="18" VPOS="2116" HPOS="1142"/>
							<String ID="string_191" HPOS="1160" VPOS="2114" WIDTH="60" HEIGHT="36" WC="0.93" CONTENT="för"/><SP WIDTH="18" VPOS="2114" HPOS="1220"/>
							<String ID="string_192" HPOS="1238" VPOS="2115" WIDTH="216" HEIGHT="47" WC="0.92" CONTENT="skogsstaten"/><SP WIDTH="18" VPOS="2115" HPOS="1454"/>
							<String ID="string_193" HPOS="1472" VPOS="2114" WIDTH="72" HEIGHT="36" WC="0.93" CONTENT="har"/><SP WIDTH="19" VPOS="2114" HPOS="1544"/>
							<String ID="string_194" HPOS="1563" VPOS="2113" WIDTH="277" HEIGHT="46" WC="0.91" CONTENT="domänstyrel-"/>
						</TextLine>
						<TextLine ID="line_31" HPOS="245" VPOS="2166" WIDTH="1596" HEIGHT="48">
							<String ID="string_195" HPOS="245" VPOS="2179" WIDTH="66" HEIGHT="24" WC="0.96" CONTENT="sen"/><SP WIDTH="28" VPOS="2179" HPOS="311"/>
							<String ID="string_196" HPOS="339" VPOS="2167" WIDTH="136" HEIGHT="36" WC="0.96" CONTENT="därvid"/><SP WIDTH="28" VPOS="2167" HPOS="475"/>
							<String ID="string_197" HPOS="503" VPOS="2167" WIDTH="128" HEIGHT="36" WC="0.96" CONTENT="anfört"/><SP WIDTH="27" VPOS="2167" HPOS="631"/>
							<String ID="string_198" HPOS="658" VPOS="2167" WIDTH="179" HEIGHT="47" WC="0.96" CONTENT="följande."/><SP WIDTH="55" VPOS="2167" HPOS="837"/>
							<String ID="string_199" HPOS="892" VPOS="2168" WIDTH="81" HEIGHT="35" WC="0.95" CONTENT="Den"/><SP WIDTH="27" VPOS="2168" HPOS="973"/>
							<String ID="string_200" HPOS="1000" VPOS="2168" WIDTH="65" HEIGHT="46" WC="0.96" CONTENT="lag"/><SP WIDTH="24" VPOS="2168" HPOS="1065"/>
							<String ID="string_201" HPOS="1089" VPOS="2167" WIDTH="197" HEIGHT="47" WC="0.93" CONTENT="angående"/><SP WIDTH="20" VPOS="2167" HPOS="1286"/>
							<String ID="string_202" HPOS="1306" VPOS="2167" WIDTH="296" HEIGHT="46" WC="0.90" CONTENT="skyddsskogar,"/><SP WIDTH="21" VPOS="2167" HPOS="1602"/>
							<String ID="string_203" HPOS="1623" VPOS="2178" WIDTH="81" HEIGHT="24" WC="0.93" CONTENT="som"/><SP WIDTH="18" VPOS="2178" HPOS="1704"/>
							<String ID="string_204" HPOS="1722" VPOS="2166" WIDTH="119" HEIGHT="35" WC="0.91" CONTENT="Eders"/>
						</TextLine>
						<TextLine ID="line_32" HPOS="244" VPOS="2219" WIDTH="1597" HEIGHT="47">
							<String ID="string_205" HPOS="244" VPOS="2219" WIDTH="141" HEIGHT="47" WC="0.68" CONTENT="Kungl."/><SP WIDTH="20" VPOS="2219" HPOS="385"/>
							<String ID="string_206" HPOS="405" VPOS="2219" WIDTH="112" HEIGHT="47" WC="0.96" CONTENT="Maj:t"/><SP WIDTH="19" VPOS="2219" HPOS="517"/>
							<String ID="string_207" HPOS="536" VPOS="2220" WIDTH="175" HEIGHT="36" WC="0.96" CONTENT="utfärdat"/><SP WIDTH="19" VPOS="2220" HPOS="711"/>
							<String ID="string_208" HPOS="730" VPOS="2220" WIDTH="73" HEIGHT="35" WC="0.96" CONTENT="den"/><SP WIDTH="21" VPOS="2220" HPOS="803"/>
							<String ID="string_209" HPOS="824" VPOS="2222" WIDTH="48" HEIGHT="33" WC="0.96" CONTENT="24"/><SP WIDTH="15" VPOS="2222" HPOS="872"/>
							<String ID="string_210" HPOS="887" VPOS="2219" WIDTH="74" HEIGHT="47" WC="0.96" CONTENT="juli"/><SP WIDTH="23" VPOS="2219" HPOS="961"/>
							<String ID="string_211" HPOS="984" VPOS="2222" WIDTH="95" HEIGHT="33" WC="0.96" CONTENT="1903"/><SP WIDTH="23" VPOS="2222" HPOS="1079"/>
							<String ID="string_212" HPOS="1102" VPOS="2219" WIDTH="72" HEIGHT="36" WC="0.96" CONTENT="och"/><SP WIDTH="20" VPOS="2219" HPOS="1174"/>
							<String ID="string_213" HPOS="1194" VPOS="2231" WIDTH="81" HEIGHT="24" WC="0.93" CONTENT="som"/><SP WIDTH="18" VPOS="2231" HPOS="1275"/>
							<String ID="string_214" HPOS="1293" VPOS="2219" WIDTH="107" HEIGHT="35" WC="0.92" CONTENT="trädt"/><SP WIDTH="15" VPOS="2219" HPOS="1400"/>
							<String ID="string_215" HPOS="1415" VPOS="2219" WIDTH="13" HEIGHT="35" WC="0.96" CONTENT="i"/><SP WIDTH="14" VPOS="2219" HPOS="1428"/>
							<String ID="string_216" HPOS="1442" VPOS="2219" WIDTH="107" HEIGHT="35" WC="0.96" CONTENT="kraft"/><SP WIDTH="13" VPOS="2219" HPOS="1549"/>
							<String ID="string_217" HPOS="1562" VPOS="2219" WIDTH="89" HEIGHT="35" WC="0.96" CONTENT="med"/><SP WIDTH="17" VPOS="2219" HPOS="1651"/>
							<String ID="string_218" HPOS="1668" VPOS="2220" WIDTH="95" HEIGHT="34" WC="0.96" CONTENT="1905"/><SP WIDTH="18" VPOS="2220" HPOS="1763"/>
							<String ID="string_219" HPOS="1781" VPOS="2220" WIDTH="60" HEIGHT="33" WC="0.95" CONTENT="års"/>
						</TextLine>
						<TextLine ID="line_33" HPOS="244" VPOS="2271" WIDTH="1596" HEIGHT="48">
							<String ID="string_220" HPOS="244" VPOS="2272" WIDTH="159" HEIGHT="47" WC="0.93" CONTENT="ingång,"/><SP WIDTH="29" VPOS="2272" HPOS="403"/>
							<String ID="string_221" HPOS="432" VPOS="2272" WIDTH="137" HEIGHT="36" WC="0.92" CONTENT="kräfde"/><SP WIDTH="28" VPOS="2272" HPOS="569"/>
							<String ID="string_222" HPOS="597" VPOS="2272" WIDTH="82" HEIGHT="35" WC="0.95" CONTENT="helt"/><SP WIDTH="27" VPOS="2272" HPOS="679"/>
							<String ID="string_223" HPOS="706" VPOS="2272" WIDTH="193" HEIGHT="47" WC="0.96" CONTENT="naturligt"/><SP WIDTH="28" VPOS="2272" HPOS="899"/>
							<String ID="string_224" HPOS="927" VPOS="2284" WIDTH="47" HEIGHT="23" WC="0.93" CONTENT="en"/><SP WIDTH="29" VPOS="2284" HPOS="974"/>
							<String ID="string_225" HPOS="1003" VPOS="2271" WIDTH="174" HEIGHT="36" WC="0.90" CONTENT="afsevärd"/><SP WIDTH="27" VPOS="2271" HPOS="1177"/>
							<String ID="string_226" HPOS="1204" VPOS="2271" WIDTH="266" HEIGHT="47" WC="0.96" CONTENT="förstärkning"/><SP WIDTH="20" VPOS="2271" HPOS="1470"/>
							<String ID="string_227" HPOS="1490" VPOS="2271" WIDTH="41" HEIGHT="35" WC="0.93" CONTENT="af"/><SP WIDTH="15" VPOS="2271" HPOS="1531"/>
							<String ID="string_228" HPOS="1546" VPOS="2271" WIDTH="294" HEIGHT="47" WC="0.91" CONTENT="skogspersona-"/>
						</TextLine>
					</TextBlock>
				</ComposedBlock>
				<ComposedBlock ID="cblock_11" HPOS="1871" VPOS="2120" WIDTH="186" HEIGHT="68">
					<TextBlock ID="block_12" HPOS="1871" VPOS="2120" WIDTH="186" HEIGHT="68">
						<TextLine ID="line_34" HPOS="1871" VPOS="2120" WIDTH="186" HEIGHT="32">
							<String ID="string_229" HPOS="1871" VPOS="2121" WIDTH="120" HEIGHT="31" WC="0.94" CONTENT="Anslaget"/><SP WIDTH="19" VPOS="2121" HPOS="1991"/>
							<String ID="string_230" HPOS="2010" VPOS="2120" WIDTH="47" HEIGHT="24" WC="0.67" CONTENT="till:"/>
						</TextLine>
						<TextLine ID="line_35" HPOS="1876" VPOS="2157" WIDTH="161" HEIGHT="31">
							<String ID="string_231" HPOS="1876" VPOS="2157" WIDTH="161" HEIGHT="31" WC="0.90" CONTENT="skogsstaten."/>
						</TextLine>
					</TextBlock>
				</ComposedBlock>
			</PrintSpace>
		</Page>
	</Layout>
</alto>
