2221 2676
735 199 251 34 Statsutskottets
1014 197 169 34 Utlåtande
1207 198 61 32 N:o
1292 199 51 32 10.
1741 195 41 32 93

230 285 57 33 ett
326 281 141 48 belopp
510 281 41 36 af
590 283 137 44 25,000
769 281 159 44 kronor,
970 279 79 35 dels
1093 278 73 36 ock
1207 277 204 47 medgifva,
1451 278 58 34 att
1537 276 118 35 Eders
1682 275 141 47 Kungl.

230 334 112 47 Maj:t
381 334 102 47 finge
523 335 123 35 under
690 336 42 32 år
775 335 109 43 1907,
922 331 186 36 likaledes
1136 331 14 35 i
1177 332 90 34 mån
1296 330 41 35 af
1372 329 127 46 behof,
1534 328 60 36 för
1622 328 203 36 enahanda

231 387 179 37 ändamål
439 387 201 46 disponera
668 386 103 36 hvad
798 386 65 35 vid
889 387 201 44 utgången
1118 383 42 36 af
1184 385 42 33 år
1256 385 96 33 1906
1381 382 88 36 icke
1495 380 129 37 blifvit
1653 381 170 35 användt

231 439 41 36 af
295 440 46 35 de
368 439 90 36 utaf
481 439 220 46 Riksdagen
728 438 62 35 till
817 438 119 35 Eders
963 436 139 46 Kungl.
1125 435 128 46 Maj:ts
1271 435 227 46 förfogande
1512 433 59 36 för
1586 433 238 46 vidtagande

231 491 41 36 af
310 491 183 47 åtgärder
531 491 14 35 i
587 490 114 37 ofvan
742 489 157 48 angifna
941 488 96 47 syfte
1078 490 51 45 på
1171 490 110 33 extra
1322 489 78 33 stat
1433 486 178 36 anvisade
1641 485 132 46 anslag
1802 486 21 33 å

233 546 162 44 100,000
424 543 146 36 kronor
596 543 61 36 för
685 545 42 33 år
757 545 95 33 1902
883 543 99 34 samt
1010 543 22 32 å
1061 542 136 44 25,000
1227 540 146 35 kronor
1399 538 60 36 för
1488 541 42 32 år
1560 540 108 33 1905.
1824 536 2 2 |

362 648 129 36 Såsom
531 660 119 34 synes,
694 652 42 31 är
776 659 160 23 numera
976 646 88 35 hela
1096 645 66 35 det
1190 644 105 36 förut
1323 643 42 35 af
1387 642 221 46 Riksdagen
1633 640 190 47 beviljade

232 700 174 47 anslaget
435 703 21 33 å
487 703 160 43 100,000
677 700 146 35 kronor
852 697 260 48 disponeradt.
1154 696 52 36 Af
1218 696 66 35 det
1298 707 132 24 senare
1444 693 190 47 beviljade
1651 693 172 46 anslaget

233 755 22 33 å
271 755 136 44 25,000
423 753 147 36 kronor
585 754 165 34 återstår
766 758 102 30 ännu
883 764 47 23 en
945 751 72 44 del,
1034 762 88 23 men
1137 748 112 37 däraf
1259 748 111 35 torde
1387 747 64 36 det
1466 749 122 33 mesta
1597 746 88 35 med
1696 745 128 36 säker-

231 805 69 36 het
329 808 90 44 åtgå
446 806 123 35 under
595 805 259 36 innevarande
884 806 52 32 år.
992 803 75 35 För
1095 802 73 35 den
1187 800 180 36 händelse
1387 798 215 36 emellertid
1622 801 59 32 att
1695 800 129 44 någon

232 858 64 35 del
324 857 42 36 af
389 858 175 46 anslaget
592 857 123 36 skulle
742 857 66 35 vid
835 855 259 36 innevarande
1124 856 60 33 års
1212 853 76 35 slut
1315 864 93 23 vara
1428 850 265 48 odisponerad,
1715 862 111 23 anser

226 909 70 47 jag
323 910 238 47 Riksdagens
589 909 268 47 medgifvande
885 908 63 36 till
976 906 246 46 användning
1250 904 113 36 däraf
1386 904 123 35 under
1537 906 42 32 år
1609 905 94 33 1907
1728 903 97 35 böra

230 962 205 37 inhämtas.
494 962 99 36 Lika
633 962 88 35 med
760 959 419 46 landtbruksstyrelsen
1219 958 123 34 finner
1378 956 80 47 jag,
1502 958 59 33 att
1602 954 224 36 därutöfver

230 1014 126 35 medel
381 1015 96 35 böra
504 1015 172 44 beredas,
704 1013 60 36 för
792 1015 59 33 att
880 1012 97 36 efter
1004 1012 118 35 Eders
1149 1009 139 47 Kungl.
1317 1007 129 47 Maj:ts
1474 1007 260 47 bepröfvande
1760 1018 65 23 an-

234 1067 146 35 vändas
420 1066 63 36 till
517 1066 262 46 befrämjande
809 1065 41 35 af
872 1063 310 37 torfindustriens
1209 1061 237 46 utveckling.
1501 1059 189 37 Särskildt
1717 1059 112 35 torde

232 1119 326 46 undervisningen
585 1121 50 44 på
667 1118 66 35 det
760 1116 260 37 torftekniska
1049 1115 173 36 området
1251 1113 172 36 erfordra
1441 1112 227 47 ytterligare
1688 1111 139 35 under-

233 1171 87 35 stöd
358 1171 41 35 af
423 1173 138 34 staten.
616 1171 89 35 Men
734 1169 189 47 därjämte
952 1180 111 24 anser
1086 1167 68 46 jag
1181 1179 92 23 vara
1303 1165 40 35 af
1367 1167 142 33 största
1536 1164 96 45 vikt,
1663 1165 59 33 att
1749 1175 76 33 nya

232 1223 175 47 uppslag,
437 1236 82 23 som
547 1235 111 35 synas
685 1235 93 23 vara
808 1222 148 46 ägnade
986 1223 58 33 att
1072 1220 83 35 föra
1183 1216 372 47 torfbränslefrågan
1573 1215 153 46 framåt,
1746 1215 79 35 till-

232 1278 215 44 varatagas,
491 1276 73 35 och
595 1276 112 35 torde
735 1275 108 35 detta
871 1274 14 35 i
912 1276 140 43 många
1080 1272 68 35 fall
1180 1271 133 35 kunna
1342 1269 65 35 ske
1437 1269 135 35 endast
1599 1279 140 36 genom
1766 1269 61 33 att

235 1329 127 34 staten
404 1327 246 36 ekonomiskt
689 1327 182 46 bidrager
910 1325 63 36 till
1000 1325 46 35 de
1074 1323 142 45 försök,
1246 1334 139 35 genom
1412 1321 134 35 hvilka
1574 1321 108 35 deras
1709 1319 117 36 värde

234 1379 79 36 kan
340 1380 165 47 pröfvas.
560 1380 74 35 Det
663 1379 41 35 af
725 1376 418 47 landtbruksstyrelsen
1169 1375 217 46 föreslagna
1412 1373 184 47 beloppet
1624 1384 108 34 synes
1746 1371 82 46 mig

236 1432 215 36 emellertid
477 1432 134 35 kunna
637 1433 207 45 begränsas
872 1430 62 35 till
963 1431 136 44 20,000
1130 1428 180 35 kronor.»

364 1537 212 45 Utskottet,
620 1548 80 23 som
740 1534 116 47 lifligt
895 1534 165 36 beaktar
1092 1532 135 36 vikten
1256 1530 41 36 af
1321 1533 59 33 att
1408 1529 85 36 från
1522 1530 65 35 det
1615 1528 213 36 allmännas

235 1588 82 36 sida
345 1589 183 46 åtgärder
554 1588 178 46 vidtagas
760 1587 62 35 till
849 1585 214 47 främjande
1093 1584 41 36 af
1157 1582 310 38 torfindustriens
1495 1580 238 47 utveckling,
1757 1580 73 35 har

234 1640 86 36 icke
361 1641 86 36 haft
486 1643 122 44 något
650 1642 58 33 att
743 1641 104 34 emot
874 1638 251 36 förevarande
1154 1635 285 46 framställning
1468 1634 127 36 erinra
1624 1632 72 36 och
1722 1632 107 35 hem-

234 1693 133 36 ställer
395 1693 124 46 alltså,

759 1797 59 33 att
845 1794 219 46 Riksdagen
1090 1795 64 33 må
1181 1793 62 35 till
1265 1791 139 47 Kungl.
1432 1790 129 46 Maj:ts
1588 1789 239 46 förfogande,

636 1847 60 36 för
722 1847 235 46 vidtagande
986 1845 42 36 af
1051 1845 142 35 sådana
1223 1844 191 46 åtgärder,
1445 1855 82 23 som
1553 1842 134 35 kunna
1705 1840 124 36 finnas

636 1912 93 23 vara
757 1899 148 47 ägnade
936 1900 59 33 att
1022 1897 138 47 främja
1187 1896 203 47 lösningen
1418 1894 42 36 af
1474 1894 138 47 frågan
1631 1892 197 48 angående

635 1952 246 47 lämpligaste
910 1952 120 34 sättet
1059 1952 60 33 att
1146 1949 262 47 tillgodogöra
1437 1948 73 35 den
1537 1947 14 35 i
1569 1946 151 36 landets
1733 1944 96 37 torf-

634 2016 146 23 mossar
806 2002 202 47 befintliga
1035 2001 332 47 bränsletillgång,
1397 2002 50 44 på
1476 2001 110 33 extra
1614 2000 79 33 stat
1711 1997 61 35 för
1789 1999 42 33 år

639 2058 109 43 1907,
780 2057 59 34 att
865 2055 14 35 i
907 2057 89 33 mån
1025 2053 41 36 af
1084 2053 122 36 behof
1226 2052 205 45 användas,
1457 2051 132 36 anvisa
1612 2052 58 34 ett
1688 2049 142 47 belopp

637 2108 42 35 af
703 2110 136 43 20,000
868 2107 157 45 kronor,
1054 2107 89 34 med
1169 2108 81 33 rätt
1265 2104 190 47 därjämte
1474 2103 60 35 för
1550 2102 140 47 Kungl.
1707 2101 122 46 Maj:t,

636 2162 59 33 att
722 2160 123 35 under
873 2162 43 32 år
946 2161 109 42 1907,
1085 2158 184 35 likaledes
1297 2157 14 35 i
1338 2159 89 32 mån
1456 2155 42 36 af
1516 2154 127 46 behof,
1664 2153 60 36 för
1743 2165 88 24 ena-

633 2212 129 35 handa
804 2210 180 37 ändamål
1025 2210 202 47 disponera
1267 2209 103 35 hvad
1404 2207 65 36 vid
1496 2209 199 45 utgången
1723 2205 41 36 af
1790 2208 42 32 år

637 2267 97 33 1906
776 2264 86 35 icke
903 2262 129 37 blifvit
1065 2262 171 37 användt
1265 2261 41 36 af
1330 2261 45 36 de
1403 2260 167 46 tidigare
1598 2259 60 36 för
1686 2269 143 25 samma

634 2316 179 36 ändamål
840 2318 51 45 på
920 2317 109 34 extra
1057 2318 78 33 stat
1162 2313 190 47 beviljade
1380 2312 137 36 medel.
