2232 2686
405 191 40 31 68
860 191 251 33 Statsutskottets
1140 191 170 34 Utlåtande
1333 192 62 33 N:o
1422 196 48 30 10.

362 273 157 48 möjligt
559 274 119 36 borde
719 275 160 35 beredas
921 274 85 36 dem
1047 275 122 35 under
1210 274 235 37 studietiden
1486 275 66 37 vid
1579 276 217 47 institutet;
1827 280 59 34 att
1915 293 47 24 en

362 326 188 36 elektrisk
583 327 239 48 anläggning
850 327 197 36 därstädes
1076 327 160 36 sålunda
1263 327 97 37 först
1389 328 72 36 och
1488 328 137 38 främst
1653 330 123 38 skulle
1803 344 94 24 vara
1925 334 42 36 af

359 382 143 34 största
542 380 197 47 betydelse
783 383 124 34 såsom
948 380 472 48 undervisningsmateriel
1447 381 67 37 vid
1540 382 233 49 läroverket,
1803 384 158 39 hvarest

358 432 74 36 den
468 432 87 37 icke
583 433 104 36 blott
715 433 123 36 skulle
866 434 141 36 bereda
1034 433 250 47 lärjungarna
1312 434 153 36 tillfälle
1494 437 60 34 att
1582 437 156 36 studera
1766 439 194 36 elektrici-

358 488 127 33 tetens
526 486 112 47 lagar
671 486 72 36 och
772 486 194 36 allmänna
993 486 222 36 företeelser
1242 489 97 33 utan
1368 487 112 36 äfven
1508 488 83 36 dess
1620 491 251 37 användande
1899 492 63 37 för

358 538 107 36 olika
497 538 206 48 praktiska
733 539 190 46 ändamål,
953 542 124 33 såsom
1104 539 214 48 belysning,
1349 539 188 38 drifkraft
1564 541 60 36 för
1650 543 209 37 tröskverk
1887 546 72 36 och

355 591 290 48 hackelseverk,
687 592 342 47 mejerimaskiner,
1072 593 216 47 pumpverk
1315 606 50 23 m.
1395 605 62 35 m.,
1489 594 72 36 och
1589 595 191 48 därjämte
1807 598 14 36 i
1849 598 108 37 detta

354 644 70 36 fall
468 645 107 36 rikta
616 645 395 48 uppmärksamheten
1052 648 50 44 på
1143 646 328 47 tillvaratagande
1514 647 72 36 och
1629 651 253 37 användande
1923 652 43 36 af

355 700 186 32 naturens
569 697 197 46 billigaste
795 698 200 45 drifkraft,
1024 698 157 45 vinden;
1212 701 60 33 att
1300 711 47 23 en
1376 699 118 35 sådan
1522 701 239 47 anläggning
1786 704 172 36 emeller-

354 748 61 36 tid
444 751 21 33 å
494 749 121 36 andra
645 750 109 36 sidan
782 749 212 47 ingalunda
1023 749 123 36 skulle
1175 762 91 23 vara
1296 752 58 34 ett
1380 750 61 36 för
1467 751 327 50 undervisningen
1810 759 149 33 ensamt

354 800 125 37 afsedt
521 802 73 36 och
638 802 13 36 i
693 803 136 35 sådant
870 802 68 36 fall
980 803 160 46 dyrbart
1178 803 249 47 experiment,
1457 806 96 34 utan
1582 805 123 36 skulle
1733 810 50 44 på
1812 820 144 25 samma

353 856 105 44 gång
499 855 106 35 såväl
632 855 61 35 för
719 855 201 36 institutet
948 867 82 24 som
1056 855 61 35 för
1144 856 165 46 Alnarps
1338 857 187 46 egendom
1553 858 173 36 medföra
1754 860 201 37 afsevärda

351 906 172 37 fördelar
563 919 141 35 genom
732 910 61 34 att
820 907 63 37 till
912 909 57 35 ett
996 907 178 47 billigare
1202 908 80 47 pris
1311 913 49 30 än
1388 909 66 36 det
1481 911 222 36 nuvarande
1731 911 133 38 kunna
1891 914 65 36 be-

351 960 93 35 reda
472 972 48 23 en
547 960 90 36 vida
664 960 296 47 fullständigare
985 960 73 36 och
1076 961 130 35 bättre
1235 961 202 47 belysning
1465 965 99 33 samt
1592 975 47 23 en
1659 964 198 47 drifkraft,
1874 978 81 24 som

351 1011 131 37 kunde
515 1012 193 47 utnyttjas
735 1013 63 35 till
826 1013 76 36 alla
930 1015 50 45 på
1008 1012 153 48 platsen
1188 1013 316 37 förekommande
1532 1015 121 36 behof
1677 1016 41 36 af
1742 1029 47 24 en
1817 1019 136 46 sådan;

352 1066 61 34 att
454 1065 186 46 styrelsen
681 1066 132 35 vidare
854 1065 117 36 funne
1014 1068 58 33 ett
1113 1066 128 36 starkt
1282 1067 87 35 stöd
1412 1066 60 36 för
1512 1067 59 36 sin
1611 1069 255 49 uppfattning
1894 1084 63 24 om

350 1117 136 35 vikten
528 1118 73 35 och
641 1118 226 46 betydelsen
909 1118 41 35 af
979 1119 74 35 den
1082 1118 211 36 elektriska
1320 1119 175 36 kraftens
1522 1120 202 37 införande
1752 1123 65 36 vid
1845 1124 112 36 insti-

349 1172 104 33 tutet
495 1170 142 46 däruti,
682 1173 61 33 att
784 1171 119 35 Eders
944 1171 140 46 Kungl.
1129 1171 111 46 Maj:t
1280 1172 119 35 redan
1439 1172 107 36 förut
1585 1174 199 46 behjärtat
1824 1177 127 35 denna

347 1220 122 48 fråga,
505 1222 14 35 i
547 1223 67 34 det
642 1220 135 38 Eders
790 1223 140 47 Kungl.
960 1223 110 46 Maj:t
1098 1235 140 35 genom
1265 1223 138 47 nådigt
1430 1224 88 35 bref
1541 1225 74 35 den
1645 1228 46 34 29
1720 1239 101 24 mars
1853 1231 95 33 1893

349 1276 127 33 såsom
510 1275 139 47 bidrag
676 1275 64 36 till
767 1275 205 36 utförande
1001 1275 42 36 af
1066 1288 47 23 en
1142 1276 107 46 dylik
1278 1276 238 47 anläggning
1545 1278 150 36 anvisat
1723 1282 58 33 ett
1808 1280 144 48 belopp

348 1325 43 36 af
417 1328 138 45 10,775
585 1327 159 46 kronor,
773 1328 152 35 hvilket
954 1328 134 47 anslag
1115 1328 217 36 institutets
1360 1329 218 36 dåvarande
1599 1331 158 46 styrelse
1777 1333 173 35 emeller-

347 1378 59 36 tid
435 1379 13 34 i
477 1381 218 45 september
725 1382 99 34 1894
854 1382 127 34 ansett
1010 1381 57 47 sig
1094 1381 96 35 böra
1219 1381 225 46 återlämna,
1466 1382 247 37 alldenstund
1732 1384 218 37 institutets

347 1431 216 47 tillgångar
606 1433 48 35 då
686 1432 87 36 icke
801 1432 102 37 visat
931 1433 58 46 sig
1016 1433 239 47 tillräckliga
1284 1435 60 34 att
1370 1434 172 36 bestrida
1570 1437 244 36 återstående
1841 1437 109 37 kost-

347 1484 78 35 nad
466 1484 61 35 för
567 1485 299 47 anläggningen,
911 1485 72 36 och
1024 1486 356 46 stenkolsbränslet,
1424 1498 81 24 som
1538 1487 48 36 då
1613 1488 104 36 varit
1746 1490 97 35 enda
1870 1490 80 36 till-

347 1536 188 47 gängliga
564 1537 254 46 kraftkällan,
847 1538 87 35 med
962 1538 65 35 vid
1057 1539 124 35 denna
1209 1538 59 35 tid
1295 1538 218 47 disponibla
1540 1541 197 36 maskiner
1763 1542 101 36 visat
1892 1543 60 46 sig

346 1600 93 23 vara
468 1591 59 33 ett
555 1589 132 36 alltför
715 1590 162 46 dyrbart
903 1590 181 36 material
1110 1590 63 35 till
1202 1590 305 36 elektricitetens
1534 1591 332 49 frambringande;
1889 1597 59 33 att

345 1651 142 35 genom
532 1641 254 47 möjligheten
833 1645 59 33 att
937 1642 61 36 för
1043 1643 221 35 ändamålet
1306 1644 175 35 använda
1520 1644 251 37 vindkraften
1812 1647 137 46 frågan

347 1692 216 36 emellertid
592 1706 52 23 nu
671 1694 167 35 kommit
866 1695 13 34 i
908 1697 57 33 ett
982 1697 118 33 annat
1123 1695 102 46 läge;
1248 1696 60 34 att
1326 1695 197 48 nämligen
1544 1696 115 37 ofvan
1674 1698 160 36 anförda
1850 1699 100 46 syfte

346 1744 136 46 skulle,
526 1745 124 48 enligt
691 1746 102 36 hvad
834 1747 211 46 utredning
1086 1747 134 36 därom
1260 1746 116 48 gifvit
1407 1748 65 36 vid
1500 1748 165 48 handen,
1694 1753 50 44 på
1774 1753 57 34 ett
1858 1751 90 36 fullt

343 1796 359 37 tillfredsställande
731 1801 80 33 sätt
839 1799 136 36 vinnas
999 1812 139 34 genom
1158 1800 238 46 anläggning
1429 1800 41 36 af
1494 1804 58 33 ett
1579 1803 368 36 vindelektricitets-

345 1848 96 35 verk
470 1849 98 36 efter
594 1850 193 47 professor
814 1851 94 35 Paul
936 1852 37 35 la
1003 1851 117 36 Cours
1149 1854 140 44 system
1316 1853 88 35 med
1428 1853 315 38 ackumulatorer
1757 1855 121 47 jämte
1900 1868 47 23 en

345 1900 189 37 elektrisk
552 1903 278 36 reservstation
848 1903 59 36 för
927 1904 46 36 de
992 1904 192 46 tillfällen,
1206 1905 48 35 då
1274 1905 215 48 tillräcklig
1503 1905 199 38 vindkraft
1716 1907 85 36 icke
1816 1908 132 36 kunde

343 1953 239 47 disponeras;
613 1958 70 43 att,
713 1955 13 35 i
751 1956 173 47 enlighet
942 1957 88 35 med
1049 1957 101 35 hvad
1166 1969 46 23 en
1232 1957 384 47 institutsstyrelsens
1636 1960 198 36 skrifvelse
1849 1960 99 36 bifo-

342 2006 77 45 gad
446 2006 149 47 ritning
622 2008 188 46 utvisade,
841 2021 46 22 en
914 2009 223 35 vindmotor
1164 2010 88 34 med
1278 2011 374 45 generatorsstation
1680 2012 13 35 i
1720 2013 137 35 sådant
1876 2012 71 36 fall

343 2057 124 36 skulle
495 2059 185 47 uppföras
704 2063 51 44 på
774 2060 142 47 höjden
931 2074 93 22 norr
1040 2074 62 31 om
1115 2062 165 46 Alnarps
1295 2063 97 45 gård
1406 2063 88 35 med
1509 2063 438 38 ackumulatorsbatteri

341 2110 60 35 uti
429 2110 453 50 ladugårdskomplexets
909 2113 226 36 maskinhus
1155 2114 72 35 och
1248 2115 276 36 reservstation
1538 2116 14 35 i
1566 2116 378 48 mejeribyggnaden,

341 2162 115 36 hvars
497 2176 75 33 nya
615 2166 228 45 ångmaskin
885 2166 72 36 och
999 2169 216 44 ångpanna,
1249 2167 212 48 behörigen
1494 2168 226 47 förstärkta,
1749 2170 88 35 med
1865 2173 81 32 stor

341 2215 125 35 fördel
508 2216 122 36 skulle
671 2217 133 36 kunna
845 2218 61 35 för
933 2219 138 35 sådant
1099 2219 180 35 ändamål
1308 2221 208 44 användas;
1548 2224 60 32 att
1636 2221 242 36 inrättandet
1906 2222 42 35 af

341 2267 125 36 denna
494 2270 276 36 reservstation
799 2271 215 36 emellertid
1040 2271 219 46 förutsatte,
1291 2274 59 34 att
1379 2273 72 35 den
1479 2273 235 48 utvidgning
1739 2273 40 36 af
1794 2273 149 48 mejeri-

339 2320 246 48 byggnaden,
615 2321 160 37 hvarom
796 2324 184 45 styrelsen
1000 2323 106 37 förut
1125 2324 129 46 ingått
1275 2325 87 35 med
1381 2326 243 46 underdånig
1642 2325 297 48 framställning,
