2186 2628
442 212 18 28 6
907 208 242 40 Lagutskottets
1170 207 171 32 utlåtande
1364 208 52 30 Nr
1439 209 50 30 68.

400 295 186 36 skrivelse
610 295 56 35 till
690 295 141 48 Kungl.
852 294 107 48 Maj:t
980 294 119 36 fäster
1124 293 394 49 uppmärksamheten
1542 296 48 46 på
1609 293 335 48 angelägenheten
1965 306 47 23 av

400 352 152 30 snarast
580 346 157 48 möjliga
765 344 263 49 lagreglering
1056 348 48 45 på
1131 344 106 36 detta
1265 343 167 37 område.

500 397 17 35 I
557 396 110 48 fråga
706 409 61 23 om
808 396 64 36 det
913 409 142 35 genom
1096 394 192 37 motionen
1317 394 136 36 väckta
1479 393 187 49 förslaget
1694 406 60 23 om
1786 394 226 48 åvägabrin-

398 447 130 48 gande
558 460 46 23 av
631 447 324 47 inteckningsrätt
984 449 37 32 åt
1049 445 234 36 innehavare
1312 458 45 23 av
1386 444 354 48 kvarnrättigheter
1769 443 71 37 och
1859 449 76 31 rätt
1954 444 56 36 till

400 497 47 35 fri
478 497 114 46 mäld,
621 497 68 36 har
718 497 186 36 utskottet
938 496 84 36 icke
1055 496 146 36 kunnat
1238 495 114 36 vinna
1380 495 75 36 den
1484 494 284 49 övertygelsen,
1799 499 54 31 att
1881 494 131 49 dylika

396 548 195 36 förmåner
621 553 64 31 äro
715 561 48 23 av
792 547 268 37 beskaffenhet
1087 552 55 31 att
1170 546 209 49 lämpligen
1409 546 94 36 böra
1532 545 101 36 bliva
1656 544 160 37 föremål
1846 545 58 36 för
1933 558 77 23 ser-

398 598 205 36 vitutsrätt.

500 649 53 36 På
579 648 126 50 grund
735 662 45 23 av
810 648 72 36 vad
911 647 162 37 sålunda
1102 648 160 45 anförts,
1290 647 56 36 får
1375 646 189 36 utskottet
1591 645 216 47 hemställa,

851 756 55 30 att
948 749 205 48 riksdagen
1197 749 11 36 i
1250 749 209 49 anledning
1501 762 47 23 av
1588 749 251 36 förevarande
1865 747 143 37 motion

801 803 116 33 måtte
945 800 153 36 besluta
1126 805 54 30 att
1207 799 12 36 i
1247 799 185 37 skrivelse
1461 799 57 36 till
1547 800 141 48 Kungl.
1718 799 107 47 Maj:t
1843 797 165 47 anhålla,

798 856 55 30 att
894 850 143 48 Kungl.
1079 850 107 48 Maj:t
1228 851 148 36 täcktes
1419 850 75 37 låta
1523 850 176 36 utarbeta
1727 850 71 36 och
1826 849 58 36 för
1912 848 97 36 riks-

798 901 126 49 dagen
964 906 151 31 snarast
1155 901 152 48 möjligt
1348 899 219 49 framlägga
1603 900 214 49 lagförslag
1844 899 163 37 rörande

799 951 226 49 inteckning
1052 951 59 37 för
1134 956 75 32 rätt
1237 952 57 36 till
1322 951 185 37 elektrisk
1532 951 109 37 kraft.

500 1051 223 37 Stockholm
753 1053 71 36 den
855 1055 20 34 9
902 1053 82 48 juni
1015 1055 106 34 1917.

933 1155 54 36 På
1009 1154 277 48 lagutskottets
1309 1157 161 43 vägnar:

936 1255 198 36 ALBERT
1162 1253 310 38 PETERSSON.

799 2270 179 37 Stockholm,
1003 2271 38 29 K.
1067 2272 30 28 B.
1122 2272 151 28 Boströms
1298 2272 199 38 Boktryckeri,
1516 2273 89 29 1917.
