2258 2661
410 162 41 32 32
635 160 117 32 Andra
777 160 202 31 kammarens
1003 158 102 40 tredje
1130 157 169 42 tillfälliga
1323 157 134 33 utskollx
1480 156 166 32 utlåtande
1672 157 50 30 Nr
1748 158 29 29 S.

517 252 250 33 Motionärerna
792 252 119 31 beröra
941 250 69 33 helt
1033 249 62 33 lätt
1118 250 122 42 frågan
1264 260 57 22 om
1345 249 219 42 sjömännens
1589 246 306 43 socialförsäkring.
1944 246 66 32 Det

411 309 99 32 synes
546 297 221 39 direktionen,
793 307 73 22 som
902 307 56 21 om
994 295 112 33 denna
1134 296 97 42 fråga
1255 295 61 33 bör
1340 300 98 38 göras
1463 294 50 33 till
1538 293 144 33 föremål
1706 293 54 32 för
1784 303 43 21 en
1851 292 158 33 verksam

410 344 224 43 lagstiftning,
671 343 44 32 då
748 342 284 33 handelsflottans
1068 341 286 43 pensionsanstalt
1388 341 38 42 ju
1463 340 72 33 icke
1571 340 66 31 kan
1670 339 100 32 räcka
1794 338 50 32 till
1869 338 141 33 överallt

411 391 79 32 eller
514 390 54 32 för
592 389 57 33 sitt
673 388 168 39 ändamål,
868 387 63 33 och
956 388 220 41 sjömannens
1199 387 83 42 yrke
1307 387 146 32 förvisso
1478 391 37 27 är
1538 385 143 42 förtjänt
1705 395 43 21 av
1773 387 236 39 uppmuntran

411 436 62 33 och
497 434 186 34 understöd
707 438 88 29 samt
819 444 100 32 synes
944 433 81 32 böra
1050 433 115 32 lämna
1188 432 128 32 honom
1341 443 42 22 en
1409 434 36 30 så
1469 432 94 41 långt
1596 430 134 42 möjligt
1761 429 248 42 bekymmesfri

411 481 183 33 ålderdom.
643 478 400 44 Olycksfallsförsäkring
1067 478 54 33 för
1145 478 133 42 sjömän
1304 483 36 27 är
1363 478 38 42 ju
1427 480 47 30 ett
1491 475 175 34 önskemål
1683 486 73 22 som
1775 480 87 28 även
1879 478 130 29 snarast

410 529 62 31 bör
495 526 183 33 realiseras.

516 572 49 33 På
599 571 113 43 grund
735 582 43 21 av
813 570 67 32 vad
916 580 88 23 ovan
1029 569 139 40 anförts,
1193 569 54 32 får
1271 568 212 33 direktionen
1507 568 54 32 för
1586 566 253 43 sjömanshuset
1864 565 11 32 i
1898 564 112 34 Udde-

409 618 90 33 valla
534 617 189 39 hemställa,
757 619 49 30 att
838 616 112 33 därest
985 615 163 33 utskottet
1174 614 149 33 biträder
1347 614 267 33 motionärernas
1639 612 129 42 förslag
1793 623 57 21 om
1875 614 49 30 att
1947 611 63 33 hos

409 664 129 42 Kungl.
564 663 96 42 Maj:t
683 663 124 41 begära
824 672 42 22 en
890 661 192 41 utredning,
1108 660 41 33 de
1173 671 43 23 av
1241 671 53 21 oss
1318 660 206 32 framhållna
1549 658 259 43 synpunkterna
1833 659 58 30 må
1914 660 95 39 tagas

410 710 11 29 i
446 708 200 35 beaktande,
683 707 173 41 nämligen
891 710 49 27 att
974 706 41 31 de
1051 705 111 32 lokala
1196 705 262 41 sjömanshusen
1493 704 74 31 icke
1603 705 56 29 må
1689 703 160 39 indragas
1875 702 63 31 och
1962 705 49 27 att

411 753 96 34 deras
532 753 117 33 kassor
672 751 73 34 icke
769 751 95 33 skola
888 751 143 33 berövas
1056 749 87 34 dem.

518 798 190 33 Uddevalla
733 797 66 33 den
825 798 17 31 7
868 807 89 22 mars
984 797 95 32 1915.

801 887 221 33 Direktionen
1046 886 54 33 för
1116 885 254 43 sjömanshuset
1395 885 10 31 i
1432 883 198 34 Uddevalla.

1021 959 108 32 Alban
1152 959 41 32 E.
1223 958 180 32 Thorburn.

1124 1013 188 27 Ordförande.

1684 1085 34 28 AA.
1743 1084 34 28 LDL.
1806 1084 115 37 Teguer.

1747 1332 122 42 Bilaga
1894 1336 29 29 6.

849 1429 159 34 Yttrande
1033 1438 40 24 av
1098 1427 253 44 sjömanshuset
1377 1426 7 33 i
1411 1425 185 35 Västervik.

628 1521 64 32 Till
717 1520 107 32 andra
847 1520 217 31 kammarens
1088 1517 170 42 tillfälliga
1282 1517 129 33 utskott
1435 1527 40 21 nr
1499 1517 29 31 3.

521 1611 77 33 Med
623 1610 186 43 anledning
832 1620 43 22 av
899 1609 179 33 utskottets
1103 1607 162 33 skrivelse
1289 1618 43 22 av
1357 1607 66 32 den
1447 1607 20 32 5
1491 1605 149 33 februari
1670 1605 83 32 1915
1778 1604 50 32 till
1853 1604 162 42 sjömans-

413 1658 100 31 huset
549 1657 10 31 i
583 1656 192 38 Västervik,
801 1656 53 31 för
878 1658 48 29 att
950 1654 123 32 bereda
1099 1653 251 42 sjömanshuset
1374 1652 134 32 tillfälle
1532 1655 48 28 att
1604 1654 90 38 yttra
1718 1650 52 41 sig
1794 1649 10 31 i
1829 1649 186 41 anledning

413 1713 43 22 av
492 1713 41 21 en
570 1701 130 32 motion
735 1711 43 22 av
802 1700 115 32 herrar
941 1699 96 32 Alex.
1063 1698 111 32 Thore
1199 1698 10 31 i
1234 1697 172 42 Göteborg
1430 1697 63 32 och
1517 1695 101 33 Wilh.
1645 1694 164 42 Hellberg
1833 1694 10 31 i
1872 1694 142 41 Ljungs-

413 1748 77 38 kile,
516 1758 55 21 om
597 1746 161 33 skrivelse
783 1745 51 33 till
858 1744 128 42 Kungl.
1012 1743 97 43 Maj:t
1133 1742 175 43 angående
1333 1741 182 42 utredning
1539 1741 63 32 och
1626 1740 129 42 förslag
1780 1738 142 34 rörande
1947 1749 68 22 om-

414 1792 229 42 organisation
660 1802 43 22 av
719 1791 103 32 rikets
840 1790 227 42 sjömanshus,
1081 1789 53 32 får
1147 1788 213 32 direktionen
1373 1787 142 32 härmed
1528 1786 124 42 avgiva
1665 1785 152 41 följande
1830 1784 185 33 utlåtande.

520 1837 17 31 I
572 1837 65 32 den
674 1835 214 42 motivering,
925 1845 73 22 som
1035 1834 126 32 inleder
1185 1832 298 42 framställningen
1514 1842 56 21 om
1594 1841 43 22 en
1663 1829 287 42 omorganisation
1975 1839 42 21 av

414 1882 263 42 sjömanshusen
681 1870 16 58 i
717 1881 95 38 riket,
827 1880 125 42 angiva
965 1879 250 33 motionärerna
1227 1882 49 28 att
1289 1876 473 43 sjömanshusinstitutionens
1776 1874 240 42 ursprungliga

414 1928 88 42 syfte
539 1927 108 33 skulle
683 1937 91 27 vara,
810 1929 49 29 att
891 1929 121 37 utgöra
1045 1935 42 21 en
1123 1923 127 33 central
1274 1923 88 41 sjuk-
1388 1922 63 33 och
1474 1920 305 33 understödskassa
1802 1920 54 31 för
1880 1919 137 41 sjöfolk,

413 1983 80 22 men
529 1976 48 29 att
610 1971 262 34 verksamheten
897 1972 37 30 så
957 1969 216 42 småningom
1199 1967 288 33 decentraliserats
1512 1977 123 31 genom
1661 1965 209 33 tillkomsten
1895 1974 42 23 av
1962 1963 56 33 det

414 2029 63 21 ena
512 2017 253 41 sjömanshuset
793 2016 85 32 efter
907 2015 56 31 det
986 2014 106 31 andra
1117 2014 62 32 och
1204 2017 48 28 att
1276 2013 97 32 dessa
1398 2011 179 33 efterhand
1601 2010 189 33 utvecklats
1815 2009 130 31 därhän
1970 2012 49 29 att

413 2062 390 42 förvaltningsbestyren
839 2060 10 32 i
886 2059 218 34 statsverkets
1139 2059 105 41 tjänst
1279 2058 98 32 blivit
1412 2057 41 32 de
1485 2058 198 36 förnämsta,
1709 2054 310 42 understödssyftet

415 2108 154 32 däremot
593 2107 56 32 det
674 2106 133 32 mindre
833 2105 187 42 väsentliga
1045 2104 10 31 i
1079 2104 98 32 deras
1202 2103 146 43 uppgift.

522 2152 222 32 Direktionen
779 2151 183 37 förmodar,
989 2153 48 28 att
1070 2149 56 32 det
1150 2151 71 39 gått
1245 2150 37 30 så
1305 2148 50 32 till
1379 2147 79 32 med
1483 2147 65 31 alla
1572 2146 228 32 institutioner
1825 2144 93 32 inom
1943 2146 75 30 vårt

414 2197 91 40 land,
541 2200 49 30 att
624 2196 42 33 de
701 2196 78 33 från
814 2195 121 42 början
971 2194 76 33 haft
1081 2205 42 21 en
1160 2195 52 31 för
1237 2193 56 33 sitt
1317 2191 159 34 ändamål
1507 2202 92 22 mera
1624 2190 90 34 lokal
1738 2190 80 32 eller
1841 2188 178 34 inskränkt

415 2243 146 42 uppgift,
598 2253 79 21 men
712 2245 49 29 att
794 2241 10 31 i
840 2251 132 22 samma
1007 2241 79 30 mån
1111 2250 73 21 som
1220 2238 260 33 förhållandena
1521 2237 56 32 det
1599 2237 101 31 krävt
1724 2235 63 32 och
1811 2235 56 31 det
1891 2238 127 28 ansetts

415 2288 165 42 lämpligt,
606 2287 98 33 blivit
727 2286 145 43 pålagda
896 2284 258 34 närbesläktade
1179 2284 185 42 uppgifter,
1390 2284 55 31 för
1468 2286 49 28 att
1541 2282 199 41 därigenom
1766 2285 81 37 göra
1864 2279 56 32 det
1937 2279 81 41 möj-
