2219 2665
172 798 181 31 Begränsning

161 841 31 16 av
202 834 99 22 statens
311 834 55 22 rätt

189 868 40 24 till
246 868 91 24 malm-

191 904 120 31 brytning
330 904 10 23 i

177 948 66 23 egna
261 947 103 23 gruvor.

171 1228 104 24 Statens
293 1229 55 22 rätt

189 1265 39 22 att
251 1263 84 24 inlösa

169 1299 194 24 stamaktierna.

432 168 39 32 14
895 168 247 33 Statsutskottets
1164 168 162 32 utlåtande
1350 168 52 32 Nr
1424 169 51 32 79.

514 249 57 37 De
599 248 120 50 enligt
750 250 95 36 1907
876 249 69 37 och
977 251 96 35 1908
1103 251 108 35 årens
1240 248 180 38 kontrakt
1448 249 55 37 till
1532 248 180 51 brytning
1731 248 70 37 och
1820 248 158 37 utfrakt-

386 302 94 49 ning
507 302 120 37 under
655 305 87 34 åren
774 303 250 36 1908—1932
1067 301 205 51 medgivna
1312 301 436 38 maximikvantiteterna
1776 301 201 50 järnmalm

386 358 129 47 uppgå
544 354 157 38 sålunda
728 355 57 37 till

1331 403 190 38 Kirunavara-
1723 406 152 25 Gellivare-

1381 438 92 38 malm.
1761 442 92 25 malm,

385 496 120 49 enligt
536 497 95 36 1907
663 499 58 34 års
749 496 499 37 kontrakt..........o0...h0-..
1281 497 226 47 75,000,000
1536 501 66 32 ton
1659 496 225 47 18,750,000
1913 500 66 32 ton

439 561 17 24 »
541 550 96 35 1908
682 562 17 23 »
837 562 17 23 Do
940 580 307 5 rrrrrrrrrersr
1102 545 29 56 are
1137 580 110 5 ssensensea
1305 550 201 46 6,500,000
1564 561 17 23 »
1687 549 203 46 2.500,000
1935 560 17 24 »

1280 612 228 46 81,500,000
1537 602 65 45 ton
1657 611 229 47 21,250,000
1915 602 65 45 ton

1248 681 88 36 eller
1358 681 247 35 tillsammans
1627 676 253 51 102,750,000
1900 685 78 31 ton.

513 785 18 36 I
562 786 95 36 1907
689 788 58 34 års
775 785 179 37 kontrakt
993 785 160 37 förband
1196 785 60 49 sig
1293 790 124 32 staten
1447 789 55 32 att
1529 784 97 37 intill
1654 788 40 34 år
1725 786 95 35 1933
1851 783 127 51 (even-

385 837 108 36 tuellt
542 837 109 50 1938)
698 838 82 36 icke
822 838 57 36 för
921 844 112 30 annat
1074 838 174 36 ändamål
1290 843 47 31 än
1373 837 102 50 Järn-
1503 837 91 37 eller
1622 836 357 49 ståltillverkning
1955 832 27 59 i

386 889 159 50 Sverige
591 889 110 50 bryta
747 890 89 37 eller
880 890 76 36 låta
992 890 111 49 bryta
1130 891 113 35 malm
1273 890 82 36 från
1385 890 45 36 de
1459 889 333 49 malmtillgångar,
1821 894 158 31 varöver

385 947 124 32 staten
539 942 156 37 sålunda
723 942 73 37 fick
824 943 68 36 full
920 943 224 49 äganderätt
1172 942 91 38 eller
1290 942 241 37 uteslutande
1560 942 286 49 nyttjanderätt.

512 994 208 38 Enahanda
748 994 285 38 bestämmelser
1060 995 191 49 inrycktes
1279 995 12 36 i
1324 995 95 36 1908
1449 996 59 34 års
1536 994 178 37 kontrakt
1741 994 12 36 i
1783 993 106 51 fråga
1918 1007 60 24 om

385 1047 182 50 brytning
626 1048 102 36 inom
794 1047 255 50 HSvappavara,
1113 1047 245 47 Levieniemi,
1420 1047 158 36 Tansari
1637 1047 70 36 och
1772 1046 208 37 Salmivara

384 1100 196 36 malmfält.

516 1202 131 38 Staten
675 1207 92 45 äger
794 1207 75 32 rätt
897 1207 55 32 att
981 1203 119 36 under
1130 1202 101 38 vissa
1259 1203 136 37 villkor
1422 1203 119 37 inlösa
1569 1203 278 37 stamaktierna.

514 1255 131 37 Denna
685 1260 76 31 rätt
802 1255 167 36 inträder
1009 1255 119 36 första
1169 1258 154 47 gången
1352 1256 73 36 den
1454 1257 44 34 31
1531 1255 195 37 december
1757 1257 97 35 1932
1884 1255 95 36 efter

385 1308 132 36 därom
545 1307 120 36 under
693 1310 40 33 år
777 1309 97 35 1930
916 1307 112 49 gjord
1057 1307 206 49 tillsägelse
1292 1308 69 36 hos
1389 1307 367 49 trafikaktiebolaget
1785 1307 194 49 Gränges-

383 1359 370 50 berg—Ozxelösund
794 1365 96 31 samt
932 1359 68 37 hos
1044 1360 256 48 aktiebolaget
1342 1359 190 38 Gellivare
1560 1360 197 47 malmfält,
1787 1373 60 23 om
1876 1359 103 37 detta

382 1412 116 49 bolag
527 1412 45 36 då
601 1417 100 31 ännu
731 1417 90 45 äger
838 1412 170 37 bestånd.
1051 1412 73 36 För
1143 1412 146 36 inlösen
1308 1412 94 37 skall
1421 1412 206 49 värdering
1647 1426 45 22 av
1712 1411 267 38 stamaktierna

382 1465 224 36 verkställas
650 1478 47 22 av
726 1466 20 34 9
776 1465 152 48 ojäviga
968 1464 97 49 gode
1102 1469 97 41 män,
1229 1464 158 37 utsedda
1414 1467 48 47 på
1491 1469 74 32 sätt
1593 1465 12 35 i
1633 1464 217 37 kontraktet
1878 1469 99 44 sägs.

382 1517 118 36 Dessa
528 1517 106 36 skola
661 1517 208 48 uppskatta
897 1517 71 36 den
997 1517 118 48 årliga
1148 1516 235 48 medelvinst,
1413 1530 81 23 som
1526 1516 453 37 Luossavaara-Kiiruna-

382 1582 115 23 vaara
539 1568 218 49 aktiebolag
798 1568 172 49 skäligen
1007 1568 68 37 bör
1103 1581 110 24 anses
1242 1568 98 36 hava
1367 1569 83 36 haft
1479 1571 20 33 å
1528 1569 274 48 försäljningen
1831 1581 46 23 av
1906 1568 73 36 den

383 1621 126 47 malm,
539 1634 81 23 som
650 1620 153 49 bolaget
832 1620 117 37 brutit
977 1620 70 37 och
1075 1620 264 49 tillgodogjort
1368 1621 60 49 sig
1455 1620 118 38 under
1602 1623 88 35 åren
1713 1621 263 36 1920—1929.

382 1673 80 36 Har
481 1673 119 36 under
628 1673 163 36 nämnda
822 1673 257 48 10-årsperiod
1108 1672 136 37 brutits
1264 1686 80 23 mer
1363 1678 47 31 än
1430 1674 228 46 30,000,000
1678 1679 66 30 ton
1763 1673 113 36 malm
1897 1672 82 37 från

382 1725 240 36 Kirunavara
663 1725 185 36 malmfält
883 1725 89 36 eller
1007 1726 201 46 7,500,000
1236 1730 67 31 ton
1330 1726 83 35 från
1442 1724 189 38 Gellivare
1659 1724 195 48 malmfält,
1884 1725 95 36 skall

382 1777 84 36 från
511 1777 260 48 beräkningen
817 1777 184 37 uteslutas
1047 1777 74 37 den
1149 1777 113 47 vinst,
1292 1791 81 23 som
1402 1777 128 50 belöpt
1560 1780 20 34 å
1609 1777 44 37 de
1687 1777 292 49 överskjutande

382 1829 291 37 kvantiteterna.
729 1830 273 36 Lösesumman
1047 1829 96 36 skall
1187 1834 136 44 utgöra
1369 1831 47 35 25
1463 1832 146 47 gånger
1649 1829 145 37 hälften
1827 1843 47 23 av
1907 1829 68 37 den

383 1881 158 36 sålunda
581 1882 251 49 uppskattade
869 1881 286 37 medelvinsten.
1212 1881 225 37 Grunderna
1478 1882 59 36 för
1575 1881 243 48 inlösningen
1858 1881 120 36 finnas

382 1932 159 50 intagna
568 1933 60 50 18
659 1935 19 35 9
709 1947 46 23 av
786 1935 95 35 1907
913 1936 59 34 års
1000 1933 189 37 kontrakt.

512 1986 203 48 Begagnar
743 1991 122 31 staten
893 1985 81 37 icke
1002 1985 58 36 sin
1088 1986 250 48 lösningsrätt
1366 1986 72 36 den
1467 1988 46 34 31
1544 1985 197 37 december
1763 1987 108 45 1932,
1888 1991 91 42 äger

384 2043 123 31 staten
537 2037 196 37 enahanda
774 2037 250 48 lösningsrätt
1066 2037 70 36 den
1180 2040 44 33 31
1270 2037 196 37 december
1506 2040 108 34 1942.
1669 2037 74 36 För
1769 2037 211 49 beräkning

384 2102 46 24 av
483 2090 336 37 medelårsvinsten
865 2090 96 36 skall
1007 2089 46 37 då
1106 2090 134 49 läggas
1286 2090 54 36 till
1386 2090 124 49 grund
1555 2090 237 36 kvantiteten
1833 2103 46 23 av
1907 2089 72 37 den

383 2141 127 48 malm,
558 2156 80 23 som
685 2142 151 49 bolaget
880 2142 119 37 brutit
1045 2142 70 36 och
1157 2142 264 49 tillgodogjort
1456 2143 61 48 sig
1544 2142 118 36 under
1685 2142 294 48 tioårsperioden

385 2195 264 36 1928-1937.

510 2246 56 37 De
607 2246 163 48 skulder,
806 2246 551 37 Luossavaara-Kiirunavaara
1398 2245 214 49 aktiebolag
1653 2246 97 36 intill
1791 2248 38 34 år
1868 2248 110 45 1933,

382 2299 216 48 respektive
627 2302 40 32 år
697 2300 109 46 1938,
836 2301 60 33 må
923 2299 98 35 hava
1048 2298 148 49 ådragit
1216 2299 72 47 sig,
1305 2298 69 36 har
1395 2298 445 48 Grängesbergsbolaget
1860 2298 120 48 enligt
