2182 2660
397 204 17 26 6
626 201 104 29 Andra
757 200 200 29 Kammarens
984 197 172 37 Tillfälliga
1184 196 133 30 Utskotts
1341 193 71 40 (N:o
1436 193 37 35 2)
1503 191 160 31 Utlåtande
1687 191 55 29 N:o
1767 191 27 27 5.

561 293 11 13 »
580 276 201 33 Fördelarna
807 274 92 32 torde
925 273 117 32 endast
1067 283 78 22 vara
1169 273 43 41 på
1237 270 231 33 tillverkarnes
1492 268 61 32 och
1579 267 213 42 öltapparnes
1809 266 80 32 sida.
1929 266 73 31 Oliä-

397 324 206 43 genheterna
633 327 56 28 äro
714 321 88 40 flera,
829 320 61 32 och
916 321 109 30 såsom
1051 318 40 32 de
1116 320 102 30 större
1244 315 101 33 bland
1370 315 96 32 dessa
1490 313 93 33 torde
1607 312 81 33 böra
1712 310 195 34 framhållas
1933 311 69 32 dels

401 370 171 33 frestelsen
607 368 50 32 till
692 368 94 41 olaga
822 365 240 41 utskänkning,
1101 363 68 32 dels
1206 362 60 32 ock
1303 364 46 30 att
1386 363 45 30 ett
1466 358 222 42 öfverflödigt,
1721 358 52 31 för
1796 359 47 30 att
1868 358 28 42 ej
1924 361 79 38 säga

398 415 168 40 omåttligt
602 412 192 34 förtärande
829 412 35 31 af
900 409 224 43 maltdrycker
1162 410 137 41 främjas
1335 417 121 31 genom
1495 405 95 32 dessa
1613 403 78 32 med
1716 402 72 33 skäl
1813 403 36 31 så
1872 402 131 32 kallade

402 460 171 33 »rullande
609 459 184 42 ölkrogar»,
831 456 114 34 hvilka
970 459 120 29 stanna
1114 456 20 30 å
1170 459 134 36 vägarna
1329 452 136 32 utanför
1489 450 118 42 hvarje
1632 452 95 39 stuga
1752 447 62 33 och
1840 447 59 33 där
1923 447 80 33 söka

399 506 140 33 afbörda
575 505 50 42 sig
660 504 52 32 sin
747 514 89 28 vara,
873 503 9 30 i
918 503 123 40 många
1076 500 60 32 fall
1171 499 49 32 till
1251 508 166 34 personer,
1455 507 71 22 som
1551 495 70 33 helt
1643 495 84 33 visst
1750 504 124 22 annars
1898 493 106 32 skulle

400 552 152 33 undvara
576 550 194 43 dryckerna.
818 549 69 31 Där
911 550 102 30 större
1038 545 165 42 arbetslag
1227 549 56 27 äro
1308 542 148 34 samlade
1481 541 78 33 eller
1583 541 95 42 eljest
1699 551 40 21 en
1758 542 103 30 större
1878 538 125 43 mängd

400 608 158 34 personer
594 602 56 26 äro
686 594 170 39 tillstädes,
883 594 109 31 såsom
1017 591 56 35 vid
1098 591 176 32 auktioner
1297 601 43 20 m.
1367 600 55 27 m.,
1448 587 130 33 infinna
1602 586 50 43 sig
1676 590 104 39 gärna
1805 585 96 32 dessa
1925 585 80 32 ölut-

401 645 117 31 körare
553 642 60 32 och
651 641 91 32 finna
778 639 91 33 alltid
907 639 182 31 afnämare.
1138 637 52 31 Då
1221 636 165 42 ölvagnen
1411 643 152 34 passerar
1587 632 133 37 trakter,
1747 631 58 32 där
1830 633 46 29 ett
1900 630 103 32 flertal

401 689 150 32 arbetare
586 692 56 27 äro
678 686 191 43 sysselsatta
904 687 56 29 ute
992 685 44 40 på
1074 683 111 31 fälten,
1225 681 82 32 lärer
1343 682 28 41 ej
1410 679 105 32 sällan
1551 678 145 37 inträffa,
1722 679 48 29 att
1793 676 211 32 körsvennen

402 734 160 41 antingen
588 742 142 32 anropas
755 731 35 31 af
815 730 95 32 dessa
935 729 77 31 eller
1037 727 60 33 ock
1122 727 35 31 af
1181 736 82 32 egen
1290 725 80 32 drift
1395 727 136 29 stannar
1552 724 53 30 för
1621 725 48 29 att
1685 722 35 31 få
1737 721 129 31 tillfälle
1883 721 124 41 afyttra

402 780 53 32 sin
479 789 89 28 vara,
595 776 117 34 därvid
738 776 93 36 dock,
858 786 54 21 om
936 774 73 32 icke
1034 773 95 42 olaga
1153 771 231 41 utskänkning
1409 769 83 33 skall
1517 769 67 38 ske,
1611 768 28 42 ej
1667 766 131 33 mindre
1815 771 43 27 än
1878 767 39 31 10
1934 766 74 32 liter

403 826 53 42 (30
481 823 228 42 halfbuteljer)
734 822 35 31 få
792 821 165 42 försäljas.
999 819 112 32 Sällan
1136 817 93 32 torde
1255 816 83 33 dock
1364 814 250 43 arbetsstyrkan
1639 813 49 31 till
1712 812 124 32 antalet
1861 822 80 21 vara
1973 812 36 31 så

403 874 77 34 stor,
518 872 47 29 att
600 868 65 32 den
694 870 186 29 motsvarar
903 864 125 33 antalet
1051 863 231 42 halfbuteljer;
1320 872 78 21 men
1423 860 64 32 ölet
1512 859 83 32 skall
1620 857 212 42 naturligtvis
1859 857 148 36 förtäras,

403 916 60 33 och
496 916 142 31 förtäras
662 915 126 41 genast,
814 912 61 32 och
899 910 137 33 hvilken
1062 908 161 33 inverkan
1251 907 89 32 detta
1364 906 61 32 har
1449 907 42 41 på
1516 904 142 32 arbetets
1683 904 152 31 fortsatta
1861 903 90 41 gång
1975 906 35 27 är

403 962 38 41 ju
477 959 198 45 uppenbart.
724 957 267 42 Kringföringen
1026 955 35 31 af
1096 953 224 42 maltdrycker
1355 952 50 31 till
1440 950 162 43 afyttring
1638 954 36 26 är
1710 948 104 41 enligt
1848 947 76 32 mitt
1946 948 64 31 för-

405 1005 167 34 menande
596 1004 65 33 den
685 1005 86 31 form
797 1003 35 31 af
855 1001 249 42 försäljningar,
1130 1010 69 21 som
1226 998 131 32 medför
1382 996 40 33 de
1447 998 120 30 största
1583 994 259 42 olägenheterna
1859 992 62 33 och
1938 1003 71 21 som

405 1052 103 33 borde
532 1050 141 32 framför
697 1049 65 32 alla
785 1048 105 32 andra
914 1046 204 43 förbjudas.»

566 1112 243 42 Kronofogden
833 1111 10 32 i
867 1111 115 42 Tjusts
1006 1109 129 42 fögderi
1160 1110 122 40 yttrar:

569 1174 12 14 »
587 1158 98 32 Enda
708 1157 152 33 fördelen
884 1155 93 33 torde
1001 1165 89 28 vara,
1116 1157 48 29 att
1185 1152 185 41 ordentliga
1387 1160 168 33 personer,
1574 1159 71 22 som
1663 1149 10 31 i
1689 1148 149 32 hemmet
1855 1146 156 34 använda

407 1204 233 43 maltdrycker,
665 1205 82 30 utan
772 1200 188 33 nämnvärd
984 1199 142 33 kostnad
1152 1198 116 31 kunna
1293 1196 125 32 erhålla
1442 1195 95 32 dessa
1562 1192 176 33 hemförda
1762 1192 49 32 till
1835 1192 59 42 sig.
1937 1191 74 33 Olä-

408 1250 208 44 genheterna
652 1250 70 30 åter
746 1253 56 26 äro
827 1248 35 31 så
887 1247 123 41 många
1034 1244 59 33 och
1121 1245 36 31 så
1181 1246 97 35 stora,
1305 1245 48 29 att
1376 1239 256 44 kringföringen
1657 1239 35 31 af
1715 1236 225 43 maltdrycker
1963 1236 48 32 till

412 1294 197 44 försäljning
643 1294 10 31 i
690 1293 40 32 de
766 1293 93 31 flesta
887 1292 35 32 af
946 1290 180 43 fögderiets
1150 1288 141 33 socknar
1314 1286 113 33 blifvit
1451 1296 40 22 en
1516 1284 129 42 verklig
1668 1282 205 44 landsplåga.
1934 1282 79 32 lut-

410 1343 149 36 körarne,
585 1350 72 21 som
682 1340 34 31 af
740 1337 281 43 bryggeriägarne
1046 1335 124 32 erhålla
1194 1334 65 31 fria
1281 1333 114 31 hästar
1419 1331 61 32 och
1506 1340 136 32 vagnar,
1667 1328 153 43 uppbära
1843 1327 170 42 nämligen

409 1387 68 32 viss
501 1384 171 44 provision
696 1384 76 32 från
801 1385 10 29 I
842 1382 49 32 till
915 1384 19 30 2
959 1381 124 32 kronor
1115 1390 58 32 per
1200 1380 62 31 100
1286 1376 217 43 halfbuteljer
1527 1375 32 32 öl
1583 1374 60 33 och
1669 1374 114 32 arbeta
1806 1376 120 29 nästan
1950 1372 65 32 alla

409 1435 82 29 utan
526 1430 174 41 undantag
734 1430 44 41 på
813 1431 47 29 att
895 1426 183 44 uppdrifva
1113 1424 245 42 försäljningen
1392 1424 36 30 så
1452 1421 135 43 mycket
1611 1430 70 22 som
1708 1418 131 44 möjligt
1863 1421 80 29 utan
1967 1420 49 29 att

411 1478 86 31 fästa
531 1476 146 41 ringaste
706 1473 157 33 afseende
888 1472 56 33 vid
968 1470 168 34 huruvida
1160 1469 244 42 försäljningen
1430 1466 169 33 bedrifves
1623 1467 43 41 på
1690 1464 126 42 olofligt
1840 1466 72 29 sätt.
1962 1462 53 32 Så-

411 1522 103 32 lunda
548 1520 170 43 uppsökas
755 1518 93 33 alltid
884 1517 127 38 ställen,
1049 1516 58 32 där
1143 1514 254 42 folksamlingar
1432 1511 219 38 förekomma,
1689 1510 78 32 eller
1801 1509 130 42 platser,
1957 1507 60 33 där

412 1570 102 30 större
550 1566 114 32 skaror
699 1566 35 30 af
770 1564 149 31 arbetare
955 1567 56 26 äro
1047 1559 212 39 församlade,
1300 1560 109 30 såsom
1447 1557 54 32 vid
1537 1556 129 32 bruken
1703 1554 61 32 och
1789 1557 57 28 ute
1869 1556 20 29 å
1911 1553 103 32 fälten

412 1610 248 35 sommartiden.
709 1610 104 31 Dessa
849 1608 150 32 arbetare
1027 1606 111 32 lockas
1167 1605 60 31 lätt
1250 1614 67 32 nog
1341 1604 75 31 från
1442 1602 56 32 sitt
1521 1600 121 39 arbete,
1669 1599 60 33 och
1755 1599 73 32 icke
1853 1600 36 30 så
1912 1597 102 33 sällan

415 1656 186 34 föranledas
637 1656 35 31 af
695 1654 245 43 försäljningen
965 1652 72 32 icke
1061 1651 140 32 allenast
1230 1649 125 32 afbrott
1377 1648 11 31 i
1413 1647 134 38 arbetet,
1573 1648 83 29 utan
1679 1645 102 32 äfven
1805 1643 210 42 oordningar,

413 1714 53 20 om
491 1707 41 26 än
558 1701 72 32 icke
656 1702 36 30 så
715 1699 179 42 betydliga.
943 1698 48 31 På
1015 1697 170 31 allmänna
1210 1699 147 37 vägarna
1382 1692 162 32 anträffas
1568 1691 214 32 ölutkörarne
1807 1691 91 29 snart
1922 1688 96 42 sagdt

414 1746 163 38 öfverallt,
615 1745 62 32 och
712 1746 111 40 någon
860 1742 169 42 svårighet
1062 1744 106 29 möter
1202 1739 107 41 aldrig
1345 1741 46 29 att
1429 1738 33 30 få
1486 1737 87 42 köpa
1598 1734 225 43 maltdrycker
1846 1734 7 31 i
1880 1733 137 32 hvilken

413 1792 165 32 kvantitet
602 1801 72 22 som
697 1789 115 32 helst.»

577 1843 239 43 Kronofogden
841 1843 7 31 i
875 1842 112 32 Torna
1011 1841 59 32 och
1100 1840 82 31 Bara
1206 1838 122 33 härads
1352 1836 130 43 fögderi
1507 1835 157 33 skrifver:

577 1904 14 15 »
596 1889 164 33 Fördelen
784 1888 77 32 med
885 1886 212 42 kringföring
1121 1886 35 31 af
1179 1883 225 42 maltdrycker
1428 1887 36 26 är
1488 1881 75 38 den,
1589 1883 47 29 att
1661 1879 50 39 de,
1737 1890 71 21 som
1834 1878 81 41 vilja
1931 1877 87 42 köpa

415 1937 126 32 sådana
565 1935 149 43 drycker,
741 1936 29 41 ej
796 1933 104 32 hafva
923 1934 103 40 något
1049 1931 119 32 besvär
1191 1928 77 33 med
1285 1928 189 32 desammas
1491 1925 223 41 afhämtning.
1752 1923 269 42 Olägenheterna

416 1988 56 26 äro
497 1981 150 32 däremot
671 1980 89 32 flera.
798 1979 111 31 Oftast
932 1977 110 42 tillgår
1066 1977 45 37 så,
1137 1978 48 29 att
1209 1986 40 21 en
1268 1984 120 32 person
1406 1975 137 39 antages
1561 1972 108 31 såsom
1689 1970 180 42 bryggares
1886 1970 134 41 tjänste-

416 2028 83 43 bjon
535 2030 80 28 utan
653 2035 111 22 annan
791 2023 148 41 aflöning
963 2028 42 26 än
1029 2021 89 32 hvad
1144 2021 68 31 han
1236 2019 68 32 kan
1327 2018 148 42 förtjäna
1499 2018 44 41 på
1567 2014 244 43 ölförsäljning.
1860 2013 87 42 Själf
1969 2013 53 31 får

416 2073 69 31 han
509 2072 85 42 hyra
617 2070 88 32 lokal
730 2069 61 32 och
815 2068 90 32 hålla
930 2068 49 42 sig
1003 2066 76 32 med
1105 2065 152 42 lämpligt
1281 2063 120 33 åkdon.
1437 2062 14 32 I
1477 2061 125 33 dennes
1626 2061 140 31 intresse
1790 2064 37 26 är
1852 2058 55 32 det
1924 2060 48 29 att
1987 2058 35 31 få

418 2117 84 43 sälja
537 2118 36 30 så
607 2115 135 42 mycket
766 2125 69 21 som
862 2113 140 42 möjligt,
1028 2111 134 33 hvadan
1188 2110 60 32 ock
1273 2109 69 32 han
1365 2107 160 44 utbjuder
1549 2106 55 32 sitt
1628 2106 31 32 öl
1683 2105 50 32 till
1756 2114 168 33 personer,
1950 2113 70 21 som

418 2163 126 37 träffas,
571 2165 86 28 samt
682 2165 137 27 stannar
843 2160 43 41 på
910 2158 64 32 alla
998 2157 133 43 platser,
1158 2156 58 31 där
1233 2156 105 40 några
1355 2163 158 33 personer
1530 2151 135 32 samlats
1684 2150 78 32 eller
1778 2149 105 32 hafva
1900 2147 119 33 arbete.

420 2207 111 33 Sådan
555 2206 213 42 kringföring
792 2205 60 31 har
876 2204 86 32 visat
986 2203 50 41 sig
1060 2213 80 22 vara
1163 2201 49 32 till
1236 2200 104 32 skada
1363 2199 53 32 för
1439 2197 179 43 nykterhet
1641 2195 63 33 och
1726 2194 154 42 ordning,
1899 2193 41 32 då
1958 2193 63 32 den

419 2252 181 33 arbetande
623 2250 239 41 befolkningen
889 2251 29 39 ej
946 2247 117 33 endast
1087 2246 147 40 ständigt
1254 2250 36 26 är
1306 2245 7 31 i
1333 2243 129 33 tillfälle
1479 2245 48 29 att
1541 2241 164 32 förskaffa
1722 2241 50 39 sig
1788 2238 232 42 maltdrycker,

421 2302 79 28 utan
538 2297 99 32 äfven
673 2295 143 32 förledes
853 2297 47 28 att
929 2292 198 41 inmundiga
1152 2301 88 21 mera
1267 2290 95 31 däraf
1386 2294 42 26 än
1454 2288 95 42 eljest
1573 2285 108 33 skulle
1705 2286 114 31 skett.»
