1912 2814
570 170 275 28 Bankoutskottets
865 168 161 28 memorial
1045 168 44 26 Nr
1109 168 46 26 62.
1569 161 39 30 13

120 255 77 31 som
227 262 122 31 genom
380 251 332 33 överenskommelse
743 250 127 31 mellan
900 248 214 39 fullmäktige
1145 247 9 30 i
1185 246 327 39 riksgäldskontoret
1541 244 64 30 och

118 306 387 42 generalpoststyrelsen
532 305 106 31 varda
665 303 203 32 fastställda.

167 362 67 31 För
263 360 194 31 beredande
486 369 42 20 av
559 358 110 31 medel
698 357 51 31 till
778 356 320 39 ifrågakommande
1130 353 250 39 utbetalningar
1409 353 19 30 å
1455 352 149 30 nämnda

123 415 111 31 kredit
258 415 80 38 äger
360 412 330 40 riksgäldskontoret
713 410 11 31 i
748 410 83 30 mån
855 420 41 20 av
920 409 110 31 behov
1054 408 182 30 verkställa
1261 405 188 40 upplåning
1473 406 44 38 på
1542 406 63 30 sätt

121 469 148 31 rörande
292 465 338 39 kassaförstärkning
650 464 36 31 åt
705 464 202 31 statsverket
928 464 159 37 stadgats.

167 523 29 30 3.
225 522 83 30 1915
336 520 55 31 års
421 520 139 38 riksdag
590 519 63 30 har
682 517 172 40 medgivit,
885 520 48 27 att
964 516 54 31 för
1047 516 94 38 varje
1172 493 229 53 centralkassa
1432 513 54 30 för
1515 512 89 40 jord-

119 575 232 35 brukskredit,
374 584 74 21 som
469 574 120 29 vinner
610 572 252 39 godkännande
883 570 78 30 från
982 571 55 29 det
1059 570 191 29 allmännas
1272 568 82 35 sida,
1378 568 143 30 svenska
1544 569 62 27 sta-

122 632 75 27 tens
225 627 226 40 obligationer
479 626 50 30 till
558 626 103 30 värde
690 635 41 20 av
764 624 137 35 100,000
931 623 127 30 kronor
1087 621 56 30 må
1174 621 77 30 från
1280 619 325 40 riksgäldskontoret

118 683 220 30 överlämnas
360 681 51 30 till
434 679 152 40 Sveriges
608 678 167 31 riksbank
796 680 50 28 att
866 687 40 21 av
929 677 112 30 denna
1063 675 189 31 innehavas
1274 674 112 31 såsom
1408 683 41 20 en
1472 681 132 31 gemen-

122 746 75 21 sam
227 738 83 37 pant
336 735 55 31 för
422 733 156 40 samtliga
608 733 275 31 centralkassans
913 730 235 34 förbindelser,
1179 729 77 30 med
1286 730 66 29 rätt
1382 727 53 31 för
1463 728 142 29 kassans

123 789 275 40 fordringsägare
424 791 49 28 att
499 788 158 30 använda
684 790 128 36 panten
838 785 51 31 till
915 785 168 31 täckande
1108 793 41 21 av
1176 783 73 31 sina
1277 781 202 40 fordringar,
1506 781 9 30 i
1542 782 63 29 den

123 843 83 31 mån
235 844 144 30 kassans
410 851 86 30 egna
525 841 190 39 tillgångar,
746 841 41 29 de
818 840 124 38 belopp
973 838 242 34 inberäknade,
1248 847 73 20 som
1352 835 43 39 på
1425 835 110 38 grund
1565 844 39 20 av

123 897 290 30 medlemmarnas
436 895 11 30 i
471 895 125 30 kassan
620 893 219 38 ansvarighet
863 892 54 31 för
940 893 74 29 dess
1039 890 225 31 förbindelser
1288 890 117 29 kunna
1430 888 77 30 från
1530 888 75 29 dem

121 953 182 32 uttaxeras,
333 949 114 30 därtill
478 948 71 30 visa
579 948 48 38 sig
656 946 236 38 otillräckliga,
923 946 64 30 och
1017 946 109 29 under
1154 944 134 35 villkor,
1318 947 48 27 att
1394 943 144 30 behovet
1568 951 40 20 av

124 1006 146 36 pantens
296 1002 219 39 tillgripande
544 1002 87 30 skall
660 1001 134 38 styrkas
824 1007 122 31 genom
975 999 94 38 intyg
1098 1008 41 20 av
1170 999 55 28 det
1253 997 137 30 ombud,
1422 1006 72 20 som
1524 995 85 29 skall

124 1056 183 32 förordnas
330 1055 55 31 för
406 1055 118 39 tillsyn
547 1056 80 29 över
653 1054 143 29 kassans
820 1051 227 35 verksamhet,
1071 1054 47 27 ait
1144 1049 223 39 medgivande
1392 1048 49 30 till
1465 1050 143 35 pantens

124 1110 229 31 användande
382 1109 88 31 skall
498 1109 134 29 lämnas
660 1117 41 20 av
732 1107 123 38 Kungl.
884 1105 118 39 Maj:ts
1027 1103 365 39 befallningshavande
1420 1102 9 29 i
1457 1103 55 29 det
1541 1102 66 33 län,

121 1166 66 29 där
206 1164 275 31 centralkassans
502 1162 139 39 styrelse
663 1161 63 30 har
745 1160 57 31 silt
822 1161 80 34 säte,
924 1158 119 32 därvid
1064 1158 109 30 tillika
1196 1158 95 30 skola
1312 1157 172 30 meddelas
1504 1155 103 30 erfor-

120 1217 133 39 derliga
274 1216 214 32 föreskrifter
506 1215 176 39 angående
703 1215 100 30 sättet
824 1214 54 30 för
898 1216 145 36 pantens
1062 1212 291 38 tillgodogörande
1374 1210 63 31 och
1459 1210 53 30 för
1534 1210 74 29 där-

125 1271 136 40 igenom
289 1271 150 30 influtna
469 1270 129 30 medels
628 1267 194 39 fördelning
852 1268 126 29 mellan
1008 1266 311 38 fordringsägarna,
1349 1268 48 27 att
1428 1263 180 38 riksgälds-

124 1325 160 31 kontoret
307 1323 246 40 ofördröjligen
575 1323 226 34 underrättas,
825 1321 44 31 då
892 1320 110 40 dylikt
1024 1319 225 39 medgivande
1272 1320 155 32 lämnats,
1452 1320 87 27 samt
1562 1320 47 27 att

125 1378 272 39 obligationerna
421 1376 120 32 därvid
565 1376 107 31 tillika
699 1375 10 31 i
733 1376 107 30 första
863 1375 95 30 hand
981 1373 204 39 hembjudas
1210 1372 326 39 riksgäldskontoret
1560 1370 49 30 till

125 1432 144 31 inlösen.

172 1486 29 30 4.
230 1487 82 29 1925
330 1485 54 31 års
401 1486 137 37 riksdag
554 1485 64 30 har
633 1483 173 39 medgivit,
822 1486 49 28 att
887 1482 77 31 från
982 1482 327 38 riksgäldskontoret
1325 1479 55 31 må
1395 1480 49 30 till
1462 1478 149 38 Sveriges

127 1539 166 31 riksbank
316 1539 215 31 överlämnas
555 1538 143 31 svenska
725 1540 128 28 statens
875 1535 223 39 obligationer
1121 1534 51 31 till
1196 1538 45 27 ett
1263 1535 122 37 belopp
1409 1542 41 21 av
1476 1531 136 36 100,000

126 1593 130 31 kronor
279 1596 59 32 att,
364 1593 62 29 där
449 1591 288 40 jordbrukskassa
763 1591 81 29 eller
869 1589 229 31 centralkassa
1125 1589 54 29 för
1203 1586 296 40 jordbrukskredit
1524 1586 10 29 i
1557 1594 55 20 av-

128 1647 123 30 seende
268 1646 16 30 å
305 1647 290 29 medlemmarnas
610 1653 125 22 ansvar
752 1644 55 30 för
823 1644 142 30 kassans
983 1642 225 31 förbindelser
1226 1642 145 29 beslutat
1387 1639 226 38 nedsättning,

127 1710 76 21 som
228 1699 225 40 möjliggjorts
477 1707 122 31 genom
624 1698 195 39 ändringar,
845 1697 92 30 vilka
962 1696 157 38 vidtagits
1145 1696 10 30 i
1180 1695 157 39 gällande
1360 1693 254 32 bestämmelser

127 1753 177 39 angående
331 1753 252 39 godkännande
611 1761 41 21 av
682 1752 95 38 dylik
806 1752 101 29 kassa
937 1750 76 30 från
1043 1750 56 30 det
1127 1750 192 29 allmännas
1349 1748 81 35 sida,
1460 1757 39 20 av
1530 1747 83 29 riks-

128 1808 137 30 banken
289 1807 177 30 användas
487 1806 50 31 till
558 1805 170 31 täckande
750 1814 42 21 av
815 1805 133 34 förlust,
972 1813 73 21 som
1068 1803 9 30 i
1101 1802 87 39 följd
1211 1812 41 20 av
1276 1801 258 38 nedsättningen
1558 1799 55 30 må

129 1862 89 29 hava
245 1860 164 39 tillfogats
436 1859 123 39 någon,
587 1868 84 26 som,
699 1858 44 30 då
769 1858 145 30 beslutet
940 1858 120 29 därom
1088 1856 247 38 registrerades,
1363 1855 83 38 ägde
1474 1854 140 29 fordran

132 1915 64 30 hos
229 1915 136 34 kassan,
398 1913 110 30 under
539 1912 126 30 villkor
696 1915 49 27 att
775 1911 187 30 förlustens
992 1909 184 38 anledning
1211 1909 64 30 och
1310 1907 138 39 omfång
1483 1898 130 47 styrkes

128 1975 124 31 genom
282 1967 95 38 intyg
406 1976 43 20 av
478 1967 126 29 rättens
634 1965 232 30 ombudsman
895 1964 11 29 i
935 1964 142 29 kassans
1106 1963 154 30 konkurs
1291 1965 95 27 samt,
1416 1961 64 30 vad
1510 1960 104 38 angår

128 2021 243 34 centralkassa,
395 2019 129 39 jämväl
546 2028 42 21 av
613 2019 56 29 det
692 2018 175 30 allmänna
892 2017 139 35 ombud,
1058 2025 73 21 som
1157 2016 194 30 förordnats
1376 2017 47 28 att
1449 2014 130 37 deltaga
1605 2013 9 29 i

129 2074 254 38 förvaltningen
398 2082 43 21 av
454 2072 245 35 konkursboet,
716 2075 49 27 att
780 2070 225 39 medgivande
1021 2069 50 31 till
1088 2069 285 38 obligationernas
1390 2067 226 31 användande

131 2128 87 30 skall
242 2128 134 29 lämnas
402 2135 42 21 av
468 2126 242 38 länsstyrelsen
735 2124 11 30 i
771 2125 56 30 det
851 2124 68 35 län,
946 2124 61 30 där
1032 2123 143 30 kassans
1201 2123 138 37 styrelse
1367 2122 61 29 har
1454 2121 55 31 sitt
1535 2122 79 33 säte,

124 2183 49 29 att
193 2179 121 32 därvid
334 2179 110 31 tillika
465 2179 95 30 skola
581 2178 173 30 meddelas
775 2177 220 38 erforderliga
1016 2176 213 31 föreskrifter
1248 2175 174 39 angående
1444 2176 97 29 sättet
1562 2174 52 30 för

129 2234 181 38 behövliga
339 2233 241 39 obligationers
610 2231 302 39 tillgodogörande,
942 2233 49 28 att
1016 2230 327 38 riksgäldskontoret
1373 2227 242 39 ofördröjligen

130 2288 87 30 skall
244 2288 226 34 underrättas,
498 2285 44 31 då
568 2285 110 39 dylikt
704 2284 226 39 medgivande
956 2284 143 35 lämnas,
1127 2287 49 27 att
1202 2282 268 38 obligationerna
1496 2280 119 31 därvid

124 2339 110 31 tillika
257 2340 10 30 i
290 2340 107 30 första
419 2340 95 30 hand
536 2339 97 30 skola
655 2337 206 39 hembjudas
884 2337 327 38 riksgäldskontoret
1232 2336 50 31 till
1304 2336 130 30 inlösen
1457 2337 88 27 samt
1568 2337 47 26 att

130 2394 214 39 utbetalning
361 2393 51 32 till
431 2394 119 30 kassas
568 2392 274 38 fordringsägare
860 2400 41 21 av
920 2390 54 31 för
992 2389 225 40 obligationer
1234 2389 147 31 influtna
1400 2388 109 31 medel
1529 2386 86 32 skall

128 2448 202 31 verkställas
351 2455 123 32 genom
495 2445 426 38 konkursförvaltningens
944 2444 141 38 försorg.

175 2502 29 30 5.
230 2502 115 38 Enligt
372 2500 225 39 medgivande
624 2509 42 21 av
698 2499 81 30 1922
808 2497 56 32 års
891 2498 137 38 riksdag
1055 2497 127 38 åligger
1208 2498 55 29 det
1291 2496 326 38 riksgäldskontoret
