2179 2736
443 205 17 28 2
890 207 259 39 Lag-Utskottets
1176 208 168 34 Utlåtande
1366 211 58 32 N:o
1446 214 51 29 27.

400 282 180 33 Utskottets
610 285 136 40 mening,
781 296 38 20 en
850 285 115 43 lycklig
987 288 128 43 lösning
1138 292 35 30 af
1192 291 111 41 frågan
1328 292 111 32 vinnas
1465 292 113 33 endast
1604 305 114 29 genom
1742 306 39 21 en
1805 295 201 42 öfvergångs-

399 333 211 42 lagstiftning,
634 346 67 21 som
726 336 163 41 medgåfve
917 341 311 39 stängselvitsordets
1251 343 213 42 upphörande
1488 345 50 31 för
1561 344 38 33 de
1627 349 98 36 orter,
1754 347 57 32 der
1825 347 180 33 fördelarne

400 385 33 32 af
458 397 38 20 en
520 385 99 33 sådan
647 388 188 41 förändring
862 392 134 39 ansåges
1019 392 241 43 öfvervägande,
1290 406 71 21 men
1388 395 163 33 bibehölle
1574 397 151 41 gällande
1751 398 189 42 författning
1955 399 50 32 för

399 436 104 42 öfriga
525 437 89 33 delar
637 439 34 31 af
692 439 93 40 riket,
810 442 36 31 så
868 444 47 29 att
943 443 49 31 vid
1021 444 211 43 öfvergången
1261 446 54 33 det
1338 447 103 40 gamla
1466 447 103 33 blefve
1594 449 88 41 regel
1701 450 60 32 och
1781 450 54 32 det
1849 461 61 31 nya
1923 450 82 33 blott

398 488 164 42 undantag
585 490 58 32 och
668 491 104 33 tillika
794 492 8 31 i
827 492 149 34 afseende
1003 497 42 40 på
1068 496 182 34 hvarandra
1273 499 225 40 angränsande
1521 500 163 40 områden,
1709 501 51 32 för
1787 501 107 33 hvilka
1917 498 88 51 skilj-

399 540 109 42 aktiga
538 541 240 35 bestämmelser
808 545 135 32 rörande
971 548 366 43 stängselskyldigheten
1366 550 104 41 gälde,
1507 551 183 42 stadgades,
1715 556 48 29 att
1785 554 218 40 stängselvits-

400 592 57 32 ord
493 592 197 34 fortfarande
723 594 101 33 skulle
858 608 58 30 ega
945 609 81 21 rum.
1078 600 45 32 På
1151 600 93 34 dessa
1270 601 68 33 skäl
1363 602 59 32 och
1446 602 51 40 då,
1523 603 82 32 efter
1631 604 166 34 Särskilda
1823 605 180 33 Utskottets

398 643 215 43 uppfattning,
649 646 183 33 ändamålet
866 648 73 33 bäst
976 651 60 31 och
1065 652 126 32 säkrast
1219 653 103 33 skulle
1350 656 125 40 uppnås
1503 656 41 40 på
1567 655 54 32 det
1643 660 76 36 sätt,
1745 660 48 29 att
1817 668 39 22 en
1879 657 123 32 undan-

397 696 123 41 tagslag
547 697 11 31 i
585 698 129 40 angifna
737 699 96 42 syftet
861 699 100 34 blefve
985 702 123 41 stiftad,
1138 704 70 33 med
1232 705 113 41 Kongl.
1371 706 90 42 Maj:t
1475 706 199 34 förbehållen
1693 711 64 29 rätt
1775 711 48 30 att
1838 710 40 41 på
1893 709 109 32 veder-

397 747 142 33 hörande
579 749 178 41 landstings
794 752 237 42 framställning
1071 754 175 34 bestämma
1280 757 39 31 de
1348 758 164 38 områden,
1541 758 50 31 för
1627 759 107 31 hvilka
1761 771 38 20 en
1823 760 99 32 sådan
1951 761 51 39 lag

397 798 102 32 skulle
527 799 95 40 gälla,
651 800 169 33 förordade
846 802 174 41 Utskottet,
1045 808 48 29 att
1115 805 181 42 Riksdagen
1325 809 99 31 måtte
1452 808 125 33 besluta
1604 809 49 32 till
1674 810 114 41 Kongl.
1803 810 89 42 Maj:t
1904 809 98 34 aflåta

396 849 201 43 underdånig
632 850 165 35 skrifvelse
834 854 70 32 med
935 855 162 41 anhållan,
1124 857 54 33 det
1199 859 114 41 Kongl.
1339 859 89 43 Maj:t
1451 859 124 33 täcktes
1602 860 66 34 låta
1691 861 150 33 utarbeta
1868 862 60 32 och
1951 862 51 32 för

396 901 182 41 Riksdagen
613 902 176 43 framlägga
824 906 118 41 förslag
968 907 49 31 till
1044 908 98 32 sådan
1166 909 249 42 lagförändring,
1440 914 49 29 att
1511 911 55 32 det
1591 912 11 31 i
1629 913 113 40 Kongl.
1772 913 228 41 förordningen

397 952 61 32 den
490 955 36 30 21
565 953 178 34 December
773 958 93 37 1857,
892 968 50 22 om
966 968 90 31 egors
1080 959 152 34 fredande
1257 965 65 29 mot
1344 961 100 33 skada
1470 962 35 32 af
1523 973 123 23 annans
1670 964 147 42 hemdjur
1844 968 82 29 samt
1949 976 51 21 om

395 1004 324 42 stängselskyldighet
743 1007 154 42 stadgade
925 1010 260 41 stängselvitsord
1215 1015 97 30 måtte
1336 1014 146 41 upphöra
1505 1017 47 29 att
1574 1014 85 41 gälla
1679 1016 86 32 inom
1787 1016 53 32 det
1858 1012 140 50 område,

394 1055 114 41 Kongl.
545 1056 89 42 Maj:t
667 1057 83 32 efter
785 1059 246 43 framställning,
1065 1063 146 40 grundad
1245 1065 43 40 på
1326 1068 41 29 ett
1402 1066 41 43 af
1472 1066 165 32 ordinarie
1664 1066 163 42 landsting
1849 1068 75 32 med
1949 1069 51 31 två

396 1106 190 42 tredjedelar
623 1108 39 42 af
692 1109 38 32 de
768 1111 132 41 afgifna
932 1115 150 31 rösterna
1111 1114 120 38 fattadt
1266 1116 59 32 och
1361 1117 39 43 af
1422 1118 98 31 nästa
1544 1118 165 33 ordinarie
1736 1120 165 40 landsting
1928 1120 72 32 med

398 1158 85 41 dylik
508 1161 229 40 röstöfvervigt
764 1162 153 32 vidhållet
945 1164 113 40 beslut,
1082 1165 98 32 funne
1207 1166 68 32 skäl
1299 1167 185 33 bestämma.

528 1210 96 33 Detta
648 1211 202 34 betänkande
874 1213 69 33 blef
967 1215 34 33 af
1020 1216 108 33 Andra
1150 1217 192 34 Kammaren
1370 1219 179 41 godkändt;
1579 1221 165 32 hvaremot
1766 1222 114 32 Första
1902 1223 96 31 Kam-

395 1271 107 21 maren
537 1262 47 31 uti
621 1262 320 44 skrifvelseförslaget
969 1266 167 33 beslutade
1160 1268 61 32 den
1249 1270 146 41 ändring,
1419 1274 49 29 att
1489 1272 104 32 såsom
1617 1271 101 33 vilkor
1746 1272 49 32 för
1821 1272 177 43 landstings

393 1311 191 41 befogenhet
629 1317 47 28 att
716 1314 57 32 hos
813 1316 113 41 Kongl.
965 1318 89 41 Maj:t
1096 1322 73 37 göra
1210 1320 237 42 framställning
1485 1332 51 21 om
1570 1323 313 41 stängselvitsordets
1919 1335 79 31 upp-

395 1363 141 32 hörande
576 1364 48 31 för
662 1366 105 39 någon
804 1367 61 31 viss
902 1372 61 35 ort,
996 1369 102 32 skulle
1128 1370 160 33 erfordras
1310 1372 136 33 allenast
1475 1375 41 30 ett
1542 1373 114 33 sådant
1683 1374 83 41 tings
1794 1375 49 31 vid
1866 1375 131 40 lagtima

395 1417 83 29 möte
507 1415 109 31 derom
640 1416 122 33 fattade
788 1417 115 33 beslut.
950 1420 14 31 f[
992 1420 53 32 det
1068 1422 174 39 memorial,
1272 1423 163 33 Utskottet
1458 1424 48 32 för
1533 1425 308 42 sammanjemkning
1855 1426 34 32 af
1900 1427 97 32 Kam-

394 1476 109 20 rarnes
526 1465 183 42 skiljaktiga
734 1469 165 40 meningar
922 1471 98 41 afgaf,
1044 1471 180 33 hemstälde
1249 1473 175 41 Utskottet,
1449 1478 47 29 att
1520 1475 59 32 den
1606 1476 187 41 ifrågasatta
1809 1477 186 33 skrifvelsen

393 1517 98 30 måtte
519 1517 122 32 erhålla
667 1518 54 32 det
744 1519 192 33 förändrade
959 1522 155 40 innehåll,
1139 1527 48 28 att
1202 1524 482 43 framställning
1454 1513 19 58 i
1491 1524 193 43 omförmälda
1698 1527 180 33 hänseende
1895 1529 102 31 skulle

394 1566 31 32 få
457 1568 139 39 grundas
632 1570 41 40 på
705 1572 40 29 ett
771 1571 34 31 af
833 1572 161 33 ordinarie
1021 1573 163 42 landsting
1213 1575 107 33 derom
1344 1577 74 32 med
1444 1578 53 31 två
1524 1578 195 41 tredjedelar
1747 1579 39 42 af
1809 1580 36 32 de
1870 1581 126 41 afgifna

392 1621 152 29 rösterna
581 1620 119 32 fattadt
736 1621 119 40 beslut;
895 1635 70 20 men
993 1625 89 31 detta
1115 1625 128 42 förslag,
1277 1637 66 22 som
1378 1628 113 32 Första
1527 1629 192 32 Kammaren
1747 1634 106 38 antog,
1879 1631 67 32 blef
1964 1632 34 31 af

394 1669 107 32 Andra
523 1670 193 33 Kammaren
739 1673 144 40 ogilladt.

525 1721 60 32 Vid
621 1722 172 41 riksdagen
821 1726 36 30 år
888 1728 78 30 1875
1000 1726 128 33 väcktes
1152 1729 70 31 åter
1248 1728 120 42 förslag
1389 1730 11 31 i
1423 1734 109 28 ämnet
1554 1731 60 32 och
1636 1731 248 41 Lag-Utskottet
1908 1734 85 31 hem-

392 1771 102 32 stälde
528 1772 50 39 då,
618 1776 48 29 att
704 1774 180 42 Riksdagen
925 1777 72 31 ville
1032 1778 9 30 i
1069 1778 200 42 underdånig
1303 1780 164 33 skrifvelse
1490 1781 140 40 anhålla,
1656 1783 53 31 det
1731 1784 122 32 täcktes
1877 1781 113 50 Kongl.

392 1822 88 42 Maj:t
507 1822 65 33 låta
596 1824 147 32 utarbeta
770 1826 59 32 och
857 1826 49 32 för
928 1827 180 42 Riksdagen
1133 1829 176 42 framlägga
1335 1831 119 42 förslag
1480 1833 49 31 till
1557 1833 97 32 sådan
1677 1834 249 42 lagförändring,
1946 1839 49 29 att

392 1873 53 32 det
478 1874 11 31 i
530 1873 204 35 oftaberörda
774 1877 114 41 Kongl.
928 1878 185 42 förordning
1153 1881 151 41 stadgade
1337 1884 261 39 stängselvitsord
1633 1887 99 30 måtte
1772 1887 147 41 upphöra
1945 1890 48 29 att

391 1924 84 40 gälla
497 1925 85 32 inom
611 1926 53 32 det
686 1928 140 40 område,
851 1929 114 41 Kongl.
989 1931 100 42 Maj:t,
1118 1933 81 30 efter
1220 1932 246 43 framställning,
1496 1935 145 40 grundad
1668 1938 43 40 på
1737 1941 46 28 ett
1807 1940 39 41 af
1861 1939 131 31 ordina-

389 1976 48 31 rie
465 1975 165 43 landsting
649 1978 130 41 fattadt
802 1980 59 32 och
887 1983 32 38 af
946 1984 94 30 nästa
1066 1983 164 32 ordinarie
1257 1984 164 43 landsting
1443 1986 72 32 med
1537 1987 53 31 två
1618 1988 191 40 tredjedelar
1834 1989 38 40 af
1892 1990 37 31 de
1941 1989 51 40 af-

390 2026 93 42 gifna
504 2030 150 31 rösterna
680 2030 155 32 vidhållet
862 2031 114 40 beslut,
1001 2033 98 32 funne
1121 2033 69 32 skäl
1212 2034 185 35 bestämma.

523 2078 113 34 Denna
660 2080 190 34 hemställan
873 2083 184 40 godkändes
1080 2084 34 33 af
1134 2085 114 33 Första
1270 2087 202 40 Kammaren,
1503 2100 74 22 men
1600 2089 66 32 blef
1684 2090 71 32 utaf
1773 2091 108 32 Andra
1895 2092 96 32 Kam-

392 2138 108 23 maren
527 2129 151 43 afslagen.

522 2180 50 33 Då
598 2182 135 33 sålunda
756 2186 111 30 trenne
891 2187 41 39 på
955 2185 86 33 olika
1062 2189 65 29 sätt
1149 2186 153 35 affattade
1329 2190 275 42 framställningar
1627 2191 47 32 till
1698 2192 158 33 vinnande
1879 2193 36 33 af
1937 2193 54 33 det

388 2230 144 41 åsyftade
570 2233 184 32 ändamålet
781 2254 40 4 —
848 2237 226 40 upphäfvande
1109 2238 78 32 eller
1221 2240 232 43 inskränkning
1475 2241 35 32 af
1530 2243 296 40 stängselvitsordet
1848 2263 49 5 —
1924 2245 67 32 helt

391 2281 123 42 nyligen
555 2283 102 33 blifvit
695 2285 120 41 gjorda,
854 2297 69 22 men
958 2289 26 39 ej
1015 2287 121 43 lyckats
1160 2290 94 32 vinna
1276 2292 198 41 Riksdagens
1497 2292 88 33 bifall
1610 2297 82 29 samt
1717 2297 97 38 några
1838 2307 61 31 nya
1926 2296 62 32 för-
