1924 2848
498 177 417 38 Bevillningsutskottets
943 176 225 32 betänkande
1193 175 53 32 Nr
1271 174 29 31 4.
1589 173 19 31 3

145 259 122 31 arbete
284 260 40 28 är
344 256 211 36 tillämpligt
572 255 86 31 eller
675 255 251 30 betarbetaren
942 254 103 36 eljest
1063 264 46 21 av
1128 252 205 33 betodlaren
1351 252 154 31 erhåller
1523 251 126 31 ersätt-

145 310 88 36 ning
260 308 111 36 enligt
396 308 43 31 de
466 307 11 30 i
505 305 311 32 kollektivavtalet
840 305 174 36 stadgade
1039 304 264 32 bestämmelser
1329 323 40 4 —
1394 303 175 36 iakttaga,
1594 303 54 30 att

145 361 100 36 lägre
265 359 202 37 ersättning
485 359 33 36 ej
541 358 181 32 betalades
743 360 46 28 än
809 357 98 31 vissa
925 357 184 31 bestämda
1129 356 142 31 ackord.
1312 355 66 32 Om
1398 355 251 31 betarbetaren

144 412 79 32 icke
248 411 130 32 erhölle
402 410 203 36 ersättning
631 409 115 37 enligt
769 409 117 31 denna
910 408 255 36 bestämmelse,
1189 407 114 31 skulle
1328 406 206 32 betodlaren
1559 415 90 22 vara

144 464 133 37 pliktig
296 464 63 35 att,
374 463 68 31 där
460 463 73 30 han
552 462 32 36 ej
602 461 97 32 inom
715 460 73 32 viss
806 471 45 20 av
870 461 138 30 statens
1026 459 257 32 sockernämnd
1302 459 163 35 förelagd
1485 458 51 32 tid
1556 459 92 35 styr-

145 515 63 31 ker
235 516 55 35 sig
315 514 93 32 hava
436 514 58 31 till
520 513 251 32 betarbetaren
798 512 136 32 betalat
957 512 71 32 vad
1054 522 74 21 som
1156 511 99 36 felas,
1281 511 91 31 efter
1398 510 178 31 anmodan
1602 519 47 21 av

143 567 190 36 nämnden,
355 566 129 36 utgiva
507 566 51 30 ett
579 564 136 37 belopp,
737 564 252 31 motsvarande
1013 563 67 32 den
1104 562 142 32 felande
1269 562 246 36 ersättningen
1537 561 111 36 jämte

144 619 19 30 35
188 619 145 36 procent
357 618 94 36 årlig
475 619 105 29 ränta
603 617 99 36 därå,
727 618 54 30 att
804 626 46 21 av
873 616 178 31 nämnden
1076 615 208 36 disponeras
1307 614 113 36 enligt
1444 624 46 21 av
1514 613 134 36 Kungl.

144 669 112 37 Maj:t
280 669 206 32 meddelade
512 668 236 32 föreskrifter.
769 687 40 4 —
833 668 18 30 I
876 677 138 21 samma
1040 666 217 32 förbindelse
1280 666 65 31 har
1370 666 114 31 under
1510 664 17 36 $
1552 666 18 29 2
1596 664 51 31 in-

145 721 112 36 tagits
278 722 50 30 ett
349 720 213 37 ytterligare
583 720 180 35 åtagande
786 720 82 30 från
890 719 191 35 betodlare,
1103 728 74 21 som
1198 718 130 30 önskar
1349 717 139 31 erhålla
1510 718 58 31 det
1589 725 58 28 ga-

143 772 191 33 ranterade
358 771 254 37 minimipriset
637 773 21 30 å
680 771 109 36 betor,
812 770 182 37 nämligen
1018 772 54 29 att
1096 770 57 30 till
1178 770 174 30 täckande
1377 779 46 20 av
1446 768 201 35 kostnader,

145 835 76 21 som
246 825 134 30 statens
404 824 259 31 sockernämnd
690 823 67 30 har
783 823 54 30 att
864 822 169 36 bestrida,
1057 821 57 31 till
1140 821 178 31 nämnden
1345 820 149 36 erlägga
1518 830 42 21 en
1588 830 59 21 av-

145 877 72 36 gift
234 887 46 20 av
297 875 96 32 intill
412 876 19 30 2
450 876 130 30 kronor
600 875 39 30 50
657 877 59 28 öre
736 874 55 31 för
810 874 102 36 varje
931 874 165 36 uppmätt
1116 873 127 31 hektar
1263 883 45 20 av
1329 872 165 32 odlarens
1512 872 136 32 socker-

144 927 201 36 betsodling
365 927 88 31 1934.
491 926 124 37 Enligt
638 925 241 32 förbindelsen
900 926 59 31 må
980 925 174 36 avgiften,
1174 924 139 32 vilkens
1334 927 167 28 närmare
1522 924 126 35 belopp

145 979 197 31 fastställes
359 989 45 21 av
425 978 135 36 Kungl.
580 978 120 36 Maj:t,
721 979 46 35 på
784 977 197 31 nämndens
1001 977 158 36 begäran
1178 976 201 31 innehållas
1400 977 21 30 å
1442 975 206 32 betodlaren

144 1030 269 32 tillkommande
433 1030 184 31 betlikvid.
655 1030 52 30 De
727 1037 124 28 genom
869 1039 46 20 av
933 1028 209 36 avgifterna
1161 1028 162 31 erhållna
1341 1027 140 31 medlen
1500 1029 72 34 äro,
1590 1036 57 21 en-

144 1081 70 38 ligt
237 1082 71 31 vad
335 1081 392 37 departementschefen
756 1080 212 37 framhållit,
992 1080 158 31 avsedda
1178 1080 53 30 att
1259 1078 112 37 enligt
1400 1080 166 29 närmare
1592 1078 55 31 be-

144 1133 223 31 stämmande
392 1143 46 21 av
466 1133 133 36 Kungl.
626 1132 111 36 Maj:t
764 1132 186 31 användas
979 1132 55 30 för
1059 1131 176 31 täckande
1263 1141 44 20 av
1333 1130 77 32 dels
1438 1130 139 31 hälften
1601 1140 47 20 av

143 1184 242 32 kostnaderna
412 1185 57 30 för
494 1183 304 32 sockernämnden
823 1202 41 4 —
888 1183 72 31 den
985 1183 115 31 andra
1126 1182 141 31 hälften
1293 1191 102 22 avses
1421 1183 55 29 att
1503 1181 144 37 jämlikt

143 1236 206 36 åtaganden
372 1236 11 31 i
412 1235 372 37 förslagskontrakten
810 1233 177 33 bestridas
1013 1245 45 20 av
1084 1234 41 31 de
1152 1234 93 31 båda
1270 1232 376 33 sockerfabriksaktie-

144 1287 151 36 bolagen
316 1306 40 4 —
378 1287 75 32 dels
480 1287 64 31 ock
567 1286 98 31 vissa
691 1286 200 36 kostnader,
915 1295 76 22 som
1015 1285 229 37 betodlingen
1268 1285 13 31 i
1307 1293 124 28 gemen
1456 1285 72 30 kan
1551 1284 96 31 hava

143 1347 98 27 gagn
265 1349 54 21 av.
362 1339 18 31 I
407 1338 248 32 förstnämnda
680 1338 173 31 avseende
877 1338 67 31 har
971 1338 58 31 det
1055 1336 176 32 förefallit
1256 1336 391 37 departementschefen

143 1389 150 38 rimligt,
319 1391 54 30 att
400 1388 486 37 förvaltningskostnaderna
915 1389 57 31 för
998 1388 359 36 sockerregleringen,
1385 1388 12 30 i
1425 1388 113 31 likhet
1566 1388 80 31 med

142 1442 73 31 vad
235 1451 73 21 som
329 1441 94 31 skett
445 1442 13 30 i
482 1441 105 36 fråga
608 1451 56 21 om
687 1440 123 36 mjölk-
831 1441 65 30 och
919 1439 363 37 köttregleringarna,
1305 1439 126 36 gäldas
1454 1450 45 20 av
1520 1440 125 30 intres-

141 1493 169 30 senterna
327 1492 128 36 själva.
493 1492 81 31 Vad
592 1493 115 35 angår
728 1491 277 36 avgiftsmedlen
1024 1491 55 30 för
1098 1490 98 31 vissa
1215 1491 201 36 kostnader,
1435 1500 74 22 som
1528 1491 117 31 betod-

142 1542 125 38 lingen
287 1544 12 30 i
319 1552 125 28 gemen
463 1543 72 31 kan
553 1543 94 31 hava
668 1551 96 27 gagn
783 1553 54 25 av,
856 1542 66 31 har
939 1542 63 31 vid
1024 1542 324 36 förhandlingarna
1367 1542 98 30 inför
1486 1543 159 35 departe-

142 1594 243 32 mentschefen
401 1604 47 21 av
465 1594 175 36 styrelsen
658 1594 56 31 för
734 1593 134 32 Skånes
885 1593 200 32 betodlares
1102 1592 304 37 centralförening
1423 1594 79 31 med
1519 1593 128 37 styrka

143 1646 188 31 framförts
353 1646 220 30 önskemålet
596 1646 54 30 att
674 1653 125 28 genom
821 1654 43 21 en
889 1644 120 37 avgift
1033 1645 82 30 från
1139 1644 100 31 alla
1261 1645 180 31 betodlare
1467 1645 96 31 inom
1585 1645 61 31 det

143 1697 230 37 geografiska
393 1697 161 31 området
572 1697 56 31 för
647 1695 371 37 centralföreningens
1036 1696 228 31 verksamhet
1284 1696 136 31 erhålla
1440 1696 127 37 bidrag
1589 1695 57 33 till

141 1749 241 31 kostnaderna
400 1749 56 31 för
476 1748 230 36 föreningens
722 1747 155 31 kontroll
892 1748 63 31 vid
971 1747 321 32 betleveranserna.
1327 1748 139 31 Därvid
1484 1748 65 30 har
1567 1748 78 31 åbe-

141 1800 134 36 ropats,
294 1801 52 30 att
363 1799 283 36 ifrågavarande
665 1799 156 31 kontroll
840 1799 139 31 komme
997 1798 169 37 samtliga
1186 1799 122 36 dylika
1327 1799 122 31 odlare
1470 1799 56 31 till
1545 1799 100 36 godo.

142 1852 82 31 Vad
238 1853 112 35 angår
367 1851 210 32 betodlarna
592 1851 98 31 inom
707 1851 41 31 de
765 1850 297 36 fabriksdistrikt,
1079 1860 74 21 som
1165 1850 33 36 ej
1212 1851 143 30 beröras
1367 1861 47 20 av
1426 1850 136 32 Skånes
1573 1852 72 31 bet-

142 1904 140 31 odlares
306 1902 324 36 centralförenings
655 1901 237 37 verksamhet,
916 1901 96 32 hava
1036 1901 205 36 inflytande
1264 1902 252 36 avgiftsmedel
1543 1904 102 35 synts

140 1953 394 37 departementschefen
556 1954 95 35 böra,
674 1954 12 30 i
705 1953 70 31 den
796 1954 83 29 mån
898 1953 45 31 de
964 1952 33 37 ej
1020 1952 112 37 enligt
1156 1953 415 37 pro-rata-parte-regeln
1594 1956 50 28 ta-

142 2013 65 28 gas
227 2006 13 30 i
262 2005 157 36 anspråk
442 2004 57 31 till
519 2004 174 32 täckande
715 2013 45 21 av
781 2004 242 31 kostnaderna
1046 2004 56 30 för
1123 2004 312 37 sockernämnden,
1459 2006 185 31 användas

142 2056 57 31 för
222 2058 56 30 att
301 2056 96 32 inom
422 2055 200 37 respektive
646 2054 288 32 fabriksdistrikt
958 2054 133 36 främja
1117 2056 109 35 något
1252 2059 219 33 gemensamt
1495 2056 149 32 intresse

143 2108 57 31 för
227 2108 209 32 betodlarna
464 2107 196 37 därstädes,
686 2108 116 30 såsom
828 2106 157 31 kontroll
1012 2107 61 31 vid
1102 2107 273 37 betleveranser,
1403 2108 241 31 försöksverk-

141 2160 140 31 samhet
302 2161 45 35 på
370 2158 372 36 sockerbetodlingens
765 2158 142 31 område
931 2157 86 32 eller
1039 2158 127 36 dylikt.

179 2209 545 36 Sockerfabriksaktiebolagens
767 2208 202 37 åtaganden
1010 2209 114 36 enligt
1167 2210 374 36 kontraktsförslagen
1576 2211 70 31 för-

140 2262 138 30 utsätta
297 2281 39 3 —
358 2262 77 30 icke
457 2260 135 35 endast,
614 2270 75 21 som
715 2270 57 26 nu,
793 2261 54 30 att
869 2260 88 36 inga
977 2260 198 36 ändringar
1198 2261 111 31 under
1331 2261 217 31 avtalstiden
1570 2262 76 31 vid-

142 2314 105 34 tagas
273 2311 229 32 beträffande
533 2311 165 37 gällande
728 2311 183 31 tullsatser
939 2313 22 29 å
991 2312 195 30 raffinerat
1216 2312 86 31 eller
1329 2313 218 31 oraffinerat
1576 2323 72 21 soc-

141 2363 65 30 ker
226 2363 85 30 eller
331 2364 20 29 å
370 2362 130 32 melass
518 2382 39 3 —
576 2364 88 29 utan
684 2365 91 28 även
798 2364 53 29 att
871 2363 94 30 accis
986 2363 111 30 under
1119 2363 113 35 sagda
1250 2363 51 30 tid
1323 2364 32 35 ej
1377 2364 135 31 införes
1534 2365 20 29 å
1575 2375 72 20 soc-

141 2414 73 31 ker.
