1868 2844
314 158 19 30 2
623 154 423 36 Bevillningsutskottets
1074 152 224 32 betänkande
1326 152 52 31 Nr
1405 152 28 30 4.

272 234 175 37 odlingen.
464 234 121 31 Under
602 234 87 30 åren
705 232 78 31 1930
798 232 63 31 och
874 231 78 31 1931
964 231 91 31 hade
1069 231 101 30 dessa
1182 228 250 37 stödåtgärder
1446 228 136 31 formen
1594 238 46 20 av
1651 227 121 32 direkt

271 286 222 31 subvention.
509 282 50 33 Är
577 284 78 31 1932
672 283 167 36 övergick
854 292 84 21 man
957 283 12 30 i
985 281 158 37 enlighet
1159 281 80 31 med
1256 290 44 21 av
1318 280 193 36 riksdagen
1527 280 111 30 fattat
1655 279 117 32 beslut

274 336 109 37 (prop.
407 347 43 20 nr
472 336 53 35 76;
546 335 252 32 bevilln.-utsk.
820 333 225 32 betänkande
1065 343 42 20 nr
1129 333 52 35 10;
1207 332 41 31 R.
1270 332 69 30 skr.
1361 341 43 21 nr
1427 330 52 36 46)
1505 330 56 31 till
1583 340 43 21 en
1649 339 122 22 annan

271 388 91 31 form
384 388 56 31 för
463 387 250 36 stödåtgärder
739 387 38 30 åt
801 384 378 36 sockerbetsodlingen.
1223 384 19 30 I
1267 383 188 31 huvudsak
1480 382 148 31 innebar
1654 382 117 31 denna

269 449 72 26 nya
364 439 165 36 ordning,
551 440 52 29 att
626 438 42 31 de
692 438 93 31 båda
807 434 514 36 sockerfabriksaktiebolagen
1344 434 56 31 för
1423 433 100 31 tiden
1545 433 38 31 23
1608 432 162 33 februari

270 490 155 31 1932—928
447 490 160 31 februari
627 488 78 31 1933
726 487 286 33 tillförsäkrades
1032 487 198 30 ensamrätt
1248 485 55 31 till
1323 485 149 31 införsel
1492 495 45 21 av
1555 485 121 31 socker
1696 485 74 30 mot

270 542 58 31 det
352 543 54 29 att
430 542 150 35 bolagen
604 539 115 37 enligt
744 541 164 29 närmare
932 537 264 32 bestämmelser
1222 537 12 30 i
1260 536 170 31 kontrakt
1451 537 69 31 den
1543 537 38 29 22
1607 535 163 33 februari

269 593 76 31 1932
369 593 80 31 med
475 593 118 30 staten
617 591 176 31 förbundo
818 590 54 36 sig
899 590 55 30 att
978 589 63 32 vid
1064 588 108 37 inköp
1199 599 45 20 av
1270 588 97 31 betor
1390 588 65 31 och
1482 588 216 36 försäljning
1723 598 46 20 av

269 645 119 31 socker
413 644 166 35 tillämpa
604 643 98 30 vissa
727 644 163 28 närmare
917 640 159 37 angivna
1101 640 116 36 priser
1245 639 63 31 och
1333 639 272 32 bestämmelser.

308 695 101 31 Efter
429 694 135 37 Kungl.
581 693 128 37 Maj:ts
728 693 134 36 förslag
880 692 112 32 beslöt
1010 691 77 31 1933
1106 693 60 29 års
1182 691 146 36 riksdag
1349 690 112 37 (prop.
1477 701 43 20 nr
1538 692 51 35 75;
1610 690 159 31 bevilln.-

268 747 90 31 utsk.
379 746 224 32 betänkande
623 755 44 21 nr
690 745 33 35 6;
747 745 40 30 R.
808 744 69 31 skr.
899 753 43 21 nr
965 742 64 37 53),
1052 744 54 29 att
1127 743 67 31 den
1216 751 123 27 genom
1363 742 77 31 1932
1463 743 59 30 års
1544 742 224 36 riksdagsbe-

268 799 71 30 slut
365 799 160 34 antagna
554 797 138 30 formen
719 796 56 30 för
801 795 249 36 stödåtgärder
1077 795 38 30 åt
1139 793 371 36 sockerbetsodlingen
1536 796 90 29 även
1652 793 115 32 skulle

267 850 139 30 komma
426 849 58 30 till
503 847 230 37 tillämpning
752 847 111 31 under
883 845 101 32 tiden
1001 846 17 29 1
1037 854 95 21 mars
1152 845 157 30 1933—28
1328 845 161 31 februari
1509 845 86 31 1934.
1634 845 134 31 Genom

267 902 62 30 två
346 901 12 30 i
378 900 161 36 enlighet
560 898 79 31 med
660 897 211 37 riksdagens
889 896 118 32 beslut
1026 896 131 31 mellan
1180 897 117 30 staten
1315 896 64 31 och
1399 896 151 37 bolagen
1568 896 68 31 den
1657 897 39 30 21
1717 907 51 21 re-

267 953 159 37 spektive
452 952 68 31 den
547 952 37 30 22
610 951 161 31 februari
798 950 76 31 1933
900 948 217 38 upprättade
1144 949 181 35 kontrakt,
1352 948 165 37 gällande
1545 950 56 30 för
1628 949 100 31 tiden
1752 950 18 29 1

266 1015 95 21 mars
386 1004 160 31 1933—28
573 1003 161 31 februari
761 1002 86 36 1934,
872 1002 83 31 blev
978 1001 60 32 det
1066 1001 237 37 garanterade
1327 1001 256 36 minimipriset
1608 1002 20 30 å
1653 1001 117 31 kross-

265 1058 111 36 melis,
398 1067 76 21 som
500 1057 12 30 i
536 1056 76 30 1932
635 1057 59 29 års
715 1055 172 31 kontrakt
911 1064 67 21 var
1000 1055 37 30 31
1060 1056 59 29 öre
1141 1064 65 26 per
1228 1053 189 37 kilogram,
1439 1053 105 32 sänkt
1565 1053 57 31 till
1645 1054 39 30 30
1708 1055 59 29 öre

267 1110 81 30 från
370 1110 65 30 och
458 1109 81 31 med
561 1108 66 31 den
651 1110 18 29 1
692 1108 80 37 juni
797 1107 85 32 1933.
915 1105 102 33 Även
1039 1106 58 31 det
1117 1106 211 31 betodlarna
1352 1105 236 37 garanterade
1611 1105 157 31 minimi-

264 1162 111 36 priset
402 1171 64 27 per
494 1161 140 31 deciton
663 1160 338 36 sextonprocentiga
1028 1159 100 31 betor
1157 1159 145 31 sänktes
1331 1167 125 28 genom
1489 1158 77 31 1983
1595 1159 59 30 års
1682 1158 84 31 kon-

265 1214 107 36 trakt,
397 1213 183 37 nämligen
605 1214 83 30 från
712 1214 19 29 2
753 1213 131 30 kronor
910 1212 38 31 30
974 1214 60 29 öre
1059 1211 57 31 till
1149 1212 9 30 2
1183 1211 132 31 kronor
1338 1211 38 31 25
1401 1213 70 29 öre.
1504 1210 165 31 Rörande
1696 1210 69 31 den

264 1269 165 28 närmare
459 1265 219 32 innebörden
707 1275 47 21 av
782 1265 77 31 1933
890 1266 60 30 års
979 1263 252 37 stödåtgärder
1259 1264 58 30 må
1349 1263 171 31 hänvisas
1549 1263 56 30 till
1635 1262 130 31 omför-

265 1319 119 31 mälda
408 1317 367 38 statsrådsprotokoll.
798 1336 40 4 —
861 1317 103 32 Båda
989 1316 151 37 bolagen
1166 1317 96 30 hava
1288 1315 187 37 förklarat,
1501 1316 53 30 att
1578 1325 42 21 en
1644 1315 13 30 i
1683 1315 86 30 kon-

264 1371 141 31 trakten
429 1371 81 31 med
535 1371 77 30 dem
636 1370 117 31 under
776 1370 18 31 6
816 1369 18 37 $
859 1370 149 36 intagen
1031 1368 246 32 bestämmelse
1301 1367 151 32 rörande
1476 1366 289 32 melassanvänd-

263 1424 86 36 ning
375 1424 100 36 finge
497 1424 40 30 så
560 1422 124 36 tolkas,
708 1424 54 29 att
787 1422 169 37 åtgärder
980 1422 57 31 till
1061 1422 73 31 viss
1158 1421 242 36 begränsning
1425 1430 46 21 av
1493 1418 271 33 brännvinstill-

264 1475 220 37 verkningen
512 1476 12 30 i
551 1475 173 31 samband
750 1475 79 31 med
855 1474 420 37 pressjästberedningen
1300 1472 117 32 kunde
1444 1482 46 21 av
1519 1471 245 32 statsmakter-

264 1538 46 20 na
330 1528 177 36 vidtagas.

305 1605 131 31 Genom
465 1605 237 31 förevarande
730 1604 220 37 proposition
977 1604 66 30 har
1070 1603 190 35 framlagts
1287 1601 133 36 förslag
1450 1610 57 21 om
1533 1610 43 21 en
1605 1600 157 36 förläng-

263 1656 86 37 ning
368 1657 114 30 under
502 1657 51 30 ett
573 1658 39 29 år
633 1666 46 20 av
696 1656 61 31 det
776 1666 48 20 nu
843 1655 210 36 tillämpade
1074 1655 170 36 systemet
1263 1653 77 31 med
1361 1651 180 37 reglering
1561 1662 45 20 av
1626 1651 136 31 socker-

262 1707 175 37 importen
464 1707 110 37 jämte
601 1707 136 36 förslag
764 1707 55 31 till
843 1707 176 36 förnyade
1044 1705 171 32 kontrakt
1236 1704 132 31 mellan
1395 1705 118 29 staten
1537 1702 64 32 och
1626 1702 136 31 socker-

264 1759 388 36 fabriksaktiebolagen
673 1769 58 21 om
749 1758 133 36 betpris
901 1758 65 31 och
987 1756 209 37 sockerpris,
1217 1756 155 31 avsedda
1394 1756 55 29 att
1469 1754 96 36 gälla
1585 1754 55 31 för
1664 1753 99 32 tiden

263 1811 18 29 1
299 1821 94 21 mars
413 1810 159 31 1934—28
592 1810 161 31 februari
772 1809 86 31 1935.
896 1809 113 30 Dessa
1030 1807 325 36 förslagskontrakt
1376 1805 110 37 skilja
1506 1805 54 37 sig
1581 1806 83 31 från
1684 1805 79 31 1983

263 1862 58 29 års
346 1862 172 30 kontrakt
545 1860 287 37 huvudsakligen
856 1860 12 31 i
895 1859 161 37 följande
1080 1859 235 31 hänseenden.
1361 1858 68 30 Det
1457 1858 149 36 bolagen
1633 1866 128 27 garan-

263 1913 119 31 terade
409 1912 255 36 minimipriset
689 1914 22 30 å
737 1912 51 31 ett
813 1911 179 37 kilogram
1019 1909 204 32 krossmelis
1251 1909 195 32 fastställes
1471 1908 56 32 till
1552 1909 38 31 30
1618 1911 59 29 öre
1705 1909 57 30 för

262 1963 80 32 hela
362 1964 170 35 perioden
555 1965 16 29 1
594 1973 96 22 mars
714 1963 156 31 1934—28
892 1962 162 31 februari
1076 1961 86 31 1935.
1205 1960 101 32 Ovan
1329 1961 166 36 åsyftade
1517 1959 244 33 bestämmelse

261 2015 150 31 rörande
437 2014 366 37 melassanvändning
829 2013 198 32 bortfaller.
1073 2013 161 32 Svenska
1257 2011 506 36 sockerfabriksaktiebolaget

262 2066 181 37 medgives
463 2067 74 30 rätt
555 2067 54 30 att
629 2065 177 37 begränsa
826 2064 333 37 teckningsarealen
1179 2064 58 31 till
1258 2064 106 36 40,000
1384 2063 126 31 hektar
1529 2064 12 30 i
1562 2064 121 30 stället
1705 2064 56 29 för

259 2116 56 32 till
329 2117 107 36 38,000
451 2118 128 30 hektar
591 2117 114 35 enligt
718 2116 165 37 gällande
895 2116 181 31 kontrakt.
1091 2115 71 31 För
1175 2115 206 31 erhållande
1394 2124 46 22 av
1453 2114 58 31 det
1524 2113 238 38 garanterade

262 2168 110 36 priset
390 2179 47 20 av
456 2169 18 30 2
493 2168 129 31 kronor
640 2168 39 31 25
697 2170 59 29 öre
775 2178 61 26 per
857 2167 140 32 deciton
1017 2166 333 37 sextonprocentiga
1370 2167 99 31 betor
1488 2166 196 37 uppställes
1703 2166 59 32 det

261 2219 177 37 villkoret,
464 2221 55 29 att
547 2220 263 31 vederbörande
838 2219 121 31 odlare
986 2218 63 32 vid
1078 2218 215 31 tecknandet
1317 2218 85 31 eller
1430 2218 258 36 övertagandet
1715 2228 46 20 av

262 2271 372 36 betodlingskontrakt
658 2270 188 32 avlämnar
870 2280 44 21 en
940 2269 164 37 särskild,
1128 2270 58 30 till
1213 2271 134 30 statens
1372 2269 254 31 sockernämnd
1651 2269 110 31 ställd

263 2322 214 32 förbindelse
501 2322 184 36 angående
706 2321 362 32 betarbetarlönerna.
1112 2321 189 31 Formulär
1324 2320 57 31 till
1404 2321 117 31 denna
1545 2320 216 31 förbindelse

263 2373 100 36 fogas
383 2373 57 31 till
457 2374 216 31 kontrakten
695 2372 73 36 (bil.
787 2372 81 36 Aa).
909 2372 126 37 Enligt
1056 2371 17 36 $
1092 2373 17 30 1
1128 2373 12 30 i
1159 2372 241 32 förbindelsen
1420 2372 114 31 skulle
1555 2372 207 32 betodlaren

261 2425 107 36 åtaga
391 2425 56 36 sig
473 2426 55 30 att
549 2425 62 31 vid
633 2423 234 37 användning
891 2424 115 32 under
1031 2424 77 30 1934
1131 2434 46 21 av
1202 2424 73 36 lejd
1299 2423 219 32 arbetskraft
1543 2423 55 31 för
1623 2424 137 31 socker-

262 2477 114 31 betors
396 2476 131 32 skötsel
547 2476 84 31 eller
651 2475 225 37 upptagning
893 2495 40 4 —
951 2476 67 31 där
1038 2475 32 36 ej
1093 2475 166 36 gällande
1276 2475 273 31 kollektivavtal
1568 2485 56 21 om
1640 2475 120 37 dylikt
