2133 2658
348 219 18 31 8
765 222 308 34 Banko-Utskottets
1102 222 171 35 Utlåtande
1297 226 61 32 N:o
1380 226 48 30 13.

952 516 302 37 Reservation:

429 616 43 38 af
494 616 99 38 Herr
625 617 155 49 Ekman,
807 618 85 37 med
916 619 159 37 hvilken
1103 618 141 38 Herrar
1268 621 151 48 Peyron,
1449 634 66 24 von
1543 621 196 50 Strokirch,
1777 624 106 35 Wall-

301 671 81 47 berg
410 669 71 37 och
509 669 112 37 Evers
641 670 176 37 instämt:
840 671 77 36 »Då
941 671 59 37 för
1024 672 252 48 möjligheten
1292 673 40 35 af
1344 673 237 48 indragning
1596 675 42 35 af
1653 676 45 35 de
1719 676 178 35 enskilda

302 721 218 36 bankernas
562 721 126 36 sedlar
730 725 20 33 å
777 722 54 37 tio
862 722 140 37 kronor
1029 723 84 36 icke
1142 723 97 36 blott
1268 724 108 37 torde
1404 724 173 50 påkallas
1607 726 178 49 åtgärder
1814 727 84 36 från

301 772 268 38 Riksbankens
598 773 94 49 sida,
722 779 91 32 utan
837 775 147 49 jemväl
1012 775 189 37 erfordras
1221 776 226 38 förändrade
1463 777 290 38 bestämmelser
1774 779 58 36 för
1853 780 46 36 de

302 825 177 37 enskilda
519 825 218 38 bankernas
779 827 259 49 verksamhet,
1073 827 11 37 i
1115 828 63 36 fall
1207 828 83 37 icke
1319 829 225 50 betänkliga
1573 831 240 49 rubbningar
1843 831 55 36 uti

301 880 85 34 vårt
413 877 317 50 penningeväsen
760 880 70 36 och
859 879 215 50 väsentliga
1103 880 248 49 olägenheter
1378 881 59 37 för
1465 881 75 38 den
1569 883 192 37 allmänna
1780 883 117 37 rörel-

301 943 69 24 sen
399 930 110 37 skola
536 933 151 47 uppstå,
716 931 70 37 och
815 932 111 36 dessa
955 932 130 48 frågor
1113 933 121 49 enligt
1255 934 85 36 mitt
1358 934 249 37 förmenande
1631 935 91 37 böra
1742 936 156 49 pröfvas

302 983 11 36 i
342 988 56 31 ett
426 983 292 49 sammanhang,
748 984 132 36 såvida
910 985 32 48 ej
973 984 201 37 resultatet
1202 986 43 35 af
1268 986 233 49 pröfningen
1530 987 99 37 skall
1657 988 122 37 blifva
1799 988 99 36 ensi-

302 1035 85 49 digt
429 1035 71 37 och
538 1035 279 50 ofullständigt,
848 1037 69 36 har
940 1037 71 49 jag
1038 1037 85 37 icke
1152 1038 150 36 kunnat
1329 1038 149 38 biträda
1503 1039 220 38 Utskottets
1752 1040 148 48 förslag

303 1100 60 23 om
391 1087 203 37 lemnande
623 1088 42 36 af
684 1088 176 50 uppdrag
889 1092 37 33 åt
954 1089 380 50 Bankofullmägtige
1364 1096 55 31 att
1447 1091 59 36 till
1535 1092 239 49 behandling
1800 1093 98 36 före-

302 1145 91 43 taga
423 1140 136 37 endast
587 1140 74 37 den
691 1153 71 24 ena
791 1141 109 37 sidan
929 1141 41 36 af
994 1141 135 47 saken;
1160 1142 71 36 och
1256 1143 47 36 då
1323 1143 106 36 såväl
1450 1144 216 37 motionens
1684 1144 215 37 beskaffen-

302 1191 67 36 het
397 1205 82 23 som
508 1192 263 49 fullmäktiges
799 1193 12 35 i
827 1194 233 35 Riksbanken
1080 1193 185 49 ställning
1285 1197 126 33 såsom
1432 1195 140 36 sådane
1592 1196 108 37 torde
1722 1196 176 50 förbjuda

302 1248 56 32 att
387 1246 36 34 åt
453 1243 102 37 detta
585 1244 178 49 uppdrag
790 1244 107 49 gifva
926 1250 121 31 större
1076 1245 245 50 omfattning,
1352 1246 69 37 har
1443 1247 72 49 jag
1543 1248 59 36 för
1631 1248 77 36 min
1734 1249 61 36 del
1815 1249 84 36 fun-

302 1295 57 37 nit
393 1295 80 49 mig
509 1296 84 37 icke
622 1296 131 37 kunna
780 1297 150 37 biträda
958 1297 195 37 motionen
1182 1298 92 36 eller
1303 1299 63 36 det
1394 1299 145 49 förslag
1566 1300 200 38 Utskottet
1792 1301 12 36 i
1833 1315 66 22 an-

302 1347 159 49 ledning
489 1348 42 37 af
554 1349 221 36 densamma
803 1349 58 36 till
889 1349 242 49 Riksdagens
1161 1351 216 48 antagande
1402 1351 183 49 afgifvit.»

432 1609 143 36 Herrar
622 1608 126 38 Olsson
791 1610 71 36 och
905 1610 95 36 Falk
1028 1611 115 37 hafva
1172 1611 156 45 anmält,
1360 1616 55 32 att
1443 1612 46 36 de
1518 1611 84 38 icke
1632 1613 169 36 närvarit
1829 1613 68 37 vid

304 1660 156 48 frågans
490 1661 209 48 afgörande
727 1662 102 36 inom
860 1662 210 37 Utskottet.

542 2409 214 29 STOCKHOLM,
777 2410 100 22 ISAAC
898 2410 145 23 MARCUS'
1063 2395 487 45 BOKTRYCKERI-AKTIEBOLAG,
1575 2414 75 22 1880.
