1928 2862
508 161 126 32 Andra
656 158 256 39 lagutskottets
933 156 189 32 utlåtande
1140 155 53 32 Nr
1216 154 31 30 2.
1576 150 19 30 5

577 241 50 30 att
661 236 225 34 förevarande
918 235 130 32 motion
1084 234 73 31 icke
1191 234 107 30 måtte
1332 232 56 31 till
1416 232 115 35 någon
1554 229 85 31 riks-

534 292 126 36 dagens
682 290 123 37 åtgärd
829 288 189 32 föranleda.

176 390 200 32 Stockholm
401 389 65 31 den
490 390 40 29 11
555 386 153 33 februari
733 385 96 32 1930.

585 508 49 31 På
656 506 109 32 andra
789 505 240 37 lagutskottets
1055 505 149 34 vägnar:

700 603 44 30 K.
770 602 38 31 G.
833 599 247 33 WESTMAN.

179 888 52 24 Vid
250 887 133 24 ärendets
401 885 172 32 behandling
591 885 72 23 hava
681 884 137 24 närvarit:

169 937 61 28 från
249 941 111 23 första
379 940 177 23 kammaren:
580 938 97 23 herrar
700 936 149 25 Westman,
871 942 53 16 von
944 931 132 33 Sydow”,
1088 932 111 29 Linder,
1219 930 107 31 Sigfrid
1345 929 140 25 Hansson,
1505 925 137 28 Frändén,

137 980 163 29 Österström
311 982 20 31 ",
349 980 156 33 Hagman”
523 982 53 24 och
597 978 199 32 Granström";

170 1045 61 25 från
257 1044 108 25 andra
383 1044 177 24 kammaren:
580 1043 98 23 herrar
696 1042 174 30 Magnusson
888 1040 10 23 i
917 1038 119 28 Skövde,
1056 1038 87 29 Hage,
1157 1037 134 30 Jeppsson
1299 1033 19 32 >,
1331 1034 162 30 Björnberg,
1505 1032 111 25 Gardell
1634 1031 9 23 i

134 1090 84 28 Gans,
238 1089 130 29 Hedvall,
387 1088 165 24 Sandström
571 1087 53 23 och
642 1086 134 24 Hansson
797 1085 8 23 i
825 1082 188 25 Trollhättan.

172 1165 12 11 "
205 1169 30 30 Ej
256 1166 176 25 närvarande
451 1166 47 24 vid
517 1162 173 27 utlåtandets
708 1163 145 31 justering.

716 1513 363 40 Reservation

178 1641 47 22 av
248 1630 127 32 herrar
399 1630 139 35 Linder,
561 1627 141 38 Sigfrid
724 1627 176 34 Hansson,
924 1625 178 36 Hagman,
1127 1622 111 38 Hage,
1263 1621 155 33 Hedvall
1439 1619 66 32 och
1527 1619 116 31 Hans-

140 1693 63 22 son
226 1683 13 31 i
262 1682 238 35 Trollhättan,
523 1679 101 32 vilka
645 1679 128 36 ansett,
798 1679 54 30 att
876 1676 175 32 utskottet
1074 1675 79 31 med
1175 1673 195 35 anledning
1392 1682 47 21 av
1462 1670 181 32 motionen

140 1733 79 33 bort
242 1732 200 37 hemställa,
466 1734 54 30 att
542 1730 193 36 riksdagen
758 1730 11 31 i
792 1728 174 32 skrivelse
988 1727 59 31 till
1069 1725 135 37 Kungl.
1226 1725 111 36 Maj:t
1361 1724 112 31 måtte
1496 1721 146 32 anhålla

141 1795 58 22 om
227 1784 198 36 utredning
453 1783 153 32 rörande
636 1782 113 32 sådan
777 1781 156 35 ändring
962 1780 12 31 i
1003 1777 323 38 värnpliktslagen,
1357 1778 54 29 att
1439 1776 70 31 den
1538 1776 105 29 värn-

142 1836 153 36 pliktige
316 1836 65 32 vid
403 1833 272 38 tjänstledighet
708 1833 234 32 tillerkännes
966 1831 72 31 fria
1059 1840 98 21 resor
1179 1829 57 32 till
1258 1829 66 31 och
1347 1828 84 31 från
1450 1826 194 34 hemorten,

142 1889 51 30 ett
242 1885 192 36 önskemål,
475 1896 74 22 som
575 1887 102 35 synts
706 1886 275 29 reservanterna
1007 1892 90 21 vara
1125 1883 88 29 mest
1242 1890 47 21 av
1316 1879 180 36 betydelse
1520 1879 56 30 att
1606 1877 38 31 få

144 1938 180 32 framfört.
