1890 2810
306 153 37 29 16
661 159 394 36 Bevillningsutskottets
1075 160 218 30 betänkande
1312 170 43 21 nr
1373 160 49 30 32.

310 240 135 40 åtnjuta
473 242 129 36 avdrag
628 242 79 30 med
734 243 63 30 200
826 242 138 31 kronor.
995 243 243 30 Motsvarande
1266 244 129 36 avdrag
1421 244 65 30 har
1510 244 145 36 tidigare
1681 244 133 30 funnits

310 291 131 36 jämväl
460 292 58 30 vid
536 292 65 30 den
622 292 134 36 statliga
775 293 265 36 beskattningen
1058 303 80 20 men
1158 294 222 31 avskaffades
1402 303 123 27 genom
1545 295 83 30 1938
1648 293 56 32 års
1724 295 91 29 skat-

312 342 172 31 tereform.

356 393 13 29 I
398 393 41 29 de
465 402 48 20 nu
538 392 229 31 förevarande
794 393 216 32 motionerna
1038 394 65 30 har
1127 394 143 36 anförts,
1299 398 49 26 att
1373 395 56 30 det
1455 404 80 21 vore
1563 396 174 35 önskvärt,
1766 398 50 27 att

311 442 347 31 förvärvsarbetande
680 443 63 36 gift
769 444 132 30 kvinna
928 440 118 34 kunde
1070 445 174 36 medgivas
1272 446 129 35 avdrag
1426 445 57 30 vid
1508 446 67 29 den
1600 446 136 36 statliga
1758 447 57 28 be-

311 493 229 36 skattningen.
564 493 170 37 Avdraget
754 494 107 30 borde
887 494 187 31 fastställas
1099 495 49 29 till
1171 495 100 36 högst
1293 495 64 30 600
1379 495 131 30 kronor
1532 496 66 30 och
1621 496 195 30 tillkomma

311 543 260 36 skattskyldiga,
598 543 110 31 vilkas
734 544 154 30 inkomst
910 545 203 36 understege
1137 555 42 20 en
1204 546 67 29 viss
1297 547 81 30 övre
1401 547 111 35 gräns.
1538 546 69 30 För
1631 546 184 36 skattskyl-

311 593 79 37 diga
411 595 78 29 med
514 594 106 36 högre
643 594 190 30 inkomster
855 595 117 30 kunde
996 604 82 21 man
1104 596 103 29 tänka
1232 596 51 36 sig
1304 605 42 20 en
1372 596 285 36 avdragssumma
1682 596 44 37 på
1752 597 64 30 200

310 643 139 31 kronor.
470 644 267 36 Avdragsrätten
755 645 58 30 vid
831 646 67 29 den
916 645 226 32 kommunala
1159 646 264 36 beskattningen
1440 647 108 30 borde
1564 646 141 31 kvarstå
1724 647 91 30 oför-

311 694 134 30 ändrad
466 694 56 30 för
541 698 49 27 att
613 696 106 29 sedan
741 696 185 35 omprövas
948 696 10 30 i
981 696 170 30 samband
1171 697 79 29 med
1270 696 272 37 reformeringen
1563 707 43 20 av
1627 698 112 30 denna
1759 698 56 30 be-

311 744 184 36 skattning.
523 745 66 30 Till
615 745 78 30 stöd
719 745 55 30 för
800 746 68 29 den
893 745 195 37 föreslagna
1112 747 258 36 avdragsrätten
1395 748 66 29 har
1484 747 183 36 åberopats
1692 748 124 30 främst

309 795 469 36 arbetsmarknadspolitiska
802 805 81 21 men
908 797 87 29 även
1018 797 128 31 sociala
1170 797 225 36 synpunkter.

356 845 169 30 Utskottet
549 844 56 31 får
628 845 11 30 i
663 846 186 36 anledning
871 847 108 29 härav
1003 846 197 37 framhålla,
1224 852 49 27 att
1295 847 124 37 frågan
1441 858 57 20 om
1520 849 67 30 rätt
1610 849 51 29 till
1686 850 129 34 avdrag

309 894 57 31 för
387 895 347 31 förvärvsarbetande
755 896 64 37 gift
839 897 139 36 kvinna,
1002 896 113 31 såsom
1137 908 42 20 av
1199 898 66 30 den
1287 908 90 20 ovan
1397 899 160 29 lämnade
1576 899 239 36 redogörelsen

310 944 163 37 framgår,
500 946 89 30 varit
611 946 145 30 föremål
780 946 57 31 för
861 947 209 37 behandling
1095 952 114 26 senast
1231 948 57 30 vid
1315 949 83 30 1945
1421 947 55 31 års
1500 949 142 36 riksdag
1665 949 11 30 i
1699 949 116 30 anled-

308 996 84 36 ning
416 1005 41 21 av
484 1000 46 26 ett
554 996 116 30 flertal
694 997 44 30 då
762 997 125 30 väckta
911 997 178 31 motioner.
1118 998 140 31 Samma
1282 997 56 32 års
1364 999 339 36 bevillningsutskott
1728 1009 86 27 upp-

309 1048 58 34 tog
393 1046 10 30 i
430 1046 56 31 sitt
515 1046 4 30 i
546 1047 186 36 anledning
757 1057 42 20 av
823 1048 217 30 motionerna
1064 1049 145 35 avgivna
1233 1049 220 30 betänkande
1477 1059 43 20 nr
1546 1050 41 30 48
1612 1049 123 37 frågan
1758 1059 58 21 om

308 1097 69 30 rätt
406 1096 50 30 till
482 1097 130 36 avdrag
638 1097 55 30 för
717 1097 348 32 förvärvsarbetande
1089 1098 65 36 gift
1179 1099 131 30 kvinna
1335 1099 50 31 till
1410 1099 169 37 ingående
1605 1100 211 36 behandling

310 1150 90 26 samt
423 1147 205 30 hemställde
651 1157 57 20 om
730 1148 164 30 skrivelse
917 1148 50 30 till
992 1148 122 37 Kungl.
1140 1149 101 38 Maj:t
1262 1150 80 30 med
1365 1149 164 31 anhållan
1552 1160 58 20 om
1633 1151 183 35 utredning

310 1206 42 21 av
379 1197 106 30 bland
509 1201 108 27 annat
644 1198 113 31 denna
784 1198 109 36 fråga.
923 1199 159 30 Nämnda
1106 1199 220 30 betänkande
1350 1200 200 36 godkändes
1578 1210 43 21 av
1650 1201 82 30 1945
1759 1200 57 30 års

309 1247 149 36 riksdag.
482 1246 48 31 På
554 1248 113 36 grund
691 1258 42 20 av
756 1249 67 29 vad
846 1247 146 32 sålunda
1014 1249 223 31 förekommit
1260 1250 65 29 och
1350 1249 43 30 då
1417 1250 165 32 utskottet
1605 1250 210 35 förutsätter,

309 1301 50 27 att
379 1297 58 30 vid
461 1298 66 29 den
550 1307 44 20 av
617 1297 206 37 föregående
846 1297 55 31 års
924 1298 142 37 riksdag
1086 1299 150 36 begärda
1257 1299 227 37 utredningen
1508 1302 150 29 rörande
1682 1300 132 31 föreva-

309 1348 108 30 rande
441 1347 97 37 fråga
560 1348 130 38 jämväl
713 1348 41 30 de
777 1349 11 29 i
814 1348 43 30 de
879 1358 48 20 nu
948 1349 124 30 väckta
1095 1349 216 31 motionerna
1334 1349 195 31 framförda
1553 1351 263 36 synpunkterna

308 1398 143 30 komma
479 1401 50 27 att
555 1398 93 31 bliva
673 1398 147 30 föremål
848 1397 56 31 för
930 1399 247 36 övervägande,
1203 1408 102 21 anser
1329 1400 165 31 utskottet
1521 1401 77 30 skäl
1623 1401 77 30 icke
1725 1401 89 31 före-

308 1448 92 36 ligga
422 1450 48 28 att
492 1448 172 37 tillstyrka
684 1448 99 30 bifall
805 1448 51 31 till
878 1448 224 31 motionerna.

354 1532 116 30 Under
489 1531 221 37 åberopande
732 1542 42 21 av
797 1533 69 29 vad
888 1532 147 31 sålunda
1055 1533 131 31 anförts
1207 1533 55 31 får
1282 1534 166 31 utskottet
1469 1535 193 36 hemställa,

663 1602 48 27 att
733 1600 42 29 de
796 1600 223 36 likalydande
1041 1600 216 32 motionerna
1279 1601 28 30 1:
1323 1602 63 29 209
1406 1612 42 20 av
1469 1603 79 29 herr
1570 1603 79 30 Ivar
1669 1603 146 30 Persson

619 1650 65 29 och
709 1649 56 31 fru
792 1650 154 30 Svenson
972 1655 89 26 samt
1087 1651 43 29 II:
1146 1652 62 29 342
1234 1661 42 20 av
1303 1652 81 29 herr
1411 1653 176 30 Johnsson
1612 1654 11 29 i
1649 1653 166 36 Skoglösa

617 1710 45 22 m.
684 1701 35 31 fl.
740 1712 60 20 om
817 1702 185 36 utredning
1022 1703 65 29 och
1107 1702 129 37 förslag
1255 1701 178 37 angående
1450 1704 69 29 rätt
1539 1703 50 30 till
1609 1704 130 36 avdrag
1759 1704 56 30 för

620 1751 63 36 gift
715 1751 148 30 kvinnas
898 1752 153 30 inkomst
1085 1752 58 30 vid
1174 1753 66 29 den
1271 1752 137 37 statliga
1443 1753 266 37 beskattningen
1738 1754 77 30 icke

617 1800 105 31 måtte
745 1802 182 30 föranleda
952 1801 116 37 någon
1092 1802 201 36 riksdagens
1317 1802 130 37 åtgärd.

353 1868 200 31 Stockholm
574 1869 68 30 den
664 1870 37 29 16
720 1868 71 36 maj
817 1870 94 29 1946.

748 1942 47 31 På
819 1943 387 37 bevillningsutskottets
1229 1946 144 35 vägnar:

941 2012 36 30 A.
1001 2012 28 30 J.
1054 2008 125 34 BÄRG.

891 2163 338 31 Närvarande:

342 2236 66 25 från
440 2236 127 25 första
599 2237 178 24 kammaren:
803 2237 101 24 herrar
929 2237 95 25 Johan
1049 2237 83 31 Bärg,
1155 2237 73 24 Elon
1254 2237 174 32 Andersson,
1453 2237 148 31 Velander,
1624 2238 122 30 friherre
1771 2238 41 24 De

306 2278 78 31 Geer,
411 2279 118 31 Wehtje,
552 2279 169 31 Björnsson,
745 2279 143 30 Franzon,
912 2280 53 24 och
990 2279 149 25 Rosander
1162 2282 73 22 samt

349 2338 68 25 från
448 2339 128 24 andra
609 2339 178 24 kammaren:
812 2339 99 24 herrar
932 2338 137 32 Lövgren,
1092 2338 132 32 Hagberg
1246 2339 8 24 i
1278 2339 115 29 Malmö,
1415 2339 220 30 Hammarlund,
1657 2339 156 32 Sandberg,

306 2380 126 26 Jansson
452 2381 9 24 i
480 2381 166 28 Frändesta,
667 2380 79 31 Falk,
767 2381 171 25 Sundström
959 2381 9 24 i
987 2380 121 29 Skövde,
1130 2381 164 24 Andersson
1315 2381 8 24 i
1343 2380 126 30 Dunker,
1489 2381 136 30 Olofsson
1647 2382 9 24 i
1677 2382 136 32 Höganäs

305 2423 56 25 och
379 2424 100 24 Bladh.

534 2534 109 22 467861.
683 2532 176 29 Stockholm,
880 2533 78 24 Isaac
976 2532 113 25 Marcus
1108 2533 377 32 Boktryckeri-Aktiebolag,
1505 2533 76 24 1946.
