1898 2774
286 187 21 29 6
745 187 289 32 Statsutskottets
1056 187 180 31 utlåtande
1257 197 43 21 nr
1325 186 53 31 53.

334 270 360 40 Byggnadsstyrelsen
715 271 64 29 har
802 271 192 36 hemställt,
1015 272 51 29 att
1086 271 126 40 Kungl.
1234 271 105 40 Maj:t
1359 271 110 30 måtte
1489 271 161 30 inhämta
1670 271 135 30 riksda-

292 328 83 31 gens
393 321 230 39 medgivande
642 321 53 30 till
715 321 143 30 fortsatt
878 321 211 40 disposition
1107 331 43 21 av
1168 322 41 29 de
1230 322 150 39 angivna
1400 322 168 39 anslagen
1587 322 112 29 under
1720 322 86 30 bud-

292 371 133 38 getåret
452 371 160 36 1952/53.

335 422 398 40 Departementschefen
762 423 64 29 har
854 422 172 40 tillstyrkt
1056 422 373 40 byggnadsstyrelsens
1459 423 132 39 förslag
1619 423 66 29 och
1713 423 94 30 dess-

292 472 99 29 utom
409 472 191 39 föreslagit,
620 474 51 28 att
690 472 56 31 det
764 472 20 30 å
801 472 189 30 riksstaten
1009 472 55 30 för
1081 473 202 38 budgetåret
1303 473 145 36 1946/47
1469 474 112 30 under
1600 474 133 29 fonden
1752 473 55 30 för

292 522 273 30 låneunderstöd
586 523 177 40 uppförda
783 523 394 40 investeringsanslaget
1196 524 54 30 till
1270 524 75 30 Lån
1365 525 36 29 åt
1426 524 242 39 Aktiebolaget
1690 524 117 30 Stads-

291 572 144 30 holmen
458 573 69 33 (Kb
545 573 44 30 VI
611 573 35 36 7)
669 573 56 30 får
743 573 208 41 disponeras
970 574 112 30 under
1100 575 102 29 nästa
1219 574 181 40 budgetår.
1419 575 162 29 Nämnda
1602 575 123 39 anslag
1742 575 65 29 har

292 622 206 31 tillkommit
520 624 55 29 för
597 626 51 28 att
672 624 224 30 ekonomiskt
919 624 118 40 stödja
1059 625 209 39 saneringen
1291 634 42 21 av
1357 625 127 30 Staden
1505 625 128 30 mellan
1656 625 151 30 broarna

291 673 11 28 i
323 673 211 31 Stockholm.

336 775 176 31 Utskottet
535 776 54 31 får
613 777 79 30 med
715 776 248 40 tillstyrkande
986 787 43 20 av
1050 777 126 40 Kungl.
1200 777 123 40 Maj:ts
1346 779 135 39 förslag
1501 778 196 34 hemställa,

648 827 52 28 att
723 826 190 39 riksdagen
937 827 58 29 må
1019 826 161 39 medgiva
1204 827 126 39 Kungl.
1355 827 108 39 Maj:t
1487 829 51 28 att
1562 827 140 40 förfoga
1726 828 80 29 över

604 876 74 30 dels
699 876 159 40 följande
879 877 112 30 under
1016 878 133 29 statens
1172 877 179 30 allmänna
1374 878 276 39 fastighetsfond
1672 878 136 30 anvisa-

605 927 42 29 de
672 927 368 40 investeringsanslag,
1069 928 177 39 nämligen
1271 929 42 29 de
1338 928 56 30 för
1420 929 206 39 budgetåret
1657 928 149 36 1946/47

605 977 166 30 anvisade
788 978 168 39 anslagen
972 978 53 30 till
1041 978 216 40 Nybyggnad
1274 979 55 29 för
1346 979 250 37 länsstyrelsen
1613 979 12 30 i
1641 978 167 31 Gotlands

604 1028 69 34 län,
696 1028 155 29 Förvärv
874 1037 43 21 av
939 1029 188 29 tomtmark
1150 1030 11 29 i
1183 1029 221 38 Vänersborg
1426 1029 66 30 och
1514 1030 215 37 Nybyggnad
1754 1029 55 30 för

606 1078 252 40 länsstyrelsen
877 1079 12 29 i
909 1079 200 30 Jämtlands
1131 1080 58 30 län
1210 1089 45 20 m.
1277 1089 46 21 m.
1349 1082 93 28 samt
1462 1081 42 29 de
1524 1081 56 29 för
1602 1081 207 39 budgetåret

606 1128 153 36 1947/48
783 1129 168 30 anvisade
975 1130 167 38 anslagen
1166 1130 54 29 till
1245 1130 159 30 Utökade
1430 1131 133 30 lokaler
1587 1131 56 29 för
1669 1128 149 33 hovrät-

604 1181 59 28 ten
683 1180 81 30 över
786 1179 114 30 Skåne
922 1180 65 30 och
1007 1180 176 40 Blekinge,
1204 1180 239 31 Anordnande
1465 1190 42 21 av
1526 1181 134 30 lokaler
1680 1181 56 30 för
1756 1190 53 21 so-

606 1229 252 40 cialstyrelsen,
888 1230 237 30 Anordnande
1153 1240 43 21 av
1223 1231 133 30 lokaler
1384 1232 56 29 för
1469 1232 338 39 kammarkollegiet,

606 1280 237 30 Anordnande
870 1290 44 20 av
941 1281 132 30 lokaler
1103 1281 56 30 för
1186 1282 435 34 överståthållarämbetet,
1650 1283 159 39 Nybygg-

606 1331 69 29 nad
703 1331 57 30 för
788 1331 253 40 länsstyrelsen
1068 1331 11 30 i
1111 1332 297 30 Södermanlands
1438 1332 58 30 län
1524 1343 46 19 m.
1601 1343 58 26 m.,
1689 1332 119 31 Ökade

608 1381 134 30 lokaler
769 1381 56 30 för
852 1381 254 40 länsstyrelsen
1132 1382 11 30 i
1172 1381 130 31 Örebro
1331 1383 58 29 län
1418 1383 65 30 och
1510 1383 216 38 Nybyggnad
1755 1383 55 30 för

607 1432 253 39 länsstyrelsen
886 1432 12 29 i
925 1432 209 40 Gävleborgs
1161 1433 69 34 län,
1259 1433 74 30 dels
1360 1434 66 29 ock
1453 1434 58 29 det
1538 1435 112 29 under
1677 1435 132 29 fonden

606 1481 56 31 för
686 1482 274 30 låneunderstöd
985 1483 55 29 för
1065 1483 206 39 budgetåret
1296 1483 151 37 1946/47
1473 1484 166 31 anvisade
1662 1485 148 30 investe-

607 1532 257 39 ringsanslaget
887 1533 53 29 till
963 1533 73 30 Lån
1059 1533 34 30 åt
1117 1533 242 40 Aktiebolaget
1382 1535 257 34 Stadsholmen,
1663 1536 62 30 allt
1747 1545 63 21 un-

606 1583 61 30 der
688 1583 256 39 förutsättning
966 1585 50 28 att
1038 1584 41 29 de
1101 1585 79 29 med
1202 1585 167 39 anslagen
1391 1586 152 29 avsedda
1565 1587 165 29 arbetena
1751 1587 59 39 på-

605 1633 121 39 börjas
752 1633 75 30 före
852 1634 177 39 utgången
1054 1644 42 20 av
1119 1635 206 39 budgetåret
1354 1636 162 35 1952/53.

333 1700 206 45 Stockholm
562 1703 68 42 den
655 1701 37 28 11
717 1696 92 51 mars
830 1700 102 42 1952.

789 1793 49 30 På
860 1789 281 34 statsutskottets
1164 1795 146 38 vägnar:

825 1893 176 30 MARTIN
1027 1894 246 31 SKOGLUND.

378 2061 65 29 Vid
457 2061 222 39 förestående
694 2062 147 30 ärendes
858 2062 287 41 slutbehandling
1162 2063 94 30 inom
1276 2063 172 31 utskottet
1464 2064 90 30 hava
1571 2064 158 30 närvarit

340 2119 97 30 från
453 2120 162 30 första
646 2121 224 29 kammaren:
893 2121 123 30 herrar
1036 2122 83 29 Karl
1141 2122 212 35 Andersson,
1376 2122 126 30 Gustaf
1521 2123 180 34 Karlsson,
1724 2123 88 29 Iwar

296 2162 195 34 Anderson,
514 2162 168 39 Näsgård,
706 2163 126 34 Ohlon,
855 2163 169 34 Leander,
1045 2163 191 39 Gillström,
1260 2164 81 30 Eric
1363 2164 158 36 Ericson,
1548 2165 155 34 Pålsson,
1727 2165 86 29 Näs-

296 2205 121 33 ström,
442 2205 122 38 Bergh,
589 2205 215 34 Hesselbom,
829 2205 85 29 Erik
938 2205 125 30 Gustaf
1086 2205 212 35 Andersson,
1323 2206 198 39 Lundqvist
1544 2208 65 28 och
1634 2207 84 29 Axel
1744 2207 68 29 An-

295 2247 163 34 dersson;
484 2249 90 31 samt

341 2305 82 30 från
484 2305 118 30 andra
628 2306 223 30 kammaren:
871 2306 123 30 herrar
1012 2306 179 40 Skoglund
1206 2307 12 30 i
1234 2307 225 40 Doverstorp,
1478 2307 120 34 Ward,
1617 2307 196 39 Malmborg

296 2347 10 29 i
336 2347 147 34 Skövde,
513 2348 212 39 Bergström,
754 2348 175 29 Svensson
958 2350 11 29 i
998 2348 164 35 Grönvik,
1193 2349 203 30 Andersson
1426 2349 11 29 i
1466 2349 140 34 Malmö,
1637 2350 136 30 Boman
1801 2349 11 28 i

295 2389 141 39 Kieryd,
453 2390 221 29 Mårtensson
691 2389 12 29 i
719 2389 202 41 Uddevalla,
939 2390 261 37 Wallentheim,
1219 2391 175 30 Svensson
1410 2390 10 30 i
1438 2391 219 39 Ljungskile,
1677 2391 135 31 Rubbe-

297 2432 88 33 stad,
410 2432 108 33 Ståhl,
540 2432 216 34 Äkerström,
779 2431 204 30 Andersson
1004 2432 11 29 i
1037 2432 284 40 Munkaljungby
1344 2433 66 30 och
1433 2433 114 30 Birke.

523 2519 108 24 527245.
670 2516 178 25 Stockholm.
866 2516 82 25 Isaac
964 2517 112 24 Marcus
1093 2516 188 31 Boktryckeri
1299 2517 184 31 Aktiebolag.
1500 2518 77 24 1952.
