1886 2848
509 184 109 29 Första
641 185 195 35 lagutskottets
859 186 147 28 utlåtande
1028 186 46 28 Nr
1097 187 48 28 46.
1583 184 19 31 3

97 259 37 29 är
155 259 101 39 ägnat
278 260 49 29 att
349 258 139 31 inverka
511 259 228 32 försvårande.
775 260 181 31 Professor
980 260 202 42 Stjernberg
1205 261 157 41 tillägger
1385 264 50 28 att
1457 261 143 32 bestäm-

98 308 129 31 melsen
254 310 117 36 måste,
399 309 207 32 åtminstone
634 310 198 40 analogivis,
860 321 101 21 anses
989 311 183 41 tillämplig
1199 313 84 29 även
1312 312 108 41 ifråga
1449 323 54 20 om
1531 314 68 40 gär-

98 359 129 41 ningar,
253 370 73 20 som
349 359 236 42 straffbelagts
608 360 12 31 i
644 360 400 41 speciallagstiftningen.

148 462 237 31 Förevarande
400 462 170 31 motioner
585 462 87 32 rikta
687 463 52 41 sig
753 462 89 32 båda
856 465 71 29 mot
943 463 205 41 stadgandet
1162 464 11 30 i
1190 465 16 30 7
1224 464 95 41 kap.
1345 465 19 31 3
1388 464 21 42 8
1436 466 164 31 straff

96 512 151 42 lagen,
272 512 107 42 enligt
397 513 107 31 vilket
523 513 66 32 den
608 524 73 21 som
701 515 19 29 å
739 513 195 33 sabbatstid
951 533 43 4 —
1012 514 31 31 d.
1063 526 29 19 v.
1114 526 25 20 s.
1161 517 19 29 å
1198 517 73 30 sön-
1291 515 83 32 eller
1392 516 209 42 högtidsdag

96 563 124 31 mellan
251 563 143 31 klockan
425 574 60 21 sex
516 575 54 20 om
602 575 186 31 morgonen
809 565 63 31 och
893 564 144 33 klockan
1059 566 57 31 nio
1140 577 54 20 om
1216 567 139 31 aftonen
1375 586 43 3 —
1440 568 161 31 förrättar

96 614 116 31 arbete
238 625 73 20 som
336 614 66 31 kan
427 615 70 31 tåla
521 615 157 42 uppskov
703 615 87 31 skall
817 616 118 31 dömas
961 616 54 31 till
1040 616 213 39 bötesstraff,
1282 618 158 31 försåvitt
1468 619 132 32 arbetet

96 664 73 31 icke
186 664 78 32 sker
279 665 54 31 till
350 676 83 29 egen
450 665 83 32 eller
549 677 130 20 annans
694 666 164 40 nödtorft.
875 666 219 33 Motionerna
1110 668 98 32 torde
1226 668 206 32 härutinnan
1449 672 151 29 närmast

95 715 44 31 ha
160 715 181 32 föranletts
364 716 102 31 därav
487 718 50 29 att
557 716 11 31 i
590 717 105 31 slutet
717 728 40 20 av
779 717 92 31 förra
891 720 73 29 året
986 729 41 20 en
1050 719 259 32 underdomstol
1332 720 116 31 ådömt
1469 723 49 29 ett
1540 721 59 31 tio-

96 766 48 31 tal
166 777 164 30 personer
352 766 99 32 böter
474 767 54 31 för
552 767 58 31 det
633 767 42 32 de
698 769 20 29 å
740 768 131 41 söndag
895 768 109 32 utfört
1027 768 296 42 byggnadsarbete
1348 773 43 39 på
1415 770 74 32 sina
1516 783 83 20 som-

96 819 200 39 marstugor.
329 817 120 42 Enligt
469 818 66 31 vad
556 818 168 32 utskottet
746 819 118 31 erfarit
884 819 45 31 ha
950 819 191 32 emellertid
1165 820 100 32 dessa
1289 821 126 38 domar,
1439 822 11 30 i
1474 823 41 31 de
1539 823 60 31 fall

95 867 61 30 där
178 867 41 31 de
242 867 224 42 överklagats,
489 879 140 21 numera
650 880 41 20 av
712 869 256 32 vederbörande
990 870 137 32 hovrätt
1148 871 179 42 upphävts.

148 917 154 32 Härmed
323 918 155 31 förfaller
498 918 104 32 likväl
623 918 73 33 icke
719 919 65 31 den
805 920 119 31 väckta
945 920 119 42 frågan
1085 932 55 20 om
1162 932 41 20 en
1224 921 150 32 revision
1396 925 19 29 å
1437 922 161 32 området.

96 968 69 31 För
182 968 213 42 stadganden
412 980 41 20 av
470 970 239 42 straffrättslig
725 973 100 29 natur
843 973 37 29 är
896 971 117 31 vikten
1031 982 41 20 av
1090 972 82 31 reda
1191 973 62 31 och
1272 973 169 42 tydlighet
1462 975 138 31 särskilt

95 1019 262 32 framträdande.
395 1020 19 31 I
452 1020 94 32 detta
582 1021 167 31 avseende
787 1032 101 30 synes
927 1022 58 31 det
1020 1033 47 20 nu
1104 1023 256 41 ifrågavarande
1398 1025 201 41 lagrummet

95 1069 72 32 icke
206 1069 85 42 fylla
327 1072 128 30 måttet.
495 1071 68 31 För
599 1071 229 32 bedömandet
864 1083 40 20 av
942 1072 127 32 sådana
1105 1073 54 31 till
1197 1074 88 41 följd
1322 1085 41 20 av
1400 1075 41 31 de
1479 1076 120 32 nutida

97 1120 425 32 samhällsförhållandena
549 1121 154 32 alltmera
731 1122 135 41 vanliga
894 1123 61 31 fall
985 1134 73 20 som
1086 1124 204 32 behandlats
1319 1125 11 31 i
1360 1126 240 33 förutberörda

96 1173 216 40 rättegångar
338 1172 130 31 lämnar
495 1172 144 32 sålunda
664 1173 201 41 lagrummet
891 1174 11 30 i
930 1174 80 31 dess
1037 1175 195 32 nuvarande
1261 1176 191 42 avfattning
1478 1180 122 40 näppe-

96 1222 93 42 ligen
206 1222 88 32 klart
312 1222 138 32 besked.
480 1222 106 32 Detta
604 1234 101 30 synes
724 1224 12 31 i
755 1224 70 32 viss
844 1226 77 29 mån
942 1226 263 41 sammanhänga
1224 1227 137 31 därmed
1381 1230 50 29 att
1451 1229 65 31 den
1536 1230 64 30 för-

98 1273 108 31 seelse
228 1284 115 20 varom
364 1273 61 32 här
446 1275 37 30 är
504 1274 95 41 fråga
620 1274 210 32 fortfarande
852 1275 12 30 i
886 1277 59 29 vår
968 1276 158 42 strafflag
1147 1277 188 32 behandlas
1358 1290 73 20 som
1455 1282 49 29 ett
1526 1281 73 30 reli-

96 1324 203 40 gionsbrott.
336 1324 19 31 I
378 1324 109 41 själva
510 1325 116 32 verket
649 1325 97 32 torde
771 1326 191 32 emellertid
988 1327 66 31 den
1078 1327 149 33 bärande
1254 1330 154 40 grunden
1434 1331 54 31 för
1512 1332 88 31 stad-

97 1375 126 41 gandet
240 1386 140 21 numera
397 1377 152 30 närmast
566 1387 79 20 vara
662 1378 50 30 att
730 1376 82 32 söka
830 1378 11 29 i
860 1388 42 20 en
922 1378 130 31 önskan
1072 1381 49 29 att
1139 1379 12 31 i
1169 1380 194 41 möjligaste
1383 1383 77 29 mån
1480 1382 119 31 tillför-

97 1425 98 31 säkra
222 1425 248 42 medborgarna
496 1437 42 21 en
566 1427 118 31 ostörd
710 1427 138 42 vilodag
876 1428 87 31 efter
990 1429 145 32 veckans
1164 1430 124 32 arbete.
1328 1431 272 33 Bestämmelsen

96 1476 62 31 har
184 1476 142 32 kommit
353 1479 50 29 att
431 1477 129 31 erhålla
589 1489 41 20 en
658 1477 71 32 viss
758 1478 104 31 social
890 1479 188 40 betydelse,
1108 1480 120 31 därvid
1258 1481 341 43 arbetarskyddssyn-

96 1526 154 42 punkten
271 1527 12 31 i
303 1527 68 41 hög
391 1527 83 41 grad
496 1528 113 41 spelar
629 1528 44 31 in.
707 1528 179 32 Utskottet
908 1529 114 32 finner
1044 1530 57 31 det
1123 1531 178 42 angeläget
1324 1535 49 28 att
1396 1533 203 42 stadgandet

96 1588 46 20 nu
163 1577 102 31 också
284 1577 94 42 gives
399 1589 42 20 en
460 1578 193 42 avfattning
673 1590 73 20 som
766 1579 111 32 bättre
898 1591 115 20 svarar
1032 1580 161 32 häremot.
1226 1581 19 32 I
1265 1584 235 38 systematiskt
1521 1585 78 30 hän-

96 1627 125 31 seende
242 1628 97 31 torde
360 1628 205 42 stadgandet
583 1631 150 29 närmast
752 1629 83 32 böra
855 1630 188 32 behandlas
1064 1631 104 31 bland
1188 1631 236 40 fridsbrotten.
1445 1634 69 31 Vid
1534 1646 65 20 om-

95 1676 254 43 gestaltningen
366 1677 63 32 bör
447 1677 299 42 uppmärksamhet
764 1679 187 41 självfallet
969 1682 103 40 ägnas
1091 1681 124 41 jämväl
1233 1684 34 29 åt
1286 1683 40 30 de
1346 1683 160 42 religiösa
1525 1695 73 30 syn-

95 1728 191 41 punkterna
305 1731 19 29 å
344 1729 127 42 frågan.

150 1779 179 31 Utskottet
354 1781 141 40 övergår
519 1780 150 32 härefter
692 1781 53 31 till
769 1781 211 42 behandling
1005 1793 40 20 av
1070 1783 173 32 motionen
1269 1784 103 32 II:32
1398 1786 10 30 i
1436 1787 64 30 vad
1527 1787 72 31 däri

97 1830 175 31 framförts
304 1830 81 31 krav
418 1833 49 28 att
500 1831 117 41 frågan
652 1842 53 20 om
739 1832 226 41 upphävande
999 1844 40 20 av
1072 1834 203 41 stadgandet
1309 1835 11 30 i
1354 1837 16 29 7
1405 1836 95 42 kap.
1526 1838 19 29 4
1579 1837 20 41 8

97 1880 307 42 strafflagen
440 1883 104 29 måtte
569 1884 96 39 tagas
690 1883 108 30 under
824 1884 233 41 omprövning.
1095 1885 118 41 Enligt
1239 1887 145 30 nämnda
1411 1888 187 40 stadgande

97 1930 96 38 skall,
218 1942 54 19 om
295 1933 113 39 någon
430 1931 105 41 begår
558 1932 94 31 brott
675 1935 18 28 å
718 1933 202 37 sabbatstid,
947 1934 66 31 den
1039 1936 297 40 omständigheten
1361 1948 100 20 anses
1487 1940 112 29 såsom

97 1981 230 31 försvårande.
368 1981 213 41 Stadgandet
607 1983 97 31 torde
732 1983 106 41 enligt
865 1984 157 41 gällande
1050 1985 115 41 praxis
1192 1986 172 41 tillämpas
1394 1988 121 31 endast
1542 1989 57 30 vid

98 2032 196 41 uppsåtliga
311 2031 102 31 brott.
444 2032 164 32 Däremot
627 2033 88 31 lärer
735 2034 53 30 för
807 2034 150 31 fällande
978 2035 53 30 till
1052 2046 121 20 ansvar
1193 2036 72 31 icke
1287 2037 171 32 erfordras
1479 2038 120 32 känne-

98 2082 78 30 dom
199 2082 63 30 hos
285 2082 255 32 vederbörande
564 2094 54 20 om
641 2086 49 29 att
711 2084 128 31 brottet
862 2085 152 31 förövats
1038 2088 18 28 å
1079 2086 202 32 sabbatstid.
1318 2087 95 32 Även
1437 2088 57 32 vid
1520 2101 79 29 upp-

98 2132 123 41 såtliga
243 2133 183 31 förseelser
447 2134 92 30 inom
562 2134 360 41 specialstraffrättens
946 2137 136 31 område
1105 2137 97 31 torde
1226 2138 203 41 stadgandet
1452 2141 60 40 äga
1535 2140 64 31 till-

98 2183 183 40 lämpning.
318 2183 53 31 Då
395 2183 94 31 brott
515 2184 138 31 särskilt
677 2185 71 31 ofta
772 2186 104 41 begås
901 2188 44 39 på
971 2188 72 29 sön-
1069 2187 62 31 och
1157 2187 193 42 helgdagar,
1377 2191 107 30 måste
1511 2191 88 30 dom-

98 2233 151 31 stolarna
273 2234 72 31 icke
370 2235 109 30 sällan
503 2235 11 29 i
539 2235 75 30 sina
638 2236 113 41 utslag
775 2237 157 40 åberopa,
957 2237 149 31 förutom
1131 2238 57 31 det
1214 2239 170 41 egentliga
1409 2241 190 31 straffstad-

98 2283 134 40 gandet,
256 2284 123 40 jämväl
402 2285 65 30 den
491 2296 45 19 nu
559 2286 256 40 ifrågavarande
837 2288 211 40 paragrafen.

150 2333 93 31 Utan
266 2334 103 30 tvivel
392 2334 63 30 bör
479 2335 269 31 understundom
773 2337 65 29 den
863 2338 297 39 omständigheten
1185 2341 49 28 att
1258 2342 49 27 ett
1331 2340 93 30 brott
1448 2341 150 31 förövats

98 2385 18 29 å
141 2383 193 31 sabbatstid
359 2395 99 20 anses
484 2387 112 29 såsom
622 2386 227 31 försvårande.
887 2388 129 30 Därvid
1042 2388 64 30 kan
1133 2389 188 31 emellertid
1349 2390 57 31 det
1431 2390 168 32 kvalifice-

98 2434 104 30 rande
220 2437 185 28 momentet
423 2435 10 30 i
452 2436 185 31 allmänhet
655 2437 72 30 icke
747 2439 97 39 sägas
864 2438 91 40 ligga
974 2438 71 30 däri
1065 2441 49 28 att
1133 2439 183 41 aktningen
1339 2441 52 30 för
1410 2441 189 41 religionen

98 2487 43 37 på
166 2486 103 38 något
295 2487 67 28 sätt
387 2486 110 30 skulle
525 2487 222 41 undergrävts
772 2499 121 29 genom
919 2489 126 30 brottet
1075 2493 77 27 utan
1183 2491 159 31 fastmera
1368 2492 9 29 i
1406 2492 104 31 andra
1538 2493 61 30 för-

1660 474 130 23 Utskottet.
