2222 2686
385 210 19 31 2
832 210 353 38 Bevillningsutskottets
1208 210 201 30 Betänkande
1431 209 59 30 N:o
1512 210 28 28 4.

494 289 19 35 I
556 301 46 23 en
640 289 103 36 inom
777 288 130 36 Andra
936 289 225 35 Kammaren
1190 288 112 36 väckt
1334 288 149 44 motion,
1514 300 60 23 n:o
1606 289 62 43 41,
1695 299 76 24 som
1801 287 191 37 hänvisats

387 344 57 36 till
463 343 426 48 bevillningsutskottet,
912 344 67 35 har
1002 343 85 35 herr
1106 343 37 35 S.
1168 343 40 35 T.
1231 343 121 36 Palme
1380 342 198 44 hemställt,
1606 345 72 33 »att
1697 342 115 36 sådan
1834 342 158 47 ändring

386 398 13 35 i
414 411 51 22 nu
482 398 173 47 gällande
676 398 203 47 tullstadga
896 400 112 34 måtte
1029 403 118 42 göras,
1170 400 54 33 att
1243 397 239 47 zinkstänger
1498 399 113 33 måtte
1630 396 139 36 införas
1785 397 120 35 under
1921 397 72 35 den

385 452 262 44 underrubrik,
684 453 65 34 där
777 452 183 36 tullfrihet
988 452 204 47 medgifves
1220 452 56 35 för
1300 452 88 47 plåt,
1410 452 83 47 spik
1519 452 69 35 och
1607 452 94 43 tråd,
1724 451 187 36 äfvensom
1932 456 61 31 rör

385 507 68 36 och
482 506 199 36 rördelar.»

491 561 72 35 Till
593 561 83 36 stöd
704 561 60 36 för
793 562 100 35 detta
923 561 138 47 förslag
1089 561 67 35 har
1184 560 231 36 motionären
1445 560 121 36 anfört
1594 559 179 50 följande:

499 652 104 35 »Den
632 664 52 22 nu
713 651 173 47 gällande
915 651 187 36 tulltaxan
1131 654 183 44 upptager
1341 651 119 35 under
1487 650 130 37 rubrik

384 741 165 36 Metaller

492 804 30 36 I.
581 805 93 34 Zink

384 868 89 35 flera
504 867 99 35 olika
632 865 301 45 underrubriker,
964 866 114 35 bland
1106 865 144 37 hvilka:
1287 880 70 18 »—
1390 865 166 36 arbetad:
1580 866 88 46 plåt,
1692 865 85 47 spik
1805 866 68 35 och
1893 866 93 43 tråd,

383 922 190 36 äfvensom
603 926 61 31 rör
694 921 71 35 och
793 920 174 45 rördelar,
990 921 106 43 fria.

489 975 234 47 Visserligen
767 978 182 43 upptages
992 974 82 35 icke
1109 974 119 35 under
1253 975 120 34 denna
1402 973 130 36 rubrik
1560 974 93 35 Zink
1681 975 14 34 i
1722 979 151 41 stänger,
1904 986 86 23 men

381 1031 98 34 ända
522 1030 98 35 intill
660 1030 73 34 den
765 1031 19 32 3
818 1028 154 36 oktober
1011 1030 99 34 1905
1146 1028 110 36 hafva
1286 1028 128 48 dylika
1443 1032 151 43 stänger
1622 1028 224 36 behandlats
1877 1028 118 47 enligt

381 1097 89 35 nyss
501 1084 154 35 anförda
684 1083 252 35 underrubrik
965 1083 68 35 och
1062 1083 157 35 sålunda
1248 1085 80 44 gått
1356 1082 150 36 tullfria.

488 1139 288 47 Nyssnämnda
766 1132 19 58 :
800 1138 71 46 dag
914 1137 66 35 har
1023 1136 206 36 emellertid
1271 1149 133 35 genom
1448 1149 45 23 en
1522 1136 296 37 rundskrifvelse
1847 1149 61 23 n:o
1940 1139 48 34 88

380 1192 82 35 från
505 1192 412 46 generaltullstyrelsen
956 1192 139 34 sådana
1124 1191 278 35 bestämmelser
1429 1192 196 43 utfärdats,
1657 1194 54 31 att
1739 1192 67 34 här
1835 1191 154 35 afsedda

381 1249 151 43 stänger
555 1245 116 36 blifva
701 1245 184 35 hänförda
914 1245 57 35 till
1000 1257 46 23 en
1077 1257 123 23 annan
1229 1244 263 36 underrubrik:
1530 1249 136 31 »annat
1696 1245 90 47 slag,
1812 1244 57 36 för
1897 1245 91 35 kilo-

381 1312 103 35 gram
514 1301 52 34 20
590 1305 90 30 öre.»

488 1354 88 34 Med
606 1353 174 35 afseende
810 1355 20 33 å
861 1354 121 34 denna
1011 1353 257 35 bestämmelse
1297 1353 138 35 tillåter
1460 1352 65 48 jag
1555 1353 76 46 mig
1660 1353 126 35 anföra
1805 1353 180 48 följande:

487 1407 57 35 De
573 1407 253 46 zinkstänger,
859 1419 76 23 som
965 1406 317 47 hufvudsakligen
1310 1406 57 36 till
1393 1406 151 47 Sverige
1574 1406 150 45 införas,
1748 1412 60 30 äro
1836 1407 152 36 afsedda

380 1462 57 34 för
465 1464 53 32 ett
548 1461 263 46 specialbehof,
843 1461 189 46 nämligen
1060 1460 58 35 till
1147 1473 26 22 s.
1197 1461 36 34 k.
1267 1460 306 36 »batterizinkar»
1595 1461 64 35 vid
1689 1461 203 35 elektriska
1911 1462 77 35 bat-

379 1514 123 44 terier,
547 1514 320 47 hufvudsakligen
909 1515 56 34 för
994 1514 318 47 telefonbolagens
1340 1514 107 36 bruk.
1505 1514 75 35 Det
1608 1515 118 46 gäller
1755 1515 156 36 sålunda
1942 1528 46 23 en

380 1568 144 46 ganska
568 1568 209 47 begränsad
821 1568 254 46 användning,
1105 1568 57 35 för
1189 1568 166 44 hvilken,
1387 1569 75 46 mig
1490 1568 220 47 veterligen,
1740 1569 84 35 icke
1854 1581 133 35 genom

379 1621 246 48 tillverkning
666 1622 100 35 inom
810 1623 128 34 landet
980 1621 125 49 sörjes,
1151 1622 149 36 hvadan
1328 1621 114 48 ingen
1471 1621 234 37 konkurrens
1736 1624 84 34 med
1850 1623 139 36 svensk

378 1675 162 36 industri
569 1675 210 36 förefinnes.

486 1729 300 47 Zinkstängerna
830 1735 61 30 äro
935 1731 185 34 dessutom
1151 1730 12 35 i
1193 1730 239 47 synnerligen
1474 1731 106 47 ringa
1623 1733 84 34 mån
1751 1731 234 44 bearbetade,

379 1783 149 36 hvadan
559 1784 44 34 de
634 1796 112 35 synas
777 1783 75 47 mig
881 1784 12 35 i
923 1789 99 30 ännu
1051 1784 115 46 högre
1196 1784 92 47 grad
1318 1789 47 30 än
1394 1783 111 38 ofvan
1536 1785 156 36 anförda
1721 1785 95 46 spik,
1838 1790 60 31 rör
1919 1786 68 35 och

379 1837 165 35 rördelar
574 1849 88 23 vara
691 1837 176 48 förtjänta
898 1837 39 35 af
960 1837 192 36 tullfrihet.

486 1891 71 34 Till
588 1891 67 36 sist
683 1891 66 35 ber
773 1891 66 48 jag
869 1894 54 33 att
950 1891 35 36 få
1015 1891 157 47 påpeka,
1204 1894 64 41 att,
1290 1891 13 35 i
1323 1891 231 37 förhållande
1579 1893 58 35 till
1666 1892 131 49 själfva
1823 1895 162 45 stänger-

377 1956 68 23 nas
487 1944 88 47 pris,
616 1945 118 35 tullen
770 1951 40 29 är
838 1948 39 32 så
908 1958 84 34 pass
1021 1946 85 46 hög,
1139 1949 53 32 att
1222 1947 82 42 den,
1336 1947 117 46 enligt
1482 1947 75 47 mig
1584 1947 173 35 lämnade
1786 1947 198 47 uppgifter,

377 1998 56 35 lär
474 1999 115 35 verka
619 2002 133 33 nästan
782 2002 120 33 såsom
931 1999 280 48 importförbud,
1242 1999 57 36 till
1329 2003 91 33 stort
1449 2013 84 23 men
1562 2000 55 36 för
1645 2000 310 48 telefonbolagen.
1968 2016 13 18 >»

483 2124 88 35 Med
615 2124 175 36 afseende
822 2127 20 33 å
871 2124 350 48 tullbehandlingen
1264 2125 40 36 af
1342 2125 239 49 zinkstänger
1623 2127 67 35 har
1718 2126 182 37 utskottet
1928 2126 57 36 till

377 2189 47 23 en
453 2177 130 48 början
614 2179 99 34 velat
743 2179 171 35 meddela
942 2179 172 48 följande.

484 2231 143 36 Genom
672 2232 123 35 beslut
829 2234 72 33 den
937 2235 47 32 27
1016 2233 148 46 augusti
1196 2235 99 33 1895
1325 2233 210 36 förklarade
1564 2235 418 47 generaltullstyrelsen,

376 2287 56 33 att
474 2288 52 33 ett
570 2286 45 35 då
659 2286 119 36 under
825 2286 301 47 tullbehandling
1154 2287 163 37 varande
1346 2288 96 46 parti
1471 2288 87 35 zink
1585 2288 13 35 i
1628 2291 150 44 stänger
1814 2301 56 23 om
1905 2291 80 41 12,5
