1900 2784
441 157 388 30 Jordbruksutskottets
852 157 178 30 utlåtande
1050 166 44 21 nr
1112 158 44 29 20
1175 156 40 31 år
1235 158 84 29 1956
1614 157 19 30 9

123 240 90 31 båda
242 240 248 40 förordningar
519 240 10 30 i
558 240 152 30 avbidan
738 241 44 40 på
811 240 182 30 resultatet
1021 249 43 21 av
1095 240 84 30 1954
1208 240 57 30 års
1294 239 334 40 fiskeriutrednings

123 291 116 30 arbete
258 290 90 31 skall
368 291 178 39 förlängas
565 293 52 28 att
635 291 90 39 gälla
743 290 199 41 ytterligare
961 292 49 28 ett
1029 291 49 30 år.

170 342 73 30 Vad
263 342 109 39 angår
391 342 68 29 den
478 341 166 30 fortsatta
663 341 267 40 tillämpningen
950 350 42 21 av
1012 340 349 41 importregleringen
1382 341 44 40 på
1447 340 71 30 fisk
1539 340 90 30 före-

124 392 70 29 slår
217 392 383 39 jordbruksnämnden,
625 394 51 28 att
700 391 216 40 regleringen
940 409 43 4 —
1007 392 79 30 med
1111 392 68 29 den
1203 391 150 39 ändring
1378 400 76 21 som
1478 391 151 30 föranle-

125 443 60 29 des
208 452 41 20 av
273 443 96 30 förut
392 443 235 30 omförmälda
650 443 114 29 beslut
786 452 58 20 om
867 442 191 40 uttagande
1081 451 43 20 av
1147 441 297 40 införselavgifter
1468 443 45 39 på
1536 441 94 30 vissa

124 493 173 30 fiskfiléer
317 511 44 3 —
383 493 89 30 skall
493 494 179 29 anordnas
693 493 11 29 i
727 493 235 39 huvudsaklig
984 493 350 29 överensstämmelse
1357 493 79 29 med
1459 493 42 29 de
1524 500 105 32 grun-

123 544 71 35 der,
216 552 76 21 som
313 544 177 40 tillämpas
511 544 112 30 under
643 543 236 30 innevarande
899 543 180 40 budgetår.
1101 543 184 30 Nämnden
1307 543 136 30 lämnar
1463 543 11 29 i
1496 543 134 29 anslut-

124 594 84 40 ning
227 594 120 30 härtill
366 604 44 20 en
430 594 218 40 redogörelse
669 594 54 30 för
743 595 66 29 den
830 594 281 30 hittillsvarande
1133 593 267 41 tillämpningen
1422 603 43 20 av
1485 593 145 40 import-

125 644 216 40 regleringen
364 647 91 27 samt
475 644 260 40 behandlingen
756 654 43 20 av
821 645 124 39 frågan
966 653 58 21 om
1046 645 190 38 uttagande
1259 653 42 21 av
1322 644 307 40 införselavgifter.

170 696 75 29 Vad
267 695 156 31 härefter
444 695 107 40 gäller
573 695 68 30 den
664 694 279 31 hittillsvarande
965 695 259 39 behandlingen
1248 704 43 20 av
1314 694 124 40 frågan
1460 703 58 21 om
1540 696 92 28 utta-

126 746 111 39 gande
261 755 42 20 av
326 745 298 40 införselavgifter
647 745 135 30 erinrar
804 745 374 40 jordbruksnämnden
1202 745 90 30 först
1315 754 59 20 om
1397 746 51 28 att
1472 744 10 30 i
1506 753 127 31 propo-

127 796 192 30 sitionerna
346 796 98 30 1953:
463 796 71 35 197,
563 796 99 30 1954:
681 797 58 30 121
766 796 65 29 och
859 796 97 30 1955:
975 796 61 31 105
1062 796 187 30 förutsatts
1274 797 61 33 att,
1360 795 92 30 intill
1476 795 80 30 dess
1581 804 52 21 re-

123 846 108 30 sultat
253 846 184 40 föreligger
458 855 43 21 av
524 846 83 31 1954
628 847 57 30 års
708 845 323 40 fiskeriutredning,
1055 846 229 40 möjligheten
1306 847 52 28 att
1380 847 120 38 uttaga
1521 845 110 30 inför-

127 897 200 40 selavgifter
347 898 45 39 på
413 897 71 30 fisk
503 896 77 31 icke
602 897 90 30 skall
713 897 185 39 utnyttjas,
920 896 120 31 såvida
1061 897 31 40 ej
1116 896 188 40 väsentligt
1325 896 154 30 ändrade
1501 895 132 31 förhål-

124 946 128 30 landen
275 947 199 30 föranleder
495 947 129 30 därtill.
648 947 117 39 Enligt
788 946 220 31 sistnämnda
1030 946 220 41 proposition
1273 947 113 29 skulle
1409 947 95 29 detta
1526 945 105 31 emel-

123 997 102 30 lertid
245 997 76 30 icke
341 998 153 29 utesluta
514 999 51 28 att
584 1016 43 4 —
647 998 77 29 med
745 998 138 39 hänsyn
902 997 53 29 till
975 997 247 39 utvecklingen
1242 997 112 30 under
1375 1005 121 22 senare
1518 997 50 30 tid
1589 1013 44 5 —

123 1047 125 40 frågan
264 1056 59 21 om
340 1047 185 31 införande
542 1057 42 20 av
602 1048 297 39 införselavgifter
916 1049 44 39 på
977 1047 175 31 fiskfiléer
1171 1048 113 29 skulle
1302 1047 121 30 kunna
1441 1049 98 38 tagas
1558 1055 73 32 upp

125 1098 52 29 till
202 1098 250 40 övervägande.
479 1098 127 30 Vidare
633 1098 103 30 anför
761 1098 187 35 nämnden,
975 1100 52 28 att
1052 1099 68 29 den
1146 1097 11 30 i
1183 1098 97 30 förra
1305 1098 92 31 årets
1424 1097 206 40 reglerings-

125 1148 167 30 skrivelse
318 1149 173 35 anmälde,
519 1151 51 28 att
598 1148 302 40 framställningar
927 1157 58 21 om
1010 1148 45 33 bl.
1082 1158 31 20 a.
1140 1148 190 40 uttagande
1356 1157 44 21 av
1424 1148 207 30 införselav-

124 1199 104 39 gifter
252 1200 45 39 på
321 1199 73 30 fisk
419 1199 110 40 gjorts
555 1209 43 20 av
623 1199 155 30 Svenska
803 1199 343 30 västkustfiskarnas
1172 1198 288 31 centralförbund
1487 1198 11 30 i
1524 1198 107 30 skrift

125 1250 52 29 till
198 1250 179 30 nämnden
397 1250 67 30 den
485 1251 18 29 5
524 1250 80 40 juni
627 1250 83 30 1954
730 1249 64 30 och
817 1259 41 20 av
880 1249 155 40 Sveriges
1057 1250 151 29 fiskares
1229 1249 230 30 riksförbund
1480 1249 11 30 i
1512 1258 44 21 en
1577 1248 53 31 till

125 1301 177 29 nämnden
319 1300 56 30 för
390 1301 163 39 yttrande
571 1300 202 30 remitterad
791 1300 106 30 skrift
912 1301 68 29 den
1000 1300 40 31 14
1058 1300 195 40 september
1274 1300 93 35 1954,
1386 1302 92 28 samt
1494 1299 137 31 erinrar

124 1360 57 20 om
204 1353 52 27 att
277 1351 127 39 Kungl.
427 1351 107 39 Maj:t
557 1351 197 30 sedermera
777 1351 55 29 för
854 1351 162 39 yttrande
1040 1350 53 30 till
1115 1351 179 29 nämnden
1317 1350 246 31 överlämnade
1587 1359 44 21 en

124 1401 11 29 i
152 1410 136 20 samma
304 1401 91 39 syfte
412 1401 102 39 gjord
531 1400 262 40 framställning
811 1402 67 29 den
898 1401 38 30 12
953 1400 147 30 oktober
1120 1401 82 30 1955
1221 1409 43 21 av
1281 1400 266 31 riksförbundet
1565 1399 66 31 och

125 1452 336 29 västkustfiskarnas
481 1451 295 30 centralförbund.
795 1451 184 30 Nämnden
999 1451 137 29 erinrar
1156 1450 129 35 vidare,
1307 1452 51 28 att
1378 1451 68 29 den
1465 1450 13 30 i
1497 1452 135 38 yttran-

124 1502 41 29 de
184 1502 67 29 den
271 1502 41 30 29
332 1501 182 30 december
536 1502 82 30 1955
640 1503 80 28 över
739 1502 155 29 nämnda
913 1501 305 39 framställningar
1236 1519 43 4 —
1297 1500 12 30 i
1329 1501 175 29 avvaktan
1524 1501 45 41 på
1589 1501 41 30 de

124 1561 74 21 mer
221 1552 211 40 långsiktiga
453 1552 227 39 åtgöranden,
703 1561 76 20 som
799 1551 71 30 kan
892 1551 201 30 föranledas
1115 1560 43 21 av
1178 1551 196 30 eventuella
1396 1551 132 40 förslag
1550 1551 81 30 från

126 1602 84 31 1954
230 1603 57 30 års
309 1602 315 39 fiskeriutredning
644 1620 43 4 —
706 1602 43 30 bl.
771 1611 30 23 a,
823 1602 171 30 framlade
1016 1602 132 39 förslag
1169 1610 58 21 om
1248 1602 190 39 uttagande
1458 1611 43 20 av
1521 1601 110 31 inför-

124 1653 200 40 selavgifter
346 1653 45 41 på
413 1653 91 30 vissa
528 1653 183 30 fiskfiléer.

171 1705 13 29 I
207 1704 99 39 fråga
327 1713 58 20 om
407 1704 125 39 Kungl.
555 1704 125 39 Maj:ts
702 1703 113 30 beslut
837 1703 11 29 i
870 1702 189 40 anledning
1081 1712 42 21 av
1145 1703 155 30 nämnda
1322 1703 131 39 förslag
1476 1704 92 28 samt
1590 1703 42 30 de

124 1763 43 21 av
184 1754 374 39 jordbruksnämnden
576 1754 12 29 i
608 1754 170 29 samband
798 1753 144 30 härmed
962 1753 167 39 vidtagna
1148 1753 403 40 regleringsåtgärderna
1571 1762 61 21 an-

124 1805 55 29 för
197 1805 178 29 nämnden
393 1804 10 30 i
421 1804 186 30 huvudsak
626 1804 166 39 följande.

171 1863 125 39 Kungl.
316 1863 107 39 Maj:t
439 1863 254 39 bemyndigade
710 1863 67 29 den
796 1863 41 30 20
853 1862 143 40 januari
1016 1863 83 29 1956
1117 1862 374 39 jordbruksnämnden
1509 1864 51 28 att
1578 1863 56 29 be-

128 1907 160 33 stämma,
315 1907 50 27 att
392 1905 297 38 införselavgifter
714 1905 89 28 skall
828 1905 157 38 erläggas
1012 1904 54 29 för
1092 1904 121 30 färska
1238 1904 65 29 och
1329 1904 111 38 frysta
1467 1904 99 30 filéer
1591 1913 43 20 av

127 1947 108 35 torsk,
254 1947 108 39 kolja,
381 1946 199 40 kungsfisk,
599 1947 124 38 vitling
741 1947 64 28 och
825 1946 111 39 gråsej
959 1947 79 28 med
1057 1946 124 39 belopp
1200 1946 31 39 ej
1253 1946 241 39 överstigande
1514 1946 41 30 45
1575 1947 59 29 öre

126 1998 62 30 per
206 1989 183 39 kilogram.
409 1990 12 29 I
440 1988 206 40 anslutning
664 1988 119 30 härtill
802 1988 180 30 föreskrev
1000 1988 126 39 Kungl.
1147 1988 116 39 Maj:t,
1284 1990 50 27 att
1353 1989 41 28 de
1414 1989 122 34 medel,
1558 1997 76 20 som

127 2031 144 39 inflyter
293 2031 58 29 vid
375 2031 189 39 uttagande
589 2040 42 20 av
654 2030 257 39 införselavgift
934 2030 55 30 för
1013 2030 184 35 fiskfiléer,
1222 2030 90 29 skall
1336 2030 150 30 tillföras
1510 2031 124 29 nämn-

127 2073 85 29 dens
234 2072 374 40 prisregleringskassa
630 2072 54 30 för
706 2073 69 28 fisk
798 2075 50 27 att
870 2072 180 30 användas
1072 2072 55 29 för
1149 2072 78 29 med
1249 2072 130 29 kassan
1401 2072 152 29 avsedda
1574 2073 60 28 än-

127 2115 127 29 damål.
282 2115 126 38 Kungl.
434 2115 105 38 Maj:t
566 2115 161 29 lämnade
752 2114 118 30 vidare
896 2116 85 27 utan
1007 2114 122 38 åtgärd
1156 2114 41 29 de
1223 2123 42 20 av
1291 2113 343 39 fiskarorganisatio-

127 2165 109 21 nerna
252 2157 11 28 i
281 2157 351 38 framställningarna
650 2157 122 37 gjorda
789 2156 204 39 yrkandena
1011 2165 58 19 om
1087 2156 194 38 skärpning
1299 2165 42 19 av
1358 2156 276 39 importlicense-

127 2199 122 37 ringen
267 2208 43 19 av
328 2199 98 28 färsk
444 2198 64 29 och
527 2199 91 38 fryst
637 2199 70 28 fisk
726 2200 90 27 samt
835 2207 57 19 om
909 2198 236 38 importstopp
1163 2198 45 38 på
1227 2198 66 28 salt
1313 2198 65 28 sill.

172 2240 77 28 Med
266 2241 77 28 stöd
359 2249 43 19 av
418 2240 154 29 nämnda
588 2239 278 38 bemyndigande
883 2240 110 28 beslöt
1009 2240 384 38 jordbruksnämnden,
1411 2241 50 27 att
1479 2239 42 29 fr.
1539 2248 30 21 o.
1588 2248 45 19 m.

127 2282 66 28 den
213 2282 41 28 30
272 2281 143 39 januari
437 2281 81 29 1956
538 2281 255 38 införselavgift
815 2281 70 28 tills
904 2281 118 28 vidare
1043 2281 90 28 skall
1152 2281 83 38 utgå
1254 2281 54 28 för
1328 2280 150 39 angivna
1499 2281 73 38 slag
1592 2289 43 19 av

128 2322 173 30 fiskfiléer
323 2323 78 28 med
423 2323 40 29 45
484 2323 58 28 öre
564 2332 60 29 per
645 2322 171 38 kilogram
838 2331 41 20 av
899 2331 127 20 varans
1048 2322 182 31 nettovikt.
1254 2323 12 28 I
1289 2322 204 38 anslutning
1514 2321 120 30 härtill

127 2365 111 28 beslöt
255 2364 176 29 nämnden
448 2364 119 29 vidare
608 2383 17 2 —
641 2363 10 29 i
669 2364 152 37 enlighet
838 2364 77 28 med
932 2364 65 28 vad
1016 2364 177 29 nämnden
1212 2364 167 29 förutsatt
1396 2363 10 29 i
1425 2364 209 37 nyssnämn-

128 2407 44 28 da
195 2406 180 29 utlåtande
406 2425 1 2 —
462 2408 50 27 att
534 2405 210 29 kvantitativ
767 2405 303 39 importreglering
1093 2406 30 38 ej
1152 2406 88 28 skall
1264 2405 258 39 upprätthållas
1545 2405 90 39 jäm-

129 2448 91 29 sides
242 2448 79 29 med
342 2449 167 37 systemet
529 2448 78 29 med
630 2447 296 38 införselavgifter
947 2449 92 27 samt
1060 2449 50 27 att
1131 2447 93 29 vissa
1246 2448 161 38 åtgärder
1429 2447 112 29 skulle
1562 2447 73 29 vid-
