1904 2784
455 150 388 33 Jordbruksutskottets
865 147 180 32 utlåtande
1065 155 43 21 nr
1127 146 42 30 20
1189 145 39 30 år
1249 144 84 30 1956
1627 139 17 30 7

141 241 166 40 systemet
329 238 46 42 på
396 238 194 32 ostkusten,
612 235 80 30 med
715 234 140 39 hänsyn
876 232 46 29 bl.
944 240 30 21 a.
997 230 53 30 till
1073 231 50 28 att
1145 229 11 29 i
1179 227 197 31 direktiven
1400 225 55 30 för
1480 222 82 32 1954
1586 222 56 30 års

140 289 315 39 fiskeriutredning
481 287 100 40 ingår
608 288 51 28 att
685 283 191 31 verkställa
903 291 44 21 en
974 282 149 38 översyn
1150 280 87 29 även
1264 286 41 21 av
1335 275 225 39 riktlinjerna
1588 273 55 29 för

140 341 292 43 prisregleringen
450 349 42 21 av
508 336 218 39 strömming.
744 336 13 29 I
774 334 175 31 avvaktan
965 332 44 40 på
1026 329 182 31 resultatet
1224 338 42 20 av
1284 328 115 29 denna
1415 327 148 37 översyn
1579 324 65 29 har

141 392 253 39 förordningen
417 390 99 30 1952:
532 388 63 31 320
618 386 140 31 erhållit
778 384 144 31 fortsatt
943 382 158 40 giltighet
1125 382 23 28 t.
1170 389 30 21 o.
1224 388 45 21 m.
1293 379 67 29 den
1383 377 41 30 30
1447 375 80 41 juni
1550 374 94 30 1956.

142 444 117 39 Enligt
282 442 197 31 nämndens
504 439 141 39 mening
670 439 38 28 är
732 437 58 29 det
814 434 178 33 önskvärt,
1018 434 51 29 att
1093 431 128 39 frågor,
1248 438 76 21 som
1351 426 294 39 sammanhänger

141 495 80 30 med
243 491 366 40 handelsregleringen
632 488 45 41 på
700 485 220 39 strömming,
944 485 170 39 upptages
1138 482 52 29 till
1215 480 194 40 skyndsam
1433 476 213 39 behandling

141 546 97 29 inom
257 543 84 31 1954
360 543 58 30 års
436 539 324 39 fiskeriutredning,
780 537 39 31 så
838 536 50 30 att
905 535 132 39 förslag
1056 534 11 29 i
1085 534 101 30 dessa
1204 531 119 39 frågor
1341 539 58 20 om
1417 528 139 39 möjligt
1575 527 71 29 kan

141 596 196 39 föreläggas
361 593 82 31 1957
466 592 56 30 års
543 591 153 38 riksdag.
718 589 13 30 I
753 588 175 31 avvaktan
948 585 112 40 härpå
1081 582 148 31 föreslår
1250 580 188 34 nämnden,
1463 580 50 29 att
1535 577 111 40 giltig-

142 646 177 31 hetstiden
339 645 55 30 för
415 641 233 32 omförmälda
669 639 207 38 förordning
900 636 99 30 1952:
1016 636 63 30 320
1102 634 89 30 skall
1215 632 178 39 förlängas
1415 632 23 28 t.
1461 639 30 20 o.
1512 638 46 20 m.
1580 628 67 30 den

141 697 41 31 30
201 696 80 41 juni
301 695 94 32 1957.

187 744 378 34 Jordbruksnämnden
592 743 134 29 erinrar
755 740 11 29 i
793 740 95 29 detta
917 735 256 39 sammanhang
1200 743 58 20 om
1284 734 50 29 att
1361 729 287 41 näringsfrihets-

143 798 99 31 rådet
262 805 126 32 genom
408 795 114 30 beslut
542 794 67 29 den
630 793 41 30 22
691 791 79 40 juni
794 788 84 32 1954
900 787 162 31 lämnade
1084 786 41 30 de
1147 782 263 33 auktoriserade
1434 779 214 40 fiskförsälj-

143 847 355 42 ningsföreningarna
521 844 45 41 på
591 843 185 30 ostkusten
800 839 158 31 tillstånd
983 840 52 28 att
1058 837 159 39 tillämpa
1241 844 41 21 av
1308 833 178 31 nämnden
1509 831 138 30 medde-

143 900 77 31 lade
239 897 223 32 föreskrifter
482 905 58 21 om
559 893 128 31 förbud
706 894 74 28 mot
800 888 305 33 underskridande
1126 896 42 21 av
1188 883 295 43 partinoteringar
1505 881 66 31 och
1591 889 58 22 om

144 949 295 31 minimirabatter
464 946 45 40 på
533 945 99 30 färsk
655 943 66 31 och
744 943 124 29 frusen
893 938 219 39 strömming,
1137 938 38 30 så
1198 937 101 38 länge
1323 933 232 32 förenämnda
1579 932 69 30 för-

145 1000 150 40 ordning
319 999 100 30 1952:
435 998 63 30 320
521 1005 57 22 om
601 995 71 30 viss
694 992 173 41 reglering
890 1000 42 21 av
954 989 156 31 handeln
1132 988 80 30 med
1237 986 72 30 fisk
1332 985 11 30 i
1367 985 55 30 sin
1446 982 203 31 nuvarande

143 1049 260 40 huvudsakliga
421 1046 220 39 utformning
661 1046 80 38 äger
762 1043 143 30 fortsatt
924 1040 168 41 giltighet,
1113 1038 90 30 dock
1222 1038 116 38 längst
1358 1037 23 28 t.
1403 1044 30 21 o.
1453 1043 46 21 m.
1519 1034 67 29 den
1608 1032 41 31 30

144 1101 79 41 juni
247 1101 95 30 1956.
362 1098 184 31 Nämnden
567 1094 157 32 anmäler
745 1103 59 25 nu,
825 1094 52 31 att
897 1093 68 30 den
984 1091 12 29 i
1018 1089 166 32 skrivelse
1204 1088 54 30 till
1278 1084 372 42 näringsfrihetsrådet

146 1153 67 30 den
232 1152 41 31 20
293 1149 143 42 januari
458 1148 83 31 1956
562 1145 158 35 anhållit,
741 1146 51 29 att
811 1143 155 31 nämnda
986 1140 159 31 tillstånd
1165 1139 108 30 måtte
1292 1137 179 39 förlängas
1491 1136 51 29 att
1560 1134 91 40 gälla

146 1202 71 31 tills
234 1202 121 30 vidare
374 1201 11 29 i
404 1199 174 31 avvaktan
597 1197 44 41 på
660 1196 184 30 resultatet
863 1203 42 21 av
928 1191 84 31 1954
1032 1191 57 31 års
1109 1187 331 40 fiskeriutrednings
1463 1186 126 30 arbete.

191 1284 378 34 Jordbruksnämnden
599 1282 103 30 anför
731 1279 166 35 härefter,
927 1279 52 29 att
1007 1295 45 4 —
1080 1275 108 40 enligt
1215 1272 182 32 uttalande
1427 1280 43 21 av
1497 1269 155 31 föredra-

145 1339 112 40 gande
272 1333 387 44 departementschefen
675 1331 12 30 i
702 1329 266 42 propositionen
985 1327 100 30 1956:
1101 1326 41 30 40
1159 1324 179 41 angående
1356 1322 122 39 anslag
1493 1320 56 31 för
1564 1319 87 32 bud-

148 1389 132 40 getåret
301 1386 148 36 1956/57
473 1385 53 29 till
547 1384 132 30 statens
699 1379 328 42 jordbruksnämnd
1050 1386 45 23 m.
1116 1385 45 21 m.
1182 1393 45 4 —
1245 1373 197 31 nämndens
1462 1371 191 30 kostnader

149 1440 55 29 för
228 1437 161 42 uppbörd
412 1436 65 30 och
499 1433 154 31 kontroll
677 1441 42 21 av
741 1432 45 29 bl.
812 1440 30 20 a.
867 1425 416 44 prisregleringsavgifter
1308 1424 54 30 för
1386 1423 73 29 fisk
1483 1422 43 29 fr.
1553 1431 29 21 o.
1607 1429 46 21 m.

149 1490 102 30 nästa
273 1487 170 40 budgetår
466 1485 91 30 skall
577 1483 173 31 bestridas
774 1491 42 20 av
838 1478 279 41 avgiftsmedlen.
1141 1475 132 31 Härvid
1295 1475 65 29 har
1382 1473 186 30 förutsatts
1593 1472 61 32 att,

150 1541 117 30 såsom
285 1539 25 30 f.
331 1547 33 21 n.
384 1538 90 33 sker,
493 1534 238 31 kostnaderna
751 1532 55 30 för
825 1530 197 31 nämndens
1041 1526 227 32 lokalombud
1289 1525 55 30 för
1363 1522 293 42 prisregleringen

150 1601 42 20 av
213 1590 72 30 fisk
306 1590 88 29 även
415 1587 12 30 i
448 1585 273 39 fortsättningen
743 1582 90 31 skall
854 1581 121 30 täckas
996 1588 43 21 av
1060 1578 113 30 medel
1193 1585 42 22 ur
1257 1573 399 43 prisregleringskassan

150 1642 55 29 för
232 1640 82 30 fisk.
341 1638 118 39 Enligt
485 1637 41 30 12
553 1636 14 37 8
595 1632 256 33 meranämnda
874 1629 208 40 förordning
1108 1627 99 31 1952:
1223 1626 63 31 320
1313 1625 91 31 skall
1430 1624 122 36 medel,
1579 1630 76 22 som

150 1692 144 38 inflyter
319 1690 53 29 till
396 1688 178 30 nämnden
598 1694 125 31 genom
746 1681 224 43 upptagande
996 1689 42 21 av
1063 1675 416 45 prisregleringsavgifter
1503 1674 45 40 på
1573 1673 82 33 fisk,

151 1742 108 39 enligt
276 1740 196 30 nämndens
489 1735 265 33 bestämmande
772 1733 179 31 användas
969 1732 55 29 för
1042 1730 172 39 reglering
1229 1736 45 21 av
1290 1727 109 41 priset
1416 1725 45 41 på
1478 1724 82 30 fisk.
1576 1724 81 29 Det-

152 1794 35 28 ta
205 1791 191 39 stadgande
413 1790 38 29 är
468 1789 38 29 så
522 1787 147 31 allmänt
686 1785 118 34 hållet,
823 1785 52 28 att
891 1783 57 30 det
964 1782 12 29 i
990 1783 68 29 och
1075 1781 54 29 för
1146 1780 51 39 sig
1213 1779 30 39 ej
1264 1778 98 30 torde
1377 1776 135 30 behöva
1528 1774 128 31 ändras

154 1843 55 30 för
227 1844 49 27 ett
295 1839 274 42 genomförande
587 1847 41 20 av
646 1836 168 39 förslaget
833 1843 58 21 om
909 1831 287 41 avgiftsmedlens
1214 1827 226 39 användning
1458 1826 55 30 för
1531 1825 129 39 ifråga-

155 1892 153 31 varande
333 1889 174 32 ändamål.
532 1888 117 39 Enligt
672 1886 197 30 nämndens
893 1882 142 39 mening
1059 1882 63 29 bör
1147 1880 90 30 dock
1261 1880 49 28 ett
1335 1876 258 40 förtydligande
1618 1883 43 21 av

156 1942 209 40 stadgandet
383 1941 71 29 ske.
471 1938 184 31 Nämnden
674 1935 149 31 föreslår
842 1934 131 33 därför,
992 1934 51 28 att
1062 1930 209 41 paragrafen
1291 1929 43 31 fr.
1354 1937 29 21 o.
1404 1936 45 21 m.
1470 1927 67 29 den
1558 1926 15 29 1
1593 1924 68 40 juli

159 1994 83 30 1956
269 1992 90 30 skall
387 1990 132 31 erhålla
544 1987 158 40 följande
728 1985 155 32 ändrade
911 1983 145 40 lydelse:
1084 1980 121 35 Medel,
1233 1989 75 20 som
1336 1978 125 39 inflyta
1487 1976 53 30 till
1566 1975 96 40 jord-

156 2042 291 31 bruksnämnden
465 2048 124 32 genom
606 2036 224 42 upptagande
847 2044 43 21 av
906 2030 416 44 prisregleringsavgifter
1341 2030 164 29 ävensom
1524 2026 138 31 avkast-

158 2095 129 38 ningen
308 2093 118 32 därav,
450 2091 98 29 skola
570 2089 107 39 enligt
698 2088 41 29 de
762 2088 161 28 närmare
946 2082 221 32 föreskrifter
1189 2081 126 39 Kungl.
1338 2079 106 39 Maj:t
1466 2077 81 31 eller
1567 2076 95 40 jord-

159 2143 290 31 bruksnämnden
474 2139 177 31 meddelar
680 2137 180 31 användas
887 2136 55 29 för
969 2133 172 31 täckande
1168 2142 41 19 av
1236 2130 191 30 kostnader
1455 2129 10 29 i
1492 2126 170 31 samband

159 2195 79 29 med
256 2191 246 42 prisreglering
523 2190 44 40 på
585 2189 80 33 fisk,
685 2187 185 31 däribland
888 2186 64 28 hos
970 2183 178 31 nämnden
1166 2179 286 42 uppkommande
1472 2177 192 41 uppbörds-

159 2244 65 29 och
243 2240 357 33 kontrollkostnader.
620 2238 127 30 Vidare
767 2236 156 30 anmäler
944 2234 188 32 nämnden,
1153 2234 50 28 att
1223 2231 67 29 den
1311 2230 115 30 såsom
1447 2229 186 29 förutsatts
1653 2227 12 28 i

159 2293 266 41 propositionen
449 2289 155 31 1956:40
626 2297 98 21 avser
746 2288 51 28 att
820 2286 197 29 sedermera
1038 2282 155 40 upptaga
1213 2279 288 40 överläggningar
1523 2278 79 29 med
1624 2277 41 29 de

162 2344 94 29 olika
282 2338 518 44 prisregleringsföreningarna
824 2336 55 29 för
904 2332 264 31 bestämmande
1194 2340 42 21 av
1260 2331 42 29 de
1327 2328 201 34 kostnader,
1555 2336 74 21 som
1654 2326 11 29 i

164 2393 273 38 fortsättningen
460 2389 89 31 skall
570 2388 172 31 bestridas
764 2395 42 21 av
828 2384 168 38 utgående
1017 2379 411 41 prisregleringsavgifter
1450 2379 55 29 för
1526 2377 80 30 fisk.
