1902 2780
267 154 20 31 6
586 157 388 33 Jordbruksutskottets
995 161 180 30 utlåtande
1195 170 42 22 nr
1256 163 43 29 20
1319 162 40 30 år
1379 163 84 30 1956

269 239 43 30 de
335 239 52 30 till
409 240 205 40 föreningen
637 242 244 31 Västkustfisk
902 244 64 29 och
988 244 206 40 föreningen
1218 246 228 39 Sydkustfisk
1466 247 173 40 beviljade
1660 248 115 30 kredi-

271 291 111 29 terna.
410 291 184 30 Nämnden
622 293 174 39 upplyser,
828 295 50 28 att
907 294 267 40 föreningarnas
1205 296 111 30 behov
1345 305 42 22 av
1415 297 132 30 likvida
1578 299 112 29 medel
1719 299 55 30 för

271 339 232 42 finansiering
525 351 43 20 av
590 342 288 31 fisköverskottet
900 345 89 29 varit
1012 345 143 30 särskilt
1178 348 87 28 stort
1289 347 111 30 under
1424 347 38 30 år
1487 348 82 30 1955
1593 348 45 40 på
1660 350 113 39 grund

270 399 43 21 av
333 391 94 30 vissa
447 392 213 40 svårigheter
683 394 78 29 med
783 394 374 41 kreditförsäljningen
1178 397 44 39 på
1246 399 132 38 export.
1402 398 121 30 Såsom
1545 399 146 40 tidigare
1714 409 60 21 an-

269 440 101 35 förts,
391 441 63 30 har
473 442 206 41 föreningen
698 445 242 30 Västkustfisk
962 446 143 35 anmält,
1125 448 50 29 att
1195 448 279 30 medelsbehovet
1494 449 54 30 för
1567 449 207 41 föreningen

269 492 114 29 under
403 493 100 31 nästa
523 493 170 40 budgetår
713 495 71 29 kan
804 496 124 29 väntas
949 496 200 40 ytterligare
1169 498 78 29 öka.
1269 498 50 30 Bl.
1341 507 30 21 a.
1393 499 79 29 med
1493 499 139 40 hänsyn
1653 500 120 30 härtill

269 550 104 22 anser
396 542 187 36 nämnden,
607 546 52 28 att
683 554 41 20 en
746 546 84 40 plan
853 546 55 30 för
932 547 214 40 amortering
1168 557 42 20 av
1232 548 41 30 de
1296 549 172 40 egentliga
1492 551 193 29 statslånen
1710 551 62 30 bör

268 591 194 33 fastställas
484 594 89 31 först
597 594 118 40 längre
736 596 103 34 fram,
862 597 108 29 sedan
994 597 249 40 föreningarna
1265 599 112 39 själva
1399 600 127 29 hunnit
1548 601 94 29 bilda
1664 602 108 29 erfor-

267 643 127 40 derligt
413 644 133 40 kapital
567 645 54 30 för
642 646 172 30 rörelsens
834 647 222 30 bedrivande.

312 694 14 29 I
345 694 99 40 fråga
464 704 57 20 om
540 696 67 30 den
627 705 41 21 av
689 697 442 41 regleringsföreningarna
1150 699 151 40 begärda
1321 701 254 30 räntefriheten
1595 702 54 30 för
1670 705 102 28 stats-

266 743 106 30 lånen
393 744 133 30 erinrar
546 746 374 39 jordbruksnämnden
943 758 57 20 om
1023 751 50 28 att
1095 750 253 40 föredragande
1373 752 188 30 statsrådet
1583 753 11 29 i
1615 749 157 48 proposi-

267 794 121 30 tionen
411 795 97 30 1955:
526 796 61 30 105
609 799 114 28 ansett
745 798 52 39 sig
816 798 85 30 böra
923 799 151 35 förorda,
1096 802 50 28 att
1167 801 250 40 föreningarna
1436 820 44 3 —
1500 802 11 29 i
1532 804 175 29 avvaktan
1727 804 45 40 på

267 844 184 31 resultatet
477 855 42 20 av
549 847 84 30 1954
662 848 56 29 års
748 848 332 41 fiskeriutrednings
1109 851 116 30 arbete
1251 870 45 4 —
1323 852 133 39 jämväl
1484 853 54 30 för
1566 854 206 39 budgetåret

269 895 151 36 1955/56
447 897 112 29 skulle
587 898 192 30 bibehållas
805 900 58 30 vid
890 900 185 30 förmånen
1104 902 51 29 att
1181 911 82 21 vara
1289 902 157 32 befriade
1473 904 79 30 från
1580 906 50 28 att
1655 905 115 30 betala

264 946 105 29 ränta
389 946 44 40 på
454 947 121 30 lånens
596 948 103 31 halva
719 949 136 40 belopp.
876 950 94 30 Enär
992 952 232 39 utredningen
1246 953 31 39 ej
1301 953 71 29 kan
1393 955 123 29 väntas
1538 955 149 30 slutföra
1710 956 61 29 sitt

265 996 162 40 uppdrag
452 997 74 31 före
554 998 176 41 utgången
756 1010 42 20 av
823 1000 79 39 juni
933 1002 92 33 1956,
1053 1002 147 30 föreslår
1227 1004 188 34 nämnden,
1443 1006 49 28 att
1520 1005 251 40 föreningarna

264 1046 94 30 skall
375 1047 141 31 komma
533 1048 12 30 i
564 1049 210 40 åtnjutande
793 1060 43 21 av
854 1060 135 21 samma
1009 1052 140 30 förmån
1168 1055 86 29 även
1275 1055 111 30 under
1404 1056 100 29 nästa
1522 1056 180 39 budgetår.

308 1097 229 31 Beträffande
561 1099 310 41 prisregleringens
898 1102 231 41 finansiering
1154 1104 205 31 framhåller
1386 1105 383 40 jordbruksnämnden,

264 1149 52 28 att
341 1148 68 29 den
432 1149 10 29 i
466 1149 55 30 sin
544 1149 40 30 år
610 1151 83 30 1954
717 1152 207 30 avlämnade
949 1153 167 30 skrivelse
1141 1163 57 21 om
1223 1155 366 41 fiskprisregleringen
1614 1158 155 29 uttalade

263 1197 47 31 bl.
335 1207 41 25 a.,
399 1201 50 30 att
472 1200 67 29 den
561 1200 202 41 behållning
785 1212 43 21 av
851 1203 132 30 inemot
1006 1204 19 29 6
1051 1205 164 39 miljoner
1238 1206 141 34 kronor,
1404 1215 76 21 som
1504 1207 58 30 vid
1586 1207 183 31 årsskiftet

265 1248 196 36 1953/1954
480 1250 133 40 förelåg
631 1252 44 39 på
696 1253 545 40 prisregleringsverksamheten,
1263 1256 72 30 fick
1355 1266 102 21 anses
1478 1259 123 38 utgöra
1621 1267 44 21 en
1685 1259 84 30 nöd-

263 1299 129 40 vändig
413 1300 163 31 säkerhet
597 1301 55 32 för
672 1302 224 31 bestridande
917 1313 41 20 av
980 1305 41 29 de
1042 1305 144 39 utgifter
1208 1315 42 21 av
1271 1306 135 31 kanske
1430 1309 95 29 ännu
1549 1309 109 29 större
1681 1311 87 28 stor-

261 1348 238 42 leksordning,
522 1360 77 21 som
619 1352 118 30 kunde
759 1353 46 29 bli
826 1354 227 40 erforderliga
1073 1356 11 28 i
1105 1355 166 32 händelse
1292 1366 42 20 av
1356 1358 216 30 tillstötande
1594 1359 174 40 svårighe-

262 1401 53 28 ter
333 1401 79 29 med
430 1402 245 40 avsättningen
692 1414 42 20 av
751 1404 71 29 fisk
841 1404 83 30 eller
941 1405 54 30 för
1012 1406 172 30 täckande
1202 1417 42 20 av
1262 1407 167 32 förluster
1448 1409 44 39 på
1510 1409 258 41 kreditförsälj-

262 1450 137 40 ningar,
424 1453 91 28 samt
538 1452 52 30 att
614 1453 254 40 föredragande
894 1456 188 30 statsrådet
1106 1457 11 29 i
1140 1458 264 39 propositionen
1432 1459 175 31 1954:121
1635 1460 11 29 i
1673 1461 94 40 prin-

260 1500 56 40 cip
336 1502 115 29 anslöt
471 1502 51 40 sig
541 1502 53 31 till
613 1504 95 30 detta
727 1505 191 30 uttalande.
937 1506 184 30 Nämnden
1140 1508 134 30 erinrar
1292 1509 130 35 vidare,
1442 1511 50 28 att
1512 1510 254 41 föredragande

260 1551 190 33 statsrådet
469 1552 11 29 i
499 1554 263 39 propositionen
787 1556 99 29 1955:
905 1556 59 30 105
986 1557 210 35 förklarade,
1219 1560 51 28 att
1290 1560 87 29 även
1399 1560 110 30 under
1529 1561 237 31 innevarande

258 1601 172 40 budgetår
450 1603 291 41 prisregleringen
763 1606 11 28 i
795 1606 137 40 princip
954 1607 106 31 borde
1083 1608 38 30 så
1142 1609 170 35 bedrivas,
1337 1612 50 28 att
1409 1611 279 31 medelsbehovet
1710 1613 55 29 för

259 1654 52 27 att
338 1654 240 39 upprätthålla
604 1655 114 30 denna
744 1656 11 29 i
782 1656 187 31 huvudsak
996 1658 118 30 kunde
1141 1660 120 29 täckas
1289 1670 41 20 av
1357 1660 197 41 inflylande
1583 1663 182 40 prisregle-

258 1702 258 41 ringsavgifter,
535 1707 93 28 samt
645 1708 50 28 att
715 1707 101 29 dessa
834 1725 44 4 —
897 1707 11 29 i
927 1708 174 30 avvaktan
1122 1711 44 38 på
1184 1711 183 30 resultatet
1385 1721 43 21 av
1448 1712 83 30 1954
1549 1713 57 29 års
1627 1714 138 29 fiskeri-

257 1754 207 40 utrednings
481 1755 117 31 arbete
615 1774 43 4 —
672 1757 106 30 borde
795 1758 123 29 kunna
933 1760 139 39 uttagas
1089 1760 10 29 i
1116 1760 67 30 den
1200 1761 224 41 omfattning,
1443 1772 75 20 som
1535 1763 228 31 förekommit

258 1804 113 29 under
388 1805 41 30 de
447 1814 122 22 senare
588 1806 94 31 åren.
700 1808 185 29 Nämnden
903 1818 102 20 anser
1024 1818 58 26 nu,
1103 1812 50 28 att
1171 1811 11 29 i
1200 1811 398 41 prisregleringskassan
1618 1814 54 30 för
1692 1815 72 29 fisk

257 1853 229 32 innestående
512 1857 113 30 medel
649 1858 86 29 även
760 1858 11 29 i
795 1858 274 41 fortsättningen
1094 1861 62 29 bör
1179 1871 195 21 reserveras
1399 1863 54 30 för
1477 1864 151 39 angivna
1651 1867 112 28 extra-

257 1905 167 30 ordinära
446 1906 176 31 ändamål.
645 1908 115 40 Enligt
783 1910 196 29 nämndens
1002 1911 141 40 mening
1166 1912 177 30 erfordras
1366 1913 148 31 sålunda
1538 1915 55 29 för
1614 1915 149 40 prisreg-

256 1955 176 40 leringens
454 1957 308 39 upprätthållande
786 1960 154 39 alltjämt
961 1960 278 41 bemyndigande
1264 1965 50 27 att
1338 1965 153 38 upptaga
1513 1966 249 39 regleringsav-

257 2005 105 40 gifter
385 2006 87 30 efter
500 2007 5 29 i
527 2007 187 31 huvudsak
736 2018 137 21 samma
897 2011 150 38 grunder
1071 2021 74 20 som
1169 2012 23 30 f.
1216 2022 32 20 n.
1274 2014 13 29 I
1312 2014 94 30 detta
1432 2016 256 40 sammanhang
1711 2026 52 21 er-

255 2056 98 30 inrar
378 2057 177 31 nämnden
580 2067 59 21 om
663 2061 51 28 att
738 2060 67 29 den
831 2061 117 29 såsom
972 2061 96 31 förut
1094 2064 141 28 nämnts
1262 2064 42 30 fr.
1331 2073 29 23 o.
1386 2074 45 21 m.
1457 2066 67 29 den
1550 2066 41 31 30
1617 2067 142 39 januari

258 2106 85 30 1956
368 2107 113 40 slopat
503 2108 463 42 prisregleringsavgifterna
991 2112 44 40 på
1060 2113 108 34 torsk,
1193 2114 107 39 kolja,
1327 2115 198 40 kungsfisk,
1550 2117 122 40 vitling
1696 2118 65 30 och

256 2157 114 40 gråsej
395 2160 90 28 samt
505 2159 45 39 på
569 2160 234 40 importerade
825 2161 99 31 filéer
946 2172 40 20 av
1008 2163 101 30 dessa
1130 2164 157 40 fiskslag.

299 2242 13 30 I
335 2243 98 39 fråga
455 2251 56 21 om
533 2244 367 40 handelsregleringen
921 2246 45 40 på
989 2247 207 41 strömming
1217 2249 137 29 erinrar
1375 2250 383 39 jordbruksnämnden,

254 2293 51 29 att
326 2293 255 39 föredragande
602 2295 186 30 statsrådet
809 2296 10 29 i
840 2297 265 39 propositionen
1126 2299 98 30 1955:
1243 2299 61 31 105
1326 2300 200 31 förklarade
1548 2302 51 38 sig
1620 2302 31 38 ej
1675 2311 83 20 vara

253 2342 131 32 beredd
413 2345 50 28 att
489 2345 79 39 taga
596 2346 165 40 ställning
790 2347 53 30 till
872 2347 80 31 1951
982 2348 57 30 års
1068 2349 428 42 fiskhandelsutrednings
1524 2352 235 40 promemoria

253 2393 181 39 angående
453 2394 124 40 frågan
596 2405 58 21 om
674 2396 141 30 fortsatt
835 2397 158 40 giltighet
1015 2408 41 20 av
1076 2399 251 41 förordningen
1348 2401 66 30 den
1435 2402 40 30 30
1496 2403 70 39 maj
1592 2403 82 30 1952
1701 2402 58 34 (nr

253 2443 82 35 320)
359 2453 57 21 om
435 2445 69 30 viss
522 2445 173 42 reglering
714 2456 42 22 av
776 2447 155 31 handeln
950 2449 78 30 med
1050 2449 80 35 fisk,
1150 2460 44 20 m.
1215 2460 44 22 m,
1281 2453 91 28 samt
1391 2461 57 21 om
1467 2453 292 30 auktorisations-
