2194 2669
745 182 252 32 Statsutskottets
1025 181 168 33 Utlåtande
1217 183 61 31 N:o
1302 185 28 30 3.
1750 184 40 31 383

764 267 55 31 att
845 262 221 49 Riksdagen
1094 264 61 34 må
1183 263 58 36 till
1268 263 290 49 resestipendier
1586 265 38 34 åt
1643 263 188 36 ordinarie

634 314 153 37 domare
815 315 90 36 eller
934 315 95 48 dem,
1060 329 81 23 som
1168 315 65 37 vid
1262 316 254 36 domstolarne
1535 315 136 37 bereda
1692 315 60 49 sig
1771 315 59 37 för

634 367 279 48 domarekallet,
955 370 49 47 på
1045 372 106 32 extra
1192 372 75 33 stat
1308 369 58 36 för
1408 371 39 33 år
1482 369 97 35 1906
1616 368 131 36 anvisa
1775 373 54 31 ett

633 419 137 50 belopp
800 420 41 36 af
867 421 111 46 6,000
1007 420 149 36 kronor.

369 522 96 50 17:0)
507 523 130 37 Under
678 523 172 50 punkten
895 526 43 34 16
983 524 41 36 af
1049 524 122 36 denna
1199 524 230 36 hufvudtitel
1456 524 69 37 har
1553 524 139 49 Kungl.
1722 524 108 49 Maj:t

237 574 197 48 föreslagit
475 575 219 49 Riksdagen
732 581 55 31 att
822 577 58 35 till
916 576 234 37 betäckande
1179 577 41 35 af
1244 577 172 47 förskott,
1447 590 81 23 som
1557 554 273 59 statskontoret

236 603 163 60 utbetalt
427 627 59 36 för
513 628 101 36 vissa
633 628 12 36 i
667 628 414 50 statsrådsprotokollet
1106 629 249 36 omförmälda
1384 606 184 71 ändamål,
1590 632 20 33 å
1630 634 105 31 extra
1755 633 75 32 stat

238 680 57 35 för
324 682 41 33 år
397 681 96 34 1906
524 680 130 37 anvisa
683 685 53 32 ett
764 681 137 49 belopp
931 681 41 36 af
998 682 162 47 136,720
1189 681 150 36 kronor.

364 784 427 50 Departementschefen
823 786 69 36 har
924 785 234 37 beträffande
1191 786 123 36 denna
1347 786 109 48 fråga
1485 786 136 47 anfört,
1650 786 182 37 hurusom

236 836 274 37 statskontoret
552 838 153 47 anmält,
750 843 55 31 att
846 838 274 36 statskontoret
1156 838 152 48 jämlikt
1349 838 218 36 meddelade
1596 838 237 36 föreskrifter

234 889 119 36 under
382 889 267 37 förskottstitel
677 890 162 37 utbetalt
867 890 78 37 dels
974 892 137 46 43,371
1141 890 140 37 kronor
1311 891 46 35 35
1378 896 63 31 öre
1461 890 59 37 för
1539 890 73 36 den
1632 890 41 36 af
1689 890 141 49 Kungl.

235 942 108 48 Maj:t
371 942 72 36 den
475 944 16 34 1
524 943 94 49 april
650 944 95 35 1901
776 943 158 36 tillsatta
961 943 200 36 kommitté
1190 943 58 36 för
1275 943 166 36 revision
1470 942 40 37 af
1534 942 223 49 strafflagen
1776 943 58 36 för

235 994 267 49 krigsmakten
530 995 71 36 och
627 994 276 49 förordningen
932 1008 61 23 om
1026 995 316 49 krigsdomstolar
1370 995 70 36 och
1466 997 255 46 rättegången
1750 995 83 36 där-

237 1019 137 81 städes,
409 1046 78 37 dels
521 1048 135 46 65,441
690 1047 141 36 kronor
863 1049 48 35 40
946 1053 63 31 öre
1042 1024 69 59 för
1127 1047 72 36 den
1228 1047 40 36 af
1292 1047 141 48 Kungl.
1463 1047 75 48 Maj
1546 1023 44 60 :t
1600 1023 72 60 den
1703 1050 17 32 7
1747 1047 87 49 juni

240 1100 96 35 1901
380 1098 157 37 tillsatta
572 1076 204 60 kommitté
814 1100 59 36 för
908 1099 248 37 utarbetande
1194 1099 40 37 af
1263 1099 145 49 förslag
1435 1099 58 36 till
1520 1061 204 74 förändrad
1751 1100 82 48 lag-

238 1150 178 49 stiftning
451 1164 60 23 om
546 1151 74 49 köp
650 1152 70 36 och
748 1152 89 49 byte
867 1152 40 36 af
930 1153 57 35 lös
1016 1152 187 49 egendom
1231 1152 86 36 med
1345 1165 113 33 mera,
1488 1151 79 37 dels
1596 1151 70 37 ock
1695 1153 137 46 27,906

237 1204 141 35 kronor
389 1180 65 59 22
484 1208 63 32 öre
575 1203 59 36 för
662 1204 73 36 den
764 1204 40 36 af
828 1200 142 57 Kungl.
1001 1181 108 72 Maj:t
1137 1204 72 36 den
1239 1205 45 34 29
1314 1203 205 36 november
1549 1204 95 36 1901
1675 1181 159 59 tillsatta

239 1255 197 36 kommitté
465 1255 59 36 för
551 1256 249 36 utarbetande
829 1256 40 36 af
900 1256 146 49 förslag
1073 1256 58 36 till
1158 1256 349 48 lagbestämmelser
1536 1255 196 49 angående
1762 1256 73 36 den

237 1308 175 48 rättsliga
441 1308 193 49 ställning,
664 1322 83 22 som
774 1308 76 37 kan
881 1309 155 49 pröfvas
1069 1308 90 37 böra
1187 1308 211 36 tillkomma
1427 1321 125 23 annan
1579 1308 180 49 förening
1786 1313 48 31 än

237 1360 130 47 sådan,
398 1373 82 23 som
512 1360 69 36 har
615 1360 223 37 ekonomisk
869 1361 244 36 verksamhet
1141 1361 56 35 till
1226 1361 58 36 sin
1311 1360 166 49 uppgift,
1507 1360 85 37 med
1621 1373 102 24 mera
1756 1360 77 36 till-

238 1426 190 23 sammans
473 1414 162 44 136,718
678 1413 142 37 kronor
863 1415 44 34 97
946 1418 74 42 öre,
1051 1413 70 36 och
1150 1412 96 37 hade
1275 1413 274 36 statskontoret
1578 1413 166 47 anhållit,
1780 1418 55 31 att

239 1465 217 48 ersättning
484 1468 116 34 måtte
619 1465 157 37 beredas
796 1464 274 39 statskontoret
1089 1465 59 37 för
1168 1465 45 37 de
1232 1465 157 37 sålunda
1409 1465 213 49 förskjutna
1637 1464 195 50 beloppen.

368 1517 196 38 Utskottet
591 1517 218 39 hemställer

769 1628 55 32 att
851 1623 220 49 Riksdagen
1099 1625 61 34 må
1187 1623 58 36 till
1271 1623 234 37 betäckande
1531 1623 41 36 af
1588 1623 248 36 omförmälda

641 1676 40 36 af
705 1676 274 36 statskontoret
1007 1675 241 37 förskottsvis
1276 1675 191 37 bestridda
1495 1676 159 48 utgifter
1682 1678 21 34 å
1731 1680 106 32 extra

639 1733 76 31 stat
742 1728 60 36 för
830 1731 41 33 år
901 1729 95 35 1906
1028 1728 130 36 anvisa
1187 1732 54 32 ett
1267 1728 137 49 belopp
1434 1728 41 36 af
1501 1729 162 46 136,720
1683 1727 150 37 kronor.

372 1831 98 49 18:0)
493 1832 141 48 Kungl.
656 1832 108 49 Maj:t
787 1832 68 36 har
875 1832 181 48 slutligen
1074 1832 119 37 under
1212 1833 173 48 punkten
1406 1834 43 34 17
1473 1833 40 35 af
1530 1833 122 36 denna
1671 1832 162 37 hufvud-

239 1884 84 36 titel
351 1884 198 49 föreslagit
589 1884 221 49 Riksdagen
846 1889 54 31 att
936 1884 57 36 till
1020 1885 213 36 beredande
1262 1885 41 36 af
1327 1885 286 49 dyrtidstillägg
1641 1885 58 36 för
1728 1885 104 36 inne-

240 1936 166 37 varande
448 1939 40 33 år
529 1939 38 33 åt
608 1950 47 22 en
687 1937 59 36 del
773 1937 233 48 tjänstemän
1035 1937 69 36 och
1133 1937 168 49 betjänte
1328 1937 12 36 i
1364 1937 470 49 justitiedepartementets

242 1988 196 49 afdelning
467 1989 41 35 af
530 1988 143 49 Kungl.
703 1989 127 49 Maj:ts
858 1989 123 36 kansli
1010 1993 97 32 samt
1125 1989 59 36 till
1198 1989 451 49 justitiedepartementet
1668 1989 167 37 hörande

241 2041 241 36 ämbetsverk
523 2041 71 36 och
634 2041 110 36 kårer
773 2044 20 33 å
821 2046 106 31 extra
955 2046 75 31 stat
1059 2041 58 36 för
1145 2044 41 33 år
1215 2043 97 34 1906
1343 2041 130 36 anvisa
1502 2044 124 34 såsom
1654 2041 182 49 förslags-

242 2093 150 50 anslag
405 2098 54 31 ett
486 2093 138 49 belopp
655 2093 40 36 af
721 2094 137 47 63,000
887 2093 150 37 kronor.

371 2145 117 37 Ofver
517 2145 123 37 denna
668 2145 283 49 framställning
978 2146 171 37 kommer
1176 2146 187 37 utskottet
1391 2150 55 32 att
1470 2146 201 37 framdeles
1692 2146 145 49 afgifva

241 2197 211 46 utlåtande;
482 2198 146 39 hvilket
655 2198 186 37 utskottet
869 2198 157 37 härmed
1054 2198 124 38 skolat
1206 2199 58 36 för
1291 2198 220 50 Riksdagen

771 2304 158 37 anmäla.

1810 524 20 40 TT
1848 528 64 30 Ang.
1920 528 134 23 ersättande

1872 564 30 30 af
1917 564 108 30 förskott.

1909 597 90 51 [16.]

1862 1846 66 30 Ang.
1948 1846 103 29 dyrlids-

1913 1882 87 30 tillägg.

1913 1916 92 47 [17.]
