2192 2674
436 184 40 30 86
900 183 247 32 Statsutskottets
1177 183 165 33 Utlåtande
1366 185 60 32 N:o
1450 186 29 32 3.

519 254 257 60 »Åberopade,
820 265 40 36 af
884 264 180 37 särskildt
1092 264 206 38 tillkallade
1327 266 241 49 sakkunnige
1595 266 230 37 verkställda
1853 266 129 37 utred-

390 317 96 49 ning
523 331 111 36 synes
665 317 139 50 tydligt
832 317 250 51 ådagalägga,
1113 323 54 31 att
1195 319 321 50 häradshöfdings
1545 319 175 37 behållna
1748 320 169 36 inkomst
1946 320 41 35 af

390 370 95 37 hans
524 370 149 38 ämbete
702 371 126 37 ställer
857 370 60 50 sig
944 371 115 49 högst
1087 371 99 37 olika
1213 372 102 37 inom
1345 373 45 37 de
1420 373 136 37 skillda
1585 369 265 72 domsagorna,
1879 372 12 37 1
1921 373 62 36 det

391 428 54 32 att
473 424 59 36 för
560 424 192 49 åtskilliga
780 424 68 36 här
851 400 274 73 adshöfdingar
1152 426 164 36 nämnda
1344 426 223 49 behållning
1585 428 151 48 uppgår
1755 426 57 36 till
1831 425 150 50 belopp,

390 489 81 24 som
500 479 119 34 måste
649 490 107 24 anses
786 477 209 49 öfverstiga
1024 454 99 59 hvad
1152 491 80 23 som
1260 478 75 37 kan
1364 455 199 60 betraktas
1588 492 82 23 som
1699 478 43 37 sk
1731 478 120 49 cäligt,
1872 478 111 36 hvar-

389 534 103 32 emot
522 529 117 37 andra
666 529 103 37 inom
798 543 144 23 samma
946 507 381 60 ämbetsmannakår
1356 531 139 37 orhålla
1524 545 45 23 on
1600 509 231 71 behållning,
1862 545 81 23 som
1972 531 12 36 i

391 582 248 37 betraktande
683 583 40 36 af
756 582 108 37 deras
893 583 169 37 ämbetes
1091 584 340 49 maktpåliggande
1462 584 259 37 beskaffenhet
1750 597 113 36 synes
1891 598 93 22 vara

391 635 60 37 väl
492 635 138 50 knapp.
686 635 114 37 Detta
840 636 160 37 innebär
1042 641 53 32 ett
1137 637 337 64 missförhållande,
1517 651 82 22 som
1642 637 143 36 tarfvar
1812 637 169 45 rättelse;

389 688 71 36 och
489 688 45 36 då
563 701 46 23 en
633 688 283 48 jämförelsevis
935 689 92 48 lång
1046 689 188 48 tidsrymd
1249 712 50 4 —
1316 692 47 34 30
1392 693 40 32 år
1446 713 49 3 —
1512 690 160 36 förflutit
1692 690 116 36 sedan
1827 667 156 59 härads-

389 739 275 49 höfdingarnas
705 741 281 36 löneförmåner
1000 718 155 59 ”senast
1197 741 101 37 bestä
1292 741 130 48 imdes,
1464 742 124 36 finner
1628 742 187 36 utskottet
1858 754 46 23 en
1932 755 50 35 ny

388 793 282 49 lönereglering
718 793 59 37 för
823 794 106 37 dessa
975 794 234 36 ämbetsmän
1255 808 92 23 vara
1393 795 41 35 af
1471 794 282 37 förhållandena
1795 794 187 48 påkallad.

388 822 153 71 Kungl.
565 823 102 71 Maj:t
663 850 30 32 ts
728 846 264 50 föreliggande
1020 846 146 58 förslag
1194 847 57 36 till
1278 848 195 48 reglering
1503 848 41 36 af
1568 847 416 48 höradshöfdingarnas

388 874 282 60 löneförmåner
699 912 112 36 synes
838 877 189 59 innefatta
1055 912 46 24 en
1129 899 12 36 i
1169 877 248 59 betraktande
1440 877 39 59 af
1495 900 72 37 den
1587 899 101 37 olika
1709 878 275 58 arbetsbördan

388 951 104 36 inom
520 951 99 36 olika
648 951 202 49 domsagor
877 952 159 49 lämplig
1063 952 217 49 utjämning
1309 953 40 35 af
1373 952 415 49 häradshöfdingarnas
1808 952 176 36 behållna

389 1003 167 37 inkomst
585 1004 41 35 af
650 1004 176 36 ämbetet.
882 1005 80 36 Mot
990 1004 73 36 den
1092 1004 216 49 föreslagna
1332 1005 285 49 uppdelningen
1638 1005 40 36 af
1693 1004 291 37 häradshöfdin-

388 1070 142 35 garnas
563 1056 82 37 från
674 1057 228 37 statsverket
929 1057 192 48 utgående
1149 1057 281 37 löneförmåner
1458 1058 11 35 i
1497 1058 62 36 lön
1588 1057 70 37 och
1685 1057 299 49 tjänstgörings-

389 1108 216 50 penningar
635 1110 66 35 har
728 1110 188 35 utskottet
943 1110 83 36 icke
1054 1112 117 46 något
1196 1114 55 31 att
1271 1110 192 36 anmärka.
1519 1111 81 35 Den
1620 1110 220 48 föreslagna
1860 1110 124 36 öfver-

389 1161 231 48 fAlyttningen
664 1161 42 36 af
739 1167 53 30 ett
820 1161 136 49 belopp
986 1162 42 35 af
1054 1163 72 35 500
1157 1162 137 36 kronor
1322 1163 81 35 från
1435 1139 550 97 tjänsteöringspenningarna

389 1213 58 36 till
487 1213 126 47 lönen,
643 1213 252 49 hvarigenom
928 1214 124 36 denna
1080 1214 150 36 komme
1259 1219 55 31 att
1341 1217 130 47 uppgå
1499 1214 57 36 till
1587 1215 110 46 5,000
1726 1214 142 36 kronor
1896 1214 89 36 eller

389 1266 57 35 till
487 1265 76 37 lika
604 1266 137 49 belopp
784 1279 80 23 som
892 1266 222 49 pensionen,
1144 1267 122 36 finner
1294 1267 187 36 utskottet
1508 1280 90 23 vara
1626 1266 168 49 lämplig,
1825 1266 46 36 då
1900 1265 83 37 där-

389 1318 155 48 igenom
585 1318 58 36 för
670 1318 407 48 häradshöfdingarna,
1108 1319 128 36 hvilka
1265 1320 121 48 enligt
1414 1333 50 22 nu
1493 1319 176 49 gällande
1698 1319 286 36 bestämmelser

390 1375 63 31 äro
496 1370 176 49 skyldiga
711 1375 55 31 att
800 1370 117 37 under
946 1371 224 48 fullständig
1198 1371 300 49 tjänstledighet,
1529 1371 229 36 åtminstone
1788 1371 46 36 då
1861 1370 123 50 ledig-

389 1422 113 37 heten
532 1422 100 37 afser
659 1423 135 49 längre
823 1423 55 37 tid
907 1428 48 32 än
984 1436 65 24 sex
1079 1424 188 48 månader,
1297 1424 58 37 till
1374 1424 174 37 vikarien
1569 1423 97 38 afstå
1685 1423 299 50 tjänstgörings-

388 1475 228 50 penningar,
646 1476 162 49 sportler
837 1476 70 36 och
936 1476 590 49 förvaltningskostnadsbidrag,
1555 1477 135 36 vinnes
1707 1481 120 31 större
1847 1481 137 44 trygg-

389 1528 77 47 het,
509 1533 54 31 att
607 1528 64 36 vid
711 1531 48 46 på
801 1528 126 49 grund
968 1529 41 35 af
1046 1529 175 48 sjukdom
1262 1529 177 36 inträffad
1481 1529 198 49 oförmåga
1722 1533 53 32 att
1821 1529 163 36 förvalta

390 1580 168 36 ämbetet
578 1584 72 45 äga
670 1580 230 49 tillräckliga
920 1580 301 38 existensmedel.
1269 1581 234 50 Visserligen
1523 1581 117 36 vållas
1660 1594 139 36 genom
1817 1580 167 37 nämnda

390 1633 294 48 öfverflyttning
699 1646 46 23 en
761 1633 266 37 motsvarande
1044 1633 222 50 minskning
1281 1634 12 36 i
1309 1634 46 37 de
1371 1634 220 47 inkomster,
1605 1647 81 23 som
1697 1633 120 37 under
1828 1633 155 36 härads-

389 1685 183 48 höfdings
600 1685 173 48 ledighet
800 1686 211 36 tillkomma
1038 1686 95 36 hans
1161 1686 156 48 vikarie,
1347 1700 88 23 men
1464 1686 46 37 då
1540 1686 121 49 enligt
1690 1686 140 48 Kungl.
1857 1686 127 48 Maj:ts

388 1737 293 48 ifrågavarande
710 1737 144 49 förslag
882 1738 320 49 häradshöfdings
1230 1739 175 36 behållna
1433 1739 168 36 inkomst
1629 1739 41 36 af
1690 1738 169 36 ämbetet
1878 1738 106 36 kom-

389 1802 80 24 mer
511 1794 56 32 att
607 1790 103 36 inom
751 1790 177 49 samtliga
956 1790 202 48 domsagor
1187 1790 209 49 öfverstiga
1424 1791 74 36 den
1527 1791 40 36 af
1590 1791 302 48 häradshöfding
1920 1790 64 37 vid

388 1841 230 37 inträffande
659 1842 171 48 ledighet
871 1842 176 37 behållna
1075 1843 112 36 lönen
1216 1843 86 36 med
1329 1843 150 49 belopp,
1509 1856 83 23 som
1619 1843 83 36 icke
1731 1843 13 35 i
1771 1845 120 46 något
1918 1842 66 36 fall

390 1899 41 31 är
472 1894 147 36 mindre
661 1899 47 31 än
750 1896 111 45 2,000
903 1895 151 47 kronor,
1096 1908 87 23 men
1211 1895 13 35 i
1251 1895 90 36 flera
1383 1895 65 36 fall
1471 1898 150 46 uppgår
1649 1895 58 36 till
1735 1895 106 36 öfver
1871 1896 111 46 5,000

388 1947 154 48 kronor,
582 1960 113 36 synas
731 1946 113 37 äfven
871 1947 416 49 häradshöfdingarnas
1315 1948 164 36 vikarier
1507 1948 85 36 med
1622 1947 174 37 afseende
1826 1950 20 33 å
1874 1947 110 36 deras

390 1999 331 48 aflöningsvillkor
748 1999 117 37 blifva
894 2013 139 35 genom
1062 2000 62 36 det
1151 2000 266 49 föreliggande
1444 2000 185 48 förslaget
1657 1999 225 49 tillräckligt
1910 1999 74 36 till-

388 2051 234 49 godosedda,
653 2051 46 36 då
727 2051 105 37 tiden
860 2052 59 36 för
947 2051 200 37 vikariatet
1176 2052 230 49 öfverstiger
1434 2065 66 23 sex
1529 2051 190 37 månader.

518 2104 17 36 I
575 2103 273 51 sammanhang
888 2104 86 37 med
1016 2118 50 36 ny
1094 2081 287 73 lönereglering
1409 2104 58 37 för
1495 2104 395 49 häradshöfdingarna
1917 2104 69 36 har

389 2156 186 37 utskottet
617 2157 207 36 emellertid
865 2158 101 36 velat
1007 2157 118 36 uttala
1167 2157 306 37 önskvärdheten
1516 2157 47 47 af,
1607 2162 55 31 att
1690 2159 129 46 någon
1848 2157 137 48 åtgärd

390 2208 176 49 vidtages
608 2209 59 36 för
709 2214 54 32 att
803 2210 150 48 reglera
997 2210 229 36 vikariernas
1266 2209 139 37 villkor
1433 2210 11 36 i
1474 2209 239 37 ekonomiskt
1754 2209 230 48 hänseende,

390 2261 46 36 då
465 2261 103 38 tiden
597 2262 59 36 för
684 2261 200 38 vikariatet
912 2262 242 49 understiger
1182 2275 67 23 sex
1276 2262 190 37 månader.
1522 2261 160 38 Jämlikt
1705 2262 132 48 kungl
1860 2261 123 37 cirku-

389 2315 96 35 läret
526 2314 72 36 den
629 2316 20 34 5
675 2314 85 49 juni
797 2317 96 34 1874
923 2315 196 48 angående
1147 2314 198 49 reglering
1374 2315 40 37 af
1438 2314 414 49 häradshöfdingarnas
1882 2314 103 36 löne-
