2196 2683
131 1101 130 26 Utskottets
286 1106 37 19 wt-

179 1136 111 26 låtande.

127 2034 104 31 Förhöjd
248 2037 81 20 ersätt-

125 2069 59 31 ning
206 2070 37 23 till
260 2069 69 24 brott.

143 2101 161 27 målsdomare.

191 2140 65 47 [6.]

399 173 40 32 60
856 174 251 33 Statsutskottets
1139 175 171 33 Utlåtande
1334 176 62 31 N:o
1420 178 29 30 3.

355 253 171 49 aflöning
564 255 37 34 åt
638 267 75 35 nya
755 253 327 51 vaktkonstaplar.
1138 254 182 37 Däremot
1357 254 120 37 skulle
1515 255 279 49 anordningen,
1834 258 123 34 såsom

353 305 401 50 fångvårdsstyrelsen
792 311 173 32 närmare
1001 307 205 49 utvecklat,
1245 308 152 36 komma
1426 312 54 32 att
1508 307 169 37 medföra
1706 308 102 37 vissa
1837 308 121 37 ökade

353 359 163 49 utgifter
549 358 41 37 af
619 358 261 38 beskaffenhet
910 364 54 32 att
991 360 92 37 böra
1110 363 95 47 utgå
1232 360 86 37 från
1347 360 341 49 förslagsanslaget
1715 361 58 36 till
1800 362 158 48 fångars

354 412 93 36 vård
476 412 71 36 och
575 412 200 37 underhåll
803 418 96 31 samt
928 413 340 49 förslagsanslaget
1296 414 59 36 till
1383 413 265 50 ålderstillägg
1668 414 57 36 för
1745 427 49 23 en
1813 414 61 36 del
1892 414 66 36 vid

353 464 403 50 fångvårdsstyrelsen
797 465 71 37 och
909 466 236 48 fångvården
1189 466 187 37 anställda
1414 466 162 37 ämbets-
1610 467 71 36 och
1712 467 243 49 tjänstemän.

355 517 164 37 Öaktadt
548 517 125 37 denna
702 518 146 49 ökning
877 518 11 37 i
916 518 160 50 utgifter
1103 519 108 37 torde
1240 519 209 37 emellertid
1478 519 73 37 den
1579 519 218 49 föreslagna
1822 519 135 37 anord-

352 570 150 49 ningen
529 570 12 36 i
570 570 136 49 själfva
734 571 133 37 verket
896 585 153 23 snarare
1077 571 85 37 leda
1189 572 57 36 till
1275 572 219 50 besparing,
1515 577 43 44 ty
1587 585 57 23 om
1676 572 216 36 densamma
1922 572 32 49 ej

353 623 258 50 genomföres,
654 624 98 36 lärer
794 624 75 48 det,
912 627 121 34 såsom
1069 624 401 50 fångvårdsstyrelsen
1502 625 220 48 framhållit,
1751 625 13 36 i
1792 625 67 36 allt
1892 624 67 37 fall

352 676 120 36 blifva
491 676 137 48 nödigt
652 681 56 31 att
727 676 140 37 inrätta
882 691 76 35 nya
973 677 594 50 vaktkonstapelsbefattningar,
1583 678 214 49 hvarjämte
1813 677 12 36 i
1841 677 117 37 sådan

352 727 183 36 händelse
564 728 140 48 frågan
733 741 59 23 om
821 729 321 48 löneförbättring
1171 734 37 30 åt
1237 729 275 49 gevaldigerna
1541 730 33 47 ej
1605 730 129 35 vidare
1765 730 75 34 kan
1862 742 95 35 upp-

354 780 157 48 skjutas.
556 779 203 38 Dessutom
787 785 42 32 är
857 785 54 32 att
935 781 142 48 märka,
1108 786 54 32 att
1190 781 45 37 de
1265 781 40 37 af
1330 781 72 37 den
1431 794 75 37 nya
1537 781 265 49 anordningen
1831 780 127 51 påkal-

352 833 85 35 lade
472 832 212 49 utgifterna
719 834 32 48 ej
783 833 151 37 komma
963 839 53 31 att
1043 837 130 46 uppgå
1201 834 57 36 till
1285 835 87 36 hela
1400 835 64 36 det
1493 835 41 35 af
1559 834 400 48 fångvårdsstyrelsen

352 885 13 35 i
393 885 134 37 sådant
556 885 181 36 afseende
770 886 219 36 beräknade
1017 886 189 49 beloppet,
1236 887 80 36 förr
1345 891 48 31 än
1423 886 264 49 anordningen
1714 886 128 36 blifvit
1871 885 86 37 full-

354 937 173 48 ständigt
560 938 238 48 genomförd,
835 938 148 37 hvilket
1011 939 302 49 uppenbarligen
1345 939 32 49 ej
1407 939 76 37 kan
1512 939 66 37 ske
1606 944 137 43 genast
1770 943 92 32 utan
1892 951 65 23 en-

354 990 85 36 dast
466 989 11 36 1
506 990 74 36 den
608 993 87 33 mån
724 990 402 50 gevaldigerslönerna
1154 992 119 36 blifva
1301 992 60 36 för
1389 992 217 36 ändamålet
1633 991 248 49 disponibla.»

484 1095 53 36 På
579 1099 75 32 sätt
691 1096 55 35 uti
776 1095 211 49 åberopade
1015 1096 415 49 statsrådsprotokollet
1453 1096 118 36 redan
1600 1096 207 47 anmärkts,
1838 1095 120 36 skulle

354 1160 141 35 genom
536 1147 107 37 bifall
684 1148 58 36 till
782 1147 142 49 Kungl.
968 1148 128 49 Maj:ts
1138 1148 248 37 förevarande
1428 1148 284 49 framställning
1741 1147 217 37 föranledas

352 1199 148 48 ökning
527 1200 12 34 1
567 1200 212 47 utgifterna
808 1200 84 35 från
920 1200 341 49 förslagsanslaget
1289 1201 57 35 till
1375 1201 155 48 fångars
1558 1201 93 35 vård
1672 1201 70 35 och
1761 1200 198 35 underhåll

352 1256 98 31 samt
479 1251 342 49 förslagsanslaget
849 1252 58 36 till
936 1252 263 49 ålderstillägg
1227 1252 59 37 för
1315 1266 46 23 en
1390 1252 60 37 del
1474 1252 65 37 vid
1558 1251 399 50 fångvårdsstyrelsen

351 1304 70 36 och
449 1303 239 49 fångvården
717 1304 186 36 anställda
932 1304 162 37 ämbets-
1124 1305 70 36 och
1222 1305 244 48 tjänstemän.

480 1356 74 36 Det
594 1357 69 36 har
704 1357 227 48 visserligen
972 1357 83 36 icke
1096 1357 165 49 undgått
1297 1358 206 36 utskottets
1531 1356 340 50 uppmärksamhet
1900 1360 55 31 att

352 1409 263 36 förstnämnda
636 1409 302 49 förslagsanslag
958 1409 45 37 de
1023 1422 132 24 senare
1175 1416 90 30 åren
1284 1410 191 49 betydligt
1491 1409 275 48 öfverskridits,
1784 1421 87 23 men
1885 1408 69 35 har

350 1461 188 36 utskottet
566 1461 96 36 dock
689 1461 83 36 icke
800 1462 101 35 velat
930 1467 182 31 motsätta
1141 1463 61 48 sig
1229 1462 142 49 Kungl.
1402 1462 129 49 Maj:ts
1559 1462 146 48 förslag
1734 1461 142 46 därom,
1900 1464 55 32 att

350 1513 161 37 berörda
540 1514 134 48 anslag
702 1514 12 35 1
745 1515 96 35 1906
873 1519 60 31 års
960 1514 159 37 riksstat
1147 1519 191 44 upptages
1367 1514 58 37 till
1453 1513 246 38 oförändradt
1727 1513 151 49 belopp.

453 1565 80 36 Mot
572 1565 143 48 Kungl.
759 1566 129 47 Maj:ts
930 1580 50 22 nu
1024 1566 249 37 förevarande
1314 1567 285 48 framställning
1631 1566 68 36 har
1726 1564 228 38 utskottet
1935 1560 23 59 i

350 1617 119 49 öfrigt
497 1618 83 36 icke
608 1617 83 37 haft
719 1620 119 46 något
867 1623 56 31 att
951 1619 142 45 erinra;
1125 1619 70 36 och
1224 1619 218 36 hemställer
1469 1619 188 36 utskottet
1686 1618 108 36 alltså

882 1727 55 31 att
977 1723 101 36 hvad
1114 1723 142 48 Kungl.
1300 1722 109 50 Maj:t
1449 1723 56 36 uti
1539 1722 293 49 ifrågavarande
1860 1721 92 36 hän-

752 1774 136 37 seende
917 1774 199 48 föreslagit
1144 1778 61 33 må
1232 1775 117 36 vinna
1377 1775 238 49 Riksdagens
1644 1774 117 37 bifall.

771 1938 120 34 Rese-
917 1938 75 34 och
1016 1938 509 44 traktamentspenningar.

478 2034 73 50 6:0)
593 2035 141 49 Kungl.
777 2036 109 49 Maj:t
926 2037 68 35 har
1027 2037 120 35 under
1174 2037 123 48 punkt
1326 2038 20 34 6
1378 2036 41 36 af
1443 2036 124 36 denna
1595 2035 231 37 hufvudtitel
1854 2035 98 36 före-

347 2087 116 48 slagit
490 2087 221 49 Riksdagen
740 2093 55 31 att
823 2088 206 49 medgifva,
1060 2093 55 32 att
1144 2089 41 36 af
1209 2089 63 36 det
1300 2091 21 34 å
1346 2088 117 37 andra
1483 2088 260 37 hufvudtiteln
1761 2087 191 49 uppförda

347 2139 303 49 förslagsanslag
682 2140 58 36 till
767 2153 98 24 rese-
896 2140 70 37 och
994 2141 471 50 traktamentspenningar
1494 2143 61 34 må
1582 2141 58 36 till
1669 2140 45 37 de
1742 2139 208 37 tillförord-

346 2191 97 37 nade
486 2191 382 38 brottmålsdomarne
896 2193 12 36 i
936 2193 216 37 Jämtlands
1194 2194 70 35 och
1304 2193 255 37 Norrbottens
1587 2194 64 35 län
1679 2193 59 35 för
1766 2192 185 36 rannsak-

345 2244 140 48 ningar
513 2244 85 37 med
626 2244 163 37 häktade
817 2259 180 35 personer
1025 2248 105 46 utgå,
1159 2246 152 36 utöfver
1330 2246 102 36 hvad
1451 2245 358 37 brottmålsdomare
1829 2244 122 48 enligt

344 2296 177 48 gällande
550 2296 273 51 författningar
852 2302 73 44 äga
953 2298 182 49 uppbära,
1164 2298 225 49 ytterligare
1418 2298 214 48 ersättning
1657 2297 42 36 af
1715 2297 75 36 fem
1811 2297 140 36 kronor
