<?xml version="1.0" encoding="UTF-8"?>
<alto xmlns="http://www.loc.gov/standards/alto/ns-v3#" xmlns:xlink="http://www.w3.org/1999/xlink" xmlns:xsi="http://www.w3.org/2001/XMLSchema-instance" xsi:schemaLocation="http://www.loc.gov/standards/alto/ns-v3# http://www.loc.gov/alto/v3/alto-3-0.xsd">
	<Description>
		<MeasurementUnit>pixel</MeasurementUnit>
		<sourceImageInformation>
			<fileName>/tmp/tess_x32uquky_input.PNG</fileName>
		</sourceImageInformation>
		<OCRProcessing ID="OCR_0">
			<ocrProcessingStep>
				<processingSoftware>
					<softwareName>tesseract 5.3.0</softwareName>
				</processingSoftware>
			</ocrProcessingStep>
		</OCRProcessing>
	</Description>
	<Layout>
		<Page WIDTH="1918" HEIGHT="2850" PHYSICAL_IMG_NR="0" ID="page_0">
			<PrintSpace HPOS="0" VPOS="0" WIDTH="1918" HEIGHT="2850">
				<ComposedBlock ID="cblock_0" HPOS="289" VPOS="148" WIDTH="1091" HEIGHT="44">
					<TextBlock ID="block_0" HPOS="289" VPOS="148" WIDTH="1091" HEIGHT="44">
						<TextLine ID="line_0" HPOS="289" VPOS="148" WIDTH="1091" HEIGHT="44">
							<String ID="string_0" HPOS="289" VPOS="148" WIDTH="37" HEIGHT="30" WC="0.95" CONTENT="12"/><SP WIDTH="387" VPOS="148" HPOS="326"/>
							<String ID="string_1" HPOS="713" VPOS="152" WIDTH="115" HEIGHT="29" WC="0.93" CONTENT="Första"/><SP WIDTH="23" VPOS="152" HPOS="828"/>
							<String ID="string_2" HPOS="851" VPOS="154" WIDTH="223" HEIGHT="34" WC="0.91" CONTENT="lagutskottets"/><SP WIDTH="21" VPOS="154" HPOS="1074"/>
							<String ID="string_3" HPOS="1095" VPOS="156" WIDTH="163" HEIGHT="28" WC="0.95" CONTENT="utlåtande"/><SP WIDTH="22" VPOS="156" HPOS="1258"/>
							<String ID="string_4" HPOS="1280" VPOS="157" WIDTH="48" HEIGHT="29" WC="0.96" CONTENT="Nr"/><SP WIDTH="26" VPOS="157" HPOS="1328"/>
							<String ID="string_5" HPOS="1354" VPOS="163" WIDTH="26" HEIGHT="29" WC="0.83" CONTENT="7."/>
						</TextLine>
					</TextBlock>
				</ComposedBlock>
				<ComposedBlock ID="cblock_1" HPOS="286" VPOS="234" WIDTH="1513" HEIGHT="502">
					<TextBlock ID="block_1" HPOS="289" VPOS="234" WIDTH="1510" HEIGHT="250">
						<TextLine ID="line_1" HPOS="291" VPOS="234" WIDTH="1508" HEIGHT="50">
							<String ID="string_6" HPOS="291" VPOS="234" WIDTH="38" HEIGHT="32" WC="0.96" CONTENT="de"/><SP WIDTH="24" VPOS="234" HPOS="329"/>
							<String ID="string_7" HPOS="353" VPOS="234" WIDTH="128" HEIGHT="33" WC="0.96" CONTENT="förlora"/><SP WIDTH="25" VPOS="234" HPOS="481"/>
							<String ID="string_8" HPOS="506" VPOS="236" WIDTH="50" HEIGHT="32" WC="0.95" CONTENT="sin"/><SP WIDTH="23" VPOS="236" HPOS="556"/>
							<String ID="string_9" HPOS="579" VPOS="238" WIDTH="207" HEIGHT="39" WC="0.96" CONTENT="anställning"/><SP WIDTH="24" VPOS="238" HPOS="786"/>
							<String ID="string_10" HPOS="810" VPOS="240" WIDTH="93" HEIGHT="32" WC="0.96" CONTENT="torde"/><SP WIDTH="24" VPOS="240" HPOS="903"/>
							<String ID="string_11" HPOS="927" VPOS="240" WIDTH="78" HEIGHT="32" WC="0.96" CONTENT="från"/><SP WIDTH="25" VPOS="240" HPOS="1005"/>
							<String ID="string_12" HPOS="1030" VPOS="242" WIDTH="140" HEIGHT="33" WC="0.96" CONTENT="allmänt"/><SP WIDTH="24" VPOS="242" HPOS="1170"/>
							<String ID="string_13" HPOS="1194" VPOS="243" WIDTH="246" HEIGHT="40" WC="0.90" CONTENT="medborgerlig"/><SP WIDTH="25" VPOS="243" HPOS="1440"/>
							<String ID="string_14" HPOS="1465" VPOS="246" WIDTH="174" HEIGHT="38" WC="0.93" CONTENT="synpunkt"/><SP WIDTH="24" VPOS="246" HPOS="1639"/>
							<String ID="string_15" HPOS="1663" VPOS="248" WIDTH="136" HEIGHT="32" WC="0.91" CONTENT="otvivel-"/>
						</TextLine>
						<TextLine ID="line_2" HPOS="291" VPOS="276" WIDTH="1508" HEIGHT="46">
							<String ID="string_16" HPOS="291" VPOS="276" WIDTH="112" HEIGHT="39" WC="0.96" CONTENT="aktigt"/><SP WIDTH="23" VPOS="276" HPOS="403"/>
							<String ID="string_17" HPOS="426" VPOS="277" WIDTH="12" HEIGHT="32" WC="0.96" CONTENT="i"/><SP WIDTH="23" VPOS="277" HPOS="438"/>
							<String ID="string_18" HPOS="461" VPOS="278" WIDTH="61" HEIGHT="32" WC="0.96" CONTENT="och"/><SP WIDTH="23" VPOS="278" HPOS="522"/>
							<String ID="string_19" HPOS="545" VPOS="278" WIDTH="52" HEIGHT="32" WC="0.96" CONTENT="för"/><SP WIDTH="24" VPOS="278" HPOS="597"/>
							<String ID="string_20" HPOS="621" VPOS="279" WIDTH="53" HEIGHT="38" WC="0.96" CONTENT="sig"/><SP WIDTH="22" VPOS="279" HPOS="674"/>
							<String ID="string_21" HPOS="696" VPOS="292" WIDTH="82" HEIGHT="21" WC="0.96" CONTENT="vara"/><SP WIDTH="24" VPOS="292" HPOS="778"/>
							<String ID="string_22" HPOS="802" VPOS="281" WIDTH="144" HEIGHT="39" WC="0.96" CONTENT="förtjänt"/><SP WIDTH="23" VPOS="281" HPOS="946"/>
							<String ID="string_23" HPOS="969" VPOS="295" WIDTH="42" HEIGHT="20" WC="0.96" CONTENT="av"/><SP WIDTH="23" VPOS="295" HPOS="1011"/>
							<String ID="string_24" HPOS="1034" VPOS="284" WIDTH="197" HEIGHT="34" WC="0.93" CONTENT="beaktande."/><SP WIDTH="47" VPOS="284" HPOS="1231"/>
							<String ID="string_25" HPOS="1278" VPOS="286" WIDTH="213" HEIGHT="33" WC="0.92" CONTENT="Undersöker"/><SP WIDTH="23" VPOS="286" HPOS="1491"/>
							<String ID="string_26" HPOS="1514" VPOS="300" WIDTH="76" HEIGHT="20" WC="0.96" CONTENT="man"/><SP WIDTH="24" VPOS="300" HPOS="1590"/>
							<String ID="string_27" HPOS="1614" VPOS="289" WIDTH="185" HEIGHT="33" WC="0.96" CONTENT="emellertid"/>
						</TextLine>
						<TextLine ID="line_3" HPOS="289" VPOS="320" WIDTH="1510" HEIGHT="49">
							<String ID="string_28" HPOS="289" VPOS="323" WIDTH="165" HEIGHT="35" WC="0.96" CONTENT="närmare,"/><SP WIDTH="20" VPOS="323" HPOS="454"/>
							<String ID="string_29" HPOS="474" VPOS="320" WIDTH="86" HEIGHT="32" WC="0.96" CONTENT="huru"/><SP WIDTH="21" VPOS="320" HPOS="560"/>
							<String ID="string_30" HPOS="581" VPOS="321" WIDTH="215" HEIGHT="34" WC="0.96" CONTENT="föreskrifter"/><SP WIDTH="19" VPOS="321" HPOS="796"/>
							<String ID="string_31" HPOS="815" VPOS="324" WIDTH="55" HEIGHT="31" WC="0.96" CONTENT="till"/><SP WIDTH="21" VPOS="324" HPOS="870"/>
							<String ID="string_32" HPOS="891" VPOS="325" WIDTH="273" HEIGHT="39" WC="0.96" CONTENT="förverkligande"/><SP WIDTH="22" VPOS="325" HPOS="1164"/>
							<String ID="string_33" HPOS="1186" VPOS="339" WIDTH="42" HEIGHT="20" WC="0.96" CONTENT="av"/><SP WIDTH="19" VPOS="339" HPOS="1228"/>
							<String ID="string_34" HPOS="1247" VPOS="340" WIDTH="44" HEIGHT="20" WC="0.96" CONTENT="nu"/><SP WIDTH="21" VPOS="340" HPOS="1291"/>
							<String ID="string_35" HPOS="1312" VPOS="328" WIDTH="140" HEIGHT="34" WC="0.96" CONTENT="berörda"/><SP WIDTH="22" VPOS="328" HPOS="1452"/>
							<String ID="string_36" HPOS="1474" VPOS="330" WIDTH="92" HEIGHT="38" WC="0.96" CONTENT="syfte"/><SP WIDTH="20" VPOS="330" HPOS="1566"/>
							<String ID="string_37" HPOS="1586" VPOS="331" WIDTH="12" HEIGHT="31" WC="0.96" CONTENT="i"/><SP WIDTH="21" VPOS="331" HPOS="1598"/>
							<String ID="string_38" HPOS="1619" VPOS="331" WIDTH="180" HEIGHT="38" WC="0.95" CONTENT="praktiken"/>
						</TextLine>
						<TextLine ID="line_4" HPOS="289" VPOS="360" WIDTH="1510" HEIGHT="51">
							<String ID="string_39" HPOS="289" VPOS="360" WIDTH="130" HEIGHT="34" WC="0.96" CONTENT="komme"/><SP WIDTH="24" VPOS="360" HPOS="419"/>
							<String ID="string_40" HPOS="443" VPOS="365" WIDTH="51" HEIGHT="29" WC="0.96" CONTENT="att"/><SP WIDTH="21" VPOS="365" HPOS="494"/>
							<String ID="string_41" HPOS="515" VPOS="363" WIDTH="112" HEIGHT="39" WC="0.96" CONTENT="verka,"/><SP WIDTH="24" VPOS="363" HPOS="627"/>
							<String ID="string_42" HPOS="651" VPOS="364" WIDTH="111" HEIGHT="32" WC="0.96" CONTENT="finner"/><SP WIDTH="21" VPOS="364" HPOS="762"/>
							<String ID="string_43" HPOS="783" VPOS="377" WIDTH="77" HEIGHT="20" WC="0.97" CONTENT="man"/><SP WIDTH="24" VPOS="377" HPOS="860"/>
							<String ID="string_44" HPOS="884" VPOS="371" WIDTH="104" HEIGHT="35" WC="0.96" CONTENT="snart,"/><SP WIDTH="24" VPOS="371" HPOS="988"/>
							<String ID="string_45" HPOS="1012" VPOS="371" WIDTH="50" HEIGHT="29" WC="0.93" CONTENT="att"/><SP WIDTH="24" VPOS="371" HPOS="1062"/>
							<String ID="string_46" HPOS="1086" VPOS="370" WIDTH="197" HEIGHT="37" WC="0.92" CONTENT="spörsmålet"/><SP WIDTH="22" VPOS="370" HPOS="1283"/>
							<String ID="string_47" HPOS="1305" VPOS="371" WIDTH="186" HEIGHT="38" WC="0.95" CONTENT="ingalunda"/><SP WIDTH="23" VPOS="371" HPOS="1491"/>
							<String ID="string_48" HPOS="1514" VPOS="372" WIDTH="110" HEIGHT="39" WC="0.95" CONTENT="ligger"/><SP WIDTH="24" VPOS="372" HPOS="1624"/>
							<String ID="string_49" HPOS="1648" VPOS="374" WIDTH="37" HEIGHT="32" WC="0.96" CONTENT="så"/><SP WIDTH="22" VPOS="374" HPOS="1685"/>
							<String ID="string_50" HPOS="1707" VPOS="374" WIDTH="92" HEIGHT="32" WC="0.96" CONTENT="klart"/>
						</TextLine>
						<TextLine ID="line_5" HPOS="290" VPOS="403" WIDTH="1508" HEIGHT="51">
							<String ID="string_51" HPOS="290" VPOS="403" WIDTH="53" HEIGHT="32" WC="0.95" CONTENT="till"/><SP WIDTH="25" VPOS="403" HPOS="343"/>
							<String ID="string_52" HPOS="368" VPOS="404" WIDTH="61" HEIGHT="32" WC="0.95" CONTENT="och"/><SP WIDTH="25" VPOS="404" HPOS="429"/>
							<String ID="string_53" HPOS="454" VPOS="408" WIDTH="50" HEIGHT="29" WC="0.96" CONTENT="att"/><SP WIDTH="25" VPOS="408" HPOS="504"/>
							<String ID="string_54" HPOS="529" VPOS="405" WIDTH="38" HEIGHT="32" WC="0.96" CONTENT="de"/><SP WIDTH="23" VPOS="405" HPOS="567"/>
							<String ID="string_55" HPOS="590" VPOS="406" WIDTH="208" HEIGHT="38" WC="0.92" CONTENT="ifrågasatta"/><SP WIDTH="23" VPOS="406" HPOS="798"/>
							<String ID="string_56" HPOS="821" VPOS="408" WIDTH="444" HEIGHT="41" WC="0.90" CONTENT="lagstiftningsåtgärderna"/><SP WIDTH="26" VPOS="408" HPOS="1265"/>
							<String ID="string_57" HPOS="1291" VPOS="417" WIDTH="57" HEIGHT="28" WC="0.96" CONTENT="äro"/><SP WIDTH="26" VPOS="417" HPOS="1348"/>
							<String ID="string_58" HPOS="1374" VPOS="414" WIDTH="130" HEIGHT="38" WC="0.95" CONTENT="ägnade"/><SP WIDTH="26" VPOS="414" HPOS="1504"/>
							<String ID="string_59" HPOS="1530" VPOS="418" WIDTH="50" HEIGHT="29" WC="0.91" CONTENT="att"/><SP WIDTH="24" VPOS="418" HPOS="1580"/>
							<String ID="string_60" HPOS="1604" VPOS="415" WIDTH="117" HEIGHT="39" WC="0.91" CONTENT="ingiva"/><SP WIDTH="25" VPOS="415" HPOS="1721"/>
							<String ID="string_61" HPOS="1746" VPOS="416" WIDTH="52" HEIGHT="32" WC="0.89" CONTENT="be-"/>
						</TextLine>
						<TextLine ID="line_6" HPOS="290" VPOS="445" WIDTH="239" HEIGHT="39">
							<String ID="string_62" HPOS="290" VPOS="445" WIDTH="239" HEIGHT="39" WC="0.91" CONTENT="tänkligheter."/>
						</TextLine>
					</TextBlock>
					<TextBlock ID="block_2" HPOS="286" VPOS="487" WIDTH="1512" HEIGHT="249">
						<TextLine ID="line_7" HPOS="329" VPOS="487" WIDTH="1468" HEIGHT="47">
							<String ID="string_63" HPOS="329" VPOS="487" WIDTH="77" HEIGHT="33" WC="0.95" CONTENT="Som"/><SP WIDTH="28" VPOS="487" HPOS="406"/>
							<String ID="string_64" HPOS="434" VPOS="489" WIDTH="123" HEIGHT="33" WC="0.95" CONTENT="bekant"/><SP WIDTH="24" VPOS="489" HPOS="557"/>
							<String ID="string_65" HPOS="581" VPOS="490" WIDTH="61" HEIGHT="32" WC="0.96" CONTENT="har"/><SP WIDTH="26" VPOS="490" HPOS="642"/>
							<String ID="string_66" HPOS="668" VPOS="491" WIDTH="258" HEIGHT="40" WC="0.96" CONTENT="tillämpningen"/><SP WIDTH="27" VPOS="491" HPOS="926"/>
							<String ID="string_67" HPOS="953" VPOS="506" WIDTH="42" HEIGHT="20" WC="0.93" CONTENT="av"/><SP WIDTH="24" VPOS="506" HPOS="995"/>
							<String ID="string_68" HPOS="1019" VPOS="494" WIDTH="239" HEIGHT="40" WC="0.91" CONTENT="legostadgans"/><SP WIDTH="27" VPOS="494" HPOS="1258"/>
							<String ID="string_69" HPOS="1285" VPOS="497" WIDTH="217" HEIGHT="33" WC="0.96" CONTENT="föreskrifter"/><SP WIDTH="26" VPOS="497" HPOS="1502"/>
							<String ID="string_70" HPOS="1528" VPOS="499" WIDTH="154" HEIGHT="33" WC="0.93" CONTENT="alltmera"/><SP WIDTH="25" VPOS="499" HPOS="1682"/>
							<String ID="string_71" HPOS="1707" VPOS="500" WIDTH="90" HEIGHT="33" WC="0.92" CONTENT="kom-"/>
						</TextLine>
						<TextLine ID="line_8" HPOS="287" VPOS="530" WIDTH="1511" HEIGHT="51">
							<String ID="string_72" HPOS="287" VPOS="530" WIDTH="62" HEIGHT="32" WC="0.96" CONTENT="mit"/><SP WIDTH="20" VPOS="530" HPOS="349"/>
							<String ID="string_73" HPOS="369" VPOS="542" WIDTH="41" HEIGHT="20" WC="0.96" CONTENT="ur"/><SP WIDTH="20" VPOS="542" HPOS="410"/>
							<String ID="string_74" HPOS="430" VPOS="531" WIDTH="87" HEIGHT="32" WC="0.96" CONTENT="bruk"/><SP WIDTH="20" VPOS="531" HPOS="517"/>
							<String ID="string_75" HPOS="537" VPOS="536" WIDTH="81" HEIGHT="28" WC="0.96" CONTENT="även"/><SP WIDTH="21" VPOS="536" HPOS="618"/>
							<String ID="string_76" HPOS="639" VPOS="533" WIDTH="44" HEIGHT="38" WC="0.96" CONTENT="på"/><SP WIDTH="21" VPOS="533" HPOS="683"/>
							<String ID="string_77" HPOS="704" VPOS="533" WIDTH="38" HEIGHT="32" WC="0.97" CONTENT="de"/><SP WIDTH="21" VPOS="533" HPOS="742"/>
							<String ID="string_78" HPOS="763" VPOS="535" WIDTH="167" HEIGHT="39" WC="0.96" CONTENT="områden,"/><SP WIDTH="22" VPOS="535" HPOS="930"/>
							<String ID="string_79" HPOS="952" VPOS="536" WIDTH="60" HEIGHT="32" WC="0.96" CONTENT="där"/><SP WIDTH="22" VPOS="536" HPOS="1012"/>
							<String ID="string_80" HPOS="1034" VPOS="537" WIDTH="61" HEIGHT="32" WC="0.96" CONTENT="den"/><SP WIDTH="21" VPOS="537" HPOS="1095"/>
							<String ID="string_81" HPOS="1116" VPOS="538" WIDTH="192" HEIGHT="33" WC="0.96" CONTENT="överhuvud"/><SP WIDTH="21" VPOS="538" HPOS="1308"/>
							<String ID="string_82" HPOS="1329" VPOS="542" WIDTH="94" HEIGHT="36" WC="0.96" CONTENT="taget"/><SP WIDTH="21" VPOS="542" HPOS="1423"/>
							<String ID="string_83" HPOS="1444" VPOS="540" WIDTH="67" HEIGHT="33" WC="0.96" CONTENT="kan"/><SP WIDTH="21" VPOS="540" HPOS="1511"/>
							<String ID="string_84" HPOS="1532" VPOS="541" WIDTH="184" HEIGHT="40" WC="0.96" CONTENT="tillämpas,"/><SP WIDTH="22" VPOS="541" HPOS="1716"/>
							<String ID="string_85" HPOS="1738" VPOS="543" WIDTH="60" HEIGHT="32" WC="0.96" CONTENT="och"/>
						</TextLine>
						<TextLine ID="line_9" HPOS="289" VPOS="572" WIDTH="1507" HEIGHT="51">
							<String ID="string_86" HPOS="289" VPOS="572" WIDTH="147" HEIGHT="38" WC="0.96" CONTENT="regleras"/><SP WIDTH="24" VPOS="572" HPOS="436"/>
							<String ID="string_87" HPOS="460" VPOS="585" WIDTH="135" HEIGHT="22" WC="0.93" CONTENT="numera"/><SP WIDTH="23" VPOS="585" HPOS="595"/>
							<String ID="string_88" HPOS="618" VPOS="576" WIDTH="392" HEIGHT="39" WC="0.91" CONTENT="anställningsvillkoren"/><SP WIDTH="23" VPOS="576" HPOS="1010"/>
							<String ID="string_89" HPOS="1033" VPOS="579" WIDTH="12" HEIGHT="31" WC="0.96" CONTENT="i"/><SP WIDTH="22" VPOS="579" HPOS="1045"/>
							<String ID="string_90" HPOS="1067" VPOS="581" WIDTH="230" HEIGHT="37" WC="0.96" CONTENT="övervägande"/><SP WIDTH="23" VPOS="581" HPOS="1297"/>
							<String ID="string_91" HPOS="1320" VPOS="583" WIDTH="77" HEIGHT="31" WC="0.96" CONTENT="mån"/><SP WIDTH="25" VPOS="583" HPOS="1397"/>
							<String ID="string_92" HPOS="1422" VPOS="594" WIDTH="42" HEIGHT="20" WC="0.96" CONTENT="av"/><SP WIDTH="23" VPOS="594" HPOS="1464"/>
							<String ID="string_93" HPOS="1487" VPOS="583" WIDTH="309" HEIGHT="40" WC="0.96" CONTENT="kollektivavtalen,"/>
						</TextLine>
						<TextLine ID="line_10" HPOS="287" VPOS="614" WIDTH="1509" HEIGHT="51">
							<String ID="string_94" HPOS="287" VPOS="614" WIDTH="93" HEIGHT="33" WC="0.96" CONTENT="vilka"/><SP WIDTH="23" VPOS="614" HPOS="380"/>
							<String ID="string_95" HPOS="403" VPOS="615" WIDTH="12" HEIGHT="31" WC="0.96" CONTENT="i"/><SP WIDTH="24" VPOS="615" HPOS="415"/>
							<String ID="string_96" HPOS="439" VPOS="616" WIDTH="89" HEIGHT="38" WC="0.96" CONTENT="regel"/><SP WIDTH="23" VPOS="616" HPOS="528"/>
							<String ID="string_97" HPOS="551" VPOS="616" WIDTH="246" HEIGHT="35" WC="0.96" CONTENT="kännetecknas"/><SP WIDTH="23" VPOS="616" HPOS="797"/>
							<String ID="string_98" HPOS="820" VPOS="631" WIDTH="42" HEIGHT="20" WC="0.96" CONTENT="av"/><SP WIDTH="22" VPOS="631" HPOS="862"/>
							<String ID="string_99" HPOS="884" VPOS="632" WIDTH="39" HEIGHT="20" WC="0.96" CONTENT="en"/><SP WIDTH="24" VPOS="632" HPOS="923"/>
							<String ID="string_100" HPOS="947" VPOS="621" WIDTH="196" HEIGHT="38" WC="0.93" CONTENT="påfallande"/><SP WIDTH="23" VPOS="621" HPOS="1143"/>
							<String ID="string_101" HPOS="1166" VPOS="623" WIDTH="107" HEIGHT="32" WC="0.92" CONTENT="löshet"/><SP WIDTH="22" VPOS="623" HPOS="1273"/>
							<String ID="string_102" HPOS="1295" VPOS="624" WIDTH="11" HEIGHT="31" WC="0.96" CONTENT="i"/><SP WIDTH="24" VPOS="624" HPOS="1306"/>
							<String ID="string_103" HPOS="1330" VPOS="624" WIDTH="101" HEIGHT="38" WC="0.95" CONTENT="fråga"/><SP WIDTH="25" VPOS="624" HPOS="1431"/>
							<String ID="string_104" HPOS="1456" VPOS="637" WIDTH="51" HEIGHT="20" WC="0.96" CONTENT="om"/><SP WIDTH="24" VPOS="637" HPOS="1507"/>
							<String ID="string_105" HPOS="1531" VPOS="626" WIDTH="265" HEIGHT="39" WC="0.96" CONTENT="anställningens"/>
						</TextLine>
						<TextLine ID="line_11" HPOS="287" VPOS="656" WIDTH="1510" HEIGHT="51">
							<String ID="string_106" HPOS="287" VPOS="656" WIDTH="151" HEIGHT="34" WC="0.95" CONTENT="bestånd."/><SP WIDTH="45" VPOS="656" HPOS="438"/>
							<String ID="string_107" HPOS="483" VPOS="658" WIDTH="68" HEIGHT="32" WC="0.95" CONTENT="Till"/><SP WIDTH="20" VPOS="658" HPOS="551"/>
							<String ID="string_108" HPOS="571" VPOS="659" WIDTH="181" HEIGHT="38" WC="0.96" CONTENT="belysande"/><SP WIDTH="21" VPOS="659" HPOS="752"/>
							<String ID="string_109" HPOS="773" VPOS="661" WIDTH="104" HEIGHT="33" WC="0.96" CONTENT="härav"/><SP WIDTH="21" VPOS="661" HPOS="877"/>
							<String ID="string_110" HPOS="898" VPOS="663" WIDTH="55" HEIGHT="31" WC="0.96" CONTENT="må"/><SP WIDTH="21" VPOS="663" HPOS="953"/>
							<String ID="string_111" HPOS="974" VPOS="663" WIDTH="167" HEIGHT="33" WC="0.96" CONTENT="meddelas"/><SP WIDTH="23" VPOS="663" HPOS="1141"/>
							<String ID="string_112" HPOS="1164" VPOS="665" WIDTH="149" HEIGHT="38" WC="0.96" CONTENT="följande"/><SP WIDTH="22" VPOS="665" HPOS="1313"/>
							<String ID="string_113" HPOS="1335" VPOS="667" WIDTH="192" HEIGHT="32" WC="0.96" CONTENT="statistiska"/><SP WIDTH="23" VPOS="667" HPOS="1527"/>
							<String ID="string_114" HPOS="1550" VPOS="668" WIDTH="131" HEIGHT="39" WC="0.96" CONTENT="siffror,"/><SP WIDTH="22" VPOS="668" HPOS="1681"/>
							<String ID="string_115" HPOS="1703" VPOS="669" WIDTH="94" HEIGHT="32" WC="0.96" CONTENT="vilka"/>
						</TextLine>
						<TextLine ID="line_12" HPOS="286" VPOS="701" WIDTH="549" HEIGHT="35">
							<String ID="string_116" HPOS="286" VPOS="710" WIDTH="78" HEIGHT="21" WC="0.96" CONTENT="avse"/><SP WIDTH="22" VPOS="710" HPOS="364"/>
							<String ID="string_117" HPOS="386" VPOS="701" WIDTH="86" HEIGHT="31" WC="0.96" CONTENT="1920"/><SP WIDTH="21" VPOS="701" HPOS="472"/>
							<String ID="string_118" HPOS="493" VPOS="701" WIDTH="54" HEIGHT="32" WC="0.96" CONTENT="års"/><SP WIDTH="20" VPOS="701" HPOS="547"/>
							<String ID="string_119" HPOS="567" VPOS="701" WIDTH="268" HEIGHT="35" WC="0.94" CONTENT="kollektivavtal."/>
						</TextLine>
					</TextBlock>
				</ComposedBlock>
				<ComposedBlock ID="cblock_2" HPOS="416" VPOS="767" WIDTH="1313" HEIGHT="226">
					<TextBlock ID="block_3" HPOS="416" VPOS="767" WIDTH="1313" HEIGHT="226">
						<TextLine ID="line_13" HPOS="520" VPOS="767" WIDTH="1209" HEIGHT="36">
							<String ID="string_120" HPOS="520" VPOS="767" WIDTH="249" HEIGHT="33" WC="0.90" CONTENT="Uppsägningstiden"/><SP WIDTH="18" VPOS="767" HPOS="769"/>
							<String ID="string_121" HPOS="787" VPOS="771" WIDTH="128" HEIGHT="32" WC="0.96" CONTENT="utgjorde:"/><SP WIDTH="561" VPOS="771" HPOS="915"/>
							<String ID="string_122" HPOS="1476" VPOS="776" WIDTH="110" HEIGHT="25" WC="0.96" CONTENT="Berörda"/><SP WIDTH="17" VPOS="776" HPOS="1586"/>
							<String ID="string_123" HPOS="1603" VPOS="778" WIDTH="126" HEIGHT="25" WC="0.95" CONTENT="arbetare:"/>
						</TextLine>
						<TextLine ID="line_14" HPOS="418" VPOS="819" WIDTH="1244" HEIGHT="45">
							<String ID="string_124" HPOS="418" VPOS="819" WIDTH="20" HEIGHT="31" WC="0.95" CONTENT="3"/><SP WIDTH="22" VPOS="819" HPOS="438"/>
							<String ID="string_125" HPOS="460" VPOS="819" WIDTH="119" HEIGHT="32" WC="0.96" CONTENT="veckor"/><SP WIDTH="22" VPOS="819" HPOS="579"/>
							<String ID="string_126" HPOS="601" VPOS="820" WIDTH="81" HEIGHT="32" WC="0.96" CONTENT="eller"/><SP WIDTH="21" VPOS="820" HPOS="682"/>
							<String ID="string_127" HPOS="703" VPOS="821" WIDTH="116" HEIGHT="42" WC="0.96" CONTENT="längre"/><SP WIDTH="22" VPOS="821" HPOS="819"/>
							<String ID="string_128" HPOS="841" VPOS="823" WIDTH="51" HEIGHT="30" WC="0.92" CONTENT="tid"/><SP WIDTH="41" VPOS="823" HPOS="892"/>
							<String ID="string_129" HPOS="933" VPOS="849" WIDTH="5" HEIGHT="5" WC="0.83" CONTENT="."/><SP WIDTH="37" VPOS="849" HPOS="938"/>
							<String ID="string_130" HPOS="975" VPOS="849" WIDTH="48" HEIGHT="6" WC="0.4" CONTENT=".."/><SP WIDTH="78" VPOS="849" HPOS="1023"/>
							<String ID="string_131" HPOS="1101" VPOS="850" WIDTH="385" HEIGHT="9" WC="0.0" CONTENT="....cs.o.c..c....."/><SP WIDTH="62" VPOS="850" HPOS="1486"/>
							<String ID="string_132" HPOS="1548" VPOS="830" WIDTH="114" HEIGHT="34" WC="0.78" CONTENT="21,729"/>
						</TextLine>
						<TextLine ID="line_15" HPOS="417" VPOS="863" WIDTH="1245" HEIGHT="46">
							<String ID="string_133" HPOS="417" VPOS="863" WIDTH="1245" HEIGHT="46" WC="0.46" CONTENT="Are"/><SP WIDTH="-858" VPOS="863" HPOS="1662"/>
							<String ID="string_134" HPOS="804" VPOS="859" WIDTH="62" HEIGHT="54" WC="0.32" CONTENT="re"/><SP WIDTH="26" VPOS="859" HPOS="866"/>
							<String ID="string_135" HPOS="892" VPOS="859" WIDTH="61" HEIGHT="54" WC="0.39" CONTENT="rr"/><SP WIDTH="23" VPOS="859" HPOS="953"/>
							<String ID="string_136" HPOS="976" VPOS="859" WIDTH="65" HEIGHT="54" WC="0.23" CONTENT="rs"/><SP WIDTH="20" VPOS="859" HPOS="1041"/>
							<String ID="string_137" HPOS="1061" VPOS="859" WIDTH="61" HEIGHT="54" WC="0.20" CONTENT="ss"/><SP WIDTH="43" VPOS="859" HPOS="1122"/>
							<String ID="string_138" HPOS="1165" VPOS="859" WIDTH="123" HEIGHT="54" WC="0.13" CONTENT="svs"/><SP WIDTH="22" VPOS="859" HPOS="1288"/>
							<String ID="string_139" HPOS="1310" VPOS="859" WIDTH="62" HEIGHT="54" WC="0.23" CONTENT="vs"/><SP WIDTH="23" VPOS="859" HPOS="1372"/>
							<String ID="string_140" HPOS="1395" VPOS="859" WIDTH="61" HEIGHT="54" WC="0.17" CONTENT="vv"/><SP WIDTH="20" VPOS="859" HPOS="1456"/>
							<String ID="string_141" HPOS="1476" VPOS="859" WIDTH="17" HEIGHT="54" WC="0.0" CONTENT="n"/><SP WIDTH="47" VPOS="859" HPOS="1493"/>
							<String ID="string_142" HPOS="1540" VPOS="859" WIDTH="126" HEIGHT="54" WC="0.70" CONTENT="62,891"/>
						</TextLine>
						<TextLine ID="line_16" HPOS="419" VPOS="903" WIDTH="1243" HEIGHT="48">
							<String ID="string_143" HPOS="419" VPOS="905" WIDTH="16" HEIGHT="28" WC="0.96" CONTENT="1"/><SP WIDTH="24" VPOS="905" HPOS="435"/>
							<String ID="string_144" HPOS="459" VPOS="903" WIDTH="104" HEIGHT="32" WC="0.96" CONTENT="vecka"/><SP WIDTH="22" VPOS="903" HPOS="563"/>
							<String ID="string_145" HPOS="585" VPOS="904" WIDTH="80" HEIGHT="32" WC="0.96" CONTENT="eller"/><SP WIDTH="22" VPOS="904" HPOS="665"/>
							<String ID="string_146" HPOS="687" VPOS="905" WIDTH="131" HEIGHT="32" WC="0.96" CONTENT="kortare"/><SP WIDTH="23" VPOS="905" HPOS="818"/>
							<String ID="string_147" HPOS="841" VPOS="907" WIDTH="50" HEIGHT="31" WC="0.93" CONTENT="tid"/><SP WIDTH="41" VPOS="907" HPOS="891"/>
							<String ID="string_148" HPOS="932" VPOS="933" WIDTH="5" HEIGHT="5" WC="0.79" CONTENT="."/><SP WIDTH="37" VPOS="933" HPOS="937"/>
							<String ID="string_149" HPOS="974" VPOS="933" WIDTH="6" HEIGHT="5" WC="0.42" CONTENT="."/><SP WIDTH="36" VPOS="933" HPOS="980"/>
							<String ID="string_150" HPOS="1016" VPOS="934" WIDTH="5" HEIGHT="5" WC="0.42" CONTENT="."/><SP WIDTH="79" VPOS="934" HPOS="1021"/>
							<String ID="string_151" HPOS="1100" VPOS="934" WIDTH="216" HEIGHT="8" WC="0.0" CONTENT="co.cc..."/><SP WIDTH="37" VPOS="934" HPOS="1316"/>
							<String ID="string_152" HPOS="1353" VPOS="937" WIDTH="133" HEIGHT="6" WC="0.0" CONTENT="...."/><SP WIDTH="41" VPOS="937" HPOS="1486"/>
							<String ID="string_153" HPOS="1527" VPOS="914" WIDTH="135" HEIGHT="37" WC="0.86" CONTENT="121,230"/>
						</TextLine>
						<TextLine ID="line_17" HPOS="416" VPOS="944" WIDTH="1246" HEIGHT="49">
							<String ID="string_154" HPOS="416" VPOS="944" WIDTH="109" HEIGHT="42" WC="0.96" CONTENT="Ingen"/><SP WIDTH="23" VPOS="944" HPOS="525"/>
							<String ID="string_155" HPOS="548" VPOS="949" WIDTH="286" HEIGHT="41" WC="0.93" CONTENT="uppsägningstid"/><SP WIDTH="23" VPOS="949" HPOS="834"/>
							<String ID="string_156" HPOS="857" VPOS="950" WIDTH="209" HEIGHT="42" WC="0.92" CONTENT="stipulerad"/><SP WIDTH="-3" VPOS="950" HPOS="1066"/>
							<String ID="string_157" HPOS="1063" VPOS="940" WIDTH="19" HEIGHT="57" WC="0.81" CONTENT="."/><SP WIDTH="21" VPOS="940" HPOS="1082"/>
							<String ID="string_158" HPOS="1103" VPOS="976" WIDTH="3" HEIGHT="6" WC="0.72" CONTENT="."/><SP WIDTH="37" VPOS="976" HPOS="1106"/>
							<String ID="string_159" HPOS="1143" VPOS="977" WIDTH="5" HEIGHT="5" WC="0.80" CONTENT="."/><SP WIDTH="40" VPOS="977" HPOS="1148"/>
							<String ID="string_160" HPOS="1188" VPOS="977" WIDTH="3" HEIGHT="6" WC="0.53" CONTENT="."/><SP WIDTH="36" VPOS="977" HPOS="1191"/>
							<String ID="string_161" HPOS="1227" VPOS="978" WIDTH="6" HEIGHT="5" WC="0.53" CONTENT="."/><SP WIDTH="36" VPOS="978" HPOS="1233"/>
							<String ID="string_162" HPOS="1269" VPOS="978" WIDTH="48" HEIGHT="6" WC="0.52" CONTENT=".."/><SP WIDTH="37" VPOS="978" HPOS="1317"/>
							<String ID="string_163" HPOS="1354" VPOS="979" WIDTH="5" HEIGHT="5" WC="0.50" CONTENT="."/><SP WIDTH="38" VPOS="979" HPOS="1359"/>
							<String ID="string_164" HPOS="1397" VPOS="980" WIDTH="5" HEIGHT="4" WC="0.51" CONTENT="."/><SP WIDTH="37" VPOS="980" HPOS="1402"/>
							<String ID="string_165" HPOS="1439" VPOS="980" WIDTH="5" HEIGHT="5" WC="0.66" CONTENT="."/><SP WIDTH="37" VPOS="980" HPOS="1444"/>
							<String ID="string_166" HPOS="1481" VPOS="979" WIDTH="5" HEIGHT="6" WC="0.66" CONTENT="."/><SP WIDTH="41" VPOS="979" HPOS="1486"/>
							<String ID="string_167" HPOS="1527" VPOS="956" WIDTH="135" HEIGHT="37" WC="0.84" CONTENT="231,037"/>
						</TextLine>
					</TextBlock>
				</ComposedBlock>
				<ComposedBlock ID="cblock_3" HPOS="269" VPOS="1027" WIDTH="1525" HEIGHT="1482">
					<TextBlock ID="block_4" HPOS="281" VPOS="1027" WIDTH="1513" HEIGHT="327">
						<TextLine ID="line_18" HPOS="326" VPOS="1027" WIDTH="1467" HEIGHT="55">
							<String ID="string_168" HPOS="326" VPOS="1027" WIDTH="110" HEIGHT="33" WC="0.96" CONTENT="Dessa"/><SP WIDTH="21" VPOS="1027" HPOS="436"/>
							<String ID="string_169" HPOS="457" VPOS="1028" WIDTH="120" HEIGHT="33" WC="0.96" CONTENT="siffror"/><SP WIDTH="19" VPOS="1028" HPOS="577"/>
							<String ID="string_170" HPOS="596" VPOS="1030" WIDTH="197" HEIGHT="39" WC="0.96" CONTENT="tydliggöra"/><SP WIDTH="19" VPOS="1030" HPOS="793"/>
							<String ID="string_171" HPOS="812" VPOS="1032" WIDTH="87" HEIGHT="32" WC="0.96" CONTENT="huru"/><SP WIDTH="20" VPOS="1032" HPOS="899"/>
							<String ID="string_172" HPOS="919" VPOS="1033" WIDTH="65" HEIGHT="32" WC="0.96" CONTENT="lätt"/><SP WIDTH="18" VPOS="1033" HPOS="984"/>
							<String ID="string_173" HPOS="1002" VPOS="1046" WIDTH="39" HEIGHT="20" WC="0.96" CONTENT="en"/><SP WIDTH="21" VPOS="1046" HPOS="1041"/>
							<String ID="string_174" HPOS="1062" VPOS="1035" WIDTH="227" HEIGHT="38" WC="0.96" CONTENT="arbetsgivare"/><SP WIDTH="22" VPOS="1035" HPOS="1289"/>
							<String ID="string_175" HPOS="1311" VPOS="1036" WIDTH="108" HEIGHT="33" WC="0.96" CONTENT="skulle"/><SP WIDTH="19" VPOS="1036" HPOS="1419"/>
							<String ID="string_176" HPOS="1438" VPOS="1037" WIDTH="115" HEIGHT="33" WC="0.96" CONTENT="kunna"/><SP WIDTH="15" VPOS="1037" HPOS="1553"/>
							<String ID="string_177" HPOS="1568" VPOS="1035" WIDTH="225" HEIGHT="47" WC="0.91" CONTENT="undandraga"/>
						</TextLine>
						<TextLine ID="line_19" HPOS="285" VPOS="1069" WIDTH="1509" HEIGHT="55">
							<String ID="string_178" HPOS="285" VPOS="1069" WIDTH="52" HEIGHT="38" WC="0.96" CONTENT="sig"/><SP WIDTH="25" VPOS="1069" HPOS="337"/>
							<String ID="string_179" HPOS="362" VPOS="1070" WIDTH="40" HEIGHT="31" WC="0.96" CONTENT="de"/><SP WIDTH="27" VPOS="1070" HPOS="402"/>
							<String ID="string_180" HPOS="429" VPOS="1070" WIDTH="232" HEIGHT="39" WC="0.96" CONTENT="skyldigheter"/><SP WIDTH="25" VPOS="1070" HPOS="661"/>
							<String ID="string_181" HPOS="686" VPOS="1073" WIDTH="12" HEIGHT="31" WC="0.96" CONTENT="i"/><SP WIDTH="26" VPOS="1073" HPOS="698"/>
							<String ID="string_182" HPOS="724" VPOS="1074" WIDTH="220" HEIGHT="33" WC="0.96" CONTENT="förevarande"/><SP WIDTH="26" VPOS="1074" HPOS="944"/>
							<String ID="string_183" HPOS="970" VPOS="1076" WIDTH="194" HEIGHT="40" WC="0.96" CONTENT="hänseende,"/><SP WIDTH="29" VPOS="1076" HPOS="1164"/>
							<String ID="string_184" HPOS="1193" VPOS="1089" WIDTH="68" HEIGHT="20" WC="0.97" CONTENT="som"/><SP WIDTH="26" VPOS="1089" HPOS="1261"/>
							<String ID="string_185" HPOS="1287" VPOS="1078" WIDTH="219" HEIGHT="38" WC="0.96" CONTENT="lagstiftaren"/><SP WIDTH="26" VPOS="1078" HPOS="1506"/>
							<String ID="string_186" HPOS="1532" VPOS="1080" WIDTH="111" HEIGHT="33" WC="0.96" CONTENT="kunde"/><SP WIDTH="26" VPOS="1080" HPOS="1643"/>
							<String ID="string_187" HPOS="1669" VPOS="1078" WIDTH="125" HEIGHT="46" WC="0.96" CONTENT="ålägga"/>
						</TextLine>
						<TextLine ID="line_20" HPOS="283" VPOS="1111" WIDTH="1509" HEIGHT="50">
							<String ID="string_188" HPOS="283" VPOS="1111" WIDTH="129" HEIGHT="32" WC="0.95" CONTENT="honom."/><SP WIDTH="44" VPOS="1111" HPOS="412"/>
							<String ID="string_189" HPOS="456" VPOS="1113" WIDTH="77" HEIGHT="32" WC="0.96" CONTENT="Han"/><SP WIDTH="18" VPOS="1113" HPOS="533"/>
							<String ID="string_190" HPOS="551" VPOS="1114" WIDTH="85" HEIGHT="32" WC="0.96" CONTENT="hade"/><SP WIDTH="18" VPOS="1114" HPOS="636"/>
							<String ID="string_191" HPOS="654" VPOS="1115" WIDTH="13" HEIGHT="31" WC="0.96" CONTENT="i"/><SP WIDTH="19" VPOS="1115" HPOS="667"/>
							<String ID="string_192" HPOS="686" VPOS="1116" WIDTH="90" HEIGHT="37" WC="0.96" CONTENT="regel"/><SP WIDTH="18" VPOS="1116" HPOS="776"/>
							<String ID="string_193" HPOS="794" VPOS="1120" WIDTH="50" HEIGHT="29" WC="0.96" CONTENT="att"/><SP WIDTH="18" VPOS="1120" HPOS="844"/>
							<String ID="string_194" HPOS="862" VPOS="1117" WIDTH="119" HEIGHT="33" WC="0.96" CONTENT="endast"/><SP WIDTH="18" VPOS="1117" HPOS="981"/>
							<String ID="string_195" HPOS="999" VPOS="1119" WIDTH="108" HEIGHT="38" WC="0.96" CONTENT="någon"/><SP WIDTH="20" VPOS="1119" HPOS="1107"/>
							<String ID="string_196" HPOS="1127" VPOS="1120" WIDTH="69" HEIGHT="32" WC="0.96" CONTENT="helt"/><SP WIDTH="17" VPOS="1120" HPOS="1196"/>
							<String ID="string_197" HPOS="1213" VPOS="1120" WIDTH="77" HEIGHT="34" WC="0.96" CONTENT="kort"/><SP WIDTH="19" VPOS="1120" HPOS="1290"/>
							<String ID="string_198" HPOS="1309" VPOS="1121" WIDTH="49" HEIGHT="32" WC="0.96" CONTENT="tid"/><SP WIDTH="21" VPOS="1121" HPOS="1358"/>
							<String ID="string_199" HPOS="1379" VPOS="1122" WIDTH="72" HEIGHT="32" WC="0.96" CONTENT="före"/><SP WIDTH="20" VPOS="1122" HPOS="1451"/>
							<String ID="string_200" HPOS="1471" VPOS="1122" WIDTH="254" HEIGHT="39" WC="0.91" CONTENT="skyldighetens"/><SP WIDTH="19" VPOS="1122" HPOS="1725"/>
							<String ID="string_201" HPOS="1744" VPOS="1125" WIDTH="48" HEIGHT="32" WC="0.92" CONTENT="in-"/>
						</TextLine>
						<TextLine ID="line_21" HPOS="283" VPOS="1154" WIDTH="1509" HEIGHT="50">
							<String ID="string_202" HPOS="283" VPOS="1154" WIDTH="163" HEIGHT="32" WC="0.91" CONTENT="trädande"/><SP WIDTH="18" VPOS="1154" HPOS="446"/>
							<String ID="string_203" HPOS="464" VPOS="1161" WIDTH="154" HEIGHT="33" WC="0.91" CONTENT="uppsäga"/><SP WIDTH="19" VPOS="1161" HPOS="618"/>
							<String ID="string_204" HPOS="637" VPOS="1157" WIDTH="62" HEIGHT="32" WC="0.95" CONTENT="den"/><SP WIDTH="19" VPOS="1157" HPOS="699"/>
							<String ID="string_205" HPOS="718" VPOS="1159" WIDTH="176" HEIGHT="32" WC="0.96" CONTENT="anställde."/><SP WIDTH="42" VPOS="1159" HPOS="894"/>
							<String ID="string_206" HPOS="936" VPOS="1160" WIDTH="94" HEIGHT="32" WC="0.48" CONTENT="Eller"/><SP WIDTH="18" VPOS="1160" HPOS="1030"/>
							<String ID="string_207" HPOS="1048" VPOS="1161" WIDTH="100" HEIGHT="32" WC="0.96" CONTENT="också"/><SP WIDTH="18" VPOS="1161" HPOS="1148"/>
							<String ID="string_208" HPOS="1166" VPOS="1162" WIDTH="110" HEIGHT="32" WC="0.96" CONTENT="kunde"/><SP WIDTH="18" VPOS="1162" HPOS="1276"/>
							<String ID="string_209" HPOS="1294" VPOS="1163" WIDTH="76" HEIGHT="39" WC="0.96" CONTENT="han,"/><SP WIDTH="21" VPOS="1163" HPOS="1370"/>
							<String ID="string_210" HPOS="1391" VPOS="1176" WIDTH="51" HEIGHT="20" WC="0.96" CONTENT="om"/><SP WIDTH="20" VPOS="1176" HPOS="1442"/>
							<String ID="string_211" HPOS="1462" VPOS="1165" WIDTH="66" HEIGHT="31" WC="0.96" CONTENT="han"/><SP WIDTH="18" VPOS="1165" HPOS="1528"/>
							<String ID="string_212" HPOS="1546" VPOS="1166" WIDTH="143" HEIGHT="38" WC="0.91" CONTENT="nödgats"/><SP WIDTH="19" VPOS="1166" HPOS="1689"/>
							<String ID="string_213" HPOS="1708" VPOS="1168" WIDTH="84" HEIGHT="31" WC="0.92" CONTENT="åter-"/>
						</TextLine>
						<TextLine ID="line_22" HPOS="282" VPOS="1197" WIDTH="1510" HEIGHT="49">
							<String ID="string_214" HPOS="282" VPOS="1199" WIDTH="80" HEIGHT="35" WC="0.96" CONTENT="taga"/><SP WIDTH="21" VPOS="1199" HPOS="362"/>
							<String ID="string_215" HPOS="383" VPOS="1208" WIDTH="40" HEIGHT="21" WC="0.96" CONTENT="en"/><SP WIDTH="21" VPOS="1208" HPOS="423"/>
							<String ID="string_216" HPOS="444" VPOS="1197" WIDTH="151" HEIGHT="33" WC="0.96" CONTENT="arbetare"/><SP WIDTH="20" VPOS="1197" HPOS="595"/>
							<String ID="string_217" HPOS="615" VPOS="1199" WIDTH="87" HEIGHT="32" WC="0.96" CONTENT="efter"/><SP WIDTH="21" VPOS="1199" HPOS="702"/>
							<String ID="string_218" HPOS="723" VPOS="1200" WIDTH="166" HEIGHT="38" WC="0.96" CONTENT="fullgjord"/><SP WIDTH="20" VPOS="1200" HPOS="889"/>
							<String ID="string_219" HPOS="909" VPOS="1203" WIDTH="184" HEIGHT="39" WC="0.96" CONTENT="värnplikt,"/><SP WIDTH="21" VPOS="1203" HPOS="1093"/>
							<String ID="string_220" HPOS="1114" VPOS="1208" WIDTH="120" HEIGHT="28" WC="0.96" CONTENT="nästan"/><SP WIDTH="21" VPOS="1208" HPOS="1234"/>
							<String ID="string_221" HPOS="1255" VPOS="1205" WIDTH="203" HEIGHT="34" WC="0.96" CONTENT="omedelbart"/><SP WIDTH="21" VPOS="1205" HPOS="1458"/>
							<String ID="string_222" HPOS="1479" VPOS="1212" WIDTH="155" HEIGHT="34" WC="0.91" CONTENT="uppsäga"/><SP WIDTH="22" VPOS="1212" HPOS="1634"/>
							<String ID="string_223" HPOS="1656" VPOS="1209" WIDTH="60" HEIGHT="31" WC="0.93" CONTENT="och"/><SP WIDTH="21" VPOS="1209" HPOS="1716"/>
							<String ID="string_224" HPOS="1737" VPOS="1221" WIDTH="55" HEIGHT="20" WC="0.90" CONTENT="av-"/>
						</TextLine>
						<TextLine ID="line_23" HPOS="283" VPOS="1238" WIDTH="1510" HEIGHT="51">
							<String ID="string_225" HPOS="283" VPOS="1238" WIDTH="102" HEIGHT="33" WC="0.92" CONTENT="skeda"/><SP WIDTH="26" VPOS="1238" HPOS="385"/>
							<String ID="string_226" HPOS="411" VPOS="1239" WIDTH="130" HEIGHT="33" WC="0.95" CONTENT="honom."/><SP WIDTH="46" VPOS="1239" HPOS="541"/>
							<String ID="string_227" HPOS="587" VPOS="1240" WIDTH="73" HEIGHT="32" WC="0.95" CONTENT="Den"/><SP WIDTH="26" VPOS="1240" HPOS="660"/>
							<String ID="string_228" HPOS="686" VPOS="1243" WIDTH="173" HEIGHT="39" WC="0.96" CONTENT="trygghet,"/><SP WIDTH="27" VPOS="1243" HPOS="859"/>
							<String ID="string_229" HPOS="886" VPOS="1255" WIDTH="69" HEIGHT="20" WC="0.96" CONTENT="som"/><SP WIDTH="27" VPOS="1255" HPOS="955"/>
							<String ID="string_230" HPOS="982" VPOS="1257" WIDTH="75" HEIGHT="20" WC="0.96" CONTENT="man"/><SP WIDTH="26" VPOS="1257" HPOS="1057"/>
							<String ID="string_231" HPOS="1083" VPOS="1246" WIDTH="74" HEIGHT="32" WC="0.96" CONTENT="med"/><SP WIDTH="27" VPOS="1246" HPOS="1157"/>
							<String ID="string_232" HPOS="1184" VPOS="1247" WIDTH="220" HEIGHT="33" WC="0.96" CONTENT="förevarande"/><SP WIDTH="26" VPOS="1247" HPOS="1404"/>
							<String ID="string_233" HPOS="1430" VPOS="1249" WIDTH="363" HEIGHT="40" WC="0.90" CONTENT="lagstiftningsåtgärd"/>
						</TextLine>
						<TextLine ID="line_24" HPOS="281" VPOS="1282" WIDTH="1510" HEIGHT="71">
							<String ID="string_234" HPOS="281" VPOS="1292" WIDTH="96" HEIGHT="61" WC="0.68" CONTENT="avser"/><SP WIDTH="18" VPOS="1292" HPOS="377"/>
							<String ID="string_235" HPOS="395" VPOS="1285" WIDTH="52" HEIGHT="29" WC="0.96" CONTENT="att"/><SP WIDTH="17" VPOS="1285" HPOS="447"/>
							<String ID="string_236" HPOS="464" VPOS="1282" WIDTH="119" HEIGHT="32" WC="0.96" CONTENT="bereda"/><SP WIDTH="18" VPOS="1282" HPOS="583"/>
							<String ID="string_237" HPOS="601" VPOS="1283" WIDTH="263" HEIGHT="40" WC="0.96" CONTENT="arbetstagaren,"/><SP WIDTH="21" VPOS="1283" HPOS="864"/>
							<String ID="string_238" HPOS="885" VPOS="1286" WIDTH="108" HEIGHT="32" WC="0.96" CONTENT="skulle"/><SP WIDTH="20" VPOS="1286" HPOS="993"/>
							<String ID="string_239" HPOS="1013" VPOS="1287" WIDTH="140" HEIGHT="33" WC="0.96" CONTENT="sålunda"/><SP WIDTH="19" VPOS="1287" HPOS="1153"/>
							<String ID="string_240" HPOS="1172" VPOS="1289" WIDTH="73" HEIGHT="32" WC="0.96" CONTENT="ofta"/><SP WIDTH="18" VPOS="1289" HPOS="1245"/>
							<String ID="string_241" HPOS="1263" VPOS="1289" WIDTH="91" HEIGHT="33" WC="0.93" CONTENT="bliva"/><SP WIDTH="18" VPOS="1289" HPOS="1354"/>
							<String ID="string_242" HPOS="1372" VPOS="1291" WIDTH="144" HEIGHT="32" WC="0.91" CONTENT="allenast"/><SP WIDTH="18" VPOS="1291" HPOS="1516"/>
							<String ID="string_243" HPOS="1534" VPOS="1295" WIDTH="48" HEIGHT="29" WC="0.96" CONTENT="ett"/><SP WIDTH="17" VPOS="1295" HPOS="1582"/>
							<String ID="string_244" HPOS="1599" VPOS="1292" WIDTH="192" HEIGHT="39" WC="0.95" CONTENT="bedrägligt"/>
						</TextLine>
						<TextLine ID="line_25" HPOS="282" VPOS="1334" WIDTH="90" HEIGHT="20">
							<String ID="string_245" HPOS="282" VPOS="1334" WIDTH="90" HEIGHT="20" WC="0.96" CONTENT="sken."/>
						</TextLine>
					</TextBlock>
					<TextBlock ID="block_5" HPOS="270" VPOS="1365" WIDTH="1520" HEIGHT="921">
						<TextLine ID="line_26" HPOS="325" VPOS="1365" WIDTH="1465" HEIGHT="49">
							<String ID="string_246" HPOS="325" VPOS="1365" WIDTH="68" HEIGHT="31" WC="0.96" CONTENT="Till"/><SP WIDTH="22" VPOS="1365" HPOS="393"/>
							<String ID="string_247" HPOS="415" VPOS="1366" WIDTH="213" HEIGHT="33" WC="0.96" CONTENT="undvikande"/><SP WIDTH="23" VPOS="1366" HPOS="628"/>
							<String ID="string_248" HPOS="651" VPOS="1379" WIDTH="42" HEIGHT="20" WC="0.96" CONTENT="av"/><SP WIDTH="21" VPOS="1379" HPOS="693"/>
							<String ID="string_249" HPOS="714" VPOS="1380" WIDTH="81" HEIGHT="26" WC="0.96" CONTENT="nyss"/><SP WIDTH="22" VPOS="1380" HPOS="795"/>
							<String ID="string_250" HPOS="817" VPOS="1369" WIDTH="141" HEIGHT="33" WC="0.96" CONTENT="berörda"/><SP WIDTH="23" VPOS="1369" HPOS="958"/>
							<String ID="string_251" HPOS="981" VPOS="1371" WIDTH="172" HEIGHT="38" WC="0.96" CONTENT="svårighet"/><SP WIDTH="21" VPOS="1371" HPOS="1153"/>
							<String ID="string_252" HPOS="1174" VPOS="1372" WIDTH="110" HEIGHT="33" WC="0.96" CONTENT="kunde"/><SP WIDTH="24" VPOS="1372" HPOS="1284"/>
							<String ID="string_253" HPOS="1308" VPOS="1374" WIDTH="54" HEIGHT="32" WC="0.97" CONTENT="det"/><SP WIDTH="22" VPOS="1374" HPOS="1362"/>
							<String ID="string_254" HPOS="1384" VPOS="1375" WIDTH="160" HEIGHT="38" WC="0.96" CONTENT="möjligen"/><SP WIDTH="22" VPOS="1375" HPOS="1544"/>
							<String ID="string_255" HPOS="1566" VPOS="1376" WIDTH="224" HEIGHT="38" WC="0.96" CONTENT="ifrågasättas"/>
						</TextLine>
						<TextLine ID="line_27" HPOS="280" VPOS="1407" WIDTH="1510" HEIGHT="45">
							<String ID="string_256" HPOS="280" VPOS="1410" WIDTH="50" HEIGHT="29" WC="0.93" CONTENT="att"/><SP WIDTH="23" VPOS="1410" HPOS="330"/>
							<String ID="string_257" HPOS="353" VPOS="1407" WIDTH="124" HEIGHT="39" WC="0.92" CONTENT="betaga"/><SP WIDTH="24" VPOS="1407" HPOS="477"/>
							<String ID="string_258" HPOS="501" VPOS="1409" WIDTH="250" HEIGHT="38" WC="0.96" CONTENT="arbetsgivaren"/><SP WIDTH="26" VPOS="1409" HPOS="751"/>
							<String ID="string_259" HPOS="777" VPOS="1414" WIDTH="108" HEIGHT="29" WC="0.96" CONTENT="rätten"/><SP WIDTH="25" VPOS="1414" HPOS="885"/>
							<String ID="string_260" HPOS="910" VPOS="1415" WIDTH="51" HEIGHT="29" WC="0.93" CONTENT="att"/><SP WIDTH="23" VPOS="1415" HPOS="961"/>
							<String ID="string_261" HPOS="984" VPOS="1418" WIDTH="155" HEIGHT="33" WC="0.92" CONTENT="uppsäga"/><SP WIDTH="23" VPOS="1418" HPOS="1139"/>
							<String ID="string_262" HPOS="1162" VPOS="1417" WIDTH="49" HEIGHT="29" WC="0.93" CONTENT="ett"/><SP WIDTH="23" VPOS="1417" HPOS="1211"/>
							<String ID="string_263" HPOS="1234" VPOS="1415" WIDTH="207" HEIGHT="34" WC="0.89" CONTENT="arbetsavtal"/><SP WIDTH="23" VPOS="1415" HPOS="1441"/>
							<String ID="string_264" HPOS="1464" VPOS="1418" WIDTH="70" HEIGHT="32" WC="0.96" CONTENT="viss"/><SP WIDTH="24" VPOS="1418" HPOS="1534"/>
							<String ID="string_265" HPOS="1558" VPOS="1418" WIDTH="51" HEIGHT="32" WC="0.96" CONTENT="tid"/><SP WIDTH="25" VPOS="1418" HPOS="1609"/>
							<String ID="string_266" HPOS="1634" VPOS="1419" WIDTH="71" HEIGHT="32" WC="0.96" CONTENT="före"/><SP WIDTH="25" VPOS="1419" HPOS="1705"/>
							<String ID="string_267" HPOS="1730" VPOS="1420" WIDTH="60" HEIGHT="32" WC="0.96" CONTENT="och"/>
						</TextLine>
						<TextLine ID="line_28" HPOS="279" VPOS="1449" WIDTH="1510" HEIGHT="46">
							<String ID="string_268" HPOS="279" VPOS="1449" WIDTH="69" HEIGHT="32" WC="0.96" CONTENT="viss"/><SP WIDTH="20" VPOS="1449" HPOS="348"/>
							<String ID="string_269" HPOS="368" VPOS="1450" WIDTH="51" HEIGHT="32" WC="0.96" CONTENT="tid"/><SP WIDTH="21" VPOS="1450" HPOS="419"/>
							<String ID="string_270" HPOS="440" VPOS="1451" WIDTH="87" HEIGHT="31" WC="0.96" CONTENT="efter"/><SP WIDTH="21" VPOS="1451" HPOS="527"/>
							<String ID="string_271" HPOS="548" VPOS="1451" WIDTH="60" HEIGHT="32" WC="0.96" CONTENT="den"/><SP WIDTH="21" VPOS="1451" HPOS="608"/>
							<String ID="string_272" HPOS="629" VPOS="1452" WIDTH="183" HEIGHT="33" WC="0.93" CONTENT="anställdes"/><SP WIDTH="19" VPOS="1452" HPOS="812"/>
							<String ID="string_273" HPOS="831" VPOS="1454" WIDTH="434" HEIGHT="41" WC="0.90" CONTENT="värnpliktstjänstgöring."/><SP WIDTH="45" VPOS="1454" HPOS="1265"/>
							<String ID="string_274" HPOS="1310" VPOS="1457" WIDTH="284" HEIGHT="35" WC="0.96" CONTENT="Genomförandet"/><SP WIDTH="21" VPOS="1457" HPOS="1594"/>
							<String ID="string_275" HPOS="1615" VPOS="1473" WIDTH="42" HEIGHT="20" WC="0.96" CONTENT="av"/><SP WIDTH="21" VPOS="1473" HPOS="1657"/>
							<String ID="string_276" HPOS="1678" VPOS="1473" WIDTH="39" HEIGHT="20" WC="0.93" CONTENT="en"/><SP WIDTH="23" VPOS="1473" HPOS="1717"/>
							<String ID="string_277" HPOS="1740" VPOS="1462" WIDTH="49" HEIGHT="32" WC="0.93" CONTENT="så-"/>
						</TextLine>
						<TextLine ID="line_29" HPOS="280" VPOS="1491" WIDTH="1510" HEIGHT="50">
							<String ID="string_278" HPOS="280" VPOS="1491" WIDTH="64" HEIGHT="32" WC="0.96" CONTENT="dan"/><SP WIDTH="26" VPOS="1491" HPOS="344"/>
							<String ID="string_279" HPOS="370" VPOS="1493" WIDTH="188" HEIGHT="38" WC="0.96" CONTENT="anordning"/><SP WIDTH="25" VPOS="1493" HPOS="558"/>
							<String ID="string_280" HPOS="583" VPOS="1493" WIDTH="108" HEIGHT="33" WC="0.96" CONTENT="skulle"/><SP WIDTH="26" VPOS="1493" HPOS="691"/>
							<String ID="string_281" HPOS="717" VPOS="1495" WIDTH="185" HEIGHT="33" WC="0.96" CONTENT="emellertid"/><SP WIDTH="25" VPOS="1495" HPOS="902"/>
							<String ID="string_282" HPOS="927" VPOS="1497" WIDTH="265" HEIGHT="39" WC="0.95" CONTENT="uppenbarligen"/><SP WIDTH="26" VPOS="1497" HPOS="1192"/>
							<String ID="string_283" HPOS="1218" VPOS="1499" WIDTH="152" HEIGHT="33" WC="0.96" CONTENT="medföra"/><SP WIDTH="26" VPOS="1499" HPOS="1370"/>
							<String ID="string_284" HPOS="1396" VPOS="1500" WIDTH="189" HEIGHT="39" WC="0.94" CONTENT="betydande"/><SP WIDTH="26" VPOS="1500" HPOS="1585"/>
							<String ID="string_285" HPOS="1611" VPOS="1503" WIDTH="179" HEIGHT="38" WC="0.96" CONTENT="praktiska"/>
						</TextLine>
						<TextLine ID="line_30" HPOS="279" VPOS="1534" WIDTH="1511" HEIGHT="50">
							<String ID="string_286" HPOS="279" VPOS="1534" WIDTH="224" HEIGHT="38" WC="0.95" CONTENT="olägenheter."/><SP WIDTH="46" VPOS="1534" HPOS="503"/>
							<String ID="string_287" HPOS="549" VPOS="1534" WIDTH="149" HEIGHT="34" WC="0.86" CONTENT="Sålunda"/><SP WIDTH="21" VPOS="1534" HPOS="698"/>
							<String ID="string_288" HPOS="719" VPOS="1537" WIDTH="43" HEIGHT="32" WC="0.96" CONTENT="ha"/><SP WIDTH="21" VPOS="1537" HPOS="762"/>
							<String ID="string_289" HPOS="783" VPOS="1537" WIDTH="92" HEIGHT="33" WC="0.93" CONTENT="vissa"/><SP WIDTH="22" VPOS="1537" HPOS="875"/>
							<String ID="string_290" HPOS="897" VPOS="1539" WIDTH="258" HEIGHT="40" WC="0.92" CONTENT="arbetsföretag,"/><SP WIDTH="23" VPOS="1539" HPOS="1155"/>
							<String ID="string_291" HPOS="1178" VPOS="1542" WIDTH="200" HEIGHT="38" WC="0.95" CONTENT="exempelvis"/><SP WIDTH="24" VPOS="1542" HPOS="1378"/>
							<String ID="string_292" HPOS="1402" VPOS="1543" WIDTH="326" HEIGHT="41" WC="0.91" CONTENT="byggnadsföretag,"/><SP WIDTH="22" VPOS="1543" HPOS="1728"/>
							<String ID="string_293" HPOS="1750" VPOS="1558" WIDTH="40" HEIGHT="20" WC="0.96" CONTENT="en"/>
						</TextLine>
						<TextLine ID="line_31" HPOS="278" VPOS="1576" WIDTH="1511" HEIGHT="50">
							<String ID="string_294" HPOS="278" VPOS="1576" WIDTH="136" HEIGHT="38" WC="0.96" CONTENT="mycket"/><SP WIDTH="21" VPOS="1576" HPOS="414"/>
							<String ID="string_295" HPOS="435" VPOS="1577" WIDTH="78" HEIGHT="33" WC="0.96" CONTENT="kort"/><SP WIDTH="20" VPOS="1577" HPOS="513"/>
							<String ID="string_296" HPOS="533" VPOS="1578" WIDTH="217" HEIGHT="38" WC="0.96" CONTENT="varaktighet"/><SP WIDTH="21" VPOS="1578" HPOS="750"/>
							<String ID="string_297" HPOS="771" VPOS="1580" WIDTH="60" HEIGHT="31" WC="0.96" CONTENT="och"/><SP WIDTH="22" VPOS="1580" HPOS="831"/>
							<String ID="string_298" HPOS="853" VPOS="1580" WIDTH="43" HEIGHT="32" WC="0.96" CONTENT="ha"/><SP WIDTH="22" VPOS="1580" HPOS="896"/>
							<String ID="string_299" HPOS="918" VPOS="1581" WIDTH="141" HEIGHT="38" WC="0.95" CONTENT="mången"/><SP WIDTH="23" VPOS="1581" HPOS="1059"/>
							<String ID="string_300" HPOS="1082" VPOS="1583" WIDTH="90" HEIGHT="38" WC="0.95" CONTENT="gång"/><SP WIDTH="22" VPOS="1583" HPOS="1172"/>
							<String ID="string_301" HPOS="1194" VPOS="1584" WIDTH="146" HEIGHT="38" WC="0.96" CONTENT="upphört"/><SP WIDTH="23" VPOS="1584" HPOS="1340"/>
							<String ID="string_302" HPOS="1363" VPOS="1588" WIDTH="51" HEIGHT="29" WC="0.96" CONTENT="att"/><SP WIDTH="23" VPOS="1588" HPOS="1414"/>
							<String ID="string_303" HPOS="1437" VPOS="1586" WIDTH="154" HEIGHT="40" WC="0.95" CONTENT="existera,"/><SP WIDTH="23" VPOS="1586" HPOS="1591"/>
							<String ID="string_304" HPOS="1614" VPOS="1592" WIDTH="61" HEIGHT="27" WC="0.93" CONTENT="när"/><SP WIDTH="23" VPOS="1592" HPOS="1675"/>
							<String ID="string_305" HPOS="1698" VPOS="1588" WIDTH="91" HEIGHT="32" WC="0.89" CONTENT="arbe-"/>
						</TextLine>
						<TextLine ID="line_32" HPOS="278" VPOS="1619" WIDTH="1510" HEIGHT="44">
							<String ID="string_306" HPOS="278" VPOS="1621" WIDTH="94" HEIGHT="29" WC="0.92" CONTENT="taren"/><SP WIDTH="27" VPOS="1621" HPOS="372"/>
							<String ID="string_307" HPOS="399" VPOS="1619" WIDTH="101" HEIGHT="38" WC="0.96" CONTENT="ryckt"/><SP WIDTH="26" VPOS="1619" HPOS="500"/>
							<String ID="string_308" HPOS="526" VPOS="1623" WIDTH="37" HEIGHT="29" WC="0.96" CONTENT="ut"/><SP WIDTH="27" VPOS="1623" HPOS="563"/>
							<String ID="string_309" HPOS="590" VPOS="1620" WIDTH="77" HEIGHT="32" WC="0.96" CONTENT="från"/><SP WIDTH="28" VPOS="1620" HPOS="667"/>
							<String ID="string_310" HPOS="695" VPOS="1621" WIDTH="50" HEIGHT="32" WC="0.93" CONTENT="sin"/><SP WIDTH="25" VPOS="1621" HPOS="745"/>
							<String ID="string_311" HPOS="770" VPOS="1622" WIDTH="434" HEIGHT="41" WC="0.91" CONTENT="värnpliktstjänstgöring."/><SP WIDTH="49" VPOS="1622" HPOS="1204"/>
							<String ID="string_312" HPOS="1253" VPOS="1623" WIDTH="97" HEIGHT="35" WC="0.95" CONTENT="Även"/><SP WIDTH="27" VPOS="1623" HPOS="1350"/>
							<String ID="string_313" HPOS="1377" VPOS="1627" WIDTH="89" HEIGHT="32" WC="0.96" CONTENT="inom"/><SP WIDTH="27" VPOS="1627" HPOS="1466"/>
							<String ID="string_314" HPOS="1493" VPOS="1640" WIDTH="90" HEIGHT="21" WC="0.96" CONTENT="mera"/><SP WIDTH="28" VPOS="1640" HPOS="1583"/>
							<String ID="string_315" HPOS="1611" VPOS="1629" WIDTH="177" HEIGHT="33" WC="0.96" CONTENT="bestående"/>
						</TextLine>
						<TextLine ID="line_33" HPOS="278" VPOS="1660" WIDTH="1510" HEIGHT="50">
							<String ID="string_316" HPOS="278" VPOS="1660" WIDTH="144" HEIGHT="39" WC="0.95" CONTENT="företag,"/><SP WIDTH="23" VPOS="1660" HPOS="422"/>
							<String ID="string_317" HPOS="445" VPOS="1662" WIDTH="107" HEIGHT="32" WC="0.96" CONTENT="såsom"/><SP WIDTH="22" VPOS="1662" HPOS="552"/>
							<String ID="string_318" HPOS="574" VPOS="1662" WIDTH="151" HEIGHT="33" WC="0.93" CONTENT="fabriker"/><SP WIDTH="20" VPOS="1662" HPOS="725"/>
							<String ID="string_319" HPOS="745" VPOS="1676" WIDTH="29" HEIGHT="20" WC="0.90" CONTENT="o."/><SP WIDTH="21" VPOS="1676" HPOS="774"/>
							<String ID="string_320" HPOS="795" VPOS="1664" WIDTH="41" HEIGHT="39" WC="0.91" CONTENT="d.,"/><SP WIDTH="22" VPOS="1664" HPOS="836"/>
							<String ID="string_321" HPOS="858" VPOS="1664" WIDTH="114" HEIGHT="34" WC="0.96" CONTENT="kunna"/><SP WIDTH="19" VPOS="1664" HPOS="972"/>
							<String ID="string_322" HPOS="991" VPOS="1666" WIDTH="288" HEIGHT="38" WC="0.95" CONTENT="konjunkturerna"/><SP WIDTH="20" VPOS="1666" HPOS="1279"/>
							<String ID="string_323" HPOS="1299" VPOS="1669" WIDTH="106" HEIGHT="32" WC="0.96" CONTENT="under"/><SP WIDTH="21" VPOS="1669" HPOS="1405"/>
							<String ID="string_324" HPOS="1426" VPOS="1670" WIDTH="114" HEIGHT="39" WC="0.96" CONTENT="loppet"/><SP WIDTH="21" VPOS="1670" HPOS="1540"/>
							<String ID="string_325" HPOS="1561" VPOS="1683" WIDTH="41" HEIGHT="20" WC="0.96" CONTENT="av"/><SP WIDTH="20" VPOS="1683" HPOS="1602"/>
							<String ID="string_326" HPOS="1622" VPOS="1672" WIDTH="107" HEIGHT="38" WC="0.96" CONTENT="några"/><SP WIDTH="22" VPOS="1672" HPOS="1729"/>
							<String ID="string_327" HPOS="1751" VPOS="1673" WIDTH="37" HEIGHT="31" WC="0.96" CONTENT="få"/>
						</TextLine>
						<TextLine ID="line_34" HPOS="276" VPOS="1703" WIDTH="1512" HEIGHT="45">
							<String ID="string_328" HPOS="276" VPOS="1703" WIDTH="159" HEIGHT="32" WC="0.96" CONTENT="månader"/><SP WIDTH="23" VPOS="1703" HPOS="435"/>
							<String ID="string_329" HPOS="458" VPOS="1704" WIDTH="37" HEIGHT="32" WC="0.96" CONTENT="så"/><SP WIDTH="20" VPOS="1704" HPOS="495"/>
							<String ID="string_330" HPOS="515" VPOS="1704" WIDTH="131" HEIGHT="33" WC="0.96" CONTENT="minska"/><SP WIDTH="21" VPOS="1704" HPOS="646"/>
							<String ID="string_331" HPOS="667" VPOS="1705" WIDTH="139" HEIGHT="33" WC="0.96" CONTENT="behovet"/><SP WIDTH="21" VPOS="1705" HPOS="806"/>
							<String ID="string_332" HPOS="827" VPOS="1719" WIDTH="41" HEIGHT="20" WC="0.96" CONTENT="av"/><SP WIDTH="22" VPOS="1719" HPOS="868"/>
							<String ID="string_333" HPOS="890" VPOS="1708" WIDTH="219" HEIGHT="40" WC="0.95" CONTENT="arbetskraft,"/><SP WIDTH="23" VPOS="1708" HPOS="1109"/>
							<String ID="string_334" HPOS="1132" VPOS="1713" WIDTH="51" HEIGHT="28" WC="0.96" CONTENT="att"/><SP WIDTH="21" VPOS="1713" HPOS="1183"/>
							<String ID="string_335" HPOS="1204" VPOS="1710" WIDTH="138" HEIGHT="33" WC="0.96" CONTENT="tillfälle"/><SP WIDTH="23" VPOS="1710" HPOS="1342"/>
							<String ID="string_336" HPOS="1365" VPOS="1712" WIDTH="54" HEIGHT="31" WC="0.96" CONTENT="till"/><SP WIDTH="22" VPOS="1712" HPOS="1419"/>
							<String ID="string_337" HPOS="1441" VPOS="1713" WIDTH="111" HEIGHT="32" WC="0.96" CONTENT="arbete"/><SP WIDTH="23" VPOS="1713" HPOS="1552"/>
							<String ID="string_338" HPOS="1575" VPOS="1718" WIDTH="77" HEIGHT="28" WC="0.96" CONTENT="över"/><SP WIDTH="21" VPOS="1718" HPOS="1652"/>
							<String ID="string_339" HPOS="1673" VPOS="1715" WIDTH="115" HEIGHT="32" WC="0.96" CONTENT="huvud"/>
						</TextLine>
						<TextLine ID="line_35" HPOS="277" VPOS="1746" WIDTH="1511" HEIGHT="49">
							<String ID="string_340" HPOS="277" VPOS="1747" WIDTH="93" HEIGHT="36" WC="0.95" CONTENT="taget"/><SP WIDTH="28" VPOS="1747" HPOS="370"/>
							<String ID="string_341" HPOS="398" VPOS="1746" WIDTH="30" HEIGHT="37" WC="0.96" CONTENT="ej"/><SP WIDTH="27" VPOS="1746" HPOS="428"/>
							<String ID="string_342" HPOS="455" VPOS="1746" WIDTH="67" HEIGHT="32" WC="0.96" CONTENT="kan"/><SP WIDTH="26" VPOS="1746" HPOS="522"/>
							<String ID="string_343" HPOS="548" VPOS="1747" WIDTH="137" HEIGHT="33" WC="0.96" CONTENT="beredas"/><SP WIDTH="27" VPOS="1747" HPOS="685"/>
							<String ID="string_344" HPOS="712" VPOS="1760" WIDTH="39" HEIGHT="20" WC="0.96" CONTENT="en"/><SP WIDTH="27" VPOS="1760" HPOS="751"/>
							<String ID="string_345" HPOS="778" VPOS="1749" WIDTH="248" HEIGHT="33" WC="0.96" CONTENT="återvändande"/><SP WIDTH="26" VPOS="1749" HPOS="1026"/>
							<String ID="string_346" HPOS="1052" VPOS="1752" WIDTH="222" HEIGHT="38" WC="0.92" CONTENT="värnpliktig."/><SP WIDTH="50" VPOS="1752" HPOS="1274"/>
							<String ID="string_347" HPOS="1324" VPOS="1753" WIDTH="139" HEIGHT="33" WC="0.92" CONTENT="Jämväl"/><SP WIDTH="26" VPOS="1753" HPOS="1463"/>
							<String ID="string_348" HPOS="1489" VPOS="1756" WIDTH="54" HEIGHT="31" WC="0.96" CONTENT="må"/><SP WIDTH="28" VPOS="1756" HPOS="1543"/>
							<String ID="string_349" HPOS="1571" VPOS="1756" WIDTH="137" HEIGHT="39" WC="0.91" CONTENT="erinras,"/><SP WIDTH="29" VPOS="1756" HPOS="1708"/>
							<String ID="string_350" HPOS="1737" VPOS="1761" WIDTH="51" HEIGHT="28" WC="0.96" CONTENT="att"/>
						</TextLine>
						<TextLine ID="line_36" HPOS="276" VPOS="1787" WIDTH="1510" HEIGHT="48">
							<String ID="string_351" HPOS="276" VPOS="1787" WIDTH="234" HEIGHT="39" WC="0.96" CONTENT="värnpliktens"/><SP WIDTH="18" VPOS="1787" HPOS="510"/>
							<String ID="string_352" HPOS="528" VPOS="1788" WIDTH="214" HEIGHT="39" WC="0.95" CONTENT="fullgörande"/><SP WIDTH="17" VPOS="1788" HPOS="742"/>
							<String ID="string_353" HPOS="759" VPOS="1791" WIDTH="73" HEIGHT="32" WC="0.96" CONTENT="ofta"/><SP WIDTH="15" VPOS="1791" HPOS="832"/>
							<String ID="string_354" HPOS="847" VPOS="1791" WIDTH="180" HEIGHT="33" WC="0.96" CONTENT="betecknar"/><SP WIDTH="17" VPOS="1791" HPOS="1027"/>
							<String ID="string_355" HPOS="1044" VPOS="1797" WIDTH="48" HEIGHT="28" WC="0.96" CONTENT="ett"/><SP WIDTH="16" VPOS="1797" HPOS="1092"/>
							<String ID="string_356" HPOS="1108" VPOS="1794" WIDTH="166" HEIGHT="39" WC="0.96" CONTENT="naturligt"/><SP WIDTH="17" VPOS="1794" HPOS="1274"/>
							<String ID="string_357" HPOS="1291" VPOS="1796" WIDTH="128" HEIGHT="32" WC="0.96" CONTENT="avsnitt"/><SP WIDTH="17" VPOS="1796" HPOS="1419"/>
							<String ID="string_358" HPOS="1436" VPOS="1797" WIDTH="12" HEIGHT="31" WC="0.97" CONTENT="i"/><SP WIDTH="17" VPOS="1797" HPOS="1448"/>
							<String ID="string_359" HPOS="1465" VPOS="1808" WIDTH="39" HEIGHT="21" WC="0.96" CONTENT="en"/><SP WIDTH="17" VPOS="1808" HPOS="1504"/>
							<String ID="string_360" HPOS="1521" VPOS="1809" WIDTH="70" HEIGHT="26" WC="0.96" CONTENT="ung"/><SP WIDTH="17" VPOS="1809" HPOS="1591"/>
							<String ID="string_361" HPOS="1608" VPOS="1810" WIDTH="94" HEIGHT="20" WC="0.93" CONTENT="mans"/><SP WIDTH="19" VPOS="1810" HPOS="1702"/>
							<String ID="string_362" HPOS="1721" VPOS="1799" WIDTH="65" HEIGHT="32" WC="0.89" CONTENT="lev-"/>
						</TextLine>
						<TextLine ID="line_37" HPOS="275" VPOS="1829" WIDTH="1511" HEIGHT="46">
							<String ID="string_363" HPOS="275" VPOS="1829" WIDTH="184" HEIGHT="40" WC="0.89" CONTENT="nadsbana,"/><SP WIDTH="20" VPOS="1829" HPOS="459"/>
							<String ID="string_364" HPOS="479" VPOS="1843" WIDTH="68" HEIGHT="20" WC="0.96" CONTENT="som"/><SP WIDTH="17" VPOS="1843" HPOS="547"/>
							<String ID="string_365" HPOS="564" VPOS="1832" WIDTH="12" HEIGHT="31" WC="0.96" CONTENT="i"/><SP WIDTH="17" VPOS="1832" HPOS="576"/>
							<String ID="string_366" HPOS="593" VPOS="1832" WIDTH="92" HEIGHT="32" WC="0.95" CONTENT="vissa"/><SP WIDTH="19" VPOS="1832" HPOS="685"/>
							<String ID="string_367" HPOS="704" VPOS="1832" WIDTH="64" HEIGHT="32" WC="0.96" CONTENT="fall"/><SP WIDTH="17" VPOS="1832" HPOS="768"/>
							<String ID="string_368" HPOS="785" VPOS="1837" WIDTH="81" HEIGHT="28" WC="0.96" CONTENT="utan"/><SP WIDTH="19" VPOS="1837" HPOS="866"/>
							<String ID="string_369" HPOS="885" VPOS="1834" WIDTH="176" HEIGHT="38" WC="0.96" CONTENT="olägenhet"/><SP WIDTH="18" VPOS="1834" HPOS="1061"/>
							<String ID="string_370" HPOS="1079" VPOS="1835" WIDTH="77" HEIGHT="40" WC="0.96" CONTENT="kan,"/><SP WIDTH="19" VPOS="1835" HPOS="1156"/>
							<String ID="string_371" HPOS="1175" VPOS="1837" WIDTH="45" HEIGHT="38" WC="0.96" CONTENT="ja,"/><SP WIDTH="18" VPOS="1837" HPOS="1220"/>
							<String ID="string_372" HPOS="1238" VPOS="1837" WIDTH="53" HEIGHT="32" WC="0.96" CONTENT="till"/><SP WIDTH="19" VPOS="1837" HPOS="1291"/>
							<String ID="string_373" HPOS="1310" VPOS="1838" WIDTH="61" HEIGHT="32" WC="0.96" CONTENT="och"/><SP WIDTH="18" VPOS="1838" HPOS="1371"/>
							<String ID="string_374" HPOS="1389" VPOS="1839" WIDTH="75" HEIGHT="32" WC="0.96" CONTENT="med"/><SP WIDTH="18" VPOS="1839" HPOS="1464"/>
							<String ID="string_375" HPOS="1482" VPOS="1839" WIDTH="59" HEIGHT="32" WC="0.96" CONTENT="bör"/><SP WIDTH="19" VPOS="1839" HPOS="1541"/>
							<String ID="string_376" HPOS="1560" VPOS="1840" WIDTH="133" HEIGHT="33" WC="0.95" CONTENT="förenas"/><SP WIDTH="18" VPOS="1840" HPOS="1693"/>
							<String ID="string_377" HPOS="1711" VPOS="1841" WIDTH="75" HEIGHT="32" WC="0.96" CONTENT="med"/>
						</TextLine>
						<TextLine ID="line_38" HPOS="275" VPOS="1871" WIDTH="1510" HEIGHT="49">
							<String ID="string_378" HPOS="275" VPOS="1871" WIDTH="134" HEIGHT="39" WC="0.96" CONTENT="ombyte"/><SP WIDTH="20" VPOS="1871" HPOS="409"/>
							<String ID="string_379" HPOS="429" VPOS="1884" WIDTH="43" HEIGHT="20" WC="0.96" CONTENT="av"/><SP WIDTH="20" VPOS="1884" HPOS="472"/>
							<String ID="string_380" HPOS="492" VPOS="1873" WIDTH="216" HEIGHT="39" WC="0.88" CONTENT="anställning."/><SP WIDTH="44" VPOS="1873" HPOS="708"/>
							<String ID="string_381" HPOS="752" VPOS="1874" WIDTH="172" HEIGHT="39" WC="0.89" CONTENT="Styrelsen"/><SP WIDTH="21" VPOS="1874" HPOS="924"/>
							<String ID="string_382" HPOS="945" VPOS="1877" WIDTH="114" HEIGHT="38" WC="0.96" CONTENT="syftar"/><SP WIDTH="18" VPOS="1877" HPOS="1059"/>
							<String ID="string_383" HPOS="1077" VPOS="1877" WIDTH="120" HEIGHT="34" WC="0.96" CONTENT="härvid"/><SP WIDTH="19" VPOS="1877" HPOS="1197"/>
							<String ID="string_384" HPOS="1216" VPOS="1880" WIDTH="44" HEIGHT="37" WC="0.96" CONTENT="på"/><SP WIDTH="20" VPOS="1880" HPOS="1260"/>
							<String ID="string_385" HPOS="1280" VPOS="1880" WIDTH="39" HEIGHT="32" WC="0.96" CONTENT="de"/><SP WIDTH="20" VPOS="1880" HPOS="1319"/>
							<String ID="string_386" HPOS="1339" VPOS="1880" WIDTH="126" HEIGHT="33" WC="0.96" CONTENT="talrika"/><SP WIDTH="21" VPOS="1880" HPOS="1465"/>
							<String ID="string_387" HPOS="1486" VPOS="1881" WIDTH="74" HEIGHT="39" WC="0.96" CONTENT="fall,"/><SP WIDTH="22" VPOS="1881" HPOS="1560"/>
							<String ID="string_388" HPOS="1582" VPOS="1882" WIDTH="61" HEIGHT="32" WC="0.96" CONTENT="där"/><SP WIDTH="20" VPOS="1882" HPOS="1643"/>
							<String ID="string_389" HPOS="1663" VPOS="1883" WIDTH="61" HEIGHT="32" WC="0.93" CONTENT="den"/><SP WIDTH="20" VPOS="1883" HPOS="1724"/>
							<String ID="string_390" HPOS="1744" VPOS="1884" WIDTH="41" HEIGHT="31" WC="0.91" CONTENT="ti-"/>
						</TextLine>
						<TextLine ID="line_39" HPOS="273" VPOS="1913" WIDTH="1512" HEIGHT="51">
							<String ID="string_391" HPOS="273" VPOS="1913" WIDTH="115" HEIGHT="38" WC="0.92" CONTENT="digare"/><SP WIDTH="24" VPOS="1913" HPOS="388"/>
							<String ID="string_392" HPOS="412" VPOS="1915" WIDTH="248" HEIGHT="39" WC="0.96" CONTENT="anställningen"/><SP WIDTH="24" VPOS="1915" HPOS="660"/>
							<String ID="string_393" HPOS="684" VPOS="1917" WIDTH="129" HEIGHT="38" WC="0.96" CONTENT="lämpat"/><SP WIDTH="22" VPOS="1917" HPOS="813"/>
							<String ID="string_394" HPOS="835" VPOS="1918" WIDTH="53" HEIGHT="38" WC="0.95" CONTENT="sig"/><SP WIDTH="23" VPOS="1918" HPOS="888"/>
							<String ID="string_395" HPOS="911" VPOS="1918" WIDTH="55" HEIGHT="32" WC="0.96" CONTENT="för"/><SP WIDTH="23" VPOS="1918" HPOS="966"/>
							<String ID="string_396" HPOS="989" VPOS="1920" WIDTH="201" HEIGHT="38" WC="0.96" CONTENT="ynglingens"/><SP WIDTH="23" VPOS="1920" HPOS="1190"/>
							<String ID="string_397" HPOS="1213" VPOS="1921" WIDTH="133" HEIGHT="33" WC="0.96" CONTENT="krafter"/><SP WIDTH="23" VPOS="1921" HPOS="1346"/>
							<String ID="string_398" HPOS="1369" VPOS="1923" WIDTH="60" HEIGHT="31" WC="0.96" CONTENT="och"/><SP WIDTH="24" VPOS="1923" HPOS="1429"/>
							<String ID="string_399" HPOS="1453" VPOS="1923" WIDTH="155" HEIGHT="39" WC="0.92" CONTENT="förmåga"/><SP WIDTH="28" VPOS="1923" HPOS="1608"/>
							<String ID="string_400" HPOS="1636" VPOS="1923" WIDTH="149" HEIGHT="41" WC="0.91" CONTENT="(spring-"/>
						</TextLine>
						<TextLine ID="line_40" HPOS="274" VPOS="1956" WIDTH="1510" HEIGHT="44">
							<String ID="string_401" HPOS="274" VPOS="1956" WIDTH="121" HEIGHT="38" WC="0.93" CONTENT="pojkar"/><SP WIDTH="22" VPOS="1956" HPOS="395"/>
							<String ID="string_402" HPOS="417" VPOS="1968" WIDTH="29" HEIGHT="21" WC="0.89" CONTENT="o."/><SP WIDTH="23" VPOS="1968" HPOS="446"/>
							<String ID="string_403" HPOS="469" VPOS="1957" WIDTH="49" HEIGHT="39" WC="0.90" CONTENT="d.)"/><SP WIDTH="25" VPOS="1957" HPOS="518"/>
							<String ID="string_404" HPOS="543" VPOS="1969" WIDTH="72" HEIGHT="21" WC="0.96" CONTENT="men"/><SP WIDTH="23" VPOS="1969" HPOS="615"/>
							<String ID="string_405" HPOS="638" VPOS="1959" WIDTH="30" HEIGHT="37" WC="0.96" CONTENT="ej"/><SP WIDTH="22" VPOS="1959" HPOS="668"/>
							<String ID="string_406" HPOS="690" VPOS="1959" WIDTH="154" HEIGHT="38" WC="0.96" CONTENT="erbjuder"/><SP WIDTH="23" VPOS="1959" HPOS="844"/>
							<String ID="string_407" HPOS="867" VPOS="1961" WIDTH="62" HEIGHT="32" WC="0.93" CONTENT="den"/><SP WIDTH="23" VPOS="1961" HPOS="929"/>
							<String ID="string_408" HPOS="952" VPOS="1961" WIDTH="175" HEIGHT="33" WC="0.75" CONTENT="fullvuxne"/><SP WIDTH="21" VPOS="1961" HPOS="1127"/>
							<String ID="string_409" HPOS="1148" VPOS="1975" WIDTH="140" HEIGHT="20" WC="0.96" CONTENT="mannen"/><SP WIDTH="22" VPOS="1975" HPOS="1288"/>
							<String ID="string_410" HPOS="1310" VPOS="1964" WIDTH="140" HEIGHT="33" WC="0.95" CONTENT="tillfälle"/><SP WIDTH="22" VPOS="1964" HPOS="1450"/>
							<String ID="string_411" HPOS="1472" VPOS="1966" WIDTH="54" HEIGHT="31" WC="0.96" CONTENT="till"/><SP WIDTH="22" VPOS="1966" HPOS="1526"/>
							<String ID="string_412" HPOS="1548" VPOS="1966" WIDTH="67" HEIGHT="32" WC="0.93" CONTENT="full"/><SP WIDTH="22" VPOS="1966" HPOS="1615"/>
							<String ID="string_413" HPOS="1637" VPOS="1967" WIDTH="147" HEIGHT="33" WC="0.91" CONTENT="kraftut-"/>
						</TextLine>
						<TextLine ID="line_41" HPOS="274" VPOS="1998" WIDTH="1511" HEIGHT="48">
							<String ID="string_414" HPOS="274" VPOS="1998" WIDTH="157" HEIGHT="39" WC="0.96" CONTENT="veckling"/><SP WIDTH="19" VPOS="1998" HPOS="431"/>
							<String ID="string_415" HPOS="450" VPOS="2000" WIDTH="60" HEIGHT="31" WC="0.96" CONTENT="och"/><SP WIDTH="19" VPOS="2000" HPOS="510"/>
							<String ID="string_416" HPOS="529" VPOS="1999" WIDTH="64" HEIGHT="32" WC="0.96" CONTENT="full"/><SP WIDTH="20" VPOS="1999" HPOS="593"/>
							<String ID="string_417" HPOS="613" VPOS="2000" WIDTH="270" HEIGHT="35" WC="0.95" CONTENT="arbetsinkomst."/><SP WIDTH="39" VPOS="2000" HPOS="883"/>
							<String ID="string_418" HPOS="922" VPOS="2002" WIDTH="83" HEIGHT="34" WC="0.96" CONTENT="Ofta"/><SP WIDTH="20" VPOS="2002" HPOS="1005"/>
							<String ID="string_419" HPOS="1025" VPOS="2004" WIDTH="54" HEIGHT="32" WC="0.96" CONTENT="får"/><SP WIDTH="18" VPOS="2004" HPOS="1079"/>
							<String ID="string_420" HPOS="1097" VPOS="2005" WIDTH="62" HEIGHT="31" WC="0.93" CONTENT="här"/><SP WIDTH="18" VPOS="2005" HPOS="1159"/>
							<String ID="string_421" HPOS="1177" VPOS="2006" WIDTH="285" HEIGHT="38" WC="0.92" CONTENT="värnpliktstiden"/><SP WIDTH="19" VPOS="2006" HPOS="1462"/>
							<String ID="string_422" HPOS="1481" VPOS="2008" WIDTH="94" HEIGHT="38" WC="0.96" CONTENT="tjäna"/><SP WIDTH="20" VPOS="2008" HPOS="1575"/>
							<String ID="string_423" HPOS="1595" VPOS="2010" WIDTH="108" HEIGHT="31" WC="0.96" CONTENT="såsom"/><SP WIDTH="21" VPOS="2010" HPOS="1703"/>
							<String ID="string_424" HPOS="1724" VPOS="2010" WIDTH="61" HEIGHT="31" WC="0.95" CONTENT="den"/>
						</TextLine>
						<TextLine ID="line_42" HPOS="274" VPOS="2041" WIDTH="1511" HEIGHT="49">
							<String ID="string_425" HPOS="274" VPOS="2041" WIDTH="174" HEIGHT="38" WC="0.95" CONTENT="naturliga"/><SP WIDTH="26" VPOS="2041" HPOS="448"/>
							<String ID="string_426" HPOS="474" VPOS="2047" WIDTH="152" HEIGHT="34" WC="0.96" CONTENT="gränsen,"/><SP WIDTH="27" VPOS="2047" HPOS="626"/>
							<String ID="string_427" HPOS="653" VPOS="2043" WIDTH="87" HEIGHT="32" WC="0.96" CONTENT="efter"/><SP WIDTH="24" VPOS="2043" HPOS="740"/>
							<String ID="string_428" HPOS="764" VPOS="2056" WIDTH="78" HEIGHT="20" WC="0.96" CONTENT="vars"/><SP WIDTH="25" VPOS="2056" HPOS="842"/>
							<String ID="string_429" HPOS="867" VPOS="2046" WIDTH="202" HEIGHT="37" WC="0.96" CONTENT="passerande"/><SP WIDTH="27" VPOS="2046" HPOS="1069"/>
							<String ID="string_430" HPOS="1096" VPOS="2047" WIDTH="61" HEIGHT="32" WC="0.96" CONTENT="den"/><SP WIDTH="25" VPOS="2047" HPOS="1157"/>
							<String ID="string_431" HPOS="1182" VPOS="2059" WIDTH="87" HEIGHT="26" WC="0.96" CONTENT="unge"/><SP WIDTH="25" VPOS="2059" HPOS="1269"/>
							<String ID="string_432" HPOS="1294" VPOS="2060" WIDTH="140" HEIGHT="21" WC="0.96" CONTENT="mannen"/><SP WIDTH="27" VPOS="2060" HPOS="1434"/>
							<String ID="string_433" HPOS="1461" VPOS="2050" WIDTH="61" HEIGHT="32" WC="0.96" CONTENT="har"/><SP WIDTH="26" VPOS="2050" HPOS="1522"/>
							<String ID="string_434" HPOS="1548" VPOS="2054" WIDTH="50" HEIGHT="29" WC="0.96" CONTENT="att"/><SP WIDTH="26" VPOS="2054" HPOS="1598"/>
							<String ID="string_435" HPOS="1624" VPOS="2051" WIDTH="81" HEIGHT="32" WC="0.96" CONTENT="söka"/><SP WIDTH="27" VPOS="2051" HPOS="1705"/>
							<String ID="string_436" HPOS="1732" VPOS="2052" WIDTH="53" HEIGHT="38" WC="0.95" CONTENT="sig"/>
						</TextLine>
						<TextLine ID="line_43" HPOS="270" VPOS="2083" WIDTH="1514" HEIGHT="48">
							<String ID="string_437" HPOS="270" VPOS="2086" WIDTH="78" HEIGHT="35" WC="0.96" CONTENT="nytt"/><SP WIDTH="20" VPOS="2086" HPOS="348"/>
							<String ID="string_438" HPOS="368" VPOS="2084" WIDTH="124" HEIGHT="32" WC="0.94" CONTENT="arbete."/><SP WIDTH="43" VPOS="2084" HPOS="492"/>
							<String ID="string_439" HPOS="535" VPOS="2083" WIDTH="167" HEIGHT="40" WC="0.91" CONTENT="Slutligen"/><SP WIDTH="20" VPOS="2083" HPOS="702"/>
							<String ID="string_440" HPOS="722" VPOS="2086" WIDTH="110" HEIGHT="32" WC="0.95" CONTENT="kunde"/><SP WIDTH="19" VPOS="2086" HPOS="832"/>
							<String ID="string_441" HPOS="851" VPOS="2087" WIDTH="236" HEIGHT="40" WC="0.96" CONTENT="ifrågasättas,"/><SP WIDTH="20" VPOS="2087" HPOS="1087"/>
							<String ID="string_442" HPOS="1107" VPOS="2101" WIDTH="51" HEIGHT="20" WC="0.96" CONTENT="om"/><SP WIDTH="21" VPOS="2101" HPOS="1158"/>
							<String ID="string_443" HPOS="1179" VPOS="2090" WIDTH="29" HEIGHT="37" WC="0.96" CONTENT="ej"/><SP WIDTH="21" VPOS="2090" HPOS="1208"/>
							<String ID="string_444" HPOS="1229" VPOS="2102" WIDTH="39" HEIGHT="19" WC="0.96" CONTENT="en"/><SP WIDTH="20" VPOS="2102" HPOS="1268"/>
							<String ID="string_445" HPOS="1288" VPOS="2090" WIDTH="197" HEIGHT="39" WC="0.96" CONTENT="skyldighet"/><SP WIDTH="20" VPOS="2090" HPOS="1485"/>
							<String ID="string_446" HPOS="1505" VPOS="2093" WIDTH="53" HEIGHT="31" WC="0.93" CONTENT="för"/><SP WIDTH="20" VPOS="2093" HPOS="1558"/>
							<String ID="string_447" HPOS="1578" VPOS="2093" WIDTH="206" HEIGHT="38" WC="0.91" CONTENT="arbetsgiva-"/>
						</TextLine>
						<TextLine ID="line_44" HPOS="275" VPOS="2126" WIDTH="1508" HEIGHT="44">
							<String ID="string_448" HPOS="275" VPOS="2136" WIDTH="56" HEIGHT="20" WC="0.96" CONTENT="ren"/><SP WIDTH="26" VPOS="2136" HPOS="331"/>
							<String ID="string_449" HPOS="357" VPOS="2129" WIDTH="51" HEIGHT="29" WC="0.96" CONTENT="att"/><SP WIDTH="25" VPOS="2129" HPOS="408"/>
							<String ID="string_450" HPOS="433" VPOS="2126" WIDTH="12" HEIGHT="31" WC="0.96" CONTENT="i"/><SP WIDTH="26" VPOS="2126" HPOS="445"/>
							<String ID="string_451" HPOS="471" VPOS="2126" WIDTH="50" HEIGHT="32" WC="0.96" CONTENT="sin"/><SP WIDTH="25" VPOS="2126" HPOS="521"/>
							<String ID="string_452" HPOS="546" VPOS="2127" WIDTH="106" HEIGHT="38" WC="0.93" CONTENT="tjänst"/><SP WIDTH="25" VPOS="2127" HPOS="652"/>
							<String ID="string_453" HPOS="677" VPOS="2128" WIDTH="154" HEIGHT="39" WC="0.90" CONTENT="återtaga"/><SP WIDTH="25" VPOS="2128" HPOS="831"/>
							<String ID="string_454" HPOS="856" VPOS="2141" WIDTH="39" HEIGHT="20" WC="0.96" CONTENT="en"/><SP WIDTH="26" VPOS="2141" HPOS="895"/>
							<String ID="string_455" HPOS="921" VPOS="2130" WIDTH="151" HEIGHT="33" WC="0.93" CONTENT="arbetare"/><SP WIDTH="27" VPOS="2130" HPOS="1072"/>
							<String ID="string_456" HPOS="1099" VPOS="2132" WIDTH="212" HEIGHT="38" WC="0.91" CONTENT="rättvisligen"/><SP WIDTH="27" VPOS="2132" HPOS="1311"/>
							<String ID="string_457" HPOS="1338" VPOS="2133" WIDTH="100" HEIGHT="33" WC="0.96" CONTENT="borde"/><SP WIDTH="26" VPOS="2133" HPOS="1438"/>
							<String ID="string_458" HPOS="1464" VPOS="2138" WIDTH="186" HEIGHT="29" WC="0.96" CONTENT="motsvaras"/><SP WIDTH="26" VPOS="2138" HPOS="1650"/>
							<String ID="string_459" HPOS="1676" VPOS="2148" WIDTH="43" HEIGHT="20" WC="0.96" CONTENT="av"/><SP WIDTH="24" VPOS="2148" HPOS="1719"/>
							<String ID="string_460" HPOS="1743" VPOS="2149" WIDTH="40" HEIGHT="19" WC="0.96" CONTENT="en"/>
						</TextLine>
						<TextLine ID="line_45" HPOS="274" VPOS="2166" WIDTH="1510" HEIGHT="50">
							<String ID="string_461" HPOS="274" VPOS="2166" WIDTH="198" HEIGHT="40" WC="0.96" CONTENT="skyldighet"/><SP WIDTH="18" VPOS="2166" HPOS="472"/>
							<String ID="string_462" HPOS="490" VPOS="2169" WIDTH="53" HEIGHT="32" WC="0.96" CONTENT="för"/><SP WIDTH="18" VPOS="2169" HPOS="543"/>
							<String ID="string_463" HPOS="561" VPOS="2170" WIDTH="102" HEIGHT="32" WC="0.96" CONTENT="denne"/><SP WIDTH="18" VPOS="2170" HPOS="663"/>
							<String ID="string_464" HPOS="681" VPOS="2174" WIDTH="51" HEIGHT="29" WC="0.96" CONTENT="att"/><SP WIDTH="17" VPOS="2174" HPOS="732"/>
							<String ID="string_465" HPOS="749" VPOS="2171" WIDTH="117" HEIGHT="38" WC="0.96" CONTENT="återgå"/><SP WIDTH="17" VPOS="2171" HPOS="866"/>
							<String ID="string_466" HPOS="883" VPOS="2172" WIDTH="55" HEIGHT="32" WC="0.96" CONTENT="till"/><SP WIDTH="19" VPOS="2172" HPOS="938"/>
							<String ID="string_467" HPOS="957" VPOS="2172" WIDTH="60" HEIGHT="32" WC="0.96" CONTENT="den"/><SP WIDTH="19" VPOS="2172" HPOS="1017"/>
							<String ID="string_468" HPOS="1036" VPOS="2174" WIDTH="217" HEIGHT="38" WC="0.96" CONTENT="anställning,"/><SP WIDTH="19" VPOS="2174" HPOS="1253"/>
							<String ID="string_469" HPOS="1272" VPOS="2187" WIDTH="68" HEIGHT="20" WC="0.96" CONTENT="som"/><SP WIDTH="20" VPOS="2187" HPOS="1340"/>
							<String ID="string_470" HPOS="1360" VPOS="2176" WIDTH="54" HEIGHT="31" WC="0.96" CONTENT="för"/><SP WIDTH="18" VPOS="2176" HPOS="1414"/>
							<String ID="string_471" HPOS="1432" VPOS="2176" WIDTH="83" HEIGHT="33" WC="0.96" CONTENT="hans"/><SP WIDTH="19" VPOS="2176" HPOS="1515"/>
							<String ID="string_472" HPOS="1534" VPOS="2177" WIDTH="144" HEIGHT="39" WC="0.96" CONTENT="räkning"/><SP WIDTH="18" VPOS="2177" HPOS="1678"/>
							<String ID="string_473" HPOS="1696" VPOS="2179" WIDTH="88" HEIGHT="31" WC="0.96" CONTENT="måst"/>
						</TextLine>
						<TextLine ID="line_46" HPOS="274" VPOS="2209" WIDTH="1510" HEIGHT="45">
							<String ID="string_474" HPOS="274" VPOS="2209" WIDTH="108" HEIGHT="33" WC="0.96" CONTENT="hållas"/><SP WIDTH="25" VPOS="2209" HPOS="382"/>
							<String ID="string_475" HPOS="407" VPOS="2210" WIDTH="128" HEIGHT="33" WC="0.93" CONTENT="vakant"/><SP WIDTH="20" VPOS="2210" HPOS="535"/>
							<String ID="string_476" HPOS="555" VPOS="2231" WIDTH="45" HEIGHT="4" WC="0.92" CONTENT="—"/><SP WIDTH="23" VPOS="2231" HPOS="600"/>
							<String ID="string_477" HPOS="623" VPOS="2224" WIDTH="38" HEIGHT="20" WC="0.96" CONTENT="en"/><SP WIDTH="25" VPOS="2224" HPOS="661"/>
							<String ID="string_478" HPOS="686" VPOS="2212" WIDTH="205" HEIGHT="40" WC="0.96" CONTENT="skyldighet,"/><SP WIDTH="27" VPOS="2212" HPOS="891"/>
							<String ID="string_479" HPOS="918" VPOS="2226" WIDTH="68" HEIGHT="20" WC="0.96" CONTENT="som"/><SP WIDTH="25" VPOS="2226" HPOS="986"/>
							<String ID="string_480" HPOS="1011" VPOS="2216" WIDTH="237" HEIGHT="38" WC="0.95" CONTENT="otvivelaktigt"/><SP WIDTH="24" VPOS="2216" HPOS="1248"/>
							<String ID="string_481" HPOS="1272" VPOS="2217" WIDTH="108" HEIGHT="33" WC="0.96" CONTENT="skulle"/><SP WIDTH="23" VPOS="2217" HPOS="1380"/>
							<String ID="string_482" HPOS="1403" VPOS="2222" WIDTH="90" HEIGHT="28" WC="0.96" CONTENT="möta"/><SP WIDTH="22" VPOS="2222" HPOS="1493"/>
							<String ID="string_483" HPOS="1515" VPOS="2221" WIDTH="168" HEIGHT="32" WC="0.96" CONTENT="motstånd"/><SP WIDTH="23" VPOS="2221" HPOS="1683"/>
							<String ID="string_484" HPOS="1706" VPOS="2221" WIDTH="78" HEIGHT="32" WC="0.95" CONTENT="från"/>
						</TextLine>
						<TextLine ID="line_47" HPOS="273" VPOS="2252" WIDTH="352" HEIGHT="34">
							<String ID="string_485" HPOS="273" VPOS="2252" WIDTH="37" HEIGHT="31" WC="0.96" CONTENT="de"/><SP WIDTH="22" VPOS="2252" HPOS="310"/>
							<String ID="string_486" HPOS="332" VPOS="2253" WIDTH="187" HEIGHT="33" WC="0.96" CONTENT="anställdas"/><SP WIDTH="23" VPOS="2253" HPOS="519"/>
							<String ID="string_487" HPOS="542" VPOS="2254" WIDTH="83" HEIGHT="32" WC="0.96" CONTENT="sida."/>
						</TextLine>
					</TextBlock>
					<TextBlock ID="block_6" HPOS="269" VPOS="2290" WIDTH="1513" HEIGHT="219">
						<TextLine ID="line_48" HPOS="315" VPOS="2290" WIDTH="1467" HEIGHT="52">
							<String ID="string_488" HPOS="315" VPOS="2290" WIDTH="97" HEIGHT="36" WC="0.96" CONTENT="Även"/><SP WIDTH="28" VPOS="2290" HPOS="412"/>
							<String ID="string_489" HPOS="440" VPOS="2307" WIDTH="52" HEIGHT="21" WC="0.96" CONTENT="om"/><SP WIDTH="26" VPOS="2307" HPOS="492"/>
							<String ID="string_490" HPOS="518" VPOS="2308" WIDTH="75" HEIGHT="20" WC="0.96" CONTENT="man"/><SP WIDTH="26" VPOS="2308" HPOS="593"/>
							<String ID="string_491" HPOS="619" VPOS="2296" WIDTH="130" HEIGHT="33" WC="0.96" CONTENT="bortser"/><SP WIDTH="26" VPOS="2296" HPOS="749"/>
							<String ID="string_492" HPOS="775" VPOS="2298" WIDTH="77" HEIGHT="32" WC="0.96" CONTENT="från"/><SP WIDTH="27" VPOS="2298" HPOS="852"/>
							<String ID="string_493" HPOS="879" VPOS="2311" WIDTH="45" HEIGHT="19" WC="0.96" CONTENT="nu"/><SP WIDTH="27" VPOS="2311" HPOS="924"/>
							<String ID="string_494" HPOS="951" VPOS="2299" WIDTH="139" HEIGHT="33" WC="0.96" CONTENT="berörda"/><SP WIDTH="26" VPOS="2299" HPOS="1090"/>
							<String ID="string_495" HPOS="1116" VPOS="2301" WIDTH="60" HEIGHT="31" WC="0.96" CONTENT="och"/><SP WIDTH="27" VPOS="2301" HPOS="1176"/>
							<String ID="string_496" HPOS="1203" VPOS="2301" WIDTH="157" HEIGHT="33" WC="0.95" CONTENT="liknande"/><SP WIDTH="28" VPOS="2301" HPOS="1360"/>
							<String ID="string_497" HPOS="1388" VPOS="2303" WIDTH="218" HEIGHT="39" WC="0.95" CONTENT="svårigheter,"/><SP WIDTH="26" VPOS="2303" HPOS="1606"/>
							<String ID="string_498" HPOS="1632" VPOS="2304" WIDTH="67" HEIGHT="32" WC="0.96" CONTENT="kan"/><SP WIDTH="29" VPOS="2304" HPOS="1699"/>
							<String ID="string_499" HPOS="1728" VPOS="2305" WIDTH="54" HEIGHT="32" WC="0.96" CONTENT="det"/>
						</TextLine>
						<TextLine ID="line_49" HPOS="272" VPOS="2336" WIDTH="1509" HEIGHT="46">
							<String ID="string_500" HPOS="272" VPOS="2336" WIDTH="237" HEIGHT="40" WC="0.96" CONTENT="ifrågasättas,"/><SP WIDTH="27" VPOS="2336" HPOS="509"/>
							<String ID="string_501" HPOS="536" VPOS="2350" WIDTH="51" HEIGHT="20" WC="0.96" CONTENT="om"/><SP WIDTH="27" VPOS="2350" HPOS="587"/>
							<String ID="string_502" HPOS="614" VPOS="2350" WIDTH="39" HEIGHT="21" WC="0.95" CONTENT="en"/><SP WIDTH="27" VPOS="2350" HPOS="653"/>
							<String ID="string_503" HPOS="680" VPOS="2339" WIDTH="221" HEIGHT="40" WC="0.96" CONTENT="lagstiftning"/><SP WIDTH="26" VPOS="2339" HPOS="901"/>
							<String ID="string_504" HPOS="927" VPOS="2341" WIDTH="12" HEIGHT="31" WC="0.96" CONTENT="i"/><SP WIDTH="29" VPOS="2341" HPOS="939"/>
							<String ID="string_505" HPOS="968" VPOS="2341" WIDTH="60" HEIGHT="32" WC="0.93" CONTENT="den"/><SP WIDTH="28" VPOS="2341" HPOS="1028"/>
							<String ID="string_506" HPOS="1056" VPOS="2343" WIDTH="151" HEIGHT="37" WC="0.92" CONTENT="antydda"/><SP WIDTH="27" VPOS="2343" HPOS="1207"/>
							<String ID="string_507" HPOS="1234" VPOS="2343" WIDTH="192" HEIGHT="39" WC="0.96" CONTENT="riktningen"/><SP WIDTH="29" VPOS="2343" HPOS="1426"/>
							<String ID="string_508" HPOS="1455" VPOS="2345" WIDTH="107" HEIGHT="32" WC="0.93" CONTENT="skulle"/><SP WIDTH="29" VPOS="2345" HPOS="1562"/>
							<String ID="string_509" HPOS="1591" VPOS="2346" WIDTH="100" HEIGHT="32" WC="0.93" CONTENT="lända"/><SP WIDTH="29" VPOS="2346" HPOS="1691"/>
							<String ID="string_510" HPOS="1720" VPOS="2347" WIDTH="61" HEIGHT="32" WC="0.95" CONTENT="den"/>
						</TextLine>
						<TextLine ID="line_50" HPOS="271" VPOS="2379" WIDTH="1509" HEIGHT="43">
							<String ID="string_511" HPOS="271" VPOS="2379" WIDTH="231" HEIGHT="39" WC="0.91" CONTENT="värnpliktige"/><SP WIDTH="25" VPOS="2379" HPOS="502"/>
							<String ID="string_512" HPOS="527" VPOS="2381" WIDTH="53" HEIGHT="31" WC="0.96" CONTENT="till"/><SP WIDTH="26" VPOS="2381" HPOS="580"/>
							<String ID="string_513" HPOS="606" VPOS="2392" WIDTH="102" HEIGHT="27" WC="0.94" CONTENT="gagn."/><SP WIDTH="47" VPOS="2392" HPOS="708"/>
							<String ID="string_514" HPOS="755" VPOS="2381" WIDTH="118" HEIGHT="33" WC="0.96" CONTENT="Redan"/><SP WIDTH="26" VPOS="2381" HPOS="873"/>
							<String ID="string_515" HPOS="899" VPOS="2383" WIDTH="106" HEIGHT="32" WC="0.96" CONTENT="under"/><SP WIDTH="24" VPOS="2383" HPOS="1005"/>
							<String ID="string_516" HPOS="1029" VPOS="2396" WIDTH="44" HEIGHT="20" WC="0.96" CONTENT="nu"/><SP WIDTH="26" VPOS="2396" HPOS="1073"/>
							<String ID="string_517" HPOS="1099" VPOS="2385" WIDTH="146" HEIGHT="33" WC="0.96" CONTENT="rådande"/><SP WIDTH="27" VPOS="2385" HPOS="1245"/>
							<String ID="string_518" HPOS="1272" VPOS="2386" WIDTH="234" HEIGHT="33" WC="0.96" CONTENT="förhållanden"/><SP WIDTH="27" VPOS="2386" HPOS="1506"/>
							<String ID="string_519" HPOS="1533" VPOS="2388" WIDTH="96" HEIGHT="32" WC="0.93" CONTENT="söker"/><SP WIDTH="27" VPOS="2388" HPOS="1629"/>
							<String ID="string_520" HPOS="1656" VPOS="2388" WIDTH="124" HEIGHT="34" WC="0.92" CONTENT="arbets-"/>
						</TextLine>
						<TextLine ID="line_51" HPOS="269" VPOS="2421" WIDTH="1511" HEIGHT="47">
							<String ID="string_521" HPOS="269" VPOS="2421" WIDTH="138" HEIGHT="38" WC="0.96" CONTENT="givaren"/><SP WIDTH="21" VPOS="2421" HPOS="407"/>
							<String ID="string_522" HPOS="428" VPOS="2422" WIDTH="12" HEIGHT="31" WC="0.89" CONTENT="i"/><SP WIDTH="20" VPOS="2422" HPOS="440"/>
							<String ID="string_523" HPOS="460" VPOS="2423" WIDTH="122" HEIGHT="38" WC="0.96" CONTENT="många"/><SP WIDTH="22" VPOS="2423" HPOS="582"/>
							<String ID="string_524" HPOS="604" VPOS="2423" WIDTH="64" HEIGHT="32" WC="0.96" CONTENT="fall"/><SP WIDTH="20" VPOS="2423" HPOS="668"/>
							<String ID="string_525" HPOS="688" VPOS="2424" WIDTH="150" HEIGHT="33" WC="0.96" CONTENT="undvika"/><SP WIDTH="22" VPOS="2424" HPOS="838"/>
							<String ID="string_526" HPOS="860" VPOS="2425" WIDTH="39" HEIGHT="32" WC="0.95" CONTENT="de"/><SP WIDTH="21" VPOS="2425" HPOS="899"/>
							<String ID="string_527" HPOS="920" VPOS="2426" WIDTH="222" HEIGHT="39" WC="0.96" CONTENT="olägenheter,"/><SP WIDTH="21" VPOS="2426" HPOS="1142"/>
							<String ID="string_528" HPOS="1163" VPOS="2427" WIDTH="94" HEIGHT="33" WC="0.96" CONTENT="vilka"/><SP WIDTH="21" VPOS="2427" HPOS="1257"/>
							<String ID="string_529" HPOS="1278" VPOS="2428" WIDTH="83" HEIGHT="32" WC="0.93" CONTENT="hans"/><SP WIDTH="22" VPOS="2428" HPOS="1361"/>
							<String ID="string_530" HPOS="1383" VPOS="2429" WIDTH="171" HEIGHT="33" WC="0.91" CONTENT="biträdens"/><SP WIDTH="22" VPOS="2429" HPOS="1554"/>
							<String ID="string_531" HPOS="1576" VPOS="2430" WIDTH="204" HEIGHT="38" WC="0.92" CONTENT="värnplikts-"/>
						</TextLine>
						<TextLine ID="line_52" HPOS="270" VPOS="2463" WIDTH="1510" HEIGHT="46">
							<String ID="string_532" HPOS="270" VPOS="2463" WIDTH="229" HEIGHT="39" WC="0.96" CONTENT="tjänstgöring"/><SP WIDTH="27" VPOS="2463" HPOS="499"/>
							<String ID="string_533" HPOS="526" VPOS="2465" WIDTH="140" HEIGHT="33" WC="0.96" CONTENT="medför."/><SP WIDTH="50" VPOS="2465" HPOS="666"/>
							<String ID="string_534" HPOS="716" VPOS="2466" WIDTH="127" HEIGHT="32" WC="0.75" CONTENT="Härom"/><SP WIDTH="27" VPOS="2466" HPOS="843"/>
							<String ID="string_535" HPOS="870" VPOS="2467" WIDTH="110" HEIGHT="33" WC="0.95" CONTENT="vittna"/><SP WIDTH="27" VPOS="2467" HPOS="980"/>
							<String ID="string_536" HPOS="1007" VPOS="2468" WIDTH="101" HEIGHT="32" WC="0.95" CONTENT="bland"/><SP WIDTH="28" VPOS="2468" HPOS="1108"/>
							<String ID="string_537" HPOS="1136" VPOS="2473" WIDTH="101" HEIGHT="29" WC="0.96" CONTENT="annat"/><SP WIDTH="28" VPOS="2473" HPOS="1237"/>
							<String ID="string_538" HPOS="1265" VPOS="2470" WIDTH="38" HEIGHT="32" WC="0.96" CONTENT="de"/><SP WIDTH="35" VPOS="2470" HPOS="1303"/>
							<String ID="string_539" HPOS="1338" VPOS="2471" WIDTH="134" HEIGHT="38" WC="0.96" CONTENT="vanligt"/><SP WIDTH="39" VPOS="2471" HPOS="1472"/>
							<String ID="string_540" HPOS="1511" VPOS="2471" WIDTH="269" HEIGHT="34" WC="0.96" CONTENT="förekommande"/>
						</TextLine>
					</TextBlock>
				</ComposedBlock>
			</PrintSpace>
		</Page>
	</Layout>
</alto>
