2212 2616
413 173 39 30 16
567 172 118 32 Andra
708 172 227 32 Kammarens
962 172 177 40 Tillfälliga
1168 171 139 33 Utskotts
1332 171 81 36 (N:o
1438 172 36 37 1)
1506 169 172 34 Utlåtande
1702 171 63 31 N:o
1791 171 51 31 31.

413 262 162 47 riksdag,
597 262 142 36 hvilket
766 262 211 47 godkändes
1005 262 14 35 i
1049 262 124 35 Andra
1201 263 221 34 Kammaren
1449 264 90 33 utan
1567 260 166 48 votering
1761 261 67 35 och
1857 260 13 35 i
1886 261 126 35 Första

412 317 220 34 Kammaren
660 319 89 32 utan
778 315 219 36 diskussion.

521 370 121 35 Såsom
671 370 152 35 resultat
850 369 40 35 af
915 369 234 36 förenämnda
1172 368 239 48 granskning,
1433 371 115 33 såsom
1569 368 68 35 ock
1656 370 47 44 på
1722 368 118 46 grund
1860 367 40 36 af
1916 367 97 36 hvad

412 423 13 35 i
454 422 111 48 öfrigt
601 423 151 35 kommit
780 423 57 35 till
865 423 266 47 öfvervägande
1158 422 63 37 vid
1249 423 166 34 ärendets
1444 421 224 47 behandling
1695 421 95 35 inom
1820 421 191 43 utskottet,

413 489 107 22 anser
548 476 55 47 sig
630 476 179 36 utskottet
837 476 86 36 böra
946 477 125 43 uttala,
1093 479 53 32 att
1165 476 217 36 åtminstone
1401 476 117 34 under
1532 475 210 36 nuvarande
1762 474 251 36 förhållanden

413 530 195 35 förefinnas
637 530 30 48 ej
699 529 195 48 fullgiltiga
937 530 80 35 skäl
1058 542 84 23 vare
1180 529 56 47 sig
1264 529 81 35 från
1373 529 237 44 folkskolans,
1642 528 81 35 från
1752 529 60 34 det
1840 527 173 48 kyrkliga

413 583 88 35 eller
529 583 203 47 borgerliga
767 584 207 35 samhällets
1003 583 78 35 sida
1108 583 57 35 till
1193 595 45 23 en
1267 583 111 35 sådan
1406 582 374 36 folkskoleväsendets
1808 581 203 47 omgestalt-

412 636 103 48 ning,
546 649 74 23 som
662 637 224 35 motionären
928 637 145 47 åsyftat.
1130 637 115 46 Tages
1280 636 125 36 vidare
1439 635 242 36 motionärens
1711 634 129 49 själfva
1867 634 148 36 reform-

413 702 168 35 program
609 690 14 36 i
650 696 165 30 närmare
844 690 282 44 skärskådande,
1157 692 39 33 så
1224 690 126 35 kunna
1376 702 73 34 nog
1473 688 237 47 meningarna
1729 689 185 46 angående
1934 688 82 35 dess

414 744 214 47 lämplighet
665 744 81 35 från
784 746 130 45 många
951 744 229 47 synpunkter
1208 756 86 23 vara
1323 743 137 35 delade.
1519 742 125 36 Skulle
1673 743 61 34 det
1762 740 251 48 förverkligas,

413 798 114 44 torde,
567 797 119 37 såvidt
726 810 84 22 man
850 810 51 22 nu
939 798 74 34 kan
1050 797 147 44 förutse,
1228 796 136 49 följden
1392 796 109 35 häraf
1526 808 145 23 snarare
1699 795 115 36 blifva
1843 794 173 36 förökade

414 851 196 35 kostnader
638 851 55 36 för
722 851 242 35 allmänheten
993 856 46 30 än
1066 850 190 47 verkligen
1284 850 153 36 förökad
1464 852 105 45 nytta
1597 849 55 35 för
1680 849 217 35 folkskolan.

522 905 51 35 På
600 905 120 47 grund
748 904 40 36 af
812 905 96 35 hvad
937 905 151 35 sålunda
1116 904 149 44 anförts,
1296 904 56 35 får
1379 903 180 36 utskottet
1586 903 200 44 hemställa,

950 1015 54 32 att
1036 1011 234 35 förevarande
1299 1010 136 36 motion
1462 1010 82 36 icke
1572 1012 58 33 må
1657 1009 58 36 till
1742 1011 119 45 någon
1889 1007 129 36 Andra

842 1065 239 35 Kammarens
1110 1065 127 46 åtgärd
1265 1064 196 35 föranleda.

525 1154 205 36 Stockholm
761 1155 69 34 den
862 1156 46 33 15
939 1153 94 47 april
1064 1155 113 33 1904.

992 1252 52 35 På
1071 1250 196 36 utskottets
1295 1256 151 42 vägnar:

1062 1358 34 36 J.
1128 1357 44 36 G.
1203 1347 174 46 HAZÉN

1038 1594 356 41 Reservationer:

526 1706 40 35 af
590 1707 125 35 herrar
742 1706 55 35 M.
829 1705 210 37 Sundström
1066 1706 67 35 och
1161 1706 43 35 L.
1238 1705 43 35 G.
1312 1704 163 36 Broomé:

532 1775 11 16 »
553 1760 68 35 För
649 1762 65 33 vår
742 1760 58 35 del
842 1759 110 36 hafva
986 1759 38 36 vi
1061 1759 213 47 visserligen
1307 1757 82 36 icke
1421 1758 144 34 kunnat
1600 1756 93 48 yrka
1721 1756 103 36 bifall
1852 1756 57 36 till
1937 1756 85 35 herr

419 1813 174 36 Larssons
636 1813 145 45 motion,
826 1818 87 30 enär
945 1812 38 37 vi
1018 1813 95 35 hålla
1146 1813 87 44 före,
1269 1815 53 32 att
1350 1812 61 34 det
1438 1810 57 36 till
1523 1809 224 48 behandling
1774 1809 248 48 föreliggande

419 1867 173 47 förslaget
619 1879 56 23 om
705 1867 232 36 läroverkens
966 1866 196 47 omdaning
1190 1866 91 35 först
1308 1865 65 35 bör
1400 1865 94 35 lösas
1517 1864 66 35 och
1603 1863 225 36 folkskolans
1849 1863 174 47 ställning

418 1920 58 36 till
505 1920 115 47 öfriga
649 1921 249 35 läroanstalter
926 1926 165 29 närmare
1118 1920 227 42 bestämmas,
1376 1918 113 35 innan
1511 1917 212 47 Riksdagen
1742 1917 131 35 inlåter
1901 1917 57 47 sig
1976 1920 48 44 på

419 1974 271 47 behandlingen
725 1974 41 35 af
797 1976 52 33 ett
881 1976 39 33 så
948 1974 80 36 vidt
1055 1974 137 46 gående
1221 1973 135 46 förslag
1383 1972 154 35 rörande
1566 1971 158 35 ändrade
1753 1971 270 35 bestämmelser

419 2028 187 46 angående
648 2027 274 48 handläggning
964 2027 41 36 af
1035 2027 340 36 folkskoleärenden
1404 2038 74 23 som
1509 2025 61 35 det
1598 2024 183 36 motionen
1809 2024 213 36 innehåller.

418 2081 195 35 Dessutom
642 2093 108 36 synes
779 2082 60 34 det
867 2093 69 32 oss,
967 2093 75 23 som
1071 2080 212 47 Riksdagen
1310 2079 82 36 icke
1413 2079 112 35 borde
1544 2078 57 36 till
1620 2077 225 48 behandling
1863 2081 161 43 upptaga

419 2146 45 23 en
494 2134 102 46 fråga
623 2147 74 23 som
728 2136 127 44 denna,
887 2135 124 35 förrän
1039 2135 69 35 den
1137 2134 133 48 afgjort
1290 2133 56 35 sin
1367 2132 174 47 ställning
1560 2131 56 36 till
1636 2134 53 33 ett
1708 2134 110 33 annat
1837 2131 41 35 af
1890 2141 134 24 samme

419 2187 177 36 motionär
637 2188 109 36 väckt
787 2188 134 47 förslag
962 2188 152 36 rörande
1149 2187 151 48 styrelse
1335 2186 67 36 och
1430 2186 254 47 öfverstyrelse
1713 2185 56 35 för
1796 2183 225 43 läroverken,

421 2247 87 30 enär
538 2241 60 35 det
625 2242 59 35 väl
712 2243 101 35 torde
841 2254 86 24 vara
956 2241 207 47 lämpligast
1191 2243 53 33 att
1262 2240 83 35 hela
1364 2238 345 48 administreringen
1728 2238 40 36 af
1785 2236 240 37 skolärenden
