1882 2834
293 153 20 29 4
585 153 404 40 Bevillningsutskottets
1006 157 217 32 betänkande
1239 168 42 20 nr
1295 160 42 29 35
1351 160 39 29 år
1407 161 83 30 1969

454 233 227 36 (Nuvarande
697 236 147 40 lydelse)
1220 239 225 41 (Föreslagen
1471 241 147 40 lydelse)

1110 311 55 21 om
1185 302 204 31 totalvikten
1408 305 134 39 uppgår
1560 306 52 29 till
1628 306 151 39 sjutton-

1067 348 99 29 tusen
1183 357 79 20 men
1280 348 75 30 icke
1373 349 205 40 tjugutusen
1596 351 180 39 kilegram,

1063 392 80 30 med
1190 393 463 42 tretusentvåhundrafyrtio
1701 396 77 30 kro-

1065 446 80 27 nor;

1108 490 55 21 om
1192 482 203 31 totalvikten
1424 485 134 39 uppgår
1584 485 52 31 till
1663 486 115 39 tjugu-

1065 528 100 28 tusen
1187 536 79 21 men
1291 528 75 30 icke
1390 529 278 41 tjugufemtusen
1692 531 86 30 kilo-

1063 580 107 30 gram,
1200 573 80 30 med
1309 575 468 31 tretusenniohundrasextio

1065 617 145 37 kronor;

1107 671 55 21 om
1191 663 203 31 totalvikten
1423 665 134 40 uppgår
1583 666 53 30 till
1662 667 115 40 tjugu-

1063 706 176 40 femtusen
1255 717 80 21 men
1356 709 74 30 icke
1451 711 220 30 trettiotusen
1691 712 86 29 kilo-

1062 760 108 31 gram,
1187 753 81 30 med
1283 753 398 42 femtusenfyrahundra
1698 757 78 30 kro-

1064 806 79 28 nor;

1106 851 56 21 om
1186 843 205 31 totalvikten
1415 845 134 39 uppgår
1571 845 52 31 till
1646 847 130 29 trettio-

1064 887 99 27 tusen
1181 895 80 20 men
1282 888 75 29 icke
1377 889 293 38 trettiofemtusen
1691 891 84 28 kilo-

1060 938 109 31 gram,
1189 931 80 30 med
1287 933 487 41 sextusenåttahundrafyrtio

1063 974 145 38 kronor;

1105 1028 56 21 om
1185 1021 204 30 totalvikten
1414 1023 133 39 uppgår
1570 1023 52 30 till
1645 1024 131 30 trettio-

1061 1063 174 40 femtusen
1258 1074 79 21 men
1360 1066 75 30 icke
1456 1067 211 39 fyrtiotusen
1690 1069 85 29 kilo-

1060 1117 108 30 gram,
1198 1110 81 29 med
1308 1110 466 33 åttatusentvåhundraåttio

1062 1153 145 37 kronor;
1226 1156 92 28 samt

1104 1207 55 20 om
1187 1199 204 30 totalvikten
1418 1201 134 39 uppgår
1578 1202 52 30 till
1653 1202 122 40 fyrtio-

1062 1244 99 28 tusen
1180 1243 170 39 kilogram
1373 1245 82 29 eller
1475 1255 106 28 mera,
1601 1247 81 30 med
1700 1248 74 29 nio-

1061 1288 408 42 tusensjuhundratjugu
1490 1291 140 30 kronor.

332 1325 65 30 Det
412 1325 128 41 åligger
664 1346 210 4 ————
886 1326 26 49 —
942 1340 41 20 av
999 1331 148 31 skatten.

331 1442 122 30 Denna
471 1442 206 42 förordning
694 1445 117 30 träder
830 1446 11 29 i
861 1446 95 30 kraft
974 1447 66 30 den
1062 1448 14 29 1
1097 1448 141 37 januari
1262 1450 93 30 1970.

286 1683 101 35 Prop.
413 1685 94 29 1969:
523 1686 38 28 45
929 1693 40 43 1)
987 1692 144 45 Förslag

1004 1761 53 29 till

792 1825 474 47 Traktorskatteförordning

329 1925 211 40 Härigenom
554 1926 187 32 förordnas
755 1937 74 22 som
845 1929 114 41 följer.

994 2011 72 38 18.

327 2059 69 30 För
418 2061 211 39 registrerad
652 2063 136 30 traktor
812 2064 64 30 och
899 2065 200 39 registrerat
1123 2068 266 40 motorredskap
1415 2069 100 40 utgår
1539 2071 231 30 traktorskatt

285 2104 106 40 enligt
405 2105 116 30 denna
533 2106 217 41 förordning.

329 2150 191 39 Uttrycken
540 2151 144 36 traktor,
702 2153 268 41 motorredskap
989 2155 64 30 och
1072 2155 207 40 tjänstevikt
1298 2158 156 31 används
1473 2159 11 30 i
1504 2159 115 31 denna
1636 2160 134 31 förord-

284 2194 85 40 ning
384 2195 12 29 i
414 2204 136 21 samma
565 2196 177 40 betydelse
759 2206 75 22 som
851 2198 11 30 i
879 2199 430 42 vägtrafikförordningen
1327 2203 67 30 den
1412 2203 39 30 21
1473 2205 193 39 september
1686 2206 81 30 1951

289 2239 58 34 (nr
362 2240 94 34 648).

329 2284 79 30 Med
429 2285 131 31 allmän
581 2286 65 40 väg
668 2296 98 21 avses
789 2287 109 31 sådan
921 2289 130 30 allmän
1073 2291 73 39 väg,
1170 2292 79 39 gata
1272 2292 81 30 eller
1376 2302 117 23 annan
1515 2295 130 29 allmän
1668 2296 101 39 plats,

285 2338 75 20 som
374 2330 37 29 är
426 2330 168 39 upplåten
608 2331 54 29 för
678 2332 130 29 allmän
823 2333 218 30 samfärdsel.

328 2374 78 30 Med
425 2375 178 40 transport
621 2375 45 40 på
685 2377 130 30 allmän
833 2377 66 40 väg
917 2387 98 21 avses
1033 2379 190 31 befordran
1241 2381 46 40 på
1306 2381 109 31 sådan
1433 2383 66 39 väg
1518 2393 41 20 av
1579 2384 93 39 gods,
1694 2393 74 21 som

284 2419 30 40 ej
336 2419 39 29 är
393 2419 105 30 lastat
515 2419 46 41 på
579 2421 162 30 traktorn
760 2422 82 30 eller
860 2424 313 41 motorredskapet.
1194 2425 80 31 Som
1293 2428 179 39 transport
1491 2428 45 40 på
1555 2429 130 30 allmän
1704 2429 66 40 väg

284 2473 101 21 anses
400 2464 89 30 dock
504 2465 30 39 ej

328 2508 36 34 a)
395 2508 275 40 godsbefordran
683 2510 58 31 vid
754 2519 147 32 passage
913 2512 80 30 över
1008 2514 130 30 allmän
1152 2515 73 39 väg,
