2117 2648
392 197 112 34 Andra
527 198 208 31 Kammarens
764 196 175 44 Tillfälliga
968 196 137 32 Utskotts
1131 194 80 42 (N:o
1235 194 36 42 2)
1305 194 168 33 Utlåtande
1497 193 66 33 N:o
1588 194 50 32 16.
1749 195 15 32 1

943 745 74 38 N:o
1051 745 55 38 16.

764 903 73 28 Ank.
857 902 44 28 till
920 902 96 28 Riksd.
1037 902 98 28 Kansli
1156 903 52 28 den
1230 903 32 26 14
1281 901 75 28 Mars
1379 900 76 35 1884,
1475 900 39 27 kl.
1535 900 17 27 3
1572 908 21 19 e.
1614 908 34 18 m.

427 1050 127 36 Andra
580 1049 234 36 Kammarens
839 1047 131 38 Andra
997 1046 187 50 Tillfälliga
1214 1045 138 37 Utskotts
1378 1044 179 37 Utlåtande
1573 1043 74 38 N:o
1662 1045 34 45 9,
1715 1044 92 49 öfver

640 1111 94 36 Herr
777 1108 36 40 Cl
855 1110 43 38 A.
944 1111 218 36 Anderssons
1202 1108 125 36 motion
1355 1107 179 49 angående
1561 1107 172 49 skrifvelse
1762 1107 50 36 till

639 1173 122 49 Kongl.
809 1173 102 48 Maj:t
936 1185 55 24 om
1025 1171 210 51 utfärdande
1264 1171 42 49 af
1330 1170 275 50 lagstadganden
1631 1170 56 45 för
1716 1170 89 46 dem,

638 1249 73 24 som
750 1236 189 48 sysselsätta
967 1236 52 49 sig
1046 1235 79 37 med
1154 1233 227 50 anskaffande
1409 1233 43 49 af
1467 1233 134 49 platser
1627 1232 39 37 åt
1688 1233 121 36 arbets-

639 1299 150 37 sökande
809 1310 175 38 personer.

375 1462 71 35 Hos
475 1462 122 35 Andra
625 1458 208 39 Kammaren
860 1461 65 35 har
952 1460 92 35 Herr
1075 1456 83 40 Carl
1184 1458 93 50 Aug.
1310 1458 199 37 Andersson
1542 1459 104 36 väckt
1666 1459 141 45 motion,

214 1516 67 36 N:o
311 1516 61 45 29,
403 1516 143 36 hvilken
575 1516 53 35 till
658 1516 96 35 detta
783 1515 145 36 Utskott
956 1514 188 43 hänvisats,
1174 1514 117 35 derom

374 1573 52 32 att
466 1569 202 45 Riksdagen
710 1570 12 33 i
764 1568 182 36 skrifvelse
987 1568 54 34 till
1069 1568 125 44 Kongl.
1227 1568 104 45 Maj:t
1358 1567 82 35 ville
1474 1566 149 46 anhålla,
1655 1570 52 33 att
1735 1567 74 44 lag-

213 1624 217 44 stadganden
471 1622 78 36 med
591 1626 156 32 snaraste
776 1623 55 35 må
859 1621 108 37 blifva
994 1620 186 37 utfärdade
1208 1621 55 35 för
1292 1621 90 45 dem,
1416 1632 74 25 som
1520 1622 207 44 sysselsätta
1757 1621 54 44 sig

214 1677 76 36 med
318 1676 225 37 anskaffande
571 1676 38 35 af
633 1676 134 46 platser
796 1677 36 35 åt
860 1675 272 37 arbetssökande
1162 1685 178 35 personer.

374 1731 17 35 I
434 1731 113 35 denna
574 1731 129 35 motion
731 1731 64 35 har
823 1731 215 35 motionären
1066 1729 201 45 framhållit,
1298 1729 165 35 hurusom
1492 1728 65 36 den
1587 1729 137 45 oärliga
1752 1729 60 35 be-

212 1784 179 45 handling,
436 1794 73 26 som
538 1784 66 35 den
633 1784 272 36 arbetssökande
933 1782 246 46 befolkningen
1208 1782 72 36 ofta
1308 1782 68 35 fått
1404 1786 95 41 röna,
1532 1783 44 35 då
1605 1783 66 35 den
1701 1783 111 35 vändt

213 1839 55 44 sig
308 1838 54 35 till
404 1849 25 24 s.
475 1838 32 35 k.
540 1838 305 35 kommissionärer
881 1837 53 35 för
962 1837 124 45 tjensts
1116 1836 201 36 erhållande
1344 1836 91 35 inom
1464 1836 85 36 eller
1577 1839 97 33 utom
1703 1837 105 44 riket,

214 1892 199 35 framkallat
455 1892 125 43 många
622 1892 64 35 och
714 1892 108 35 bittra
842 1891 183 45 klagomål.
1084 1890 54 36 Då
1167 1890 194 36 emellertid
1389 1890 101 45 lagen
1519 1890 78 36 icke
1628 1890 184 45 medgåfve

213 1945 249 45 polismaktens
503 1945 205 44 ingripande
749 1945 81 45 förr,
869 1949 44 31 än
954 1944 196 45 uppenbart
1192 1944 184 44 bedrägeri
1413 1943 153 46 förelåge
1595 1945 64 35 och
1688 1945 120 35 kunde

214 1999 149 44 bevisas,
408 1999 134 35 hvilket
584 1998 111 36 sällan
735 2009 84 25 vore
846 1998 198 45 händelsen,
1077 2002 83 31 enär
1189 1997 65 35 den
1283 2007 62 27 ene
1373 1999 125 43 parten
1526 1998 163 45 vanligen
1718 1999 95 35 varit

214 2052 73 36 lika
332 2052 78 45 slug
456 2052 63 36 och
565 2051 153 37 förfaren
764 2063 73 25 som
883 2053 66 34 den
996 2052 107 35 andre
1149 2052 94 35 varit
1294 2051 197 46 godtrogen
1536 2052 64 35 och
1639 2052 171 45 oerfaren,

213 2106 40 35 så
293 2106 89 35 hade
423 2106 130 36 sådana
594 2107 302 35 kommissionärer
937 2107 133 34 kunnat
1111 2106 12 34 i
1164 2106 134 44 ganska
1340 2108 74 33 stor
1443 2105 99 35 skala
1571 2105 159 37 bedrifva
1759 2106 54 35 sin

213 2160 182 45 tvetydiga
422 2160 231 44 verksamhet,
684 2170 73 25 som
785 2160 12 34 i
827 2160 188 45 synnerhet
1042 2160 92 35 visat
1154 2160 52 44 sig
1226 2159 314 46 olycksbringande
1559 2160 12 34 i
1590 2159 219 46 tjenstefolks

213 2214 195 45 städjande,
439 2214 111 35 under
577 2213 113 36 falska
717 2214 188 45 uppgifter,
937 2213 54 35 till
1020 2214 105 45 tjenst
1152 2214 12 34 i
1191 2213 169 36 utlandet.
1421 2212 134 37 Genom
1582 2214 225 37 utvandrare-

213 2267 104 45 lagen
345 2266 38 36 af
408 2267 66 36 den
506 2268 19 33 5
556 2267 170 35 Februari
758 2269 99 34 1869
876 2267 87 35 hade
979 2267 181 36 samhället
1176 2271 114 31 ansett
1306 2268 53 43 sig
1374 2267 86 35 böra
1474 2270 92 33 emot
1580 2269 229 35 utvandrare-

304 2328 76 32 Bih.
406 2328 49 32 till
478 2328 111 33 Riked.
613 2327 91 34 Prot.
730 2328 91 32 1884.
869 2328 20 31 8
913 2327 100 33 Saml.
1039 2328 22 31 2
1084 2328 75 40 Afd.
1185 2328 22 31 2
1231 2328 108 32 Band.
1364 2328 41 31 12
1429 2327 92 44 Höft.
