1879 2839
402 164 403 39 Bevillningsutskottets
821 165 219 30 betänkande
1053 175 43 20 nr
1110 167 41 29 66
1165 166 39 30 år
1218 167 84 30 1970
1577 172 12 28 1

789 537 51 35 Nr
859 538 48 34 66

327 639 403 40 Bevillningsutskottets
746 641 218 30 betänkande
978 643 80 29 med
1071 643 188 39 anledning
1272 653 41 20 av
1326 644 126 40 Kungl.
1466 645 124 40 Maj:ts

547 694 216 40 proposilion
791 695 81 30 med
897 695 132 41 förslag
1057 696 52 30 till
1136 697 55 39 lag
1218 706 55 21 om
1301 698 149 39 ändring
1478 699 10 29 i
1516 708 75 20 rus-

548 748 610 42 drycksförsäljningsförordningen
1186 751 230 35 (1954:521).

712 1012 266 43 Propositionen

149 1133 13 28 I
186 1133 218 39 proposition
429 1142 41 20 nr
498 1133 61 30 184
582 1133 65 30 har
672 1134 124 39 Kungl.
822 1135 106 39 Maj:t
952 1136 110 29 under
1087 1136 219 40 åberopande
1331 1146 41 21 av
1397 1138 125 39 utdrag
1547 1147 42 21 av

106 1186 382 40 statsrådsprotokollet
509 1187 80 30 över
612 1187 273 31 finansärenden
906 1189 55 29 för
983 1189 67 30 den
1071 1189 40 31 30
1135 1190 143 30 oktober
1303 1191 82 30 1970
1408 1191 180 40 föreslagit

105 1239 187 40 riksdagen
310 1241 50 28 att
379 1242 83 28 anta
478 1240 58 30 vid
553 1241 263 40 propositionen
835 1242 95 40 fogat
949 1243 130 40 förslag
1097 1244 53 29 till
1168 1244 55 40 lag
1242 1253 56 21 om
1317 1245 148 40 ändring
1482 1246 11 29 i
1511 1255 76 20 rus-

105 1292 613 43 drycksförsäljningsförordningen
737 1295 118 35 (1954:
871 1296 95 35 521).

148 1419 13 28 I
182 1419 263 39 propositionen
466 1419 156 36 föreslås,
645 1422 50 28 att
715 1420 365 42 tillståndsgivningen
1102 1422 64 30 och
1186 1424 198 30 kontrollen
1406 1434 41 20 av
1467 1425 120 39 rättig-

104 1471 96 31 heter
221 1474 50 28 att
291 1473 178 30 utskänka
489 1474 210 40 rusdrycker
719 1474 72 30 helt
812 1475 94 40 läggs
926 1476 45 40 på
991 1476 300 40 länsstyrelserna.
1314 1477 272 41 Systembolaget

104 1526 56 29 AB
184 1527 89 29 skall
295 1526 152 31 därefter
469 1528 72 29 inte
562 1527 47 30 ha
630 1528 114 40 någon
765 1528 197 41 befattning
983 1530 80 29 med
1085 1531 388 40 utskänkningsfrågor.
1497 1532 89 30 Änd-

104 1580 166 39 ringarna
284 1580 37 29 är
336 1581 151 30 avsedda
501 1583 49 28 att
565 1582 89 39 gälla
669 1582 79 30 från
762 1583 67 29 den
845 1583 14 29 1
875 1583 65 37 juli
957 1583 94 31 1971.

135 2513 16 25 1
192 2509 112 30 Bihang
316 2509 46 24 till
374 2511 168 30 riksdagens
553 2511 148 31 protokoll
713 2511 102 26 1970.7
827 2512 83 25 saml.
920 2513 39 25 Nr
980 2518 31 21 66
