2181 2667
639 134 362 43 Bevillningsutskottets
1025 131 208 34 Betänkande
1255 131 54 31 Nr
1330 132 52 31 26.
1719 129 39 31 13

606 216 117 36 sådan
740 214 143 49 afgäld;
904 214 12 36 i
932 212 176 47 ärenden,
1125 224 80 24 som
1222 210 321 49 anhängiggjorts
1559 209 69 37 hos
1638 209 164 49 justitie-

606 266 342 38 kanslergämbetet
989 265 91 36 eller
1117 264 241 49 Riksdagens
1382 261 418 51 justitieombudsman;

606 322 12 35 i
645 319 76 38 mål
749 319 71 37 och
848 318 175 47 ärenden,
1053 330 79 24 som
1161 316 320 49 anhängiggjorts
1510 314 69 37 hos
1607 315 196 35 konsular-

608 373 153 36 domare
802 371 90 37 eller
932 370 258 36 konsularrätt
1231 368 120 49 enligt
1378 369 112 48 lagen
1518 380 61 23 om
1607 366 196 37 konsular-

603 424 248 50 jurisdiktion
890 423 73 36 den
1002 424 20 35 5
1047 421 85 50 juni
1162 422 113 44 1909;
1306 425 41 32 så
1375 420 69 37 ock
1473 421 12 35 i
1513 420 85 46 mål,
1629 419 175 37 afseende

607 476 257 50 värnpliktigs
905 475 135 36 besvär
1082 474 107 35 öfver
1229 473 135 46 beslut,
1406 471 251 49 hvarigenom
1697 471 107 36 böter

607 529 126 37 blifvit
760 528 139 36 honom
929 526 120 49 enligt
1078 525 328 49 värnpliktslagen
1434 523 169 37 ådömda.

737 581 218 48 Konungen
975 584 90 44 äger
1079 578 142 49 bevilja
1236 577 201 37 utländska
1451 575 208 49 ångfärjor,
1676 574 129 37 hvilka

608 633 184 37 förmedla
833 632 161 36 trafiken
1034 630 139 36 mellan
1209 630 193 35 Danmark
1430 629 90 36 eller
1548 627 206 50 Tyskland,
1785 629 20 34 å

609 699 83 34 ena,
722 689 99 32 samt
851 683 168 49 Sverige,
1050 685 20 34 å
1099 682 117 37 andra
1236 682 117 48 sidan,
1374 681 197 36 äfvensom
1591 680 12 36 i
1623 679 182 37 samband

608 738 85 36 med
723 735 254 51 färjetrafiken
1005 734 155 37 stående
1188 734 201 36 utländska
1418 733 140 48 fartyg,
1588 732 115 36 frihet
1722 732 84 36 från

608 789 162 50 stämpel
799 792 21 33 å
846 788 168 49 tullpass,
1045 787 127 36 därest
1200 785 264 38 motsvarande
1493 784 149 37 förmån
1661 785 145 35 lämnas

609 842 127 49 dylika
777 840 164 37 svenska
982 844 125 32 staten
1133 839 195 48 tillhöriga
1357 836 195 49 ångfärjor
1580 836 70 37 och
1680 836 127 49 fartyg

608 894 13 36 i
649 892 281 38 vederbörande
958 891 203 37 utländska
1188 891 171 44 hamnar;

741 945 72 49 2:0)
857 950 55 31 att
953 944 218 48 Riksdagen
1207 946 116 33 måtte
1350 942 128 37 bifalla
1506 941 142 48 Kungl.
1678 940 127 49 Maj:ts

609 999 146 48 förslag
792 997 55 37 till
885 997 143 36 ändrad
1057 996 143 49 lydelse
1230 995 41 37 af
1295 997 46 34 23
1372 994 71 37 och
1473 995 47 35 38
1550 992 44 50 $$
1622 993 12 35 i
1663 1005 143 24 samma

610 1050 241 49 förordning;

741 1101 73 49 3:0)
855 1106 55 32 att
949 1100 220 48 Riksdagen
1210 1101 116 34 måtte
1366 1098 159 46 besluta,
1568 1102 56 31 att
1662 1099 44 34 27
1746 1096 61 49 $i

611 1168 144 24 samma
771 1153 226 49 förordning
1013 1153 95 36 skall
1124 1151 142 38 erhålla
1280 1151 166 49 följande
1462 1149 165 37 ändrade
1643 1148 162 50 lydelse:

1157 1275 44 34 27
1234 1272 30 50 8.

742 1361 188 49 Stämplar
973 1360 108 36 skola
1117 1373 92 23 vara
1238 1364 53 32 att
1318 1359 110 49 tillgå
1456 1360 42 36 af
1523 1358 166 50 följande
1717 1358 93 49 slag,

613 1414 212 49 nämligen:

743 1466 34 46 ASS
987 1486 106 6 ——
1145 1484 669 7 SA
1775 1460 42 56 —

743 1518 37 49 b)
809 1517 112 38 enkla
963 1516 70 37 och
1077 1516 140 37 dubbla
1258 1515 443 50 beläggningsstämplar
1729 1516 21 34 å
1779 1515 34 46 5,

615 1573 60 46 10,
717 1573 58 46 15,
813 1572 61 46 20,
914 1571 59 45 25,
1012 1571 61 46 30,
1103 1570 60 47 40,
1195 1570 59 47 50,
1284 1570 59 46 60,
1376 1569 45 36 75
1451 1568 69 37 och
1549 1569 48 35 80
1626 1572 62 32 öre
1717 1571 98 33 samt

615 1626 33 44 1,
694 1626 97 45 1,20,
836 1625 98 44 1,50,
971 1624 33 45 2,
1047 1623 33 45 3,
1119 1623 35 45 4,
1186 1623 33 46 5,
1251 1622 33 46 6,
1316 1623 32 45 7,
1379 1622 34 46 8,
1443 1623 34 46 9,
1508 1622 59 46 10,
1600 1621 58 46 12,
1691 1621 123 46 12,50,

616 1677 59 45 15,
721 1677 59 45 20,
825 1675 60 47 25,
928 1675 60 46 30,
1033 1675 60 46 50,
1139 1675 59 46 75,
1243 1674 84 47 100,
1371 1674 84 43 200,
1487 1673 85 47 500,
1605 1673 110 46 1,000
1744 1671 71 36 och

615 1729 112 46 5,000
756 1727 156 44 kronor;
942 1730 98 32 samt

744 1779 75 49 4:0)
849 1783 55 32 att
924 1778 224 49 Riksdagen
1167 1780 116 34 måtte
1304 1777 158 48 besluta,
1482 1782 54 31 att
1556 1777 74 36 den
1649 1775 166 37 ändrade

619 1831 174 49 lydelsen
822 1831 40 36 af
887 1829 245 37 förenämnda
1158 1830 221 48 paragrafer
1407 1829 95 37 skall
1520 1828 191 50 tillämpas
1732 1828 85 36 från

621 1883 71 37 och
719 1883 86 37 med
834 1883 86 48 dag,
950 1895 80 24 som
1059 1881 142 50 Kungl.
1231 1882 107 49 Maj:t
1365 1881 238 37 bestämmer.

352 1967 218 41 Stockholm
601 1970 74 36 den
704 1972 48 34 24
780 1970 75 48 maj
889 1970 108 35 1910.

664 2074 53 36 På
744 2073 440 50 bevillningsutskottets
1212 2079 161 44 vägnar:

718 2178 183 37 ALEXIS
929 2168 398 47 HAMMARSTRÖM.
