2179 2684
419 142 39 32 12
802 140 365 44 Bevillningsutskottets
1191 140 209 32 Betänkande
1422 139 53 32 Nr
1497 141 52 31 26.

503 222 18 37 I
550 221 277 50 sammanhang
854 221 85 37 med
959 220 46 38 de
1024 235 51 22 nu
1094 221 43 36 af
1152 220 141 51 Kungl.
1315 220 108 51 Maj:t
1442 220 136 50 gjorda
1596 220 376 50 framställningarna

373 290 62 23 om
463 275 207 49 ändringar
697 275 12 36 i
738 274 439 51 stämpelförordningen
1205 274 69 37 har
1300 274 186 37 utskottet
1515 279 123 32 ansett
1661 273 61 49 sig
1741 273 92 37 böra
1851 273 120 37 väcka

373 329 145 48 förslag
543 328 141 49 därom,
705 332 57 32 att
781 328 113 37 äfven
913 328 13 36 i
946 328 45 37 de
1011 328 12 36 i
1042 327 124 37 denna
1185 327 226 49 förordning
1430 326 231 38 innefattade
1681 326 289 38 föreskrifterna

375 381 198 50 angående
614 381 155 37 valören
810 381 41 37 af
888 381 103 37 vissa
1032 380 85 49 slag
1158 380 41 36 af
1224 380 181 50 stämplar
1433 382 60 34 må
1521 379 166 37 beslutas
1716 392 47 24 en
1791 378 177 50 ändring,

374 434 156 37 hvilken
559 447 113 36 synes
700 433 176 50 påkallad
905 433 56 37 till
989 433 94 50 följd
1112 433 42 36 af
1178 433 44 37 de
1249 433 136 42 beslut,
1413 432 221 49 Riksdagen
1653 432 255 37 innevarande
1929 434 42 34 år

374 488 112 36 fattat
513 486 162 38 rörande
703 486 163 50 höjning
893 486 12 37 1
934 485 325 50 stämpelafgiften
1288 486 59 37 för
1374 485 364 50 bouppteckningar.

503 539 133 49 Enligt
678 542 44 34 27
754 539 20 50 8
802 539 38 50 b)
869 540 13 36 i
909 539 167 36 nämnda
1117 538 226 50 förordning
1384 543 40 31 är
1465 538 58 36 för
1564 538 235 37 närvarande
1831 537 141 49 högsta

372 593 157 36 valören
570 592 41 37 af
649 593 113 36 enkla
803 593 70 37 och
915 591 139 38 dubbla
1094 591 441 50 beläggningsstämplar
1578 592 72 35 500
1679 590 149 38 kronor.
1883 590 86 37 Med

373 646 149 49 hänsyn
550 644 57 37 till
636 645 44 37 de
708 645 214 50 betydande
950 644 150 50 belopp,
1130 644 178 37 hvarmed
1336 643 356 51 bouppteckningar
1719 643 121 49 enligt
1859 643 111 36 Riks-

375 698 144 48 dagens
547 697 125 36 beslut
699 698 223 36 hädanefter
949 697 129 36 kunna
1106 697 151 36 komma
1287 701 54 32 att
1370 696 358 49 stämpelbeläggas,
1759 709 122 36 synes,
1911 695 60 37 för

375 755 54 31 att
457 749 31 50 ej
519 749 12 36 i
560 748 127 50 dylika
731 749 66 37 fall
833 749 125 37 alltför
987 753 95 32 stort
1110 748 101 36 antal
1241 749 180 48 stämplar
1449 748 95 36 skall
1570 748 166 36 behöfva
1765 748 203 45 användas,

375 802 64 36 det
479 815 91 23 vara
612 802 240 49 erforderligt
894 807 55 31 att
991 801 41 37 af
1055 800 493 50 beläggningsstämplarna
1576 799 169 50 utgifvas
1772 799 149 38 valörer
1949 801 21 35 å

373 855 121 48 högre
522 854 149 50 belopp,
700 854 13 37 i
740 855 146 36 hvilket
915 854 178 37 afseende
1121 854 187 36 utskottet
1337 858 122 32 ansett
1479 853 61 48 sig
1558 852 93 37 böra
1670 853 136 37 föreslå
1824 852 146 37 valörer

373 910 20 33 å
426 907 111 48 1,000
566 908 70 36 och
666 908 111 48 3,000
806 908 150 36 kronor.

502 959 52 37 På
595 960 124 49 grund
749 961 41 36 af
815 960 100 37 hvad
944 959 156 38 sålunda
1129 958 125 38 blifvit
1283 958 151 38 anfördt
1462 958 56 37 får
1545 958 187 37 utskottet
1761 957 208 48 hemställa,

910 1066 71 49 1:0)
1016 1071 53 31 att
1095 1065 231 49 Riksdagen,
1355 1064 84 37 med
1467 1063 251 49 förklarande,
1747 1069 54 32 att
1829 1063 140 49 Kungl.

776 1118 127 49 Maj:ts
933 1119 143 48 förslag
1104 1118 56 36 till
1189 1118 142 37 ändrad
1360 1117 144 50 lydelse
1530 1117 40 36 af
1588 1120 18 33 7
1628 1116 20 50 $
1667 1117 13 36 i
1699 1117 273 48 förordningen

778 1172 197 48 angående
1004 1171 326 49 stämpelafgiften
1358 1171 71 35 den
1460 1172 45 35 18
1535 1169 214 50 september
1771 1170 97 36 1908
1888 1168 85 37 icke

776 1223 147 36 kunnat
951 1223 243 36 oförändradt
1221 1223 160 47 bifallas,
1411 1225 115 33 måtte
1547 1227 138 42 antaga
1703 1221 168 49 följande
1896 1220 76 36 för-

778 1275 83 49 slag
888 1276 57 36 till
973 1275 141 37 ändrad
1143 1275 145 49 lydelse
1317 1275 41 36 af
1382 1274 164 37 nämnda
1572 1273 195 50 paragraf:

1334 1434 17 33 7
1374 1406 40 79 8.

906 1537 97 37 Från
1040 1536 278 50 stämpelafgift
1355 1537 120 49 enligt
1512 1537 122 37 denna
1662 1541 66 32 art.
1759 1541 40 31 är
1826 1536 146 36 kronan

776 1590 156 36 befriad.

905 1642 204 37 Dessutom
1151 1646 62 32 äro
1254 1642 83 36 från
1378 1640 276 50 stämpelafgift
1695 1640 120 51 enligt
1848 1641 124 36 denna

777 1700 82 43 art.,
889 1694 85 37 med
1001 1694 198 49 undantag
1227 1694 41 36 af
1292 1694 73 37 den
1393 1694 183 37 särskilda
1596 1693 189 50 stämpeln
1805 1696 20 34 å
1844 1698 128 46 proto-

776 1747 77 36 koll
891 1747 196 49 angående
1124 1746 220 49 bevakning
1380 1746 64 36 vid
1478 1746 161 36 domstol
1667 1747 42 35 af
1733 1750 237 42 testamente,

775 1799 170 36 befriade
1020 1820 96 5 ——
1162 1795 162 57 ———
1301 1819 671 6 —————
1772 1795 125 57 ——
1928 1795 48 57 —

905 1903 468 49 sjukvårdsinrättningar,
1403 1902 201 46 allmänna;

906 1955 422 49 skogsvårdsstyrelser;

776 2113 172 35 välrum
1011 2133 396 5 ——————
1463 2133 277 6 Ser
1858 2108 40 51 —r
1929 2131 44 6 —

775 2216 13 37 i
815 2216 175 48 ärenden,
1030 2229 81 24 som
1149 2216 99 37 afses
1275 2216 12 36 i
1315 2215 113 50 lagen
1462 2215 159 37 rörande
1649 2215 128 49 afgäld
1805 2215 84 37 från
1917 2214 56 37 af-

775 2268 163 38 söndrad
976 2268 180 50 lägenhet
1193 2268 89 37 eller
1310 2268 12 36 i
1350 2268 115 50 lagen
1494 2268 195 48 angående
1719 2268 187 47 aflösning
1935 2266 41 36 af
