1920 2828
565 146 319 30 Utrikesutskottets

132 231 174 30 Skrivelse
347 230 79 31 från
465 231 243 30 ordföranden
745 230 11 30 i
795 231 68 29 den

131 282 151 30 svenska
316 281 244 37 delegationen
594 280 52 31 till
680 280 184 31 ordföran-

187 333 68 29 den
279 332 11 30 i
315 333 68 29 den
407 332 125 36 polska
557 331 253 37 delegationen.

609 391 223 35 (Översättning.)

245 441 201 32 Stockholm
463 441 68 30 den
553 442 40 30 18
612 450 93 21 mars
725 441 94 31 1947.

176 519 88 30 Herr
288 517 229 38 Ordförande,

178 577 40 31 Ni
233 577 66 30 har
312 576 148 37 behagat
474 577 154 30 tillställa
642 576 69 37 mig
726 586 42 22 en
784 576 80 30 den-

131 629 45 21 na
200 619 67 36 dag
290 619 142 31 daterad
455 618 165 33 skrivelse
643 628 43 21 av
710 618 155 37 följande

130 662 143 37 lydelse:

448 851 106 30 Avtal

130 910 162 30 rörande
324 910 238 40 regleringen
594 918 46 22 av
664 910 203 39 betalning-

170 977 93 22 arna
280 970 134 29 mellan
431 969 153 39 Sverige
606 969 70 29 och
699 969 125 29 Polen.

607 1025 224 33 (Översättning.)

176 1075 13 30 I
207 1074 90 37 syfte
315 1078 49 27 att
381 1074 197 30 underlätta
595 1073 210 36 regleringen
821 1082 42 21 av

128 1116 263 37 betalningarna
411 1116 127 30 mellan
559 1115 136 37 Sverige
713 1115 66 31 och
800 1115 63 30 Po-

126 1159 54 30 len
200 1159 46 30 ha
267 1159 146 30 svenska
432 1158 199 37 regeringen
652 1158 66 30 och
738 1157 123 37 polska

127 1201 198 36 regeringen
367 1200 293 31 överenskommit
698 1209 57 22 om
798 1199 63 32 föl-

125 1243 118 37 jande:

408 1319 130 31 Artikel
566 1319 24 31 I.

174 1378 224 37 Regleringen
422 1388 43 21 av
491 1378 263 36 betalningarna
781 1378 82 30 mel-

131 1421 56 30 lan
232 1421 135 36 Sverige
407 1421 66 30 och
513 1421 106 31 Polen
648 1421 88 30 skall
764 1420 60 31 ske
851 1420 11 31 i

130 1464 148 30 svenska
303 1463 128 30 kronor
456 1463 12 30 i
493 1463 150 36 enlighet
668 1463 79 31 med
770 1462 93 32 detta

129 1506 111 30 avtals
264 1505 268 31 bestämmelser.

396 1590 130 31 Artikel
552 1590 41 30 II.

175 1649 101 30 Detta
300 1649 91 31 avtal
414 1658 101 21 avser

177 1690 29 38 1)
236 1691 216 36 betalningar
498 1700 42 21 av
585 1691 280 30 varuleveranser

131 1732 79 31 från
236 1733 106 33 Polen
366 1733 52 30 till
445 1732 136 37 Sverige
607 1733 164 30 ävensom
796 1733 65 30 alla

130 1775 118 35 övriga
262 1775 216 36 betalningar
491 1774 80 31 från
586 1775 135 36 Sverige
734 1774 50 32 till
800 1775 63 31 Po-

130 1817 65 35 len,
214 1816 93 31 vilka
323 1817 172 36 godkänts
513 1826 42 21 av
572 1817 289 35 valutakontoret;

174 1858 31 38 2)
235 1858 217 37 betalningar
497 1868 43 21 av
584 1859 281 30 varuleveranser

130 1900 81 32 från
238 1901 135 36 Sverige
396 1901 51 30 till
473 1901 106 31 Polen
606 1902 162 29 ävensom
795 1901 67 29 alla

130 1943 118 37 övriga
265 1943 215 36 betalningar
496 1942 80 31 från
595 1943 105 30 Polen
716 1943 50 31 till
785 1942 77 31 Sve-

130 1985 80 37 rige,
228 1985 92 31 vilka
335 1985 171 37 godkänts
522 1994 42 21 av
581 1984 156 36 Komisja
754 1984 108 31 Dewi-

130 2037 95 21 zowa
255 2028 78 37 (den
368 2028 123 36 polska
527 2026 335 31 valutakommissio-

129 2069 95 38 nen).

390 2145 131 31 Artikel
543 2145 59 32 III.

176 2204 152 34 Sveriges
348 2204 167 30 riksbank
534 2204 88 30 skall
646 2203 5 30 i
669 2203 194 37 Narodowy

130 2246 98 29 Bank
266 2245 134 31 Polskis
441 2246 139 36 (Polska
618 2245 244 31 Nationalban-

131 2287 96 37 kens)
251 2297 107 20 namn
375 2288 117 35 öppna
506 2287 58 31 två
577 2288 131 29 konton
723 2287 10 30 i
750 2296 112 21 svens-

130 2329 45 30 ka
193 2330 138 36 kronor,
349 2330 137 29 kallade
503 2330 107 29 konto
628 2330 25 28 A
672 2329 64 30 och
756 2330 107 28 konto

132 2372 35 35 B,
199 2371 92 29 vilka
322 2372 97 29 skola
449 2371 218 35 gottskrivas,
700 2371 164 29 A-kontot

131 2414 77 30 med
226 2414 41 29 60
284 2409 42 34 ?/o
343 2414 63 29 och
426 2413 166 32 B-kontot
608 2412 78 31 med
704 2413 41 30 40
763 2409 42 33 9/0
821 2422 42 20 av

130 2457 67 30 alla
215 2455 223 36 betalningar,
456 2465 74 20 som
549 2455 147 30 förutses
714 2455 10 29 i
741 2454 122 31 artikel

910 146 178 30 utlåtande
1113 156 40 20 nr
1180 147 27 30 7.
1602 143 39 30 35

953 241 12 15 »
973 229 116 32 Under
1106 231 206 36 hänvisning
1331 249 43 3 —
1392 249 45 3 —
1454 249 43 3 —-
1516 231 123 31 under-

904 273 169 31 tecknade
1097 274 166 30 avtalen.»

950 310 227 41 Äberopande
1193 316 92 30 detta
1301 315 185 31 älskvärda
1503 315 136 31 medde-

907 358 102 30 lande
1035 358 65 30 har
1125 357 59 37 jag
1210 359 86 31 äran
1323 357 122 37 bringa
1471 357 51 32 till
1551 358 90 31 Eder

905 400 209 35 kännedom,
1139 404 49 27 att
1211 401 146 30 svenska
1380 401 200 36 regeringen
1603 401 40 29 är

906 444 142 29 överens
1090 445 79 30 med
1207 443 122 35 polska
1356 443 199 36 regeringen
1585 452 57 21 om

905 484 229 31 förestående.

950 543 139 36 Mottag,
1107 543 88 31 Herr
1210 542 230 38 Ordförande,
1456 543 183 31 försäkran

905 596 57 20 om
982 586 74 30 min
1075 587 178 30 utmärkta
1271 587 224 35 högaktning.

1132 661 80 37 Rolf
1232 660 176 33 Sohlman.

903 855 42 35 II,
964 855 118 37 stycke
1099 855 27 37 1,
1141 864 43 21 av
1199 854 231 31 förevarande
1443 855 103 31 avtal.
1561 855 76 31 Sve-

903 897 90 36 riges
1022 897 165 31 riksbank
1220 897 65 30 och
1318 898 196 37 Narodowy
1542 897 98 31 Bank

905 939 118 31 Polski
1051 940 118 30 kunna
1195 940 191 30 emellertid
1410 940 12 30 i
1447 939 97 37 varje
1570 941 71 29 sär-

903 981 80 30 skilt
997 981 62 30 fall
1072 981 89 31 efter
1175 982 335 30 överenskommelse
1522 980 46 38 på
1580 991 60 21 an-

903 1027 59 26 nat
977 1024 67 30 sätt
1058 1024 126 30 mellan
1199 1024 110 31 A-och
1323 1024 168 32 B-kontot
1507 1024 134 31 fördela

904 1074 41 21 en
963 1066 186 36 betalning,
1169 1075 73 21 som
1261 1067 88 30 skall
1367 1067 214 30 verkställas.

951 1107 118 35 Saldot
1084 1107 45 38 på
1144 1108 165 32 A-kontot
1324 1110 89 30 skall
1429 1109 75 32 fritt
1519 1110 120 30 kunna

904 1150 170 37 utnyttjas
1098 1150 55 31 för
1178 1151 177 37 betalning
1379 1160 43 22 av
1447 1152 195 31 leveranser

906 1192 51 30 till
990 1193 107 31 Polen
1127 1202 44 21 av
1203 1202 103 22 varor
1337 1202 43 22 av
1413 1195 140 30 svenskt
1584 1204 56 21 ur-

905 1243 130 28 sprung
1060 1236 164 30 ävensom
1247 1235 56 31 för
1323 1235 97 38 varje
1444 1245 118 21 annan
1584 1236 55 31 be-

905 1277 132 37 talning
1058 1276 79 32 från
1158 1278 11 30 i
1190 1278 106 31 Polen
1319 1278 137 31 bosatta
1477 1287 165 29 personer

906 1320 51 48 till
974 1319 140 32 förmån
1129 1320 57 32 för
1203 1330 165 27 personer
1383 1321 136 32 bosatta
1534 1321 11 30 i
1562 1321 77 31 Sve-

905 1370 81 28 rige.

950 1404 118 31 Saldot
1095 1403 21 32 å
1144 1405 107 30 konto
1278 1405 27 30 B
1335 1405 88 31 skall
1450 1404 75 32 fritt
1552 1405 89 30 kun-

904 1455 46 22 na
973 1446 170 38 utnyttjas
1164 1447 164 36 antingen
1349 1447 56 31 för
1426 1456 134 22 samma
1582 1449 58 29 än-

905 1488 118 31 damål
1043 1498 75 21 som
1138 1488 112 32 saldot
1272 1488 21 32 å
1310 1489 108 31 konto
1440 1490 26 30 A
1486 1490 81 31 eller
1586 1490 56 30 för

903 1531 108 36 inköp
1035 1530 65 31 hos
1125 1530 154 37 Sveriges
1302 1531 169 31 riksbank
1493 1540 43 21 av
1559 1531 82 37 guld

907 1572 165 37 tillhörigt
1094 1572 153 37 Sveriges
1269 1573 168 32 riksbank
1460 1574 11 30 i
1493 1574 148 31 Förenta

911 1619 152 27 staterna
1088 1616 84 30 eller
1198 1625 43 21 av
1267 1616 68 32 fria
1362 1617 137 30 valutor
1524 1617 10 30 i
1562 1617 80 30 För-

904 1660 80 27 enta
1009 1660 151 29 staterna
1183 1657 95 31 inom
1301 1667 120 22 ramen
1446 1658 57 31 för
1527 1659 9 30 i
1559 1658 82 31 För-

906 1702 79 28 enta
1014 1702 151 29 staterna
1191 1700 159 36 gällande
1374 1700 269 31 valutabestäm-

907 1742 125 30 melser
1061 1741 83 31 eller
1172 1751 42 21 av
1243 1742 84 37 guld
1355 1742 11 31 i
1397 1742 138 37 Sverige
1561 1743 83 30 eller

907 1783 159 37 slutligen
1087 1793 43 21 av
1149 1784 110 31 andra
1277 1785 137 31 valutor
1430 1786 84 31 eller
1529 1784 83 38 guld
1629 1786 12 31 i

906 1826 111 30 andra
1045 1826 121 31 länder
1194 1826 87 32 efter
1307 1828 335 30 överenskommelse

907 1869 127 29 mellan
1063 1868 153 37 Sveriges
1245 1869 167 31 riksbank
1440 1870 67 30 och
1535 1870 106 31 Naro-

907 1910 101 37 dowy
1027 1910 98 30 Bank
1143 1910 127 31 Polski.

1170 2003 131 30 Artikel
1325 2002 55 32 IV.

952 2060 152 36 Sveriges
1140 2061 167 31 riksbank
1344 2062 65 30 och
1446 2062 196 37 Narodowy

906 2103 99 30 Bank
1025 2103 116 31 Polski
1162 2104 97 31 skola
1277 2105 287 30 överenskomma
1584 2114 56 21 om

905 2147 41 29 de
961 2147 161 29 närmare
1136 2147 269 35 bestämmelser,
1421 2156 74 21 som
1511 2148 130 29 erford-

907 2196 55 21 ras
989 2187 56 30 för
1071 2187 92 30 detta
1192 2188 110 31 avtals
1329 2188 219 38 tillämpning
1575 2189 65 30 och

905 2229 165 36 behöriga
1093 2229 223 36 fungerande.

1179 2313 130 30 Artikel
1334 2313 36 31 V.

952 2371 100 30 Detta
1073 2372 90 29 avtal
1184 2372 86 29 skall
1292 2371 99 31 träda
1411 2371 9 30 i
1441 2372 95 30 kraft
1555 2372 85 30 efter

906 2412 220 36 noteväxling
1148 2413 125 33 mellan
1297 2413 42 30 de
1360 2412 90 31 båda
1473 2414 166 35 regering-

907 2464 85 21 arna
1023 2455 64 30 och
1114 2455 90 34 gälla
1231 2455 56 30 för
1313 2464 42 21 en
1382 2455 49 30 tid
1457 2465 43 20 av
1529 2460 46 27 ett
1602 2455 38 31 år
