1930 2828
566 115 321 31 Utrikesutskottets
912 114 177 31 utlåtande
1114 124 41 20 nr
1181 115 27 30 7.

139 199 173 31 Skrivelse
353 198 81 32 från
474 199 241 30 ordföranden
753 199 11 30 i
803 200 68 29 den

137 251 151 29 svenska
323 250 243 36 delegationen
600 250 52 29 till
686 249 185 30 ordföran-

194 301 68 30 den
285 301 11 29 i
321 302 69 29 den
414 301 125 36 polska
563 300 254 37 delegationen.

614 361 225 34 (Översättning.)

258 410 201 30 Stockholm
476 408 66 32 den
561 411 39 29 18
618 419 93 21 mars
733 411 93 29 1947.

184 488 88 29 Herr
290 486 230 35 Ordförande,

184 546 116 31 Under
320 545 40 30 de
379 545 273 37 förhandlingar,
673 555 74 22 som
767 546 104 30 resul-

138 592 86 26 terat
252 588 4 29 i
281 587 319 32 undertecknandet
624 588 113 30 denna
751 588 66 36 dag
830 597 42 21 av

139 631 133 30 Avtalet
301 630 147 30 rörande
476 630 211 36 regleringen
715 640 43 20 av
787 631 84 29 han-

141 673 212 36 delsutbytet
383 673 129 30 mellan
544 672 138 37 Sverige
713 673 66 30 och
811 673 62 30 Po-

139 715 65 36 len,
230 715 64 31 har
321 716 239 34 konstaterats,
586 718 49 30 att
661 715 91 30 vissa
777 724 95 21 sven-

140 758 62 30 ska
220 757 275 37 exportlicenser,
512 767 74 20 som
602 757 88 30 intill
706 757 67 31 den
790 759 14 28 1
822 756 50 37 ja-

139 800 98 30 nuartl
271 800 79 30 1947
381 800 148 30 utställts
555 800 95 29 inom
676 809 119 21 ramen
821 800 54 30 för

139 842 56 31 det
230 842 263 37 svensk-polska
525 840 273 32 handelsavtalet
830 850 42 21 av

139 885 67 29 den
234 886 41 28 20
305 884 136 36 augusti
472 885 92 35 1945,
594 884 94 30 ännu
716 883 77 31 icke
821 886 51 28 ut-

141 1018 175 30 Skrivelse
356 1017 81 31 från
477 1018 242 30 ordföranden
757 1018 11 30 i
807 1019 68 29 den

140 1069 126 36 polska
288 1068 243 36 delegationen
557 1068 52 30 till
634 1068 241 30 ordföranden

229 1119 11 30 i
266 1120 67 29 den
357 1119 152 30 svenska
532 1118 255 37 delegationen.

616 1179 225 34 (Översättning.)

183 1228 201 30 Stockholm
406 1229 65 29 den
497 1229 38 29 18
559 1238 92 22 mars
675 1229 93 29 1947.

185 1304 87 31 Herr
295 1303 229 37 Ordförande,

184 1362 40 30 Ni
258 1363 66 30 har
358 1363 149 36 behagat
542 1363 153 30 tillställa
729 1363 71 37 mig
835 1372 40 21 en

140 1404 114 31 denna
282 1405 66 36 dag
376 1404 143 31 daterad
547 1404 163 32 skrivelse
738 1414 43 21 av
810 1404 63 31 föl-

136 1446 106 36 jande
264 1447 140 36 lydelse:

142 1580 174 30 Skrivelse
357 1579 81 32 från
478 1581 240 29 ordföranden
758 1581 10 29 i
808 1581 67 29 den

141 1632 125 35 polska
289 1631 244 36 delegationen
558 1631 52 30 till
634 1631 242 30 ordföranden

230 1682 11 29 i
267 1682 68 30 den
357 1682 152 30 svenska
532 1681 255 36 delegationen.

619 1742 223 34 (Översättning.)

230 1791 202 30 Stockholm
458 1790 66 30 den
550 1792 39 29 18
616 1800 92 21 mars
736 1791 93 31 1947.

186 1867 87 30 Herr
294 1866 230 36 Ordförande,

187 1925 115 31 Under
340 1925 42 31 de
420 1925 275 36 förhandlingar,
732 1934 74 21 som
842 1924 33 31 vi

140 1967 68 34 fört
225 1968 177 36 angående
417 1968 194 29 leveranser
626 1977 42 21 av
688 1968 115 36 polskt
818 1968 58 29 kol

143 2010 65 29 och
241 2009 98 36 koks,
372 2010 65 30 har
468 2008 42 30 Ni
539 2008 238 31 understrukit
810 2009 64 30 den

142 2051 72 31 vikt
235 2051 91 30 Eder
344 2051 155 36 regering
518 2051 110 30 skulle
647 2051 90 30 fästa
758 2051 57 30 vid
834 2060 41 21 en

141 2093 130 36 ökning
296 2103 41 20 av
362 2094 67 29 den
451 2093 168 31 kvantitet
642 2103 57 20 om
722 2095 19 29 3
764 2092 111 37 miljo-

143 2144 60 21 ner
226 2139 69 32 ton,
320 2145 74 21 som
417 2136 105 30 Polen
543 2136 87 29 skall
652 2136 150 30 leverera
827 2135 49 30 till

143 2177 136 35 Sverige
303 2177 10 29 i
341 2177 149 36 enlighet
515 2177 78 30 med
619 2177 55 30 det
699 2178 176 35 kontrakt,

143 2228 74 21 som
245 2219 65 30 den
337 2221 16 28 7
381 2228 93 24 mars
502 2220 80 29 1947
609 2219 267 30 undertecknats

143 2270 42 20 av
214 2261 65 30 den
309 2261 122 36 polska
458 2261 417 36 kolförsäljningscentra-

141 2303 55 29 len
216 2303 64 29 och
300 2305 128 29 statens
449 2302 394 31 reservförrådsnämnd.

187 2344 64 34 Jag
285 2344 164 35 beklagar
482 2347 48 27 att
564 2343 75 31 icke
659 2344 122 30 kunna
799 2344 77 36 giva

144 2386 90 31 Eder
257 2390 45 27 ett
327 2386 147 30 bestämt
498 2385 92 36 löfte,
615 2386 104 35 ägnat
743 2388 48 28 att
813 2385 63 30 till-

1605 109 40 30 23

911 198 153 38 nyttjats.
1080 198 127 32 Värdet
1222 207 42 22 av
1282 198 42 30 de
1337 197 146 31 sålunda
1499 197 75 31 icke
1589 207 55 21 ex-

912 241 180 36 porterade
1128 250 149 21 varorna
1314 240 135 38 uppgår
1484 240 50 30 till
1572 249 72 21 om-

913 283 99 36 kring
1032 284 41 30 35
1096 283 161 36 miljoner
1277 284 147 29 svenska
1443 283 139 30 kronor.

957 326 64 35 Jag
1048 326 66 30 har
1143 326 85 30 äran
1259 324 170 37 bekräfta,
1461 328 49 27 att
1540 324 106 36 sagda

914 377 101 22 varor
1037 368 77 31 icke
1134 367 189 31 innefattas
1346 369 10 29 i
1381 367 41 30 de
1445 367 201 36 kontingen-

913 414 59 32 ter,
995 420 75 20 som
1092 411 202 36 uppräknas
1317 410 11 29 i
1349 409 78 30 lista
1448 411 30 34 2,
1502 418 75 21 som
1597 409 50 30 bi-

914 453 112 36 fogats
1053 453 56 31 det
1136 453 114 30 denna
1276 452 66 36 dag
1367 451 281 31 undertecknade

913 496 132 30 Avtalet
1068 494 149 31 rörande
1243 494 211 36 regleringen
1477 503 44 21 av
1547 503 99 21 varu-

911 538 133 36 utbytet
1063 538 127 29 mellan
1212 537 137 36 Sverige
1369 537 65 30 och
1455 537 114 35 Polen,
1584 536 65 30 och

914 583 48 27 att
981 580 50 36 de,
1051 579 87 31 intill
1158 583 47 30 ett
1222 579 210 36 totalbelopp
1450 588 43 21 av
1512 579 41 30 35
1572 578 74 30 mil-

913 622 98 36 joner
1042 621 148 31 svenska
1223 622 139 35 kronor,
1394 620 147 31 sålunda
1572 620 76 31 icke

914 665 98 29 skola
1038 665 173 30 avräknas
1239 662 45 38 på
1311 663 106 36 sagda
1444 662 203 37 kontingen-

914 711 59 26 ter.

959 766 138 36 Mottag,
1131 766 89 30 Herr
1250 764 230 36 Ordförande,
1513 763 134 31 försäk-

914 818 62 20 ran
996 817 55 21 om
1072 807 72 30 min
1165 807 176 30 utmärkta
1362 806 222 37 högaktning.

1140 884 80 37 Rolf
1243 884 176 31 Sohlman.

961 1018 136 32 »Under
1119 1019 42 30 de
1185 1037 44 4 —
1249 1037 45 4 —
1314 1038 44 3 —
1383 1020 105 36 sagda
1510 1020 138 31 kontin-

912 1065 145 32 genter.»

956 1098 228 42 Åberopande
1203 1104 91 32 detta
1311 1104 183 31 älskvärda
1514 1105 136 30 medde-

912 1146 103 29 lande
1040 1146 66 30 har
1134 1146 58 37 jag
1219 1147 86 29 äran
1330 1147 122 36 bringa
1480 1147 49 30 till
1560 1147 91 30 Eder

913 1187 207 36 kännedom,
1151 1191 49 27 att
1232 1188 124 36 polska
1383 1189 200 36 regeringen
1612 1190 40 29 är

913 1227 141 32 överens
1084 1230 79 29 med
1192 1230 147 31 svenska
1365 1231 199 36 regeringen
1593 1241 57 20 om

912 1270 226 33 förestående.

959 1330 139 36 Mottag,
1132 1331 89 30 Herr
1252 1330 229 37 Ordförande,
1514 1331 134 31 försäk-

911 1381 64 21 Tan
996 1382 58 20 om
1074 1372 74 30 min
1168 1373 175 31 utmärkta
1365 1374 222 36 högaktning.

1192 1447 60 33 Ad.
1272 1448 96 31 Rose.

915 1580 152 37 mötesgå
1086 1581 90 31 Eder
1191 1582 135 30 önskan
1340 1581 44 38 på
1399 1582 113 30 denna
1526 1583 121 37 punkt.

914 1624 64 35 Jag
1002 1624 38 29 är
1064 1623 189 30 emellertid
1275 1624 80 31 fullt
1376 1623 128 32 beredd
1526 1629 49 26 att
1597 1625 51 30 fö-

915 1664 88 32 reslå
1020 1666 66 30 den
1104 1666 123 36 polska
1243 1666 200 36 regeringen
1459 1671 49 28 att
1526 1666 122 31 befull-

915 1708 153 36 mäktiga
1096 1708 402 37 försäljningscentralen
1525 1713 50 27 att
1599 1709 51 30 till

916 1750 103 31 Edert
1042 1751 83 30 land
1149 1751 151 30 leverera
1324 1751 196 37 ytterligare
1542 1751 107 31 kvan-

915 1793 120 35 titeter,
1073 1802 57 21 om
1167 1793 180 37 möjlighet
1382 1793 123 31 härför
1540 1794 111 30 skulle

916 1844 92 28 yppa
1033 1834 50 37 sig
1111 1835 110 31 under
1246 1835 66 30 den
1337 1835 130 37 period,
1493 1845 75 21 som
1592 1845 57 21 av-

915 1886 52 23 ses
986 1877 11 29 1
1017 1877 55 31 det
1091 1877 247 30 ovannämnda
1357 1879 208 29 kontraktet.

960 1920 64 29 Det
1056 1920 40 29 är
1127 1920 310 34 överenskommet,
1470 1923 48 27 att
1551 1920 99 30 dessa

916 1961 256 30 transaktioner
1210 1961 11 29 i
1261 1961 288 31 förekommande
1589 1961 62 31 fall

916 2003 97 30 skola
1049 2004 61 29 ske
1145 2003 142 30 utanför
1319 2003 331 37 huvudkontraktet,

915 2045 169 30 avseende
1105 2046 20 29 3
1150 2045 160 37 miljoner
1334 2050 68 31 ton,
1426 2045 44 37 på
1494 2046 92 31 basis
1611 2056 42 21 av

916 2087 169 30 särskilda
1111 2087 174 35 kontrakt,
1309 2088 10 30 i
1343 2087 67 32 fria
1432 2088 134 30 valutor
1587 2089 67 29 och

917 2127 44 37 på
984 2128 134 38 villkor,
1140 2138 74 21 som
1236 2128 171 36 godkänts
1428 2138 43 21 av
1490 2128 92 32 båda
1601 2139 50 21 re-

916 2170 204 36 geringarna
1153 2171 45 29 bl.
1235 2180 29 21 a.
1299 2171 221 32 beträffande
1542 2171 111 37 priser

917 2213 65 29 och
1000 2213 89 30 valet
1108 2222 42 20 av
1169 2213 140 36 köpare.

960 2271 139 35 Mottag,
1120 2271 89 29 Herr
1224 2271 230 35 Ordförande,
1469 2271 184 31 försäkran

918 2321 56 20 om
995 2312 71 29 min
1089 2313 175 29 utmärkta
1283 2312 224 36 högaktning.

1196 2387 60 32 Ad.
1279 2387 97 30 Rose.
