1899 2821
443 141 124 29 Första
584 141 246 38 lagutskottets
847 140 180 30 utlåtande
1042 149 44 20 nr
1101 141 39 29 41
1158 140 40 30 år
1215 140 84 30 1970
1577 143 36 28 11

274 221 127 39 Kungl.
420 221 126 40 Maj:ts
566 221 132 40 förslag

173 293 274 40 Näringsidkare
468 302 74 21 som
561 294 12 29 i
594 293 54 30 sin
667 293 176 29 verksam-

129 347 58 30 het
218 347 267 30 diskriminerar
513 346 114 40 någon
656 346 45 40 på
731 347 112 39 grund

130 410 42 20 av
187 401 89 29 hans
292 410 68 25 ras,
376 400 162 40 hudfärg,
556 401 188 29 nationella
762 401 80 29 eller

130 455 138 29 elniska
306 462 176 32 ursprung
522 454 81 30 eller
641 455 202 29 trosbekän-

130 508 95 29 nelse
249 516 123 31 genom
397 510 50 27 att
470 508 78 30 icke
572 508 41 39 gå
636 508 130 29 honom
790 508 53 29 till

129 561 117 30 handa
269 561 45 40 på
338 562 41 30 de
402 562 126 30 villkor
552 562 291 39 näringsidkaren

129 616 11 28 i
163 615 54 29 sin
236 615 223 30 verksamhet
481 615 177 40 tillämpar
680 616 11 28 i
714 615 130 30 förhål-

130 668 104 30 lande
265 668 52 30 till
351 669 120 34 andra,
505 669 119 29 dömes
657 668 55 30 för
745 669 98 39 olaga

130 722 286 40 diskriminering
432 723 53 29 till
500 723 98 29 böter
615 723 82 29 eller
713 722 129 40 fängel-

131 784 35 21 se
180 776 9 29 i
204 775 101 40 högst
321 785 59 20 sex
393 776 178 30 månader.

173 884 76 29 Vad
272 884 10 28 i
307 883 111 30 första
442 884 134 39 stycket
602 884 76 39 sägs
704 893 56 20 om
784 884 59 29 nä-

129 937 221 39 ringsidkare
384 938 79 38 äger
497 937 246 30 motsvarande
776 938 67 29 till-

129 990 183 39 lämpning
334 991 45 39 på
404 991 66 29 den
495 1000 74 20 som
595 992 37 28 är
657 992 151 29 anställd
832 992 10 28 i

130 1044 370 39 näringsverksamhet
530 1044 65 30 och
625 1054 118 20 annan
771 1054 75 21 som

131 1098 148 29 handlar
314 1098 45 39 på
394 1098 285 39 näringsidkares
713 1099 130 39 vägnar

131 1153 89 27 samt
246 1152 66 28 den
339 1160 74 21 som
438 1152 37 29 är
500 1152 152 29 anställd
676 1153 11 29 i
713 1152 130 29 allmän

130 1205 121 39 tjänst,
275 1206 74 29 vari
374 1205 71 30 han
468 1206 65 29 har
558 1207 49 28 att
632 1206 42 39 gå
699 1206 144 29 allmän-

130 1259 103 29 heten
250 1259 52 29 till
317 1259 127 30 handa.

173 1312 69 29 För
275 1312 99 40 olaga
405 1313 285 39 diskriminering
725 1313 118 29 dömes

130 1366 86 29 även
238 1367 195 29 anordnare
455 1376 42 20 av
517 1367 130 29 allmän
670 1376 173 20 samman-

130 1420 117 29 komst
264 1420 82 29 eller
363 1420 162 39 offentlig
541 1421 220 39 tillställning
779 1421 65 29 och

129 1473 242 40 medhjälpare
405 1474 52 29 till
494 1474 110 29 sådan
638 1475 205 33 anordnare,

131 1535 56 21 om
228 1527 70 29 han
338 1527 265 30 diskriminerar
645 1528 114 39 någon
799 1528 44 40 på

131 1581 112 38 grund
259 1590 42 20 av
312 1581 89 29 hans
415 1590 67 25 ras,
497 1581 163 39 hudfärg,
675 1582 168 30 nationel-

129 1634 33 29 la
187 1634 81 29 eller
292 1635 137 29 etniska
452 1643 176 32 ursprung
653 1636 80 29 eller
756 1637 87 28 tros-

128 1688 212 30 bekännelse
364 1696 123 31 genom
513 1690 50 30 att
586 1689 105 39 vägra
714 1689 129 30 honom

130 1741 153 29 tillträde
317 1742 52 29 till
404 1743 322 29 sammankomsten
763 1743 80 29 eller

130 1794 266 39 tillställningen
414 1794 45 40 på
477 1795 42 29 de
536 1795 125 29 villkor
682 1804 74 21 som
775 1796 69 39 gäl-

131 1847 49 29 ler
197 1847 54 30 för
267 1848 119 29 andra.

1083 220 197 31 Motionens
1297 221 132 39 förslag

945 293 273 39 Näringsidkare
1238 302 74 21 som
1331 293 12 30 i
1365 293 54 30 sin
1437 293 178 30 verksam-

902 347 58 30 het
975 347 265 30 diskriminerar
1256 346 115 41 någon
1384 346 45 41 på
1444 347 113 39 grund
1573 356 42 21 av

900 400 245 36 hans/hennes
1169 410 67 25 ras,
1262 400 161 40 hudfärg,
1449 400 80 37 kön,
1555 410 60 20 na-

901 455 142 29 tionella
1067 455 81 29 eller
1173 455 136 29 etniska
1333 462 176 32 ursprung
1533 454 81 30 eller

902 509 285 29 trosbekännelse
1221 516 123 31 genom
1379 510 49 28 att
1462 509 76 29 icke
1573 508 41 39 gå

901 561 267 37 honom/henne
1191 562 53 30 till
1267 562 117 30 handa
1407 562 45 40 på
1476 562 42 30 de
1540 562 74 30 vill-

902 617 63 28 kor
983 616 291 39 näringsidkaren
1291 617 11 29 i
1321 616 55 30 sin
1392 616 222 29 verksamhet

903 669 201 40 tillämpar
1085 665 20 49 i
1120 669 220 30 förhållande
1353 669 52 30 till
1420 669 120 34 andra,
1557 669 57 30 dö-

903 732 72 20 mes
994 722 55 31 för
1067 723 99 40 olaga
1183 723 287 40 diskriminering
1486 723 53 30 till
1557 723 58 30 bö-

902 780 50 27 ter
977 778 80 29 eller
1080 777 155 39 fängelse
1256 778 11 29 i
1289 777 102 40 högst
1415 787 58 21 sex
1495 777 120 30 måna-

903 832 69 29 der.

946 885 75 30 Vad
1044 886 10 29 i
1078 885 111 30 första
1213 886 135 39 stycket
1373 886 77 38 sägs
1475 894 56 20 om
1555 885 60 29 nä-

902 939 219 39 ringsidkare
1155 939 78 39 äger
1268 939 245 30 motsvarande
1547 939 67 29 till-

902 993 180 39 lämpning
1106 992 45 40 på
1175 993 66 29 den
1266 1001 74 21 som
1365 993 38 29 är
1428 993 151 29 anställd
1602 992 12 29 i

902 1046 367 39 näringsverksamhet
1299 1046 65 29 och
1392 1055 117 21 annan
1540 1054 74 21 som

901 1100 148 29 handlar
1085 1099 45 40 på
1164 1100 284 39 näringsidkares
1484 1100 130 39 vägnar

904 1155 90 28 samt
1007 1153 45 40 på
1066 1154 66 29 den
1149 1162 73 21 som
1238 1154 38 28 är
1291 1153 152 30 anställd
1456 1154 11 29 i
1484 1153 130 29 allmän

905 1207 117 39 tjänst,
1047 1208 75 29 vari
1144 1207 71 29 han
1239 1207 65 29 har
1328 1208 50 28 att
1403 1206 42 40 gå
1469 1207 145 30 allmän-

903 1261 103 29 heten
1022 1261 52 29 till
1092 1261 126 29 handa.

945 1314 69 30 För
1046 1314 98 39 olaga
1177 1314 285 39 diskriminering
1496 1314 117 30 dömes

902 1368 86 29 även
1009 1368 195 29 anordnare
1226 1377 42 20 av
1288 1368 130 29 allmän
1441 1377 173 20 samman-

902 1422 117 29 komst
1036 1421 81 30 eller
1134 1421 161 40 offentlig
1311 1422 221 39 tillställning
1550 1421 64 30 och

903 1475 241 39 medhjälpare
1177 1475 53 30 till
1265 1475 108 29 sådan
1408 1475 206 34 anordnare,

904 1537 56 21 om
998 1528 71 30 han
1110 1529 265 29 diskriminerar
1415 1528 115 40 någon
1570 1529 45 40 på

903 1583 113 38 grund
1037 1591 42 21 av
1098 1582 245 35 hans/hennes
1363 1592 67 24 ras,
1451 1582 163 40 hudfärg,

904 1636 79 36 kön,
1025 1636 189 30 nationella
1256 1636 82 30 eller
1380 1637 136 29 etniska
1558 1646 56 20 ur-

904 1697 131 32 sprung
1065 1690 81 29 eller
1176 1690 284 30 trosbekännelse
1492 1698 122 32 genom

903 1745 49 27 att
973 1744 105 38 vägra
1098 1743 268 36 honom/henne
1387 1744 153 30 tillträde
1562 1744 53 30 till

903 1797 323 29 sammankomsten
1248 1797 81 29 eller
1350 1797 265 39 tillställningen

903 1849 44 40 på
961 1849 42 30 de
1015 1850 126 31 villkor
1157 1859 74 21 som
1247 1851 105 38 gäller
1367 1850 55 30 för
1438 1851 140 29 andra.”

174 1936 228 30 Beträffande
418 1937 41 30 de
476 1938 75 29 skäl
567 1939 260 29 motionärerna
843 1938 102 30 anför
961 1939 52 29 till
1032 1939 76 30 stöd
1125 1938 54 30 för
1197 1939 76 29 sina
1288 1940 182 39 yrkanden
1488 1939 55 30 får
1560 1942 53 27 ut-

130 1990 138 34 skottet,
298 1991 5 28 i
326 1991 67 29 den
416 1990 82 30 mån
522 1991 216 40 redogörelse
762 1991 120 31 därför
904 1992 73 30 inte
1000 1993 136 29 lämnas
1159 1994 11 29 i
1195 1993 57 30 det
1276 1992 167 41 följande,
1468 1993 146 30 hänvisa

130 2043 52 29 till
199 2044 219 30 motionerna
435 2044 45 31 II:
499 2044 93 35 1144,
611 2045 45 30 II:
675 2045 93 35 1320,
787 2046 28 29 I:
833 2045 83 31 1126
934 2046 65 29 och
1016 2046 45 30 II:
1080 2046 94 31 1322.

475 2263 396 42 Departementschefen
887 2263 60 33 vid
963 2264 313 42 lagrådsremissen

173 2367 67 29 Vid
261 2367 124 30 remiss
407 2367 52 30 till
481 2367 156 40 lagrådet
658 2377 42 20 av
723 2368 57 30 det
800 2368 96 30 inom
919 2368 274 40 departementet
1216 2369 211 40 upprättade
1449 2369 165 40 förslaget

129 2420 52 29 till
197 2420 57 39 lag
270 2429 56 20 om
344 2421 149 39 ändring
509 2422 10 28 i
536 2421 240 30 brottsbalken
795 2421 147 30 anförde
959 2422 253 39 föredragande
1230 2422 385 40 departementschefen

131 2473 158 40 följande
310 2474 147 35 (avsnitt
473 2474 16 30 7
506 2475 11 29 i
532 2474 136 40 prop.):
