1916 2850
511 182 395 38 Bevillningsutskottets
927 179 219 33 betänkande
1164 179 50 31 Nr
1240 180 29 29 4.
1640 171 18 30 3

503 271 49 28 att
576 266 187 37 riksdagen
787 264 116 37 måtte,
930 265 78 30 med
1032 263 101 31 bifall
1159 262 51 31 till
1236 261 124 37 Kungl.
1387 259 118 37 Maj:ts
1531 268 124 28 propo-

459 320 102 30 sition
585 328 42 21 nr
651 318 52 36 31,
728 315 210 38 bemyndiga
963 315 123 36 Kungl.
1111 313 103 36 Maj:t
1237 313 145 35 besluta,
1409 314 49 29 att
1482 311 58 31 vid
1564 313 92 34 post-

459 370 134 30 verkets
614 367 197 38 expedition
830 365 22 32 å
872 365 304 32 centralstationen
1197 364 11 30 i
1230 363 201 31 Stockholm
1452 360 58 32 må
1530 361 56 31 för
1607 361 50 30 in-

460 420 155 38 lämning
643 429 43 21 av
713 416 331 33 rekommenderade
1072 414 243 36 försändelser,
1344 412 314 39 postanvisningar,

461 470 311 37 inbetalningskort
798 468 67 31 och
892 468 131 36 ilpaket
1051 469 91 28 samt
1170 464 215 38 utbetalning
1413 473 43 21 av
1484 466 174 34 postspar-

461 521 227 32 banksmedel
718 522 171 35 upptagas
921 528 43 21 en
996 517 149 31 särskild
1177 514 246 38 tilläggsavgift
1454 524 41 21 av
1526 514 42 30 30
1601 514 60 30 öre

461 573 56 31 för
541 572 97 37 varje
661 570 215 32 försändelse
901 568 193 37 respektive
1119 566 225 36 utbetalning.

197 675 201 32 Stockholm
420 675 68 30 den
507 674 41 30 20
568 672 155 31 februari
746 671 94 31 1940.

590 764 50 32 På
661 763 390 37 bevillningsutskottets
1074 762 145 36 vägnar:

718 864 103 31 IVAR
846 862 252 32 ANDERSON.

750 1164 319 34 Närvarande:

196 1245 64 26 från
287 1245 137 25 första
450 1243 178 25 kammaren:
646 1242 100 24 herrar
764 1240 96 26 Johan
877 1239 83 32 Bärg,
976 1238 122 25 friherre
1114 1235 150 34 Lagerfelt,
1281 1235 102 27 Viktor
1401 1234 132 30 Larsson,
1550 1233 118 32 Bengts-

160 1296 61 22 son,
241 1286 129 33 Sjödahl,
393 1286 75 26 Elon
488 1285 173 30 Andersson,
682 1283 120 30 Ekman,
823 1281 150 31 Velander,
994 1281 133 25 Heiäman
1150 1279 54 25 och
1228 1277 110 33 Egnell;
1360 1279 75 23 samt

197 1346 65 26 från
296 1346 128 25 andra
460 1345 179 24 kammaren:
666 1343 99 24 herrar
790 1341 150 25 Anderson
966 1340 9 24 i
1002 1338 193 33 Norrköping,
1223 1337 104 26 Olsson
1356 1336 9 25 i
1392 1335 93 29 Gävle,
1513 1333 156 33 Sandberg,

164 1389 116 25 Werner
306 1389 9 25 i
339 1387 159 30 Hultsfred,
523 1384 219 31 Hammarlund,
769 1383 123 30 Eklund,
919 1383 123 24 Persson
1066 1382 9 24 i
1099 1379 169 30 Undersvik,
1293 1378 72 26 Falk
1390 1378 55 25 och
1472 1377 164 25 Andersson
1661 1375 9 25 i

162 1431 140 33 Vigelsbo.
