<?xml version="1.0" encoding="UTF-8"?>
<alto xmlns="http://www.loc.gov/standards/alto/ns-v3#" xmlns:xlink="http://www.w3.org/1999/xlink" xmlns:xsi="http://www.w3.org/2001/XMLSchema-instance" xsi:schemaLocation="http://www.loc.gov/standards/alto/ns-v3# http://www.loc.gov/alto/v3/alto-3-0.xsd">
	<Description>
		<MeasurementUnit>pixel</MeasurementUnit>
		<sourceImageInformation>
			<fileName>/tmp/tess_zgy7mevm_input.PNG</fileName>
		</sourceImageInformation>
		<OCRProcessing ID="OCR_0">
			<ocrProcessingStep>
				<processingSoftware>
					<softwareName>tesseract 5.3.0</softwareName>
				</processingSoftware>
			</ocrProcessingStep>
		</OCRProcessing>
	</Description>
	<Layout>
		<Page WIDTH="2166" HEIGHT="2620" PHYSICAL_IMG_NR="0" ID="page_0">
			<PrintSpace HPOS="0" VPOS="0" WIDTH="2166" HEIGHT="2620">
				<ComposedBlock ID="cblock_0" HPOS="414" VPOS="137" WIDTH="1124" HEIGHT="34">
					<TextBlock ID="block_0" HPOS="414" VPOS="137" WIDTH="1124" HEIGHT="34">
						<TextLine ID="line_0" HPOS="414" VPOS="137" WIDTH="1124" HEIGHT="34">
							<String ID="string_0" HPOS="414" VPOS="139" WIDTH="38" HEIGHT="30" WC="0.96" CONTENT="12"/><SP WIDTH="367" VPOS="139" HPOS="452"/>
							<String ID="string_1" HPOS="819" VPOS="139" WIDTH="389" HEIGHT="32" WC="0.90" CONTENT="Konstitutionsutskottets"/><SP WIDTH="21" VPOS="139" HPOS="1208"/>
							<String ID="string_2" HPOS="1229" VPOS="138" WIDTH="161" HEIGHT="31" WC="0.96" CONTENT="utlåtande"/><SP WIDTH="22" VPOS="138" HPOS="1390"/>
							<String ID="string_3" HPOS="1412" VPOS="137" WIDTH="52" HEIGHT="31" WC="0.96" CONTENT="Nr"/><SP WIDTH="21" VPOS="137" HPOS="1464"/>
							<String ID="string_4" HPOS="1485" VPOS="138" WIDTH="53" HEIGHT="30" WC="0.95" CONTENT="52."/>
						</TextLine>
					</TextBlock>
				</ComposedBlock>
				<ComposedBlock ID="cblock_1" HPOS="371" VPOS="225" WIDTH="1610" HEIGHT="449">
					<TextBlock ID="block_1" HPOS="371" VPOS="225" WIDTH="1609" HEIGHT="149">
						<TextLine ID="line_1" HPOS="372" VPOS="225" WIDTH="1606" HEIGHT="49">
							<String ID="string_5" HPOS="372" VPOS="228" WIDTH="12" HEIGHT="33" WC="0.96" CONTENT="i"/><SP WIDTH="32" VPOS="228" HPOS="384"/>
							<String ID="string_6" HPOS="416" VPOS="227" WIDTH="120" HEIGHT="47" WC="0.93" CONTENT="övrigt"/><SP WIDTH="31" VPOS="227" HPOS="536"/>
							<String ID="string_7" HPOS="567" VPOS="227" WIDTH="217" HEIGHT="35" WC="0.91" CONTENT="avlämnade"/><SP WIDTH="27" VPOS="227" HPOS="784"/>
							<String ID="string_8" HPOS="811" VPOS="227" WIDTH="238" HEIGHT="35" WC="0.92" CONTENT="valkuverten"/><SP WIDTH="23" VPOS="227" HPOS="1049"/>
							<String ID="string_9" HPOS="1072" VPOS="227" WIDTH="118" HEIGHT="46" WC="0.96" CONTENT="jämte"/><SP WIDTH="26" VPOS="227" HPOS="1190"/>
							<String ID="string_10" HPOS="1216" VPOS="225" WIDTH="240" HEIGHT="48" WC="0.96" CONTENT="röstlängden"/><SP WIDTH="28" VPOS="225" HPOS="1456"/>
							<String ID="string_11" HPOS="1484" VPOS="232" WIDTH="93" HEIGHT="28" WC="0.93" CONTENT="samt"/><SP WIDTH="27" VPOS="232" HPOS="1577"/>
							<String ID="string_12" HPOS="1604" VPOS="225" WIDTH="280" HEIGHT="49" WC="0.92" CONTENT="valprotokollet"/><SP WIDTH="28" VPOS="225" HPOS="1884"/>
							<String ID="string_13" HPOS="1912" VPOS="225" WIDTH="66" HEIGHT="34" WC="0.96" CONTENT="och"/>
						</TextLine>
						<TextLine ID="line_2" HPOS="373" VPOS="274" WIDTH="1607" HEIGHT="50">
							<String ID="string_14" HPOS="373" VPOS="277" WIDTH="202" HEIGHT="47" WC="0.93" CONTENT="åberopade"/><SP WIDTH="41" VPOS="277" HPOS="575"/>
							<String ID="string_15" HPOS="616" VPOS="276" WIDTH="214" HEIGHT="36" WC="0.87" CONTENT="fullmakter"/><SP WIDTH="36" VPOS="276" HPOS="830"/>
							<String ID="string_16" HPOS="866" VPOS="276" WIDTH="84" HEIGHT="36" WC="0.95" CONTENT="med"/><SP WIDTH="26" VPOS="276" HPOS="950"/>
							<String ID="string_17" HPOS="976" VPOS="275" WIDTH="221" HEIGHT="37" WC="0.95" CONTENT="tillhörande"/><SP WIDTH="27" VPOS="275" HPOS="1197"/>
							<String ID="string_18" HPOS="1224" VPOS="276" WIDTH="109" HEIGHT="48" WC="0.93" CONTENT="intyg"/><SP WIDTH="28" VPOS="276" HPOS="1333"/>
							<String ID="string_19" HPOS="1361" VPOS="275" WIDTH="264" HEIGHT="48" WC="0.92" CONTENT="ofördröjligen"/><SP WIDTH="27" VPOS="275" HPOS="1625"/>
							<String ID="string_20" HPOS="1652" VPOS="274" WIDTH="184" HEIGHT="37" WC="0.95" CONTENT="insändas."/><SP WIDTH="55" VPOS="274" HPOS="1836"/>
							<String ID="string_21" HPOS="1891" VPOS="274" WIDTH="89" HEIGHT="36" WC="0.77" CONTENT="Sker"/>
						</TextLine>
						<TextLine ID="line_3" HPOS="371" VPOS="324" WIDTH="1366" HEIGHT="50">
							<String ID="string_22" HPOS="371" VPOS="327" WIDTH="245" HEIGHT="36" WC="0.91" CONTENT="insändandet"/><SP WIDTH="29" VPOS="327" HPOS="616"/>
							<String ID="string_23" HPOS="645" VPOS="326" WIDTH="83" HEIGHT="36" WC="0.96" CONTENT="med"/><SP WIDTH="27" VPOS="326" HPOS="728"/>
							<String ID="string_24" HPOS="755" VPOS="328" WIDTH="188" HEIGHT="34" WC="0.96" CONTENT="allmänna"/><SP WIDTH="26" VPOS="328" HPOS="943"/>
							<String ID="string_25" HPOS="969" VPOS="332" WIDTH="142" HEIGHT="42" WC="0.96" CONTENT="posten,"/><SP WIDTH="28" VPOS="332" HPOS="1111"/>
							<String ID="string_26" HPOS="1139" VPOS="326" WIDTH="93" HEIGHT="35" WC="0.96" CONTENT="skall"/><SP WIDTH="28" VPOS="326" HPOS="1232"/>
							<String ID="string_27" HPOS="1260" VPOS="324" WIDTH="252" HEIGHT="37" WC="0.93" CONTENT="försändelsen"/><SP WIDTH="29" VPOS="324" HPOS="1512"/>
							<String ID="string_28" HPOS="1541" VPOS="338" WIDTH="196" HEIGHT="24" WC="0.92" CONTENT="assureras."/>
						</TextLine>
					</TextBlock>
					<TextBlock ID="block_2" HPOS="506" VPOS="376" WIDTH="1353" HEIGHT="48">
						<TextLine ID="line_4" HPOS="506" VPOS="376" WIDTH="1353" HEIGHT="48">
							<String ID="string_29" HPOS="506" VPOS="376" WIDTH="336" HEIGHT="48" WC="0.92" CONTENT="Sammanräkning"/><SP WIDTH="26" VPOS="376" HPOS="842"/>
							<String ID="string_30" HPOS="868" VPOS="389" WIDTH="45" HEIGHT="23" WC="0.96" CONTENT="av"/><SP WIDTH="26" VPOS="389" HPOS="913"/>
							<String ID="string_31" HPOS="939" VPOS="382" WIDTH="166" HEIGHT="30" WC="0.90" CONTENT="rösterna"/><SP WIDTH="26" VPOS="382" HPOS="1105"/>
							<String ID="string_32" HPOS="1131" VPOS="394" WIDTH="50" HEIGHT="6" WC="0.90" CONTENT="—"/><SP WIDTH="27" VPOS="394" HPOS="1181"/>
							<String ID="string_33" HPOS="1208" VPOS="395" WIDTH="48" HEIGHT="4" WC="0.87" CONTENT="—"/><SP WIDTH="28" VPOS="395" HPOS="1256"/>
							<String ID="string_34" HPOS="1284" VPOS="395" WIDTH="49" HEIGHT="3" WC="0.87" CONTENT="—"/><SP WIDTH="27" VPOS="395" HPOS="1333"/>
							<String ID="string_35" HPOS="1360" VPOS="380" WIDTH="95" HEIGHT="31" WC="0.96" CONTENT="mest"/><SP WIDTH="27" VPOS="380" HPOS="1455"/>
							<String ID="string_36" HPOS="1482" VPOS="376" WIDTH="150" HEIGHT="47" WC="0.95" CONTENT="spridda"/><SP WIDTH="26" VPOS="376" HPOS="1632"/>
							<String ID="string_37" HPOS="1658" VPOS="377" WIDTH="201" HEIGHT="47" WC="0.95" CONTENT="tidningar."/>
						</TextLine>
					</TextBlock>
					<TextBlock ID="block_3" HPOS="374" VPOS="425" WIDTH="1607" HEIGHT="188">
						<TextLine ID="line_5" HPOS="509" VPOS="425" WIDTH="1471" HEIGHT="50">
							<String ID="string_38" HPOS="509" VPOS="427" WIDTH="126" HEIGHT="36" WC="0.96" CONTENT="Valets"/><SP WIDTH="41" VPOS="427" HPOS="635"/>
							<String ID="string_39" HPOS="676" VPOS="430" WIDTH="141" HEIGHT="45" WC="0.93" CONTENT="utgång"/><SP WIDTH="27" VPOS="430" HPOS="817"/>
							<String ID="string_40" HPOS="844" VPOS="427" WIDTH="183" HEIGHT="47" WC="0.92" CONTENT="kungöres"/><SP WIDTH="27" VPOS="427" HPOS="1027"/>
							<String ID="string_41" HPOS="1054" VPOS="426" WIDTH="227" HEIGHT="36" WC="0.96" CONTENT="omedelbart"/><SP WIDTH="27" VPOS="426" HPOS="1281"/>
							<String ID="string_42" HPOS="1308" VPOS="439" WIDTH="132" HEIGHT="33" WC="0.96" CONTENT="genom"/><SP WIDTH="30" VPOS="439" HPOS="1440"/>
							<String ID="string_43" HPOS="1470" VPOS="427" WIDTH="226" HEIGHT="48" WC="0.96" CONTENT="uppläsning"/><SP WIDTH="26" VPOS="427" HPOS="1696"/>
							<String ID="string_44" HPOS="1722" VPOS="440" WIDTH="43" HEIGHT="22" WC="0.96" CONTENT="av"/><SP WIDTH="27" VPOS="440" HPOS="1765"/>
							<String ID="string_45" HPOS="1792" VPOS="425" WIDTH="188" HEIGHT="49" WC="0.96" CONTENT="protokoll"/>
						</TextLine>
						<TextLine ID="line_6" HPOS="374" VPOS="475" WIDTH="1606" HEIGHT="50">
							<String ID="string_46" HPOS="374" VPOS="484" WIDTH="86" HEIGHT="29" WC="0.93" CONTENT="över"/><SP WIDTH="27" VPOS="484" HPOS="460"/>
							<String ID="string_47" HPOS="487" VPOS="478" WIDTH="382" HEIGHT="47" WC="0.92" CONTENT="sammanräkningen."/><SP WIDTH="42" VPOS="478" HPOS="869"/>
							<String ID="string_48" HPOS="911" VPOS="477" WIDTH="83" HEIGHT="35" WC="0.93" CONTENT="Med"/><SP WIDTH="40" VPOS="477" HPOS="994"/>
							<String ID="string_49" HPOS="1034" VPOS="477" WIDTH="242" HEIGHT="47" WC="0.84" CONTENT="protokollets"/><SP WIDTH="41" VPOS="477" HPOS="1276"/>
							<String ID="string_50" HPOS="1317" VPOS="478" WIDTH="223" HEIGHT="46" WC="0.96" CONTENT="uppläsning"/><SP WIDTH="40" VPOS="478" HPOS="1540"/>
							<String ID="string_51" HPOS="1580" VPOS="482" WIDTH="39" HEIGHT="28" WC="0.93" CONTENT="är"/><SP WIDTH="27" VPOS="482" HPOS="1619"/>
							<String ID="string_52" HPOS="1646" VPOS="475" WIDTH="334" HEIGHT="48" WC="0.91" CONTENT="valförrättningen"/>
						</TextLine>
						<TextLine ID="line_7" HPOS="374" VPOS="527" WIDTH="1607" HEIGHT="48">
							<String ID="string_53" HPOS="374" VPOS="528" WIDTH="178" HEIGHT="44" WC="0.96" CONTENT="avslutad,"/><SP WIDTH="42" VPOS="528" HPOS="552"/>
							<String ID="string_54" HPOS="594" VPOS="527" WIDTH="158" HEIGHT="37" WC="0.96" CONTENT="varefter"/><SP WIDTH="41" VPOS="527" HPOS="752"/>
							<String ID="string_55" HPOS="793" VPOS="527" WIDTH="83" HEIGHT="36" WC="0.96" CONTENT="från"/><SP WIDTH="29" VPOS="527" HPOS="876"/>
							<String ID="string_56" HPOS="905" VPOS="540" WIDTH="116" HEIGHT="22" WC="0.96" CONTENT="annan"/><SP WIDTH="31" VPOS="540" HPOS="1021"/>
							<String ID="string_57" HPOS="1052" VPOS="527" WIDTH="194" HEIGHT="47" WC="0.95" CONTENT="magistrat"/><SP WIDTH="27" VPOS="527" HPOS="1246"/>
							<String ID="string_58" HPOS="1273" VPOS="527" WIDTH="210" HEIGHT="35" WC="0.96" CONTENT="inkommen"/><SP WIDTH="30" VPOS="527" HPOS="1483"/>
							<String ID="string_59" HPOS="1513" VPOS="527" WIDTH="191" HEIGHT="47" WC="0.95" CONTENT="röstlängd"/><SP WIDTH="28" VPOS="527" HPOS="1704"/>
							<String ID="string_60" HPOS="1732" VPOS="531" WIDTH="129" HEIGHT="44" WC="0.92" CONTENT="genast"/><SP WIDTH="28" VPOS="531" HPOS="1861"/>
							<String ID="string_61" HPOS="1889" VPOS="529" WIDTH="92" HEIGHT="32" WC="0.91" CONTENT="åter-"/>
						</TextLine>
						<TextLine ID="line_8" HPOS="375" VPOS="580" WIDTH="136" HEIGHT="33">
							<String ID="string_62" HPOS="375" VPOS="580" WIDTH="136" HEIGHT="33" WC="0.90" CONTENT="ställes."/>
						</TextLine>
					</TextBlock>
					<TextBlock ID="block_4" HPOS="509" VPOS="626" WIDTH="1232" HEIGHT="48">
						<TextLine ID="line_9" HPOS="509" VPOS="626" WIDTH="1232" HEIGHT="48">
							<String ID="string_63" HPOS="509" VPOS="631" WIDTH="32" HEIGHT="32" WC="0.88" CONTENT="4."/><SP WIDTH="57" VPOS="631" HPOS="541"/>
							<String ID="string_64" HPOS="598" VPOS="628" WIDTH="73" HEIGHT="35" WC="0.93" CONTENT="Vid"/><SP WIDTH="29" VPOS="628" HPOS="671"/>
							<String ID="string_65" HPOS="700" VPOS="627" WIDTH="211" HEIGHT="37" WC="0.90" CONTENT="avfattande"/><SP WIDTH="28" VPOS="627" HPOS="911"/>
							<String ID="string_66" HPOS="939" VPOS="648" WIDTH="48" HEIGHT="2" WC="0.91" CONTENT="—"/><SP WIDTH="28" VPOS="648" HPOS="987"/>
							<String ID="string_67" HPOS="1015" VPOS="647" WIDTH="46" HEIGHT="3" WC="0.90" CONTENT="—"/><SP WIDTH="29" VPOS="647" HPOS="1061"/>
							<String ID="string_68" HPOS="1090" VPOS="647" WIDTH="47" HEIGHT="2" WC="0.87" CONTENT="—"/><SP WIDTH="29" VPOS="647" HPOS="1137"/>
							<String ID="string_69" HPOS="1166" VPOS="640" WIDTH="43" HEIGHT="22" WC="0.95" CONTENT="av"/><SP WIDTH="29" VPOS="640" HPOS="1209"/>
							<String ID="string_70" HPOS="1238" VPOS="627" WIDTH="134" HEIGHT="47" WC="0.93" CONTENT="Kungl."/><SP WIDTH="30" VPOS="627" HPOS="1372"/>
							<String ID="string_71" HPOS="1402" VPOS="626" WIDTH="103" HEIGHT="47" WC="0.96" CONTENT="Maj:t"/><SP WIDTH="27" VPOS="626" HPOS="1505"/>
							<String ID="string_72" HPOS="1532" VPOS="626" WIDTH="209" HEIGHT="36" WC="0.96" CONTENT="fastställes."/>
						</TextLine>
					</TextBlock>
				</ComposedBlock>
				<ComposedBlock ID="cblock_2" HPOS="1090" VPOS="905" WIDTH="185" HEIGHT="230">
					<TextBlock ID="block_5" HPOS="1090" VPOS="905" WIDTH="185" HEIGHT="230">
						<TextLine ID="line_10" HPOS="1090" VPOS="905" WIDTH="185" HEIGHT="51">
							<String ID="string_73" HPOS="1090" VPOS="905" WIDTH="185" HEIGHT="51" WC="0.96" CONTENT="Förslag"/>
						</TextLine>
						<TextLine ID="line_11" HPOS="1151" VPOS="996" WIDTH="59" HEIGHT="34">
							<String ID="string_74" HPOS="1151" VPOS="996" WIDTH="59" HEIGHT="34" WC="0.96" CONTENT="till"/>
						</TextLine>
						<TextLine ID="line_12" HPOS="1114" VPOS="1075" WIDTH="140" HEIGHT="60">
							<String ID="string_75" HPOS="1114" VPOS="1075" WIDTH="140" HEIGHT="60" WC="0.95" CONTENT="Lag"/>
						</TextLine>
					</TextBlock>
				</ComposedBlock>
				<ComposedBlock ID="cblock_3" HPOS="378" VPOS="1172" WIDTH="1608" HEIGHT="92">
					<TextBlock ID="block_6" HPOS="378" VPOS="1172" WIDTH="1608" HEIGHT="92">
						<TextLine ID="line_13" HPOS="378" VPOS="1172" WIDTH="1608" HEIGHT="42">
							<String ID="string_76" HPOS="378" VPOS="1183" WIDTH="58" HEIGHT="24" WC="0.96" CONTENT="om"/><SP WIDTH="32" VPOS="1183" HPOS="436"/>
							<String ID="string_77" HPOS="468" VPOS="1175" WIDTH="136" HEIGHT="33" WC="0.95" CONTENT="ändrad"/><SP WIDTH="27" VPOS="1175" HPOS="604"/>
							<String ID="string_78" HPOS="631" VPOS="1174" WIDTH="138" HEIGHT="39" WC="0.91" CONTENT="lydelse"/><SP WIDTH="22" VPOS="1174" HPOS="769"/>
							<String ID="string_79" HPOS="791" VPOS="1174" WIDTH="14" HEIGHT="31" WC="0.96" CONTENT="i"/><SP WIDTH="22" VPOS="1174" HPOS="805"/>
							<String ID="string_80" HPOS="827" VPOS="1173" WIDTH="96" HEIGHT="33" WC="0.96" CONTENT="vissa"/><SP WIDTH="24" VPOS="1173" HPOS="923"/>
							<String ID="string_81" HPOS="947" VPOS="1173" WIDTH="100" HEIGHT="33" WC="0.96" CONTENT="delar"/><SP WIDTH="23" VPOS="1173" HPOS="1047"/>
							<String ID="string_82" HPOS="1070" VPOS="1182" WIDTH="43" HEIGHT="23" WC="0.96" CONTENT="av"/><SP WIDTH="24" VPOS="1182" HPOS="1113"/>
							<String ID="string_83" HPOS="1137" VPOS="1172" WIDTH="70" HEIGHT="33" WC="0.96" CONTENT="den"/><SP WIDTH="22" VPOS="1172" HPOS="1207"/>
							<String ID="string_84" HPOS="1229" VPOS="1182" WIDTH="41" HEIGHT="23" WC="0.96" CONTENT="av"/><SP WIDTH="24" VPOS="1182" HPOS="1270"/>
							<String ID="string_85" HPOS="1294" VPOS="1172" WIDTH="82" HEIGHT="33" WC="0.96" CONTENT="1919"/><SP WIDTH="22" VPOS="1172" HPOS="1376"/>
							<String ID="string_86" HPOS="1398" VPOS="1174" WIDTH="60" HEIGHT="31" WC="0.96" CONTENT="års"/><SP WIDTH="22" VPOS="1174" HPOS="1458"/>
							<String ID="string_87" HPOS="1480" VPOS="1173" WIDTH="155" HEIGHT="41" WC="0.95" CONTENT="lagtima"/><SP WIDTH="22" VPOS="1173" HPOS="1635"/>
							<String ID="string_88" HPOS="1657" VPOS="1172" WIDTH="152" HEIGHT="41" WC="0.92" CONTENT="riksdag"/><SP WIDTH="22" VPOS="1172" HPOS="1809"/>
							<String ID="string_89" HPOS="1831" VPOS="1173" WIDTH="155" HEIGHT="32" WC="0.92" CONTENT="villkor-"/>
						</TextLine>
						<TextLine ID="line_14" HPOS="711" VPOS="1223" WIDTH="952" HEIGHT="41">
							<String ID="string_90" HPOS="711" VPOS="1224" WIDTH="72" HEIGHT="40" WC="0.96" CONTENT="ligt"/><SP WIDTH="21" VPOS="1224" HPOS="783"/>
							<String ID="string_91" HPOS="804" VPOS="1224" WIDTH="160" HEIGHT="39" WC="0.95" CONTENT="antagna"/><SP WIDTH="23" VPOS="1224" HPOS="964"/>
							<String ID="string_92" HPOS="987" VPOS="1232" WIDTH="68" HEIGHT="32" WC="0.95" CONTENT="nya"/><SP WIDTH="21" VPOS="1232" HPOS="1055"/>
							<String ID="string_93" HPOS="1076" VPOS="1223" WIDTH="109" HEIGHT="41" WC="0.96" CONTENT="lagen"/><SP WIDTH="23" VPOS="1223" HPOS="1185"/>
							<String ID="string_94" HPOS="1208" VPOS="1231" WIDTH="57" HEIGHT="24" WC="0.96" CONTENT="om"/><SP WIDTH="23" VPOS="1231" HPOS="1265"/>
							<String ID="string_95" HPOS="1288" VPOS="1223" WIDTH="56" HEIGHT="32" WC="0.96" CONTENT="val"/><SP WIDTH="23" VPOS="1223" HPOS="1344"/>
							<String ID="string_96" HPOS="1367" VPOS="1223" WIDTH="61" HEIGHT="32" WC="0.96" CONTENT="till"/><SP WIDTH="24" VPOS="1223" HPOS="1428"/>
							<String ID="string_97" HPOS="1452" VPOS="1223" WIDTH="211" HEIGHT="41" WC="0.96" CONTENT="riksdagen."/>
						</TextLine>
					</TextBlock>
				</ComposedBlock>
				<ComposedBlock ID="cblock_4" HPOS="972" VPOS="1327" WIDTH="430" HEIGHT="126">
					<TextBlock ID="block_7" HPOS="972" VPOS="1327" WIDTH="430" HEIGHT="126">
						<TextLine ID="line_15" HPOS="1141" VPOS="1327" WIDTH="84" HEIGHT="45">
							<String ID="string_98" HPOS="1141" VPOS="1330" WIDTH="22" HEIGHT="34" WC="0.90" CONTENT="4"/><SP WIDTH="28" VPOS="1330" HPOS="1163"/>
							<String ID="string_99" HPOS="1191" VPOS="1327" WIDTH="34" HEIGHT="45" WC="0.78" CONTENT="8."/>
						</TextLine>
						<TextLine ID="line_16" HPOS="972" VPOS="1402" WIDTH="430" HEIGHT="51">
							<String ID="string_100" HPOS="972" VPOS="1403" WIDTH="233" HEIGHT="45" WC="0.96" CONTENT="(Nuvarande"/><SP WIDTH="28" VPOS="1403" HPOS="1205"/>
							<String ID="string_101" HPOS="1233" VPOS="1402" WIDTH="169" HEIGHT="51" WC="0.96" CONTENT="lydelse.)"/>
						</TextLine>
					</TextBlock>
				</ComposedBlock>
				<ComposedBlock ID="cblock_5" HPOS="382" VPOS="1680" WIDTH="1608" HEIGHT="88">
					<TextBlock ID="block_8" HPOS="382" VPOS="1680" WIDTH="1608" HEIGHT="88">
						<TextLine ID="line_17" HPOS="516" VPOS="1680" WIDTH="1474" HEIGHT="49">
							<String ID="string_102" HPOS="516" VPOS="1682" WIDTH="234" HEIGHT="36" WC="0.93" CONTENT="Beträffande"/><SP WIDTH="40" VPOS="1682" HPOS="750"/>
							<String ID="string_103" HPOS="790" VPOS="1682" WIDTH="288" HEIGHT="35" WC="0.90" CONTENT="motionärernas"/><SP WIDTH="32" VPOS="1682" HPOS="1078"/>
							<String ID="string_104" HPOS="1110" VPOS="1682" WIDTH="224" HEIGHT="47" WC="0.96" CONTENT="motivering"/><SP WIDTH="27" VPOS="1682" HPOS="1334"/>
							<String ID="string_105" HPOS="1361" VPOS="1680" WIDTH="56" HEIGHT="36" WC="0.96" CONTENT="får"/><SP WIDTH="27" VPOS="1680" HPOS="1417"/>
							<String ID="string_106" HPOS="1444" VPOS="1682" WIDTH="179" HEIGHT="35" WC="0.96" CONTENT="utskottet"/><SP WIDTH="28" VPOS="1682" HPOS="1623"/>
							<String ID="string_107" HPOS="1651" VPOS="1681" WIDTH="149" HEIGHT="35" WC="0.96" CONTENT="hänvisa"/><SP WIDTH="27" VPOS="1681" HPOS="1800"/>
							<String ID="string_108" HPOS="1827" VPOS="1682" WIDTH="57" HEIGHT="34" WC="0.92" CONTENT="till"/><SP WIDTH="31" VPOS="1682" HPOS="1884"/>
							<String ID="string_109" HPOS="1915" VPOS="1694" WIDTH="75" HEIGHT="22" WC="0.86" CONTENT="mo-"/>
						</TextLine>
						<TextLine ID="line_18" HPOS="382" VPOS="1734" WIDTH="138" HEIGHT="34">
							<String ID="string_110" HPOS="382" VPOS="1734" WIDTH="138" HEIGHT="34" WC="0.96" CONTENT="tionen."/>
						</TextLine>
					</TextBlock>
				</ComposedBlock>
				<ComposedBlock ID="cblock_6" HPOS="200" VPOS="1881" WIDTH="1789" HEIGHT="351">
					<TextBlock ID="block_9" HPOS="200" VPOS="1881" WIDTH="1789" HEIGHT="351">
						<TextLine ID="line_19" HPOS="200" VPOS="1881" WIDTH="1786" HEIGHT="49">
							<String ID="string_111" HPOS="200" VPOS="1886" WIDTH="156" HEIGHT="27" WC="0.96" CONTENT="Utskottets"/><SP WIDTH="161" VPOS="1886" HPOS="356"/>
							<String ID="string_112" HPOS="517" VPOS="1884" WIDTH="52" HEIGHT="35" WC="0.96" CONTENT="De"/><SP WIDTH="28" VPOS="1884" HPOS="569"/>
							<String ID="string_113" HPOS="597" VPOS="1884" WIDTH="12" HEIGHT="34" WC="0.94" CONTENT="i"/><SP WIDTH="30" VPOS="1884" HPOS="609"/>
							<String ID="string_114" HPOS="639" VPOS="1882" WIDTH="236" HEIGHT="37" WC="0.95" CONTENT="förevarande"/><SP WIDTH="28" VPOS="1882" HPOS="875"/>
							<String ID="string_115" HPOS="903" VPOS="1884" WIDTH="126" HEIGHT="45" WC="0.96" CONTENT="kungl."/><SP WIDTH="31" VPOS="1884" HPOS="1029"/>
							<String ID="string_116" HPOS="1060" VPOS="1884" WIDTH="228" HEIGHT="46" WC="0.96" CONTENT="proposition"/><SP WIDTH="27" VPOS="1884" HPOS="1288"/>
							<String ID="string_117" HPOS="1315" VPOS="1881" WIDTH="204" HEIGHT="47" WC="0.96" CONTENT="framlagda"/><SP WIDTH="28" VPOS="1881" HPOS="1519"/>
							<String ID="string_118" HPOS="1547" VPOS="1881" WIDTH="184" HEIGHT="48" WC="0.95" CONTENT="förslagen"/><SP WIDTH="21" VPOS="1881" HPOS="1731"/>
							<String ID="string_119" HPOS="1752" VPOS="1894" WIDTH="94" HEIGHT="31" WC="0.96" CONTENT="avse,"/><SP WIDTH="22" VPOS="1894" HPOS="1846"/>
							<String ID="string_120" HPOS="1868" VPOS="1884" WIDTH="118" HEIGHT="33" WC="0.89" CONTENT="såsom"/>
						</TextLine>
						<TextLine ID="line_20" HPOS="203" VPOS="1920" WIDTH="1785" HEIGHT="61">
							<String ID="string_121" HPOS="203" VPOS="1920" WIDTH="141" HEIGHT="33" WC="0.73" CONTENT="yttrande."/><SP WIDTH="41" VPOS="1920" HPOS="344"/>
							<String ID="string_122" HPOS="385" VPOS="1947" WIDTH="42" HEIGHT="22" WC="0.79" CONTENT="av"/><SP WIDTH="29" VPOS="1947" HPOS="427"/>
							<String ID="string_123" HPOS="456" VPOS="1932" WIDTH="427" HEIGHT="49" WC="0.92" CONTENT="departementschefens"/><SP WIDTH="28" VPOS="1932" HPOS="883"/>
							<String ID="string_124" HPOS="911" VPOS="1932" WIDTH="172" HEIGHT="49" WC="0.95" CONTENT="yttrande"/><SP WIDTH="28" VPOS="1932" HPOS="1083"/>
							<String ID="string_125" HPOS="1111" VPOS="1934" WIDTH="59" HEIGHT="34" WC="0.93" CONTENT="till"/><SP WIDTH="19" VPOS="1934" HPOS="1170"/>
							<String ID="string_126" HPOS="1189" VPOS="1932" WIDTH="400" HEIGHT="48" WC="0.92" CONTENT="statsrådsprotokollet"/><SP WIDTH="19" VPOS="1932" HPOS="1589"/>
							<String ID="string_127" HPOS="1608" VPOS="1931" WIDTH="171" HEIGHT="47" WC="0.96" CONTENT="framgår,"/><SP WIDTH="17" VPOS="1931" HPOS="1779"/>
							<String ID="string_128" HPOS="1796" VPOS="1936" WIDTH="54" HEIGHT="31" WC="0.96" CONTENT="tre"/><SP WIDTH="20" VPOS="1936" HPOS="1850"/>
							<String ID="string_129" HPOS="1870" VPOS="1931" WIDTH="118" HEIGHT="36" WC="0.96" CONTENT="skilda"/>
						</TextLine>
						<TextLine ID="line_21" HPOS="384" VPOS="1981" WIDTH="1603" HEIGHT="50">
							<String ID="string_130" HPOS="384" VPOS="1983" WIDTH="141" HEIGHT="47" WC="0.95" CONTENT="frågor:"/><SP WIDTH="45" VPOS="1983" HPOS="525"/>
							<String ID="string_131" HPOS="570" VPOS="1981" WIDTH="36" HEIGHT="46" WC="0.94" CONTENT="1)"/><SP WIDTH="28" VPOS="1981" HPOS="606"/>
							<String ID="string_132" HPOS="634" VPOS="1988" WIDTH="119" HEIGHT="30" WC="0.95" CONTENT="rätten"/><SP WIDTH="31" VPOS="1988" HPOS="753"/>
							<String ID="string_133" HPOS="784" VPOS="1988" WIDTH="53" HEIGHT="30" WC="0.96" CONTENT="att"/><SP WIDTH="32" VPOS="1988" HPOS="837"/>
							<String ID="string_134" HPOS="869" VPOS="1983" WIDTH="146" HEIGHT="48" WC="0.96" CONTENT="deltaga"/><SP WIDTH="26" VPOS="1983" HPOS="1015"/>
							<String ID="string_135" HPOS="1041" VPOS="1985" WIDTH="12" HEIGHT="33" WC="0.96" CONTENT="i"/><SP WIDTH="28" VPOS="1985" HPOS="1053"/>
							<String ID="string_136" HPOS="1081" VPOS="1984" WIDTH="237" HEIGHT="34" WC="0.96" CONTENT="kommunala"/><SP WIDTH="27" VPOS="1984" HPOS="1318"/>
							<String ID="string_137" HPOS="1345" VPOS="1984" WIDTH="58" HEIGHT="35" WC="0.96" CONTENT="val"/><SP WIDTH="29" VPOS="1984" HPOS="1403"/>
							<String ID="string_138" HPOS="1432" VPOS="1983" WIDTH="68" HEIGHT="35" WC="0.96" CONTENT="och"/><SP WIDTH="27" VPOS="1983" HPOS="1500"/>
							<String ID="string_139" HPOS="1527" VPOS="1982" WIDTH="234" HEIGHT="48" WC="0.96" CONTENT="avgöranden"/><SP WIDTH="27" VPOS="1982" HPOS="1761"/>
							<String ID="string_140" HPOS="1788" VPOS="1987" WIDTH="90" HEIGHT="30" WC="0.93" CONTENT="utan"/><SP WIDTH="29" VPOS="1987" HPOS="1878"/>
							<String ID="string_141" HPOS="1907" VPOS="1995" WIDTH="80" HEIGHT="33" WC="0.88" CONTENT="per-"/>
						</TextLine>
						<TextLine ID="line_22" HPOS="385" VPOS="2031" WIDTH="1603" HEIGHT="51">
							<String ID="string_142" HPOS="385" VPOS="2035" WIDTH="120" HEIGHT="47" WC="0.91" CONTENT="sonlig"/><SP WIDTH="39" VPOS="2035" HPOS="505"/>
							<String ID="string_143" HPOS="544" VPOS="2034" WIDTH="211" HEIGHT="43" WC="0.96" CONTENT="inställelse,"/><SP WIDTH="43" VPOS="2034" HPOS="755"/>
							<String ID="string_144" HPOS="798" VPOS="2031" WIDTH="36" HEIGHT="46" WC="0.93" CONTENT="2)"/><SP WIDTH="29" VPOS="2031" HPOS="834"/>
							<String ID="string_145" HPOS="863" VPOS="2033" WIDTH="470" HEIGHT="47" WC="0.90" CONTENT="valdistriktsindelningen"/><SP WIDTH="32" VPOS="2033" HPOS="1333"/>
							<String ID="string_146" HPOS="1365" VPOS="2033" WIDTH="64" HEIGHT="36" WC="0.96" CONTENT="vid"/><SP WIDTH="27" VPOS="2033" HPOS="1429"/>
							<String ID="string_147" HPOS="1456" VPOS="2033" WIDTH="175" HEIGHT="47" WC="0.96" CONTENT="politiska"/><SP WIDTH="26" VPOS="2033" HPOS="1631"/>
							<String ID="string_148" HPOS="1657" VPOS="2032" WIDTH="67" HEIGHT="35" WC="0.96" CONTENT="och"/><SP WIDTH="28" VPOS="2032" HPOS="1724"/>
							<String ID="string_149" HPOS="1752" VPOS="2033" WIDTH="236" HEIGHT="34" WC="0.96" CONTENT="kommunala"/>
						</TextLine>
						<TextLine ID="line_23" HPOS="384" VPOS="2082" WIDTH="1603" HEIGHT="49">
							<String ID="string_150" HPOS="384" VPOS="2086" WIDTH="69" HEIGHT="42" WC="0.96" CONTENT="val,"/><SP WIDTH="28" VPOS="2086" HPOS="453"/>
							<String ID="string_151" HPOS="481" VPOS="2089" WIDTH="95" HEIGHT="31" WC="0.95" CONTENT="samt"/><SP WIDTH="27" VPOS="2089" HPOS="576"/>
							<String ID="string_152" HPOS="603" VPOS="2082" WIDTH="38" HEIGHT="46" WC="0.93" CONTENT="3)"/><SP WIDTH="29" VPOS="2082" HPOS="641"/>
							<String ID="string_153" HPOS="670" VPOS="2082" WIDTH="334" HEIGHT="37" WC="0.90" CONTENT="sammanförandet"/><SP WIDTH="27" VPOS="2082" HPOS="1004"/>
							<String ID="string_154" HPOS="1031" VPOS="2096" WIDTH="43" HEIGHT="23" WC="0.96" CONTENT="av"/><SP WIDTH="28" VPOS="2096" HPOS="1074"/>
							<String ID="string_155" HPOS="1102" VPOS="2084" WIDTH="70" HEIGHT="35" WC="0.96" CONTENT="den"/><SP WIDTH="27" VPOS="2084" HPOS="1172"/>
							<String ID="string_156" HPOS="1199" VPOS="2084" WIDTH="238" HEIGHT="35" WC="0.96" CONTENT="kommunala"/><SP WIDTH="27" VPOS="2084" HPOS="1437"/>
							<String ID="string_157" HPOS="1464" VPOS="2083" WIDTH="68" HEIGHT="35" WC="0.96" CONTENT="och"/><SP WIDTH="16" VPOS="2083" HPOS="1532"/>
							<String ID="string_158" HPOS="1548" VPOS="2084" WIDTH="173" HEIGHT="47" WC="0.96" CONTENT="politiska"/><SP WIDTH="19" VPOS="2084" HPOS="1721"/>
							<String ID="string_159" HPOS="1740" VPOS="2082" WIDTH="247" HEIGHT="46" WC="0.96" CONTENT="röstlängden."/>
						</TextLine>
						<TextLine ID="line_24" HPOS="385" VPOS="2133" WIDTH="1603" HEIGHT="49">
							<String ID="string_160" HPOS="385" VPOS="2135" WIDTH="72" HEIGHT="35" WC="0.96" CONTENT="Till"/><SP WIDTH="27" VPOS="2135" HPOS="457"/>
							<String ID="string_161" HPOS="484" VPOS="2140" WIDTH="118" HEIGHT="30" WC="0.96" CONTENT="större"/><SP WIDTH="28" VPOS="2140" HPOS="602"/>
							<String ID="string_162" HPOS="630" VPOS="2134" WIDTH="107" HEIGHT="35" WC="0.96" CONTENT="delen"/><SP WIDTH="29" VPOS="2134" HPOS="737"/>
							<String ID="string_163" HPOS="766" VPOS="2141" WIDTH="63" HEIGHT="28" WC="0.96" CONTENT="äro"/><SP WIDTH="28" VPOS="2141" HPOS="829"/>
							<String ID="string_164" HPOS="857" VPOS="2134" WIDTH="71" HEIGHT="35" WC="0.96" CONTENT="alla"/><SP WIDTH="27" VPOS="2134" HPOS="928"/>
							<String ID="string_165" HPOS="955" VPOS="2134" WIDTH="104" HEIGHT="35" WC="0.96" CONTENT="dessa"/><SP WIDTH="27" VPOS="2134" HPOS="1059"/>
							<String ID="string_166" HPOS="1086" VPOS="2133" WIDTH="142" HEIGHT="48" WC="0.96" CONTENT="förslag"/><SP WIDTH="22" VPOS="2133" HPOS="1228"/>
							<String ID="string_167" HPOS="1250" VPOS="2133" WIDTH="149" HEIGHT="49" WC="0.95" CONTENT="byggda"/><SP WIDTH="28" VPOS="2133" HPOS="1399"/>
							<String ID="string_168" HPOS="1427" VPOS="2137" WIDTH="45" HEIGHT="45" WC="0.95" CONTENT="på"/><SP WIDTH="24" VPOS="2137" HPOS="1472"/>
							<String ID="string_169" HPOS="1496" VPOS="2138" WIDTH="54" HEIGHT="31" WC="0.96" CONTENT="ett"/><SP WIDTH="19" VPOS="2138" HPOS="1550"/>
							<String ID="string_170" HPOS="1569" VPOS="2133" WIDTH="71" HEIGHT="35" WC="0.96" CONTENT="den"/><SP WIDTH="22" VPOS="2133" HPOS="1640"/>
							<String ID="string_171" HPOS="1662" VPOS="2134" WIDTH="45" HEIGHT="34" WC="0.96" CONTENT="20"/><SP WIDTH="16" VPOS="2134" HPOS="1707"/>
							<String ID="string_172" HPOS="1723" VPOS="2133" WIDTH="148" HEIGHT="46" WC="0.96" CONTENT="januari"/><SP WIDTH="23" VPOS="2133" HPOS="1871"/>
							<String ID="string_173" HPOS="1894" VPOS="2134" WIDTH="94" HEIGHT="34" WC="0.95" CONTENT="1920"/>
						</TextLine>
						<TextLine ID="line_25" HPOS="386" VPOS="2182" WIDTH="1603" HEIGHT="50">
							<String ID="string_174" HPOS="386" VPOS="2186" WIDTH="142" HEIGHT="46" WC="0.96" CONTENT="avgivet"/><SP WIDTH="32" VPOS="2186" HPOS="528"/>
							<String ID="string_175" HPOS="560" VPOS="2184" WIDTH="230" HEIGHT="36" WC="0.96" CONTENT="betänkande"/><SP WIDTH="27" VPOS="2184" HPOS="790"/>
							<String ID="string_176" HPOS="817" VPOS="2197" WIDTH="42" HEIGHT="22" WC="0.96" CONTENT="av"/><SP WIDTH="29" VPOS="2197" HPOS="859"/>
							<String ID="string_177" HPOS="888" VPOS="2184" WIDTH="69" HEIGHT="36" WC="0.96" CONTENT="den"/><SP WIDTH="30" VPOS="2184" HPOS="957"/>
							<String ID="string_178" HPOS="987" VPOS="2186" WIDTH="45" HEIGHT="33" WC="0.96" CONTENT="30"/><SP WIDTH="28" VPOS="2186" HPOS="1032"/>
							<String ID="string_179" HPOS="1060" VPOS="2185" WIDTH="71" HEIGHT="47" WC="0.96" CONTENT="maj"/><SP WIDTH="36" VPOS="2185" HPOS="1131"/>
							<String ID="string_180" HPOS="1167" VPOS="2186" WIDTH="93" HEIGHT="34" WC="0.96" CONTENT="1919"/><SP WIDTH="29" VPOS="2186" HPOS="1260"/>
							<String ID="string_181" HPOS="1289" VPOS="2184" WIDTH="200" HEIGHT="35" WC="0.93" CONTENT="tillkallade"/><SP WIDTH="28" VPOS="2184" HPOS="1489"/>
							<String ID="string_182" HPOS="1517" VPOS="2182" WIDTH="472" HEIGHT="47" WC="0.89" CONTENT="kommunalförfattnings-"/>
						</TextLine>
					</TextBlock>
				</ComposedBlock>
			</PrintSpace>
		</Page>
	</Layout>
</alto>
