1826 2778
239 167 38 30 10
677 167 283 31 Statsutskottets
984 168 180 31 utlåtande
1186 178 42 21 nr
1250 170 52 29 25.

814 253 173 28 Marinens
1012 253 152 29 delfond.

285 334 76 34 8:0)
393 334 134 30 Smärre
554 335 239 35 nybyggnads-
821 336 64 28 och
912 336 363 36 förändringsarbeten
1303 347 44 19 m.
1375 347 44 20 m.
1448 338 12 27 I
1487 338 150 37 enlighet
1663 339 77 29 med

242 383 125 40 Kungl.
391 384 122 39 Maj:ts
534 384 133 40 förslag
694 384 130 40 (punkt
849 385 49 34 10,
922 394 24 21 s.
972 385 72 35 12),
1068 386 237 30 innebärande
1327 397 43 20 en
1394 388 345 40 anslagsminskning

243 443 41 21 av
304 435 61 29 150
380 435 62 30 000
461 435 139 34 kronor,
620 435 200 30 hemställer
839 436 178 34 utskottet,

595 487 50 29 att
660 486 186 39 riksdagen
864 486 56 30 må
935 486 52 30 till
1003 487 140 30 Smärre
1159 488 242 39 nybyggnads-
1418 489 63 29 och
1497 489 242 40 förändrings-

548 537 141 30 arbeten
706 547 44 20 m.
768 547 46 20 m.
832 538 54 30 för
902 539 204 39 budgetåret
1127 539 145 35 1954/55
1292 541 122 30 anvisa
1430 543 46 28 ett
1493 537 245 49 investerings-

548 587 121 39 anslag
689 597 41 21 av
749 587 64 30 450
828 588 63 30 000
912 589 139 30 kronor.

283 727 76 34 9:0)
384 728 340 36 Byggnadstekniska
745 729 412 36 brandskyddsåtgärder.
1177 731 12 28 I
1209 731 150 37 enlighet
1377 732 77 29 med
1474 732 124 37 Kungl.
1619 733 120 36 Maj:ts

242 777 131 40 förslag
408 778 126 40 (punkt
569 779 50 34 11,
651 788 25 21 s.
709 780 37 29 12
778 779 65 30 och
876 779 70 34 13),
977 780 237 30 innebärande
1246 791 42 20 en
1320 782 346 41 anslagsminskning
1696 792 43 21 av

241 828 40 29 50
295 828 63 30 000
383 828 137 35 kronor,
543 829 201 30 hemställer
768 830 180 34 utskottet,

594 881 50 28 att
661 880 187 39 riksdagen
866 880 57 30 må
939 881 52 30 till
1008 881 351 40 Byggnadstekniska
1379 883 359 40 brandskyddsåtgär-

545 930 63 31 der
629 931 54 30 för
705 932 203 40 budgetåret
934 933 148 35 1954/55
1107 934 121 32 anvisa
1249 937 48 29 ett
1320 935 353 41 investeringsanslag
1695 946 42 20 av

548 980 41 30 50
604 980 61 30 000
684 980 139 30 kronor.

284 1121 95 34 10:0)
425 1122 370 37 Skyddsanordningar
837 1124 57 29 vid
924 1125 175 29 marinens
1129 1126 256 36 anläggningar.
1429 1128 13 29 I
1474 1127 153 40 enlighet
1658 1128 78 29 med

239 1171 125 40 Kungl.
388 1172 122 39 Maj:ts
533 1172 132 41 förslag
692 1173 130 39 (punkt
847 1174 49 34 12,
920 1183 24 20 s.
970 1174 72 35 13),
1064 1175 238 31 innebärande
1326 1186 42 20 en
1390 1177 347 40 anslagsminskning

237 1232 41 21 av
302 1223 40 30 25
358 1223 63 30 000
445 1224 138 36 kronor,
608 1224 200 31 hemställer
832 1226 179 35 utskottet,

592 1276 51 27 att
661 1274 186 39 riksdagen
865 1275 56 30 må
939 1275 52 29 till
1008 1275 380 41 Skyddsanordningar
1406 1277 56 30 vid
1479 1278 180 29 marinens
1677 1288 61 21 an-

548 1323 202 40 läggningar
769 1325 56 30 för
843 1325 204 40 budgetåret
1069 1326 145 36 1954/55
1236 1327 122 30 anvisa
1378 1329 47 28 ett
1445 1328 292 40 investeringsan-

548 1375 73 39 slag
644 1384 43 21 av
710 1375 59 30 125
785 1375 64 31 000
873 1376 138 30 kronor.

284 1516 96 34 11:0)
415 1517 232 30 Anordnande
676 1527 41 20 av
746 1518 94 30 vissa
870 1519 117 29 förråd
1018 1520 65 29 och
1113 1529 132 27 garage.
1276 1520 13 29 I
1321 1521 149 37 enlighet
1500 1522 79 29 med
1610 1522 124 37 Kungl.

238 1565 124 39 Maj:ts
385 1567 129 39 förslag
541 1567 131 40 (punkt
697 1568 47 34 13,
768 1577 25 21 s.
819 1568 39 31 13
881 1569 64 30 och
969 1569 72 34 14),
1064 1569 238 31 innebärande
1325 1580 42 21 en
1390 1571 346 41 anslagsminskning

238 1626 42 21 av
305 1617 63 30 200
383 1617 62 31 000
471 1618 140 34 kronor,
638 1618 200 31 hemställer
865 1620 179 34 utskottet,

591 1669 51 29 att
662 1668 187 40 riksdagen
870 1669 56 30 må
945 1670 53 30 till
1019 1670 234 31 Anordnande
1274 1681 44 21 av
1340 1672 91 30 vissa
1451 1672 123 39 förråd
1594 1673 64 29 och
1679 1682 57 30 ga-

545 1728 82 30 rage
646 1719 54 30 för
718 1719 205 40 budgetåret
944 1720 148 36 1954/55
1114 1722 117 30 anvisa
1252 1724 48 28 ett
1319 1722 356 41 investeringsanslag
1694 1733 42 21 av

546 1769 63 30 200
624 1770 61 30 000
704 1770 140 31 kronor.

282 1902 96 34 12:0)
417 1903 99 30 Vissa
552 1904 318 35 byggnadsarbeten
904 1906 55 29 för
993 1907 168 29 marinen.
1195 1907 123 37 Kungl.
1344 1907 102 37 Maj:t
1468 1908 64 30 har
1558 1908 177 38 föreslagit

237 1952 187 39 riksdagen
451 1953 129 40 (punkt
604 1954 49 34 14,
676 1963 24 21 s.
725 1954 145 35 14—16)
897 1957 49 28 att
967 1955 53 30 till
1042 1956 266 40 ifrågavarande
1332 1958 162 30 ändamål
1516 1958 55 31 för
1593 1959 142 40 budget-

234 2002 73 32 året
335 2003 147 36 1954/55
508 2005 122 30 anvisa
656 2008 46 28 ett
727 2006 354 43 investeringsanslag
1107 2018 41 21 av
1173 2008 95 31 3500
1283 2009 64 30 000
1373 2011 138 29 kronor.

280 2103 67 30 För
373 2104 172 34 ändamål,
571 2113 76 21 som
672 2113 96 22 avses
793 2107 80 29 med
898 2105 229 32 förevarande
1152 2108 129 39 anslag,
1309 2108 133 41 uppgår
1467 2110 67 31 den
1560 2119 175 21 samman-

236 2153 100 39 lagda
361 2154 361 40 medelsanvisningen
745 2155 53 30 till
826 2156 15 29 6
855 2156 62 30 975
932 2156 62 31 000
1019 2157 140 35 kronor,
1184 2167 104 22 varav
1312 2158 55 31 för
1390 2159 236 31 innevarande
1649 2161 85 29 bud-

236 2204 95 38 getår
352 2204 18 30 2
386 2204 61 30 700
461 2205 61 30 000
543 2205 140 30 kronor.

280 2255 529 41 Fortifikationsförvaltningen
840 2257 64 30 har
934 2259 11 28 i
977 2258 77 30 sina
1086 2259 313 31 medelsäskanden
1430 2260 54 30 för
1516 2262 101 29 nästa
1649 2262 85 29 bud-

236 2304 94 39 getår
355 2306 11 28 i
391 2314 41 22 en
458 2307 327 39 sammanställning
810 2308 159 39 upptagit
994 2309 41 29 de
1061 2309 55 31 för
1140 2309 213 40 budgetåren
1381 2310 147 36 1949/54
1554 2311 95 30 förut
1674 2321 60 20 an-

235 2355 117 30 mälda
376 2356 358 40 byggnadsföretagen
758 2358 66 29 och
850 2359 184 30 därutöver
1059 2359 93 31 vissa
1176 2369 67 30 nya
1268 2360 248 40 arbetsobjekt.
1543 2362 75 30 Den
1645 2371 88 21 sam-

235 2406 187 39 manlagda
448 2407 196 30 kostnaden
671 2408 62 29 har
758 2408 189 31 beräknats
974 2409 53 30 till
1055 2409 41 30 24
1111 2410 60 30 097
1187 2411 61 30 500
1276 2411 131 30 kronor
1435 2412 105 39 enligt
1567 2412 165 40 prisläget

235 2455 66 30 den
328 2457 14 28 1
371 2457 89 39 april
487 2457 93 30 1953.
607 2458 51 29 Då
683 2458 53 30 för
762 2459 174 34 ändamål,
963 2469 75 20 som
1065 2469 98 22 avses
1189 2462 77 30 med
1293 2462 166 39 anslaget,
1485 2462 126 30 hittills
1637 2462 96 30 anvi-
