1902 2786
561 185 286 30 Statsutskottets
874 186 178 30 utlåtande
1077 196 44 20 nr
1145 188 49 28 16.
1620 188 13 28 1

805 488 60 41 Nr
893 489 61 40 16.

353 605 183 31 Utlåtande
567 607 10 28 i
608 607 190 39 anledning
827 617 43 20 av
897 607 127 39 Kungl.
1053 608 125 39 Maj:ts
1209 608 216 39 proposition
1455 608 178 39 angående

572 657 145 39 utgifter
736 657 20 30 å
779 657 209 40 tilläggsstat
1011 658 33 30 II
1067 658 53 29 till
1140 658 190 30 riksstaten
1351 658 59 39 för
1431 658 202 39 budgetåret

573 707 161 37 1949/50,
759 708 11 29 i
793 709 64 29 vad
878 708 263 40 propositionen
1164 718 101 21 avser
1285 709 349 40 socialdepartemen-

574 759 65 29 tets
667 758 396 31 verksamhetsområde.

1398 819 73 34 (83:e
1490 820 93 33 avd.)

712 970 355 52 Driftbudgeten.

673 1092 135 33 Femte
833 1091 264 34 huvudtiteln.

173 1184 74 34 1:0)
282 1184 134 29 Statens
445 1184 128 35 skolor,
602 1184 210 30 tillhörande
844 1185 122 29 barna-
996 1185 64 29 och
1090 1185 316 36 ungdomsvården:
1439 1186 195 35 Byggnads-

127 1235 142 29 arbeten
292 1245 44 19 m.
361 1244 44 20 m.
430 1235 13 29 I
468 1235 264 40 propositionen
757 1245 42 20 nr
826 1236 18 29 2
872 1236 65 29 har
964 1236 126 39 Kungl.
1116 1236 107 39 Maj:t
1253 1236 130 39 (bilaga
1409 1237 29 34 2,
1463 1237 115 40 punkt
1606 1238 27 32 1,

127 1292 26 22 s.
176 1285 19 29 9
219 1285 65 29 och
307 1285 39 30 10
367 1294 44 21 av
433 1285 108 40 bilagt
563 1286 127 39 utdrag
713 1296 42 20 av
779 1286 385 40 statsrådsprotokollet
1187 1288 81 29 över
1292 1287 262 31 socialärenden
1577 1288 56 30 för

128 1334 68 30 den
219 1335 20 30 4
260 1335 142 39 januari
427 1336 100 34 1950)
554 1336 181 39 föreslagit
756 1336 189 40 riksdagen
969 1339 50 28 att
1041 1337 53 29 till
1118 1338 138 30 Statens
1280 1338 117 30 skolor
1422 1339 210 29 tillhörande

127 1386 126 29 barna-
282 1386 64 29 och
374 1386 321 39 ungdomsvården:
724 1387 330 39 Byggnadsarbeten
1085 1397 45 20 m.
1159 1397 46 20 m.
1234 1388 21 29 å
1282 1388 210 40 tilläggsstat
1520 1389 30 29 II
1580 1388 53 30 till

127 1436 192 30 riksstaten
346 1436 54 29 för
427 1436 204 39 budgetåret
660 1437 150 36 1949/50
839 1437 121 30 anvisa
987 1439 48 28 ett
1060 1437 358 40 reservationsanslag
1446 1448 41 20 av
1513 1439 40 29 52
1569 1438 63 30 000

126 1486 141 29 kronor.

174 1587 113 30 Sedan
317 1587 169 39 ladugård
517 1588 64 29 och
611 1588 218 39 logbyggnad
858 1588 58 29 vid
946 1588 174 39 Fagareds
1150 1588 206 39 yrkesskola
1387 1589 67 30 den
1485 1589 39 30 19
1553 1588 79 40 juni

129 1636 85 30 1949
233 1637 145 30 brunnit
395 1638 77 34 ned,
491 1637 64 30 har
573 1638 280 39 socialstyrelsen
871 1638 180 30 hemställt
1071 1647 56 21 om
1147 1639 112 29 medel
1279 1639 52 29 till
1351 1639 220 40 uppförande
1591 1649 42 20 av

127 1695 42 20 en
188 1697 48 29 ny
254 1687 324 40 ekonomibyggnad
597 1689 57 29 vid
675 1688 134 30 skolan.
829 1688 72 30 Två
921 1689 207 29 alternativa
1147 1689 313 39 byggnadsförslag
1481 1690 46 29 ha
1546 1698 87 31 upp-

127 1737 122 38 gjorts,
266 1739 48 28 ett
333 1738 161 30 slutande
511 1738 44 40 på
575 1738 61 30 104
651 1739 63 29 600
732 1739 130 29 kronor
880 1739 65 29 och
964 1741 48 27 ett
1030 1739 45 39 på
1094 1739 38 29 77
1149 1739 63 30 000
1231 1740 139 29 kronor.
1390 1740 242 29 Brandskade-

127 1788 195 39 ersättning
338 1788 55 30 för
410 1789 67 29 den
492 1789 138 29 brunna
645 1788 206 40 byggnaden
867 1789 65 29 har
947 1789 114 39 utgått
1078 1790 80 29 med
1176 1789 41 31 24
1231 1789 61 30 857
1313 1790 130 29 kronor
1460 1789 40 31 93
1517 1791 69 29 öre.

171 1838 395 38 Departementschefen
584 1839 65 29 har
670 1839 112 29 under
801 1839 142 29 erinran
962 1848 57 20 om
1038 1839 147 29 behovet
1206 1849 42 19 av
1269 1841 50 28 att
1340 1849 42 19 en
1404 1849 46 29 ny
1471 1840 160 38 byggnad

127 1890 140 27 snarast
284 1888 159 29 kommer
460 1888 52 29 till
531 1888 103 30 stånd
652 1888 205 35 framhållit,
878 1890 50 28 att
945 1889 57 29 det
1019 1889 63 29 bör
1099 1898 84 20 vara
1203 1889 173 39 tillfyllest
1394 1891 78 28 med
1492 1899 42 20 en
1552 1891 80 28 eko-

126 1937 260 39 nomibyggnad
411 1938 11 28 i
446 1938 349 29 överensstämmelse
821 1939 79 29 med
927 1938 58 29 det
1011 1941 10 28 i
1049 1939 143 29 ärendet
1220 1939 246 39 föreliggande,
1495 1939 136 30 mindre

127 1988 350 29 kostnadskrävande
504 1988 231 30 alternativet.
762 1989 121 29 Ehuru
910 1989 238 29 kostnaderna
1173 1990 87 28 även
1285 1989 11 29 i
1323 1990 94 29 detta
1443 1989 61 30 fall
1529 1999 102 20 anses

126 2046 83 22 vara
231 2039 56 29 väl
308 2039 89 39 höga
421 2039 10 29 i
454 2038 220 30 förhållande
695 2039 52 29 till
767 2039 228 39 jordbrukets
1019 2039 141 35 storlek,
1184 2049 101 20 anses
1309 2040 178 29 desamma
1510 2040 121 29 kunna

127 2088 167 38 godtagas
313 2089 79 29 med
410 2088 138 39 hänsyn
568 2089 52 29 till
640 2090 51 28 att
710 2090 57 28 det
786 2089 63 29 här
869 2089 106 39 gäller
993 2098 42 20 en
1054 2089 171 39 byggnad,
1245 2098 74 20 som
1339 2091 86 28 även
1445 2099 41 20 ur
1506 2091 126 29 under-

126 2138 341 39 visningssynpunkt
493 2140 38 28 är
557 2148 42 20 av
626 2138 175 40 betydelse
830 2139 54 29 för
912 2139 134 29 skolan.
1076 2139 164 39 Anslaget
1268 2141 63 28 har
1361 2141 190 29 avrundats
1578 2140 52 29 till

127 2188 40 28 52
183 2188 63 30 000
266 2189 139 28 kronor.

172 2286 175 31 Utskottet
370 2287 58 29 vill
453 2289 85 28 även
565 2288 53 29 för
644 2288 53 28 sin
723 2288 53 29 del
804 2288 110 28 uttala
939 2288 217 39 principiella
1181 2289 277 38 betänkligheter
1483 2292 70 27 mot
1580 2291 50 28 att

127 2338 43 36 på
189 2339 48 27 ett
254 2337 173 38 jordbruk
445 2347 42 19 av
505 2337 66 29 den
591 2337 141 33 storlek,
751 2347 120 19 varom
889 2338 65 28 här
973 2339 37 28 är
1029 2338 108 37 fråga,
1158 2339 149 38 uppföra
1328 2348 41 19 en
1389 2339 37 29 så
1447 2339 184 30 kostnads-

127 2386 177 29 krävande
327 2386 335 38 ekonomibyggnad.
690 2387 76 29 Med
790 2387 137 39 hänsyn
951 2387 51 29 till
1027 2387 146 29 behovet
1196 2397 41 20 av
1261 2388 49 29 att
1334 2398 41 19 en
1402 2398 45 29 ny
1471 2389 158 39 byggnad

128 2437 115 29 såsom
273 2437 193 38 ersällning
496 2437 53 28 för
578 2438 66 28 den
673 2437 206 29 nedbrunna
910 2439 138 27 snarast
1077 2438 158 28 kommer
1265 2438 51 29 till
1345 2438 112 35 stånd,
1486 2439 63 29 har
1580 2441 51 27 ut-

127 2487 130 29 skottet
281 2488 87 28 dock
392 2487 86 29 intet
503 2488 49 28 att
577 2487 115 29 erinra
718 2489 71 27 mot
814 2489 49 27 att
889 2487 110 29 medel
1026 2488 139 28 anvisas
1191 2488 8 28 i
1226 2488 151 38 enlighet
1403 2489 77 29 med
1504 2489 125 38 Kungl.

157 2556 14 26 1
213 2555 112 30 Bihang
337 2555 46 23 till
396 2555 167 30 riksdagens
575 2556 147 29 protokoll
736 2556 75 22 1950.
832 2556 15 22 6
858 2555 84 23 saml.
962 2556 40 23 Nr
1024 2558 37 23 16.
