1870 2854
562 137 261 31 Statsutskottets
845 141 165 31 utlåtande
1032 153 39 18 nr
1097 149 48 26 37.
1596 149 18 31 7

144 218 225 35 Beträffande
394 222 213 39 möjligheten
633 228 50 29 att
708 226 121 33 bereda
853 228 94 39 hjälp
973 230 36 31 åt
1034 230 96 33 dessa
1155 234 88 30 orter
1267 232 44 32 ha
1334 233 34 32 vi
1393 233 140 34 kommit
1558 239 51 29 att

100 261 104 32 tänka
221 263 44 37 på
282 266 49 29 ett
348 264 142 39 företag,
512 278 67 20 som
598 267 109 33 skulle
724 268 73 33 icke
816 270 86 33 blott
919 271 120 33 bereda
1056 273 113 33 arbete
1187 275 35 31 åt
1241 278 47 29 ett
1309 279 83 29 stort
1412 277 91 31 antal
1523 274 85 46 sten-

99 304 161 39 arbetare,
280 309 81 28 utan
380 311 81 29 även
481 307 90 34 bliva
589 310 54 32 till
662 322 38 20 en
718 312 261 40 utomordentlig
997 318 96 34 nytta
1115 316 53 31 för
1188 317 55 32 det
1262 317 177 40 allmänna,
1458 319 80 33 vida
1557 323 51 29 ut-

99 350 76 28 över
199 347 38 32 de
260 348 122 38 många
405 350 210 40 vägföretag,
641 364 68 21 som
733 354 54 31 till
811 355 174 35 lindrande
1008 368 41 21 av
1074 358 260 34 arbetslösheten
1359 361 107 32 bruka
1489 362 118 39 1gång-

98 391 116 30 sättas.

141 431 45 31 Vi
209 432 97 38 syfta
326 433 119 34 härvid
466 436 43 37 på
531 436 177 39 byggande
731 450 41 20 av
793 451 38 20 en
855 441 130 33 stenbro
1008 442 56 32 vid
1089 442 187 35 Svinesund
1299 445 54 32 till
1376 446 232 34 förbättrande

98 484 41 21 av
162 475 224 33 samfärdseln
409 478 271 38 landsvägsledes
701 481 122 32 mellan
847 483 137 39 Sverige
1006 485 59 32 och
1086 486 124 38 Norge.
1254 487 118 34 Denna
1394 485 212 57 samfärdsel,

98 526 67 21 som
182 517 43 37 på
242 518 91 32 detta
350 519 96 33 ställe
462 532 45 20 nu
524 521 76 32 sker
617 523 138 33 medelst
771 537 39 20 en
826 525 128 34 mindre
972 527 100 38 färja,
1091 533 37 28 är
1145 529 167 39 nämligen
1328 542 45 21 nu
1392 529 214 56 synnerligen

96 557 161 34 obekväm
276 561 60 31 och
355 562 343 42 otillfredsställande,
718 566 11 32 i
750 568 179 37 synnerhet
948 569 38 33 de
1004 570 87 32 tider
1110 572 44 37 på
1172 572 81 39 året,
1275 572 41 33 då
1336 574 111 38 färjan
1467 575 139 39 tillfölje

95 599 113 40 islägg
226 602 72 32 icke
316 603 64 33 kan
400 604 180 40 begagnas.
614 607 89 34 Bron
724 609 109 34 skulle
851 611 132 38 byggas
1003 612 54 32 för
1075 613 301 42 landsvägstrafik,
1398 628 73 22 men
1490 618 45 38 på
1555 619 50 31 så-

96 642 81 33 dant
195 647 78 36 sätt,
293 649 48 29 att
360 647 58 32 den
436 647 66 33 kan
520 653 97 34 tagas
636 651 11 31 i
664 652 147 37 anspråk
830 658 81 28 även
932 655 53 32 för
1003 655 270 39 Järnvägstrafik
1294 658 53 32 för
1366 660 61 31 den
1447 660 159 34 händelse

95 685 104 33 sådan
221 687 109 38 någon
351 690 90 38 gång
461 690 11 32 i
495 691 181 34 framtiden
699 694 108 33 skulle
829 696 134 33 komma
984 698 53 32 till
1062 699 107 32 stånd.
1204 700 120 39 Enligt
1345 702 260 47 svensk-norska

94 727 556 40 mellanriksbanekommissionens
678 736 206 34 betänkande
912 750 41 22 av
980 741 37 31 år
1046 741 84 33 1923
1162 740 154 40 (Statens
1344 745 182 38 offentliga
1553 750 51 44 ut-

94 769 180 39 redningar
293 773 98 33 1923:
412 773 58 40 73)
492 775 164 34 beräknas
673 778 184 34 kostnaden
877 781 54 32 för
950 794 39 21 en
1007 782 220 40 järnvägsbro
1247 791 77 27 över
1344 786 187 35 Svinesund
1549 789 55 32 till

94 812 94 33 2300
202 814 65 32 000
282 814 130 40 kronor,
432 817 101 33 därav
550 820 20 31 å
588 818 138 41 Sverige
744 821 108 35 skulle
868 824 132 33 komma
1018 829 46 29 ett
1082 826 120 40 belopp
1221 839 41 21 av
1282 830 96 32 1510
1388 831 64 32 000
1470 830 132 34 kronor.

136 854 50 33 På
207 855 62 33 den
290 858 122 33 norska
433 860 93 32 sidan
548 873 51 20 om
623 861 187 36 Svinesund
833 866 81 32 råda
934 867 12 31 i
970 867 101 38 fråga
1091 881 52 20 om
1165 870 219 34 arbetslöshet
1405 872 88 33 inom
1517 877 85 29 sten-

92 896 188 35 industrien
301 900 157 34 liknande
480 903 233 34 förhållanden
736 918 68 20 som
827 908 86 33 inom
936 909 100 34 Vette
1058 911 104 33 härad
1184 914 20 31 å
1226 914 142 33 svenska
1391 915 106 33 sidan.
1539 916 65 33 Ett

93 938 177 39 byggande
295 954 40 20 av
359 943 60 33 den
442 945 123 33 norska
588 947 94 33 delen
705 960 42 21 av
771 951 154 33 stenbron
947 953 113 32 skulle
1084 954 102 33 alltså
1209 956 115 33 kunna
1348 969 41 20 av
1415 958 38 34 de
1477 958 125 34 norska

90 982 279 39 myndigheterna
389 987 72 32 med
484 988 106 33 fördel
611 994 168 35 upptagas
803 994 106 31 såsom
932 1007 39 20 en
992 996 142 39 lämplig
1157 997 121 39 åtgärd
1298 999 54 33 till
1373 1000 230 40 bekämpande

91 1033 40 23 av
155 1025 261 36 arbetslösheten
440 1029 87 34 inom
553 1033 144 33 nämnda
723 1038 98 29 orter.

137 1065 76 34 Som
235 1068 33 31 vi
290 1080 78 22 anse
387 1071 263 38 ifrågavarande
671 1075 218 40 brobyggnad
911 1079 141 40 lämplig
1072 1085 52 28 att
1143 1082 214 40 igångsättas
1377 1085 54 32 till
1453 1086 146 33 lindran:

92 1107 37 34 de
149 1120 42 21 av
211 1110 269 41 arbetslösheten,
501 1127 72 21 men
595 1120 48 29 ett
664 1118 119 34 sådant
803 1120 258 39 igångsättande
1081 1124 74 34 icke
1175 1125 66 33 kan
1262 1126 57 33 ske
1340 1131 80 29 utan
1441 1132 53 29 att
1513 1129 89 33 med-

89 1151 124 32 verkan
229 1152 54 32 till
300 1154 97 34 brons
413 1156 176 35 utförande
605 1159 148 34 kommer
769 1162 53 33 till
840 1164 97 33 stånd
953 1165 20 32 å
989 1166 100 32 norsk
1106 1167 82 39 sida,
1207 1169 37 31 få
1260 1169 33 32 vi
1310 1169 135 34 härmed
1463 1171 135 40 föreslå,

132 1268 92 34 Från
246 1271 327 42 järnvägsstyrelsen
596 1277 61 34 har
678 1280 166 35 utskottet
866 1283 138 35 erhållit
1026 1297 37 20 en
1087 1287 61 32 den
1174 1288 41 32 18
1239 1288 149 34 februari
1411 1291 84 33 1932
1519 1292 81 39 dag-

87 1318 143 34 tecknad
247 1325 229 39 promemoria,
494 1327 73 32 vari
585 1328 132 34 anförts
737 1331 164 38 följande:

132 1376 138 41 Frågan
290 1393 50 20 om
361 1394 40 21 en
419 1383 369 42 järnvägsförbindelse
806 1391 122 33 mellan
951 1392 138 40 Sverige
1109 1395 59 33 och
1189 1396 123 40 Norge,
1333 1411 38 20 en
1391 1400 209 35 mellanriks-

88 1418 86 34 bana
193 1425 77 29 över
288 1428 143 32 gränsen
450 1426 11 32 i
480 1438 98 22 norra
598 1429 182 40 Bohuslän,
802 1434 123 32 avsedd
945 1439 50 28 att
1016 1438 252 34 sammanbinda
1287 1441 38 32 de
1344 1441 108 39 bägge
1471 1443 128 40 länders;

85 1472 60 23 nas
165 1464 242 41 statsbanenät,
429 1472 38 28 är
485 1470 146 36 gammal
651 1473 60 32 och
730 1476 212 33 sammanhör
960 1479 73 32 med
1053 1480 60 32 den
1133 1493 26 21 s.
1178 1481 33 33 k.
1231 1480 242 38 Bohusbanans
1494 1486 104 33 förhi-

87 1504 114 34 storia.
242 1506 136 39 Frågan
395 1509 62 33 har
474 1515 81 28 även
574 1524 115 22 senare
707 1516 89 32 varit
815 1517 140 33 föremål
973 1520 54 32 för
1043 1522 299 38 uppmärksamhet
1360 1526 59 32 och
1437 1527 163 40 offentlig

86 1546 192 40 utredning.
317 1550 53 32 En
387 1551 118 33 härför
521 1566 42 20 av
580 1556 143 32 svenska
740 1558 60 32 och
817 1560 122 32 norska
958 1563 195 38 regeringar
1168 1565 126 33 tillsatt
1309 1567 215 35 kommission
1542 1582 57 21 av-

85 1599 67 26 gav
172 1589 141 34 sålunda
332 1592 12 32 i
364 1592 168 35 december
553 1597 84 32 1923
659 1598 58 32 sitt
737 1598 220 38 betänkande.
999 1603 102 35 Detta
1121 1606 207 35 betänkande
1348 1609 184 36 innehåller
1550 1616 50 29 ett

84 1636 206 31 gemensamt
311 1634 173 35 uttalande
506 1638 53 32 till
581 1639 130 33 förmån
736 1641 54 32 för
811 1643 60 32 den
893 1645 113 37 gamla
1027 1646 302 41 järnvägsplanens
1352 1648 245 52 förverkligan-

87 1672 47 39 de,
161 1685 74 20 men
262 1675 134 38 enighet
422 1677 83 34 hade
533 1679 82 34 dock
642 1682 30 38 ej
699 1683 129 34 kunnat
855 1687 95 32 ernås
979 1688 99 33 bland
1104 1690 339 40 utredningsmännen
1470 1696 126 40 beträf-

85 1714 101 34 fande
209 1717 60 32 den
292 1718 132 39 viktiga
447 1720 90 33 delen
561 1735 42 19 av
625 1724 134 39 frågan,
782 1727 169 39 nämligen
974 1742 50 20 om
1048 1731 61 33 den
1131 1733 288 43 linjesträckning,
1442 1750 69 21 som
1534 1739 60 33 den

85 1756 176 36 förordade
282 1772 67 26 nya
368 1762 305 36 mellanriksbanan
695 1767 99 33 borde
815 1770 108 37 givas.
967 1771 93 39 Fyra
1080 1787 43 20 av
1144 1776 38 32 de
1204 1777 65 32 fem
1292 1780 142 32 svenska
1453 1781 142 34 ledamö-

83 1803 95 29 terna
201 1800 186 35 framförde
408 1805 54 31 till
484 1805 274 37 kommissionens
782 1811 208 35 betänkande
1012 1815 11 32 i
1045 1820 48 28 ett
1117 1818 139 33 särskilt
1278 1823 156 34 yttrande
1457 1823 50 33 sin
1530 1836 64 25 me-

83 1841 92 40 ning,
203 1846 51 29 att
282 1856 39 20 en
349 1845 280 42 linjesträckning
656 1851 127 37 gående
811 1858 77 28 över
917 1854 187 36 Svinesund
1133 1859 98 34 borde
1259 1862 108 37 väljas
1397 1865 107 32 såsom
1533 1867 61 38 den

83 1884 83 32 enda
192 1884 164 40 lämpliga
380 1889 73 32 med
478 1890 130 39 hänsyn
634 1893 54 31 till
714 1894 60 31 den
799 1896 231 37 projekterade
1055 1912 68 26 nya
1147 1900 283 44 järnvägslinjens
1454 1904 140 47 uppgift

83 1926 59 31 och
159 1926 174 34 karaktär.
372 1930 286 36 Kommissionens
676 1935 116 32 flertal
809 1938 84 32 hade
909 1939 56 33 vid
983 1941 60 31 sitt
1060 1942 176 35 förordade
1253 1947 55 31 val
1325 1959 41 20 av
1383 1948 209 38 linjesträck-

81 1966 81 39 ning
181 1968 141 34 bortsett
342 1971 75 32 från
438 1973 59 31 den
519 1978 103 28 större
642 1977 241 34 samfärdselns
903 1979 85 34 krav
1006 1983 59 32 och
1083 1985 89 37 tagit
1191 1997 37 21 en
1248 1987 247 37 bestämmande
1512 1992 80 33 hän-

82 2020 61 27 syn
164 2010 54 32 till
239 2011 90 33 vissa
351 2014 122 32 norska
494 2015 267 36 lokalintressen.

124 2051 350 44 Järnvägsstyrelsen,
497 2069 67 20 som
587 2059 72 32 fick
679 2064 49 28 att
751 2065 92 33 yttra
866 2064 51 38 Sig
938 2070 78 27 Över
1035 2063 556 57 mellanriksbanekommissionens

81 2089 219 44 betänkande,
325 2098 137 32 anförde
487 2100 11 30 i
523 2101 59 31 sitt
606 2102 184 39 utlåtande,
816 2105 173 34 avlämnat
1013 2109 61 31 den
1099 2111 40 32 25
1165 2113 175 34 november
1366 2117 94 38 1925,
1484 2119 107 33 vilket

80 2136 174 33 ävenledes
280 2138 61 32 här
365 2140 185 38 vidlägges,
575 2143 12 31 i
612 2143 177 34 huvudsak
815 2148 70 32 dels
911 2152 50 29 att
987 2150 206 35 tillkomsten
1219 2167 42 20 av
1286 2156 59 33 den
1372 2159 218 36 omhandlade

79 2177 506 38 mellanriksbaneförbindelsen
604 2185 8 31 i
634 2185 69 33 helt
722 2190 229 36 övervägande
970 2193 83 36 grad
1072 2195 106 32 måste
1197 2209 94 21 anses
1309 2211 79 21 vara
1408 2205 48 28 ett
1473 2204 118 32 norskt

78 2219 141 33 intresse
252 2224 59 31 och
332 2227 50 28 att
404 2224 38 33 de
465 2226 140 32 svenska
627 2230 261 32 statsmakterna
912 2233 116 32 därför
1049 2237 91 31 torde
1161 2238 199 35 åtminstone
1383 2243 52 31 för
1457 2245 54 32 det
1533 2246 55 32 då-

78 2262 146 32 varande
246 2263 106 33 sakna
374 2266 179 39 anledning
575 2272 80 34 taga
677 2270 149 33 initiativ
848 2273 52 31 till
923 2274 138 37 planens
1085 2278 286 42 förverkligande;
1395 2285 111 37 dylikt
1527 2287 60 33 ini-

78 2303 99 32 tiativ
198 2303 99 34 borde
319 2306 62 32 allt
403 2307 209 35 fortfarande
636 2314 119 29 stanna
777 2313 11 31 i
810 2314 128 39 Norge;
961 2317 68 32 dels
1051 2323 51 27 att
1123 2331 50 20 om
1195 2322 113 33 vidare
1332 2325 256 41 förhandlingar

78 2356 50 19 om
150 2345 139 38 planens
311 2347 219 35 realiserande
550 2351 157 38 möjligen
730 2354 108 32 skulle
858 2356 112 34 kunna
991 2358 131 34 komma
1141 2366 51 28 att
1214 2364 74 31 från
1311 2367 115 32 norskt
1445 2367 69 34 håll
1535 2371 51 33 be-

77 2391 111 32 gäras,
206 2388 54 32 det
277 2389 41 31 då
335 2389 98 32 borde
450 2402 67 20 som
535 2404 37 19 en
590 2394 217 38 oeftergivlig
828 2397 242 40 förutsättning
1086 2405 188 35 uppställas
1293 2407 198 36 förbehållet
1508 2412 81 33 från

78 2429 120 31 svensk
226 2430 82 38 sida,
335 2435 50 29 att
412 2432 300 40 förhandlingarna
739 2438 115 31 endast
882 2439 107 33 skulle
1018 2441 36 33 få
1079 2445 90 35 gälla
1198 2447 59 31 den
1284 2460 67 26 nya
1376 2452 208 35 mellanriks-
