1926 2866
511 186 125 30 Första
662 184 252 36 lagutskottets
942 184 184 30 utlåtande
1153 184 49 29 Nr
1233 185 44 27 IS.
1577 192 16 17 5

182 264 110 31 Under
318 265 129 34 Kungl.
476 264 112 35 Maj:ts
614 262 358 35 befallningshavande
989 263 38 28 är
1045 261 218 34 landsfogden
1284 260 160 35 polischef
1463 261 50 28 för
1533 260 107 29 lands-

135 317 131 35 bygden
292 317 59 30 och
376 316 111 30 städer
512 315 104 31 under
642 314 174 30 landsrätt.

180 369 151 30 Därefter
356 369 119 34 klyver
499 368 52 34 sig
576 367 270 35 organisationen
876 366 121 29 mellan
1027 365 76 30 land
1127 365 60 29 och
1212 365 83 30 stad.

178 420 49 31 På
262 421 119 30 landet
416 422 136 33 utgöres
588 419 278 35 polispersonalen
903 418 85 29 efter
1025 416 500 35 kronofogdebefattningarnas
1558 416 83 29 bort-

133 472 145 34 tagande
302 482 41 19 av
371 471 235 31 landsfiskaler
630 470 51 35 (de
706 471 95 29 forna
827 471 235 34 länsmännen)
1087 468 58 30 och
1172 468 262 35 fjärdingsmän.
1461 467 66 31 Vid
1544 467 96 30 sidan

133 534 41 19 av
201 524 106 29 denna
337 523 182 35 reguljära,
546 523 7 29 i
582 523 54 33 lag
662 523 178 29 förutsatta
859 521 229 34 organisation
1107 520 62 30 har
1185 521 36 28 så
1237 520 213 34 småningom
1472 519 169 30 utvecklat

133 576 50 34 sig
219 585 39 20 en
294 574 203 35 anordning,
534 574 187 34 begränsad
757 573 52 30 till
847 574 89 29 vissa
972 581 90 21 mera
1102 572 176 35 bebyggda
1310 572 133 34 platser,
1470 571 172 34 köpingar,

133 626 377 37 municipalsamhällen
528 626 58 29 och
612 626 126 34 dylika,
762 625 64 30 den
852 636 24 19 s.
901 625 32 29 k.
958 624 248 35 extra-polisen.

178 679 190 30 Städernas
394 678 229 36 polisväsende
647 678 151 29 bekostas
822 687 44 19 av
891 676 157 30 städerna
1071 675 119 35 själva.
1242 675 12 29 I
1278 674 39 30 de
1341 676 121 29 största
1484 674 157 30 städerna

136 732 105 29 finnes
273 741 40 20 en
348 730 144 31 särskild
530 730 170 35 polischef,
735 729 242 35 polismästare,
1004 728 9 29 i
1039 728 119 35 övriga
1182 727 110 30 städer
1317 728 119 29 utövas
1460 726 180 35 ledningen

133 793 42 20 av
216 783 246 36 polisväsendet
502 783 108 30 under
650 782 219 34 magistraten
910 791 42 19 av
989 781 254 34 borgmästaren
1278 779 82 30 eller
1398 778 242 31 stadsfiskalen.

136 830 214 36 Poliskårens
382 835 123 30 storlek
540 835 59 29 och
633 833 308 34 sammansättning
968 833 122 29 växlar
1115 833 8 28 i
1148 831 189 31 allmänhet
1361 832 84 29 efter
1469 830 173 31 städernas

133 888 199 34 utveckling
356 887 60 30 och
441 887 39 30 de
497 885 195 31 beslutande
709 885 307 34 församlingarnas
1039 884 339 34 anslagsbevillning.
1428 883 11 29 TI
1466 883 40 30 de
1522 884 118 29 största

133 939 158 31 städerna
315 939 227 29 förekommer
566 937 138 30 särskilt
726 936 151 31 utbildad
904 936 314 35 detektivpersonal.

175 992 118 30 Såsom
328 991 149 30 tillskott
512 990 55 30 till
602 988 244 37 polisväsendet
882 991 58 27 äro
965 988 90 30 vissa
1079 987 111 31 städer
1215 989 40 34 på
1280 987 109 35 grund
1415 997 42 19 av
1483 986 158 30 kontrakt

133 1044 76 30 med
244 1045 109 29 staten
389 1042 206 36 förpliktade
630 1043 48 29 att
704 1052 60 19 var
788 1051 70 20 som
884 1040 88 30 helst
996 1040 11 30 i
1032 1040 86 30 riket
1142 1039 263 31 tillhandahålla
1430 1038 211 35 reservpolis-

133 1097 114 35 styrka
285 1106 42 25 på
362 1095 146 31 särskild
538 1095 209 30 rekvisition.
794 1093 178 36 Därjämte
995 1092 175 30 användas
1195 1092 10 29 i
1229 1092 107 34 några
1361 1091 56 30 län
1443 1092 108 29 såsom
1577 1090 64 30 för-

133 1149 181 35 stärkning
338 1148 54 30 till
417 1147 362 36 polisorganisationen
804 1146 263 30 länsdetektiver
1090 1145 61 30 och
1176 1144 141 31 ridande
1340 1144 95 35 polis.

177 1201 132 35 Kungl.
346 1200 117 36 Maj:ts
499 1198 371 36 befallningshavande,
905 1196 229 36 landsfogdar,
1160 1196 245 35 landsfiskaler,
1431 1197 90 29 vissa
1546 1195 96 35 polis-

134 1256 80 27 män
248 1253 11 29 i
292 1253 169 35 köpingar
496 1252 59 29 och
589 1250 161 31 liknande
774 1250 189 30 samhällen
988 1251 85 29 samt
1097 1249 226 30 stadsfiskaler
1347 1249 58 29 och
1433 1249 88 29 vissa
1546 1248 96 35 polis-

133 1307 148 28 mästare
305 1307 58 27 äro
387 1305 111 30 tillika
525 1304 174 30 allmänna
724 1303 169 34 åklagare.

176 1409 17 30 I
217 1409 95 35 fråga
337 1418 54 20 om
417 1408 319 36 polispersonalens
760 1406 197 35 antagande,
982 1405 243 35 entledigande,
1250 1404 217 36 disciplinära
1493 1404 146 29 bestraff-

133 1462 85 34 ning
241 1461 61 30 och
327 1460 303 37 tjänsteställning
654 1460 11 29 i
689 1459 111 34 övrigt
824 1458 122 30 saknas
968 1457 169 35 enhetliga
1160 1457 115 35 regler.

177 1514 48 29 De
248 1513 257 34 bestämmelser,
530 1522 70 20 som
624 1512 87 35 gälla
737 1510 169 36 angående
929 1510 296 36 polispersonalens
1249 1510 161 35 ställning
1430 1509 11 30 i
1453 1509 39 30 de
1508 1509 75 30 elva
1598 1519 43 19 av

133 1566 129 30 landets
277 1567 119 29 största
415 1566 128 34 städer,
557 1565 170 35 nämligen
744 1563 206 35 Stockholm,
967 1562 174 35 Göteborg,
1159 1562 138 35 Malmö,
1314 1562 229 35 Norrköping,
1560 1561 81 31 Häl-

133 1618 169 36 singborg,
320 1618 116 35 Gävle,
452 1615 132 37 Örebro,
602 1617 206 34 Eskilstuna,
827 1615 157 36 Uppsala,
1002 1615 212 30 Karlskrona
1229 1615 61 29 och
1308 1614 109 35 Lund,
1437 1615 10 29 i
1463 1613 97 31 vilka
1573 1615 67 29 den

133 1673 177 28 närmaste
335 1671 189 35 ledningen
540 1680 43 20 av
602 1669 260 36 polisväsendet
877 1667 204 31 handhaves
1096 1676 44 21 av
1157 1676 43 21 en
1216 1667 152 30 särskild
1384 1666 257 36 polismästare,

132 1725 59 28 äro
215 1723 196 35 visserligen
435 1733 43 19 av
495 1723 125 34 ganska
642 1720 167 32 skiftande
827 1719 162 35 innehåll,
1007 1719 105 30 vilket
1127 1719 144 30 erhåller
1287 1719 51 30 sin
1355 1719 189 35 förklaring
1557 1718 83 36 däri,

132 1777 49 28 att
216 1775 294 30 bestämmelserna
543 1774 196 30 tillkommit
768 1774 41 34 på
832 1772 69 30 helt
925 1772 89 30 olika
1039 1771 84 30 tider
1147 1773 87 28 samt
1256 1771 109 30 delvis
1388 1773 58 28 äro
1469 1781 43 19 av
1537 1771 104 30 lokalt

132 1837 180 26 ursprung.
352 1827 79 30 Men
453 1828 11 29 i
485 1827 64 30 den
572 1827 79 29 mån
667 1825 294 31 bestämmelserna
976 1826 59 28 äro
1051 1833 42 20 av
1110 1823 210 30 sistnämnda
1335 1824 63 34 art,
1416 1823 61 30 har
1494 1823 146 35 givetvis

132 1880 119 30 sakens
286 1881 101 28 natur
411 1879 118 30 verkat
552 1878 140 35 därhän,
716 1879 48 29 att
787 1887 41 20 en
854 1877 69 29 viss
946 1876 328 30 överensstämmelse
1299 1876 142 30 kommit
1465 1875 53 30 till
1542 1875 98 31 stånd

131 1932 143 30 emellan
309 1931 41 31 de
385 1932 89 30 olika
509 1931 166 34 städerna,
710 1930 114 30 vartill
847 1929 239 35 otvivelaktigt
1110 1929 11 29 i
1145 1928 66 36 hög
1234 1928 86 36 grad
1344 1927 159 36 bidragit,
1527 1929 50 29 att
1600 1928 41 30 de

133 1985 53 30 för
209 1984 195 31 Stockholm
429 1983 156 36 gällande
609 1983 256 30 föreskrifterna
888 1981 69 31 ofta
982 1991 65 25 nog
1071 1981 102 35 tagits
1197 1981 53 30 till
1274 1982 149 28 mönster
1439 1981 11 29 i
1467 1980 39 30 de
1523 1980 118 36 övriga

132 2037 165 30 städerna.

176 2089 18 30 I
228 2089 98 35 fråga
361 2099 54 19 om
451 2089 101 30 sättet
587 2090 52 28 för
674 2089 270 34 polismästarens
980 2087 208 35 tillsättning
1222 2087 65 30 kan
1313 2097 79 20 man
1416 2086 142 36 urskilja
1583 2088 57 29 två

132 2141 228 36 huvudtyper.
408 2141 72 30 Den
516 2150 62 21 ena
610 2142 102 34 typen
736 2140 110 30 består
869 2150 43 19 av
936 2139 126 31 sådana
1085 2139 121 36 städer,
1231 2140 9 29 i
1267 2139 93 30 vilka
1383 2139 257 36 polismästaren

132 2194 84 30 efter
251 2194 80 30 eller
366 2195 83 29 utan
474 2192 199 37 föregående
697 2192 125 36 förslag
846 2202 43 20 av
914 2191 133 31 stadens
1070 2191 277 35 röstberättigade
1372 2192 164 30 invånare
1559 2191 82 31 eller

132 2246 310 35 stadsfullmäktige
477 2245 156 31 tillsättes
667 2255 44 20 av
745 2245 130 35 Kungl.
911 2244 109 36 Maj:t.
1067 2245 16 29 I
1111 2244 38 31 de
1173 2244 122 35 städer,
1320 2252 71 22 som
1415 2244 139 30 tillhöra
1576 2243 64 31 den

131 2298 108 31 andra
273 2300 112 35 typen,
421 2298 197 30 ankommer
653 2297 222 31 tillsättandet
909 2297 43 35 på
984 2296 317 35 stadsfullmäktige.
1348 2296 167 36 Samtliga
1545 2296 95 31 dessa

132 2360 117 21 senare
284 2350 111 31 städer
431 2351 83 29 höra
548 2350 55 30 till
638 2350 86 35 dem,
750 2350 10 30 i
784 2350 95 30 vilka
913 2349 256 36 polismästaren
1206 2349 72 30 icke
1307 2349 69 30 helt
1399 2351 109 33 ägnar
1532 2349 51 35 sig
1605 2349 35 30 åt

132 2402 247 36 polisväsendet
404 2405 85 28 utan
513 2402 176 36 samtidigt
712 2404 38 29 är
775 2402 151 31 rådman.
975 2402 70 30 Den
1071 2402 93 30 förra
1188 2404 100 34 typen
1313 2404 39 27 är
1372 2401 64 30 den
1454 2401 185 36 vanligare,

132 2455 53 30 till
210 2455 66 31 den
299 2465 118 21 senare
441 2455 82 30 höra
547 2454 118 31 endast
687 2454 115 35 Gävle,
827 2454 202 31 Eskilstuna
1053 2455 59 30 och
1137 2454 160 35 Uppsala.

176 2507 219 31 Beträffande
431 2506 225 31 tillsättandet
692 2517 42 19 av
769 2507 38 30 de
841 2507 200 30 biträdande
1070 2507 215 35 tjänstemän,
1310 2516 70 20 som
1406 2506 106 30 under
1537 2516 103 20 namn
