2210 2684
745 231 231 42 Loagutskottets
1007 230 172 32 Utlåtande
1202 228 63 32 N:o
1290 231 26 30 4.
1756 229 36 31 17

370 314 136 36 Denna
544 312 147 37 olikhet
734 311 68 37 har
832 311 112 37 äfven
974 310 146 36 anförts
1150 312 125 34 såsom
1305 315 55 31 ett
1391 309 113 37 bland
1533 308 134 38 skälen
1695 308 59 48 för
1782 314 55 32 att

242 366 295 37 öfverexekutor
578 364 84 38 icke
698 364 123 37 skulle
854 376 91 24 vara
974 362 162 49 behörig
1166 367 54 32 att
1249 361 220 49 handlägga
1498 361 195 37 vexelmål.
1749 361 87 37 Men

242 425 55 31 att
339 418 42 37 af
417 417 162 38 berörda
621 416 145 37 olikhet
806 416 118 47 draga
954 414 117 37 sådan
1098 414 156 37 slutsats
1285 413 128 38 dertill
1442 426 115 37 synes
1586 414 251 48 utsöknings-

242 472 113 49 lagen
386 471 32 48 ej
448 470 108 49 gifva
585 469 221 47 anledning.
862 467 209 37 Olikheten
1100 467 109 36 torde
1239 467 153 35 enklast
1420 466 260 48 undanrödjas
1696 479 140 34 genom

242 529 56 31 att
325 537 45 22 ur
399 524 46 35 51
477 521 21 50 $
526 522 165 36 utesluta
720 521 109 36 ordet
856 519 167 37 »ofvan».

371 574 110 37 Efter
509 579 54 31 att
593 573 114 37 hafva
736 572 58 37 till
814 572 87 36 stöd
929 571 58 36 för
1016 570 59 37 sin
1100 570 154 49 uppgift
1278 576 56 30 att
1353 570 117 36 innan
1487 569 350 50 utsökningslagen

243 627 135 37 trädde
420 627 12 36 i
474 626 100 36 kraft
616 625 70 37 och
722 625 148 36 således
899 626 48 47 på
975 623 74 36 den
1079 622 68 47 tid,
1177 623 47 36 då
1252 623 143 48 klagan
1424 622 108 36 öfver
1559 622 131 50 utslag
1717 622 10 36 1
1757 622 81 48 lag-

242 678 266 49 sökningsmål
549 678 127 36 kunde
718 678 70 36 hos
830 676 139 48 Kongl.
999 674 108 49 Maj:t
1136 674 191 48 fullföljas,
1357 674 142 49 Kongl.
1530 674 107 49 Maj:t
1665 673 174 50 godkänt

245 731 206 37 exekutiva
480 729 294 50 myndigheters
799 728 178 50 åtgärder
1005 733 57 30 att
1090 727 134 49 pröfva
1253 726 201 48 vexelmål,
1484 725 185 50 åberopat
1696 732 142 30 tvenne

245 783 139 48 Kongl.
414 783 128 48 Maj:ts
571 782 144 46 domar,
745 782 57 35 för
831 780 131 37 hvilka
990 779 245 48 redogörelse
1258 779 145 48 jemväl
1432 778 164 36 lemnats
1624 778 11 36 i
1672 778 164 36 embets-

242 835 243 47 berättelsen,
516 835 197 35 fortsätter
737 831 496 51 justitieombudsmannen:

374 887 157 48 »Enligt
560 885 77 37 min
668 885 220 37 erfarenhet
917 883 82 37 dels
1030 885 123 34 såsom
1185 883 165 46 domare,
1381 882 81 37 dels
1491 881 63 37 vid
1583 881 46 37 de
1649 881 189 48 tillfällen,

241 941 70 48 jag
338 940 10 35 i
379 939 197 48 egenskap
606 938 42 36 af
667 936 405 50 justitieombudsman
1100 935 122 36 under
1237 934 255 37 embetsresor
1510 937 224 46 genomgått
1754 934 85 36 råd-

245 991 272 37 stufvurätters
546 990 242 47 domböcker,
807 994 63 32 äro
888 988 46 36 de
951 987 199 47 vexelmål,
1168 987 131 36 hvilka
1313 987 225 36 instämmas
1551 986 57 35 till
1624 979 215 43 rådstufvu-

243 1049 183 42 rätterna,
455 1043 11 35 i
496 1042 209 37 allmänhet
733 1042 41 36 af
796 1041 154 48 mycket
979 1039 113 36 enkel
1120 1038 278 38 beskaffenhet.
1454 1037 385 37 Rådstufvurätterna

248 1095 151 37 afdöma
438 1094 182 49 vanligen
663 1094 114 36 dessa
806 1093 74 36 mål
909 1091 232 47 tredskovis,
1172 1097 40 43 ty
1241 1091 227 45 svaranden,
1494 1103 81 23 som
1604 1089 12 36 i
1645 1090 64 36 det
1737 1096 103 30 stora

244 1148 164 36 flertalet
436 1147 42 36 af
503 1147 122 35 målen
656 1151 40 31 är
724 1150 201 44 acceptant
954 1147 20 33 å
1002 1143 148 47 vexeln,
1180 1143 219 36 underlåter
1427 1141 77 38 ofta
1534 1148 55 30 att
1608 1142 155 36 inställa
1779 1143 61 48 sig

245 1201 69 35 hos
357 1198 225 38 domstolen.
639 1199 56 35 De
723 1198 109 36 flesta
867 1197 40 36 af
931 1196 111 36 dessa
1072 1196 73 36 mål
1174 1195 172 37 förefalla
1374 1195 84 36 icke
1484 1207 103 24 mera
1615 1194 224 37 invecklade

247 1257 46 31 än
323 1252 45 36 de
398 1250 386 49 skuldfordringsmål
815 1252 47 46 på
891 1247 126 50 grund
1046 1248 40 36 af
1110 1259 174 25 reverser
1313 1247 92 37 eller
1433 1246 230 37 intecknade
1696 1246 144 37 förbin-

245 1304 137 46 delser,
413 1316 80 24 som
524 1303 392 36 öfverexekutorerne
947 1300 180 50 dagligen
1157 1300 114 36 hafva
1299 1305 56 30 att
1382 1299 235 48 handlägga.

376 1356 137 47 Någon
544 1354 210 48 anledning
783 1354 56 36 till
869 1353 158 47 farhåga
1047 1352 109 36 torde
1175 1353 32 47 ej
1225 1351 216 48 förefinnas,
1459 1357 55 30 att
1530 1351 309 46 öfverexekutor,

248 1407 159 36 hvilken
437 1407 233 48 myndighet
698 1406 12 36 i
738 1409 140 44 många
906 1405 41 36 af
972 1405 117 36 rikets
1119 1404 126 36 städer
1274 1403 126 37 består
1428 1403 40 36 af
1492 1416 144 23 samma
1660 1416 182 35 personer

248 1472 82 23 som
374 1458 343 47 rådstufvurätten,
761 1459 32 47 ej
824 1457 122 36 skulle
971 1457 130 36 kunna
1126 1457 112 35 äfven
1267 1457 57 35 för
1354 1455 201 54 framtiden
1584 1458 48 46 på
1660 1454 181 37 tillfreds-

249 1511 189 36 ställande
468 1515 75 31 sätt
571 1510 221 49 handlägga
820 1510 73 35 mål
922 1508 41 36 af
987 1508 291 49 ifrågavarande
1307 1514 70 30 art.
1431 1510 55 34 År
1505 1507 336 48 vexelfordringen

248 1566 117 45 något
407 1562 123 45 oklar,
566 1562 75 36 kan
667 1563 84 35 med
781 1561 82 37 skäl
894 1566 175 43 antagas,
1099 1566 54 30 att
1182 1560 350 48 fordringsegaren,
1562 1558 103 37 oviss
1694 1572 61 23 om
1783 1564 58 31 ut-

249 1617 168 45 gången,
445 1615 13 35 i
487 1613 66 37 fall
582 1615 116 34 målet
726 1613 313 49 anhängiggöres
1056 1612 70 36 hos
1147 1612 306 44 öfverexekutor,
1471 1611 220 47 föredrager
1707 1617 54 29 att
1776 1624 66 34 ge-

250 1672 87 30 nast
379 1666 208 36 instämma
616 1665 115 37 målet
755 1665 58 36 till
842 1665 288 36 rådstufvurätt.
1185 1663 196 37 Anställer
1409 1663 338 48 fordringsegaren
1777 1667 64 32 än-

249 1718 96 37 dock
387 1718 103 36 talan
520 1717 69 37 hos
618 1717 305 47 öfverexekutor,
948 1729 92 35 eger
1069 1716 124 36 denne
1223 1722 54 30 att
1301 1714 144 38 förvisa
1473 1715 115 36 målet
1616 1717 124 34 såsom
1769 1715 72 35 tvi-

250 1770 95 49 stigt
373 1770 57 36 till
450 1769 175 37 domstol.
683 1768 268 49 Olägenheten
980 1767 112 37 häraf
1116 1768 58 36 för
1202 1768 83 46 den,
1316 1780 81 23 som
1426 1767 162 36 innehar
1616 1780 46 23 en
1691 1767 150 36 mindre

249 1821 83 37 klar
359 1821 280 48 vexelfordran,
670 1826 40 31 är
734 1821 42 48 ju
805 1820 85 37 icke
921 1825 120 32 större
1071 1825 46 31 än
1147 1834 60 22 om
1237 1820 75 36 han
1341 1819 179 49 lagsöker
1548 1818 69 37 hos
1647 1818 194 37 öfverexe-

248 1874 112 36 kutor
403 1877 48 46 på
483 1873 127 50 grund
652 1874 42 36 af
717 1879 55 31 ett
809 1879 116 30 annat
950 1872 316 48 fordringsbevis,
1297 1885 79 23 som
1407 1871 12 36 i
1448 1871 192 36 anseende
1669 1871 56 36 till
1754 1871 87 36 dess

250 1926 146 49 lydelse
426 1926 92 36 eller
547 1925 41 37 af
612 1938 125 24 annan
764 1926 113 35 orsak
906 1925 171 36 befinnes
1105 1925 85 35 icke
1219 1937 91 23 vara
1338 1923 209 37 exekutivt.

378 1977 190 38 Fördelen
596 1977 60 37 för
683 1977 256 37 allmänheten
968 1983 55 30 att
1052 1977 129 35 kunna
1209 1976 69 36 hos
1299 1975 293 37 öfverexekutor
1619 1974 160 49 lagsöka
1794 1977 47 46 på

249 2030 125 48 grund
404 2030 41 36 af
469 2029 132 37 vexlar
631 2034 40 31 är
698 2030 86 36 icke
814 2030 121 48 ringa.
966 2028 238 49 Visserligen
1221 2028 118 36 blifva
1355 2027 238 37 vexelmålen
1610 2027 76 36 lika
1703 2026 139 37 snabbt

251 2081 174 50 afgjorda
454 2082 69 36 hos
552 2081 370 37 rådstufvurätterna
951 2094 81 24 som
1057 2080 41 37 af
1122 2080 401 38 öfverexekutorerne.
1578 2079 88 36 Men
1684 2092 59 23 om
1766 2082 76 33 må-

250 2134 62 36 len
352 2134 182 48 fullföljas
576 2134 141 48 vidare,
747 2138 63 32 äro
838 2133 59 37 för
925 2132 383 50 lagsökningsmålen
1334 2133 81 35 från
1442 2131 399 47 öfverexekutorerne,

250 2188 127 34 såsom
408 2187 114 36 ofvan
551 2191 166 42 nämnts,
747 2185 236 37 hofrätterna
1012 2185 95 36 sista
1134 2185 162 47 instans,
1325 2184 121 36 under
1475 2183 64 37 det
1568 2189 55 31 att
1640 2183 200 47 vexelmål,

250 2238 220 48 handlagda
500 2238 40 36 af
563 2238 330 47 rådstufvurätter,
910 2238 130 35 kunna
1056 2237 81 36 från
1155 2236 238 37 hofrätterna
1409 2235 138 49 dragas
1563 2234 123 37 under
1702 2235 139 48 Kongl.

251 2289 127 49 Maj:ts
420 2289 194 50 pröfning.
670 2290 68 36 Ett
766 2289 12 36 i
807 2290 180 36 exekutiv
1016 2294 77 43 väg
1122 2288 234 38 behandladt
1385 2288 185 36 vexelmål
1599 2287 68 36 har
1696 2287 146 37 således

364 2349 70 32 Bih.
460 2349 49 32 till
533 2349 113 31 Riksd.
670 2349 88 32 Prot.
783 2350 92 30 1591.
923 2352 19 27 7
967 2348 97 34 Saml.
1109 2350 21 29 3
1154 2348 97 39 Häöft.
1781 2350 18 27 3
