2216 2632
648 206 370 41 Bevillningsutskottets
1043 207 199 31 betänkande
1264 207 54 31 Nr
1340 209 52 29 14.
1800 209 15 29 1

922 574 81 48 Nr
1046 576 80 46 14.

886 741 103 26 Ankom
1008 741 40 26 till
1066 741 162 35 Riksdagens
1247 742 82 27 kansli
1348 742 51 26 den
1418 742 33 26 21
1471 751 72 18 mars
1564 743 66 26 1911
1652 743 32 26 kl.
1705 744 15 26 3
1740 752 21 18 e.
1782 752 35 18 m.

535 833 230 37 Betänkande
793 834 13 34 i
835 833 193 46 anledning
1057 833 50 44 af
1124 831 100 39 väckt
1251 836 132 34 motion
1407 847 53 24 om
1478 836 158 46 ändring
1656 837 13 34 i
1688 838 23 33 4
1730 836 25 46 $
1774 835 50 44 af

635 904 268 46 förordningen
946 906 68 35 den
1057 908 52 33 23
1152 905 135 37 oktober
1328 907 110 43 1908,
1479 908 179 44 angående
1697 908 117 35 bevill-

640 975 262 47 ningsafgifter
929 976 61 42 för
1018 976 178 38 särskilda
1219 977 189 44 förmåner
1436 979 62 35 och
1526 979 212 46 rättigheter.

1505 1140 74 47 (2:a
1607 1140 102 47 Afd.)

321 1227 19 34 I
370 1239 46 23 en
444 1226 96 36 inom
572 1226 129 36 Andra
730 1227 210 35 kammaren
969 1227 40 35 af
1034 1228 85 35 herr
1148 1228 182 45 Branting
1359 1229 108 36 väckt
1495 1230 151 44 motion,
1660 1243 45 23 nr
1727 1233 87 42 121,

215 1281 66 34 har
309 1280 154 36 anförts:

316 1370 109 34 »Med
454 1369 201 47 anledning
683 1370 40 35 af
747 1370 60 34 det
828 1369 164 47 orimliga
1006 1369 23 45 i,
1045 1373 55 33 att
1120 1371 194 36 utländska
1337 1372 157 45 artister,
1516 1385 75 24 som
1612 1375 203 45 uppträdde

213 1424 64 35 här
306 1423 13 35 i
346 1423 124 36 landet
521 1423 62 36 vid
616 1423 190 36 konserter
841 1424 66 35 och
936 1423 225 37 dramatiska
1189 1425 311 49 föreställningar,
1533 1428 169 35 stundom
1731 1429 83 34 med

213 1477 145 47 mycket
384 1478 85 46 högt
502 1489 101 35 gage,
637 1477 125 36 härför
794 1477 168 47 påfördes
991 1478 129 35 endast
1148 1490 46 23 en
1222 1479 109 47 afgift
1360 1480 40 35 af
1425 1481 108 47 högst
1564 1484 20 33 3
1615 1481 67 42 kr.,
1715 1482 103 35 skref

175 1555 3 3 «
214 1530 211 48 Riksdagen
463 1531 71 35 den
564 1533 48 33 22
644 1531 94 46 april
771 1533 99 33 1903
901 1530 57 36 till
992 1532 208 47 Konungen
1229 1534 65 34 och
1323 1534 157 46 begärde
1510 1538 54 32 att
1584 1535 105 36 dessa
1708 1535 106 48 afgif-

212 1587 56 33 ter
298 1587 111 33 måtte
438 1587 88 45 utgå
555 1584 13 35 i
597 1584 138 48 skäligt
764 1584 229 36 förhållande
1021 1585 60 35 till
1109 1585 219 38 inkomsten.
1388 1588 119 35 Sedan
1527 1589 109 36 äfven
1655 1590 160 35 svenska

214 1638 160 35 musiker
415 1638 128 47 begärt
585 1638 103 36 stark
716 1638 278 47 skattläggning
1018 1639 41 35 af
1084 1639 81 36 sina
1193 1641 194 36 utländska
1415 1641 280 45 konkurrenter,
1726 1656 89 34 upp-

211 1695 80 43 togs
329 1692 128 46 frågan
485 1692 13 34 i
526 1691 227 47 proposition
782 1692 58 35 till
873 1694 99 33 1908
1003 1694 58 33 års
1086 1693 160 47 riksdag.

320 1745 333 36 Finansministern
699 1745 94 35 hade
827 1744 128 36 därvid
985 1749 123 32 ansett
1135 1746 57 47 sig
1221 1747 86 36 böra
1330 1748 132 35 föreslå
1492 1748 256 48 utsträckning
1777 1750 40 35 af

213 1799 117 34 denna
362 1811 27 23 sg.
416 1799 35 35 k.
489 1798 209 36 artistskatt
726 1801 46 46 på
805 1798 238 47 utlänningar
1071 1799 59 35 till
1159 1803 53 32 ett
1240 1801 155 44 område,
1418 1814 73 23 som
1513 1802 167 36 hvarken
1703 1802 110 37 Riks-

214 1853 116 46 dagen
359 1852 13 35 i
401 1852 57 36 sin
493 1852 195 36 skrifvelse
718 1852 132 43 berört,
881 1852 86 35 eller
996 1852 238 47 petitionärer
1262 1854 96 48 gjort
1386 1858 118 44 någon
1543 1856 271 48 framställning

213 1918 67 32 om,
329 1905 186 48 nämligen
558 1905 188 46 föredrag.
807 1907 116 35 Dessa
957 1905 165 38 inskötos
1151 1907 13 35 i
1193 1907 171 48 förslaget
1393 1909 133 35 mellan
1562 1910 249 44 »musikalisk,

213 1960 199 35 dramatisk
443 1960 89 35 eller
562 1959 143 36 litterär
725 1958 273 48 föreställning»
1025 1961 66 34 och
1119 1960 156 37 »cirkus-
1292 1962 88 35 eller
1401 1962 409 49 varitéföreställning».

212 2013 86 34 Med
327 2013 142 47 hänsyn
497 2012 59 36 till
585 2013 207 36 kontrollen
821 2013 40 35 af
886 2013 104 35 dessa
1019 2026 74 34 nya
1117 2014 230 37 föreskrifter
1376 2016 120 35 skulle
1517 2017 61 35 det
1597 2017 217 35 hädanefter

213 2065 81 35 icke
343 2078 85 23 vara
470 2078 72 34 nog
577 2067 83 34 med
688 2079 45 22 en
761 2066 108 35 enkel
898 2066 168 35 anmälan
1095 2067 58 35 till
1182 2067 138 46 polisen
1350 2069 79 35 från
1460 2070 245 35 anordnarens
1735 2069 79 37 sida

214 2118 61 36 vid
310 2119 103 35 dessa
442 2118 176 48 föredrag.
677 2118 147 37 Polisen
852 2118 131 45 skulle,
1014 2119 114 36 innan
1158 2121 43 34 de
1229 2122 97 46 finge
1356 2122 127 43 hållas,
1515 2123 125 46 afgöra
1670 2136 54 22 om
1742 2123 71 35 till-

213 2172 108 35 stånd
350 2172 119 35 skulle
498 2172 150 43 lämnas,
684 2173 147 34 hvarom
874 2172 199 36 resolution
1103 2173 119 35 skulle
1251 2174 110 45 lösas;
1411 2176 81 34 med
1520 2176 141 35 mindre
1690 2176 124 35 kunde

214 2224 80 36 icke
323 2237 45 23 en
392 2225 113 35 sådan
535 2225 173 47 farlighet
737 2226 37 35 få
803 2225 73 42 ske,
907 2236 75 24 som
1015 2228 53 33 att
1093 2239 44 23 en
1167 2227 171 36 utländsk
1368 2241 82 22 man
1475 2229 74 34 höll
1566 2232 53 33 ett
1637 2229 178 47 föredrag,

214 2279 82 34 med
338 2279 90 35 eller
456 2282 89 32 utan
574 2279 89 44 tolk,
695 2278 97 36 inför
835 2278 134 36 svensk
998 2279 142 47 publik.
1199 2273 220 55 Ändringen
1447 2281 153 36 innebar
1629 2283 108 35 alltså
1766 2295 46 23 en

263 2339 129 40 Bihang
418 2339 49 32 till
492 2339 113 32 Riksd.
631 2342 81 38 prot.
743 2342 93 29 1911.
863 2341 20 27 5
909 2338 100 33 Saml.
1039 2343 14 28 1
1081 2340 80 42 Afd.
1191 2344 38 28 14
1252 2341 92 41 Häft.
1371 2342 69 37 (Nr
1462 2346 59 32 14)
1754 2347 9 28 1
