2240 2644
428 205 18 31 8
792 204 396 35 Konstitutionsutskottets
1219 204 171 34 Utlåtande
1412 204 64 34 N:o
1500 206 49 31 18.

384 285 365 50 ningsverksamhet
789 286 107 36 torde
939 285 113 37 äfven
1081 298 47 24 en
1156 285 168 37 revision
1351 285 42 37 af
1416 285 46 37 de
1491 284 214 38 föråldrade
1734 283 241 38 bestämmel-

385 350 112 23 serna
539 350 59 23 om
642 336 229 37 riksrättens
900 337 351 50 sammansättning
1278 337 210 50 lämpligen
1517 336 92 38 böra
1636 350 73 36 ega
1737 349 96 36 rum,
1857 336 121 49 jemte

386 388 63 37 det
478 394 54 31 att
560 402 79 23 mer
667 388 355 38 tillfredsställande
1051 389 291 37 bestämmelser
1369 389 196 37 meddelas
1593 389 13 36 1
1634 388 108 50 fråga
1770 402 62 23 om
1862 388 111 50 afgif-

384 440 143 37 vandet
567 440 42 37 af
646 440 299 50 anmärkningar
987 446 78 32 mot
1106 441 236 49 Konungens
1376 441 231 49 rådgifvare,
1636 440 338 37 statsrevisionens

385 492 349 50 sammansättning
770 492 71 37 och
882 493 246 37 verksamhet
1163 507 47 23 m.
1251 507 62 34 m.,
1347 493 114 36 hvars
1497 492 198 50 betydelse
1723 497 92 32 utan
1845 491 130 38 vidare

386 543 233 50 motivering
646 544 70 37 lätt
739 544 106 37 inses
874 545 42 37 af
939 545 137 49 sjelfva
1104 545 360 37 bestämmelsernas
1494 544 238 50 affattning.»

513 648 56 37 De
596 647 495 50 grundlagsförändringar,
1121 649 88 36 herr
1238 649 218 49 Ljungman
1483 648 55 37 uti
1559 647 251 38 förevarande
1831 646 141 38 motion

386 699 211 50 föreslagit,
627 704 64 32 äro
720 699 41 37 af
785 700 73 37 den
887 700 234 37 omfattande
1150 700 72 37 och
1251 700 329 50 genomgripande
1608 705 125 41 natur,
1753 705 56 32 att
1830 700 45 36 de
1894 699 84 37 icke

386 758 93 30 utan
508 751 248 49 synnerligen
786 752 150 48 vigtiga
964 752 82 37 skäl
1074 753 107 36 torde
1211 753 130 36 kunna
1360 753 115 36 vinna
1495 751 297 50 godkännande.
1847 751 133 48 Några

387 804 143 36 sådana
558 804 82 36 skäl
670 803 114 37 hafva
812 803 86 37 icke
927 804 41 36 af
993 804 239 37 motionären
1261 804 126 37 blifvit
1416 804 218 49 förebragta
1664 804 72 36 och
1765 803 109 37 torde
1894 803 84 36 icke

387 855 119 37 heller
547 855 204 37 förefinnas
795 869 88 23 vare
925 856 61 49 sig
1027 856 56 36 för
1123 856 65 37 det
1229 856 218 49 föreslagna
1479 856 235 36 inrättandet
1748 855 39 37 af
1809 861 55 31 ett
1893 860 86 43 nytt

387 907 173 49 ständigt
587 907 149 37 utskott
766 907 91 37 eller
884 907 58 37 för
973 907 176 37 behofvet
1179 908 41 36 af
1244 907 73 37 den
1346 907 227 37 förändrade
1602 907 227 49 anordning,
1859 919 81 24 som
1966 906 12 36 i

387 959 278 48 sammanhang
693 959 156 37 dermed
868 959 221 49 ifrågasatts
1109 960 235 36 beträffande
1365 959 399 49 arbetsfördelningen
1780 958 198 37 utskotten

387 1010 172 37 emellan.
614 1011 56 36 De
713 1011 177 48 fördelar,
933 1011 237 37 motionären
1212 1024 140 35 genom
1394 1011 113 37 dessa
1536 1011 145 49 förslag
1709 1010 102 37 afser
1839 1016 54 30 att
1922 1010 58 36 för

386 1062 338 49 riksdagsarbetet'
757 1062 276 48 åstadkomma,
1075 1063 108 37 torde
1227 1063 191 49 betydligt
1452 1068 201 44 motvägas
1683 1063 41 36 af
1749 1062 47 37 de
1825 1062 156 47 olägen-

387 1114 120 48 heter,
536 1127 80 24 som
647 1114 110 37 deras
786 1115 216 48 antagande
1031 1114 287 48 otvifvelaktigt
1346 1114 123 37 skulle
1491 1116 179 35 medföra.
1727 1114 112 38 Hvad
1860 1116 120 46 angår

388 1166 259 37 motionärens
675 1166 149 49 förslag
851 1172 56 31 att
934 1166 57 37 till
1020 1167 64 36 det
1112 1180 75 36 nya
1216 1167 187 36 utskottet
1427 1167 221 48 öfverflytta
1668 1166 311 36 statsutskottets

387 1218 220 49 befattning
648 1218 85 37 med
775 1218 341 49 riksgäldsverket,
1160 1218 252 37 statsverkets
1447 1218 190 37 ordinarie
1665 1218 214 36 inkomster
1907 1217 71 36 och

387 1271 231 36 domänerna
648 1275 99 32 samt
775 1270 216 37 revisionen
1012 1270 41 37 af
1068 1276 112 31 stats-
1198 1271 69 36 och
1286 1270 352 48 riksgäldsverken,
1655 1270 70 36 har
1740 1269 239 37 motionären

385 1321 155 38 dermed
569 1323 9 35 i
608 1322 157 36 främsta
794 1328 163 31 rummet
985 1322 114 37 afsett
1123 1328 56 31 att
1199 1322 149 37 minska
1368 1322 274 37 arbetsbördan
1663 1322 59 36 för
1742 1320 237 38 sistnämnda

385 1374 159 36 utskott.
600 1373 240 49 Visserligen
883 1379 41 31 är
964 1375 65 36 det
1070 1374 163 49 möjligt,
1275 1379 55 31 att
1373 1377 128 45 någon
1538 1373 288 49 tidsbesparing
1854 1372 125 37 skulle

386 1426 148 46 vinnas,
578 1425 126 37 derest
748 1426 288 37 statsutskottet
1068 1426 126 36 kunde
1223 1425 139 37 befriar
1390 1426 83 36 från
1502 1439 45 23 en
1577 1425 60 36 del
1665 1427 42 35 af
1731 1425 88 37 dess
1848 1428 131 46 mång-

386 1477 143 49 faldiga
570 1477 70 37 och
682 1477 342 49 magtpåliggande
1055 1478 184 48 göromål,
1269 1490 85 23 men
1383 1480 20 33 å
1432 1477 119 37 andra
1579 1477 107 36 sidan
1717 1477 70 36 har
1815 1477 165 36 erfaren-

386 1529 116 36 heten
551 1529 139 36 hittills
732 1529 88 37 icke
862 1529 207 50 ådagalagt
1096 1533 118 45 något
1243 1529 119 37 behof
1386 1529 42 37 af
1453 1543 47 23 en
1530 1529 203 36 förändrad
1763 1528 216 48 anordning

386 1581 13 36 i
428 1581 180 36 afseende
638 1584 19 34 å
677 1581 45 37 de
744 1581 245 49 åligganden,
1010 1595 80 23 som
1112 1582 57 36 för
1190 1582 236 36 närvarande
1447 1581 212 36 tillkomma
1680 1580 299 37 statsutskottet.

387 1633 114 37 Detta
544 1633 67 36 har
652 1634 82 35 med
779 1633 57 36 sin
881 1633 218 37 nuvarande
1134 1633 218 49 fördelning
1380 1636 48 47 på
1456 1633 82 49 fyra
1568 1632 251 50 afdelningar,
1850 1632 130 36 hvilka

387 1685 88 37 med
504 1685 158 48 hänsigt
691 1684 57 37 till
777 1685 213 36 ärendenas
1019 1685 213 49 beredning
1261 1690 64 31 äro
1353 1685 96 36 hvar
1476 1685 59 36 för
1563 1684 60 49 sig
1651 1685 11 36 i
1692 1684 65 37 det
1785 1688 194 33 närmaste

382 1736 220 50 jemförliga
646 1736 85 37 med
775 1736 247 50 fullständiga
1064 1736 160 48 utskott,
1269 1736 104 37 alltid
1409 1736 225 37 medhunnit
1663 1742 56 31 att
1747 1739 48 46 på
1822 1741 55 32 ett
1905 1735 75 37 till-

387 1788 295 37 fredsställande
724 1793 77 32 sätt
841 1789 82 36 lösa
956 1789 73 36 alla
1058 1789 81 36 sina
1167 1788 214 50 uppgifter;
1410 1788 72 37 och
1510 1791 127 46 någon
1665 1789 150 36 önskan
1845 1801 60 23 om
1934 1800 47 23 en

387 1840 104 49 dylik
535 1840 202 37 förändrad
780 1840 349 49 arbetsfördelning
1171 1841 69 36 har
1281 1840 82 37 från
1405 1840 105 37 detta
1551 1840 151 37 utskott
1743 1839 83 38 icke
1862 1839 120 36 heller

387 1892 198 49 försports.
639 1892 67 37 Ett
748 1892 136 37 sådant
925 1892 227 48 afskiljande
1195 1892 42 37 af
1266 1892 166 37 ärenden
1461 1892 82 36 från
1573 1892 297 46 statsutskottet,
1901 1904 80 23 som

386 1944 69 36 här
484 1944 113 37 ofvan
627 1944 247 48 omförmälts,
903 1945 106 36 torde
1038 1944 57 36 för
1124 1944 118 49 öfrigt
1269 1943 211 50 ingalunda
1496 1957 90 23 vara
1607 1943 187 50 lämpligt.
1838 1943 143 37 Befatt-

387 1996 145 48 ningen
563 1996 85 37 med
677 1996 329 48 riksgäldeverket
1034 1996 69 37 och
1134 1996 112 37 äfven
1276 1996 306 36 statsutskottets
1612 1996 124 49 öfriga
1764 2009 50 23 nu
1843 1995 138 47 ifråga-

386 2048 139 36 komna
560 2048 171 48 göromål
761 2051 58 33 stå
847 2048 10 35 i
887 2053 55 32 ett
970 2051 42 34 så
1041 2053 90 31 nära
1161 2048 182 36 samband
1373 2048 85 36 med
1487 2047 367 50 statsregleringens
1882 2060 96 35 upp-

386 2100 183 49 görande,
612 2105 55 31 att
709 2099 47 36 de
798 2100 83 36 icke
922 2106 91 30 utan
1057 2105 102 31 stora
1193 2099 199 50 praktiska
1426 2099 248 49 olägenheter
1704 2099 129 36 kunna
1861 2098 119 36 hand-

387 2151 134 37 hafvas
563 2152 42 36 af
641 2157 118 31 annat
800 2152 148 36 utskott
989 2156 48 31 än
1078 2152 75 46 det,
1192 2165 81 23 som
1316 2151 69 37 har
1413 2151 238 37 sistnämnda
1681 2150 209 49 åliggande
1919 2150 62 48 sig

387 2203 223 37 anförtrodt.
667 2203 167 37 Sålunda
875 2203 98 37 lärer
1014 2202 236 50 exempelvis
1292 2202 394 49 riksgäldskontorets
1730 2202 118 36 behof
1885 2202 95 36 först

386 2254 64 36 vid
480 2254 364 50 statsregleringens
872 2255 250 49 uppgörande
1142 2255 86 36 med
1250 2255 65 36 full
1332 2254 151 37 klarhet
1498 2254 217 48 framträda,
1733 2254 71 36 och
1819 2255 162 47 gransk-

387 2306 145 50 ningen
561 2307 42 36 af
626 2307 259 37 revisorernas
915 2307 223 39 berättelser
1167 2306 108 37 öfver
1294 2311 113 32 stats-
1428 2306 71 38 och
1515 2306 342 50 riksgäldsverken
1873 2305 107 37 torde
