2398 2780
475 218 99 27 Andra
598 218 180 27 Kammarens
804 214 161 36 Tillfälliga
993 213 121 28 Utskotts
1140 212 69 33 (N:o
1232 210 38 38 3)
1297 210 153 28 Utlåtande
1474 210 54 27 N:o
1552 206 49 29 24.
1763 207 33 26 19

243 303 141 39 beviljas;
422 303 213 30 innehafvaren
672 302 32 28 af
735 310 117 21 samma
887 299 184 40 privilegium
1107 299 141 36 obetaget
1282 296 143 33 lemnadt,
1460 300 46 23 att
1540 303 45 19 om
1623 292 158 30 beständet
1809 293 33 28 af

244 353 92 31 redan
360 353 78 31 inom
463 353 155 31 distriktet
641 351 113 30 skedde
778 349 112 32 sådane
914 347 192 42 upplåtelser,
1136 358 63 20 som
1231 346 188 31 förmenades
1443 354 74 21 vara
1540 349 79 24 emot
1642 344 83 29 detta
1749 342 93 39 privi-

244 404 104 38 legium
374 404 164 33 stridande,
562 403 8 29 i
595 402 121 39 behörig
739 401 125 39 ordning
887 400 97 30 väcka
1008 397 163 42 påstående
1195 399 77 29 efter
1295 396 188 38 befogenhet.

377 456 11 28 I
414 454 159 39 anledning
597 453 33 29 af
650 452 189 30 sistnämnda
866 450 155 30 föreskrift
1043 450 63 29 blef
1126 449 54 29 ock
1206 445 102 40 frågan
1333 457 46 19 om
1405 443 158 32 beståndet
1592 445 32 29 af
1645 442 89 37 de,
1704 438 35 50 åt
1749 444 92 29 andre

245 514 150 31 personer,
433 503 38 40 på
508 503 54 29 den
599 504 31 28 af
662 501 385 40 privilegii-innehafvaren
1082 498 195 30 ödelemnade
1307 497 83 29 delen
1415 497 33 29 af
1469 495 153 30 distriktet
1649 494 66 29 utaf
1737 494 106 37 Kongl.

245 555 103 39 Maj:ts
373 552 332 40 befallningshafvande
727 551 148 39 utsynade
899 550 178 39 nyhemman
1102 549 55 29 och
1182 548 173 37 lägenheter
1377 545 207 30 öfverlemnad
1611 544 45 29 till
1680 543 163 39 afgörande

246 606 33 30 af
297 603 89 32 Piteå
409 604 111 30 härads
543 602 295 39 egoskillnads-rätt,
862 610 61 20 som
949 600 42 30 uti
1015 599 98 38 utslag
1136 599 55 28 den
1215 598 33 28 21
1276 597 61 29 Juli
1366 595 77 30 1846
1466 595 44 38 sig
1533 595 137 29 deröfver
1692 593 86 34 utlät,
1797 597 46 26 att

247 658 80 33 enär,
360 655 91 38 enligt
487 651 78 33 1775
588 651 49 32 års
661 651 195 40 privilegium,
881 650 131 40 majoren
1037 647 191 32 Palmstruch
1251 646 100 40 ålegat
1375 650 55 30 att,
1454 646 114 38 igenom
1594 643 249 38 landshöfdingen

247 708 6 28 i
278 710 93 32 orten,
406 703 62 31 låta
503 703 38 40 på
567 703 156 30 distriktet
747 707 110 35 utsyna
881 701 40 31 all
945 701 44 30 till
1015 697 72 33 åker
1110 699 53 30 och
1188 702 57 33 äng
1269 702 80 25 samt
1373 696 88 40 nödig
1485 696 75 38 skog
1582 694 106 39 tjenlig
1707 694 65 38 jord
1798 693 45 30 till

247 755 31 31 så
304 754 108 41 många
434 755 191 41 nyhemman,
648 763 63 20 som
736 752 139 40 lägenhet
902 752 55 30 och
981 756 146 35 utrymme
1153 750 117 34 funnes,
1295 748 54 30 och
1373 751 47 26 att
1443 745 16 31 å
1483 746 59 30 alla
1560 746 34 29 de
1608 750 122 35 utsynte
1743 744 104 39 lägen-

248 808 133 34 heterne,
404 807 79 29 inom
508 814 53 21 sex
584 803 33 31 år
641 801 63 33 från
728 802 184 41 privilegiets
936 802 112 35 datum,
1072 800 97 31 skulle
1194 800 95 29 finnas
1313 796 91 31 åboer
1427 797 137 30 försedde
1587 796 65 29 med
1671 795 106 39 nödige
1791 794 56 30 hus

249 857 53 30 och
337 857 92 29 minst
463 860 45 26 ett
540 855 145 30 tunnland
710 851 73 33 åker
802 853 93 38 jemte
919 856 57 34 äng
999 853 44 38 för
1066 849 93 41 några
1182 850 123 30 kreatur
1327 848 46 30 till
1398 847 104 38 hvarje
1525 846 64 30 helt
1612 847 148 33 hemman,
1784 854 62 21 som

250 907 170 30 sedermera
453 904 110 40 årligen
598 904 90 30 borde
716 904 157 34 förmeras,
895 902 118 30 tilldess
1036 901 61 31 alla
1119 901 178 29 hemmanen
1323 908 70 20 voro
1416 898 8 29 i
1447 897 69 30 fullt
1537 896 77 30 bruk
1638 896 138 34 försatte,
1799 895 49 29 vid

251 957 106 31 förlust
390 958 34 29 af
454 957 36 29 de
529 955 43 30 uti
606 953 168 40 privilegiet
801 953 166 30 förunnade
997 951 179 39 rättigheter
1199 950 54 30 och
1276 948 140 37 friheter;
1439 957 66 20 men
1531 947 35 29 de
1590 945 181 31 omtvistade
1795 954 55 30 ny-

250 1008 177 30 hemmanen
462 1006 55 31 och
552 1005 212 40 lägenheterna
787 1004 66 30 icke
876 1012 71 21 voro
971 1002 126 39 anlagde
1120 999 19 32 å
1165 1000 96 36 mark,
1285 1009 63 20 som
1371 997 204 31 innefattades
1597 997 79 29 inom
1701 996 45 36 de,
1770 993 82 41 uppå

251 1057 254 32 Palmstruchska
529 1056 156 31 distriktet
708 1054 129 38 anlagda
861 1053 242 34 frälsehemman,
1126 1051 104 30 hvilka
1253 1050 91 30 redan
1368 1047 34 31 år
1420 1048 77 30 1802
1511 1045 341 40 afvittringsberedning

251 1107 171 41 undergått,
457 1113 70 25 utan
561 1116 71 21 voro
656 1105 123 39 belägne
803 1103 38 41 på
864 1105 56 29 den
944 1104 46 29 del
1019 1104 34 29 af
1072 1102 168 34 distriktet,
1262 1097 96 34 hvarå
1380 1099 136 31 hvarken
1541 1098 96 39 major
1659 1096 191 31 Palmstruch

252 1160 71 31 eller
355 1160 77 30 efter
465 1159 107 29 honom
607 1157 96 30 blefne
738 1155 195 31 innehafvare
962 1155 33 29 af
1015 1153 188 32 omförmälte
1228 1152 233 30 frälsehemman
1486 1148 196 32 föranstaltat
1704 1147 71 30 eller
1797 1147 54 30 hos

253 1209 225 32 vederbörande
513 1209 44 39 sig
590 1207 116 30 anmält
728 1216 46 21 om
799 1205 191 39 erforderlige
1013 1203 140 41 åtgärder
1181 1204 45 30 för
1249 1199 139 33 ändamål
1413 1201 33 29 af
1462 1200 196 39 nyhemmans
1682 1197 171 41 utsynande

254 1262 54 30 och
331 1253 197 47 anläggande,
551 1256 38 42 på
611 1261 64 28 sätt
697 1258 75 30 efter
798 1254 77 33 1775
898 1254 50 32 års
972 1255 187 40 privilegium
1183 1254 68 29 bort
1274 1253 63 36 ske,
1360 1252 55 29 och
1439 1254 36 27 än
1500 1250 113 30 mindre
1644 1246 88 42 någre
1758 1248 96 30 odlin-

254 1322 52 30 gar
340 1312 46 30 för
419 1310 196 41 nyhemmans
649 1308 187 39 anläggande
863 1306 167 30 verkställa
1053 1303 78 39 låtit,
1154 1305 89 29 innan
1268 1304 92 29 andre
1384 1311 151 31 personer,
1558 1302 76 29 efter
1656 1300 52 30 det
1731 1308 62 21 mer
1816 1302 37 26 än

255 1363 38 29 50
326 1360 34 32 år
388 1359 63 32 från
475 1359 185 41 privilegiets
682 1358 180 30 utfärdande
885 1356 137 37 förflutit,
1044 1356 70 30 sökt
1137 1355 55 30 och
1215 1352 59 32 fått
1296 1351 137 32 tillstånd
1458 1356 47 26 att
1527 1351 125 30 berörde
1675 1349 179 40 nyhemman

256 1413 53 30 och
333 1411 175 40 lägenheter
530 1408 80 42 uppå
634 1409 90 39 sagde
747 1408 88 30 andel
858 1407 34 30 af
912 1406 251 31 Palmstruchska
1185 1404 155 31 distriktet
1364 1402 134 40 uppodla
1520 1401 54 30 och
1603 1402 129 34 inrätta;
1765 1395 92 34 alltså

256 1464 70 30 fann
350 1461 322 41 egoskillnads-rätten
697 1459 105 30 Alters
826 1458 111 30 bruks-
961 1457 53 30 och
1035 1456 357 37 frälsehemmansegares
1416 1456 60 27 rätt
1501 1452 66 30 icke
1591 1460 74 21 vara
1687 1459 103 30 genom
1810 1449 47 34 de,

256 1512 38 42 på
318 1514 140 29 Kronans
482 1512 75 36 sida,
581 1510 112 31 skedde
717 1507 185 43 upplåtelser
926 1508 34 29 af
978 1507 85 31 mark
1087 1506 44 31 till
1156 1505 180 40 anläggning
1359 1504 33 29 af
1413 1504 35 29 de
1472 1502 184 31 omtvistade
1679 1501 177 30 hemmanen

257 1565 52 30 och
345 1563 211 40 lägenheterne
584 1561 185 35 förnärmad,
797 1559 54 30 och
875 1559 89 30 dessa
988 1556 199 41 upplåtelsers
1212 1553 125 33 bestånd
1362 1552 119 33 således
1505 1554 74 29 böra
1601 1552 144 30 förblifva
1768 1551 90 30 orub-

258 1616 87 36 badt;
379 1615 55 30 och
467 1614 92 30 sedan
594 1612 105 30 Alters
736 1611 181 39 bruksegare
952 1614 80 25 emot
1064 1609 85 29 detta
1181 1607 100 30 beslut
1305 1606 102 30 anfört
1428 1602 206 40 underdåniga
1659 1603 118 35 besvär,
1800 1601 59 30 har

259 1666 95 31 Eders
377 1665 108 39 Kongl.
507 1664 88 38 Maj:t
617 1663 7 29 i
648 1663 68 29 dess
740 1662 121 38 Högsta
883 1660 148 34 Domstol,
1056 1659 127 30 medelst
1205 1657 99 38 utslag
1326 1657 56 30 den
1400 1656 32 29 11
1448 1654 146 31 Februari
1614 1652 88 37 1848,
1716 1652 142 40 egoskill-

259 1717 211 30 nads-rättens
492 1714 125 31 berörde
645 1713 100 39 utslag
767 1711 87 40 gillat
876 1711 54 30 och
955 1710 156 31 fastställt.

392 1766 150 39 Slutligen
572 1765 78 30 hade
674 1760 424 42 riksdagsfullmäktigen,vid
1124 1759 79 31 1855
1226 1757 48 32 års
1297 1758 124 39 riksdag
1454 1757 37 30 A.
1513 1757 195 34 Bäckström,
1731 1752 18 33 å
1772 1752 87 33 Piteå

261 1818 199 30 socknemäns
483 1820 124 35 vägnar,
630 1815 42 30 uti
694 1814 46 30 till
765 1814 85 29 eders
875 1812 108 39 Kongl.
1007 1811 87 39 Maj:t
1116 1810 133 39 ingifven
1273 1809 92 30 skrift
1388 1806 128 32 anhållit
1538 1811 57 31 att,
1619 1806 7 29 i
1650 1805 151 30 anseende
1813 1804 46 31 till

261 1868 141 31 behofvet
424 1867 46 30 för
492 1866 148 31 socknens
663 1864 151 41 betydliga
836 1863 174 38 befolkning
1032 1866 47 26 att
1101 1860 144 32 förskaffa
1283 1859 44 40 sig
1362 1858 161 40 uppehälle
1557 1866 103 30 genom
1693 1856 169 40 nybygges-

261 1919 224 39 anläggningar,
509 1916 121 31 hvartill
654 1916 60 30 alla
736 1914 125 40 tjenliga
883 1913 174 40 lägenheter
1079 1912 92 31 redan
1196 1920 71 21 voro
1290 1914 163 36 upptagne,
1466 1909 65 30 med
1546 1908 155 38 undantag
1714 1907 33 29 af
1758 1905 104 31 Palm-

261 1970 161 32 struchska
456 1968 164 35 distriktet,
653 1967 51 30 det
737 1966 42 30 uti
810 1965 108 39 Kongl.
941 1964 118 30 brefvet
1082 1963 55 30 den
1165 1963 12 29 1
1204 1961 136 31 Oktober
1366 1959 77 31 1835
1466 1959 63 30 tills
1554 1958 103 30 vidare
1681 1956 181 31 föreskrifne

262 2020 106 31 förbud
393 2024 81 26 emot
497 2014 341 45 nybyggesupplåtelser
861 2014 40 40 på
924 2014 128 31 nämnde
1075 2013 124 31 distrikt
1223 2010 94 32 måtte
1341 2008 31 33 få
1395 2010 119 31 förfalla
1538 2009 54 30 och
1606 2009 51 30 det
1670 2018 74 20 vara
1757 2008 106 30 veder-

263 2063 132 39 börande
429 2070 173 41 myndighet
635 2066 112 33 tillåtet
781 2070 55 33 att,
874 2066 105 31 medan
1009 2064 193 40 afvittringen
1227 2063 9 30 i
1260 2062 131 31 socknen
1416 2065 78 26 ännu
1518 2058 118 42 pågick,
1661 2056 122 42 upplåta
1807 2058 55 29 den

265 2126 171 36 oupptagne
459 2121 85 30 delen
569 2120 33 31 af
622 2117 252 32 Palmstruchska
897 2116 157 31 distriktet
1076 2116 45 29 för
1144 2114 180 39 anläggning
1341 2113 35 30 af
1385 2112 139 30 hemman
1539 2114 80 27 samt
1631 2109 102 31 dervid
1747 2109 118 39 pröfva,

264 2172 147 32 huruvida
435 2172 141 39 antingen
600 2171 103 30 Alters
727 2178 98 31 egare,
849 2166 38 40 på
910 2168 96 39 grund
1028 2167 33 30 af
1080 2166 66 30 sina
1169 2166 146 29 förmente
1339 2162 181 40 privilegier,
1544 2161 71 31 eller
1637 2160 92 31 andre
1748 2159 117 39 hugade

266 2223 102 31 odlare
405 2220 48 33 må
488 2232 71 20 vara
581 2221 46 31 till
655 2220 169 41 inrymning
847 2218 8 30 i
879 2219 35 30 de
938 2217 151 31 blifvande
1113 2216 177 30 hemmanen
1315 2213 205 38 berättigade;
1545 2221 77 26 men,
1646 2211 92 30 sedan
1762 2210 103 30 lands-

266 2273 290 40 höfdinge-embetet
578 2273 9 29 i
610 2272 81 31 länet
713 2271 9 29 i
746 2266 238 43 underdånighet
1007 2268 133 40 upplyst,
1165 2271 47 26 att
1234 2264 123 32 dåmera
1383 2265 69 39 föga
1475 2262 152 31 återstode
1651 2262 34 30 af
1705 2261 35 29 de
1758 2260 109 31 afvitt-
