2358 2732
565 221 39 27 44
760 218 101 28 Andra
886 217 181 28 Kammarens
1097 215 159 37 Tillfälliga
1281 215 125 27 Utskotts
1431 214 72 36 (N:o
1526 211 38 40 3)
1590 213 152 29 Utlåtande
1765 212 57 28 N:o
1845 210 50 30 24.

525 306 113 30 funnits
672 308 47 27 att
750 301 89 42 tillgå
873 303 55 30 och
962 303 182 38 Konungens
1177 299 334 40 befallningshafvande
1544 299 251 38 tillkännagifvit,
1829 302 48 26 att
1910 298 216 38 egendomarne

524 358 117 28 komme
671 359 47 26 att
741 354 143 39 försäljas
906 354 84 29 »med
1015 353 62 30 alla
1099 353 35 28 de
1158 351 162 39 undantag,
1334 359 62 21 som
1422 350 65 29 dem
1513 350 126 40 lagligen
1663 347 123 32 vidlåda
1809 348 55 30 och
1886 351 53 26 äro
1965 347 161 32 förvarade

523 407 72 29 eller
629 406 101 29 kunna
751 408 101 36 göras
886 404 139 39 gällande
1060 407 62 26 mot
1154 412 60 30 nya
1246 411 126 30 egarne»
1402 418 38 4 —
1469 401 170 39 uppenbart
1667 403 43 32 är,
1741 404 47 25 att
1816 399 218 39 egendomarne
2061 399 66 30 icke

524 458 116 29 kunnat
676 455 142 39 försäljas
852 455 67 30 med
951 455 98 29 bättre
1086 456 63 27 rätt
1184 456 36 26 än
1255 452 66 35 den,
1357 451 171 30 hvarunder
1555 451 80 30 förre
1665 460 108 30 egaren
1802 449 138 30 innehaft
1962 448 164 31 desamma.
2157 466 2 5 ;

524 507 148 39 Slutligen
696 507 78 29 lärer
797 506 154 39 knappast
976 504 131 30 behöfva
1130 503 123 35 erinras,
1278 507 44 25 att
1352 502 56 30 den
1437 501 270 37 omständigheten,
1731 506 45 25 att
1799 499 110 40 Kongl.
1931 499 89 38 Maj:t
2043 499 84 29 med-

524 557 81 30 delat
627 557 122 39 bolaget
771 556 80 30 »The
874 556 75 29 New
971 554 159 31 Gellivara
1152 553 155 40 Company
1340 552 130 30 limited»
1499 550 105 40 nådigt
1631 550 140 31 tillstånd
1795 555 47 26 att
1864 550 113 30 besitta
1999 550 128 38 egendo-

525 617 102 20 marne
649 608 66 29 icke
739 607 116 30 kunnat
879 607 47 29 för
948 606 121 39 bolaget
1093 605 135 30 medföra
1258 613 100 21 annan
1388 602 72 30 eller
1488 601 223 31 vidsträcktare
1738 605 63 27 rätt
1824 601 46 29 till
1896 600 229 38 egendomarne,

524 662 37 26 än
585 658 55 30 den
664 658 122 39 bolaget
808 657 89 39 eljest
919 654 41 42 på
982 656 93 39 grund
1100 656 33 30 af
1153 655 112 30 allmän
1293 655 50 39 lag
1364 653 185 31 tillkommit.

658 708 56 31 Om
737 706 129 38 således,
890 708 76 30 efter
987 707 177 30 Utskottets
1187 705 204 35 förmenande,
1415 704 54 30 och
1492 704 47 29 för
1562 701 101 32 såvidt
1686 699 204 33 förhållandet
1919 702 59 29 kan
2001 701 125 30 bedöm-

527 769 64 21 mas
614 760 33 29 af
668 760 35 29 de
726 759 190 38 handlingar,
939 767 62 21 som
1026 757 47 30 för
1095 757 159 30 Utskottet
1287 755 80 30 varit
1400 759 47 26 att
1474 751 97 42 tillgå,
1601 751 92 41 något
1721 752 105 31 hinder
1855 762 33 20 ur
1914 750 117 41 rättslig
2053 761 73 30 syn-

528 810 94 39 punkt
644 810 65 30 icke
732 812 97 27 möter
853 809 46 29 för
923 808 182 39 vidtagande
1128 807 33 30 af
1182 805 138 41 åtgärder
1351 806 9 29 i
1390 806 51 29 det
1470 805 78 39 syfte
1577 804 185 30 motionären
1786 802 166 36 hemställt,
1982 800 34 32 så
2039 802 88 38 följer

525 871 38 19 au
586 861 8 28 i
622 860 162 39 ordningen
808 863 47 26 att
881 859 91 35 tillse,
995 858 148 30 huruvida
1165 852 120 35 sådana
1307 854 142 40 åtgärder
1469 855 111 39 jemväl
1604 864 35 20 ur
1660 853 167 31 ekonomisk
1850 853 153 40 synpunkt
2025 853 103 29 kunna

526 921 87 19 anses
637 910 173 31 önskvärda
832 910 73 29 eller
928 910 34 29 af
981 908 296 39 omständigheterna
1304 905 173 41 påkallade.
1520 905 65 30 Den
1608 906 91 29 bästa
1726 904 120 39 ledning
1876 904 46 29 för
1944 903 152 30 omdömet
2118 903 9 29 i

526 962 86 30 detta
640 961 169 30 hänseende
838 960 136 39 erbjuda,
1007 960 9 29 i
1043 959 177 30 Utskottets
1252 958 103 35 tanke,
1390 957 36 29 de
1458 956 217 40 upplysningar
1704 955 54 30 och
1788 952 122 41 åsigter,
1939 963 64 20 som
2026 953 102 30 blifvit

527 1011 192 31 framställda
748 1012 32 29 af
809 1011 160 29 framlidne
997 1009 267 39 Landshöfdingen
1291 1008 9 29 i
1330 1008 203 30 Norrbottens
1563 1007 48 29 län
1642 1006 32 29 P.
1696 1006 38 29 H.
1758 1004 163 31 Widmark
1943 1004 9 29 i
1976 1004 76 30 hans
2075 1005 52 28 be-

526 1063 107 29 römda
662 1062 162 30 berättelse
848 1062 33 29 af
907 1062 55 29 den
985 1060 19 30 9
1026 1060 127 30 Januari
1184 1058 77 31 1860
1283 1056 155 42 angående
1466 1057 196 30 ekonomiska
1685 1056 53 30 och
1762 1055 176 31 statistiska
1960 1052 168 32 förhållan-

527 1114 54 29 den
605 1113 80 30 inom
708 1113 132 30 nämnda
863 1112 60 36 län,
952 1111 119 30 hvadan
1096 1110 160 31 Utskottet
1276 1109 48 30 till
1353 1119 35 19 en
1412 1108 105 38 början
1540 1106 117 32 tillåter
1680 1107 45 39 sig
1747 1111 46 25 att
1817 1116 34 20 ur
1874 1105 129 31 berörda
2026 1106 103 29 berät-

526 1164 75 30 telse
624 1164 109 30 anföra
755 1163 53 30 och
832 1160 134 41 åberopa
988 1161 134 39 följande
1144 1161 122 38 utdrag:

660 1211 97 33 »Från
781 1214 51 30 det
855 1213 171 30 allmännas
1049 1212 66 30 sida
1143 1211 56 30 har
1230 1211 93 30 under
1358 1209 143 30 förflutna
1529 1213 109 26 tvenne
1662 1206 210 32 århundraden
1896 1206 233 40 uppmärksam-

529 1266 86 29 heten
640 1264 166 40 egentligen
830 1264 81 30 varit
943 1263 97 40 rigtad
1075 1261 33 31 åt
1140 1262 36 30 de
1210 1261 8 29 i
1250 1261 89 30 dessa
1373 1260 137 39 nordliga
1541 1260 120 30 trakter
1689 1259 73 29 eller
1791 1258 79 29 inom
1895 1257 235 39 lappmarkerna

529 1315 153 39 befintliga
704 1318 84 27 stora
811 1314 186 39 malmlager,
1031 1313 54 30 och
1114 1313 88 29 dessa
1232 1312 96 39 lagers
1358 1310 259 39 tillgodogörande
1644 1309 55 30 har
1722 1319 69 20 man
1816 1312 101 26 ansett
1939 1305 98 32 såsom
2062 1307 68 30 huf-

529 1367 129 35 vudsak,
681 1375 65 20 men
771 1365 119 30 landets
920 1364 163 39 uppodling
1117 1363 53 30 och
1205 1361 196 41 bebyggande
1438 1361 105 30 endast
1578 1363 109 36 utgöra
1714 1364 44 26 ett
1786 1358 225 31 underordnadt
2034 1358 95 29 medel

530 1418 45 28 för
598 1416 324 40 bergshandteringens
944 1414 234 39 upphjelpande.
1222 1413 43 29 Af
1292 1410 96 31 sådan
1418 1411 160 39 anledning
1601 1411 54 30 och
1678 1410 91 30 sedan
1794 1419 105 30 genom
1923 1408 108 39 Kongl.
2053 1409 78 29 kun-

529 1467 134 39 görelsen
693 1466 56 30 den
776 1467 40 28 20
844 1466 172 29 November
1048 1461 75 33 1741
1154 1460 138 44 (Modées
1322 1462 136 38 lagverk,
1491 1461 77 39 3:dje
1592 1461 96 34 delen,
1722 1470 67 29 pag.
1829 1458 93 42 1806)
1951 1459 51 30 det
2030 1459 101 30 blifvit

529 1518 153 38 stadgadt,
706 1521 47 26 att
783 1517 76 29 hvar
888 1515 54 30 och
974 1525 35 19 en
1040 1515 33 29 af
1102 1514 79 29 hvad
1216 1510 89 32 stånd
1338 1512 59 29 han
1434 1521 75 20 vara
1541 1510 118 36 månde,
1692 1520 63 20 som
1786 1510 70 29 ville
1885 1510 134 39 uppodla
2040 1507 92 41 något

530 1568 155 34 ödesland,
708 1567 46 30 till
778 1565 74 31 åker
880 1566 74 29 eller
980 1568 58 35 äng
1070 1555 18 38 i
1108 1563 228 30 Westerbotten
1370 1560 140 41 (hvartill
1533 1561 185 30 Norrbotten
1741 1561 49 29 vid
1821 1560 98 30 denna
1945 1560 44 30 tid
2012 1559 119 41 hörde),

530 1618 96 29 skulle
648 1618 10 29 i
681 1617 172 38 evärdeliga
874 1616 78 30 tider
975 1613 31 32 få
1029 1615 85 38 njuta
1143 1613 54 30 och
1225 1613 113 30 besitta
1371 1612 169 30 detsamma
1566 1612 94 30 under
1689 1611 275 36 frälsemannerätt,
1987 1610 54 31 och
2064 1611 68 29 der-

528 1669 92 38 jemte
642 1668 9 29 i
677 1668 36 29 10
737 1665 33 32 år
792 1667 94 30 hafva
909 1666 90 29 frihet
1021 1666 48 29 för
1092 1665 56 29 allt
1170 1664 54 30 sitt
1253 1664 62 29 folk
1346 1661 66 31 från
1442 1663 40 28 all
1514 1662 150 39 personlig
1687 1662 88 39 afgift
1798 1666 80 26 samt
1902 1662 152 29 dessutom
2077 1661 55 29 50-

532 1718 63 40 årig
618 1719 90 29 frihet
731 1715 66 32 från
821 1717 41 30 all
887 1715 257 39 hemmansafgift,
1172 1715 75 29 efter
1271 1714 104 29 hvilka
1403 1711 158 32 frihetsårs
1591 1713 119 38 förlopp
1734 1713 132 29 allenast
1888 1712 97 30 skulle
2008 1715 125 36 utgöras

532 1770 34 29 de
589 1769 168 40 utskylder,
780 1778 65 20 som
869 1766 110 39 åtfölja
1001 1766 242 34 frälsehemman,
1268 1764 98 30 blefvo
1390 1764 69 29 hela
1487 1763 274 39 odlingsdistrikter
1784 1763 33 29 af
1838 1764 73 28 flera
1933 1762 200 39 qvadratmils

532 1818 121 41 omfång
675 1817 149 41 upplåtna
846 1816 34 32 åt
908 1827 141 29 personer
1078 1816 73 30 eller
1178 1815 98 39 bolag,
1300 1824 63 20 som
1398 1814 44 38 sig
1475 1814 46 30 till
1552 1814 88 29 deras
1669 1814 204 38 upptagande,
1897 1813 165 39 egentligen
2087 1813 46 29 för

532 1869 122 41 åsyftad
677 1870 107 39 styrka
805 1869 48 30 till
877 1867 315 40 bergshandteringen,
1216 1865 148 31 anmälde.

666 1921 55 29 Ett
743 1918 111 32 sådant
877 1919 123 29 distrikt
1023 1928 54 20 var
1100 1918 61 32 det,
1184 1926 63 20 som
1270 1925 105 30 genom
1399 1915 108 38 Kongl.
1532 1915 200 30 resolutionen
1756 1915 55 29 den
1836 1915 40 28 20
1899 1913 129 39 Augusti
2055 1910 78 33 1753

533 1971 122 39 uppläts
676 1970 47 30 till
747 1971 162 38 Kaptenen
932 1969 53 30 och
1008 1969 193 29 Professoren
1232 1967 28 29 J.
1289 1966 227 34 Meldercreutz,
1548 1966 63 29 med
1642 1965 145 39 rättighet
1816 1969 47 25 att
1886 1964 126 30 emellan
2037 1962 96 32 Luleå

533 2022 54 30 och
611 2021 93 31 Kalix
727 2021 96 29 elfvar
856 2018 67 31 från
959 2018 211 31 Meldersteins
1203 2017 76 29 bruk
1312 2016 55 30 och
1400 2016 46 29 till
1481 2014 158 32 Gellivara
1668 2016 166 37 malmberg
1864 2019 79 26 samt
1965 2015 18 28 3
2007 2015 51 29 mil
2081 2015 54 29 der

534 2073 151 34 ofvanom,
709 2072 73 29 eller
805 2069 19 31 å
845 2080 36 20 en
906 2070 194 30 landsträcka
1123 2068 31 29 af
1177 2067 136 39 omkring
1340 2067 57 29 150
1421 2066 60 33 mil,
1512 2071 136 34 upptaga
1677 2066 53 30 och
1754 2066 138 39 bebygga
1914 2065 62 30 alla
1999 2065 133 29 derinom

534 2123 154 38 befintliga
709 2122 47 29 till
785 2122 140 29 hemman
954 2120 125 39 tjenliga
1108 2118 179 39 lägenheter.
1333 2118 55 29 Ett
1422 2121 93 25 annat
1548 2117 133 35 distrikt,
1715 2116 123 30 hvartill
1863 2117 134 38 Majoren
2021 2114 38 30 G.
2082 2115 51 29 W.

534 2173 191 30 Palmstruch
749 2173 55 29 den
828 2171 19 29 8
870 2172 63 38 Maj
959 2168 79 32 1775
1060 2169 95 30 erhöll
1178 2166 104 41 nådigt
1305 2168 184 35 trihetsbref,
1513 2177 53 20 var
1590 2168 118 38 beläget
1731 2167 8 29 i
1762 2164 87 32 Piteå
1874 2167 118 34 socken,
2006 2165 127 30 emellan

535 2222 88 31 Piteå
645 2224 42 28 elf
708 2223 53 30 och
784 2221 97 31 Luleå
910 2222 210 38 socknegräns,
1154 2224 79 25 samt
1266 2219 189 29 omfattande
1488 2221 44 26 ett
1566 2216 121 31 område
1716 2218 34 29 af
1769 2217 85 29 cirka
1879 2217 37 29 10
1939 2216 49 30 mil
2012 2216 9 29 i
2045 2216 88 38 längd

536 2274 53 30 och
612 2274 18 28 2
654 2270 105 45 å'2!/3
785 2273 50 30 mil
859 2272 7 30 i
892 2273 100 29 bredd.
1038 2271 58 30 Väl
1128 2270 133 29 fästades
1297 2269 49 30 vid
1383 2269 88 29 dessa
1505 2267 218 35 öfverlåtelser,
1755 2267 127 30 likasom
1907 2267 48 29 vid
1979 2264 156 40 åtskilliga
