2204 2620
398 147 60 31 116
820 149 116 31 Första
961 149 212 42 lagutskottets
1196 151 166 32 utlåtande
1386 152 54 31 Nr
1462 153 51 31 27.

353 234 199 47 rättsgods,
582 235 92 35 dock
702 236 82 35 med
812 238 96 34 vissa
937 237 307 37 modifikationer.
1299 239 73 35 Till
1401 240 119 48 skydd
1551 240 60 36 för
1638 240 217 48 giftorätten
1885 244 100 35 stad-

353 297 65 35 gas
454 285 280 48 vårdnadsplikt
762 287 230 35 beträffande
1019 287 287 48 giftorättsgods
1334 290 69 35 och
1432 303 44 22 av
1515 291 327 48 vårdnadsplikten
1872 293 116 48 följer

352 334 116 36 andra
508 336 151 36 makens
699 338 188 47 samtycke
928 339 59 33 till
1027 340 97 34 vissa
1165 340 171 47 rättsliga
1368 341 266 47 dispositioner
1661 349 87 29 över
1776 343 208 48 giftorätts-

352 385 143 48 godset.
552 386 69 35 Det
650 387 70 35 kan
748 389 207 43 anmärkas,
985 393 55 30 att
1067 402 61 22 om
1157 390 72 35 den
1260 403 73 36 nya
1360 390 491 51 förmögenhetsordningen
1877 395 7 34 i
1907 397 76 34 viss

350 435 94 48 grad
485 437 194 47 avlägsnar
720 437 194 36 frestelsen
955 444 54 30 att
1048 439 96 48 gifta
1185 441 57 34 till
1279 442 57 47 sig
1363 454 151 35 pengar,
1544 446 39 31 så
1610 442 139 36 införes
1777 445 12 33 i
1817 446 124 34 stället
1969 446 13 34 i

351 487 244 48 äktenskapet
622 487 192 36 frestelsen
842 494 55 30 att
925 490 110 47 skilja
1062 491 57 34 till
1148 492 57 44 sig
1233 504 150 35 pengar,
1413 505 86 22 men
1519 492 260 49 huvudfrågan
1800 494 73 35 blir
1893 495 91 36 den:

350 536 99 35 huru
479 537 102 35 skola
607 537 521 48 giftorättsbestämmelserna
1155 541 112 35 verka
1293 543 13 33 i
1334 543 217 46 praktiken?
1602 542 111 37 Skola
1739 544 46 35 de
1804 545 112 35 vinna
1936 559 46 22 en

350 586 115 36 sådan
506 588 249 48 användning,
797 595 52 30 att
890 590 58 35 till
988 590 147 36 förmån
1164 591 57 35 för
1257 592 160 35 hustrun
1447 593 72 35 den
1547 593 196 45 nedärvda,
1772 595 210 36 värdefulla

350 637 476 50 egendomsgemenskapen
868 641 12 33 i
922 641 63 34 sak
1012 642 190 47 verkligen
1231 641 185 37 behålles?
1469 643 106 36 Först
1603 647 59 32 må
1689 652 118 40 sägas,
1836 651 54 30 att
1917 659 66 34 ge-

350 700 88 22 nom
481 689 326 36 bestämmelserna
843 690 66 36 hos
940 691 175 35 makarna
1143 693 70 34 lätt
1240 693 70 35 kan
1339 692 212 37 framkallas
1578 694 233 49 benägenhet
1838 701 54 30 att
1920 697 62 34 be-

349 739 91 35 vaka
480 739 200 36 varandras
721 741 238 35 ekonomiska
999 742 229 44 åtgöranden
1269 743 85 35 med
1395 744 182 36 baktanke
1618 750 55 30 att
1714 746 72 35 ditt
1813 753 41 28 är
1881 748 97 41 mitt,

349 789 118 35 vilket
495 792 118 33 måste
640 791 109 35 verka
776 790 245 49 försvagande
1050 795 47 45 på
1123 793 253 48 äktenskapet.
1431 794 333 37 Bestämmelserna
1791 799 117 34 måste
1927 798 54 35 vi-

349 838 99 43 dare,
479 839 93 36 både
598 841 13 33 i
640 841 68 34 och
737 840 57 36 för
821 842 57 47 sig
905 842 68 35 och
1003 845 120 33 såsom
1151 844 275 36 inskränkande
1455 845 71 35 den
1551 845 71 36 fria
1641 845 342 50 förvaltningsrätt,

349 902 81 23 vars
457 890 247 48 tillskapande
732 892 107 46 eljest
866 900 41 27 är
934 892 71 35 den
1035 906 75 35 nya
1136 894 127 48 lagens
1292 895 294 48 huvuduppgift,
1615 898 141 34 kännas
1781 897 198 48 högeligen

348 940 240 47 betungande
630 940 57 36 för
727 943 186 43 makarna,
956 944 150 35 särskilt
1148 943 59 36 för
1237 958 174 31 mannen,
1441 946 68 35 och
1538 946 46 35 då
1610 946 223 48 giftorätten
1861 949 119 47 enligt

347 991 203 35 utskottets
591 992 198 48 påvisning
830 992 77 36 helt
948 994 124 35 enkelt
1103 1008 134 34 genom
1266 999 116 44 några
1410 996 68 35 ord
1505 998 12 33 i
1545 1002 55 30 ett
1626 997 355 48 äktenskapsförord

347 1040 73 35 kan
449 1042 194 43 uteslutas,
677 1042 105 35 torde
809 1050 162 28 männen
1000 1044 147 36 komma
1174 1050 55 31 att
1256 1046 12 34 i
1296 1052 77 29 stor
1400 1046 230 49 omfattning
1655 1047 170 49 begagna
1852 1050 129 34 aäkten-

347 1090 282 48 skapsförordet
657 1091 58 36 för
743 1098 55 30 att
825 1094 59 34 till
913 1094 119 48 skydd
1059 1093 58 37 för
1145 1097 57 33 sin
1230 1096 317 47 handlingsfrihet
1567 1098 166 35 anordna
1751 1100 82 33 sina
1851 1100 129 35 äkten-

346 1141 92 48 skap
480 1143 119 46 enligt
626 1147 177 44 systemet
831 1143 225 48 fullständig
1083 1145 377 47 egendomsskillnad.
1516 1148 335 36 Bestämmelserna
1877 1150 103 36 bliva

345 1204 46 22 en
421 1192 74 35 död
523 1193 152 35 bokstav
702 1194 68 34 och
797 1193 308 49 lagstiftningens
1134 1196 120 36 avsikt
1281 1202 54 30 att
1364 1198 59 34 till
1452 1197 145 37 förmån
1631 1198 61 36 för
1711 1199 161 35 hustrun
1892 1201 86 34 med

345 1241 357 48 särförvaltningens
742 1244 120 45 behag
902 1245 10 34 i
957 1247 207 47 personligt
1192 1247 180 35 avseende
1400 1247 130 37 förena
1558 1249 420 48 egendomsgemenska-

346 1306 91 34 pens
479 1294 240 35 ekonomiska
759 1293 162 37 fördelar
962 1295 160 36 förfelas.
1178 1297 80 35 Den
1299 1298 209 36 solidaritet
1548 1301 136 33 mellan
1726 1301 137 43 makar,
1897 1313 78 23 som

344 1342 222 48 giftorätten
594 1345 107 45 eljest
729 1344 119 36 skulle
877 1344 144 49 främja,
1051 1347 137 35 uteblir
1215 1348 69 35 och
1314 1348 71 36 den
1412 1348 97 48 gifta
1536 1350 183 36 kvinnans
1738 1351 240 35 ekonomiska

345 1394 183 47 ställning
555 1394 72 35 blir
654 1394 216 36 försämrad.
927 1396 56 36 Då
1010 1396 57 44 de,
1096 1410 79 23 som
1203 1399 115 34 önska
1346 1399 71 35 den
1445 1413 74 35 nya
1545 1401 120 46 lagen,
1687 1401 91 48 hysa
1796 1400 181 49 förhopp-

344 1445 137 44 ningar
518 1457 60 22 om
618 1444 238 48 giftorättens
896 1446 174 36 blivande
1110 1449 225 48 omändring
1375 1450 68 35 och
1485 1456 118 43 nytta,
1633 1452 70 34 kan
1733 1450 243 48 giftorättens

344 1496 236 46 uteslutning
621 1509 43 21 ur
691 1496 62 34 det
780 1509 73 35 nya
880 1502 181 42 systemet
1088 1498 31 46 ej
1150 1499 169 47 påyrkas.
1374 1499 211 49 Högeligen
1614 1501 194 48 betänklig
1834 1509 41 27 är
1903 1501 72 36 den

343 1545 186 35 avvikelse
558 1545 82 35 från
668 1547 172 46 gällande
869 1550 226 46 rättsregler,
1125 1561 80 31 som
1233 1548 189 49 förslagen
1449 1551 189 35 innehålla
1658 1551 240 45 därutinnan,
1920 1558 56 30 att

343 1595 233 36 beträffande
608 1596 401 37 bestämmanderätten
1037 1605 88 29 över
1153 1599 110 35 barns
1293 1601 210 46 personliga
1530 1602 310 46 angelägenheter
1869 1604 106 34 make

343 1645 199 48 medgivits
570 1651 53 30 att
650 1647 63 34 vid
741 1647 161 36 domstol
931 1654 78 29 mot
1037 1650 105 35 make
1171 1662 171 36 processa
1360 1651 60 34 till
1441 1651 59 47 sig
1518 1663 140 23 samma
1678 1651 297 38 bestämmande-

343 1701 84 30 rätt.
483 1696 228 48 Härigenom
751 1697 125 49 brytes
919 1698 303 46 familjeenheten
1264 1704 46 44 på
1346 1705 53 31 ett
1426 1701 162 42 område,
1617 1702 67 35 där
1713 1702 71 36 den
1812 1710 40 28 är
1880 1709 94 30 mest

342 1746 187 47 behövlig.
588 1746 109 37 Aven
726 1760 59 22 om
814 1761 86 22 man
929 1749 70 35 kan
1029 1751 199 35 instämma
1255 1751 84 35 med
1368 1752 182 35 utskottet
1578 1752 239 45 därutinnan,
1838 1759 55 30 att
1912 1754 62 36 det

341 1797 81 35 icke
463 1797 108 36 torde
599 1798 83 35 med
711 1797 64 48 fog
801 1799 128 35 kunna
956 1803 132 44 påstås,
1127 1806 53 30 att
1207 1803 11 33 i
1247 1802 203 35 allmänhet
1477 1802 71 36 den
1576 1815 67 23 ene
1670 1816 44 23 av
1741 1803 233 37 föräldrarna

342 1854 40 28 är
423 1860 102 22 mera
565 1855 44 29 än
652 1848 72 36 den
751 1848 114 35 andra
894 1850 152 36 skickad
1074 1856 55 31 att
1156 1852 234 48 tillvarataga
1417 1853 150 35 barnets
1595 1853 105 36 bästa
1727 1855 12 33 i
1767 1856 205 47 personligt

341 1898 191 44 avseende,
563 1903 39 32 så
630 1899 70 35 kan
729 1899 93 35 dock
851 1900 245 48 möjligheten
1123 1916 44 21 av
1195 1902 181 36 domstols
1404 1903 252 48 inblandning
1683 1904 32 47 ej
1737 1904 102 36 bliva
1858 1911 114 30 annat

341 1955 46 28 än
415 1947 179 51 förhatlig
621 1949 60 36 för
707 1950 174 35 makarna
909 1951 68 34 och
1006 1955 160 44 mången
1194 1956 99 44 gång
1320 1958 90 30 utan
1439 1959 109 43 nytta
1575 1953 58 36 för
1660 1954 144 36 barnet.
1845 1955 127 36 Bättre

341 2004 46 29 än
429 2004 54 30 att
525 2002 36 32 åt
602 2000 160 36 domstol
803 2001 214 36 överlämna
1049 2002 61 36 det
1138 2006 106 32 svåra
1271 2004 68 34 och
1355 2005 216 47 grannlaga
1598 2010 126 30 värvet
1752 2011 56 30 att
1836 2012 136 41 avgöra

340 2048 124 36 vilken
506 2063 44 22 av
591 2050 242 43 föräldrarna,
863 2063 78 23 som
971 2059 41 28 är
1039 2053 83 35 bäst
1149 2053 152 36 skiekad
1328 2059 56 30 att
1417 2059 110 31 utöva
1554 2055 416 43 bestämmanderätten,

340 2105 41 28 är
419 2105 55 30 att
514 2100 62 36 vid
610 2101 188 35 bristande
826 2102 118 46 sämja
970 2104 76 34 låta
1073 2102 130 37 fadern
1231 2104 147 36 behålla
1405 2104 224 37 densamma.
1684 2105 198 36 Huruvida
1909 2106 62 35 be-

339 2151 282 36 stämmelserna
662 2164 59 23 om
758 2154 116 45 gåvor
900 2154 139 34 mellan
1068 2155 127 34 makar
1223 2154 67 36 och
1319 2154 263 49 fördelningen
1611 2169 44 22 av
1681 2156 292 49 besparingarna

339 2200 127 34 kunna
506 2201 227 37 missbrukas
766 2202 56 35 till
851 2202 115 36 skada
993 2203 58 36 för
1077 2204 119 48 tredje
1225 2217 86 23 man
1339 2205 69 35 har
1435 2206 181 48 knappast
1643 2206 109 36 blivit
1779 2208 102 34 inom
1911 2211 62 30 ut-
