2202 2620
429 173 39 31 96
858 168 116 31 Första
998 166 211 42 lagutskottets
1231 164 166 32 utlåtande
1419 162 54 32 Nr
1494 164 53 30 27.

544 253 145 44 (Kungl.
713 252 121 41 Maj:ts
856 250 152 42 förslag.)
1441 246 200 39 (Utskottets
1662 244 152 41 förslag.)

387 359 71 31 Har
476 357 57 32 vid
550 355 177 41 bodelning
745 353 225 32 efterlevande
987 350 120 33 maken
1125 351 28 42 ej
1174 349 185 33 bekommit
1376 350 103 40 något
1496 358 44 21 av
1557 346 65 32 den
1641 346 104 32 dödas
1763 344 172 42 egendom,
1955 346 61 39 äge

386 400 85 33 dock
489 401 42 40 på
548 398 107 42 grund
672 409 43 20 av
732 395 217 43 bodelningen
967 392 137 45 påföljd,
1122 404 72 21 som
1210 404 46 20 nu
1273 395 36 29 är
1326 391 92 42 sagd,
1436 390 28 42 ej
1484 400 84 21 rum.

1161 496 15 40 8
1198 495 47 32 28,

432 568 324 41 Stärbhusdelägare,
774 577 71 21 som
861 567 144 30 avträdd
1021 563 160 42 egendom
1198 561 147 37 tillträtt,
1363 560 83 32 efter
1463 559 66 32 vad
1544 559 11 32 i
1572 560 19 30 6
1608 557 61 32 och
1687 559 39 29 10
1742 557 32 39 $$
1790 557 85 39 sägs,
1893 565 79 20 vare
1988 553 29 41 ej

389 613 117 42 pliktig
528 615 53 28 att
601 611 52 31 för
674 610 63 32 den
759 608 161 42 egendom
941 610 78 38 göra
1040 606 79 31 reda
1140 605 51 31 för
1212 604 104 31 andra
1339 601 309 40 stärbhusdelägare
1670 601 42 29 än
1734 598 87 37 dem,
1844 607 73 21 som
1939 606 81 21 voro

389 655 179 41 omyndiga
579 653 64 31 den
655 652 60 38 tid,
727 652 43 31 då
781 650 202 42 egendomen
995 647 196 38 tillträddes,
1204 647 76 31 eller
1291 656 44 21 av
1345 646 74 40 laga
1429 643 110 33 förfall
1551 641 163 33 hindrade
1725 643 53 28 att
1789 640 71 31 före
1871 638 147 32 nämnda

389 697 51 32 tid
454 697 48 31 sin
517 698 70 29 rätt
600 695 141 32 bevaka:
755 695 323 37 testamentstagare,
1094 701 71 20 som
1178 689 68 31 fått
1259 688 49 41 sig
1322 686 117 42 tillagd
1452 686 66 31 viss
1533 684 162 42 egendom
1709 683 76 31 eller
1800 682 84 31 visst
1897 680 123 41 belopp

388 740 11 32 i
418 739 190 42 penningar,
628 738 86 31 have
730 735 86 33 dock
833 738 91 28 emot
941 734 74 37 den,
1033 743 72 21 som
1122 730 180 38 tillträdde,
1321 740 128 21 samma
1466 730 80 35 rätt,
1565 737 72 21 som
1653 726 67 31 han
1738 727 72 28 mot
1827 722 195 32 stärbhuset

390 784 67 38 ägt,
475 792 54 21 om
545 782 79 30 boet
640 780 27 41 ej
687 781 129 29 avträtt
831 777 107 31 blivit.
968 776 115 41 Yppas
1099 774 82 32 efter
1197 773 121 31 sådant
1334 768 325 45 egendomstillträde
1675 769 108 39 någon
1799 766 91 31 förut
1906 763 112 32 okänd

390 824 145 42 tillgång;
557 822 72 33 däri
648 821 95 43 njute
762 820 64 32 alla
846 817 308 41 stärbhusdelägare
1173 816 73 41 laga
1266 816 80 29 rätt.

1163 917 15 40 8
1200 917 50 30 31.

434 993 73 32 Vad
528 993 11 32 i
561 992 109 32 denna
692 988 191 41 förordning
905 987 106 32 finnes
1034 985 134 41 stadgat
1190 994 55 21 om
1267 979 319 45 egendomsavträde
1608 989 44 20 av
1674 975 225 34 efterlevande
1921 974 98 31 make

392 1040 59 38 äge
465 1036 28 41 ej
511 1033 219 42 tillämpning,
745 1032 60 31 där
819 1030 50 32 till
884 1029 83 42 följd
981 1039 43 21 av
1038 1025 325 42 äktenskapsförord,
1380 1021 186 34 boskillnad
1579 1021 77 31 eller
1670 1017 222 34 hemskillnad
1906 1016 113 42 ingen-

390 1081 79 30 dera
495 1078 119 31 maken
640 1075 85 32 hade
749 1071 262 44 giftorättsgods.

436 1206 117 31 Denna
581 1204 53 40 lag
662 1202 82 31 skall
761 1200 96 32 träda
874 1200 11 31 i
902 1198 89 32 kraft
1007 1197 64 32 den
1089 1198 16 29 1
1123 1194 130 43 januari
1271 1194 92 36 1921;
1392 1191 84 33 dock
1493 1190 82 32 skall
1592 1189 91 32 förut
1700 1186 151 43 gällande
1868 1185 54 41 lag
1938 1184 84 32 fort-

393 1247 137 33 farande
552 1246 100 31 lända
675 1244 49 31 till
747 1241 229 37 efterrättelse,
1000 1250 54 21 om
1077 1239 63 31 den
1163 1237 87 32 döda
1273 1246 60 21 var
1355 1234 62 42 gift
1439 1233 61 32 och
1523 1232 91 31 äldre
1636 1227 304 45 giftermålsbalken
1964 1236 60 21 var

394 1288 177 42 tillämplig
594 1288 11 31 i
629 1287 93 41 fråga
746 1296 54 21 om
825 1284 176 32 makarnas
1024 1272 485 53 förmögenhetsförhållanden.

1102 1432 83 40 12:0)
1233 1432 89 38 Lag

443 1528 74 25 om
543 1516 173 36 ändrad
744 1514 166 41 lydelse
933 1521 54 25 av
1012 1512 10 32 1
1050 1511 100 39 kap.
1174 1509 28 33 8
1226 1506 35 42 $,
1286 1507 46 33 10
1359 1506 100 39 kap.
1484 1504 46 33 13
1554 1502 22 41 8
1601 1501 85 34 och
1713 1499 42 34 17
1781 1499 100 39 kap.
1906 1497 30 33 2
1959 1495 23 42 $

1029 1566 372 37 handelsbalken.

440 1660 204 41 Härigenom
660 1656 183 37 förordnas,
861 1658 54 28 att
931 1656 15 29 1
964 1653 76 41 kap.
1059 1653 19 30 8
1093 1653 26 39 $,
1136 1653 39 29 10
1191 1650 76 41 kap.
1285 1649 40 31 13
1340 1648 16 40 8
1372 1646 61 32 och
1450 1646 37 31 17
1504 1644 76 42 kap.
1598 1645 19 30 2
1633 1644 15 39 $
1663 1640 259 34 handelsbalken
1938 1639 93 32 skola

395 1706 88 30 hava
504 1702 148 42 följande
673 1699 146 32 ändrade
839 1697 134 42 lydelse:

1146 1778 15 30 1
1187 1775 102 33 KAP.

1184 1853 19 30 8
1225 1852 26 40 8.

441 1922 103 41 Ingen
566 1922 55 29 må
642 1920 102 40 något
764 1917 87 41 köpa
873 1926 43 21 av
938 1924 109 22 annan
1069 1922 94 21 mans
1184 1910 82 32 barn
1288 1909 77 31 eller
1385 1905 218 44 tjänstehjon,
1625 1908 83 28 utan
1730 1903 41 31 de
1791 1902 89 31 hava
1901 1901 57 31 lov
1978 1903 54 28 att

400 1965 95 41 sälja,
512 1963 77 32 eller
605 1962 51 32 till
672 1960 180 42 köpslagan
870 1960 88 29 satte
974 1959 66 28 äro.
1071 1954 66 32 Gör
1153 1954 57 31 det
1226 1954 120 39 någon,
1364 1950 61 32 och
1442 1949 126 36 åkäres;
1586 1957 79 21 vare
1681 1947 57 31 det
1753 1944 104 42 ogillt,
1875 1943 61 32 och
1953 1942 79 32 böte

399 2008 48 32 tio
469 2006 101 32 daler.

1138 2091 38 29 10
1200 2087 102 32 KAP.

1174 2165 38 30 13
1234 2164 27 39 8.

444 2233 39 42 Ej
508 2234 54 30 må
584 2230 158 43 omyndig
763 2231 11 30 i
795 2228 123 41 borgen
941 2228 50 40 gå.
