2212 2622
429 161 59 30 142
862 160 115 31 Första
998 160 213 41 lagutskottets
1233 161 162 31 utlåtande
1418 161 53 31 Nr
1492 162 49 30 27.

523 247 83 47 Med
647 248 84 35 stöd
771 261 44 21 av
856 248 63 35 det
961 249 111 47 sagda
1112 249 210 35 hemställes
1354 250 121 42 alltså,
1505 254 52 30 att
1585 249 219 48 paragrafen
1833 253 114 33 måtte
1975 249 38 36 få

386 301 100 44 utgå.
541 296 244 37 Åtminstone
825 298 106 35 torde
972 298 83 36 från
1095 299 83 35 dess
1216 300 175 47 giltighet
1432 299 89 35 böra
1553 300 232 47 undantagas
1812 313 59 23 om
1900 302 33 46 ej
1963 302 49 34 all

382 348 102 48 gäld,
527 361 76 22 som
647 348 160 36 hustrun
848 349 93 45 själv
981 350 109 47 gjort,
1124 352 39 32 så
1191 349 94 36 dock
1313 349 106 49 dylik
1446 350 87 47 gäld
1559 349 59 36 för
1646 350 293 48 tillgodoseende
1968 364 45 22 av

387 399 141 35 hennes
556 399 182 35 särskilda
767 398 141 36 behov.”

522 449 16 35 I
578 450 220 45 anslutning
839 451 56 34 till
938 450 69 35 vad
1034 450 157 35 sålunda
1218 450 142 35 anförts
1389 450 56 35 får
1469 451 65 46 jag
1561 451 205 44 hemställa,
1796 456 53 31 att
1877 454 19 32 7
1927 453 84 47 kap.

385 500 21 34 3
436 498 23 44 $
489 502 115 32 måtte
633 499 139 36 erhålla
799 499 167 48 följande
994 500 155 49 lydelse:

928 600 135 36 Häftar
1091 601 159 35 hustrun
1274 602 118 46 jämte
1422 614 157 23 mannen
1609 602 57 35 för
1692 603 97 47 gäld,
1819 615 78 23 som
1917 603 96 35 båda

793 651 177 35 makarna
997 651 89 35 eller
1113 651 135 36 endera
1276 651 56 36 för
1356 652 71 36 den
1447 652 147 48 dagliga
1613 653 290 47 hushållningen
1923 654 90 35 eller

792 701 160 36 barnens
982 701 219 48 uppfostran
1229 703 98 46 gjort
1353 715 136 34 genom
1517 703 283 49 rättshandling
1826 716 44 22 av
1899 704 72 35 den
1999 705 13 34 i

793 754 20 33 3
856 753 83 47 kap.
986 754 43 33 12
1058 750 23 45 $
1110 753 159 35 avsedda
1296 752 267 45 beskaffenhet,
1593 754 68 35 och
1688 755 66 33 vill
1782 755 230 46 borgenären

792 803 88 34 söka
922 803 160 35 hustrun
1124 802 60 36 för
1224 803 145 47 gälden,
1412 804 93 35 skall
1545 804 72 34 han
1645 804 280 48 anhängiggöra
1954 806 57 34 sin

792 853 100 35 talan
934 854 100 34 inom
1075 856 61 32 två
1177 857 40 31 är
1245 853 81 36 från
1355 853 275 48 förfallodagen
1658 856 100 42 eller,
1788 867 60 23 om
1875 855 137 47 gälden

790 904 96 34 skall
928 903 139 36 betalas
1107 904 63 35 vid
1211 903 213 43 anfordran,
1467 904 83 35 från
1578 905 83 35 dess
1690 906 216 47 uppkomst;
1936 905 77 35 för-

791 955 104 33 sittes
925 953 121 36 denna
1073 954 65 42 tid,
1167 967 84 23 vare
1280 960 72 30 rätt
1380 956 59 34 till
1466 957 101 33 talan
1595 960 78 30 mot
1692 956 121 35 henne
1833 954 177 37 förlorad.

930 1004 142 35 Varder
1103 1005 162 34 hustrun
1293 1024 49 3 —
1369 1024 51 4 —
1447 1024 50 4 —
1523 1024 48 4 —
1604 1005 164 36 därefter
1794 1005 217 37 förvärvar.»

520 1104 77 36 dels
638 1117 44 22 av
723 1105 126 35 herrar
892 1105 176 47 fRogberg,
1101 1119 110 34 greve
1239 1106 115 47 Spens
1383 1106 69 36 och
1482 1107 194 35 Pettersson
1703 1108 13 33 i
1744 1106 141 47 Bjälbo,
1913 1108 99 34 vilka

383 1155 156 35 instämt
567 1156 12 33 i
607 1155 85 34 herr
718 1154 231 37 Petterssons
977 1156 13 34 i
1018 1154 203 49 Södertälje
1249 1156 233 44 hemställan,
1602 1154 6 8 Ä

520 1206 61 35 och
612 1205 75 36 dels
715 1218 43 22 av
786 1206 84 34 herr
898 1207 263 43 Reuterskiöld,
1191 1219 78 22 som
1298 1206 137 36 anfört:

519 1255 304 36 >Konsekvensen
864 1269 44 22 av
949 1256 72 35 den
1063 1257 161 46 ändring
1245 1277 5 4 -
1266 1258 181 35 utskottet
1488 1257 193 48 föreslagit
1707 1259 13 33 i
1749 1259 81 47 kap.
1861 1260 20 33 5
1911 1257 23 45 $&
1965 1260 44 33 12

383 1305 115 35 borde
538 1318 97 31 vara,
679 1311 54 30 att
769 1319 81 22 man
880 1306 69 36 och
979 1306 129 36 hustru
1137 1307 205 35 likställdes
1371 1315 89 28 även
1491 1309 12 34 i
1532 1308 101 36 detta
1660 1309 157 47 lagrum.
1871 1309 16 34 I
1914 1309 98 35 valet

383 1357 136 34 mellan
547 1357 242 47 lagrummets
817 1357 257 47 omskrivning
1101 1358 68 34 och
1198 1358 235 47 uteslutning
1460 1371 110 35 synas
1599 1364 117 30 större
1745 1359 77 35 skäl
1849 1360 75 34 tala
1953 1359 59 35 för

381 1406 73 36 den
496 1419 127 23 senare
665 1412 172 43 utvägen,
879 1407 47 35 då
955 1407 71 35 den
1056 1408 252 48 begränsning
1344 1410 12 33 i
1384 1409 204 48 borgenärs
1620 1414 85 38 rätt,
1735 1422 77 22 som
1840 1409 68 35 här
1934 1422 75 35 ges,

380 1457 186 47 praktiskt
607 1462 102 43 taget
750 1458 96 35 blott
887 1458 109 35 torde
1024 1458 83 35 leda
1133 1460 59 33 till
1220 1459 175 35 skuldens
1424 1459 238 48 förvandling
1689 1460 59 34 till
1776 1460 235 35 reversskuld

379 1507 72 35 och
480 1507 156 36 sålunda
665 1508 84 35 med
776 1513 135 30 största
938 1509 136 35 lätthet
1103 1509 185 48 kringgås.
1344 1509 127 36 Skulle
1499 1511 83 46 kap.
1612 1513 20 32 5
1662 1508 23 44 $&
1716 1511 44 33 12
1789 1509 180 49 godtagas
1997 1512 12 33 i

381 1558 166 47 enlighet
567 1558 83 35 med
680 1558 137 47 Kungl.
846 1558 125 48 Maj:ts
1000 1558 148 49 förslag,
1177 1567 40 27 är
1245 1560 62 35 det
1333 1563 40 32 så
1400 1561 150 47 mycket
1577 1567 116 28 större
1722 1560 77 35 skäl
1828 1565 54 30 att
1910 1562 101 34 avslå

381 1608 84 47 kap.
509 1611 19 32 7
571 1607 23 44 8
636 1610 33 41 3,
713 1622 76 22 som
818 1610 159 34 hustrun
1006 1610 88 45 eljes
1123 1611 74 34 blir
1223 1611 217 47 ytterligare
1469 1610 258 48 privilegierad
1757 1614 47 44 på
1831 1624 179 23 mannens

381 1658 219 36 bekostnad.
655 1659 74 47 Jag
755 1660 67 34 har
849 1659 127 36 därför
1004 1665 129 38 ansett,
1447 1670 4 4 |

925 1765 54 30 att
1008 1759 120 36 denna
1155 1759 23 45 &
1207 1763 114 33 måtte
1350 1764 119 45 utgå.»

1118 1932 20 34 8
1169 1929 108 36 KAP.

1106 2030 75 36 Vid
1212 2033 17 33 1
1260 2030 34 45 8.

514 2113 77 36 dels
617 2126 44 22 av
689 2113 85 35 herr
800 2113 262 45 Reuterskiöld,
1091 2127 77 23 som
1198 2114 139 37 anfört:

515 2163 95 35 »Mot
638 2164 85 35 herr
751 2163 141 36 Welins
920 2177 49 22 m.
997 2165 37 34 fl.
1064 2166 142 34 motion
1234 2166 68 34 har
1330 2166 184 35 utskottet
1542 2164 83 47 (sid.
1657 2165 63 45 31)
1749 2168 181 42 anmärkt,
1955 2171 54 30 att

376 2212 163 36 domstol
567 2214 82 35 icke
677 2214 68 35 bör
772 2214 126 36 kunna
926 2216 148 46 åläggas
1102 2221 55 29 att
1185 2222 121 40 pröva,
1336 2229 62 22 om
1427 2229 134 35 genom
1591 2216 144 36 förords
1760 2216 248 49 upprättande
