2188 2622
662 164 113 30 Första
795 165 220 35 lagutskottets
1035 166 162 31 utlåtande
1218 167 48 29 Nr
1289 167 56 31 27.
1727 171 40 31 63

350 245 138 40 (Kungl.
512 245 121 41 Maj:ts
654 246 153 41 förslag.)
1233 250 198 41 (Utskottets
1453 252 158 43 förslag.)

965 353 19 30 2
1008 353 25 39 &,

234 416 66 32 Gör
315 427 60 20 ena
390 416 119 32 maken
523 416 48 48 sig
585 417 130 41 skyldig
729 416 49 33 till
793 428 80 31 grov
887 417 226 34 försummelse
1127 430 43 20 av
1184 420 50 32 sin
1250 421 84 41 plikt
1349 425 53 28 att
1415 422 140 43 försörja
1570 425 103 31 andra
1689 425 119 33 maken

191 458 75 32 eller
281 458 133 38 barnen,
431 458 75 32 eller
521 459 196 32 åsidosätter
732 459 65 31 han
812 459 94 42 eljest
926 461 5 31 i
946 460 140 42 märklig
1101 463 76 30 mån
1192 462 71 32 sina
1278 463 120 42 plikter
1413 469 71 27 mot
1498 466 88 38 dem,
1602 467 75 32 eller
1692 470 36 28 är
1741 468 65 32 han

190 501 175 32 hemfallen
387 503 37 29 åt
445 501 164 32 missbruk
631 512 43 20 av
695 502 196 41 rusgivande
913 503 116 37 medel,
1053 504 76 31 eller
1150 504 50 32 för
1222 505 65 32 han
1310 509 50 28 ett
1380 507 143 32 lastbart
1544 508 55 38 liv,
1624 512 58 39 äge
1704 510 103 32 andra

190 543 118 32 maken
329 544 100 31 vinna
448 544 227 38 hemskillnad,
696 544 114 31 såvida
829 544 28 42 ej
880 545 75 31 med
974 545 128 42 hänsyn
1123 546 49 32 till
1191 548 83 31 hans
1293 552 72 38 eget
1383 549 208 33 förhållande
1610 551 75 32 eller
1703 552 103 32 andra

189 586 159 31 särskilda
370 586 280 41 omständigheter
672 587 128 31 ändock
821 587 145 41 skäligen
987 588 65 31 kan
1074 588 138 40 fordras,
1235 594 52 27 att
1307 591 65 31 han
1394 592 175 32 fortsätter
1590 594 216 32 sammanlev-

189 628 118 32 naden.

231 671 70 31 Har
318 673 42 39 på
376 671 105 40 grund
499 682 43 20 av
558 670 174 42 stridighet
748 671 10 32 i
775 671 99 42 lynne
890 673 61 31 och
969 672 171 32 tänkesätt
1157 674 76 32 eller
1249 686 43 20 av
1308 687 110 21 annan
1436 678 97 31 orsak
1550 680 155 40 uppstått
1722 678 83 43 djup

187 713 61 31 och
270 712 151 42 varaktig
441 714 155 40 söndring
616 714 119 31 mellan
756 714 169 38 makarna,
947 714 61 32 och
1030 715 56 31 vill
1107 716 119 32 endera
1247 717 121 33 erhålla
1388 719 230 39 hemskillnad,
1640 731 78 21 vare
1737 721 66 32 han

185 756 112 30 därtill
316 755 196 42 berättigad,
531 756 115 31 såvida
664 756 28 41 ej
713 757 75 31 med
805 756 128 42 hänsyn
953 757 49 31 till
1020 757 83 31 hans
1120 758 204 33 förhållande
1342 761 75 32 eller
1435 762 104 31 andra
1557 763 160 32 särskilda
1735 774 68 21 om-

186 797 225 42 ständigheter
431 798 128 31 ändock
578 798 146 40 skäligen
744 799 65 31 kan
829 798 137 39 fordras,
987 803 52 27 att
1058 799 66 32 han
1143 801 172 32 fortsätter
1333 804 325 32 sammanlevnaden.

962 893 18 30 3
997 874 30 63 $.

179 958 146 42 Hava
342 958 114 32 makar
473 958 82 32 efter
572 970 132 21 vunnen
722 959 217 32 hemskillnad
956 961 91 31 levat
1063 962 143 31 åtskilda
1224 967 49 27 ett
1290 966 45 36 år,
1354 965 60 31 och
1433 967 36 29 är
1487 967 313 33 sammanlevnaden

185 1000 27 41 ej
234 1000 100 32 heller
351 1000 142 32 därefter
510 1005 178 37 upptagen,
708 1002 99 31 varde
824 1004 42 39 på
885 1002 91 31 talan
994 1014 44 20 av
1055 1004 119 31 endera
1192 1005 94 31 dömt
1303 1007 50 31 till
1371 1007 354 42 äktenskapsskillnad.

959 1097 19 29 4
991 1097 34 39 $.

227 1160 61 32 Om
308 1161 114 31 makar
439 1166 82 27 utan
539 1162 78 31 dom
635 1164 19 29 å
672 1161 217 33 hemskillnad
930 1164 20 30 på
967 1164 107 40 grund
1092 1176 43 19 av
1152 1166 155 42 söndring
1323 1168 74 31 leva
1416 1168 144 32 åtskilda
1579 1170 101 31 sedan
1699 1170 102 33 minst

183 1207 50 27 tre
249 1206 46 35 år,
314 1205 59 40 äge
389 1214 39 21 en
446 1215 59 20 var
522 1215 43 20 av
581 1204 76 31 dem
674 1203 100 33 vinna
792 1205 354 41 äktenskapsskillnad;
1165 1207 85 32 dock
1268 1210 53 30 må
1338 1209 28 42 ej
1387 1210 49 31 till
1455 1210 344 43 äktenskapsskillnad

181 1248 125 35 dömas,
321 1256 54 20 om
389 1246 117 31 endast
519 1256 61 21 ena
594 1246 119 31 maken
726 1246 57 32 vill
796 1247 112 41 skiljas
921 1248 62 31 och
997 1248 75 31 med
1085 1249 129 41 hänsyn
1229 1250 49 32 till
1293 1250 81 33 hans
1387 1252 208 33 förhållande
1608 1254 75 31 eller
1696 1255 103 32 andra

180 1287 161 32 särskilda
358 1288 280 41 omständigheter
655 1288 220 42 äktenskapet
890 1289 107 32 finnes
1014 1290 144 41 skäligen
1176 1291 72 32 icke
1266 1292 78 32 böra
1362 1296 43 39 på
1422 1294 83 31 hans
1522 1296 91 31 talan
1632 1297 165 41 upplösas.

956 1392 17 29 5
988 1392 34 39 8.

221 1455 70 32 Har
313 1467 60 20 ena
396 1456 117 31 maken
536 1457 187 41 egenvilligt
744 1457 60 31 och
827 1461 80 28 utan
931 1458 93 42 giltig
1046 1460 97 31 orsak
1165 1461 223 43 undandragit
1408 1464 49 41 sig
1479 1475 69 21 sam
1556 1467 238 33 manlevnaden

178 1499 58 30 två
256 1500 35 29 år
311 1498 60 31 och
392 1498 27 41 ej
441 1498 182 32 sedermera
643 1500 154 41 upptagit
816 1500 74 38 den,
911 1502 59 40 äge
989 1502 104 31 andra
1113 1503 119 32 maken
1253 1504 99 32 vinna
1372 1506 142 32 skillnad
1533 1507 10 31 i
1563 1504 231 51 äktenskapet.

953 1595 17 29 6
985 1595 34 39 3.

221 1661 44 36 Är
281 1677 61 20 ena
358 1667 118 31 maken
495 1667 105 37 borta,
618 1668 60 31 och
695 1671 56 28 vet
767 1679 76 20 man
859 1669 41 41 ej,
917 1673 52 27 att
985 1670 65 31 han
1067 1670 89 31 inom
1172 1671 41 31 de
1230 1676 48 27 tre
1294 1672 79 32 sista
1390 1676 77 29 åren
1486 1676 87 31 varit
1590 1677 55 31 vid
1661 1678 56 38 liv,
1735 1681 58 39 äge

173 1708 105 31 andra
302 1708 117 31 maken
441 1709 101 31 vinna
564 1709 351 42 äktenskapsskillnad.

950 1798 16 29 7
986 1777 30 64 8.

214 1859 70 31 Har
301 1870 60 21 ena
378 1860 129 38 maken,
525 1860 8 31 i
551 1860 82 32 strid
651 1864 70 28 mot
737 1862 65 31 vad
819 1862 9 31 i
846 1864 18 30 2
881 1862 76 42 kap.
977 1865 38 29 10
1032 1864 15 39 $
1064 1866 36 28 är
1116 1865 143 41 stadgat,
1277 1866 109 41 ingått
1402 1871 81 37 nytt
1500 1869 92 40 gifte,
1610 1872 58 40 äge
1685 1872 103 32 andra

172 1901 117 31 maken
305 1902 100 31 vinna
421 1902 352 39 äktenskapsskillnad,
790 1904 138 31 såframt
943 1905 65 31 han
1025 1906 155 31 anställer
1196 1908 90 30 talan
1302 1908 115 32 därom
1433 1910 90 32 inom
1539 1922 57 21 sex
1623 1910 165 48 månader,

170 1943 71 31 från
262 1944 57 31 det
337 1944 64 31 han
420 1944 66 31 fick
505 1944 151 42 kunskap
674 1956 53 20 om
746 1945 62 31 den
827 1957 65 30 nya
911 1947 135 41 vigseln.

947 2033 65 38 88.

211 2094 118 40 Bryter
347 2105 60 20 ena
426 2095 118 31 maken
563 2096 220 41 äktenskapet
802 2097 74 31 med
894 2098 69 37 hor,
983 2099 76 31 eller
1078 2101 79 29 övar
1176 2100 64 31 han
1260 2112 110 21 annan
1390 2103 159 31 straffbar
1572 2105 108 38 otukt,
1700 2106 84 32 have

167 2135 103 31 andra
289 2136 117 31 maken
424 2138 69 29 rätt
512 2137 48 31 till
579 2137 352 42 äktenskapsskillnad,
950 2141 115 30 såvida
1084 2141 65 31 han
1167 2141 28 41 ej
1217 2143 86 30 varit
1320 2143 147 42 delaktig
1485 2145 10 31 i
1514 2146 177 41 gärningen
1710 2148 75 31 eller

167 2177 169 41 samtyckt
351 2177 120 38 därtill;
487 2178 65 31 han
567 2178 175 32 instämme
756 2180 85 31 dock
855 2181 49 31 sin
919 2182 91 31 talan
1026 2182 89 31 inom
1130 2193 57 21 sex
1202 2185 155 31 månader
1372 2185 84 32 efter
1470 2187 145 32 erhållen
1630 2189 150 42 kunskap

168 2229 53 20 om
240 2219 175 41 gärningen
434 2220 60 30 och
513 2225 110 27 senast
640 2221 88 31 inom
747 2225 49 28 tre
814 2224 45 36 år,
879 2223 98 31 sedan
998 2223 62 32 den
1080 2224 140 41 begicks,
1240 2226 74 31 eller
1332 2238 77 20 vare
1427 2227 150 43 förlustig
1595 2230 48 31 sin
1663 2232 77 30 rätt.
