2210 2620
420 152 39 30 46
876 151 113 29 Första
1009 152 221 33 lagutskottets
1250 151 164 30 utlåtande
1435 151 48 28 Nr
1507 150 50 30 27.

536 233 141 42 (Kungl.
701 232 123 40 Maj:ts
846 231 153 41 förslag.)
1428 232 198 41 (Utskottets
1648 232 156 40 förslag.)

422 338 20 29 4
465 346 92 21 mom.
606 336 45 30 Är
667 334 177 41 anledning
861 337 121 37 antaga
999 337 53 27 att
1068 334 152 31 trolovad
1237 336 36 28 är
1289 333 186 42 sinnessjuk
1492 334 76 31 eller
1584 334 170 36 sinnesslö,
1773 334 75 31 eller
1865 333 60 32 har
1943 337 64 27 tro-

384 378 97 32 lovad
493 378 88 31 varit
594 376 186 41 sinnessjuk
792 376 91 31 inom
897 376 41 31 de
951 379 49 28 tre
1013 376 81 31 sista
1107 377 88 36 åren,
1209 375 84 32 skall
1306 376 66 31 han
1386 376 75 31 med
1475 376 190 41 läkarintyg
1678 375 127 42 styrka,
1819 379 53 28 att
1886 376 122 30 sinnes-

381 420 154 42 sjukdom
554 419 77 32 eller
650 418 217 32 sinnesslöhet
886 418 71 31 icke
976 418 66 31 kan
1063 418 59 31 hos
1140 418 123 31 honom
1283 418 141 41 påvisas.
1948 450 4 4 .

422 463 20 30 5
463 473 92 20 mom.
602 460 164 32 Trolovad
787 460 94 38 skall,
903 471 54 20 om
976 460 67 31 han
1064 462 36 29 är
1120 460 90 31 känd
1228 460 52 31 för
1299 460 210 38 fallandesot,
1529 460 107 32 förete
1656 460 199 41 läkarintyg,
1877 463 53 27 att
1949 459 60 32 fal-

381 504 159 37 landesot,
563 514 71 21 som
655 503 114 31 härrör
790 513 44 20 av
856 502 231 41 övervägande
1107 502 70 32 inre
1197 502 143 38 orsaker,
1362 502 72 31 icke
1455 502 66 31 kan
1543 502 60 31 hos
1623 502 124 31 honom
1769 502 142 41 påvisas,
1935 512 74 20 men

380 546 93 41 eljest
491 545 120 42 avgiva
629 544 142 42 skriftlig
789 544 172 31 försäkran
981 546 42 39 på
1041 544 100 31 heder
1159 543 60 32 och
1239 547 159 35 samvete,
1418 547 52 29 att
1488 544 77 38 han,
1585 544 104 32 såvitt
1707 544 123 31 honom
1849 545 36 29 är
1904 546 104 28 veter-

381 589 67 40 ligt,
468 588 72 32 icke
559 590 37 29 är
614 586 161 32 behäftad
794 586 76 31 med
888 586 208 32 fallandesot.

423 630 163 32 Trolovad
605 629 84 31 skall
709 629 61 31 ock
790 629 122 41 avgiva
932 628 142 42 skriftlig
1094 628 171 32 försäkran
1286 630 43 40 på
1350 628 99 32 heder
1469 629 61 31 och
1551 632 159 34 samvete,
1733 631 52 28 att
1805 628 77 37 han,
1905 627 105 32 såvitt

382 673 121 31 honom
518 674 35 29 är
568 671 164 41 veterligt,
747 671 73 32 icke
835 671 81 32 lider
931 681 43 21 av
988 670 240 42 könssjukdom
1241 671 11 31 i
1267 671 207 31 smittosamt
1488 671 110 31 skede.

423 714 71 32 Vad
512 713 140 32 sålunda
671 716 35 28 är
724 713 136 41 stadgat
879 715 58 39 äge
956 713 84 31 dock
1058 712 28 42 ej
1108 712 209 42 tillämpning
1335 713 76 31 med
1429 713 163 31 avseende
1610 714 19 30 å
1648 712 164 38 trolovad,
1832 722 72 21 som
1923 711 87 31 visar

384 758 201 39 Konungens
604 755 151 32 tillstånd
773 759 53 27 att
844 759 82 27 utan
945 755 116 31 hinder
1080 766 44 20 av
1141 754 166 42 sjukdom,
1327 765 115 21 varom
1460 755 92 41 fråga
1571 757 47 36 är,
1638 755 77 40 ingå
1734 753 232 41 äktenskapet.

424 798 20 31 6
465 809 92 21 mom.
605 797 51 32 En
670 808 59 21 var
744 808 43 20 av
801 797 41 31 de
856 797 174 31 trolovade
1043 797 85 32 skall
1140 797 120 41 avgiva
1273 797 143 42 skriftlig
1429 797 172 31 försäkran
1615 799 43 39 på
1671 797 101 31 heder
1786 796 61 31 och
1862 798 149 28 samvete

381 844 62 34 att,
462 840 105 31 såvitt
584 839 123 32 honom
726 842 35 28 är
780 839 163 41 veterligt,
963 839 40 31 de
1022 838 27 42 ej
1071 842 56 28 äro
1146 841 35 29 så
1200 839 194 32 besläktade
1412 839 75 32 eller
1505 839 214 41 besvågrade,
1738 849 72 20 som
1828 838 10 31 i
1857 839 19 30 2
1896 837 75 41 kap.
1992 837 18 30 7

382 883 75 30 eller
473 883 19 30 9
509 883 15 39 $
540 884 85 39 sägs,
643 881 72 38 och,
732 882 60 31 där
809 881 28 41 ej
858 881 50 32 till
925 881 221 41 äktenskapet
1161 881 87 31 visas
1265 881 152 32 tillstånd
1432 881 134 47 jämlikt
1583 883 18 29 2
1619 882 76 41 kap.
1714 882 20 30 8
1750 881 26 39 $,
1795 883 53 28 att
1864 879 28 41 ej
1912 878 100 31 heller

382 924 102 31 sådan
505 923 183 42 släktskap,
709 934 71 21 som
801 923 60 31 där
882 934 104 26 avses,
1008 923 121 32 honom
1150 923 179 41 veterligen
1348 923 180 41 föreligger.

426 967 19 30 7
465 976 93 22 mom.
604 967 67 30 Det
684 966 121 42 åligger
819 976 40 20 en
874 976 59 21 var
947 976 43 20 av
1004 965 41 31 de
1059 965 171 32 trolovade
1244 969 53 28 att
1310 966 10 30 i
1335 965 143 41 skriftlig
1491 966 173 30 försäkran
1679 967 42 39 på
1736 964 100 32 heder
1851 963 61 32 och
1927 973 85 20 sam-

383 1012 76 27 vete
476 1008 157 42 uppgiva,
654 1008 165 31 huruvida
837 1007 67 32 han
923 1008 90 31 förut
1031 1008 110 41 ingått
1159 1007 196 42 äktenskap.

426 1050 69 31 Har
513 1050 155 31 trolovad
686 1050 91 31 förut
795 1050 110 40 ingått
924 1050 195 41 äktenskap,
1140 1050 60 31 och
1219 1050 112 31 utvisa
1350 1050 28 41 ej
1400 1050 273 41 kyrkoböckerna
1693 1049 75 31 eller
1787 1049 107 40 intyg,
1914 1057 71 21 som
2004 1046 9 30 i

386 1094 14 29 1
423 1103 97 21 mom.
541 1095 85 38 sägs,
646 1096 53 27 att
717 1092 223 42 äktenskapet
959 1091 97 32 blivit
1075 1102 117 30 genom
1212 1092 139 31 makens
1370 1092 67 31 död
1456 1092 76 32 eller
1551 1091 195 32 annorledes
1764 1091 146 40 upplöst,
1931 1088 83 31 skall

384 1134 65 31 han
466 1134 115 41 styrka
598 1138 53 27 att
666 1136 35 29 så
718 1134 100 32 skett.

427 1175 21 32 8
469 1187 92 21 mom.
608 1176 71 31 Har
693 1176 149 32 kvinnan
858 1176 88 31 varit
960 1176 72 41 gift,
1049 1176 61 31 och
1124 1176 111 32 utvisa
1248 1176 28 42 ej
1291 1176 273 42 kyrkoböckerna
1575 1177 77 31 eller
1664 1175 181 41 intyg,som
1858 1174 10 31 i
1893 1175 6 29 I
1914 1182 99 22 mom.

386 1220 84 39 sägs,
487 1222 54 27 att
557 1218 117 32 hinder
691 1219 50 31 till
757 1218 84 42 följd
858 1230 44 20 av
919 1218 202 41 stadgandet
1136 1218 11 32 i
1165 1220 17 30 2
1199 1219 77 41 kap.
1296 1220 37 30 11
1353 1220 15 39 $
1384 1218 28 42 ej
1432 1218 181 41 föreligger,
1632 1218 84 31 skall
1733 1217 66 31 hon
1817 1215 128 42 styrka,
1963 1216 53 28 att

386 1260 121 31 sådant
529 1261 117 31 hinder
669 1260 27 41 ej
722 1263 117 29 möter.

1166 1321 18 29 3
1206 1321 25 38 $.

430 1387 98 31 Hava
547 1387 42 31 de
606 1387 173 31 trolovade
797 1387 151 41 fullgjort
966 1387 65 31 vad
1050 1387 102 41 enligt
1169 1389 18 30 2
1206 1388 15 39 $
1240 1387 120 41 åligger
1379 1387 85 38 dem,
1484 1386 61 32 och
1564 1386 107 31 finner
1690 1385 27 42 ej
1739 1387 134 39 prästen
1902 1380 116 34 hinder

392 1432 70 28 mot
483 1429 223 41 äktenskapet
741 1431 103 36 möta,
867 1429 133 32 utfärde
1022 1430 66 30 han
1111 1433 115 37 genast
1247 1429 246 41 lysningssedel,
1517 1429 76 31 med
1614 1426 188 43 angivande
1823 1436 43 21 av
1888 1426 42 31 de
1952 1428 66 27 tro-

390 1471 134 32 lovades
543 1471 216 41 fullständiga
778 1482 103 20 namn
901 1471 104 41 jämte
1024 1471 81 42 yrke
1125 1471 61 31 och
1205 1471 155 38 hemvist;
1382 1471 61 31 och
1463 1471 102 31 varde
1584 1471 63 31 den
1669 1479 118 31 genom
1807 1467 211 32 utfärdarens

388 1513 124 41 försorg
532 1512 166 42 kungjord
717 1513 10 31 1
748 1513 130 41 kyrkan
900 1518 50 26 tre
969 1513 163 41 söndagar
1151 1513 11 32 i
1182 1513 69 32 rad.
1974 1537 1 9 :

432 1555 106 32 Sedan
555 1555 130 41 lysning
701 1555 101 38 skett,
819 1557 61 39 äge
895 1555 27 41 ej
941 1566 143 21 mannen
1101 1555 75 32 eller
1191 1555 149 31 kvinnan
1357 1555 121 31 erhålla
1495 1554 131 41 lysning
1642 1553 49 31 till
1703 1556 106 28 annat
1820 1551 200 41 äktenskap,

387 1597 111 73 förrän
514 1597 74 41 fyra
605 1597 157 32 månader
778 1597 146 31 förflutit
940 1597 72 32 från
1029 1597 81 31 sista
1126 1597 265 41 lysningsdagen,
1409 1596 75 31 med
1499 1595 128 32 mindre
1643 1595 63 31 den
1723 1594 104 32 andra
1844 1593 175 32 trolovade

386 1639 126 31 avlidit.

1167 1700 19 29 4
1199 1699 34 39 $.

432 1758 112 31 Menar
568 1759 119 40 någon,
712 1761 53 27 att
789 1757 116 31 hinder
928 1761 70 27 mot
1023 1756 220 42 äktenskapet
1267 1759 116 35 möter,
1409 1757 129 31 anmäle
1562 1756 61 32 och
1647 1756 114 41 styrke
1785 1755 66 31 han
1875 1755 58 32 det
1956 1754 62 31 hos

388 1802 142 38 prästen.

1168 1859 19 30 5
1209 1858 24 40 8.

434 1911 44 38 Är
492 1917 130 41 lysning
636 1917 199 38 fullbordad,
850 1917 62 31 och
925 1917 59 31 har
998 1915 27 43 ej
1041 1916 116 32 hinder
1170 1919 71 28 mot
1254 1916 221 41 äktenskapet
1488 1915 98 32 blivit
1597 1915 134 42 jämlikt
1744 1916 19 30 4
1775 1916 16 39 $
1803 1914 60 32 hos
1886 1916 133 40 prästen

391 1959 127 32 anmält
539 1959 62 31 och
623 1959 112 41 styrkt
755 1959 77 31 eller
855 1958 95 42 eljest
972 1958 97 32 blivit
1089 1958 122 32 honom
1232 1958 153 42 kunnigt,
1407 1958 74 42 give
1502 1958 77 38 han,
1602 1960 60 29 när
1683 1958 58 31 det
1762 1957 108 37 äskas,
1892 1955 129 33 de'tro-

389 2001 124 32 hovade
529 2001 95 42 intyg
641 2012 54 20 om
712 2001 172 41 lysningen
901 2001 60 31 och
978 2004 53 28 att
1046 2000 116 32 hinder
1178 2000 49 32 för
1244 2000 238 42 äktenskapets
1497 2000 162 41 ingående
1675 1999 28 42 ej
1723 2001 106 29 möter
1847 1997 172 42 (lysnings-

391 2044 102 38 levis).

1172 2103 18 30 6
1212 2102 25 39 8.

435 2157 44 36 Är
500 2162 154 31 trolovad
674 2161 128 42 dödligt
823 2161 87 41 sjuk,
932 2161 75 31 eller
1028 2161 104 31 kallas
1153 2171 142 20 mannen
1317 2160 50 32 till
1388 2159 255 43 uppbrott”mot
1664 2158 220 38 fienden,
1836 2152 46 55 må
1905 2156 116 32 äkten-

390 2203 117 42 skapet
527 2204 103 41 ingås,
652 2207 82 28 utan
756 2207 53 27 att
829 2203 131 41 lysning
979 2203 155 41 föregått.
