1912 2808
635 177 228 27 Statsutskottets
887 175 146 28 utlåtande
1055 175 47 27 Nr
1125 173 49 30 536.
1620 172 30 28 11

1534 367 67 31 Bil.

636 466 67 31 Till
727 465 202 41 riksdagens
953 464 229 32 statsutskott.

212 543 113 32 Sedan
350 542 332 33 försvarsväsendets
705 540 209 33 lönenämnd
937 541 66 30 den
1028 541 35 30 11
1088 538 149 32 februari
1264 539 76 30 1927
1365 549 38 20 av
1420 538 123 39 Kungl.
1562 537 94 39 Maj:t

160 585 182 32 anbefallts
376 585 118 41 avgiva
526 584 159 42 yttrande
708 585 80 30 över
811 595 41 19 en
875 583 93 31 inom
992 582 105 31 andra
1119 582 193 30 kammaren
1336 580 97 31 väckt
1455 580 139 36 motion,
1619 590 39 19 nr

160 629 49 36 38,
234 638 55 20 om
313 628 68 30 rätt
403 628 52 30 för
478 626 348 32 musikdirektörerna
850 626 33 31 8.
908 625 41 31 D.
975 624 195 41 Lindeberg
1193 623 63 32 och
1280 623 39 31 G.
1337 623 46 30 M.
1400 622 39 31 V.
1457 621 199 42 Björkquist

159 672 50 29 att
231 670 52 31 för
306 669 234 42 uppflyttning
561 669 12 31 i
595 668 252 32 löneförmåner
871 666 249 42 tillgodoräkna
1143 666 52 41 sig
1218 666 69 30 viss
1305 664 185 42 tjänstetid,
1508 664 49 30 får
1569 664 89 31 löne-

159 712 172 31 nämnden
354 712 11 31 1
389 711 141 31 ärendet
552 711 117 31 anföra
692 710 159 42 följande.

212 755 18 30 I
252 754 176 32 motionen
451 753 208 38 hemställes,
684 755 49 29 att
748 752 182 42 riksdagen
946 753 103 30 måtte
1066 750 164 41 medgiva,
1247 752 50 29 att
1312 748 347 32 musikdirektörerna

160 797 33 32 3.
217 797 42 31 D.
294 796 198 42 Lindeberg
525 796 57 31 vid
616 796 87 31 Svea
736 795 218 41 ingenjörkår
988 794 62 32 och
1082 793 40 32 G.
1147 793 46 31 M.
1217 793 39 31 V.
1281 791 202 42 Björkquist
1504 790 57 31 vid
1584 790 74 31 Liv-

159 841 229 39 regementets
422 838 217 42 grenadjärer
671 840 105 29 måtte
810 838 52 31 för
895 836 233 42 uppflyttning
1154 836 10 30 i
1188 835 248 31 löneförmåner
1459 833 106 41 enligt
1589 834 69 29 11:e

159 882 219 31 löneklassen
401 881 33 31 få
456 880 250 42 tillgodoräkna
729 880 53 41 sig
797 880 67 31 den
880 879 177 42 tjänstetid
1073 878 42 31 de
1131 878 163 35 innehaft,
1311 876 194 40 Lindeberg
1516 876 38 30 fr.
1569 886 28 20 o.
1615 886 42 19 m.

160 923 66 31 den
251 924 15 30 1
289 924 65 40 juli
378 923 80 31 1916
482 923 64 31 och
569 922 203 41 Björkquist
793 921 39 31 fr.
857 932 29 21 o.
911 932 41 20 m.
978 921 65 31 den
1067 921 19 30 2
1106 920 64 41 juli
1196 920 88 30 1909.

214 965 122 31 Såsom
359 965 12 31 i
394 964 175 32 motionen
593 964 177 41 uppgives,
805 964 85 30 hava
913 963 101 31 dessa
1036 963 112 40 frågor
1171 961 143 40 tidigare
1337 960 86 31 varit
1445 959 139 32 foremål
1608 959 52 30 för

160 1007 125 41 Kungl.
310 1006 116 42 Maj:ts
449 1006 177 41 prövning.
672 1006 81 31 Med
777 1005 168 31 avseende
968 1005 80 31 härå
1072 1004 97 32 torde
1185 1004 83 30 böra
1284 1003 128 30 erinras
1429 1013 54 20 om
1499 1000 159 42 följande.

212 1049 75 32 Vad
320 1050 88 30 först
440 1050 104 39 angår
572 1048 191 39 Lindeberg,
798 1047 140 32 anförde
972 1047 65 31 han
1065 1046 11 31 i
1099 1046 193 40 ansökning
1314 1045 65 31 den
1405 1045 35 30 17
1465 1054 89 21 mars
1580 1044 79 30 1922

159 1091 45 32 bl.
229 1102 38 21 a.:
292 1091 205 41 Lindeberg,
522 1101 73 21 som
619 1101 80 20 vore
721 1089 85 32 född
829 1090 66 31 den
922 1090 37 31 12
980 1089 75 42 juni
1080 1089 89 38 1878,
1193 1088 79 31 kom
1295 1087 11 31 i
1329 1087 147 32 kronans
1493 1087 104 40 tjänst
1612 1087 47 29 så-

161 1145 73 20 som
269 1134 223 41 trumslagare
524 1133 58 31 vid
615 1132 117 32 Andra
753 1132 167 41 livgardet
943 1132 66 31 den
1033 1132 39 31 22
1094 1131 132 41 januari
1252 1130 88 31 1889.
1385 1129 96 31 Efter
1503 1131 49 28 att
1575 1128 85 31 hava

160 1176 137 31 erhållit
330 1175 126 32 avsked
489 1175 74 31 från
585 1175 149 31 nämnda
755 1177 194 38 regemente
972 1174 77 31 blev
1071 1173 67 31 han
1163 1173 191 31 sedermera
1377 1171 65 31 den
1465 1172 38 30 31
1527 1170 132 41 januari

163 1219 78 30 1901
266 1218 239 31 konstituerad
528 1218 52 31 till
603 1217 274 41 musiksergeant
892 1216 57 32 vid
965 1215 304 33 Västernorrlands
1285 1215 200 40 regemente.
1514 1213 17 31 I
1549 1213 111 31 denna

160 1260 192 41 befattning
374 1260 162 32 kvarstod
558 1260 76 37 han,
660 1260 52 31 till
735 1260 80 31 dess
839 1259 67 31 han
930 1259 66 31 den
1019 1259 37 31 31
1085 1257 180 32 december
1290 1257 79 31 1902
1385 1255 275 32 konstituerades

162 1305 112 30 såsom
298 1303 273 41 musiksergeant
594 1314 39 19 av
670 1303 48 30 1:a
740 1302 93 31 klass
856 1302 58 31 vid
936 1301 276 32 fortifikationen.
1258 1299 61 32 Uti
1343 1298 212 32 sistnämnda
1578 1298 81 40 grad

162 1345 135 42 uppbar
329 1345 67 31 han
430 1345 67 39 lön,
533 1345 52 31 till
619 1345 80 31 dess
733 1344 67 31 han
827 1344 67 31 den
917 1345 19 30 9
959 1343 148 32 februari
1132 1344 78 30 1921
1236 1341 203 32 utnämndes
1463 1341 52 30 till
1538 1340 123 31 musik-

161 1388 199 41 fanjunkare
383 1387 58 32 vid
464 1387 277 32 fortifikationen.
786 1386 88 32 Före
898 1386 171 40 sistsagda
1093 1386 65 40 dag
1180 1384 87 32 hade
1291 1384 67 31 han
1374 1382 188 33 emellertid
1575 1383 86 30 varit

161 1430 159 42 placerad
344 1432 114 30 såsom
487 1430 109 31 äldste
619 1429 343 32 musikunderofficer
994 1428 57 32 vid
1084 1427 307 41 fälttelegrafkåren
1425 1426 38 30 fr.
1488 1436 28 20 o.
1535 1436 41 20 m.
1595 1425 65 31 den

163 1475 15 28 1
213 1473 64 40 juli
313 1473 81 31 1916
428 1472 51 31 till
503 1472 65 31 den
599 1473 14 29 1
640 1471 86 42 april
752 1473 89 35 1921,
866 1471 44 31 då
931 1471 67 31 han
1022 1470 197 41 placerades
1242 1469 56 30 vid
1322 1469 86 31 Göta
1433 1467 226 42 ingenjörkår.

162 1515 120 32 Under
304 1514 96 31 tiden
423 1514 88 31 hade
534 1514 76 38 han,
635 1525 74 20 som
733 1514 65 30 den
832 1514 41 30 30
895 1514 66 39 maj
988 1513 79 30 1913
1091 1513 111 39 avlagt
1224 1511 436 31 musikdirektörsexamen,

161 1557 115 31 vidare
289 1556 66 32 den
371 1557 37 30 18
432 1556 144 32 oktober
608 1557 79 30 1917
722 1557 177 30 utnämnts
910 1555 51 31 till
977 1554 372 40 musikunderlöjtnant
1360 1553 11 30 i
1384 1552 275 31 fortifikationen.

162 1599 77 31 Den
262 1599 115 41 tjänst,
401 1599 68 31 han
492 1598 109 31 under
624 1598 94 31 tiden
744 1600 14 29 1
784 1598 62 40 juli
872 1598 141 30 1916—1
1038 1597 86 41 april
1151 1597 75 30 1921
1253 1596 154 30 förrättat
1425 1597 111 29 såsom
1551 1594 109 31 äldste

162 1641 343 31 musikunderofficer
527 1640 56 32 vid
606 1640 319 40 fälttelegrafkåren,
950 1639 106 31 borde
1080 1638 104 41 enligt
1208 1638 86 30 hans
1318 1636 218 32 förmenande
1560 1647 101 20 anses

162 1683 168 41 likvärdig
363 1683 79 31 med
476 1683 57 31 det
557 1682 125 38 arbete,
707 1693 73 20 som
805 1682 67 30 han
899 1681 87 31 hade
1010 1683 48 29 att
1082 1681 111 30 utföra
1217 1682 113 29 såsom
1354 1678 226 32 musikledare
1604 1678 56 30 vid

163 1726 90 31 Göta
286 1725 226 41 ingenjörkår.
559 1724 79 31 Han
672 1724 204 31 hemställde
911 1723 113 32 därför
1058 1725 50 29 att
1130 1723 33 30 få
1185 1723 52 30 för
1261 1721 231 42 uppflyttning
1515 1720 51 31 till
1592 1721 68 30 11:e

161 1768 219 32 löneklassen
403 1766 250 42 tillgodoräkna
676 1766 145 42 angivna
843 1766 60 31 tid.

214 1810 19 31 I
255 1809 186 42 anledning
464 1820 40 21 av
526 1809 215 41 Lindebergs
765 1809 151 31 ansökan
940 1807 140 32 anförde
1103 1806 361 41 arméförvaltningens
1488 1805 97 31 civila
1610 1804 52 31 de-

162 1854 194 40 partement
379 1852 11 31 i
412 1852 159 42 yttrande
595 1852 65 31 den
684 1852 38 31 31
747 1862 91 21 mars
863 1852 81 30 1922
966 1851 45 31 bl.
1036 1862 37 26 a.,
1098 1851 50 30 att
1171 1849 107 40 enligt
1300 1847 171 33 fastställd
1495 1847 166 41 organisa-

163 1895 72 31 tion
269 1897 112 39 någon
415 1893 526 42 musikfanjunkarebeställning
973 1893 73 31 icke
1080 1893 124 30 funnes
1227 1891 127 31 avsedd
1377 1891 51 30 för
1450 1890 211 39 fälttelegraf-

162 1937 113 38 kåren,
311 1938 89 30 samt
432 1938 50 29 att
516 1936 57 31 det
606 1936 114 31 därför
754 1937 118 40 syntes
895 1936 115 30 kunna
1032 1935 210 35 förutsättas,
1267 1935 49 28 att
1339 1933 41 30 de
1403 1932 159 41 göromål,
1588 1943 72 19 som

163 1980 110 40 ålegat
306 1978 197 42 Lindeberg
536 1978 108 31 under
677 1978 86 31 hans
797 1977 229 42 tjänstgöring
1049 1978 112 30 såsom
1186 1974 226 32 musikledare
1435 1974 57 31 vid
1515 1974 144 31 nämnda

162 2022 68 38 kår,
265 2021 84 37 icke,
382 2032 79 20 vare
496 2021 52 41 sig
581 2020 52 32 till
668 2021 204 40 omfattning
895 2020 82 31 eller
999 2018 244 37 beskaffenhet,
1268 2017 86 31 varit
1376 2016 185 41 likvärdiga
1584 2017 78 30 med

163 2064 86 37 dem,
286 2075 74 20 som
384 2064 95 40 ålåge
509 2062 313 41 musikfanjunkare
846 2064 43 39 på
913 2064 76 29 stat.
1036 2061 108 31 Civila
1167 2061 271 40 departementet
1459 2059 202 31 hemställde

164 2106 122 38 därför,
311 2107 50 30 att
383 2105 236 41 ansökningen
647 2105 73 31 icke
744 2107 104 28 måtte
872 2103 175 32 föranleda
1069 2105 111 38 någon
1204 2103 125 39 Kungl.
1354 2101 114 41 Maj:ts
1492 2101 126 40 åtgärd.

215 2148 350 32 Försvarsväsendets
588 2147 208 31 lönenämnd
819 2146 203 32 hemställde
1046 2146 10 31 i
1080 2145 175 32 utlåtande
1279 2145 65 31 den
1368 2145 18 30 6
1409 2144 63 41 maj
1500 2144 88 36 1922,
1614 2145 46 29 att

163 2191 238 41 ansökningen
424 2191 74 31 icke
521 2192 104 29 måtte
647 2190 146 31 bifallas.

216 2233 126 41 Kungl.
367 2233 98 41 Maj:t
487 2233 80 31 fann
591 2232 107 40 enligt
720 2232 116 31 beslut
859 2231 65 31 den
948 2232 39 30 26
1011 2230 63 42 maj
1103 2231 79 30 1922
1206 2229 232 41 ansökningen
1462 2228 72 31 icke
1548 2228 113 31 kunna

163 2276 145 32 bifallas.

216 2318 76 32 Vad
315 2317 148 32 därefter
486 2317 160 32 beträffar
669 2316 200 41 Björkquist,
894 2315 140 31 anförde
1059 2316 66 30 han
1148 2315 11 30 i
1176 2314 190 41 ansökning
1383 2313 63 32 den
1464 2314 37 30 27
1520 2313 143 31 oktober

167 2362 78 29 1921
280 2360 45 32 bl.
361 2371 41 20 a.:
438 2359 212 41 Björkquist,
686 2370 73 21 som
794 2370 79 20 vore
911 2357 83 32 född
1028 2357 65 32 den
1128 2358 40 30 28
1202 2357 193 41 september
1430 2356 88 34 1877,
1547 2356 77 31 kom
1652 2356 10 31 i

164 2403 150 31 kronans
337 2402 108 41 tjänst
468 2404 112 29 såsom
605 2401 181 41 övertaligt
809 2401 74 41 spel
906 2400 57 31 vid
988 2399 86 32 Svea
1089 2399 150 41 livgarde
1256 2399 64 31 den
1337 2399 19 30 5
1372 2398 182 31 november
1573 2400 88 29 1891.

166 2445 97 31 Efter
296 2446 50 29 att
369 2445 60 30 där
451 2444 86 31 hava
560 2445 178 30 avancerat
761 2443 52 31 till
836 2442 209 40 vicekorpral
1069 2442 108 31 erhöll
1200 2441 67 31 han
1291 2440 125 32 avsked
1439 2440 65 31 den
1528 2441 40 30 30
1591 2452 71 29 sep-

166 2487 132 32 tember
322 2487 90 31 1898.
460 2486 201 32 Sedermera
690 2485 157 32 inträdde
870 2485 66 31 han
960 2485 11 31 i
994 2484 195 31 nuvarande
1213 2484 290 41 Livregementets
1526 2483 136 40 grenad-
