2183 2592
325 227 40 30 10
774 224 103 31 Stats-
890 217 177 46 Utskottets
1078 223 167 30 Utlåtande
1269 221 64 32 N:o
1357 223 53 29 55.

412 305 53 35 De
507 304 369 47 aflöningsförmåner,
918 315 75 23 som
1036 301 113 47 enligt
1191 301 198 48 åberopade
1418 301 351 47 statsrådsprotokoll
1797 301 108 35 borde

279 359 199 35 tillkomma
508 356 285 47 tjenstemännen
823 355 58 35 vid
910 358 117 44 mynt-
1057 353 64 35 och
1151 352 305 46 kontrollverken,
1486 356 60 32 äro
1574 353 172 47 följande:

412 409 53 34 för
506 407 315 46 myntdirektören:
863 407 57 35 lön
965 408 111 44 4,600
1118 404 65 46 kr.,
1213 404 457 48 tienstgöringspenningar
1702 407 107 44 1,800
1838 404 67 45 kr.,

276 462 112 47 jemte
416 463 71 31 rätt
515 460 52 34 till
597 458 121 36 enkelt
747 459 249 46 ålderstillägg
1025 458 86 35 efter
1140 458 20 32 5
1188 457 39 34 år
1256 457 20 34 å
1308 458 73 34 600
1411 456 65 44 kr.,
1506 459 91 31 samt
1625 455 45 35 fri
1699 456 124 35 bostad
1838 455 65 36 och

281 510 203 46 vedbrand;

414 563 52 34 för
503 559 346 45 myntkamreraren:
891 559 58 35 lön
980 561 110 44 2,300
1120 559 66 46 kr.,
1216 558 457 47 tjenstgöringspenningar
1704 559 108 44 1,200
1840 559 65 45 kr.,

278 615 110 46 jemte
430 616 70 32 rätt
542 611 54 35 till
638 610 60 35 två
739 611 256 47 ålderstillägg,
1026 610 190 35 hvartdera
1245 611 19 33 å
1295 612 73 33 500
1398 611 66 45 kr.,
1494 614 91 31 samt
1613 609 45 35 fri
1687 609 122 35 bostad
1838 610 65 34 och

282 664 204 45 vedbrand
467 660 21 56 ;

414 716 55 35 för
511 717 284 42 myntgravören:
838 713 146 35 arfvode
1031 713 110 46 1,500
1183 713 64 45 kr.,
1285 713 110 46 jemte
1429 716 71 31 rätt
1530 712 54 35 till
1613 712 44 35 fri
1685 712 125 35 bostad
1839 711 65 35 och

283 767 204 45 vedbrand;

414 819 54 34 för
510 818 281 34 vaktmästaren:
833 815 58 34 lön
923 818 72 33 5300
1026 817 64 44 kr.,
1119 816 458 47 tjenstgöringspenningar
1608 817 73 35 300
1710 816 61 43 kr.,
1796 815 109 47 jemte

282 874 72 31 rätt
383 870 54 35 till
466 869 43 34 fri
540 868 125 34 bostad
695 868 64 34 och
789 866 200 48 vedbrand;

416 921 54 35 för
494 920 367 35 kontrolldirektören:
890 918 60 35 lön
980 921 112 43 2,600
1120 919 65 46 kr.,
1214 918 458 47 tjenstgöringspenningar
1705 920 105 40 1,400
1841 917 64 42 kr.

280 973 110 45 jemte
431 976 70 30 rätt
543 971 53 35 till
639 971 61 34 två
740 970 259 47 ålderstillägg,
1030 970 189 35 hvartdera
1248 970 20 34 å
1299 971 73 34 500
1401 970 66 44 kr.,
1497 975 90 29 samt
1615 969 44 34 fri
1689 970 121 34 bostad
1840 969 65 34 och

284 1024 203 45 vedbrand;

413 1075 53 34 för
507 1074 247 35 kontrollören:
795 1073 60 34 lön
889 1074 108 43 1,600
1028 1073 63 43 kr.,
1120 1072 456 47 tjenstgöringspenningar
1607 1073 73 34 900
1710 1070 62 47 kr.,
1797 1071 109 46 jemte

286 1130 72 31 rätt
387 1125 55 35 till
472 1125 61 35 två
561 1125 259 45 ålderstillägg,
850 1123 194 35 hvartdera
1073 1124 20 33 å
1123 1126 73 32 500
1226 1125 69 45 kr.;

415 1177 54 34 för
499 1178 225 34 assistenten:
754 1174 149 36 arfvode
936 1176 107 43 1,600
1073 1175 52 34 kr.

416 1228 71 35 För
530 1228 43 34 de
616 1240 71 34 nya
714 1231 177 31 staternas
919 1226 229 46 tillämpning
1177 1226 116 34 skulle
1323 1226 111 46 enligt
1462 1224 132 47 Kongl.
1624 1225 119 47 Maj:ts
1771 1224 136 44 förslag

284 1279 97 47 gälla
409 1279 159 46 följande
596 1279 116 34 vilkor
741 1278 67 35 och
837 1277 188 35 förbehåll:

396 1334 51 31 1:o
495 1335 51 30 att
589 1329 506 47 tjenstgöringspenningarne
1136 1328 57 34 må
1234 1328 35 34 få
1303 1329 179 46 uppbäras
1511 1327 126 35 endast
1666 1327 53 35 för
1750 1327 67 35 den
1845 1326 60 43 tid,

284 1382 173 47 tjenstens
499 1382 232 34 innehafvare
775 1381 164 34 förrättat
981 1380 107 46 tjenst
1127 1380 95 34 inom
1266 1380 134 44 verket,
1429 1391 80 22 men
1539 1379 100 34 skola
1667 1379 54 34 för
1750 1379 66 34 den
1844 1377 62 43 tid,

286 1434 71 34 han
388 1433 94 34 varit
509 1433 81 34 från
620 1433 236 46 tjenstgöring
886 1431 147 44 befriad,
1063 1431 85 46 utgå
1176 1431 52 34 till
1259 1432 78 44 den,
1367 1443 75 22 som
1470 1430 153 46 tjensten
1654 1430 180 45 förrättat;

418 1486 55 33 2:0
507 1488 51 30 att
592 1484 213 46 tjensteman
839 1483 38 34 af
901 1483 98 46 lägre
1028 1482 88 47 grad
1146 1482 93 34 skall
1268 1494 86 22 vara
1383 1481 142 47 skyldig
1554 1486 61 41 att,
1645 1493 55 22 om
1730 1481 70 34 han
1830 1481 78 34 der-

285 1536 55 35 till
371 1535 197 46 förordnas,
599 1535 154 35 bestrida
781 1535 108 46 tjenst
917 1534 11 34 i
956 1534 111 45 högre
1097 1534 107 45 grad;

419 1588 53 34 3:0
502 1591 51 30 att
581 1586 80 46 den,
691 1598 73 23 som
794 1589 87 31 utan
911 1585 155 45 verkligt
1095 1584 302 46 sjukdomsförfall
1426 1583 129 35 undfår
1574 1583 159 47 ledighet
1747 1584 53 34 för
1820 1595 86 31 svag

285 1638 118 35 helsas
434 1637 191 46 vårdande,
656 1636 165 37 enskilda
850 1636 300 47 angelägenheter
1179 1636 84 34 eller
1292 1636 175 35 särskilda
1496 1635 172 46 uppdrag,
1690 1635 91 41 skall
1796 1634 113 34 under

283 1689 207 46 ledigheten
534 1689 92 34 afstå
670 1688 77 36 sina
790 1687 462 48 tjenstgöringspenningar
1286 1687 65 35 och
1381 1686 201 36 derutöfver
1611 1686 93 34 hvad
1734 1698 73 23 som
1835 1685 71 34 kan

284 1741 56 34 för
369 1740 173 47 tjenstens
570 1740 225 35 förrättande
824 1740 192 44 erfordras;

418 1793 57 32 4:0
520 1794 50 31 att
612 1791 57 34 för
709 1792 224 45 tjensteman,
964 1802 72 23 som
1066 1789 149 35 kommit
1242 1790 11 34 i
1283 1789 208 46 åtnjutande
1522 1789 36 34 af
1584 1789 41 35 de
1654 1801 71 34 nya
1753 1788 152 35 löneför-

285 1842 184 43 månerna,
498 1842 65 34 full
592 1841 161 48 pension,
778 1846 64 30 när
872 1842 71 34 han
972 1841 126 35 varder
1127 1841 114 34 dertill
1271 1840 211 46 berättigad,
1512 1840 91 35 skall
1632 1840 85 47 utgå
1746 1839 78 34 med
1853 1839 53 35 lö-

285 1906 91 23 nens
404 1893 81 35 hela
513 1893 146 47 belopp;

420 1947 55 32 5:o
512 1948 61 41 att,
603 1944 61 35 der
693 1943 245 46 ålderstillägg
967 1955 83 34 eger
1079 1955 88 33 rum,
1195 1943 214 47 tidpunkten
1437 1943 53 35 för
1518 1942 110 35 första
1657 1942 248 46 förhöjningen

286 1997 215 35 bestämmes
530 1999 51 32 att
609 1995 142 35 inträda
779 1995 86 35 efter
894 1994 69 35 fem
992 1995 50 44 år,
1072 1995 111 34 under
1211 1995 126 45 vilkor,
1368 1998 51 31 att
1447 1994 269 41 innehafvaren,
1737 1994 38 33 af
1793 1994 113 34 denna

286 2048 62 43 tid,
393 2059 98 23 mera
533 2051 45 30 än
623 2046 79 47 fyra
730 2047 39 34 år
798 2046 82 46 sjelf
900 2045 150 35 bestridt
1078 2047 52 33 sin
1159 2058 88 33 egen
1276 2046 86 34 eller
1389 2046 46 46 på
1463 2046 114 46 grund
1609 2045 38 35 af
1672 2043 233 37 förordnande

288 2110 120 24 annan
451 2102 135 31 statens
628 2098 117 47 tjenst,
789 2097 66 36 och
898 2096 54 35 för
994 2096 111 35 andra
1147 2097 262 47 förhöjningen,
1440 2097 61 35 der
1530 2097 110 34 sådan
1671 2100 38 31 är
1737 2094 169 45 bestämd,

288 2150 90 35 efter
419 2150 211 46 ytterligare
673 2150 66 35 fem
783 2149 40 35 år
864 2149 111 34 under
1004 2160 132 23 samma
1164 2148 129 46 vilkor;
1323 2149 90 34 dock
1444 2152 52 31 att
1525 2148 241 44 ålderstillägg
1795 2146 28 45 ej
1854 2145 52 34 får

288 2201 176 36 tillträdas
492 2201 73 35 förr
594 2205 47 31 än
671 2200 57 36 vid
758 2201 128 46 början
915 2200 39 35 af
978 2199 250 35 kalenderåret
1255 2204 82 31 näst
1365 2200 90 35 efter
1484 2201 68 44 det,
1578 2200 44 34 då
1652 2200 67 33 den
1736 2197 169 46 stadgade

287 2253 255 46 tjensteåldern
583 2252 118 35 blifvit
742 2252 185 48 uppnådd;
957 2251 156 35 börande
1141 2250 209 47 löntagaren
1379 2252 123 34 dåervid
1531 2249 280 47 tillgodoräknas
1839 2249 67 34 den

288 2304 63 46 tid,
396 2316 74 24 som
509 2305 75 35 före
627 2304 68 35 den
731 2316 73 35 nya
841 2309 132 30 statens
1002 2302 184 35 införande
1215 2302 148 35 förflutit
1392 2303 77 34 från
1497 2303 91 34 hans
1617 2300 210 47 utnämning
1855 2300 51 35 till

289 2356 170 47 tjensten;

1915 1091 14 10 3
