2198 2618
378 166 20 29 4
856 165 325 32 Jordbruksutskottets
1202 169 154 28 utlåtande
1378 166 54 31 Nr
1454 170 49 27 80.

478 245 83 35 Med
589 245 143 49 hänsyn
761 245 60 35 till
848 250 53 30 att
928 252 87 41 väg-
1042 245 69 35 och
1130 245 502 48 vattenbyggnadsstyrelsen
1660 247 12 33 i
1700 247 64 35 sitt
1794 244 191 37 utlåtande

377 295 70 36 den
477 298 44 33 27
551 295 208 48 september
789 297 93 34 1916
911 295 180 36 vitsordat
1119 301 54 30 att
1200 298 122 45 någon
1341 296 139 47 ökning
1498 296 11 34 i
1529 295 247 37 kostnaderna
1795 295 58 37 för
1872 296 112 36 brons

378 347 209 47 reparation
620 347 32 46 ej
687 345 194 36 orsakades
913 359 42 22 av
982 346 227 35 önskemålet
1236 350 54 31 att
1317 346 133 35 bevara
1478 345 112 36 brons
1618 346 181 45 karaktär,
1828 348 96 34 lärer
1951 346 31 47 ej

377 397 115 35 heller
528 396 125 36 vidare
697 396 178 36 avseende
902 397 89 35 böra
1017 396 114 36 fästas
1158 396 60 36 vid
1246 395 356 48 stadsfullmäktiges
1630 397 202 45 uttalande,
1861 403 53 30 att
1941 396 44 36 de

376 448 58 35 väl
463 448 116 47 åtagit
608 447 56 47 sig
691 447 245 35 kostnaderna
964 446 56 36 för
1047 447 113 35 brons
1186 446 227 36 försättande
1440 448 11 33 i
1471 451 51 30 ett
1542 452 78 30 mot
1639 448 346 36 trafiksäkerhetens

377 498 87 35 krav
500 497 178 36 svarande
715 498 111 42 skick,
865 511 83 22 men
985 496 166 37 däremot
1178 497 79 36 icke
1284 502 116 44 yttrat
1428 498 56 47 sig
1510 509 59 23 om
1598 497 45 35 de
1672 498 207 45 kostnader,
1908 511 76 23 som

377 548 123 36 kunde
529 547 207 36 föranledas
763 561 43 22 av
833 548 112 35 brons
972 547 291 36 iståndsättande
1283 547 85 36 med
1385 547 204 36 bevarande
1610 561 43 22 av
1672 548 81 35 dess
1772 549 213 36 nuvarande

378 599 131 35 vackra
536 598 70 36 och
635 598 256 49 egendomliga
909 599 181 35 karaktär.

477 649 132 48 Någon
650 650 144 47 rättslig
833 649 122 47 grund
1000 649 71 35 kan
1099 648 138 36 således
1266 650 80 34 icke
1373 649 84 35 med
1485 648 64 48 fog
1576 649 177 48 åberopas
1782 648 57 36 för
1866 648 115 37 fram-

377 701 226 47 ställningen
632 713 59 22 om
719 704 52 31 att
797 700 13 34 i
838 699 174 36 samband
1040 699 85 36 med
1152 699 110 36 brons
1289 699 246 48 övertagande
1563 699 140 36 erhålla
1721 699 186 36 förmåner
1928 706 57 29 ut-

377 758 85 29 över
501 750 71 36 vad
613 751 135 47 Kungl.
791 750 104 47 Maj:t
922 750 68 36 och
1018 749 215 49 riksdagens
1261 753 40 32 år
1331 752 93 34 1911
1456 749 137 37 fattade
1622 751 68 35 och
1719 753 46 45 på
1791 749 193 36 stadsfull-

377 802 180 47 mäktiges
599 800 203 48 förklaring
843 801 69 35 den
954 802 46 34 30
1042 800 193 36 december
1278 802 95 34 1910
1401 800 189 48 grundade
1618 800 122 36 beslut
1767 799 216 37 innehåller.

378 852 216 35 Emellertid
622 863 108 37 synas
758 852 76 46 mig
860 851 270 48 billighetsskaäl
1158 852 72 34 tala
1258 850 67 45 för,
1353 856 53 31 att
1433 850 127 36 staden
1580 851 230 48 Falkenberg
1829 851 156 35 erhåller

377 906 120 44 någon
538 903 225 47 gottgörelse
803 915 44 22 av
888 902 212 35 statsmedel
1142 900 56 37 för
1237 900 71 36 den
1349 900 195 37 avsevärda
1585 901 155 36 kostnad
1768 914 79 23 som
1875 902 110 35 brons

377 952 294 36 iståndsättande
699 965 153 22 numera
880 953 163 35 kommer
1071 957 54 30 att
1153 951 164 36 medföra
1344 951 58 37 för
1429 952 139 35 staden.
1609 952 70 36 Det
1698 952 65 36 bör
1781 952 202 43 bemärkas,

377 1009 55 30 att
467 1004 31 47 ej
530 1016 64 23 ens
622 1002 70 37 den
720 1004 203 47 väsentliga
949 1003 139 47 ökning
1115 1004 12 33 i
1154 1002 485 49 restaureringskostnaden,
1669 1008 127 31 utöver
1823 1003 71 35 den
1923 1002 60 36 vid

377 1054 103 35 tiden
507 1053 58 37 för
592 1052 352 49 stadsfullmäktiges
971 1053 181 48 åtagande
1180 1053 70 36 den
1271 1055 46 34 30
1337 1053 192 36 december
1551 1054 96 35 1910
1667 1053 218 45 beräknade,
1906 1066 76 23 som

378 1105 62 35 det
484 1110 154 38 senaste,
685 1106 11 33 i
737 1105 150 46 januari
930 1106 93 33 1915
1070 1103 251 49 dagtecknade
1362 1103 341 36 kostnadsanbudet
1743 1104 83 35 från
1868 1105 116 34 aktie-

378 1156 147 47 bolaget
566 1155 156 36 skånska
762 1155 322 48 cementgjuteriet
1125 1156 149 41 utvisar,
1316 1168 154 22 numera
1509 1154 105 36 torde
1648 1155 97 35 bliva
1772 1155 211 47 tillräcklig,

378 1212 88 30 utan
507 1207 166 34 kommer
712 1205 211 36 densamma
963 1206 210 47 antagligen
1216 1210 53 30 att
1305 1206 216 47 ytterligare
1549 1210 141 43 stegras
1717 1208 47 45 på
1790 1205 124 48 grund
1942 1218 42 22 av

378 1257 44 35 de
452 1256 116 36 under
596 1257 45 35 de
668 1257 117 47 bägge
813 1261 142 30 senaste
983 1259 86 32 åren
1097 1256 117 34 starkt
1243 1256 207 47 uppdrivna
1477 1256 122 47 prisen
1629 1259 20 32 å
1676 1255 111 36 sådan
1807 1256 176 43 materiel,

378 1321 76 22 som
482 1307 118 36 skulle
628 1306 183 36 användas
839 1306 62 35 vid
927 1307 151 35 arbetet.

478 1358 79 35 Mot
597 1357 173 48 beloppet
810 1370 43 22 av
895 1357 61 35 det
996 1357 161 47 begärda
1193 1356 179 48 bidraget,
1405 1358 131 41 15,000
1565 1358 148 41 kronor,
1743 1357 66 35 har
1832 1358 67 46 jag
1927 1356 57 36 för

381 1410 77 34 min
486 1409 58 35 del
573 1409 79 35 icke
680 1411 112 44 något
818 1412 54 31 att
899 1408 170 35 invända.

479 1458 139 37 Chefen
659 1457 58 37 för
756 1458 380 48 civildepartementet
1177 1459 63 34 har
1279 1457 196 44 meddelat,
1517 1463 54 30 att
1612 1457 132 36 hinder
1771 1458 79 35 icke
1878 1470 106 36 synes

379 1516 97 30 möta
516 1515 64 38 att,
622 1509 123 36 därest
780 1509 253 47 vederbörliga
1061 1508 309 48 förutsättningar
1397 1509 145 34 komma
1570 1513 55 30 att
1654 1508 189 48 föreligga,
1873 1507 112 48 sagda

378 1561 133 48 belopp
549 1563 59 32 må
635 1561 143 34 anvisas
806 1564 52 30 att
886 1562 87 45 utgå
1001 1558 81 36 från
1111 1560 165 46 anslaget
1303 1560 57 34 till
1389 1558 314 47 understödjande
1730 1572 42 22 av
1799 1559 185 48 brobygg-

378 1611 115 36 nader
519 1624 48 22 m.
598 1624 47 22 m.

480 1662 54 35 Då
574 1660 205 37 emellertid
819 1660 212 47 riksdagens
1071 1659 104 36 bifall
1204 1660 56 35 till
1289 1659 111 36 brons
1428 1659 234 36 överlåtande
1691 1662 19 32 å
1737 1659 130 36 staden
1897 1664 86 30 utan

378 1713 207 47 ersättning
624 1713 158 34 lämnats
823 1710 116 36 under
980 1710 43 35 de
1065 1712 12 33 i
1118 1710 396 49 statsrådsprotokollet
1555 1711 161 46 angivna
1756 1710 133 35 villkor
1917 1710 66 35 och

379 1763 191 43 förbehåll,
611 1764 96 34 lärer
747 1761 223 48 statsbidrag
1010 1761 57 35 för
1101 1760 129 36 sådant
1256 1760 171 36 ändamål
1454 1762 78 34 icke
1561 1761 126 34 kunna
1714 1760 154 47 beviljas
1897 1765 87 30 utan

378 1813 215 48 riksdagens
622 1811 254 49 medgivande.

479 1864 66 35 Att
585 1863 72 36 den
697 1864 13 34 i
749 1864 92 34 1911
871 1865 57 32 års
955 1861 168 49 riksdags
1153 1862 119 35 beslut
1300 1861 188 36 bestämda
1515 1860 288 36 tillträdestiden
1831 1873 154 23 numera

378 1916 79 34 icke
497 1916 69 34 kan
608 1914 195 48 tillämpas,
845 1912 104 36 torde
989 1913 80 34 icke
1097 1913 87 34 böra
1213 1917 130 42 utgöra
1371 1912 130 35 hinder
1528 1911 57 36 för
1614 1912 111 35 brons
1752 1911 232 36 överlåtande

378 1967 58 34 till
465 1965 160 35 staden.»

480 2067 53 35 Då
563 2067 179 34 utskottet
768 2065 80 35 icke
876 2063 125 36 funnit
1028 2066 122 45 någon
1178 2062 201 47 anledning
1406 2063 56 35 till
1482 2064 147 33 erinran
1651 2067 76 31 mot
1747 2061 238 37 förevarande

379 2116 286 48 framställning,
694 2115 56 36 får
778 2115 178 35 utskottet
983 2114 194 35 hemställa

880 2170 53 30 att
973 2164 195 48 riksdagen
1208 2167 58 32 må
1311 2163 169 48 medgiva
1519 2168 66 39 att,
1628 2163 112 36 sedan
1780 2163 72 36 den
1884 2164 100 35 inom

780 2215 129 37 staden
937 2215 229 47 Falkenberg
1188 2214 165 48 belägna,
1374 2215 138 35 kronan
1531 2214 191 47 tillhöriga
1740 2213 245 48 Falkenbergs
