2170 2638
396 151 39 30 10
884 151 233 41 Lagutskottets
1139 152 162 30 utlåtande
1325 152 51 30 Nr
1399 153 54 31 36.

353 239 137 35 skottet
535 238 126 35 härvid
708 240 120 34 uttala
873 239 71 35 den
971 238 308 49 förhoppningen,
1309 244 53 30 att
1389 252 44 22 en
1462 240 106 48 dylik
1595 242 228 47 granskning
1850 245 112 32 måtte

354 290 127 33 kunna
509 289 215 35 verkställas
753 294 87 29 utan
871 294 118 31 större
1017 289 238 35 tidsutdräkt.

487 339 124 36 Såsom
652 338 162 46 framgår
853 353 43 22 av
931 339 71 35 den
1043 339 239 48 redogörelse,
1313 341 182 34 utskottet
1522 354 91 23 ovan
1641 343 139 33 lämnat
1808 343 154 35 rörande

352 389 272 48 behandlingen
680 391 103 33 inom
836 390 195 46 riksdagen
1085 403 44 21 av
1179 390 129 48 frågan
1361 403 58 22 om
1474 391 161 36 ändrade
1688 392 275 36 bestämmelser

352 440 188 46 angående
584 440 196 47 bevisning
823 439 98 36 inför
964 446 97 29 rätta
1107 440 66 35 och
1214 440 151 36 därmed
1410 442 363 47 sammanhängande
1819 450 142 36 ämnen,

351 490 66 35 har
462 490 208 35 emellertid
714 490 122 35 denna
879 489 103 48 fråga
1025 503 44 22 av
1112 491 113 35 andra
1269 492 211 33 kammaren
1521 490 232 50 förknippats
1794 493 84 35 med
1916 507 46 22 en

352 540 227 47 utvidgning
622 553 43 21 av
709 540 335 35 häradsnämndens
1089 540 236 49 befogenhet,
1369 541 125 35 vilken
1528 543 222 47 utvidgning
1777 543 63 35 vid
1868 556 94 35 upp-

351 590 133 48 repade
535 589 171 36 tillfällen
758 604 44 22 av
850 591 210 35 kammaren
1107 591 117 48 gjorts
1268 593 60 33 till
1371 592 135 35 villkor
1552 591 56 36 för
1634 574 241 67 "antagandet
1919 607 43 22 av

352 640 201 48 lagförslag
591 641 13 34 i
649 647 133 29 ämnet.
850 640 188 36 Utskottet
1082 641 100 36 delar
1221 642 71 35 den
1338 641 252 48 uppfattning,
1636 655 77 23 som
1756 657 43 22 av
1842 646 121 45 lagut-

352 672 135 55 skottet
532 694 40 32 år
615 693 93 34 1908
751 692 151 34 uttalats
942 692 68 35 och
1051 695 101 32 varåt
1192 700 91 27 även
1323 694 233 33 motionären
1596 694 91 47 givit
1729 696 158 46 uttryck,
1909 701 54 29 att

353 745 39 32 så
432 747 89 29 nära
550 742 177 34 samband
756 741 80 36 icke
862 742 117 35 finnes
1008 743 136 34 mellan
1171 743 105 35 dessa
1304 742 132 47 frågor,
1467 748 56 29 att
1552 730 64 48 de
1624 744 84 35 med
1735 745 228 48 nödvändig-

351 792 63 35 het
441 792 91 34 böra
559 792 191 48 samtidigt
777 793 100 34 finna
904 794 57 33 sin
988 793 159 47 lösning.
1202 771 261 67 Lagfästandet
1491 806 44 22 av
1563 794 69 34 den
1661 793 71 36 fria
1750 783 196 60 bevispröv
1949 811 33 26 -

350 843 158 46 ningens
536 843 145 46 princip
710 824 72 53 kan
810 843 187 46 nämligen
1026 830 117 61 enligt
1172 822 194 56 utskottets
1394 844 94 34 åsikt
1515 844 80 35 icke
1622 846 12 33 i
1662 845 68 35 och
1750 844 58 36 för
1826 846 56 47 sig
1901 859 61 22 an-

351 905 56 23 ses
417 871 166 68 "påkalla
616 893 157 47 ändring
800 893 11 34 i
840 874 166 54 dömares
1035 894 66 34 och
1130 893 158 35 nämnds
1315 894 176 35 inbördes
1520 895 188 47 ställning.
1756 875 127 56 Redan
1911 910 51 21 nu

351 943 127 47 gäller,
495 955 78 22 som
602 955 92 23 ovan
721 919 159 71 nämnts,
909 945 12 32 i
942 945 134 83 re
1095 943 71 36 den
1193 944 207 47 grundsats,
1421 957 78 22 som
1528 946 12 33 i
1572 947 16 32 1
1619 944 22 44 $
1668 947 12 33 i
1709 944 177 49 förslaget
1905 948 58 34 till

352 994 60 46 lag
439 1005 60 22 om
529 993 139 35 ändrad
700 993 140 48 lydelse
868 1007 44 22 av
939 989 42 56 17
1015 994 81 47 kap.
1127 995 345 46 rättegångsbalken
1500 994 157 45 fastslås,
1687 1001 53 30 att
1768 977 121 55 rätten
1917 1000 46 45 på

352 1024 122 66 grund
517 1056 43 22 av
592 1045 71 33 alla
703 1044 78 34 skäl
818 1044 68 35 och
913 997 329 94 omständigheter.
1267 1058 77 22 som
1373 1045 56 35 till
1457 1045 83 35 stöd
1568 1045 58 36 för
1653 1051 190 43 parternas
1870 1060 93 35 upp-

350 1092 114 48 gifter
492 1092 248 45 förekommit,
770 1095 93 34 skall
890 1101 113 41 pröva
1030 1075 91 55 vad
1127 1095 13 34 i
1167 1073 111 57 målet
1306 1095 66 35 bör
1398 1096 117 35 hållas
1544 1095 57 36 för
1628 1103 91 29 sant.
1775 1097 187 48 Förslaget

351 1144 67 34 har
457 1142 59 37 för
544 1145 130 46 övrigt,
704 1148 120 31 såsom
853 1146 228 34 motionären
1110 1146 147 40 erinrat,
1287 1145 193 36 bibehållit
1508 1146 72 35 den
1606 1149 123 45 gamla
1756 1149 118 44 legala
1901 1149 62 34 be-

351 1195 218 34 visteoriens
614 1208 44 22 av
703 1198 172 42 mången,
920 1197 223 34 åtminstone
1176 1195 176 44 tillförne,
1381 1196 205 36 värderade
1614 1197 266 44 bestämmelse,
1909 1204 55 30 att

351 1247 77 33 »två
472 1246 142 33 vittnen
653 1258 84 22 vare
765 1258 60 22 om
866 1246 70 40 det,
965 1246 78 34 vari
1071 1246 43 34 de
1142 1251 332 39 sammanstämma,
1504 1246 88 36 fullt
1618 1247 128 43 bevis»,
1777 1260 84 23 men
1888 1250 75 33 till-

351 1296 88 46 lagt,
481 1295 71 34 vad
580 1295 84 35 med
695 1296 207 48 synnerligt
930 1295 63 48 fog
1020 1303 92 28 även
1140 1309 50 22 nu
1218 1297 13 34 i
1259 1299 124 45 praxis
1410 1275 192 68 iakttages,
1631 1303 54 30 att
1713 1276 122 57 denna
1863 1300 99 46 regel

352 1346 32 46 ej
414 1346 117 46 gäller
558 1345 83 35 »där
668 1327 322 66 omständigheter
1009 1345 242 45 förekomma,
1282 1359 78 23 som
1387 1327 167 68 förringa
1572 1331 352 58 tillförlitligheten
1921 1362 43 22 av

352 1396 104 34 deras
486 1393 215 47 (vittnenas)
731 1384 224 48 berättelse».
1010 1397 175 35 Däremot
1213 1404 40 28 är
1280 1410 43 22 av
1349 1398 96 47 goda
1472 1379 79 54 skäl
1579 1398 68 35 den
1676 1391 199 55 oformliga
1893 1400 68 35 och

353 1449 45 44 på
426 1445 62 36 det
517 1451 99 30 stora
645 1447 80 34 hela
753 1452 100 42 taget
881 1447 270 48 betydelselösa
1177 1429 284 54 bestämmelsen
1489 1449 205 57 borttagen,
1723 1454 53 30 att
1805 1436 51 48 ett
1874 1451 86 34 vitt-

351 1509 46 22 ne
438 1497 92 34 skall
571 1497 97 46 gälla
699 1510 78 22 som
792 1479 108 53 "halft
928 1488 112 44 bevis.
1096 1497 188 48 Förslaget
1312 1499 207 35 innehåller
1545 1500 12 34 i
1585 1500 120 47 övrigt
1732 1500 232 35 bestämmel-

353 1560 67 28 ser,
463 1559 79 22 som
571 1526 117 56 torde
721 1547 95 35 hava
843 1553 76 30 stor
945 1548 191 48 betydelse
1164 1535 227 61 därigenom,
1420 1554 53 29 att
1501 1549 46 35 de
1575 1529 282 68 fullständigare
1884 1564 80 34 reg-

352 1598 75 34 lera
467 1597 45 34 de
553 1597 180 35 särskilda
764 1584 258 49 bevismedlen
1050 1598 68 35 och
1145 1586 115 47 bilda
1274 1611 45 23 en
1347 1600 144 47 garanti
1520 1605 77 30 mot
1625 1605 52 30 att
1706 1581 86 54 den
1806 1600 71 35 fria
1903 1588 61 48 be-

352 1648 287 46 visprövningen
666 1647 100 36 leder
792 1648 58 35 till
865 1648 192 48 godtycke.

487 1697 84 35 Med
609 1698 69 35 vad
719 1698 154 35 sålunda
912 1697 142 37 anförts
1094 1699 63 34 vill
1198 1700 180 35 utskottet
1417 1700 80 35 icke
1538 1700 93 35 hava
1670 1703 137 33 uttalat
1843 1705 120 43 någon

354 1749 153 46 mening
545 1749 13 33 i
585 1747 129 48 frågan
744 1761 59 23 om
833 1762 44 21 en
906 1750 185 34 eventuell
1115 1750 257 47 utsträckning
1398 1763 44 22 av
1469 1725 410 77 lekmannaelementets
1910 1753 55 33 in-

353 1794 52 56 fly
408 1779 110 54 tande
563 1799 100 34 inom
701 1799 303 35 häradsrätterna.
1059 1799 189 35 Utskottet
1287 1781 82 54 vill
1392 1800 130 36 endast
1550 1800 203 45 framhålla,
1783 1807 55 30 att
1867 1802 99 36 detta

355 1849 177 47 spörsmål
561 1849 78 35 icke
666 1849 131 35 kräver
824 1850 57 34 sin
907 1851 148 45 lösning
1081 1852 13 32 i
1122 1850 177 35 samband
1327 1850 83 36 med
1437 1851 71 35 den
1538 1850 113 47 fråga,
1681 1864 79 23 som
1788 1853 67 34 här
1882 1860 83 28 när-

355 1903 94 31 mast
476 1906 39 28 är
543 1897 152 37 föremål
724 1898 58 36 för
808 1900 228 47 behandling
1101 1900 70 35 Det
1199 1903 75 32 står
1293 1900 56 36 för
1368 1902 180 35 utskottet
1576 1901 87 36 fullt
1690 1903 106 41 klart,
1826 1908 52 30 att
1893 1902 72 36 frå-

354 1962 72 34 gan
463 1949 184 35 huruvida
687 1963 45 22 en
774 1950 223 48 utvidgning
1037 1964 44 21 av
1121 1951 203 35 nämndens
1366 1951 222 47 befogenhet
1627 1956 59 32 må
1726 1953 120 35 under
1871 1955 93 34 vissa

355 1998 312 47 förutsättningar
706 2007 68 41 äga
814 2013 93 31 rum,
950 2002 118 46 enligt
1109 2002 130 34 sakens
1279 2007 111 30 natur
1421 2002 67 35 bör
1515 2003 96 35 lösas
1637 2004 12 34 i
1677 2003 178 36 samband
1883 2004 83 35 med

355 2049 72 36 den
454 2049 138 36 reform
620 2063 43 22 av
690 2025 490 77 domstolsorganisationen,
1209 2064 78 23 som
1316 2052 220 45 förberedes,
1566 2053 67 35 och
1661 2058 54 30 att
1743 2054 223 47 avgörandet

355 2099 113 36 redan
508 2113 53 22 nu
601 2114 44 22 av
685 2101 121 35 denna
845 2101 103 48 fråga
988 2102 120 35 skulle
1147 2102 175 36 innebära
1363 2107 51 31 ett
1447 2104 118 45 enligt
1592 2091 217 48 utskottets
1817 2106 150 66 mening

356 2151 195 47 olämpligt
579 2150 259 49 föregripande
865 2165 44 22 av
936 2153 533 47 processlagskommissionens
1498 2126 135 80 arbete.

493 2200 73 36 Vid
594 2201 70 35 den
691 2214 45 24 av
765 2203 180 35 utskottet
971 2202 195 36 förordade
1192 2211 170 28 närmare
1380 2205 276 47 granskningen
1676 2205 90 35 skall
1786 2205 180 35 måhända
