1864 2760
253 136 19 31 8
443 139 188 31 Allmänna
653 140 398 41 beredningsutskottets
1074 145 178 31 utlåtande
1273 156 43 20 nr
1336 148 39 30 31
1399 148 40 30 år
1461 150 84 29 1964

921 442 66 41 Nr
1009 443 56 40 31

448 548 185 31 Utlåtande
658 550 11 29 i
692 550 190 41 anledning
905 562 44 21 av
974 554 102 29 väckt
1099 555 132 30 motion
1257 565 56 21 om
1339 557 93 31 ökad
1457 558 199 41 utbildning
1677 561 61 39 för

643 612 112 40 första
768 613 99 40 hjälp
881 614 58 30 vid
952 616 261 39 trafikolyckor.

291 713 13 30 I
322 714 66 30 den
403 715 54 30 till
472 716 180 32 allmänna
667 718 383 41 beredningsutskottet
1064 723 190 31 hänvisade
1272 725 178 31 motionen
1468 727 30 30 I:
1514 727 63 30 450
1595 738 44 20 av
1652 729 83 29 herr

246 766 140 31 Isacson
409 769 169 35 anhålles,
601 773 52 27 att
674 772 188 40 riksdagen
883 774 11 29 i
918 774 168 31 skrivelse
1107 776 52 30 till
1182 777 127 40 Kungl.
1332 778 107 40 Maj:t
1461 780 109 30 måtte
1594 781 139 35 föreslå,

247 821 53 28 att
325 821 133 30 snabba
483 822 161 40 åtgärder
668 824 157 41 vidtages
850 826 57 30 för
931 829 53 29 att
1009 828 69 31 öka
1103 829 244 41 utbildningen
1371 832 12 29 i
1411 832 112 31 första
1549 834 101 39 hjälp
1675 834 60 30 vid

246 872 255 41 trafikolyckor
519 875 59 30 vid
596 876 83 31 våra
699 877 118 31 skolor
836 880 66 29 och
921 880 13 29 i
954 881 169 30 samband
1143 883 80 29 med
1243 884 149 38 tagande
1412 894 44 20 av
1474 885 148 31 körkort
1642 890 91 27 samt

246 927 51 28 att
310 925 228 41 obligatorisk
550 928 199 42 utbildning
760 940 43 21 av
813 932 349 40 ambulanspersonal
1175 935 143 31 införes.

290 978 14 30 I
330 980 179 30 motionen
534 981 139 31 anföres
700 985 52 28 att
776 984 368 42 skadeverkningarna
1168 998 44 20 av
1236 998 44 20 en
1304 990 237 40 trafikolycka
1566 992 74 30 ofta
1666 993 70 30 blir

245 1031 112 30 större
375 1032 45 30 än
441 1033 214 41 nödvändigt
675 1035 123 42 därför
816 1039 50 28 att
885 1037 43 31 de
947 1039 218 31 närvarande
1184 1041 74 30 inte
1278 1042 65 30 har
1362 1043 206 41 kunskaper
1587 1054 59 21 om
1664 1046 71 30 hur

245 1084 112 31 första
370 1085 100 40 hjälp
486 1086 89 31 skall
591 1096 68 31 ges.
674 1088 130 31 Därför
818 1090 63 30 bör
895 1092 133 30 snabba
1043 1093 163 39 åtgärder
1216 1095 159 40 vidtagas
1391 1096 56 30 för
1462 1099 52 28 att
1528 1098 12 29 i
1553 1098 86 30 våra
1653 1095 80 34 sko-

243 1137 54 29 lor
318 1138 65 30 och
405 1139 11 29 i
440 1140 170 30 samband
633 1141 81 30 med
737 1143 252 41 undervisning
1010 1145 56 30 för
1087 1147 253 40 körkortsprov
1361 1149 69 30 öka
1453 1150 243 41 utbildningen
1719 1153 13 29 i

244 1190 112 31 första
378 1192 101 40 hjälp
502 1193 59 30 vid
583 1194 264 41 trafikolyckor.
872 1196 136 31 Ävenså
1031 1199 63 29 bör
1116 1200 229 40 obligatorisk
1368 1202 201 41 utbildning
1592 1214 44 20 av
1658 1214 76 21 am-

242 1243 290 40 bulanspersonal
549 1246 144 31 införas.

286 1297 229 31 Beträffande
535 1300 252 40 motiveringen
806 1302 11 30 i
837 1303 112 39 övrigt
969 1303 57 30 får
1044 1305 170 31 utskottet
1233 1307 148 31 hänvisa
1400 1308 53 30 till
1474 1310 189 30 motionen.

287 1350 176 31 Utskottet
486 1352 66 30 har
574 1352 175 32 inhämtat
771 1356 163 38 yttrande
958 1356 84 30 över
1062 1358 179 30 motionen
1264 1359 81 31 från
1369 1358 361 49 medicinalstyrelsen

242 1404 92 28 samt
348 1403 111 31 berett
476 1404 154 31 Svenska
644 1406 390 41 landstingsförbundet
1050 1411 65 29 och
1130 1411 254 40 överstyrelsen
1401 1414 56 30 för
1473 1415 155 32 Svenska
1644 1417 87 30 röda

241 1455 120 30 korset
374 1456 138 31 tillfälle
527 1460 50 28 att
592 1458 181 32 inkomma
788 1461 79 29 med
880 1463 174 38 yttrande.

238 1552 359 41 Medicinalstyrelsen
613 1556 118 30 anför:

285 1615 174 39 Styrelsen
480 1617 174 31 vitsordar
675 1619 145 31 behovet
841 1630 43 20 av
904 1631 44 20 en
971 1622 92 30 ökad
1084 1623 198 41 utbildning
1303 1625 11 30 i
1337 1626 292 39 olycksfallsvård
1650 1629 79 30 icke

239 1659 108 30 minst
363 1661 79 29 med
456 1662 138 39 hänsyn
608 1663 52 29 till
679 1664 351 40 trafikolycksfallen.

282 1703 68 31 För
369 1707 51 28 att
440 1706 47 29 nå
508 1707 128 30 största
656 1709 145 39 möjliga
820 1711 95 28 antal
937 1711 205 30 människor
1162 1713 63 29 bör
1246 1714 106 39 enligt
1375 1716 188 38 styrelsens
1585 1718 143 40 mening

239 1749 202 30 samhällets
465 1751 111 30 insats
600 1752 10 29 i
635 1752 95 31 detta
753 1754 199 31 hänseende
976 1756 127 31 främst
1126 1757 174 40 förläggas
1324 1759 53 30 till
1402 1760 175 31 skolorna.
1604 1762 121 30 Såsom

237 1792 156 41 framgår
410 1804 43 20 av
473 1797 455 40 statsverkspropositionen
947 1800 56 30 för
1021 1801 203 40 budgetåret
1245 1802 139 35 1964/65
1404 1804 109 40 pågår
1532 1807 192 30 emellertid

238 1837 56 30 för
308 1840 219 29 närvarande
541 1858 45 3 —
599 1841 11 29 i
626 1842 171 38 samband
812 1844 79 29 med
907 1846 50 28 ett
972 1845 231 31 avskaffande
1219 1856 43 21 av
1277 1848 66 29 den
1360 1848 251 40 obligatoriska
1626 1851 101 39 sjuk-

236 1882 350 42 vårdsutbildningen
604 1885 96 30 inom
717 1886 252 32 civilförsvaret
987 1889 56 29 för
1063 1890 150 40 18-åriga
1230 1892 151 30 kvinnor
1395 1911 45 3 —
1455 1903 44 20 en
1517 1895 148 39 översyn
1681 1905 45 21 av

236 1926 298 42 undervisningen
559 1930 12 29 i
595 1930 290 39 olycksfallsvård
911 1934 67 29 och
1002 1934 227 40 brandskydd
1255 1936 98 30 inom
1379 1938 345 40 skolöverstyrelsen,

237 1980 77 27 som
332 1972 132 39 jämväl
485 1974 139 31 erhållit
644 1977 49 28 ett
713 1977 159 36 avsevärt
892 1977 83 31 ökat
997 1979 121 39 anslag
1138 1979 56 30 för
1214 1990 42 20 en
1278 1981 279 41 effektivisering
1577 1993 43 20 av
1640 1984 85 31 den-

236 2025 145 21 samma.
403 2017 122 39 Några
549 2019 200 39 ytterligare
774 2020 152 31 initiativ
952 2022 13 30 i.
991 2022 229 40 förevarande
1244 2025 207 32 hänseende:
1470 2036 104 31 synes
1602 2028 123 31 därför

235 2060 55 29 för
306 2061 217 31 närvarande
540 2063 76 30 icke
632 2064 194 39 påkallade.

278 2105 75 29 Den
370 2106 11 29 i
400 2106 180 30 motionen
599 2107 197 41 föreslagna
815 2110 294 41 undervisningen
1128 2112 11 29 i
1157 2113 291 39 olycksfallsvård
1468 2115 55 30 för
1542 2116 182 31 körkorts-

236 2150 197 38 aspiranter
459 2151 66 30 har
552 2152 145 39 tidigare
725 2154 89 29 varit
842 2154 147 31 föremål
1018 2156 57 29 för
1099 2156 204 32 diskussion
1329 2159 11 29 i
1369 2159 172 30 samband
1568 2162 79 29 med
1676 2171 43 20 en

234 2193 262 41 framställning
517 2196 178 39 angående
716 2198 198 40 utbildning
936 2209 44 20 av
1001 2200 348 40 ambulanspersonal
1372 2212 45 20 m.
1432 2212 56 25 m.,
1512 2213 78 21 som
1610 2205 67 30 den
1700 2206 22 29 6

233 2240 86 37 sept.
339 2239 81 30 1962
439 2248 127 31 avgavs
584 2251 42 20 av
643 2241 66 30 den
727 2242 44 39 på
788 2242 152 31 initiativ
956 2253 43 21 av
1017 2245 147 30 svenska
1181 2246 539 33 kommunalarbetarförbundet

233 2283 65 29 och
314 2283 390 42 försäkringsföretaget
720 2286 164 31 Folksam
900 2288 148 31 tillsatta
1063 2289 208 31 kommittén
1288 2291 56 29 för
1360 2292 187 40 utredning
1563 2303 43 20 av
1621 2294 99 39 sjuk-

232 2329 355 38 transportväsendet.
610 2330 144 30 Liksom
776 2331 177 41 åtskilliga
974 2343 43 19 av
1038 2333 43 30 de
1102 2334 311 36 remissinstanser,
1438 2346 75 20 som
1536 2340 109 37 yttrat
1667 2338 53 39 sig

231 2372 81 29 över
334 2374 241 37 nyssnämnda
597 2374 201 31 kommittés
822 2376 270 41 framställning,
1116 2379 39 28 är
1176 2379 360 40 medicinalstyrelsen
1558 2382 160 29 tveksam

231 2416 173 31 huruvida
424 2427 43 20 en
488 2418 97 39 dylik
604 2419 199 40 utbildning
821 2420 62 30 bör
902 2421 192 35 anordnas;
1116 2423 215 39 tillgängliga
1351 2433 158 22 resurser
1528 2426 64 29 bör
1608 2425 110 39 enligt

232 2461 188 39 styrelsens
446 2463 142 40 mening
612 2464 11 28 i
648 2464 112 30 första
783 2465 95 29 hand
903 2466 108 39 ägnas
1038 2466 173 31 skolorna.
1238 2467 136 40 Frågan
1400 2470 98 30 torde
1524 2470 192 29 emellertid
