2190 2612
686 135 252 33 Statsutskottets
961 132 164 33 utlåtande
1150 132 50 32 Nr
1224 133 14 29 1
1257 130 37 33 B.
1734 124 16 30 7

914 535 58 41 Nr
1002 534 86 40 1B.

680 693 112 28 Ankom
811 692 44 28 till
873 691 168 35 riksdagens
1060 689 94 28 kansli
1173 688 53 28 den
1245 690 32 25 31
1296 687 113 37 januari
1430 685 75 31 1919,
1525 684 38 28 kl.
1585 685 12 26 1
1618 685 30 26 e.
1661 693 34 18 m.

412 837 195 36 Utlåtande
636 835 183 45 angående
846 833 226 45 regleringen
1096 843 43 23 av
1166 829 200 46 utgifterna
1386 828 117 36 under
1523 826 279 46 tilläggsstatens

600 903 68 44 för
709 904 42 34 år
792 904 102 34 1919
929 901 148 44 första
1111 899 209 42 huvudtitel,
1348 896 256 45 innefattande
1631 894 172 45 anslagen

607 973 56 35 till
691 971 121 46 kungl.
844 971 80 35 hov-
954 971 62 35 och
1044 969 275 36 slottsstaterna.

1475 1033 75 49 (1:a
1577 1030 97 51 avd.)

339 1129 72 49 1:0)
438 1129 18 36 I
484 1128 73 37 den
586 1127 57 37 till
670 1126 203 49 riksdagen
902 1125 75 36 den
1006 1126 20 35 9
1052 1123 151 50 januari
1235 1123 96 36 1919
1353 1120 151 37 avlåtna
1522 1117 284 52 propositionen

208 1183 85 36 med
321 1182 142 47 förslag
491 1181 57 35 till
576 1179 233 49 tilläggsstat
836 1177 58 37 till
922 1177 206 36 riksstaten
1155 1175 58 36 för
1241 1177 40 33 år
1312 1174 95 35 1919
1437 1172 69 36 har
1526 1171 140 48 Kungl.
1687 1169 117 50 Maj:t,

208 1234 119 36 under
367 1231 236 50 åberopande
632 1244 46 23 av
705 1229 123 50 punkt
859 1231 17 34 1
909 1229 10 36 i
949 1228 64 37 det
1039 1227 63 37 vid
1130 1225 284 51 propositionen
1442 1223 137 50 fogade
1607 1221 198 37 statsråds-

208 1285 228 50 protokollet
464 1289 91 31 över
583 1281 290 38 finansärenden
902 1281 59 36 för
989 1292 143 24 samma
1152 1279 76 48 dag
1246 1278 12 36 i
1279 1275 186 38 avseende
1484 1278 21 33 å
1525 1275 118 36 första
1661 1273 145 36 huvud-

209 1337 119 46 titeln,
372 1335 199 49 föreslagit
610 1334 204 47 riksdagen
847 1337 56 32 att
931 1332 56 36 till
1015 1330 239 38 bestridande
1284 1341 46 23 av
1358 1328 73 36 den
1460 1327 59 36 för
1547 1329 41 33 år
1619 1326 96 36 1919
1745 1324 62 36 be-

209 1388 167 37 räknade
418 1385 291 38 merkostnaden
746 1385 58 35 för
831 1382 282 51 uppvärmning
1142 1394 44 24 av
1215 1380 241 38 Stockholms
1485 1379 70 36 och
1582 1375 225 49 Drottning-

210 1440 123 37 holms
361 1439 91 37 slott
480 1441 20 33 å
530 1438 231 48 tilläggsstat
789 1436 58 36 för
875 1448 143 24 samma
1046 1436 41 34 år
1115 1432 132 38 anvisa
1274 1436 55 32 ett
1347 1429 313 50 förslagsanslag,
1680 1428 125 48 högst,

211 1492 138 47 85,000
378 1491 150 36 kronor.

339 1542 240 37 Beträffande
620 1540 249 49 utredningen
912 1538 160 38 rörande
1114 1538 102 36 detta
1257 1536 135 48 anslag
1420 1534 57 37 får
1504 1533 185 38 utskottet
1716 1531 92 38 hän-

210 1595 83 37 visa
321 1594 57 37 till
407 1594 211 50 åberopade
647 1591 373 51 statsrådsprotokoll
1049 1588 67 39 sid.
1147 1591 34 34 2.

340 1698 131 38 Under
514 1698 120 36 första
676 1696 236 37 huvudtiteln
954 1700 64 31 äro
1046 1694 13 36 i
1085 1694 206 36 riksstaten
1328 1692 58 36 för
1423 1693 40 34 år
1494 1691 97 36 1919
1620 1688 190 51 uppförda

212 1751 105 36 vissa
346 1752 134 47 anslag
508 1750 59 36 till
595 1749 47 37 de
670 1749 130 47 kungl.
832 1748 153 47 slotten,
1015 1746 165 37 avsedda
1208 1745 81 36 dels
1318 1744 58 36 för
1395 1741 210 49 underhåll,
1626 1741 91 48 dels,
1737 1740 72 37 vad

214 1802 240 47 Stockholms
496 1802 90 36 slott
626 1800 192 48 beträffar,
859 1804 94 32 även
982 1799 57 36 för
1068 1797 230 47 bevakning,
1326 1796 81 49 lyse
1436 1808 32 23 o.
1499 1807 28 24 s.
1557 1807 36 23 v.
1648 1793 163 37 Kostna-

214 1855 115 36 derna
373 1854 56 37 för
470 1853 286 50 uppvärmning
785 1865 46 24 av
860 1852 136 36 slotten
1027 1850 97 36 hava
1152 1849 170 36 däremot
1349 1847 97 37 varit
1474 1846 165 37 avsedda
1666 1850 56 31 att
1748 1844 63 37 be-

215 1906 139 37 stridas
383 1920 46 23 av
458 1906 176 48 anslaget
661 1905 57 37 till
747 1904 69 37 ved
845 1903 70 37 och
945 1903 63 37 kol
1036 1902 58 36 för
1122 1901 45 36 de
1194 1900 131 49 kungl.
1356 1899 136 37 hoven.
1548 1897 56 37 Då
1632 1897 62 37 det
1712 1897 99 36 visat

215 1959 72 48 sig,
314 1963 54 31 att
387 1957 238 38 sistnämnda
645 1958 134 47 anslag
806 1978 49 4 —
884 1954 226 51 uppgående
1149 1953 57 36 till
1238 1953 137 46 50,000
1403 1951 142 36 kronor
1574 1972 46 3 —
1650 1949 58 37 för
1727 1953 83 32 när-

214 2010 167 37 varande
408 2010 83 37 icke
520 2014 41 31 är
590 2009 221 48 tillräckligt
839 2008 57 37 för
923 2005 291 51 ifrågavarande
1243 2004 187 45 ändamål,
1447 2002 68 37 har
1541 2001 143 49 Kungl.
1705 2000 106 50 Maj:t

215 2076 51 23 nu
295 2065 20 33 å
347 2064 95 34 1919
479 2065 61 33 års
569 2061 233 49 tilläggsstat
830 2060 58 36 för
915 2058 243 38 bestridande
1185 2071 47 22 av
1260 2054 284 39 merkostnader
1570 2059 91 31 utav
1688 2052 124 37 denna

216 2120 57 31 art
302 2114 130 47 begärt
462 2119 54 31 ett
545 2113 311 49 förslagsanslag,
886 2111 124 48 högst,
1039 2109 224 50 uppgående
1292 2107 56 37 till
1377 2107 138 47 85,000
1545 2105 149 37 kronor.

345 2165 85 37 Med
472 2165 264 50 tillstyrkande
774 2178 46 22 av
847 2163 143 48 Kungl.
1032 2162 126 49 Maj:ts
1199 2160 143 48 förslag
1370 2157 218 39 hemställer
1614 2156 197 47 utskottet,

347 2252 23 31 >)
390 2250 142 29 Hänvisar
550 2250 43 28 till
612 2249 91 37 punkt
721 2250 9 26 i
748 2247 317 38 statsrådsprotokollet.

1842 1110 171 25 Merkostnad

1825 1147 42 30 för
1889 1147 142 30 uppvärm-

1824 1181 63 32 ning
1901 1189 31 16 av
1945 1180 86 25 Stock=

1854 1216 82 24 holms
1955 1216 46 24 och

1850 1250 155 32 Drottning-

1841 1286 83 24 holms
1942 1285 70 24 slott.

1869 1319 117 49 [1.]”)

1860 1683 139 25 Utskottets

1864 1718 134 31 yttrande.
