2234 2646
466 130 41 33 10
869 130 354 42 Bevillningsutskottets
1244 130 191 33 betänkande
1455 129 56 31 Nr
1531 130 53 31 35.

490 793 198 48 Kungl.
717 792 186 50 Maj:ts
926 792 208 49 förslag

787 897 57 35 till

520 993 207 50 Förordning
756 1004 54 29 om
836 993 267 51 tonnageavgift.

501 1115 226 48 Härigenom
757 1113 192 37 förordnas
972 1127 79 24 som
1072 1113 122 48 följer:

1732 389 168 41 Bilaga.

1401 791 277 40 Utskottets
1696 791 214 50 förslag

1624 896 59 35 till

1360 992 206 50 Förordning
1594 1003 54 29 om
1676 992 268 50 tonnageavgift.

1341 1113 224 49 Härigenom
1594 1113 193 37 förordnas
1811 1126 78 23 som
1908 1112 127 49 följer:

1191 1267 16 33 1
1233 1241 41 74 8.

559 1364 124 38 Såsom
712 1365 130 48 bidrag
869 1366 58 35 till
955 1365 250 43 bestridande,
1233 1366 14 35 i
1274 1365 164 47 enlighet
1466 1366 83 35 med
1576 1379 44 22 av
1647 1366 138 47 Kungl.
1810 1365 104 48 Maj:t
1934 1367 101 36 med-

425 1416 131 36 delade
583 1423 167 29 närmare
778 1415 240 43 föreskrifter,
1046 1429 44 22 av
1117 1416 45 35 de
1184 1428 135 36 genom
1337 1416 162 35 rådande
1517 1417 95 47 höga
1631 1415 217 37 fraktsatser
1866 1418 168 47 stegrade

425 1467 246 36 kostnaderna
699 1466 59 36 för
785 1466 152 36 införsel
965 1467 57 35 till
1050 1465 146 49 Sverige
1224 1479 43 23 av
1293 1466 97 36 vissa
1417 1466 285 36 förnödenheter
1728 1467 93 35 skall
1854 1467 117 36 under
1995 1471 40 32 år

428 1519 95 35 1916
565 1516 59 37 för
663 1517 157 36 svenska
860 1516 128 49 fartyg
1027 1518 167 46 erläggas
1230 1529 46 23 en
1305 1517 156 35 särskild
1488 1516 128 47 avgift,
1644 1517 186 36 benämnd
1858 1523 176 43 tonnage-

424 1567 130 49 avgift,
583 1573 53 30 att
665 1571 91 45 utgå
784 1568 116 47 enligt
927 1568 326 35 bestämmelserna
1283 1568 13 35 i
1323 1567 119 36 denna
1469 1566 230 49 förordning.

780 1725 82 45 28.

501 1826 295 49 Tonnageavgift
826 1827 104 43 skall,
951 1826 84 36 med
1054 1827 143 36 undan-

424 1883 74 43 tag,
527 1891 76 22 som
631 1878 67 35 här
725 1877 120 36 nedan
872 1879 12 33 i
912 1877 121 35 denna
1059 1876 23 45 $
1102 1885 93 40 sägs,

424 1930 168 46 erläggas
632 1928 56 36 för
728 1929 101 46 varje
855 1927 135 49 fartyg,
1020 1940 77 23 som
1127 1928 70 36 den

427 1981 17 34 1
471 1980 147 46 januari
640 1980 95 35 1916
756 1991 63 23 var
841 1979 356 47 registreringsplik-

424 2031 72 46 tigt
522 2030 67 35 och
618 2030 45 35 då
691 2042 64 23 var
791 2030 89 35 eller
894 2029 209 35 sedermera
1119 2028 77 37 före

425 2080 71 35 den
527 2082 17 33 1
566 2081 85 47 juni
683 2081 96 35 1916
808 2080 106 35 blivit
940 2079 116 36 infört
1082 2081 12 33 i
1122 2079 74 36 far-

423 2132 267 47 tygsregistret.

1612 1725 83 45 28

1343 1828 20 35 ZI
1382 1840 115 23 mom.
1531 1826 296 49 Tonnageavgift
1846 1828 91 35 skall
1953 1828 84 35 med

1268 1877 198 48 undantag,
1509 1890 77 23 som
1627 1878 66 35 här
1724 1877 120 36 nedan
1876 1880 13 33 i
1916 1878 121 36 denna

1261 1929 193 48 paragraf
1468 1935 93 41 sägs,
1582 1930 165 46 erläggas
1769 1927 58 37 för
1844 1929 101 47 varje
1965 1928 72 36 far-

1266 1984 78 43 tyg,
1374 1992 78 22 som

1341 2030 202 48 antingen
1563 2029 70 35 den
1656 2032 18 32 1
1693 2030 150 46 januari
1864 2032 94 34 1916
1975 2043 63 22 var

1267 2079 411 49 registreringspliktigt
1706 2080 66 35 och
1802 2079 45 36 då
1866 2093 65 22 var
1949 2082 89 34 eller

1267 2129 206 37 sedermera
1500 2130 77 36 före
1605 2130 72 36 den
1707 2133 18 32 1
1744 2131 87 46 juni
1853 2132 94 34 1916
1967 2131 69 36 bli-

1265 2181 54 35 vit
1346 2180 116 36 infört
1488 2182 9 33 i
1529 2180 328 49 fartygsregistret,
