2230 2646
457 166 39 31 18
854 164 355 42 Bevillningsutskottets
1231 163 192 32 betänkande
1445 163 54 32 Nr
1521 164 56 30 35.

570 249 140 43 (Kungl.
734 249 125 40 Maj:ts
879 247 151 42 förslag.)

758 352 82 45 78.

493 423 198 36 Förmenar
714 420 295 50 avgiftsskyldig,
1031 425 53 31 att
1102 426 83 30 ton-

416 472 210 50 nageavgift
669 472 82 36 icke
794 472 116 47 enligt
953 471 232 35 bestämmel-

417 538 106 23 gerna
549 525 12 34 i
590 525 19 34 2
637 523 68 36 och
733 524 22 34 3
784 521 48 45 $$
858 523 13 34 i
899 522 121 35 denna
1044 521 141 36 förord-

417 577 93 46 ning
545 575 83 35 bort
662 573 137 36 honom
835 571 145 49 påföras
1013 573 89 34 eller
1133 577 52 30 att

418 627 135 35 honom
607 623 96 36 påfört
722 624 136 47 belopp
886 623 79 35 icke
996 622 109 35 blivit
1123 636 62 21 en-

418 677 69 46 ligt
518 678 22 33 4
570 670 23 57 8
619 679 74 31 rätt
719 674 188 41 beräknat,
936 674 90 34 eller
1052 674 135 34 önskar

418 728 73 34 han
518 724 241 48 nedsättning
776 725 13 34 i
809 725 87 34 eller
914 723 170 36 befrielse
1103 722 83 37 från

419 777 112 36 sådan
572 774 115 48 avgift
727 775 117 47 enligt
886 777 19 33 5
948 773 23 44 $
1015 776 17 33 1
1062 787 123 30 mom.,

419 834 87 41 äger
545 826 72 36 han
656 830 53 30 att
749 826 87 34 söka
867 826 149 34 rättelse
1055 837 131 35 genom

420 877 274 46 framställning
735 876 64 35 hos
840 875 70 36 den
948 876 13 34 i
1003 876 21 34 8
1062 874 23 44 &
1113 887 76 23 om-

420 927 161 37 nämnda
611 925 495 49 tonnageavgiftsnämnden.

1454 246 196 42 (Utskottets
1672 247 153 41 förslag.)

1603 351 82 44 78.

1331 419 196 36 Förmenar
1545 419 302 49 avgiftsskyldig,
1869 424 53 31 att
1940 424 82 31 ton-

1255 470 212 48 nageavgift
1510 471 78 35 icke
1633 471 118 47 enligt
1790 470 233 36 bestämmel-

1255 534 104 23 serna
1377 521 13 34 i
1410 522 20 34 2
1446 520 34 45 $,
1501 522 31 42 I,
1548 521 26 35 2
1592 521 60 36 och
1684 521 12 36 I
1714 534 104 23 mom.
1839 520 68 36 och
1926 522 22 34 3
1967 519 27 45 $
2012 521 13 34 i

1255 571 121 36 denna
1390 570 220 49 förordning
1624 571 85 35 bort
1724 571 136 36 honom
1877 570 146 49 påföras

1255 623 89 35 eller
1383 627 53 30 att
1471 622 136 35 honom
1634 620 124 49 påfört
1784 621 133 48 belopp
1945 622 80 35 icke

1255 672 109 36 blivit
1383 673 115 47 enligt
1525 674 22 33 4
1575 670 23 45 $
1625 677 73 30 rätt
1725 672 187 44 beräknat,
1937 673 88 34 eller

1256 723 133 35 önskar
1414 723 71 35 han
1512 722 240 48 nedsättning
1769 724 13 33 i
1801 723 89 35 eller
1911 722 114 36 befri-

1258 774 72 35 else
1349 772 81 36 från
1458 773 112 35 sådan
1606 771 117 49 avgift
1750 773 118 48 enligt
1894 773 26 35 2
1945 771 28 45 $
2000 773 24 35 4

1257 836 105 23 mom.
1378 824 85 35 eller
1490 826 19 33 5
1539 822 23 45 &
1592 826 17 32 1
1640 823 84 36 eller
1750 824 27 35 2
1795 836 122 31 mom.,
1939 830 88 40 äger

1258 874 73 35 han
1345 879 54 30 att
1417 874 86 36 söka
1521 874 146 35 rättelse
1681 886 134 35 genom
1832 873 194 36 framställ-

1260 925 91 47 ning
1376 925 66 34 hos
1470 924 70 36 den
1567 926 13 33 i
1608 925 20 34 8
1657 923 23 44 $
1703 923 223 36 omnämnda
1945 929 81 30 ton-

1259 974 429 48 nageavgiftsnämnden.

556 1027 119 37 Sådan
707 1026 277 47 framställning
1024 1026 104 43 skall,
1157 1024 210 48 skriftligen
1395 1025 172 44 avfattad,
1596 1024 62 36 vid
1686 1024 143 49 påföljd
1857 1029 53 31 att
1937 1024 89 35 den-

422 1092 139 23 samma
600 1078 103 47 eljest
742 1078 81 34 icke
849 1076 130 35 varder
1007 1081 185 43 upptagen
1220 1076 58 34 till
1307 1077 191 46 prövning,
1527 1077 141 46 ingivas
1696 1076 99 43 eller,
1825 1078 46 44 på
1897 1075 129 35 sökan-

422 1130 90 35 dens
540 1133 81 42 eget
658 1132 165 43 äventyr,
863 1128 13 33 i
903 1126 116 35 betalt
1046 1126 87 35 brev
1161 1125 82 36 med
1272 1126 185 35 allmänna
1483 1131 130 43 posten
1640 1125 174 36 insändas
1841 1126 58 34 till
1926 1126 102 34 kom-

420 1179 301 45 merskollegium
762 1182 96 31 samt
895 1189 87 23 vara
1023 1176 54 35 dit
1108 1177 213 34 inkommen
1350 1181 121 30 senast
1498 1175 77 36 före
1602 1176 155 35 klockan
1785 1176 76 35 tolv
1889 1179 46 44 på
1962 1175 64 36 da-

420 1243 70 35 gen
520 1229 71 36 den
619 1231 44 33 31
693 1229 149 46 augusti
873 1228 105 35 1916.

556 1279 393 46 Kommerskollegium
978 1284 86 40 äger
1083 1281 52 31 att
1158 1276 66 36 hos
1243 1275 481 49 tonnageavgiftsnämnden
1743 1283 89 41 göra
1852 1276 44 36 de
1914 1275 115 36 fram-

423 1331 221 45 ställningar
674 1342 62 22 om
764 1328 157 47 ändring
947 1329 12 34 i
988 1329 89 33 eller
1102 1327 134 48 tillägg
1262 1327 58 35 till
1355 1328 4 33 i
1396 1329 4 34 6
1440 1325 11 45 $
1479 1326 244 36 omförmälda
1751 1327 164 47 längder,
1949 1340 79 22 som

423 1394 43 23 av
493 1380 361 48 omständigheterna
880 1377 219 37 föranledas.

1179 1463 23 34 8
1236 1460 35 45 $.

560 1540 68 36 För
668 1544 54 31 att
763 1545 112 42 pröva
914 1538 68 35 och
1014 1544 132 39 avgöra
1172 1536 327 48 framställningar,
1532 1549 78 23 som
1638 1538 24 34 i
1680 1539 19 33 7
1729 1536 23 44 $
1779 1537 248 49 omförmälas,

424 1592 172 35 tillsättes
622 1603 45 23 en
695 1589 151 44 nämnd,
874 1588 123 36 kallad
1025 1587 571 49 tonnageavgiftsnämnden.

560 1641 127 36 Denna
727 1639 137 36 nämnd
904 1638 302 43 sammanträder,
1248 1641 46 44 på
1325 1638 149 34 kallelse
1505 1651 45 22 av
1578 1636 258 45 ordföranden,
1864 1639 13 34 i
1904 1637 127 37 Stock-

426 1692 99 36 holm
554 1691 116 37 under
697 1692 128 47 loppet
851 1703 42 22 av
920 1690 154 35 oktober
1100 1688 133 36 månad
1268 1689 106 43 1916,
1403 1688 67 35 och
1498 1688 90 35 skall
1616 1688 213 35 densamma
1855 1688 90 35 hava
1971 1701 60 21 av-

426 1744 115 34 slutat
568 1742 78 35 sina
672 1741 152 35 arbeten
851 1745 124 31 senast
1001 1739 70 36 den
1103 1741 43 33 15
1175 1739 201 36 november
1405 1739 106 35 1916.

1191 1833 19 33 9
1239 1829 35 45 8.

564 1915 496 49 Tonnageavgiftsnämnden
1088 1915 91 35 skall
1202 1915 104 36 bestå
1332 1928 43 23 av
1401 1914 223 36 ordförande
1644 1915 68 35 och
1732 1927 66 23 sex
1815 1914 215 44 ledamöter,

428 1970 99 35 vilka
562 1969 115 46 jämte
717 1969 238 47 suppleanter
994 1965 59 36 för
1078 1965 83 36 dem
1191 1972 99 29 utses
1319 1978 42 23 av
1388 1965 134 48 Kungl.
1551 1965 114 47 Maj:t.
1720 1964 229 49 Styrelserna
1977 1964 56 36 för

429 2019 167 48 Sveriges
623 2020 187 34 allmänna
836 2016 324 49 sjöfartsförening
1176 2017 69 35 och
1274 2015 165 48 Sveriges
1467 2015 279 48 redarförening
1772 2016 92 34 skall
1882 2015 151 36 beredas

429 2069 146 36 tillfälle
614 2075 53 30 att
707 2068 152 36 vardera
898 2067 135 36 föreslå
1060 2066 83 49 fyra
1170 2079 185 36 personer.
1409 2066 103 36 Hava
1539 2065 133 37 sådana
1699 2065 140 48 förslag
1865 2066 167 47 avgivits,

430 2121 102 35 skola
558 2123 61 32 två
644 2120 202 35 ledamöter
873 2119 66 35 och
968 2118 237 48 suppleanter
1232 2116 60 36 för
1318 2116 83 35 dem
1431 2122 97 31 utses
1556 2116 111 36 bland
1695 2116 44 35 de
1766 2116 154 35 sålunda
1939 2114 95 36 före-

431 2171 137 35 slagna.

485 2200 309 56 "Sekreterare
821 2219 63 35 hos
911 2219 186 36 nämnden
1123 2217 193 37 förordnas
1344 2231 43 23 av
1415 2218 135 48 Kungl.
1580 2217 114 47 Maj:t.
