1956 2842
355 167 17 29 6
736 171 290 35 Statsulskottets
1051 175 185 31 utlåtande
1262 177 51 31 Nr
1339 177 51 30 96.

310 253 105 26 synes
434 244 107 32 alltså
560 246 176 37 föreligga
756 248 55 30 för
830 250 52 30 att
901 249 58 31 det
979 261 44 20 av
1044 251 77 31 1929
1141 256 59 26 års
1218 253 145 36 riksdag
1381 254 110 36 givna
1511 255 302 39 bemyndigandet

309 296 40 30 så
369 295 143 33 tillvida
533 298 208 37 utsträckes,
763 301 54 29 att
836 300 360 38 betalningsanstånd
1217 304 143 35 jämlikt
1380 306 157 31 nämnda
1558 304 255 46 bemyndigan-

308 347 44 31 de
368 349 58 29 må
442 348 178 33 meddelas
636 352 91 29 även
742 351 12 31 i
774 351 74 36 fall,
866 352 45 31 då
928 353 117 36 dylikt
1059 355 153 31 anstånd
1229 356 32 36 ej
1279 357 162 36 påkallas
1458 368 45 21 av
1520 359 190 36 gäldenärs
1727 362 85 31 eller

309 398 210 34 löftesmans
541 400 147 33 iråkade
712 402 184 38 obestånd;
921 406 154 30 anstånd
1099 407 114 31 skulle
1236 408 87 31 dock
1348 409 37 32 få
1409 409 139 32 lämnas
1572 412 153 32 allenast
1746 414 67 31 där

308 451 148 32 särskilt
472 453 162 35 vägande
651 454 78 31 skäl
746 456 123 31 därtill
888 456 196 32 föranleda.
1122 459 64 31 Uti
1204 460 67 30 här
1287 461 280 35 ifrågavarande
1585 463 75 37 fall,
1677 464 45 32 då
1739 466 73 35 gäl-

308 501 128 33 denärs
458 503 86 31 eller
565 505 208 32 löftesmans
795 507 169 32 obestånd
988 509 32 35 ej
1044 510 203 37 föreligger,
1271 512 113 32 skulle
1406 513 301 37 bemyndigandet
1730 517 81 31 alle-

307 557 80 29 nast
417 565 86 22 avse
530 557 236 36 medgivande
795 569 44 20 av
870 560 360 38 betalningsanstånd
1257 574 80 21 men
1365 565 32 36 ej
1428 565 164 36 eftergift
1620 578 47 20 av
1694 568 118 36 själva

308 606 387 38 fordringsanspråket.

346 657 122 33 Under
494 659 221 37 åberopande
742 673 45 20 av
811 663 71 31 vad
908 664 174 32 utskottet
1106 667 150 30 sålunda
1281 668 130 36 anfört,
1437 669 58 31 får
1520 670 173 32 utskottet
1717 672 93 30 hem-

305 710 118 37 ställa,

748 794 52 30 att
822 793 193 37 riksdagen
1035 796 58 30 må

747 843 32 36 I)
803 847 80 30 med
904 846 105 31 bifall
1032 847 56 30 till
1109 848 133 36 Kungl.
1264 849 127 36 Maj:ts
1415 850 236 33 förevarande
1674 853 136 36 förslag

707 897 65 30 och
791 897 79 30 med
889 898 127 36 avslag
1037 900 20 30 å
1077 899 126 31 herrar
1225 900 202 38 Tjällgrens
1448 913 44 20 m.
1516 904 38 30 fl.
1574 904 64 30 och
1657 904 152 31 Johans-

707 957 81 22 sons
806 949 11 30 i
835 949 70 31 Bro
922 950 174 32 motioner
1116 951 45 36 (1:
1176 953 57 30 153
1250 953 64 31 och
1332 953 51 31 II:
1399 953 84 38 366),
1506 955 6 30 i
1531 956 69 31 vad
1616 956 43 31 de
1677 956 131 32 beträf-

703 999 105 31 fande
829 1001 278 38 anslagsfrågan
1127 1003 109 37 skilja
1256 1005 54 36 sig
1330 1006 83 30 från
1433 1005 134 38 Kungl.
1588 1004 129 39 Maj:ts
1736 1008 70 31 för-

701 1050 88 37 slag,
815 1052 117 31 såsom
958 1053 276 38 kapitalökning
1263 1056 55 30 för
1345 1058 461 36 vattenkraftslånefonden

702 1102 57 30 för
784 1103 213 36 budgetåret
1022 1104 170 35 1983/1934
1214 1107 126 31 anvisa
1362 1109 52 30 ett
1436 1110 369 37 reservationsanslag

701 1163 46 21 av
768 1153 128 37 200,000
915 1155 132 31 kronor
1068 1158 53 29 att
1145 1159 88 35 utgå
1254 1169 45 20 av
1320 1159 209 37 lånemedel;

741 1221 52 36 IT)
818 1223 11 30 i
850 1223 195 38 anledning
1066 1235 45 20 av
1130 1225 151 32 berörda
1300 1228 175 30 motioner
1496 1229 10 29 i
1528 1229 121 36 övrigt

740 1272 34 36 a)
801 1274 63 30 hos
890 1274 134 37 Kungl.
1048 1274 110 38 Maj:t
1183 1278 145 30 anhålla
1351 1288 57 21 om
1433 1280 193 36 utredning
1652 1281 152 31 rörande

700 1324 157 31 ändrade
887 1326 157 35 grunder
1073 1327 56 31 för
1155 1328 244 37 beräkningen
1428 1341 46 20 av
1502 1333 129 29 räntan
1662 1332 62 31 vid
1751 1334 53 29 ut-

700 1375 126 37 låning
875 1377 83 30 från
1005 1379 135 30 statens
1186 1379 323 38 utlåningsfonder,
1547 1382 79 31 med
1662 1384 141 36 hänsyn

703 1428 107 35 tagen
830 1426 137 37 Jämväl
987 1429 57 31 till
1065 1429 275 37 möjligheterna
1362 1432 56 31 för
1440 1442 43 21 en
1505 1435 298 37 räntesänkning;

743 1478 35 36 b)
798 1480 176 36 medgiva,
993 1482 53 30 att
1064 1481 58 31 det
1140 1493 45 20 av
1205 1483 77 31 1929
1300 1484 58 30 års
1378 1484 148 37 riksdag
1544 1485 12 30 i
1573 1486 172 32 skrivelse
1762 1498 43 19 nr

702 1531 39 31 97
768 1531 110 36 givna
906 1532 304 37 bemyndigandet
1237 1544 56 21 om
1320 1537 73 30 rätt
1421 1537 55 30 att
1504 1536 141 33 biträda
1671 1539 134 31 ackord

701 1592 45 22 m.
766 1593 45 20 m.
831 1585 59 30 må
908 1586 40 29 så
968 1585 143 31 tillvida
1132 1587 212 36 utsträckas,
1368 1589 53 30 att
1444 1588 359 38 betalningsanstånd

701 1635 59 31 må
780 1635 179 32 meddelas
979 1638 91 29 även
1088 1637 11 30 i
1120 1637 75 36 fall,
1212 1638 46 31 då
1279 1638 117 37 dylikt
1414 1641 154 30 anstånd
1587 1641 32 36 ej
1640 1642 163 35 påkallas

700 1696 45 21 av
772 1687 190 36 gäldenärs
989 1688 85 31 eller
1099 1689 208 32 löftesmans
1333 1691 149 31 iråkade
1510 1692 179 37 obestånd,
1713 1695 91 30 dock

700 1738 152 32 allenast
869 1739 65 31 där
950 1740 146 31 särskilt
1114 1742 161 35 vägande
1292 1743 77 31 skäl
1385 1744 127 31 därtill
1531 1744 196 33 föranleda.

338 1805 206 32 Stockholm
564 1806 64 31 den
650 1807 38 30 16
707 1808 73 36 maj
803 1808 86 31 1983.

785 1911 49 31 På
859 1913 283 31 statsutskottets
1164 1917 152 33 vägnar:

804 2006 32 31 S.
863 2006 43 30 H.
934 2006 350 34 KVARNZELIUS.

329 2231 53 24 Vid
401 2231 178 25 förestående
597 2232 117 24 ärendes
733 2233 229 31 slutbehandling
982 2235 75 23 inom
1078 2235 140 24 utskottet
1237 2237 69 23 hava
1326 2238 135 24 närvarit:

336 2280 61 27 från
430 2284 110 24 första
559 2285 209 24 kammaren:
789 2285 97 24 herrar
910 2286 190 30 Kvarnzelins,
1120 2288 148 30 Lindblad,
1294 2289 102 29 Widell,
1417 2291 111 25 Nilsson
1549 2293 8 22 i
1578 2292 113 29 Malmö,
1713 2294 85 23 Oscar

294 2328 106 25 Olsson,
424 2328 111 30 Wallies,
554 2329 125 31 Ernfors,
700 2329 166 31 Bergström,
886 2330 112 24 Nilsson
1018 2331 8 23 i
1046 2331 190 29 Fredriksfält,
1258 2333 93 24 Thelin
1372 2334 53 23 och
1447 2335 155 31 Nordborg;
1619 2339 72 21 samt

335 2377 61 28 från
416 2380 106 24 andra
543 2381 206 24 kammaren:
774 2382 97 24 herrar
899 2383 143 24 Anderson
1067 2384 7 23 i
1104 2380 127 33 Råstock,
1260 2386 160 31 Holmgren,
1448 2388 176 30 Strindlund,
1651 2390 116 24 Persson
1788 2390 8 23 i

292 2425 123 30 Fritorp,
434 2425 156 24 Andersson
618 2426 7 23 i
656 2425 86 30 Höör,
771 2427 115 23 Persson
916 2427 8 22 i
951 2426 83 29 Falla,
1062 2428 120 24 Jonsson
1212 2429 8 23 i
1249 2429 169 30 Eskilstuna,
1448 2431 155 25 Andersson
1627 2433 9 23 i
1657 2433 137 27 Prästbol,

292 2469 116 28 Norsell,
429 2468 130 30 Olofsson
580 2469 7 23 i
609 2469 141 29 Digernäs,
789 2470 156 23 Andersson
965 2471 8 22 i
995 2470 159 32 Ovanmyra
1173 2472 51 24 och
1245 2473 119 24 Isacson.
