2226 2640
405 196 40 30 20
852 200 336 37 Bevillningsutskottets
1212 201 188 30 Betänkande
1425 202 58 29 N:o
1509 205 26 26 9.

404 278 201 48 tillräcklig
648 278 148 49 ledning
838 277 59 37 för
937 279 187 36 omdömet
1166 281 12 34 i
1211 280 100 36 detta
1340 281 179 44 afseende,
1547 282 80 36 icke
1657 283 88 35 böra
1774 282 143 50 afgifva
1945 289 53 30 ett

404 331 182 35 bestämdt
615 331 191 36 uttalande
836 332 12 34 i
877 332 100 36 detta
1006 339 121 37 ämne;
1156 333 144 36 hvadan
1329 335 68 35 och
1426 334 46 36 då
1500 335 131 49 Kongl.
1660 336 104 48 Maj:t
1792 349 87 23 vore
1905 336 93 37 oför-

404 384 154 36 hindrad
598 390 65 39 att,
695 398 59 23 om
788 385 70 36 och
886 393 66 28 när
980 385 131 49 Kongl.
1140 387 105 48 Maj:t
1273 387 37 36 så
1337 387 178 49 pröfvade
1543 390 146 48 skäligt,
1720 389 191 50 upphäfva
1939 391 59 35 be-

404 439 275 35 stämmelserna
706 451 60 23 om
795 437 184 45 förbudet,
1010 440 178 36 utskottet
1216 440 56 36 för
1300 442 62 35 det
1387 441 206 37 dåvarande
1612 443 80 35 icke
1711 442 115 38 funne
1846 444 79 35 skäl
1944 450 54 30 att

403 492 189 48 tillstyrka
620 491 191 39 förbudets
840 493 252 48 borttagande.

508 545 186 36 Motionen
722 545 214 36 föranledde
965 547 30 47 ej
1026 547 117 35 heller
1171 548 59 34 till
1258 547 119 49 någon
1407 549 226 49 Riksdagens
1661 549 140 49 åtgärd.

510 650 284 50 Ifrågavarande
823 653 236 48 stadganden,
1088 654 128 35 hvilka
1245 653 179 37 innefatta
1452 668 43 23 en
1524 654 58 37 för
1610 657 285 47 lappmarkerna
1923 659 75 47 gäl-

404 704 108 36 lande
541 705 472 49 undantagsbestämmelse,
1042 707 239 48 hvarigenom
1311 708 63 35 vid
1404 709 74 35 vite
1506 707 189 50 förbjudes
1722 716 56 30 att
1805 710 54 36 dit
1878 711 120 36 införa

403 758 258 49 spritdrycker,
689 759 112 35 hafva
829 760 218 35 tillkommit
1076 761 115 35 under
1219 761 105 44 tider,
1353 761 46 36 då
1417 761 276 38 förhållandena
1712 764 12 34 i
1744 764 100 36 dessa
1858 765 140 35 trakter

402 825 89 23 voro
534 813 225 47 väsentligen
803 814 101 34 olika
946 819 77 30 mot
1060 815 12 33 i
1105 813 117 50 öfriga
1250 814 103 36 delar
1381 814 40 36 af
1447 816 103 35 riket.
1606 816 303 49 Lappmarkerna
1939 819 58 35 be-

403 866 138 35 boddes
568 866 60 35 till
658 865 267 50 hufvudsaklig
953 867 59 36 del
1040 866 40 36 af
1107 868 138 48 lappar,
1276 868 129 36 hvilka
1433 882 87 22 voro
1548 870 110 36 sedan
1677 872 180 47 gammalt
1876 872 122 35 kända

402 919 116 35 såsom
560 920 151 48 mycket
753 919 151 50 begifna
944 920 46 49 på
1024 920 226 36 förtärandet
1277 920 41 37 af
1343 923 124 35 starka
1495 922 166 50 drycker,
1690 926 68 33 och
1782 924 216 36 invånarnes

402 973 297 48 kringflackande
741 972 46 36 lif
827 980 94 29 samt
962 974 43 35 de
1047 975 232 48 synnerligen
1322 974 124 50 dåliga
1474 976 413 37 kommunikationerna
1916 979 80 35 lade

402 1032 97 29 stora
541 1026 129 35 hinder
711 1027 10 34 i
764 1033 117 42 vägen
926 1026 56 36 för
1017 1040 44 22 en
1103 1029 167 34 verksam
1305 1029 163 35 kontroll
1496 1029 103 37 öfver
1627 1030 370 49 spritdrycksförsälj-

401 1080 144 48 ningen.
602 1079 125 36 Under
768 1080 137 36 sådana
947 1081 94 35 tider
1076 1081 124 35 kunde
1228 1086 51 31 ett
1307 1081 287 37 införselförbud
1623 1082 110 37 hafva
1761 1085 62 35 sitt
1851 1086 145 34 berätti-

401 1133 118 48 gande
549 1133 68 35 och
645 1146 66 22 var
738 1132 184 37 måhända
951 1134 68 35 den
1048 1134 94 35 enda
1171 1140 160 43 utvägen
1351 1140 56 30 att
1426 1136 149 35 hämma
1594 1136 227 50 förtäringen
1834 1137 41 36 af
1891 1139 104 47 sprit-

401 1187 157 48 drycker
587 1186 114 36 bland
729 1185 273 50 befolkningen.
1058 1186 127 37 Under
1214 1188 43 35 de
1286 1194 140 30 senaste
1455 1190 213 35 årtiondena
1697 1191 66 35 har
1787 1192 207 35 emellertid

401 1240 188 36 olikheten
623 1241 136 34 mellan
793 1239 423 37 lefnadsförhållandena
1245 1242 11 33 i
1284 1242 285 47 lappmarkerna
1597 1244 67 35 och
1693 1245 12 33 i
1734 1243 119 50 öfriga
1877 1245 118 36 lands-

401 1293 103 36 delar
546 1294 70 34 allt
655 1306 77 23 mer
773 1294 198 47 utjemnats
1012 1294 310 49 hufvudsakligen
1365 1308 133 36 genom
1527 1296 43 36 de
1599 1297 11 34 i
1639 1299 37 33 så
1704 1298 73 48 hög
1805 1299 90 48 grad
1926 1298 68 36 för-

402 1347 167 35 bättrade
612 1346 313 45 samfärdsmedel,
967 1360 78 23 som
1087 1348 159 35 kommit
1287 1349 44 35 de
1374 1349 167 49 nordliga
1569 1350 148 37 delarne
1746 1351 42 35 af
1812 1352 96 36 riket
1935 1353 60 35 till

400 1400 95 49 godo
520 1401 67 35 och
623 1400 126 36 hvilka
782 1400 228 37 beträffande
1045 1402 297 47 lappmarkerna,
1372 1404 244 48 synnerligast
1644 1404 44 35 de
1717 1405 12 35 i
1753 1405 242 36 Norrbottens

401 1455 60 34 län
506 1455 168 48 belägna,
718 1453 81 36 haft
840 1455 60 35 till
942 1455 93 48 följd
1070 1455 262 48 upprättandet
1361 1456 183 36 derstädes
1573 1457 39 35 af
1638 1464 97 29 stora
1763 1459 231 36 industriella

401 1508 89 35 verk
519 1508 67 35 och
615 1520 44 23 en
688 1506 106 37 deraf
820 1508 165 45 härledd,
1015 1508 174 36 särskildt
1217 1509 115 35 under
1361 1509 44 36 de
1434 1516 137 30 senaste
1600 1510 85 36 åren
1716 1512 208 49 betydande
1944 1514 50 33 in-

399 1561 176 49 flyttning
616 1560 81 36 från
739 1562 250 47 angränsande
1031 1562 218 35 landsdelar.
1306 1563 76 35 Till
1424 1564 195 49 belysning
1647 1564 39 36 af
1711 1565 118 36 denna
1857 1566 137 48 inflytt-

400 1616 106 47 nings
548 1614 150 49 omfång
740 1614 137 36 tillåter
910 1616 53 47 sig
992 1615 178 36 utskottet
1199 1616 82 35 med
1311 1617 81 35 stöd
1421 1616 40 36 af
1486 1618 69 35 den
1585 1617 174 37 officiella
1787 1620 207 35 statistiken

399 1668 179 44 meddela,
606 1673 55 30 att
687 1667 264 50 folkmängden
979 1669 12 34 i
1019 1669 44 35 de
1092 1669 100 35 inom
1221 1668 243 38 Norrbottens
1493 1672 59 34 län
1583 1672 156 48 belägna
1759 1673 235 48 lappmarker

400 1722 170 48 utgjorde
611 1721 40 36 år
699 1724 97 35 1880
844 1724 133 42 13,557
1025 1735 182 36 personer,
1246 1722 105 36 deraf
1394 1726 110 41 3,554
1548 1725 142 48 lappar,
1718 1726 67 35 och
1819 1726 40 35 år
1893 1728 99 36 1890

403 1777 137 42 16,950
584 1788 179 35 personer,
805 1775 105 36 deraf
953 1778 107 42 3,807
1105 1777 141 48 lappar.
1302 1776 55 36 Af
1396 1778 176 47 lapparne
1600 1792 89 22 voro
1717 1780 207 35 emellertid
1953 1780 40 35 år

404 1830 98 36 1890
546 1829 97 35 blott
687 1830 111 43 2,580
828 1829 182 36 nomader.
1069 1829 79 36 Den
1179 1832 43 34 31
1257 1830 193 36 december
1483 1834 95 35 1895
1610 1832 93 36 hade
1727 1831 266 51 folkmängden

399 1883 11 33 i
440 1882 42 36 de
524 1883 99 34 inom
668 1881 242 37 Norrbottens
952 1883 59 34 län
1055 1883 158 49 belägna
1254 1884 237 47 lappmarker
1523 1885 102 49 stigit
1653 1886 58 35 till
1744 1888 141 42 20,868
1916 1900 77 35 per-

398 1948 113 24 soner.

505 1988 188 37 Utskottet
725 2002 103 23 anser
862 1988 133 46 derför,
1022 1995 55 30 att
1104 1991 132 48 giltiga
1264 1991 78 34 skäl
1371 1992 32 47 ej
1432 1992 125 48 längre
1586 1991 197 37 förefinnas
1810 1992 58 36 för
1896 1993 98 37 bibe-

399 2042 186 36 hållandet
614 2041 41 37 af
679 2041 281 50 ifrågavarande
989 2043 447 49 undantagsstadganden,
1464 2050 88 30 utan
1582 2049 55 33 att
1663 2046 101 37 tiden
1784 2059 50 22 nu
1855 2053 40 28 är
1910 2048 82 35 inne

398 2102 55 29 att
481 2097 286 48 lappmarkerna
797 2095 120 37 blifva
945 2097 11 34 i
984 2096 239 37 förevarande
1252 2097 203 36 hänseende
1483 2099 173 35 likstälda
1684 2100 84 35 med
1796 2100 112 36 rikets
1941 2100 50 36 öf-

397 2151 80 47 riga
519 2150 113 36 delar.
690 2150 112 35 Utom
846 2150 63 35 det
950 2156 55 30 att
1032 2150 102 37 detta
1158 2163 104 36 synes
1290 2151 178 36 utskottet
1495 2165 88 22 vara
1611 2153 83 36 med
1725 2153 172 48 billighet
1924 2154 68 35 och

397 2204 152 35 rättvisa
589 2203 406 45 öfverensstämmande,
1032 2209 131 30 väntar
1201 2205 178 35 utskottet
1415 2204 106 36 deraf
1547 2205 107 37 äfven
1683 2211 55 31 att
1765 2206 226 50 sedligheten

398 2256 211 49 befrämjas,
650 2263 41 43 ty
728 2262 53 31 ett
813 2257 150 37 absolut
990 2256 134 37 förbud
1153 2263 78 30 mot
1258 2258 147 36 införsel
1435 2257 40 36 af
1499 2259 248 50 spritdrycker
1774 2260 59 36 till
1862 2273 44 23 en
1936 2265 57 31 ort
