1886 2825
474 162 283 28 Statsutskottets
779 162 178 29 utlåtande
977 171 42 19 nr
1040 163 40 28 59
1101 162 39 29 år
1163 162 82 29 1968
1586 165 17 29 7

1486 359 118 40 Bilaga

456 515 194 32 Yttranden
665 518 82 30 över
763 516 222 32 motionerna
1000 516 29 33 I:
1043 516 21 33 9
1080 516 67 32 och
1163 516 46 33 II:
1223 516 44 32 10

123 620 155 34 Sveriges
303 620 350 28 riksidrottsförbund
683 620 193 33 (29.2.1968)

173 699 11 28 I
206 699 176 29 motionen
403 699 88 29 talas
512 708 56 20 om
588 699 313 40 boxningssporten
922 702 85 28 utan
1028 702 50 28 att
1098 700 113 40 någon
1233 699 152 31 skillnad
1405 702 98 38 göres
1523 702 82 28 mel-

128 745 57 28 lan
203 744 288 39 amatörboxning
507 744 65 30 och
588 745 241 39 professionell
843 744 165 40 boxning.
1025 745 56 30 RF
1098 745 116 30 finner
1231 746 56 29 det
1304 746 178 39 angeläget
1499 746 106 29 fram-

130 789 91 29 hålla
242 792 48 26 att
311 790 57 28 vid
388 799 42 19 en
450 790 210 39 bedömning
681 799 41 20 av
741 790 314 39 boxningssporten
1075 790 61 30 bör
1157 800 41 20 en
1219 791 77 29 klar
1316 791 208 29 distinktion
1545 791 60 29 ske

128 835 126 29 mellan
275 834 288 39 amatörboxning
581 835 64 29 och
662 835 242 39 professionell
922 835 162 39 boxning.
1103 836 74 28 Den
1196 845 120 20 senare
1335 836 105 39 ligger
1458 836 30 36 ej
1510 837 95 28 inom

129 880 92 29 RF:s
240 879 385 30 verksamhetsområde
644 880 64 29 och
727 880 52 29 till
799 880 204 30 densamma
1023 880 99 39 utgår
1143 880 29 37 ej
1196 879 138 41 statliga
1352 881 131 39 bidrag.

173 925 55 28 RF
250 924 125 30 liksom
397 925 185 38 ledningen
602 925 55 29 för
677 925 361 39 boxningsförbundet
1059 926 37 28 är
1117 926 170 29 medvetet
1308 935 56 20 om
1386 928 50 27 att
1457 927 149 29 amatör-

128 970 197 38 boxningen
343 988 44 2 —
405 970 125 29 liksom
549 970 93 29 vissa
661 970 109 29 andra
789 970 144 29 idrotter
951 989 44 2 —
1012 971 70 29 kan
1101 971 158 29 medföra
1278 971 182 29 skaderisk
1479 971 55 29 för
1553 973 53 27 ut-

125 1015 139 30 övarna.
289 1014 365 39 Boxningsförbundet
679 1015 63 29 har
766 1015 119 29 därför
908 1034 42 2 —
974 1016 79 29 med
1078 1016 77 29 stöd
1179 1015 79 30 från
1284 1016 55 29 RF
1362 1033 44 3 —
1430 1016 106 29 sedan
1562 1017 47 28 ett

131 1058 103 30 10-tal
255 1059 37 29 år
310 1059 146 29 tillbaka
473 1059 251 39 kontinuerligt
742 1060 121 29 verkat
880 1060 55 29 för
954 1062 50 27 att
1022 1068 123 31 genom
1164 1061 92 29 olika
1276 1061 330 29 säkerhetsbestäm-

129 1104 124 29 melser
278 1104 180 29 eliminera
481 1105 82 29 eller
587 1105 10 29 i
620 1104 96 37 varje
741 1105 61 29 fall
827 1105 157 29 avsevärt
1008 1105 170 39 begränsa
1203 1105 40 30 de
1267 1105 121 34 risker,
1415 1114 73 21 som
1514 1115 93 20 ama-

131 1149 250 39 törboxningen
407 1150 10 28 i
445 1150 242 38 tävlingsform
714 1150 70 28 kan
810 1150 167 29 medföra.
1005 1150 111 29 Bland
1144 1151 100 29 dessa
1270 1151 159 38 åtgärder
1455 1151 62 29 bör
1543 1151 64 29 föl-

127 1193 106 37 jande
249 1194 163 30 nämnas:

132 1289 26 29 1.
184 1288 164 29 Startbok

176 1343 109 29 Innan
309 1342 113 39 någon
445 1342 54 29 får
521 1341 158 30 tillstånd
702 1343 49 27 att
773 1341 106 29 boxas
902 1341 110 29 måste
1035 1341 69 29 han
1127 1340 167 39 genomgå
1316 1340 292 30 läkarundersök-

128 1388 82 38 ning
232 1388 64 28 och
319 1387 173 29 förklaras
515 1386 270 39 tävlingsduglig
807 1386 79 29 med
910 1386 167 29 avseende
1102 1386 124 28 främst
1251 1385 43 39 på
1319 1385 41 29 de
1384 1385 133 40 fysiska
1542 1385 68 29 för-

134 1432 292 38 utsättningarna.
448 1431 76 29 Alla
546 1431 156 29 matcher
725 1432 137 28 noteras
885 1431 64 28 och
971 1430 151 29 kontroll
1146 1439 41 20 av
1209 1430 201 29 startboken
1434 1430 78 29 sker
1533 1439 75 20 var-

129 1477 34 36 je
179 1477 47 29 år.

131 1567 29 29 2.
185 1566 245 39 Huvudskydd

176 1620 251 38 Obligatoriskt
447 1620 235 39 huvudskydd
700 1619 156 30 infördes
878 1619 82 30 1962
980 1620 9 28 i
1008 1619 111 29 första
1138 1619 95 29 hand
1251 1619 54 29 för
1325 1620 48 28 att
1394 1618 134 39 skydda
1546 1618 63 29 hu-

134 1666 102 29 vudet
254 1665 57 29 vid
328 1665 62 29 fall
408 1667 72 27 mot
498 1665 111 38 golvet
626 1673 80 21 men
724 1664 105 30 också
846 1665 10 29 i
875 1664 90 39 syfte
983 1666 50 27 att
1051 1664 139 29 minska
1207 1663 328 40 ögonbrynsskador
1552 1663 58 29 vid

133 1710 357 38 sammanstötningar
505 1710 120 29 huvud
639 1712 72 26 mot
725 1709 130 29 huvud.

133 1799 28 29 3.
189 1798 299 39 Underlivsskydd

179 1853 214 39 Suspensoar
409 1853 63 28 har
488 1852 109 29 under
612 1852 125 39 många
753 1852 37 29 år
805 1852 88 29 varit
908 1851 235 39 obligatorisk.

134 1933 29 29 4.
191 1933 212 38 Tandskydd

179 1987 78 29 Med
277 1987 102 39 något
399 1987 145 29 enstaka
563 1987 178 39 undantag
761 1986 175 30 använder
956 1987 67 29 alla
1041 1986 126 30 boxare
1185 1987 10 28 i
1216 1986 64 39 dag
1299 1986 209 39 tandskydd.

134 2069 29 28 5.
189 2068 188 29 Handskar

180 2122 215 36 Tjockleken
420 2122 186 39 (tyngden)
629 2122 45 39 på
693 2122 225 29 handskarna
937 2122 64 28 har
1020 2121 101 30 ökats
1141 2121 79 29 från
1240 2121 18 28 8
1278 2130 37 19 oz
1340 2121 79 33 (228
1440 2121 35 39 g)
1500 2121 52 29 till
1574 2120 38 29 10

135 2177 38 19 oz
193 2167 78 31 (285
289 2167 50 39 g).

136 2248 28 30 6.
189 2247 243 39 Domarregler

180 2303 68 28 För
267 2304 49 27 att
334 2302 154 28 undvika
506 2301 177 29 knockout
702 2301 69 29 kan
790 2301 244 39 ringdomaren
1054 2300 143 39 avbryta
1215 2309 41 21 en
1275 2300 120 36 ojämn
1414 2300 104 39 kamp
1537 2301 10 28 i
1567 2301 46 28 ett

137 2347 99 38 tidigt
252 2347 114 29 skede.

181 2391 366 39 Boxningsförbundet
570 2391 63 29 har
656 2391 110 29 under
789 2391 123 29 hösten
937 2390 81 30 1967
1043 2390 150 29 beslutat
1216 2390 111 30 företa
1350 2390 186 38 utredning
1559 2399 55 20 om

138 2437 298 38 huvudskyddens
457 2436 186 29 utförande
664 2436 64 29 och
748 2436 146 39 översyn
915 2445 42 20 av
977 2436 67 28 alla
1065 2435 302 39 skyddsåtgärder.

183 2482 65 29 Vid
278 2481 263 39 utformningen
571 2490 41 20 av
642 2480 491 30 säkerhetsbestämmelserna
1162 2480 64 29 har
1255 2479 361 39 boxningsförbundet

140 2527 144 28 samrått
307 2527 77 29 med
405 2526 340 39 läkarvetenskaplig
764 2525 160 39 expertis.
945 2525 331 29 Bestämmelsernas
1298 2525 213 29 efterlevnad
1532 2525 84 28 kon-
