1886 2832
291 132 38 30 10
639 135 284 33 Statsutskottets
945 140 177 30 utlåtande
1143 151 42 20 nr
1205 143 41 29 59
1267 143 39 29 år
1328 144 84 30 1968

331 266 80 30 Som
439 267 128 31 bekant
596 270 143 31 innebär
767 272 173 32 Nordiska
967 274 116 32 rådets
1113 278 186 40 utredning
1328 279 91 41 inget
1449 281 131 41 förslag
1609 284 50 30 till
1688 285 81 30 box-

285 311 231 41 ningsförbud
543 317 85 28 utan
654 326 82 20 man
762 327 102 21 anser
891 321 49 29 att
967 321 40 30 de
1035 331 41 20 av
1103 323 230 41 utredningen
1362 326 196 41 föreslagna
1586 330 182 39 skyddsåt-

284 358 170 38 gärderna
476 360 87 30 skall
583 370 82 22 vara
685 362 182 41 tillfyllest.
888 365 42 30 Vi
948 366 58 29 vill
1027 368 191 31 emellertid
1240 370 85 30 även
1346 372 187 32 framhålla
1553 376 50 28 att
1621 376 34 29 vi
1676 377 92 29 stän-

284 403 72 39 digt
383 406 184 37 omprövar
597 407 449 34 säkerhetsföreskrifterna
1075 413 87 29 efter
1190 415 94 30 hand
1314 425 73 21 som
1417 418 283 33 erfarenheterna
1731 422 37 29 så

284 448 133 31 kräver.

328 494 67 30 Vid
412 495 382 40 boxningsförbundets
812 500 150 31 årsmöte
981 502 65 30 den
1070 503 15 29 7
1107 504 143 31 oktober
1273 506 81 30 1967
1376 508 128 31 beslöts
1526 512 48 27 att
1596 520 41 20 en
1660 512 109 30 förut-

284 538 225 41 sättningslös
530 542 186 41 utredning
735 544 177 40 angående
932 547 298 40 huvudskyddens
1253 551 184 32 utförande
1459 554 111 31 skulle
1590 551 175 50 påbörjas.

283 583 126 31 Senare
437 586 109 30 under
573 587 124 30 hösten
723 589 110 31 beslöt
862 592 167 39 styrelsen
1057 595 48 28 att
1132 595 101 40 vidga
1262 597 229 41 utredningen
1520 600 50 29 till
1599 602 49 28 att
1676 611 89 21 sam-

282 628 101 41 tidigt
405 631 148 31 omfatta
577 642 41 20 en
642 634 130 30 allmän
796 636 146 40 översyn
967 647 42 20 av
1032 639 66 30 alla
1124 640 304 41 skyddsåtgärder,
1454 644 153 31 förutom
1631 647 134 30 huvud-

282 675 113 39 skydd
416 676 87 30 även
526 678 179 31 handskar
728 681 65 29 och
815 681 166 40 ringgolv.

325 721 57 29 Ett
408 722 111 30 första
545 726 339 31 sammanträffande
911 728 83 39 ägde
1022 739 77 20 rum
1127 730 55 30 för
1208 741 40 20 en
1277 733 49 29 tid
1354 734 104 33 sedan
1487 736 79 29 med
1593 737 173 31 laborator

280 765 150 31 Aldman
453 776 74 21 som
550 770 214 39 utmynnade
787 771 10 30 i
819 773 47 28 ett
889 775 339 31 sammanträffande
1251 778 78 29 med
1353 778 154 41 Sveriges
1531 782 233 31 standardise-

279 810 329 40 ringskommission
638 815 64 29 och
731 817 375 41 provningsanstalten.
1137 821 312 42 Undersökningen
1481 826 88 30 skall
1599 827 164 40 påbörjas

280 856 94 29 inom
399 857 66 29 den
489 859 177 30 närmaste
691 861 94 29 tiden
810 863 65 28 och
898 863 61 29 vår
984 865 227 41 målsättning
1236 868 37 28 är
1298 870 50 27 att
1373 869 35 29 få
1433 870 328 41 boxningshjälmen

280 899 205 32 SIS-märkt.

323 1000 74 29 Den
424 1002 188 40 utredning
638 1012 74 21 som
740 1005 127 30 utförts
895 1007 54 28 för
977 1009 49 28 att
1054 1009 198 31 undersöka
1281 1012 328 41 skadeverkningar,
1638 1025 47 20 nu
1714 1025 48 20 se-

278 1046 79 28 nast
380 1045 66 30 den
469 1046 94 30 inom
586 1047 173 32 Nordiska
781 1049 108 36 rådet,
913 1060 57 31 ger
994 1053 104 40 enligt
1121 1054 61 30 vår
1206 1056 225 41 uppfattning
1454 1068 42 19 en
1521 1060 84 29 skev
1625 1061 72 30 bild
1721 1071 41 20 av

277 1089 41 30 de
340 1091 154 40 verkliga
518 1091 276 34 förhållandena.
817 1096 66 30 Vid
906 1097 302 42 undersökningar
1231 1111 43 19 av
1294 1102 126 31 boxare
1444 1104 37 29 är
1505 1104 55 30 det
1584 1106 11 29 i
1616 1106 145 30 allmän-

277 1135 58 29 het
352 1136 95 30 äldre
465 1137 131 30 sådana
615 1148 74 20 som
707 1141 148 30 utövade
874 1144 140 37 sporten
1032 1144 110 30 under
1160 1146 71 29 helt
1249 1147 109 30 andra
1377 1147 245 32 förhållanden
1639 1152 45 28 än
1702 1161 58 20 nu.

277 1179 299 42 Skyddsåtgärder
603 1192 74 21 som
705 1186 166 34 startbok,
898 1187 135 30 huvud-
1059 1190 65 28 och
1151 1191 208 40 tandskydd,
1388 1193 155 39 tjockare
1571 1195 189 36 handskar,

278 1226 220 39 RSC-regeln,
526 1229 231 40 avstängning
783 1241 42 19 av
850 1232 126 30 boxare
1003 1234 56 29 vid
1087 1235 210 31 knock-outs
1326 1240 61 27 etc.
1417 1239 63 29 har
1508 1240 176 31 inneburit
1713 1245 48 27 att

276 1271 193 30 eventuella
492 1272 220 31 skaderisker
736 1275 212 31 eliminerats
972 1278 10 29 i
1004 1278 68 40 hög
1093 1280 94 39 grad.
1211 1281 139 30 Antalet
1372 1284 156 29 matcher
1551 1294 60 30 per
1633 1286 127 30 boxare

275 1315 65 29 har
363 1316 107 30 också
493 1317 164 36 minskat,
681 1319 107 31 vilket
814 1321 59 39 gör
898 1324 50 27 att
972 1324 169 31 utövarna
1167 1325 54 30 får
1246 1327 118 39 längre
1389 1328 228 40 viloperioder
1643 1340 48 20 nu
1716 1332 43 29 än

275 1360 155 39 lidigare.
448 1362 108 29 Dessa
574 1363 244 31 förhållanden
835 1366 64 29 har
916 1367 70 29 inte
1003 1368 158 31 beaktats
1180 1371 11 28 i
1207 1368 241 47 utredningen.

319 1405 81 29 Man
426 1406 70 30 kan
521 1408 107 29 också
652 1408 86 40 våga
765 1410 52 39 sig
840 1411 45 38 på
910 1413 50 28 att
985 1414 64 33 tro,
1075 1414 79 29 med
1181 1416 76 28 stöd
1284 1426 42 20 av
1351 1417 265 40 ifrågavarande
1644 1421 113 29 utred-

273 1449 93 40 ning,
393 1452 50 28 att
468 1452 336 42 läkarvetenskapen
831 1456 217 31 fortfarande
1073 1461 56 27 vet
1155 1459 54 30 för
1235 1461 74 30 litet
1334 1463 63 29 när
1424 1463 56 30 det
1506 1464 106 39 gäller
1638 1465 119 40 hjärn-

274 1495 137 30 skador.
436 1497 330 41 Hjärnskakningar
791 1509 73 21 som
888 1502 144 30 innebär
1056 1503 179 41 långvarig
1257 1507 269 31 medvetslöshet
1550 1510 69 29 kan
1644 1510 113 30 åstad-

272 1539 142 31 komma
446 1549 253 31 ogynnsamma
732 1545 245 41 förändringar
1011 1557 41 20 av
1085 1549 152 39 hjärnan
1271 1560 78 20 men
1383 1553 197 30 ovissheten
1613 1555 39 29 är
1686 1558 70 27 stor

272 1585 63 29 när
360 1585 56 30 det
441 1586 105 39 gäller
570 1588 131 30 verkan
725 1599 43 20 av
791 1592 199 39 upprepade
1015 1593 323 42 hjärnskakningar
1364 1607 41 19 av
1430 1598 186 40 lindrigare
1642 1602 113 28 natur.

272 1629 71 30 Här
365 1630 159 31 befinner
547 1632 50 40 sig
619 1633 313 42 boxningssporten
956 1637 10 29 i
989 1640 70 37 gott
1084 1639 153 40 sällskap
1260 1641 78 29 med
1362 1642 108 30 andra
1495 1639 260 50 idrottsgrenar.

272 1675 64 29 Det
352 1676 71 28 kan
439 1677 133 30 kanske
588 1688 83 20 vara
688 1689 41 19 en
746 1680 169 31 idrottens
934 1682 97 39 fråga
1048 1685 49 28 att
1115 1684 120 40 hjälpa
1254 1686 53 29 till
1324 1688 78 28 med
1421 1688 335 41 forskningsarbetet

272 1719 10 28 i
300 1719 64 29 här
382 1720 115 30 berört
517 1723 178 29 avseende.

314 1765 78 29 Med
414 1766 76 29 stöd
510 1776 43 20 av
572 1767 63 30 här
656 1768 149 31 anförda
825 1772 217 38 synpunkter
1063 1774 135 29 avvisar
1220 1775 153 31 Svenska
1394 1777 360 40 boxningsförbundet

270 1809 149 30 bestämt
436 1812 278 30 motionärernas
731 1814 131 39 förslag
879 1825 56 20 om
952 1817 208 41 indragning
1178 1829 40 19 av
1236 1820 56 29 det
1310 1822 120 39 anslag
1448 1832 74 20 som
1538 1823 216 31 riksidrotts-

270 1854 187 30 förbundet
479 1856 131 39 årligen
631 1858 228 31 tillerkänner
880 1869 65 21 oss.
969 1862 40 29 Vi
1031 1872 102 20 anser
1155 1865 105 29 också
1282 1867 49 28 att
1355 1866 153 40 Sveriges
1531 1869 143 40 riksdag
1694 1871 62 29 bör

269 1898 211 31 tillerkänna
499 1902 451 41 amatörboxningssporten
971 1915 134 22 samma
1126 1909 189 38 självklara
1336 1911 164 40 ställning
1521 1922 74 21 som
1615 1914 139 30 idrotts-

269 1951 83 30 gren
369 1945 94 28 inom
481 1946 409 33 riksidrottsförbundets
908 1951 92 38 hägn
1019 1961 73 20 som
1112 1953 116 39 övriga
1247 1955 250 40 idrottsgrenar
1517 1958 154 37 åtnjuter
1691 1961 64 28 och

270 1987 68 30 låta
355 1988 241 41 fördelningen
613 2000 41 20 av
670 1992 40 29 de
727 1993 110 29 medel
855 2003 73 21 som
946 1996 96 29 ställs
1059 1997 51 29 till
1127 1997 169 31 idrottens
1314 1999 204 41 förfogande
1535 2003 160 30 handhas
1712 2013 40 21 av

268 2032 168 31 idrottens
455 2043 117 31 organ.

1369 2516 80 15 MARCUS
1460 2517 72 15 BOKTR.
1542 2518 64 15 STHLM
1620 2519 35 15 1968
1673 2519 76 16 680027
