2230 2658
720 140 233 42 Loagutskottets
976 138 162 33 utlåtande
1162 137 52 32 Nr
1249 138 49 31 44.
1742 132 36 32 11

231 223 456 41 brukskommissionerna
716 220 204 50 ådagalagt
944 219 12 37 i
976 219 70 37 och
1065 217 59 37 för
1143 215 289 51 tillämpningen
1454 214 39 37 af
1510 212 314 48 vanhäfdslagen.

232 277 203 51 Klagomål
463 276 105 37 öfver
597 274 108 38 deras
734 273 196 51 passivitet
958 272 68 37 har
1053 270 198 50 försports,
1281 268 71 37 och
1380 281 87 23 man
1494 267 68 36 har
1585 266 44 50 ju
1651 265 70 37 ock
1740 264 86 37 med

231 331 195 48 undantag
454 329 58 36 för
540 326 213 39 Jämtlands
777 326 62 36 län
867 325 83 37 icke
969 324 86 37 hört
1082 326 117 46 något
1219 322 41 36 af
1276 321 95 37 dem.
1397 321 177 36 Däremot
1591 318 132 49 klagas
1743 317 82 37 från

230 381 401 51 bolagsarrendatorer
671 382 48 48 på
759 379 101 36 vissa
901 378 87 47 håll,
1028 381 53 32 att
1122 375 163 49 bolagen
1331 374 90 36 söka
1469 372 133 49 tvinga
1648 370 84 37 dem
1775 374 53 32 att

231 435 229 36 iståndsätta
487 434 45 35 de
560 433 59 36 till
639 432 85 36 dem
744 430 280 37 öfverlämnade
1043 428 200 36 vanskötta
1263 427 223 36 hemmanen
1505 429 91 32 utan
1616 422 212 48 ersättning

235 487 61 37 vid
326 486 178 49 äfventyr
535 489 54 32 att
617 484 108 49 eljest
753 482 37 37 få
817 482 119 50 flytta.
991 480 55 37 Af
1068 479 82 37 vikt
1177 491 90 24 vore
1295 477 108 37 äfven
1435 482 54 31 att
1508 476 37 36 få
1563 481 86 31 veta
1668 474 161 37 effekten

235 540 41 37 af
315 539 65 37 det
421 536 246 48 förhållande,
710 540 53 32 att
797 534 170 38 arrende-
996 533 70 37 och
1094 530 344 49 vanhäfdslagarne
1466 529 33 49 ej
1530 528 102 49 finge
1660 531 72 45 äga
1759 527 71 36 till-

233 591 198 51 lämpning
458 589 96 38 båda
581 591 49 47 på
658 601 143 24 samma
828 588 187 36 hemman.

366 642 70 39 Om
465 642 212 37 motionens
705 640 171 50 yrkande
896 637 232 40 beträffande
1147 635 246 37 norrländska
1412 632 416 51 ägostyckningslagen

235 698 68 35 har
339 696 185 37 utskottet
562 695 189 48 knappast
786 697 119 45 yttrat
938 692 70 49 sig.
1069 689 131 37 Denna
1224 687 227 48 författning
1480 691 40 32 är
1542 686 44 49 ju
1615 685 113 37 också
1755 684 75 37 lika

236 748 165 50 gammal
444 760 80 24 som
567 745 280 49 förbudslagen,
889 757 61 24 om
992 743 72 37 den
1105 746 45 31 än
1185 740 11 36 i
1234 740 132 49 början
1408 753 66 23 var
1503 744 167 43 antagen
1698 737 133 36 endast

237 804 123 35 såsom
380 799 233 51 provisorisk
632 799 73 47 lag.
726 797 132 49 Enligt
878 796 216 38 densamma
1114 793 66 37 har
1200 793 62 37 det
1281 792 125 37 blifvit
1423 791 110 50 lagdt
1552 791 12 36 i
1583 789 247 50 befallnings-

235 853 205 38 hafvandes
483 852 95 36 skön
616 856 53 31 att
711 850 109 47 tillse,
863 849 62 37 det
957 846 375 52 ägostyckningarne
1369 844 117 36 blifva
1522 843 182 49 lämpliga
1746 842 85 36 med

238 905 203 49 tillräcklig
469 902 227 51 skogsmark
724 902 71 36 och
824 907 124 31 annat.
1005 898 220 49 Säkerligen
1244 897 190 48 tillämpas
1454 896 102 36 detta
1575 895 85 37 med
1680 894 152 50 mycket

235 958 102 37 olika
376 957 162 37 intresse
579 956 71 36 hos
693 954 122 37 skilda
855 949 435 52 befallningshafvande.
1359 948 203 49 Klagomål
1599 948 92 48 ingå
1719 946 113 37 också

236 1009 237 38 fortfarande
502 1008 107 37 öfver
638 1007 103 48 dålig
769 1005 292 50 ägostyckning.
1123 1003 78 35 Här
1229 1002 120 48 gäller
1377 1001 63 36 det
1468 1005 54 32 att
1550 1013 40 23 se
1619 999 68 48 till,
1717 998 116 37 innan

236 1063 63 36 det
318 1067 42 31 är
379 1062 59 36 för
458 1066 94 42 sent,
573 1059 186 37 huruvida
779 1059 31 49 ej
832 1059 114 48 lagen
967 1057 221 36 åsidosättes
1208 1054 64 36 vid
1292 1054 45 36 de
1358 1053 66 36 allt
1443 1052 176 37 talrikare
1638 1050 195 50 pågående

237 1113 386 51 ägostyckningarne.

364 1167 113 36 Detta
518 1179 52 22 nu
607 1164 131 37 endast
776 1166 125 34 såsom
942 1164 120 46 några
1103 1159 181 49 exempel.
1348 1157 132 37 Därtill
1511 1156 181 49 förtjänar
1720 1155 113 37 också

237 1219 156 47 erinras,
434 1223 54 31 att
517 1217 64 37 det
609 1229 112 38 synes
748 1229 89 23 vara
865 1214 104 49 dålig
996 1211 247 49 hushållning
1270 1210 85 37 med
1383 1210 54 36 tid
1467 1209 70 37 och
1565 1207 267 38 omkostnader

238 1278 53 30 att
329 1272 32 49 ej
403 1270 196 48 samtidigt
639 1269 85 36 med
765 1281 46 23 en
852 1265 287 49 undersökning
1175 1263 40 37 af
1245 1262 270 49 förbudslagen
1550 1261 177 49 begagna
1760 1259 73 37 den

238 1325 222 49 igångsatta
489 1327 204 45 apparaten
721 1321 56 36 till
806 1334 47 23 en
880 1318 207 48 utredning
1115 1316 41 37 af
1181 1315 85 37 hela
1294 1320 135 31 ämnet.

370 1376 72 36 Det
469 1374 217 38 hemställes
716 1373 126 37 alltså:

770 1482 54 32 att
852 1476 221 49 Riksdagen
1102 1473 85 38 med
1216 1472 205 49 anledning
1449 1471 41 37 af
1514 1484 112 24 mom.
1658 1472 21 34 3
1710 1470 9 36 i
1750 1469 87 38 herr

641 1530 243 50 Lindhagens
918 1528 154 47 motion,
1103 1526 87 37 ville
1217 1526 69 36 hos
1310 1524 141 50 Kungl.
1481 1523 108 50 Maj:t
1622 1523 143 48 begära
1793 1535 45 24 en

641 1583 152 49 allsidig
827 1582 70 36 och
922 1580 152 49 oväldig
1098 1578 300 48 undersökning,
1430 1582 104 30 utom
1568 1576 39 36 af
1633 1575 71 37 den
1731 1588 106 23 norr-

641 1634 160 38 ländska
855 1632 307 49 förbudslagens,
1204 1630 142 49 jämväl
1397 1629 42 35 af
1492 1628 44 36 de
1586 1626 253 38 norrländska

642 1687 182 47 arrende-,
846 1685 203 37 vanhäfds-
1073 1683 70 37 och
1163 1680 478 51 ägostyckningslagarnes
1660 1679 178 37 verknin-

641 1753 69 35 gar
737 1739 13 36 i
784 1738 175 37 afseende
988 1740 20 34 å
1036 1737 45 36 de
1110 1735 139 50 syften,
1278 1747 81 23 som
1388 1733 44 36 de
1453 1732 108 37 skola
1581 1732 116 49 tjäna,
1718 1731 122 36 äfven-

643 1805 81 24 som
743 1791 12 37 i
773 1791 72 37 den
863 1793 87 34 mån
966 1788 253 47 utredningen
1235 1786 124 37 därtill
1370 1798 68 36 ger
1451 1784 207 48 anledning
1669 1782 170 49 framläg-

644 1844 126 51 gande
800 1843 40 36 af
864 1843 145 47 förslag
1035 1840 58 37 till
1122 1838 229 49 förbättring
1378 1838 12 36 i
1418 1838 168 48 lagarne.

376 2006 57 35 vid
461 2016 103 24 mom.
595 2001 38 50 d)

375 2109 41 37 af
438 2110 87 36 herr
553 2110 225 44 Lindhayen,
808 2120 79 24 som
917 2105 85 37 med
1029 2103 277 38 instämmande
1335 2102 40 36 af
1400 2100 85 38 herr
1513 2102 154 35 Persson
1695 2100 13 36 i
1728 2099 113 37 Norr-

244 2163 147 50 köping
419 2162 141 36 anfört:

377 2214 106 37 »Den
523 2214 12 35 i
579 2213 191 37 motionen
811 2211 71 37 och
919 2209 180 49 vidfogad
1129 2208 198 37 skrifvelse
1356 2206 166 37 uttalade
1550 2204 208 48 förmodan,
1789 2209 55 31 att

247 2266 314 49 arrendelagarne
596 2266 131 49 pålagt
760 2263 218 38 arrendator
1010 2262 77 36 viss
1116 2259 354 51 skatteskyldighet,
1498 2257 108 38 beror
1634 2259 123 35 såsom
1786 2261 57 31 ut-
