1890 2814
64 392 131 23 Utskottet.

251 158 39 30 14
735 160 228 27 Statsutskottets
985 160 149 27 utlåtande
1156 161 48 26 Nr
1226 162 29 27 5.

250 233 190 38 sionsbrev,
464 244 74 21 som
572 233 170 31 utfärdats
764 233 75 31 före
863 233 80 32 1939
965 235 56 30 års
1043 233 136 42 ingång.
1223 233 206 32 Kostnaden
1451 233 126 39 härför,
1601 244 74 21 som
1699 233 55 31 be-

248 283 141 32 räknats
412 283 52 32 till
487 284 138 38 240,000
645 284 134 38 kronor,
804 294 99 21 avses
919 284 97 31 skola
1030 284 171 32 bestridas
1216 285 77 30 från
1310 284 58 31 det
1383 295 46 20 nu
1445 284 127 31 äskade
1588 284 164 41 anslaget.

302 385 189 38 Utskottet,
516 396 74 21 som
624 385 73 32 icke
724 385 116 32 funnit
863 385 184 41 anledning
1070 386 53 31 till
1146 385 135 32 erinran
1305 388 72 29 mot
1398 386 126 41 Kungl.
1549 385 117 42 Maj:ts
1689 386 64 31 för-

249 436 83 41 slag,
356 435 207 39 hemställer,

569 513 52 30 att
652 511 182 42 riksdagen
862 514 54 29 må
937 512 54 31 till
1013 511 197 42 Ersättning
1234 512 52 32 till
1302 512 182 40 postverket
1498 512 60 41 för
1582 512 171 40 tryckning

516 562 56 32 och
605 562 207 41 expediering
845 574 40 20 av
910 563 85 31 vissa
1012 563 278 40 pensionskvitton
1312 563 52 31 för
1385 562 205 42 budgetåret
1613 561 139 33 1941/42

516 612 121 32 anvisa
658 615 49 29 ett
728 613 268 41 förslagsanslag
1019 624 41 20 av
1082 613 135 38 240,000
1239 613 137 31 kronor.

300 713 87 42 37:0)
418 715 209 40 Ersättning
655 715 58 32 till
744 715 322 32 häradsskrivarna
1098 716 54 31 för
1173 714 578 42 pensionsavgiftsförteckningar.

247 764 84 32 Med
365 764 239 42 tillstyrkande
638 776 40 20 av
709 764 98 32 bifall
841 765 54 31 till
926 765 138 41 Kungl.,
1086 765 116 41 Maj:ts
1240 765 129 41 förslag
1401 764 121 42 (punkt
1543 764 50 39 45,
1622 764 64 32 sid.
1710 765 40 31 73

247 815 65 31 och
336 814 51 42 74)
420 815 62 31 och
516 815 111 31 under
659 815 146 39 erinran,
830 817 50 29 att
912 815 52 31 för
995 815 231 32 innevarande
1249 815 169 41 budgetår
1439 815 154 32 anvisats
1617 814 134 38 106,000

246 865 129 31 kronor
400 865 53 31 för
478 865 203 38 ändamålet,
705 866 199 31 hemställer
925 866 181 37 utskottet,

569 943 51 30 att
641 941 183 42 riksdagen
848 943 55 30 må
924 935 55 38 till
999 941 198 41 Ersättning
1221 942 51 32 till
1294 941 298 32 häradsskrivarna
1607 941 59 41 för
1675 952 77 30 pen-

515 992 456 41 svonsavgiftsförteckningar
1003 992 54 32 för
1089 992 204 42 budgetåret
1319 991 134 33 1941/42
1476 991 120 32 anvisa
1619 993 49 30 ett
1689 992 64 31 för-

516 1042 214 42 slagsanslag
752 1054 41 20 av
819 1043 132 38 108,000
973 1043 137 31 kronor.

299 1143 86 42 38:0o)
408 1144 134 41 Bidrag
563 1145 58 32 till
643 1145 216 40 sjukkassor.
892 1144 80 31 Med
997 1144 239 41 tillstyrkande
1253 1155 40 20 av
1309 1143 97 32 bifall
1420 1143 55 32 till
1489 1143 128 42 Kungl.
1634 1143 117 42 Maj:ts

246 1194 130 42 förslag
407 1193 119 43 (punkt
548 1195 51 38 46,
625 1195 62 31 sid.
712 1196 41 30 74
776 1195 66 31 och
866 1194 58 42 75),
947 1194 107 32 vilket
1087 1195 12 30 i
1121 1194 215 32 förhållande
1360 1194 52 32 till
1434 1194 240 32 motsvarande
1696 1205 56 20 an-

247 1245 75 41 slag
344 1245 54 31 för
418 1245 230 32 innevarande
670 1245 170 41 budgetår
862 1245 143 31 innebär
1028 1256 42 20 en
1094 1245 143 41 höjning
1263 1245 80 31 med
1358 1245 136 38 800,000
1508 1245 136 37 kronor,
1660 1244 89 32 hem-

248 1295 120 31 ställer
389 1295 177 38 utskottet,

568 1372 51 30 att
651 1370 183 42 riksdagen
868 1373 53 29 må
953 1371 53 31 till
1039 1371 132 40 Bidrag
1194 1371 51 32 till
1266 1370 186 41 sjukkassor
1473 1371 55 31 för
1549 1371 204 42 budgetåret

516 1420 139 33 1941/42
677 1421 118 32 anvisa
819 1423 49 30 ett
890 1421 266 42 förslagsanslag
1178 1432 41 20 av
1243 1421 188 38 18,400,000
1452 1421 138 33 kronor.

300 1522 86 42 39:0)
411 1524 398 41 Moderskapspenning.
855 1523 81 31 Med
958 1523 241 41 tillstyrkande
1222 1534 41 20 av
1286 1523 97 31 bifall
1405 1523 53 31 till
1481 1523 128 41 Kungl.
1633 1523 118 42 Maj:ts

246 1574 130 41 förslag
408 1573 119 42 (punkt
548 1575 52 37 47,
625 1573 63 32 sid.
712 1574 50 40 76)
796 1573 65 32 och
884 1573 108 32 under
1015 1573 145 38 erinran,
1184 1575 50 29 att
1256 1574 55 31 för
1331 1573 231 32 innevarande
1584 1573 168 42 budgetår

247 1624 153 32 anvisats
421 1624 169 38 4,500,000
612 1624 125 32 kronor
759 1624 54 32 för
835 1624 201 38 ändamålet,
1061 1624 200 32 hemställer
1284 1624 179 39 utskottet,

569 1702 51 30 att
659 1700 183 41 riksdagen
883 1701 54 30 må
976 1700 54 31 till
1067 1700 355 41 Moderskapspenning
1457 1700 54 31 för
1547 1700 203 41 budgetåret

518 1750 138 33 1941/42
679 1750 118 32 anvisa
822 1752 49 30 ett
893 1750 267 42 förslagsanslag
1185 1761 40 21 av
1247 1751 170 38 4,150,000
1438 1750 138 32 kronor.

299 1844 87 42 40:0)
401 1845 210 40 Ersättning
626 1846 38 31 åt
678 1844 122 33 blinda
814 1854 46 23 m.
873 1854 44 23 m.
938 1843 219 32 Beträffande
1169 1843 255 41 ifrågavarande
1437 1844 120 41 anslag
1568 1843 121 43 (punkt
1700 1845 51 37 48,

249 1895 63 32 sid.
338 1895 50 41 77)
410 1895 62 31 har
492 1894 183 42 riksdagen
698 1894 146 42 tidigare
867 1894 171 32 meddelat
1060 1894 124 38 beslut,
1207 1905 118 20 varom
1349 1894 140 32 härmed

849 1962 137 31 erinras.

299 2055 88 42 41:0o)
420 2056 212 40 Utrustning
665 2065 44 23 av
735 2056 249 40 centraldepån
1006 2056 55 32 för
1082 2056 137 32 blindas
1242 2055 154 33 arbeten.
1440 2055 142 33 Driften
1603 2064 46 24 av
1671 2064 80 24 cen-

247 2107 188 40 traldepån
456 2107 55 32 för
531 2106 139 33 blindas
693 2106 160 32 arbeten.
896 2105 124 42 Kungl.
1045 2105 98 41 Maj:t
1164 2105 61 31 har
1248 2105 205 42 (punkterna
1474 2105 42 31 49
1540 2105 64 31 och
1620 2105 50 39 50,
1688 2105 62 32 sid.

249 2157 135 42 71—988)
417 2156 178 42 föreslagit
627 2156 182 42 riksdagen
844 2157 50 30 att
924 2156 53 31 för
998 2156 205 41 budgetåret
1227 2155 138 32 1941/42
1387 2155 118 32 anvisa
1527 2156 68 31 dels
1617 2156 53 31 till
1692 2156 60 32 Ut-

247 2207 162 42 rustning
431 2219 39 20 av
493 2205 243 43 centraldepån
758 2207 54 31 för
834 2206 136 32 blindas
993 2206 142 32 arbeten
1152 2208 49 29 ett
1216 2205 351 42 reservationsanslag
1582 2218 40 20 av
1637 2206 116 39 60,000

248 2259 139 38 kronor,
410 2259 66 32 dels
508 2259 55 31 ock
596 2257 53 32 till
672 2257 136 31 Driften
833 2268 40 20 av
896 2256 241 41 centraldepån
1161 2257 53 31 för
1235 2256 139 31 blindas
1397 2256 140 32 arbeten
1562 2259 50 29 ett
1633 2256 119 41 anslag

247 2320 40 21 av
310 2309 116 37 95,000
447 2308 135 32 kronor.

301 2393 121 41 Enligt
443 2392 116 33 beslut
582 2404 40 20 av
646 2392 80 32 1938
749 2394 55 29 års
827 2391 138 41 riksdag
987 2391 176 41 (skrivelse
1185 2402 41 20 nr
1248 2390 73 42 440)
1344 2390 110 33 skulle
1475 2402 43 20 en
1533 2390 95 32 invid
1644 2390 108 32 blind-

247 2444 177 32 institutet
456 2443 12 32 i
500 2443 215 33 Tomteboda
746 2442 135 42 förlagd
914 2442 219 43 centraldepå
1165 2442 53 32 för
1249 2442 139 33 blindas
1411 2443 140 32 arbeten
1574 2442 178 33 inrättas
1734 2438 20 51 i
