1898 2814
623 164 230 29 Statsutskottets
875 165 149 28 utlåtande
1045 164 49 28 INr
1116 166 28 28 5.
1596 160 39 32 21

186 238 84 32 Med
292 239 242 42 tillstyrkande
558 250 39 20 av
619 238 97 32 bifall
738 238 54 31 till
814 238 126 41 Kungl.
958 238 117 41 Maj:ts
1097 238 129 41 förslag
1240 237 200 32 hemställer
1455 236 181 38 utskottet,

454 308 51 30 att
537 305 181 42 riksdagen
752 307 54 30 må
839 305 52 32 till
927 304 202 42 Främjande
1162 316 40 20 av
1234 304 405 42 nykterhetsnämndernas

402 357 199 32 verksamhet
632 368 40 21 m.
696 368 39 21 m.
769 357 53 31 för
853 356 205 42 budgetåret
1082 356 137 40 1941/42
1242 355 117 32 anvisa
1381 357 50 30 ett
1454 355 119 41 anslag
1596 365 40 21 av

406 408 135 38 137,000
563 407 135 32 kronor.

185 502 87 43 50:0)
296 504 141 32 Statens
459 503 234 41 fattigvårds-
717 503 64 32 och
803 502 459 33 barnavårdskonsulenter:
1288 500 232 41 Avlöningar.
1543 499 19 31 I
1584 510 58 21 en-

134 553 109 42 lighet
266 554 77 31 med
366 554 127 41 Kungl.
518 553 115 42 Maj:ts
656 553 128 41 förslag
806 552 121 42 (punkt
949 552 50 39 67,
1024 552 62 32 sid.
1113 551 70 42 100)
1206 551 64 32 och
1293 551 110 31 under
1426 550 144 38 erinran,
1587 552 54 29 att

135 615 131 21 samma
298 605 128 41 belopp
450 616 75 20 som
548 604 58 32 det
627 615 47 20 nu
698 603 125 32 äskade
846 603 151 32 anvisats
1020 603 52 31 för
1094 602 229 32 innevarande
1345 602 178 41 budgetår,
1546 601 96 31 hem-

136 655 119 32 ställer
278 655 180 38 utskottet,

458 717 51 29 att
541 714 182 41 riksdagen
757 716 54 29 må
843 713 54 32 till
936 713 129 32 Statens
1090 712 217 41 fattigvårds-
1337 712 54 31 och
1426 711 215 32 barnavårds-

405 765 218 32 konsulenter:
655 764 202 40 Avlöningar
890 764 53 32 för
978 764 202 41 budgetåret
1206 762 135 33 1941/42
1364 762 120 31 anvisa
1507 763 48 30 ett
1577 761 66 32 för-

407 816 213 41 slagsanslag
642 827 40 20 av
705 815 115 39 66,800
842 815 137 31 kronor.

190 910 86 41 51:o)
319 911 142 32 Statens
498 910 234 41 fattigvårds-
771 910 65 32 och
868 908 463 33 barnavårdskonsulenter:
1370 907 272 33 Omkostnader.

137 960 84 32 Med
255 961 240 41 tillstyrkande
528 971 41 20 av
601 960 97 32 bifall
731 959 53 32 till
817 959 127 42 Kungl.
968 959 118 40 Maj:ts
1113 959 129 40 förslag
1264 958 121 41 (punkt
1407 958 50 38 68,
1482 957 63 31 sid.
1571 957 71 41 101)

138 1011 65 32 och
236 1011 110 32 under
368 1011 146 38 erinran,
538 1012 50 30 att
609 1011 52 31 för
683 1009 230 33 innevarande
935 1009 169 42 budgetår
1126 1009 152 32 anvisats
1300 1009 116 38 30,000
1438 1008 126 31 kronor
1585 1008 54 31 för

139 1062 203 38 ändamålet,
366 1062 199 31 hemställer
588 1061 179 39 utskottet,

461 1131 51 29 att
544 1128 183 42 riksdagen
761 1130 54 29 må
848 1128 53 31 till
937 1128 127 32 Statens
1088 1127 218 41 fattigvårds-
1339 1127 54 32 och
1432 1127 213 32 barnavårds-

409 1180 216 31 konsulenter:
656 1179 228 32 Omkostnader
905 1179 54 31 för
980 1178 205 41 budgetåret
1209 1177 136 33 1941/42
1368 1177 119 33 anvisa
1510 1179 49 30 ett
1580 1178 65 31 för-

410 1230 212 42 slagsanslag
644 1241 40 20 av
708 1229 113 39 29,500
842 1229 138 32 kronor.

192 1323 85 43 52:0)
300 1325 214 40 Fattigvård
546 1325 12 31 i
588 1325 203 32 allmänhet.
835 1323 126 41 Kungl.
986 1323 99 41 Maj:t
1106 1323 63 31 har
1191 1322 120 42 (punkt
1333 1323 49 38 69,
1407 1322 64 32 sid.
1497 1322 57 32 101
1579 1322 64 32 och

143 1375 70 41 102)
237 1376 176 41 föreslagit
435 1375 184 41 riksdagen
642 1377 50 29 att
708 1375 54 31 till
777 1374 199 41 Fattigvård
992 1374 11 31 i
1019 1374 187 31 allmänhet
1221 1374 52 31 för
1288 1373 203 41 budgetåret
1506 1372 134 34 1941/42

141 1426 119 31 anvisa
283 1427 49 30 ett
353 1426 269 41 förslagsanslag
644 1437 40 19 av
709 1425 165 38 1,650,000
896 1425 137 31 kronor.

193 1502 263 41 Ifrågavarande
479 1502 119 41 anslag
620 1504 36 29 är
678 1502 12 30 i
713 1501 155 42 gällande
892 1501 143 31 riksstat
1058 1501 141 41 uppfört
1222 1500 77 32 med
1323 1500 167 39 1,750,000
1505 1500 139 31 kronor.

192 1553 70 32 Vid
284 1553 256 41 behandlingen
563 1564 40 20 av
626 1552 112 31 denna
761 1552 235 41 anslagsfråga
1018 1551 61 31 har
1102 1551 378 41 departementschefen
1503 1551 141 37 anmält,

140 1605 50 30 att
224 1604 121 31 staden
378 1603 143 42 Lysekil
543 1603 72 31 haft
638 1602 141 41 utgifter
802 1613 54 21 om
880 1602 148 41 tillhopa
1051 1602 61 31 715
1134 1602 127 31 kronor
1286 1602 39 31 10
1347 1603 58 30 öre
1428 1601 53 31 för
1503 1601 144 41 förlägg-

140 1654 92 41 ning,
257 1654 199 41 utspisning
478 1665 42 20 m.
545 1665 42 20 m.
611 1665 41 20 av
674 1654 42 31 34
738 1653 99 41 tyska
859 1653 212 38 undersåtar,
1095 1663 74 21 som
1193 1652 12 31 i
1228 1652 87 42 april
1339 1653 82 31 1940
1444 1652 109 31 under
1574 1651 72 32 viss

140 1705 137 31 kortare
310 1705 51 31 tid
394 1704 304 41 omhändertagits,
729 1704 84 31 efter
835 1703 59 32 det
916 1706 50 29 ett
988 1703 94 42 tyskt
1105 1703 288 42 transportfartyg
1415 1702 114 32 förlist
1550 1702 11 31 i
1584 1702 63 31 far-

140 1758 141 29 vattnen
305 1756 137 31 utanför
466 1755 131 31 staden.
629 1755 112 31 Dessa
763 1754 140 42 utgifter
919 1754 145 32 föreslås
1081 1754 96 31 skola
1194 1756 143 29 ersättas
1355 1754 121 31 staden
1492 1754 75 30 från
1583 1753 63 31 här

141 1806 256 41 ifrågavarande
420 1806 129 41 anslag.

194 1856 128 31 Vidare
344 1856 61 31 har
428 1855 379 42 departementschefen
831 1855 136 37 erinrat,
992 1857 50 29 att
1065 1855 126 40 Kungl.
1215 1854 98 41 Maj:t
1331 1855 12 30 i
1362 1855 83 30 flera
1467 1854 68 37 fall,
1560 1854 88 31 efter

142 1907 202 40 riksdagens
367 1906 163 38 hörande,
544 1906 73 31 från
640 1906 221 31 förevarande
885 1906 119 40 anslag
1026 1905 176 31 tillerkänt
1221 1905 162 30 kommun
1400 1904 190 41 ersättning
1607 1915 40 20 av

143 1957 201 32 statsmedel
368 1957 52 31 för
435 1957 187 31 kostnader
644 1957 53 30 för
719 1956 91 37 vård,
835 1967 74 20 som
932 1955 134 41 jämlikt
1089 1957 18 29 2
1129 1954 22 42 $
1172 1955 302 41 fattigvårdslagen
1497 1955 151 31 lämnats

143 2010 35 28 åt
210 2007 183 31 utländska
425 2007 192 41 flyktingar.
658 2007 55 30 Då
746 2006 58 31 det
826 2006 124 41 jämväl
972 2006 12 30 1
1007 2005 266 41 fortsättningen
1298 2005 163 31 stundom
1484 2005 65 31 kan
1575 2005 75 31 visa

143 2058 53 41 sig
225 2057 211 41 nödvändigt
466 2060 50 29 att
549 2059 43 39 på
626 2057 136 42 angivet
796 2059 68 29 sätt
896 2056 128 32 bereda
1056 2056 164 32 kommun
1244 2055 191 42 ersättning
1457 2056 53 31 för
1532 2055 117 41 dylika

142 2108 195 38 kostnader,
372 2109 202 30 förutsättes
608 2108 126 41 Kungl.
765 2107 97 41 Maj:t
895 2126 40 3 —
970 2108 115 30 därest
1115 2107 182 40 riksdagen
1321 2107 29 40 ej
1374 2106 156 31 häremot
1552 2106 98 31 fram-

145 2159 117 31 ställer
296 2161 110 38 någon
442 2159 135 31 erinran
605 2177 40 3 —
668 2158 182 31 framdeles
883 2159 62 39 äga
967 2160 50 28 att
1040 2157 10 31 i
1074 2157 68 37 fall,
1178 2157 60 31 där
1261 2159 38 29 så
1320 2157 156 31 befinnes
1500 2168 79 20 vara
1609 2168 40 19 av

144 2208 169 32 särskilda
350 2209 294 40 omständigheter
678 2208 188 36 motiverat,
902 2208 204 30 tillerkänna
1139 2208 164 30 kommun
1336 2207 210 41 gottgörelse
1573 2206 76 31 från

144 2259 149 30 nämnda
316 2259 119 39 anslag
458 2259 52 30 för
532 2258 232 31 vårdkostnad
787 2269 38 19 av
849 2258 62 30 här
933 2258 147 30 berörda
1104 2258 81 40 slag.

198 2341 75 31 Vad
297 2341 378 41 departementschefen
700 2340 108 32 under
831 2340 112 31 denna
959 2340 110 41 punkt
1085 2340 113 31 anfört
1214 2340 60 30 har
1290 2340 72 31 icke
1378 2339 86 41 givit
1481 2340 169 30 utskottet

145 2391 187 40 anledning
355 2391 52 31 till
431 2391 145 31 erinran.
621 2391 122 31 Under
765 2391 218 40 åberopande
1007 2391 102 30 härav
1132 2390 198 31 hemställer
1353 2390 180 37 utskottet,

468 2460 50 29 att
550 2457 182 42 riksdagen
767 2460 54 28 må
844 2457 52 31 till
920 2457 199 39 Fattiqvård
1141 2457 13 31 i
1178 2457 173 31 allmänhet
1374 2457 52 31 för
1448 2456 203 42 budgetåret

419 2509 136 39 1941/42
579 2508 117 31 anvisa
720 2510 49 29 ett
791 2508 266 41 förslagsanslag
1079 2519 40 19 av
1145 2508 165 37 1,650,000
1332 2508 135 30 kronor.

1699 243 129 24 Utskottet.

1708 2346 129 23 Utskottet.
