1898 2812
62 1789 132 25 Utskottet.

258 151 41 31 22
768 158 225 31 Statsutskottets
1016 160 147 30 utlåtande
1184 162 46 28 Nr
1253 163 27 27 5.

309 226 85 44 53:o0)
416 229 205 35 Barnavård
653 231 12 31 i
701 232 202 33 allmänhet.
958 234 212 41 Fattigvård
1207 236 64 31 och
1307 236 200 33 barnavård
1544 238 113 41 enligt
1692 239 67 32 den

255 280 171 33 nordiska
458 282 481 41 fattigvårdskonventionen
972 295 45 23 m.
1052 295 45 23 m.
1142 287 212 40 Fattigvård
1387 288 64 32 och
1481 288 202 34 barnavård
1705 291 55 31 för

255 330 135 41 lappar.
435 333 135 41 Bidrag
602 335 57 31 till
685 335 155 32 svenska
862 335 228 41 fattigvårds-
1114 337 65 32 och
1200 337 419 34 barnavårdsförbundet.
1664 340 19 31 I
1706 351 54 20 en-

254 379 111 42 lighet
387 382 76 31 med
486 382 128 43 Kungl.
638 384 115 41 Maj:ts
778 385 127 41 förslag
921 385 204 42 (punkterna
1142 387 131 38 70—73,
1295 387 63 32 sid.
1378 388 176 42 103—105)
1571 389 63 31 och
1650 390 110 31 under

255 431 146 39 erinran,
436 435 49 29 att
523 444 130 21 samma
685 435 130 41 belopp
853 446 72 21 som
959 436 42 32 de
1036 448 47 20 nu
1117 437 124 32 äskade
1276 439 151 31 anvisats
1454 439 53 31 för
1528 439 231 33 innevarande

254 481 177 42 budgetår,
455 483 199 33 hemställer
676 485 180 39 utskottet,

578 554 50 29 att
650 552 184 42 riksdagen
858 555 53 29 må
933 554 52 31 för
1007 554 204 41 budgetåret
1236 555 138 33 1941/42
1397 556 118 32 anvisa

578 602 29 42 a)
630 603 51 31 till
714 603 200 33 Barnavård
935 605 13 31 i
971 605 177 33 allmänhet
1182 608 48 29 ett
1260 606 268 42 förslagsanslag
1561 619 40 20 av
1626 609 133 38 190,000

525 653 139 38 kronor;

576 703 34 42 b)
632 704 52 31 till
717 704 198 41 Fattigvård
941 706 54 31 och
1023 707 185 31 barnavård
1241 707 101 41 enligt
1374 708 59 31 den
1465 709 156 31 nordiska
1639 710 120 41 fattig-

523 755 330 33 vårdskonventionen
885 767 38 20 m.
957 767 39 20 m.
1032 758 50 30 ett
1105 757 268 42 förslagsanslag
1396 769 39 20 av
1458 759 137 38 800,000
1617 759 138 40 kronor;

577 804 27 42 ce)
628 805 51 31 till
701 806 200 40 Fattigvård
923 807 52 32 och
999 808 186 32 barnavård
1201 807 62 41 för
1285 809 116 41 lappar
1424 811 48 29 ett
1492 810 267 43 förslagsanslag

522 866 41 20 av
586 856 114 37 90,000
722 856 141 39 kronor;

576 905 33 42 d)
631 906 52 31 till
705 907 133 41 Bidrag
862 908 47 31 till
930 909 134 31 svenska
1079 908 213 41 fattigvårds-
1315 910 53 32 och
1385 911 372 41 barnavårdsförbundet

523 958 51 30 ett
596 957 118 42 anslag
736 969 41 21 av
802 959 113 36 12,000
936 959 136 32 kronor.

305 1047 85 42 34:0)
413 1049 133 41 Bidrag
579 1051 57 31 till
662 1051 327 34 driftkostnaderna
1010 1053 62 32 vid
1094 1054 208 33 arbetshem.
1348 1054 82 31 Med
1452 1054 240 42 tillstyrkande
1715 1068 41 20 av

251 1097 99 33 bifall
383 1098 53 32 till
469 1099 129 42 Kungl.
622 1101 115 41 Maj:ts
772 1102 128 41 förslag
921 1102 122 42 (punkt
1067 1104 48 37 74,
1133 1103 62 32 sid.
1222 1104 70 41 106)
1316 1104 64 32 och
1404 1105 109 31 under
1536 1106 145 39 erinran,
1705 1108 50 30 att

250 1148 56 31 för
339 1149 229 33 innevarande
602 1151 167 41 budgetår
792 1152 151 32 anvisats
966 1153 117 38 95,000
1105 1154 126 31 kronor
1252 1155 55 31 för
1329 1155 203 39 ändamålet,
1556 1156 200 32 hemställer

250 1199 182 39 utskottet,

575 1262 50 29 att
651 1260 184 42 riksdagen
859 1263 53 29 må
933 1261 53 31 till
1009 1262 132 40 Bidrag
1164 1263 50 31 till
1237 1263 303 40 driftkostnaderna
1562 1266 56 31 vid
1640 1267 115 31 arbets-

522 1310 71 31 hem
614 1310 53 31 för
681 1310 205 42 budgetåret
908 1311 138 33 1941/42
1070 1312 116 32 anvisa
1209 1315 50 29 ett
1281 1314 267 42 förslagsanslag
1563 1327 41 20 av
1621 1317 134 38 100,000

520 1360 136 32 kronor.

303 1462 85 41 55:0)
411 1463 208 41 Ersättning
651 1464 56 31 till
736 1463 436 35 barnavårdsnämnderna
1193 1467 55 31 för
1270 1467 310 41 bidragsförskott.
1626 1468 126 42 Kungl.

250 1512 100 41 Maj:t
372 1512 60 32 har
454 1513 122 41 (punkt
599 1514 48 38 75,
672 1513 62 32 sid.
762 1514 60 32 106
846 1514 63 32 och
933 1515 70 41 107)
1026 1515 176 42 föreslagit
1217 1516 184 42 riksdagen
1417 1520 49 29 att
1482 1518 53 31 till
1551 1519 203 42 Ersättning

249 1562 54 31 till
339 1562 420 34 barnavårdsnämnderna
785 1565 54 31 för
861 1564 289 43 bidragsförskott
1172 1567 52 31 för
1247 1567 204 42 budgetåret
1475 1569 138 32 1941/42
1636 1570 117 32 anvisa

249 1615 50 29 ett
323 1613 269 42 förslagsanslag
614 1626 41 20 av
677 1615 170 38 3,000,000
869 1616 132 31 kronor.

302 1698 262 41 Ifrågavarande
587 1699 118 41 anslag
726 1701 38 29 är
786 1699 12 31 i
821 1700 156 41 gällande
1000 1701 143 32 riksstat
1166 1702 140 41 uppfört
1329 1703 78 31 med
1428 1703 170 39 4,500,000
1617 1704 135 33 kronor.

306 1782 69 31 Det
398 1794 39 20 av
459 1783 128 41 Kungl.
612 1783 96 41 Maj:t
727 1783 128 32 äskade
871 1784 302 42 anslagsbeloppet
1188 1786 94 41 giver
1297 1786 73 32 icke
1387 1787 169 32 utskottet
1568 1788 186 42 anledning

249 1832 53 32 till
339 1833 141 32 erinran.
527 1833 69 32 Till
629 1834 87 31 vissa
752 1845 41 20 av
825 1834 201 42 riksdagens
1050 1837 37 29 år
1111 1836 81 31 1940
1213 1837 206 31 församlade
1442 1838 170 32 revisorer
1633 1839 120 41 gjorda

249 1883 201 32 uttalanden
484 1884 11 30 i
528 1884 96 41 fråga
661 1895 53 20 om
749 1884 300 42 handläggningen
1084 1886 73 31 från
1194 1886 305 42 länsstyrelsernas
1537 1889 64 31 och
1637 1889 116 32 barna-

248 1934 336 32 vårdsnämndernas
613 1935 73 31 sida
708 1946 40 20 av
772 1935 148 31 ärenden
944 1936 176 41 angående
1144 1936 287 42 bidragsförskott
1454 1939 227 32 återkommer
1703 1942 49 29 ut-

251 1984 132 32 skottet
404 1984 11 32 i
437 1987 104 29 annat
564 1985 255 41 sammanhang.

304 2034 121 32 Under
446 2035 219 41 åberopande
688 2047 39 20 av
751 2035 59 32 det
833 2036 141 31 anförda
996 2037 200 32 hemställer
1218 2038 179 39 utskottet,

572 2113 51 29 att
644 2111 183 42 riksdagen
851 2114 53 29 må
926 2112 52 31 till
998 2113 198 41 Ersättning
1214 2114 50 31 till
1281 2115 403 33 barnavårdsnämnderna
1693 2116 60 41 för

519 2162 272 40 bidragsförskott
812 2163 53 31 för
894 2162 204 42 budgetåret
1126 2164 136 32 1941/42
1282 2165 119 31 anvisa
1416 2167 48 29 ett
1486 2166 267 42 förslagsanslag

518 2224 41 19 av
582 2213 167 38 3,000,000
771 2213 135 33 kronor.

301 2313 86 42 56:0)
420 2315 133 41 Bidrag
575 2316 58 32 till
654 2315 437 34 barnavårdsnämnderna
1113 2317 54 32 för
1181 2318 96 32 vissa
1292 2318 194 33 kostnader
1501 2319 115 41 enligt
1631 2319 121 32 barna-

249 2365 215 40 vårdslagen
496 2375 44 22 m.
575 2376 44 22 m.
664 2365 82 32 Med
780 2365 240 42 tillstyrkande
1055 2377 41 20 av
1128 2366 96 32 bifall
1258 2367 53 31 till
1335 2367 125 42 Kungl.
1484 2369 118 41 Maj:ts
1625 2369 128 41 förslag

248 2413 125 42 (punkt
396 2416 47 37 76,
468 2415 63 32 sid.
558 2416 59 31 107
642 2416 63 31 och
729 2416 71 41 108)
825 2416 63 31 och
911 2416 108 32 under
1042 2416 145 39 erinran,
1205 2419 50 30 att
1270 2417 54 32 för
1339 2418 229 32 innevarande
1584 2419 167 42 budgetår

246 2464 154 33 anvisats
425 2466 134 38 155,000
581 2466 127 32 kronor
729 2466 54 32 för
806 2466 201 39 ändamålet,
1031 2467 200 32 hemställer
1253 2468 180 40 utskottet,
