1888 2833
457 148 312 32 Bankoutskottets
792 150 178 29 utlåtande
991 159 42 20 nr
1053 151 41 29 28
1115 151 38 29 år
1176 151 83 29 1967
1584 154 18 31 5

746 289 230 34 Reservation

163 398 42 21 av
228 390 122 30 herrar
375 390 180 31 Åkerlund
580 392 65 29 och
669 392 196 40 Lundberg,
891 392 93 31 vilka
1011 394 114 29 ansett
1150 394 50 29 att
1226 394 188 30 utskottets
1440 395 163 39 yttrande

119 442 43 30 fr.
183 453 28 20 o.
233 454 45 20 m.
300 444 56 30 det
378 445 119 39 stycke
518 454 75 21 som
613 445 120 40 börjar
753 447 79 29 med
853 447 108 29 orden
983 447 35 29 >I
1038 447 262 40 propositionen
1321 447 166 31 föreslås>
1512 450 90 28 samt

118 497 200 39 punkterna
341 499 14 28 1
380 499 65 29 och
466 499 18 30 3
507 500 11 29 i
540 499 187 31 utskottets
749 500 210 30 hemställan
981 501 77 31 bort
1080 502 46 28 ha
1147 501 156 40 följande
1325 502 145 39 lydelse:

163 551 34 28 »I
220 552 263 39 propositionen
507 553 146 30 föreslås
677 555 50 29 att
750 554 305 40 maximibeloppet
1079 555 54 29 för
1158 555 321 40 sedelutgivningen
1502 556 100 40 höjes

118 605 79 29 med
217 605 199 39 ytterligare
439 606 62 31 600
523 607 164 39 miljoner
708 607 129 30 kronor
859 611 72 27 mot
953 609 62 29 200
1038 609 162 39 miljoner
1222 609 130 30 kronor
1374 610 112 29 under
1507 610 96 29 inne-

118 659 152 29 varande
301 659 180 39 budgetår.
514 661 79 29 Med
624 661 138 40 hänsyn
794 661 52 31 till
879 663 294 39 angelägenheten
1207 673 42 20 av
1280 664 51 29 att
1364 664 239 39 upprätthålla

118 713 243 32 restriktivitet
391 714 10 29 i
430 714 249 40 tillskapandet
710 725 41 20 av
780 716 129 29 likvida
939 717 113 29 medel
1081 717 59 29 vill
1169 717 171 30 utskottet
1370 717 151 35 förorda,
1552 719 49 29 att

116 766 194 39 höjningen
334 777 41 20 av
399 767 411 40 sedelutgivningsrätten
833 770 188 38 begränsas
1046 771 51 29 till
1121 770 62 31 400
1208 771 163 40 miljoner
1395 772 140 29 kronor.

162 820 13 28 I
195 821 171 29 samband
385 822 79 29 med
485 822 54 29 sin
557 822 172 40 prövning
748 833 41 20 av
809 823 124 39 frågan
952 832 56 22 om
1029 824 141 31 fortsatt
1189 825 161 30 befrielse
1370 825 54 30 för
1444 826 158 29 riksban-

117 874 69 29 ken
212 874 79 30 från
318 874 242 40 skyldigheten
588 878 49 28 att
662 876 112 31 inlösa
801 877 112 29 sedlar
940 878 79 30 med
1046 878 82 39 guld
1153 879 64 29 har
1244 879 169 30 utskottet
1438 879 78 30 haft
1543 890 59 20 an-

116 927 143 41 ledning
283 930 50 28 att
357 928 168 40 överväga
550 930 363 39 sammansättningen
936 941 42 20 av
1002 932 232 31 riksbankens
1260 933 96 39 guld-
1381 933 65 30 och
1469 934 133 29 valuta-

120 981 192 40 tillgångar.
336 983 117 39 Enligt
477 983 187 30 utskottets
689 984 141 40 mening
853 992 57 32 ger
934 985 243 39 fördelningen
1200 986 129 30 mellan
1353 987 82 39 guld
1458 987 65 29 och
1545 997 57 20 va-

118 1035 93 29 lutor
242 1035 189 41 anledning
462 1037 52 29 till
546 1037 204 40 erinringar.
783 1038 245 31 Riksbankens
1060 1040 235 39 guldinnehav
1327 1040 167 30 framstår
1527 1050 74 21 som

117 1092 209 35 ogynnsamt
348 1089 80 40 lågt.
450 1091 53 28 En
525 1090 91 30 ökad
637 1090 161 31 handels-
819 1091 65 30 och
905 1093 264 39 valutapolitisk
1191 1094 237 30 rörelsefrihet
1450 1094 55 30 för
1527 1095 75 29 vårt

118 1141 82 30 land
221 1143 97 30 torde
339 1142 158 31 erfordra
518 1153 43 20 en
582 1143 241 41 förstärkning
843 1156 42 19 av
906 1146 214 38 guldkassan
1140 1147 45 39 på
1206 1147 125 30 sådant
1353 1148 68 30 sätt
1443 1150 49 28 att
1513 1148 89 29 riks-

117 1194 157 32 bankens
295 1196 154 30 samlade
468 1197 329 40 utlandstillgångar
816 1199 152 32 fördelas
988 1201 78 29 med
1086 1201 147 39 ungefär
1252 1201 72 29 lika
1343 1202 94 30 delar
1457 1202 44 40 på
1521 1203 81 38 guld

118 1250 66 28 och
208 1249 147 31 valutor.
383 1250 50 30 Av
458 1251 138 39 hänsyn
623 1252 51 29 till
700 1253 110 29 andra
836 1253 139 30 länders
1002 1253 209 40 guldpolitik
1236 1255 61 29 bör
1324 1256 278 39 uppbyggnaden

118 1311 42 20 av
180 1303 330 40 guldbehållningen
531 1304 89 30 dock
642 1306 60 29 ske
723 1306 12 29 i
755 1306 157 30 moderat
932 1308 86 34 takt,
1040 1308 117 30 varför
1179 1309 170 29 utskottet
1370 1309 160 30 förordar
1553 1311 49 28 att

118 1357 83 38 guld
227 1357 55 29 för
307 1359 47 28 ett
380 1358 124 40 belopp
531 1368 42 20 av
598 1360 90 38 lägst
713 1359 63 31 300
802 1360 163 40 miljoner
992 1362 131 30 kronor
1148 1363 146 39 inköpes
1321 1372 41 21 av
1388 1364 214 29 riksbanken

118 1410 111 30 under
249 1411 38 29 år
310 1411 93 30 1967.

162 1463 226 41 Åberopande
407 1467 67 29 vad
494 1465 64 30 här
579 1466 135 31 anförts
734 1467 201 31 hemställer
957 1469 180 35 utskottet,

482 1521 51 29 att
556 1520 188 40 riksdagen
768 1521 108 30 måtte

486 1574 26 29 1.
533 1575 79 29 med
631 1574 100 30 bifall
750 1576 53 29 till
823 1576 219 31 motionerna
1062 1578 28 29 I:
1109 1578 61 30 720
1190 1579 65 29 och
1275 1579 45 29 II:
1337 1579 74 34 900,
1432 1579 104 30 såvitt
1556 1589 48 20 nu

440 1628 37 28 är
494 1628 12 29 i
522 1628 109 40 fråga,
650 1630 126 39 antaga
794 1630 55 29 det
868 1638 124 32 genom
1009 1632 263 39 propositionen
1289 1642 41 20 nr
1348 1633 43 30 46
1408 1634 196 39 framlagda

439 1681 167 40 förslaget
629 1683 51 30 till
704 1683 55 40 lag
782 1685 78 29 med
884 1685 172 30 särskilda
1079 1686 262 31 bestämmelser
1365 1696 56 21 om
1445 1688 159 29 riksban-

438 1735 88 30 kens
547 1735 287 42 sedelutgivning,
855 1737 89 30 dock
965 1740 77 29 med
1065 1739 157 40 följande
1242 1740 130 40 lydelse
1393 1751 41 19 av

986 1837 14 29 1
1030 1837 26 37 8.

484 1896 226 30 Riksbanken
734 1898 54 29 får
812 1900 79 37 utge
916 1899 114 30 sedlar
1053 1900 53 29 till
1130 1902 48 28 ett
1201 1901 124 40 belopp
1350 1911 42 20 av
1415 1902 102 39 högst
1541 1903 62 29 tio-

439 1941 297 31 tusentrehundra
758 1943 163 40 miljoner
944 1944 139 30 kronor.

485 2066 29 30 3.
545 2068 12 28 i
586 2067 167 31 skrivelse
781 2069 53 29 till
864 2069 221 41 fullmäktige
1115 2071 12 29 i
1156 2071 215 30 riksbanken
1402 2073 120 35 uttala,
1553 2075 51 29 att

439 2119 233 32 riksbankens
693 2121 198 32 metalliska
910 2123 105 30 kassa
1034 2124 62 30 bör
1117 2125 195 32 förstärkas
1332 2127 79 29 med
1431 2127 90 39 lägst
1540 2127 62 30 300

440 2174 164 39 miljoner
625 2175 130 29 kronor
777 2177 110 29 under
909 2177 39 29 år
972 2177 112 30 1967.>

133 2508 82 16 MARCUS
225 2509 67 16 BOKTR.
307 2510 64 15 STHLM
386 2511 34 15 1987
439 2510 74 16 670029
