1890 2838
261 149 20 30 4
602 144 312 32 Bankoutskottets
936 144 178 31 ullåtande
1135 154 42 20 nr
1197 145 41 29 28
1260 144 38 30 år
1321 144 83 30 1967

263 228 80 31 dess
369 227 189 31 utländska
585 227 183 40 tillgångar
794 227 122 30 endast
943 227 43 40 på
1013 227 118 39 längre
1158 226 68 31 sikt
1253 226 70 30 kan
1349 226 48 30 bli
1424 235 41 21 av
1490 225 175 41 betydelse
1693 225 53 30 för

263 281 351 41 ställningstagandet
643 282 53 30 till
726 281 123 40 frågan
879 291 56 21 om
966 281 430 40 sedelutgivningsrättens
1426 281 179 39 reglering.
1636 280 110 39 Något

263 337 158 30 starkare
448 337 169 30 samband
644 337 128 29 mellan
799 336 280 40 propositionens
1105 335 131 40 förslag
1262 345 57 20 om
1345 335 66 30 vad
1438 344 75 21 som
1541 335 89 30 skall
1658 335 90 39 gälla

261 391 223 30 beträffande
506 391 114 30 denna
643 390 171 41 reglering
838 390 109 30 under
970 391 56 31 det
1050 389 236 31 instundande
1309 389 204 40 budgetåret
1537 389 64 30 och
1625 390 122 28 motio-

262 444 168 31 närernas
450 444 131 41 förslag
599 454 57 21 om
676 454 42 20 en
737 445 70 30 viss
828 444 170 41 utökning
1017 454 42 21 av
1078 445 232 29 riksbankens
1331 444 235 39 guldinnehav
1585 444 71 29 kan
1675 443 71 29 inte

263 499 101 40 sägas
383 498 176 41 föreligga.
581 499 171 31 Utskottet
772 499 63 30 har
855 499 58 30 vid
933 499 53 30 sin
1008 499 138 40 nyligen
1166 498 213 30 verkställda
1399 499 65 29 och
1485 498 54 29 för
1559 498 188 39 riksdagen

262 553 11 28 i
296 554 189 30 utskottets
508 554 179 30 utlåtande
710 563 41 20 nr
775 555 18 28 6
817 554 202 29 redovisade
1043 553 216 39 granskning
1281 563 42 19 av
1346 553 231 29 riksbankens
1603 553 144 39 styrelse

263 606 65 30 och
351 606 213 41 förvaltning
586 607 71 31 inte
680 606 118 31 funnit
822 606 188 41 anledning
1035 607 49 29 till
1109 606 179 30 uttalande
1311 606 221 29 beträffande
1555 606 192 29 relationen

263 661 128 29 mellan
415 662 41 29 de
480 661 149 39 angivna
654 661 231 39 tillgångarna
908 662 11 30 i
942 661 234 32 riksbankens
1200 660 171 40 utgående
1394 660 275 40 balansräkning
1693 660 54 30 för

263 715 37 29 år
322 715 86 30 1966.
430 715 94 30 även
543 718 71 28 mot
634 715 181 38 bakgrund
836 725 41 21 av
897 715 173 38 pågående
1091 715 239 30 diskussioner
1351 724 56 20 om
1428 715 258 36 utformningen
1707 723 41 21 av

264 769 56 31 det
347 769 281 31 internationella
655 770 363 39 betalningssystemet
1046 778 102 21 anser
1175 769 171 31 utskottet
1373 769 76 30 icke
1478 769 74 29 skäl
1581 768 168 40 föreligga

263 824 54 29 för
339 824 187 39 riksdagen
550 826 49 28 att
622 833 47 20 nu
692 831 125 32 genom
839 824 150 30 direktiv
1012 824 51 29 till
1086 823 340 40 bankofullmäktige
1448 823 140 40 påkalla
1611 832 41 20 en
1676 832 72 20 om-

263 877 172 39 prövning
466 886 42 20 av
538 878 232 29 riksbankens
802 877 126 40 politik
958 877 222 29 beträffande
1211 877 177 39 placering
1420 886 41 20 av
1492 877 157 29 bankens
1682 877 66 28 till-

263 931 139 39 gångar.

307 984 226 40 Åberopande
557 986 66 29 vad
648 986 63 29 här
737 985 135 30 anförts
897 985 201 30 hemställer
1124 985 180 34 utskottet,

627 1040 50 29 att
699 1039 187 39 riksdagen
908 1039 108 30 måtte

631 1094 26 30 1.
686 1093 79 30 med
792 1093 118 40 avslag
935 1093 45 40 på
1007 1093 219 30 motionerna
1254 1093 27 29 I:
1300 1093 61 30 720
1389 1092 64 30 och
1482 1093 44 29 I1:
1543 1092 74 35 900,
1646 1092 101 30 såvitt

584 1156 47 20 nu
652 1149 37 28 är
710 1149 10 28 i
740 1147 109 39 fråga,
869 1149 126 38 antaga
1015 1148 56 29 det
1092 1155 124 31 genom
1236 1147 261 39 propositionen
1518 1156 42 20 nr
1580 1147 42 30 46
1642 1146 107 30 fram-

585 1201 101 40 lagda
717 1201 165 40 förslaget
913 1201 52 30 till
997 1202 55 39 lag
1083 1202 78 29 med
1194 1201 173 30 särskilda
1397 1201 262 30 bestämmelser
1691 1210 57 20 om

583 1255 233 31 riksbankens
841 1255 290 40 sedelutgivning;

628 1309 28 30 2.
683 1310 78 30 med
786 1309 99 31 bifall
910 1310 11 29 i
946 1309 110 38 övrigt
1080 1310 52 29 till
1158 1310 154 29 nämnda
1337 1309 217 40 proposition
1579 1309 168 39 medgiva,

584 1365 49 28 att
653 1363 214 30 riksbanken
887 1364 54 29 för
960 1363 95 30 tiden
1075 1364 66 28 den
1165 1364 13 29 1
1199 1363 68 39 juli
1289 1363 196 30 1967—-den
1505 1363 39 29 30
1564 1364 79 38 juni
1666 1363 82 29 1968

584 1417 100 30 fritas
711 1417 79 30 från
817 1417 242 40 skyldigheten
1085 1419 50 28 att
1161 1417 56 29 vid
1244 1416 190 30 anfordran
1461 1416 113 30 inlösa
1599 1426 42 20 av
1666 1416 83 30 ban-

583 1471 68 29 ken
675 1471 142 39 utgivna
840 1471 112 30 sedlar
975 1472 79 28 med
1078 1471 80 39 guld
1181 1471 87 29 efter
1292 1471 100 30 deras
1415 1471 139 40 lydelse,
1578 1471 78 29 med
1679 1471 69 28 rätt

584 1525 89 30 dock
697 1525 53 29 för
774 1525 214 30 riksbanken
1013 1527 49 28 att
1087 1525 73 29 före
1186 1525 173 39 utgången
1384 1535 42 20 av
1449 1526 114 29 denna
1586 1525 51 29 tid
1662 1524 87 30 åter-

584 1581 109 37 uppta
713 1579 219 39 inlösningen
953 1589 42 19 av
1014 1579 157 30 bankens
1193 1579 113 29 sedlar
1326 1588 57 21 om
1404 1578 267 31 förhållandena
1692 1586 56 31 ger

584 1633 188 40 anledning
792 1633 52 30 till
865 1633 109 36 detta;

628 1687 29 30 3.
678 1687 146 34 besluta,
845 1689 49 27 att
915 1687 218 29 motionerna
1154 1687 28 29 I:
1199 1687 62 30 720
1281 1687 65 29 och
1367 1687 44 29 II:
1428 1686 63 30 900
1511 1687 12 29 i
1542 1687 111 38 övrigt
1674 1686 75 30 icke

585 1741 87 29 skall
695 1741 180 29 föranleda
896 1740 113 40 någon
1030 1740 205 39 riksdagens
1257 1740 131 40 åtgärd.

307 1812 203 30 Stockholm
533 1813 66 29 den
627 1813 36 29 11
690 1812 88 40 april
806 1813 80 29 1967

733 1903 48 29 På
801 1902 307 31 bankoutskottets
1129 1902 145 39 vägnar:

843 1983 33 29 C.
902 1983 36 29 G.
965 1982 202 30 REGNELL

885 2170 239 31 Närvarande:

306 2242 79 29 från
419 2242 164 29 första
614 2242 221 31 kammaren:
858 2242 122 29 herrar
1002 2241 127 35 Ståhle,
1151 2241 72 30 Åke
1243 2242 163 34 Larsson,
1428 2242 109 34 Palm,
1559 2241 189 34 Åkerlund,

261 2286 151 40 Hilding,
435 2287 149 34 Lundin,
606 2287 72 29 Nils
700 2286 160 30 Theodor
881 2287 151 29 Larsson
1054 2288 65 28 och
1140 2286 199 40 Lundberg;

306 2340 80 29 från
424 2340 154 29 andra
616 2340 220 30 kammaren:
865 2340 81 29 herr
974 2340 151 39 Regnéll,
1154 2340 56 29 fru
1239 2340 360 39 Renström-Ingenäs,
1627 2341 120 28 herrar

262 2385 185 39 Berglund,
476 2384 156 30 Franzén
662 2386 10 28 i
701 2385 139 34 Motala,
870 2385 189 39 Börjesson
1088 2386 11 28 i
1128 2385 250 39 Glömminges,
1408 2385 151 30 Larsson
1590 2386 11 28 i
1630 2385 117 34 Umeå,

262 2430 165 30 Ekström
449 2431 11 29 i
482 2430 171 38 Iggesund
675 2429 65 30 och
761 2429 219 29 Fridolfsson
1003 2430 11 29 i
1036 2429 150 40 Rödeby.

307 2496 12 14 +
341 2497 32 30 Ej
395 2497 173 24 närvarande
587 2497 48 23 vid
654 2497 178 30 justeringen.
