2186 2624
218 1750 77 30 Över-

164 1789 180 24 revisorerna.

408 190 19 31 2
585 187 119 34 Andra
726 188 203 33 kammarens
944 188 127 40 femte
1096 186 172 42 tillfälliga
1289 187 136 32 utskotts
1446 184 169 34 utlåtande
1638 183 53 34 Nr
1712 187 52 31 16.

366 276 89 37 vida
497 276 75 36 åtal
608 275 66 37 vid
698 275 247 48 vederbörlig
972 274 169 37 domstol
1169 273 98 37 skall
1296 273 106 49 följa,
1431 272 94 37 eller
1553 272 143 37 ärende
1724 271 98 36 skall
1850 270 59 37 för
1936 270 51 36 vi-

367 327 92 36 dare
487 326 213 49 utredning
714 326 243 37 överlämnas
976 325 58 37 till
1050 324 518 49 justitiekanslersämbetet,
1589 323 95 37 eller
1704 335 127 24 annan
1851 320 137 50 åtgärd

366 377 100 37 skall
494 377 191 49 vidtagas.

468 479 18 36 I
515 478 75 36 den
632 490 47 24 av
720 477 87 37 herr
845 477 278 37 Vennerström
1163 490 47 22 m.
1240 476 36 37 fl.
1305 475 151 45 väckta,
1497 473 189 38 likaledes
1714 472 57 37 till
1798 472 190 37 utskottet

367 529 212 36 hänvisade
622 527 207 47 motionen,
872 541 46 22 nr
957 529 58 45 18,
1057 527 50 36 ha
1148 527 285 36 motionärerna
1460 524 213 47 hemställt,
1701 528 55 32 att
1779 523 209 48 riksdagen

367 583 118 33 måtte
527 579 71 36 hos
639 578 142 49 Kungl.
824 578 107 48 Maj:t
967 577 155 38 anhålla
1149 591 61 23 om
1238 576 240 37 tillsättande
1506 589 47 23 av
1577 589 48 23 en
1655 574 165 37 särskild
1848 574 140 36 under-

367 629 442 49 sökningskommission
837 628 88 37 med
955 628 180 49 uppdrag
1163 633 55 31 att
1236 626 211 38 verkställa
1466 640 48 23 en
1532 625 194 49 ingående
1745 624 244 49 granskning

367 694 47 23 av
468 679 528 38 kristidsekommissionernas
1042 678 238 49 förvaltning
1329 678 88 36 med
1463 676 167 38 särskild
1675 676 150 49 hänsyn
1871 680 118 43 tagen

366 731 59 37 till
465 730 443 49 sammanblandningen
948 729 143 37 mellan
1133 742 206 36 personers
1379 727 177 38 enskilda
1589 727 157 36 förvärv
1774 725 72 37 och
1873 725 114 37 deras

368 781 187 49 ställning
583 795 84 23 som
695 781 293 37 förtoendemän
1016 780 73 37 och
1117 780 235 48 tjänstemän
1380 779 103 36 inom
1512 777 359 38 kommissionerna.

468 882 246 38 Beträffande
754 882 47 37 de
844 881 130 47 motiv,
1004 894 82 24 som
1116 881 148 36 anförts
1293 880 59 37 för
1380 880 47 36 de
1456 878 192 38 särskilda
1674 877 228 50 yrkandena
1930 876 59 37 får

367 934 191 37 utskottet
586 933 162 37 hänvisa
775 932 58 37 till
862 933 250 36 motionerna.

469 1035 57 37 Då
565 1035 103 36 inom
709 1034 121 36 första
869 1033 225 37 kammaren
1137 1046 46 23 av
1220 1031 88 37 herr
1344 1032 142 37 Wohlin
1514 1044 48 22 m.
1592 1030 38 36 fl.
1660 1028 111 38 blivit
1798 1027 114 38 väckt
1940 1040 48 24 en

368 1086 158 47 motion,
564 1100 45 21 nr
639 1087 33 44 1,
709 1084 87 37 med
824 1084 201 37 enahanda
1053 1083 149 49 lydelse
1231 1096 81 23 som
1341 1082 75 36 den
1446 1095 46 23 av
1520 1082 89 35 herr
1641 1082 124 35 Olsson
1791 1079 11 36 i
1831 1078 158 37 Kullen-

369 1138 207 47 bergstorp
619 1135 212 37 framförda
860 1135 194 36 motionen
1083 1139 102 32 samt
1212 1133 74 37 den
1314 1133 103 36 inom
1447 1132 122 37 första
1597 1131 225 36 kammaren
1850 1129 139 37 väckta

370 1189 197 36 motionen
591 1186 199 37 hänvisats
819 1185 58 37 till
905 1185 89 37 dess
1023 1184 122 38 andra
1172 1183 197 48 tillfälliga
1389 1183 160 47 utskott,
1569 1182 70 36 har
1660 1181 140 36 mellan
1820 1179 169 38 nämnda

368 1239 150 36 utskott
558 1238 72 37 och
671 1237 117 36 femte
829 1236 195 48 tillfälliga
1060 1235 190 37 utskottet
1277 1233 247 38 förekommit
1551 1232 99 37 visst
1678 1230 218 39 samarbete
1924 1230 64 36 vid

370 1289 262 36 motionernas
673 1286 249 49 behandling.
976 1287 139 36 Första
1155 1286 246 35 kammarens
1433 1284 149 36 utskott
1609 1283 71 37 har
1707 1282 12 36 i
1747 1281 160 37 ärendet
1933 1281 56 35 in-

370 1340 149 36 fordrat
559 1338 180 49 yttrande
780 1338 85 36 från
906 1337 47 36 de
995 1337 59 36 för
1093 1336 244 48 granskning
1377 1348 47 23 av
1461 1332 529 38 kristidskommissionernas

370 1390 250 37 verksamhet
647 1388 232 38 förordnade
907 1387 348 37 överrevisorerna.
1309 1386 143 36 Likaså
1479 1386 70 35 har
1576 1384 170 37 nämnda
1773 1382 149 37 utskott
1941 1385 50 44 på

371 1441 266 37 förekommen
677 1439 211 48 anledning
927 1438 180 37 utverkat
1135 1436 141 49 Kungl.
1305 1436 129 48 Maj:ts
1462 1435 173 37 tillstånd
1659 1433 58 38 till
1745 1432 247 49 offentliggö-

371 1492 120 36 rande
535 1504 48 24 av
623 1495 55 31 ett
705 1490 10 36 i
744 1489 210 37 statsrådet
994 1490 76 35 fört
1111 1487 191 50 protokoll
1340 1487 164 36 rörande
1537 1485 169 37 revision
1735 1498 49 23 av
1811 1483 183 37 kommis-

372 1543 189 36 sionerna.
617 1541 170 37 Berörda
825 1539 181 50 yttrande
1048 1539 72 37 och
1161 1538 205 49 protokoll,
1410 1551 82 23 som
1534 1536 127 37 ställts
1689 1535 58 36 till
1776 1535 118 36 femte
1918 1533 76 36 till-

373 1593 135 48 fälliga
532 1592 210 36 utskottets
771 1590 244 50 förfogande,
1045 1590 209 37 återfinnas
1282 1602 83 23 som
1394 1587 152 50 bilagor
1565 1601 46 22 nr
1634 1589 17 34 1
1674 1586 72 37 och
1754 1580 21 65 2
1808 1585 58 36 till
1886 1584 107 37 detta

371 1643 212 38 utlåtande.

477 1743 201 38 Utskottet
705 1743 69 36 har
803 1746 127 32 ansett
956 1740 180 50 lämpligt
1164 1745 66 41 att,
1258 1739 118 37 innan
1408 1739 191 37 utskottet
1618 1742 178 32 närmare
1815 1736 112 48 ingår
1946 1738 50 46 på

376 1794 254 47 motionerna,
658 1793 13 36 i
698 1793 154 36 korthet
879 1792 125 36 erinra
1029 1805 61 23 om
1120 1791 74 36 den
1222 1790 169 37 revision
1419 1803 46 23 av
1492 1788 369 38 kommissionernas
1886 1786 110 36 verk-

374 1846 163 46 samhet,
561 1858 84 24 som
674 1857 51 23 nu
752 1844 124 36 finnes
902 1842 208 37 anordnad.
1167 1841 133 37 Såsom
1329 1841 12 35 i
1370 1840 74 36 den
1469 1853 46 23 av
1534 1839 89 37 herr
1643 1838 142 37 Olsson
1804 1837 12 36 i
1835 1837 161 36 Kullen-

375 1897 208 47 bergstorp
626 1895 138 36 väckta
804 1893 195 37 motionen
1042 1892 237 46 framhålles,
1316 1892 70 36 har
1428 1890 143 49 Kungl.
1600 1889 110 48 Maj:t
1737 1889 76 36 den
1839 1890 44 34 19
1908 1886 86 49 juni

377 1949 95 35 1917
503 1946 170 43 beslutit,
690 1951 55 31 att
771 1943 244 50 granskning
1043 1956 48 23 av
1111 1942 468 37 statskommissionernas
1599 1939 250 37 verksamhet
1869 1938 125 37 skulle

375 2003 136 31 utövas
540 2010 47 23 av
614 2003 60 29 tre
702 2009 46 23 av
772 1995 144 48 Kungl.
945 1994 107 48 Maj:t
1081 1993 156 37 särskilt
1264 1992 235 37 förordnade
1518 1990 295 38 överrevisorer.
1857 1988 138 38 Seder-

376 2061 105 23 mera
520 2047 70 36 har
625 2046 143 49 Kungl.
797 2046 108 48 Maj:t
933 2045 81 36 dels
1043 2045 136 36 utökat
1201 2043 356 37 överrevisorernas
1582 2041 117 42 antal,
1724 2040 83 37 dels
1836 2039 72 37 ock
1935 2038 59 37 till

375 2099 114 37 deras
530 2097 151 38 biträde
714 2097 199 36 förordnat
940 2098 64 34 två
1030 2095 235 47 tjänstemän
1294 2094 63 36 vid
1385 2093 325 37 kammarrättens
1738 2090 257 38 revisionsav-

376 2149 171 48 delning.
603 2147 244 37 Beträffande
886 2146 357 37 överrevisorernas
1283 2144 225 37 nuvarande
1544 2141 352 48 sammansättning
1924 2139 73 37 och

377 2201 113 36 deras
518 2197 309 39 hittillsvarande
855 2196 248 38 verksamhet
1131 2196 58 36 får
1216 2195 191 37 utskottet
1433 2193 163 38 hänvisa
1618 2193 57 36 till
1705 2193 113 36 deras
1838 2189 157 49 bilagda

375 2250 193 49 yttrande.
624 2249 17 36 I
669 2249 75 36 den
784 2261 72 24 ena
897 2261 48 23 av
981 2246 241 38 motionerna
1254 2246 149 37 erinras
1432 2259 61 23 om
1517 2245 48 36 de
1593 2240 401 51 meningsskiljaktig-

377 2303 121 45 heter,
526 2314 83 24 som
639 2298 245 38 förekommit
912 2298 141 37 mellan
1081 2297 338 37 överrevisorerna
1446 2296 71 37 och
1544 2299 151 33 statens
1722 2290 272 40 handelskom-
