2141 2645
361 196 37 28 20
807 198 102 32 Stats-
917 201 163 31 Utskottets
1108 202 165 34 Utlåtande
1295 204 63 33 N:o
1380 205 52 33 20.

318 284 125 37 kunde
477 286 80 47 ske;
601 287 68 36 och
705 287 196 39 anbefalde
929 289 133 52 Kongl.
1093 291 103 51 Maj:t
1225 293 300 42 Kammarrätten
1555 303 54 32 att
1638 298 104 39 öfver
1770 300 142 52 Styrel-

318 350 82 23 sens
430 338 159 37 berörda
616 338 143 51 förslag
786 339 141 51 afgifva
955 344 253 48 underdånigt
1235 348 206 38 utlåtande.

450 389 193 38 Utskottet
684 405 108 23 anser
837 394 219 51 visserligen
1098 397 44 36 de
1176 397 40 36 af
1239 398 192 51 Styrelsen
1458 401 59 36 för
1545 408 139 31 statens
1708 405 203 50 jernvägs-

311 441 111 35 trafik
464 449 77 29 mot
581 442 180 51 förslaget
803 458 61 23 om
906 447 214 37 inrättande
1160 448 40 37 af
1233 450 71 37 den
1338 451 243 50 ifrågastälda
1609 468 27 23 s.
1666 456 33 36 k.
1728 456 180 38 kommis-

311 493 127 35 sionen
480 494 143 49 rigtade
665 497 291 50 anmärkningar
996 500 128 36 kunna
1150 514 100 33 vara,
1291 504 118 37 under
1438 505 45 37 de
1511 504 39 37 af
1567 505 192 51 Styrelsen
1776 509 134 48 gjorda

310 543 321 51 förutsättningar,
664 548 59 35 till
761 549 75 35 viss
868 550 94 47 grad
996 551 194 51 befogade,
1221 555 69 36 och
1319 562 81 30 tror
1441 558 30 48 ej
1502 558 118 36 heller
1648 564 54 31 att
1733 561 93 35 1874
1854 564 59 34 års

309 595 165 51 Riksdag
503 599 83 35 med
615 600 56 34 sin
700 599 193 39 skrifvelse
922 603 11 35 i
962 609 124 31 ämnet
1115 606 248 50 ovilkorligen
1397 608 111 37 afsett
1540 610 232 38 inrättandet
1800 612 39 37 af
1864 627 45 23 en

308 647 114 49 dylik,
464 653 39 32 så
536 652 149 47 mycket
718 652 157 45 mindre,
910 667 79 23 som
1019 657 55 35 uti
1101 670 141 24 samma
1269 659 194 38 skrifvelse
1491 663 255 48 uttryckligen
1774 663 137 37 förkla-

307 699 119 45 rades,
469 706 54 30 att
556 705 125 45 någon
715 703 115 35 sådan
859 705 203 51 utredning
1090 707 79 36 icke
1201 708 195 51 förelegat,
1427 724 79 23 som
1542 713 141 35 kunnat
1716 713 196 39 föranleda

307 755 53 31 ett
400 751 188 37 bestämdt
628 754 194 37 uttalande
855 756 11 35 i
901 763 134 30 ämnet.
1089 759 96 36 Enär
1218 762 216 45 emellertid,
1462 764 117 47 enligt
1607 764 97 37 hvad
1733 765 113 38 ofvan
1874 775 38 28 ar

306 802 132 45 visadt,
480 804 118 36 ökade
639 806 243 49 anledningar
923 822 48 22 nu
1013 808 196 39 förefinnas
1242 813 61 40 till
1333 821 53 28 att
1415 817 96 45 ånyo
1539 823 87 40 taga
1654 817 72 36 den
1755 819 155 36 sålunda

307 854 132 36 väckta
480 855 131 48 frågan
652 858 11 34 i
704 856 287 51 öfvervägande,
1035 862 66 35 och
1144 862 47 37 då
1224 864 65 36 det
1318 865 275 48 otvifvelaktigt
1621 875 51 37 är,
1700 872 40 33 så
1768 871 59 35 väl
1856 870 55 36 för

297 905 358 50 jernvägstrafikens
685 909 314 51 ändamålsenliga
1025 915 217 49 utveckling
1265 930 79 22 som
1365 916 60 37 för
1446 919 242 48 möjligheten
1715 926 54 30 att
1785 922 124 36 åstad-

302 957 149 36 komma
480 964 52 30 ett
560 961 234 46 någorlunda
822 963 136 49 skäligt
986 964 236 38 förhållande
1250 969 135 35 mellan
1413 969 257 38 inkomsterna
1698 971 40 36 af
1755 974 70 35 och
1848 979 59 30 ut-

298 1007 164 50 gifterna
494 1010 57 36 för
584 1011 226 47 densamma,
852 1013 39 37 af
928 1021 139 32 största
1094 1018 90 49 vigt,
1214 1025 53 30 att
1295 1034 44 22 en
1363 1021 88 36 vida
1483 1022 181 37 snabbare
1692 1024 67 36 och
1790 1039 78 22 mer
1896 1026 11 35 i

301 1061 111 48 detalj
442 1063 142 46 gående
613 1064 167 36 kontroll
809 1065 105 37 öfver
941 1067 274 50 förvaltningen
1244 1071 38 36 af
1308 1072 160 36 nämnda
1494 1074 110 35 trafik
1640 1076 268 50 åvägabringes

299 1119 45 28 än
385 1113 70 35 den
490 1127 80 26 som
603 1128 50 22 nu
688 1117 229 45 verkställes,
947 1120 68 35 har
1042 1120 193 37 Utskottet
1265 1130 120 30 ansett
1413 1125 57 48 sig
1498 1125 92 36 böra
1618 1126 67 36 här
1714 1130 94 46 ånyo
1839 1132 66 44 på-

298 1163 99 35 kalla
424 1164 231 48 Riksdagens
686 1169 328 45 uppmärksarahet
1042 1170 58 36 för
1129 1172 121 36 denna
1278 1173 113 48 fråga.

448 1215 126 49 Enligt
615 1215 208 40 Utskottets
865 1219 240 39 förmenande
1146 1223 108 37 torde
1291 1226 183 48 åtskilliga
1508 1233 158 44 utvägar
1701 1228 201 38 förefinnas

296 1263 57 38 för
394 1267 328 38 åstadkommande
765 1270 39 36 af
845 1285 44 22 en
932 1272 102 49 dylik
1072 1274 128 49 skärpt
1232 1276 170 47 kontroll,
1436 1284 86 31 utan
1556 1285 54 31 att
1639 1279 124 38 derför
1791 1295 44 22 en
1863 1285 40 34 så

298 1316 188 37 beskaffad
521 1320 257 47 kommission,
813 1336 80 22 som
923 1324 110 36 ofvan
1062 1325 248 48 omförmäles,
1339 1329 163 38 behöfde
1530 1331 174 45 inrättas;
1733 1333 68 36 och
1829 1332 70 37 Ut-

295 1368 142 36 skottet
465 1369 207 38 föreställer
700 1373 66 44 sig,
796 1380 53 30 att
878 1375 213 38 ändamålet
1120 1379 186 36 sannolikt
1334 1381 121 37 skulle
1477 1382 124 36 kunna
1621 1384 126 35 vinnas
1763 1397 134 35 genom

296 1420 223 48 utvidgning
560 1422 38 35 af
635 1426 317 46 statsrevisionen,
993 1431 39 32 så
1072 1433 55 31 att
1160 1442 45 23 en
1233 1431 203 37 fristående
1465 1434 161 35 revision
1658 1436 241 47 upprättades

295 1469 58 37 för
392 1473 277 48 granskningen
711 1475 38 36 af
782 1477 452 51 jernvägsförvaltningen
1269 1483 10 35 i
1309 1483 85 37 dess
1424 1484 133 37 helhet.
1612 1485 53 36 Då
1694 1487 205 36 emellertid

295 1535 45 22 en
382 1523 100 48 dylik
524 1525 208 47 anordning
772 1528 220 37 förutsätter
1033 1531 265 51 förändringar
1341 1536 32 45 ej
1417 1536 131 35 endast
1576 1537 9 34 i
1616 1537 73 35 den
1718 1537 59 36 för
1805 1540 95 35 revi-

292 1585 151 24 sorerne
486 1576 172 48 gällande
700 1578 226 37 instruktion
969 1587 87 30 utan
1099 1582 106 37 äfven
1234 1586 11 33 i
1275 1587 44 34 72
1351 1583 17 49 $
1397 1586 400 49 Riksdagsordningen,
1828 1590 68 35 och

293 1625 147 35 således
482 1626 92 36 först
608 1629 6 33 i
645 1641 43 21 en
718 1628 149 37 framtid
898 1632 120 36 skulle
1048 1634 127 35 kunna
1203 1635 148 36 komna
1379 1638 54 34 till
1462 1638 118 42 stånd,
1611 1639 64 36 har
1707 1639 190 38 Utskottet

288 1681 125 30 ansett
441 1679 55 45 sig
525 1677 88 37 böra
641 1680 189 48 tillstyrka
858 1683 204 36 anlitandet
1090 1684 38 35 af
1153 1699 44 21 en
1226 1700 119 24 annan
1377 1689 129 48 åtgärd
1536 1690 8 33 1
1575 1690 120 36 denna
1716 1692 178 48 rigtning,

289 1738 78 23 som
403 1728 115 36 redan
553 1742 49 22 nu
631 1730 118 37 skulle
783 1732 124 37 kunna
936 1735 179 48 vidtagas,
1144 1738 189 49 nemligen
1364 1745 54 30 att
1446 1740 66 35 hos
1540 1740 135 50 Kongl.
1704 1741 104 49 Maj:t
1835 1743 61 36 be-

290 1785 91 39 gära
422 1780 250 36 tillsättandet
707 1782 39 35 af
769 1785 178 35 särskilde
977 1786 151 37 utanför
1156 1795 140 30 statens
1320 1791 287 48 jernvägstrafik
1635 1794 153 35 stående
1816 1795 81 35 sak-

290 1828 164 49 kunnige
489 1839 95 35 män,
616 1832 123 37 hvilka
768 1838 122 42 någon
920 1837 55 35 tid
1006 1839 111 34 innan
1146 1839 232 49 Riksdagens
1407 1843 185 36 revisorer
1620 1846 276 36 sammanträda

287 1879 125 37 kunde
442 1895 92 32 egna
563 1896 45 22 en
636 1883 272 40 förberedande
937 1889 229 49 granskning
1194 1894 36 33 åt
1259 1891 277 49 förvaltningen
1565 1894 39 35 af
1629 1900 142 32 statens
1794 1898 98 46 jern-

286 1933 213 46 vägstrafik,
541 1934 189 37 hvarefter
771 1937 103 36 desse
914 1940 232 48 sakkunnige
1190 1950 104 29 mäns
1336 1944 10 35 i
1388 1951 124 30 ämnet
1554 1945 135 48 afgifna
1716 1948 173 47 yttrande

282 1983 117 46 Jemte
442 1984 332 51 ”Trafikstyrelsens
818 1988 170 38 deröfver
1023 1992 216 38 meddelade
1268 1995 193 37 utlåtande
1490 1997 120 36 skulle
1639 1998 125 37 kunna
1792 2000 99 47 tjena

284 2034 58 35 till
383 2035 156 49 ledning
572 2036 56 37 för
657 2038 71 36 den
757 2040 162 36 derefter
946 2044 349 38 sammanträdande
1325 2048 314 36 statsrevisionen.
1692 2049 53 36 En
1775 2051 112 35 sådan

285 2083 269 41 förberedande
584 2090 230 49 granskning
842 2092 128 46 borde,
1000 2095 117 49 enligt
1147 2096 97 35 hvad
1272 2096 192 38 Utskottet
1495 2098 209 38 föreställer
1732 2102 68 47 sig,
1829 2109 58 28 vä-

285 2138 181 48 sentligen
500 2139 173 36 befordra
703 2143 201 36 ernåendet
933 2145 39 35 af
998 2146 64 35 det
1090 2147 82 44 mål,
1202 2147 211 50 Riksdagen
1444 2151 81 35 med
1556 2152 52 34 sin
1640 2152 157 48 begäran
1826 2165 58 25 Oi

284 2188 96 36 ökad
408 2190 161 36 kontroll
598 2195 20 32 å
641 2192 352 49 jernvägstrafikens
1022 2197 226 49 förvaltning
1277 2199 120 37 afsett.
