2246 2624
412 170 39 31 16
860 168 277 32 Bankoutskottets
1159 167 165 33 utlåtande
1345 167 54 32 Nr
1422 168 52 31 68.

367 246 193 50 utgående
586 247 242 49 avlöningen,
859 247 12 35 i
901 246 45 36 de
974 247 12 35 i
1015 245 73 49 2:0)
1117 246 72 36 och
1217 245 75 49 4:0)
1322 245 250 37 omförmälda
1596 245 116 36 fallen
1732 248 21 33 å
1772 246 209 47 pensionen

368 300 89 36 eller
484 299 246 36 understödet
759 304 97 30 samt
884 299 12 35 i
924 298 76 46 fall,
1030 310 81 23 som
1142 298 158 47 angives
1329 297 12 36 1
1371 296 87 49 3:0),
1488 300 20 33 å
1529 296 285 49 ersättningens
1830 297 150 50 belopp.

1134 400 20 49 g
1186 402 33 34 6.

500 471 73 37 Till
610 472 27 35 f.
667 471 35 36 d.
732 470 380 48 befattningshavare
1154 470 65 36 vid
1261 475 142 31 statens
1434 470 212 48 järnvägar
1673 469 191 49 utgående
1893 482 94 35 pen-

369 525 126 36 sioner
523 523 86 36 från
628 523 174 36 enskilda
817 522 277 48 järnvägarnas
1114 521 295 49 pensionskassa
1429 522 90 36 eller
1538 522 86 35 med
1645 521 126 36 denna
1784 520 202 50 jämförlig

367 575 399 51 pensionsinrättning
805 574 188 36 likställas
1021 574 12 35 i
1064 573 66 36 här
1171 573 292 47 ifrågavarande
1492 573 187 36 avseende
1708 572 87 36 med
1823 573 161 47 pension

370 642 46 22 av
443 628 12 36 i
483 627 21 50 &
536 629 17 33 1
586 626 155 50 angivet
764 627 91 47 slag.
912 625 220 36 Detsamma
1161 625 121 48 gäller
1311 624 234 37 beträffande
1573 624 108 49 dylik
1709 624 172 49 pension,
1903 637 81 23 som

368 682 114 46 utgår
509 679 57 35 till
593 681 118 34 sådan
740 678 25 36 f.
797 678 34 36 d.
861 677 380 48 befattningshavare
1269 677 64 35 vid
1362 689 158 23 numera
1549 689 47 23 av
1625 681 124 31 staten
1778 681 209 44 övertagen

364 733 179 48 järnväg,
591 730 128 36 vilken
756 729 86 37 med
883 729 161 49 pension
1086 731 131 45 avgått
1259 728 80 36 från
1381 729 119 47 tjänst
1536 728 64 35 vid
1624 728 216 48 järnvägen
1868 729 118 35 redan

369 785 118 34 innan
517 782 73 36 den
619 781 208 47 övertagits
857 794 46 22 av
931 785 130 31 staten.

1189 868 32 34 7.

501 937 71 37 Om
610 937 58 36 till
706 936 285 49 dyrtidstillägg
1028 935 122 48 enligt
1183 935 123 36 denna
1333 936 229 47 kungörelse
1591 934 216 49 berättigad
1836 934 146 47 avlidit,

369 991 119 36 innan
529 990 141 35 honom
711 988 290 36 tillkommande
1042 987 286 49 dyrtidstillägg
1369 987 55 35 till
1467 986 91 36 fullo
1601 986 191 47 utbetalts,
1822 988 162 46 övergår

371 1043 95 36 hans
495 1046 74 31 rätt
596 1040 232 36 härutinnan
856 1039 57 36 till
942 1039 229 37 stärbhuset.

500 1092 338 49 Dyrtidstillägget
865 1093 113 46 utgår
1006 1091 11 35 1
1047 1091 135 36 sådant
1210 1090 66 36 fall
1305 1091 58 35 för
1392 1103 146 23 samma
1566 1090 66 46 tid,
1664 1090 59 35 för
1748 1089 127 37 vilken
1896 1102 91 36 pen-

369 1146 84 36 sion
483 1146 91 35 eller
601 1143 208 37 understöd
839 1143 58 35 får
925 1142 201 50 uppbäras.

1138 1237 21 49 8
1190 1238 33 34 8.

502 1308 74 36 Till
616 1308 105 49 hjälp
763 1307 62 36 vid
864 1306 346 50 dyrtidstilläggets
1251 1306 208 48 uträkning
1500 1306 170 36 utfärdar
1700 1305 143 48 Kungl.
1874 1305 110 49 Maj:t

369 1361 144 48 nödiga
540 1360 166 36 tabeller.

1125 1444 21 49 $
1177 1447 33 33 9.

497 1513 334 49 Dyrtidstillägget
859 1512 187 36 utbetalas
1075 1513 12 34 i
1116 1512 282 46 sammanhang
1426 1512 86 36 med
1541 1512 162 49 pension
1733 1512 91 36 eller
1844 1511 139 37 under-

367 1568 84 36 stöd
481 1567 120 47 enligt
630 1566 45 35 de
703 1570 173 30 närmare
905 1564 244 47 föreskrifter,
1180 1577 82 23 som
1292 1577 46 22 av
1366 1563 145 49 Kungl.
1542 1563 106 50 Maj:t
1678 1563 204 37 meddelas.

500 1791 134 36 Denna
663 1790 231 49 kungörelse
923 1789 125 36 träder
1075 1789 13 35 i
1116 1789 102 36 kraft
1246 1789 125 48 dagen
1400 1789 97 36 efter
1526 1789 84 48 den,
1641 1789 47 35 då
1708 1788 272 48 kungörelsen,

368 1844 121 47 enligt
530 1842 89 37 därå
662 1841 198 37 meddelad
901 1840 166 49 uppgift,
1101 1840 83 36 från
1213 1841 146 48 trycket
1388 1840 203 37 utkommit
1617 1841 13 35 i
1661 1839 152 37 Svensk
1843 1839 144 36 författ-

369 1895 297 47 ningssamling,
696 1898 99 31 samt
823 1893 122 48 gäller
973 1892 57 36 till
1058 1892 70 36 och
1157 1892 86 36 med
1271 1893 72 35 den
1373 1894 47 34 30
1445 1892 88 49 juni
1564 1893 116 42 1920;
1711 1891 99 36 dock
1837 1896 54 30 att
1918 1904 66 23 en-

369 1947 73 48 ligt
483 1946 46 36 de
557 1946 12 35 i
597 1945 258 49 kungörelsen
890 1943 219 37 meddelade
1139 1944 285 36 bestämmelser
1453 1944 286 49 dyrtidstillägg
1768 1942 94 37 skall
1892 1945 94 45 utgå

369 2004 96 30 även
510 1997 60 36 för
612 1998 70 35 den
724 1996 60 37 del
812 2010 47 22 av
888 1999 40 33 år
959 1998 109 42 1919,
1099 2009 83 22 som
1212 1996 157 36 förflutit
1397 1996 118 36 innan
1542 1995 282 48 kungörelsens
1852 1994 133 36 ikraftt-

369 2048 195 47 trädande,
606 2049 186 49 varjämte
833 2048 96 36 skall
975 2047 200 48 iakttagas,
1220 2052 53 31 att
1313 2047 58 36 för
1399 2047 47 36 de
1475 2050 63 34 två
1566 2047 117 36 första
1712 2046 197 36 kvartalen
1939 2059 47 22 av

370 2115 146 22 samma
545 2103 40 34 år
614 2101 62 36 det
704 2101 12 35 i
745 2099 21 50 $
796 2102 21 34 2
847 2099 250 37 omförmälda
1124 2099 180 48 grundtal
1333 2099 96 37 skall
1457 2112 92 23 vara
1581 2100 83 34 147.
