1888 2780
256 162 17 28 4
645 159 124 39 Tredje
795 158 246 39 lagutskottets
1065 157 180 29 utlåtande
1280 166 42 20 nr
1345 157 51 29 18.

263 243 139 39 ständig
422 243 226 39 omläggning
667 253 42 19 av
729 243 78 38 golv
826 243 97 29 torde
947 242 147 29 sålunda
1114 242 74 28 icke
1208 241 85 29 böra
1312 240 177 30 betraktas
1509 239 116 29 såsom
1646 238 135 29 mindre

262 285 208 37 reparation.
490 285 184 30 Förbehåll
694 287 51 27 att
764 285 233 29 arrendatorn
1016 284 91 29 skall
1127 284 118 29 utföra
1265 283 120 39 dylika
1404 282 144 30 arbeten
1569 281 54 29 får
1645 281 134 29 således

263 328 106 38 enligt
390 328 40 29 65
454 327 15 36 $
491 328 18 29 2
530 329 41 28 st.
591 336 101 20 anses
711 336 84 20 vara
815 328 85 27 utan
918 326 132 29 verkan
1070 327 73 27 mot
1164 325 243 29 arrendatorn.
1427 324 167 29 Däremot
1613 323 99 29 torde
1732 324 49 27 ett

265 370 171 38 åtagande
455 379 44 20 av
521 369 231 29 arrendatorn
771 370 51 28 att
841 368 132 38 årligen
992 368 160 37 omlägga
1171 367 70 29 viss
1262 366 137 29 mindre
1419 366 55 29 del
1493 375 42 20 av
1554 366 48 28 ett
1622 364 161 29 halmtak

265 413 121 28 kunna
410 421 103 20 anses
537 411 185 33 bindande,
748 411 88 29 även
859 419 57 20 om
939 410 127 29 sådant
1090 409 116 29 arbete
1230 409 79 28 med
1335 408 98 29 tiden
1456 407 94 29 leder
1574 407 53 29 till
1651 408 50 28 att
1725 406 58 29 det

266 455 114 37 gamla
400 454 99 30 taket
519 453 67 29 blir
605 453 71 29 helt
698 454 110 27 ersatt
830 461 42 20 av
892 453 48 28 ett
961 453 88 37 nytt.

308 496 121 30 Såsom
452 506 42 20 av
517 497 57 29 det
595 494 209 39 föregående
826 494 166 38 framgår,
1015 493 111 30 måste
1150 494 242 38 synemännen
1412 493 58 29 vid
1492 492 287 38 tillträdessynen

264 547 89 31 noga
381 538 129 30 beakta
539 540 66 28 den
635 538 154 29 skillnad
818 536 223 30 beträffande
1071 536 136 29 mindre
1237 534 241 41 reparationer
1507 534 19 29 å
1555 533 224 33 bostadshus,

265 590 75 20 som
359 582 100 38 lagen
478 582 71 39 gör.
571 580 135 30 Sådana
726 580 153 32 arbeten,
899 588 75 20 som
993 579 127 29 krävas
1140 579 54 29 för
1213 580 52 27 att
1282 578 96 29 detta
1396 577 67 29 hus
1483 577 90 29 skall
1592 585 83 20 vara
1694 576 10 28 i
1723 576 57 29 det

266 623 100 30 skick
397 623 359 38 hälsovårdsstadgan
788 621 222 33 föreskriver,
1042 620 116 30 såsom
1190 620 143 39 lagning
1363 629 42 20 av
1437 618 166 38 söndriga
1634 618 149 29 fönster-

266 668 107 32 rutor,
400 665 139 40 tätning
564 675 42 20 av
630 664 134 30 fönster
790 664 64 29 och
878 663 228 38 ytterdörrar,
1132 662 217 39 omsättning
1373 671 42 20 av
1439 661 220 38 kakelugnar
1684 669 28 20 o.
1739 660 42 32 d.,

265 708 98 30 skola
385 709 40 29 de
447 707 125 40 ålägga
591 707 211 39 jordägaren
824 708 50 28 att
895 705 209 38 ombesörja,
1126 705 127 29 medan
1276 705 110 28 andra
1408 704 143 29 arbeten
1574 702 114 29 såsom
1712 702 69 38 lag-

267 750 84 40 ning
375 760 42 21 av
441 752 146 37 tapeter,
612 749 154 40 bättring
791 758 42 20 av
857 747 158 40 målning
1038 757 30 20 o.
1094 748 31 28 d.
1151 746 98 30 skola
1275 746 148 29 allenast
1448 745 193 30 antecknas
1667 743 117 30 såsom

266 792 275 30 tillträdesbrist.
573 792 171 29 Botandet
775 800 43 22 av
849 789 222 30 sistnämnda
1101 789 127 29 brister
1259 789 208 29 ankommer
1498 787 20 29 å
1549 787 232 29 arrendatorn

267 834 99 40 själv,
388 834 130 29 liksom
539 834 70 30 han
630 835 63 29 har
714 835 50 27 att
786 832 165 40 avhjälpa
972 832 68 30 alla
1061 831 137 29 mindre
1219 831 126 29 brister
1365 830 21 29 å
1406 828 291 31 ekonomihusen.

310 928 12 28 I
343 926 223 29 motionerna
588 926 206 29 omnämnes
816 925 48 28 ett
884 922 164 32 rättsfall,
1071 922 55 29 för
1148 922 108 29 vilket
1277 921 182 32 utskottet,
1481 920 45 39 på
1548 918 172 40 grundval
1742 927 42 19 av

265 976 213 39 handlingar
501 984 76 21 som
600 975 194 30 infordrats
818 974 80 29 från
925 973 105 29 nedre
1053 971 348 40 justitierevisionen,
1426 971 64 28 här
1514 969 60 30 vill
1599 969 118 29 lämna
1742 977 43 20 en

266 1028 162 28 närmare
448 1026 230 38 redogörelse.

311 1085 131 29 Genom
465 1084 166 29 kontrakt
657 1083 66 29 den
747 1082 40 30 24
810 1082 139 37 januari
976 1081 85 30 1944
1085 1080 275 31 utarrenderade
1386 1079 38 29 A.
1452 1089 42 19 en
1519 1077 267 40 jordbruksfas-

267 1127 110 39 tighet
394 1127 53 30 till
464 1127 37 28 B.
520 1126 55 29 för
596 1126 94 29 tiden
708 1126 68 28 den
795 1124 40 29 14
851 1134 94 20 mars
965 1123 200 30 1944—den
1185 1122 39 29 14
1242 1132 94 19 mars
1357 1121 94 30 1949.
1471 1121 114 29 Sedan
1603 1120 36 29 B.
1658 1119 67 29 den
1747 1117 39 30 14

267 1179 95 20 mars
383 1168 84 31 1949
486 1169 170 29 frånträtt
674 1167 164 30 arrendet
857 1169 90 27 samt
967 1166 214 38 fastigheten
1201 1164 264 30 utarrenderats
1485 1163 53 29 till
1557 1171 47 29 ny
1623 1160 164 30 arrenda-

267 1214 64 31 tor,
352 1211 214 30 förrättades
585 1211 67 28 den
674 1210 40 29 28
734 1209 71 38 maj
832 1208 82 30 1949
936 1218 65 29 syn
1019 1208 54 29 till
1093 1207 232 29 efterrättelse
1345 1205 130 29 mellan
1496 1204 38 29 A.
1556 1204 116 29 såsom
1691 1202 97 39 jord-

268 1255 102 37 ägare
389 1254 65 28 och
472 1253 37 29 B.
530 1252 115 29 såsom
668 1251 216 30 avträdande
902 1250 218 29 arrendator.
1140 1249 66 29 Vid
1225 1257 110 30 synen
1353 1247 166 39 påfördes
1539 1246 36 28 B.
1595 1246 93 28 vissa
1709 1245 79 28 när-

269 1305 95 20 mare
384 1295 153 39 angivna
556 1294 136 29 brister.
713 1294 36 28 B.
770 1292 193 30 klandrade
984 1301 111 29 synen
1115 1291 57 29 vid
1192 1290 115 29 Kinda
1327 1289 65 29 och
1410 1288 92 29 Ydre
1522 1288 187 37 domsagas
1728 1286 61 28 hä-

269 1338 154 30 radsrätt
445 1337 67 29 och
535 1336 156 33 anförde,
714 1335 106 29 såvitt
843 1344 47 20 nu
912 1336 38 28 är
970 1334 11 29 i
1003 1333 111 39 fråga,
1142 1333 5 28 i
1168 1331 189 30 huvudsak
1378 1330 175 39 följande:
1578 1328 26 30 Å
1626 1328 163 30 arrende-

270 1380 128 29 avtalet
425 1379 91 30 hade
548 1378 313 29 bestämmelserna
888 1385 56 20 om
972 1385 26 20 s.
1027 1376 33 29 k.
1089 1374 129 30 sociala
1247 1373 174 30 arrenden
1448 1372 92 29 varit
1567 1370 221 39 tillämpliga.

269 1422 68 29 Till
359 1421 90 39 följd
474 1421 110 29 härav
606 1420 88 29 hade
716 1420 58 28 det
798 1419 113 38 ålegat
933 1418 36 29 B.
992 1418 46 29 bl.
1062 1427 29 19 a.
1114 1418 51 28 att
1187 1415 167 39 avhjälpa
1381 1414 134 30 sådana
1537 1413 128 29 brister
1687 1412 20 29 å
1728 1412 61 28 nö-

269 1465 80 37 diga
370 1463 213 39 byggnader,
607 1471 75 21 som
705 1461 169 29 föranlett
896 1460 88 29 blott
1009 1459 137 29 mindre
1171 1457 241 40 reparationer
1435 1456 66 29 och
1524 1464 76 20 som
1624 1454 90 30 varit
1739 1455 50 27 att

269 1515 84 20 anse
373 1515 75 19 som
469 1504 155 38 tillfällig
645 1504 152 38 lagning.
818 1503 37 29 B.
875 1502 89 29 hade
984 1500 195 31 emellertid
1198 1500 58 29 vid
1280 1499 277 38 avträdessynen
1576 1496 137 40 påförts
1733 1495 57 29 be-

271 1549 79 38 lopp
373 1548 55 29 för
450 1547 129 30 brister
601 1545 224 30 beträffande
849 1543 240 39 rödfärgning,
1112 1541 261 39 tjärstrykning
1396 1542 92 27 samt
1512 1541 92 37 yttre
1627 1539 64 28 och
1714 1538 75 28 inre

272 1590 166 38 målning,
468 1589 96 30 vilka
588 1589 123 38 belopp
736 1586 180 38 överstigit
940 1586 66 29 vad
1031 1586 58 29 vid
1115 1584 170 29 tillträdet
1311 1583 136 39 påförts
1473 1581 38 31 A.
1537 1582 11 29 i
1573 1589 136 20 samma
1734 1588 57 20 av-

271 1632 135 31 seende.
432 1632 37 30 B.
491 1631 90 29 hade
603 1630 148 29 sålunda
773 1630 10 28 i
805 1629 112 38 dylikt
938 1627 201 30 hänseende
1160 1625 136 40 påförts
1317 1624 128 29 brister
1466 1624 54 29 till
1541 1624 47 27 ett
1614 1630 177 21 samman-

272 1675 70 37 lagt
369 1674 127 38 belopp
524 1682 42 20 av
595 1672 62 29 252
686 1672 142 28 kronor.
856 1670 117 38 Enligt
1000 1669 63 29 B:s
1092 1667 229 40 uppfattning
1348 1666 90 29 hade
1467 1664 253 39 avhjälpandet
1748 1672 43 20 av

272 1717 102 29 dessa
396 1716 130 29 brister
551 1715 71 29 helt
647 1714 77 29 bort
750 1713 91 30 åvila
865 1712 38 29 A.
927 1712 181 29 Bristerna
1133 1710 89 29 hade
1248 1708 58 29 vid
1329 1708 92 29 båda
1445 1716 153 29 synerna
1622 1704 170 40 uppskat-

272 1761 69 27 tats
364 1758 89 29 efter
477 1758 69 28 den
570 1766 25 19 s.
619 1756 33 29 k.
675 1753 361 40 slitningsprincipen.
1061 1753 66 28 Vid
1154 1750 271 40 tillämpningen
1449 1758 42 20 av
1513 1749 117 29 denna
1653 1746 138 40 princip

273 1801 141 38 utginge
433 1809 85 20 man
536 1799 154 38 tydligen
708 1797 95 29 ifrån
821 1799 51 27 att
892 1795 232 30 arrendatorn
1142 1793 89 30 hade
1248 1793 79 28 hela
1345 1784 448 48 underhållsskyldigheten

272 1843 11 28 i
306 1844 58 28 det
386 1841 173 31 avseende
584 1849 120 20 varom
728 1839 100 37 fråga
850 1847 91 20 vore.
965 1837 66 29 Det
1056 1837 118 38 syntes
1200 1833 194 31 emellertid
1418 1833 77 29 icke
1518 1841 84 20 vara
1626 1830 166 38 förenligt

273 1885 80 29 med
369 1884 134 38 vanligt
521 1882 200 40 språkbruk
743 1882 51 28 att
812 1889 75 20 som
904 1880 134 29 smärre
1055 1877 241 40 reparationer
1314 1885 43 20 av
1374 1874 172 39 tillfälligt
1564 1874 74 37 slag
1654 1872 138 30 beteck-

274 1937 45 19 na
344 1927 80 28 hela
449 1924 224 31 underhållet
700 1932 44 20 av
769 1921 267 40 byggnadernas
1063 1918 231 39 rödfärgning
1320 1917 65 29 och
1410 1915 264 40 tjärstrykning
1701 1916 91 27 samt

273 1970 91 38 yttre
382 1968 65 29 och
464 1967 78 29 inre
561 1965 167 38 målning.
748 1965 76 28 Den
842 1962 218 39 redogörelse
1078 1962 56 28 för
1151 1960 218 29 innebörden
1389 1968 42 20 av
1448 1958 188 39 begreppet
1654 1956 138 30 mindre

275 2010 201 39 reparation
506 2018 76 21 som
611 2007 215 29 förekomme
857 2005 10 29 i
897 2000 567 38 Skarstedt-Ekberg-Anderbergs
1493 2000 218 28 kommentar
1740 1997 53 29 till

277 2052 83 30 1943
385 2052 56 29 års
471 2048 375 39 arrendelagstiftning
870 2046 155 30 saknade
1050 2045 78 29 stöd
1152 2045 11 28 i
1187 2043 224 30 förarbetena
1434 2042 55 29 till
1514 2041 278 39 lagstiftningen.

275 2096 51 28 Av
348 2092 365 31 kontraktsformulär
737 2099 77 20 som
836 2088 223 39 tillämpades
1082 2097 42 20 av
1146 2086 94 30 vissa
1261 2085 101 38 bolag
1387 2084 66 29 och
1476 2093 43 20 av
1541 2082 252 31 domänverket

276 2137 197 38 framginge
500 2136 51 28 att
577 2134 118 37 lagens
722 2130 228 39 beskrivning
975 2129 78 30 icke
1078 2129 149 29 allmänt
1251 2126 228 40 uppfattades
1506 2125 38 30 så
1570 2125 11 28 i
1607 2125 58 29 det
1690 2123 104 40 prak-

276 2180 92 29 tiska
389 2178 92 34 livet,
504 2186 76 20 som
600 2176 66 29 den
687 2173 157 30 nämnda
864 2172 327 39 lagkommentaren
1211 2169 118 29 kunde
1351 2168 70 30 låta
1446 2167 173 30 förmoda.

321 2221 38 29 A.
385 2219 153 30 invände
558 2218 10 29 i
588 2217 105 30 målet
715 2217 51 28 att
785 2213 231 39 rödfärgning
1035 2212 65 29 och
1120 2210 260 40 tjärstrykning
1399 2218 81 21 vore
1502 2211 51 28 att
1573 2218 84 20 anse
1677 2208 117 29 såsom

276 2266 49 27 ett
347 2261 189 31 underhåll
558 2260 53 29 till
632 2256 256 32 förhindrande
910 2265 42 20 av
972 2254 189 30 rötskador
1183 2253 11 29 i
1217 2252 170 30 trävirket
1411 2252 65 29 och
1498 2260 82 21 vore
1603 2252 48 28 ett
1677 2249 118 30 enkelt

276 2306 128 32 arbete,
427 2313 77 20 som
526 2302 118 30 kunde
665 2300 138 30 utföras
825 2308 42 20 av
887 2306 77 21 vem
986 2305 76 21 som
1083 2296 91 28 helst
1196 2294 64 30 och
1283 2303 75 20 som
1382 2293 107 30 också
1509 2293 11 29 i
1542 2293 42 29 de
1606 2292 104 29 flesta
1732 2291 63 29 fall

278 2348 159 29 utfördes
463 2355 45 20 av
533 2346 75 37 eget
633 2342 85 30 folk.
746 2339 276 40 Tjärstrykning
1047 2337 159 30 brukade
1233 2336 148 29 sålunda
1408 2335 11 29 i
1446 2335 259 38 ladugårdarna
1734 2333 61 29 ske

277 2390 133 38 årligen
432 2388 47 39 på
502 2394 183 22 somrarna
708 2384 11 29 i
743 2382 172 30 samband
939 2381 80 29 med
1041 2379 173 37 kalkning
1237 2378 65 29 och
1326 2377 197 39 rengöring,
1548 2376 65 29 och
1637 2375 159 37 rödfärg-

278 2433 84 37 ning
382 2430 162 30 utfördes
565 2428 11 29 i
596 2427 82 30 mån
699 2436 43 19 av
761 2425 113 29 behov
893 2423 57 29 vid
971 2421 167 41 uppehåll
1158 2421 11 28 i
1189 2419 340 40 jordbruksarbetet.
1552 2418 65 29 Det
1640 2426 80 22 vore
1743 2416 54 29 så-

277 2474 109 30 lunda
413 2473 78 29 icke
520 2469 179 31 stridande
730 2469 75 28 mot
833 2464 236 41 språkbruket
1097 2464 50 28 att
1177 2462 169 29 beteckna
1376 2461 102 29 dessa
1506 2460 144 30 arbeten
1678 2459 117 29 såsom

277 2515 189 39 tillfälliga.
