1886 2774
500 130 284 31 Statsutskottets
807 128 179 30 utlåtande
1008 136 42 21 nr
1071 128 19 28 2
1111 126 39 30 år
1173 126 84 29 1964
1604 125 18 30 5

903 207 262 40 Avlöningsstat

452 283 27 28 1.
505 281 212 40 Avlöningar
740 280 52 30 till
815 279 175 31 ordinarie
1013 278 225 40 tjänstemän,
1261 276 165 39 förslags-

502 335 49 31 US
596 327 9 50 ca
618 327 115 50 vesenle
757 357 65 6 Rn
885 356 70 6 RR
972 354 159 8 NGE
1194 353 115 7 SERNER
1335 352 84 7 RAR
1451 328 19 30 2
1486 327 61 31 750
1561 327 63 30 000

447 390 30 29 2.
503 389 159 30 Arvoden
687 387 65 31 och
777 386 174 31 särskilda
975 384 245 41 ersättningar,
1245 382 181 32 bestämda

503 452 42 20 av
571 441 125 40 Kungl.
723 440 117 41 Maj:t,
867 439 203 41 förslagsvis
1099 459 321 9 ........----+>>-
1530 434 16 30 7
1562 434 62 31 000

451 496 29 30 3.
506 495 211 40 Avlöningar
754 494 53 30 till
842 492 268 31 icke-ordinarie
1145 490 174 41 personal,
1356 489 70 40 för-

502 549 145 40 SlaGSDIS
683 573 6 5 a
706 542 51 51 elin
772 571 29 7 ee
817 570 28 7 sn
858 542 9 51 je
883 571 28 6 te
928 571 6 5 6
944 542 11 51 je
995 569 27 7 ee
1033 542 33 51 Jere
1081 569 6 6 a
1097 542 13 51 on
1119 542 35 51 JRR
1170 568 51 6 een
1234 542 9 51 ÅR
1259 542 17 51 År
1282 567 27 7 RN
1323 542 9 51 ER
1352 567 23 6 EK
1391 567 28 5 RR
1484 541 64 31 608
1562 541 62 30 000

449 602 29 31 4.
505 603 131 39 Rörligt
667 602 130 39 tillägg,
829 599 203 41 förslagsvis
1082 595 227 51 ..ssssssesess
1327 620 93 7 esse
1454 595 92 31 1457
1562 594 62 31 000

1208 678 144 31 Summa
1374 677 51 29 kr.
1451 675 20 30 4
1485 675 62 31 822
1562 675 62 30 000

492 763 35 34 c)
557 762 51 30 till
632 762 132 40 Högsta
787 760 195 31 domstolen
1006 768 47 21 m.
1076 768 62 21 m.:
1164 757 214 40 Avlöningar
1403 756 55 30 för
1483 756 142 39 budget-

449 816 73 31 året
546 815 148 37 1964/65
716 814 122 31 anvisa
860 816 48 29 ett
930 812 273 41 förslagsanslag
1225 820 42 21 av
1290 810 19 30 4
1323 810 62 31 822
1400 809 63 31 000
1487 810 52 29 kr.

191 942 95 34 15:0)
319 942 131 36 Högsta
477 940 194 31 domstolen
698 949 44 21 m.
771 949 60 20 m.:
861 937 264 32 Omkostnader.
1166 937 14 29 I
1208 936 154 39 enlighet
1390 935 79 29 med
1499 934 125 39 Kungl.

143 996 123 40 Maj:ts
284 995 131 40 förslag
436 994 132 40 (punkt
587 994 50 34 17,
655 1003 25 20 s.
701 993 72 34 17),
791 992 107 30 vilket
915 991 146 30 innebär
1079 1000 42 21 en
1139 990 80 30 med
1237 988 41 31 24
1292 988 63 32 000
1374 988 51 30 kr.
1445 988 92 30 ökad
1556 997 69 20 me-

141 1048 273 40 delsanvisning,
434 1047 202 31 hemställer
659 1047 182 33 utskottet,

494 1103 51 28 att
566 1101 188 39 riksdagen
777 1099 58 30 må
856 1099 53 30 till
931 1099 130 39 Högsta
1085 1096 196 32 domstolen
1305 1105 46 21 m.
1375 1104 62 22 m.:
1463 1094 163 31 Omkost-

449 1155 109 30 nader
581 1154 54 30 för
659 1153 205 40 budgetåret
890 1151 149 37 1964/65
1064 1151 121 30 anvisa
1211 1151 48 29 ett
1285 1148 273 40 förslagsanslag
1584 1158 41 20 av

453 1207 63 32 334
529 1207 63 31 000
613 1208 51 29 kr.

188 1325 96 34 16:0)
312 1325 314 35 Regeringsrätten:
652 1323 222 35 Avlöningar.
900 1322 125 39 Kungl.
1051 1321 105 39 Maj:t
1180 1320 64 30 har
1275 1319 130 40 (punkt
1433 1318 50 35 18,
1510 1327 25 20 s.
1565 1317 55 34 18)

142 1378 182 40 föreslagit
350 1378 189 39 riksdagen
569 1378 50 29 att
649 1377 74 30 dels
753 1376 188 40 godkänna
971 1384 42 21 av
1043 1372 385 41 departementschefen
1460 1371 166 30 förordad

142 1432 254 40 avlöningsstat
421 1431 54 30 för
500 1430 304 40 regeringsrätten,
830 1430 51 29 att
906 1428 176 39 tillämpas
1108 1427 70 29 tills
1203 1426 119 30 vidare
1349 1425 79 30 från
1455 1425 66 30 och
1547 1425 79 29 med

141 1485 205 40 budgetåret
372 1483 160 37 1964/65,
557 1484 73 29 dels
654 1483 66 30 ock
744 1483 53 29 till
822 1481 319 40 Regeringsrätten:
1169 1479 213 39 Avlöningar
1409 1479 54 29 för
1491 1487 134 21 samma

142 1538 169 40 budgetår
334 1538 120 30 anvisa
478 1539 49 28 ett
549 1537 273 39 förslagsanslag
845 1545 43 20 av
913 1534 94 31 1200
1021 1534 62 30 000
1108 1534 51 29 kr.

185 1645 167 38 Anslaget
369 1645 39 29 är
425 1644 11 29 i
456 1643 159 39 gällande
634 1642 145 30 riksstat
798 1642 145 38 uppfört
961 1641 78 30 med
1062 1641 13 28 1
1092 1640 63 30 200
1169 1640 63 29 000
1252 1640 52 28 kr.

187 1752 13 29 I
224 1752 58 30 två
304 1751 224 39 likalydande
554 1751 181 33 motioner,
760 1749 125 30 väckta
910 1749 67 29 den
1002 1757 65 21 ena
1092 1748 96 29 inom
1215 1747 112 29 första
1352 1746 207 30 kammaren
1584 1754 42 21 av

143 1806 79 29 herr
244 1806 144 28 Torsten
408 1804 202 30 Andersson
636 1803 45 34 (1:
700 1803 78 34 112)
803 1803 66 29 och
889 1802 67 30 den
977 1802 110 29 andra
1107 1801 96 29 inom
1224 1800 111 30 andra
1357 1799 206 30 kammaren
1585 1807 42 21 av

142 1858 81 28 herr
246 1857 188 39 Börjesson
459 1857 11 29 i
495 1855 195 39 Falköping
719 1855 63 33 (II:
801 1854 93 35 142),
919 1854 64 29 har
1008 1853 197 30 hemställts
1231 1854 50 28 att
1306 1851 187 39 riksdagen
1520 1851 106 29 måtte

143 1911 131 39 medge,
295 1913 50 28 att
366 1921 41 19 en
429 1910 196 39 befattning
648 1918 74 21 som
744 1908 334 40 pressombudsman
1099 1907 57 29 vid
1178 1906 294 39 regeringsrätten
1496 1905 57 29 må
1576 1905 50 28 in-

143 1965 119 33 rättas,
282 1966 91 28 samt
390 1964 63 29 hos
473 1963 125 39 Kungl.
618 1963 104 39 Maj:t
741 1962 142 30 anhålla
901 1970 57 20 om
977 1960 252 39 skyndsamma
1248 1959 160 39 åtgärder
1429 1958 53 30 för
1504 1958 122 29 tillsät-

143 2018 105 30 tande
269 2027 42 20 av
332 2018 108 29 sådan
461 2016 344 40 pressombudsman.

187 2071 226 30 Beträffande
438 2070 251 39 motiveringen
716 2069 54 29 för
795 2068 172 40 yrkandet
993 2067 164 30 hänvisas
1185 2067 51 29 till
1264 2066 177 29 motionen
1469 2065 45 30 II:
1533 2064 71 30 142.

188 2177 185 29 Utskottet.
395 2177 77 29 Med
494 2176 187 38 anledning
704 2185 41 20 av
767 2175 65 29 vad
855 2175 9 28 i
887 2173 228 30 förevarande
1138 2173 171 29 motioner
1333 2171 135 31 anförts
1492 2171 59 29 vill
1574 2172 52 27 ut-

144 2230 129 29 skottet
292 2229 199 34 framhålla,
510 2230 51 28 att
580 2229 56 29 det
656 2228 189 39 självfallet
865 2228 38 28 är
923 2227 178 38 angeläget
1121 2228 51 27 att
1192 2225 236 30 allmänheten
1450 2224 176 39 bibringas

143 2290 42 20 en
211 2281 107 39 riktig
344 2281 227 38 uppfattning
595 2289 56 20 om
678 2280 140 37 statliga
844 2287 125 31 organs
997 2278 230 38 avgöranden.
1255 2278 122 28 Denna
1405 2276 99 38 fråga
1531 2276 96 29 torde

144 2334 193 29 emellertid
365 2333 35 30 få
428 2333 164 29 bedömas
621 2333 87 29 efter
736 2332 108 30 delvis
873 2332 109 29 andra
1011 2330 303 39 utgångspunkter
1344 2330 62 28 när
1434 2329 57 29 det
1522 2329 105 37 gäller

143 2387 192 28 domstolar
354 2386 44 29 än
418 2386 66 29 vad
504 2385 171 29 beträffar
696 2384 485 39 förvaltningsmyndigheter.
1203 2383 58 29 Att
1283 2383 115 28 såsom
1420 2381 175 30 förordats
1619 2382 6 27 i

144 2440 218 29 motionerna
380 2439 129 29 inrätta
528 2448 41 20 en
589 2438 150 30 särskild
758 2438 195 38 befattning
971 2437 54 29 för
1043 2436 199 29 ändamålet
1260 2436 56 29 vid
1336 2435 289 39 regeringsrätten

177 2513 32 30 1+
251 2510 110 31 Bihang
380 2510 46 24 till
444 2510 168 29 riksdagens
630 2509 146 30 protokoll
797 2509 74 24 1964.
889 2510 15 22 6
922 2508 82 24 saml.
1023 2509 38 22 Nr
1079 2511 13 20 2
