1862 2768
226 126 18 28 2
496 127 452 33 Konstitutionsutskottets
970 131 178 30 utlåtande
1168 142 42 19 nr
1231 133 41 28 28
1293 133 39 29 år
1355 134 83 29 1965

228 212 41 20 nr
287 204 59 34 22)
369 205 187 40 tillstyrkte
574 208 262 38 propositionen
856 210 10 29 i
886 211 135 39 princip
1042 221 79 19 men
1143 212 150 40 föreslog
1313 214 48 29 ett
1380 216 107 27 annat
1509 215 129 38 system
1659 215 53 28 för

228 258 243 38 suppleanters
495 261 165 29 utseende
684 262 64 29 och
772 263 202 30 inkallande
999 264 43 29 än
1069 265 56 29 det
1151 265 125 39 Kungl.
1301 266 105 39 Maj:t
1431 267 174 39 framlagt.
1631 267 81 29 Frå-

227 317 66 31 gan
314 311 72 33 föll,
406 312 106 29 sedan
531 313 189 31 kamrarna
741 317 142 28 stannat
903 317 10 28 i
932 317 91 29 olika
1043 317 123 30 beslut.
1187 319 51 29 Då
1259 319 207 39 spörsmålet
1487 320 225 39 återupptogs

226 363 10 29 i
257 372 42 20 en
318 365 133 28 motion
469 365 38 29 år
529 366 94 36 1928,
643 368 177 39 avstyrkte
841 370 191 30 emellertid
1054 370 425 32 konstitutionsutskottet
1506 373 78 33 (utl.
1608 382 40 20 nr
1671 373 36 34 5)

228 425 42 21 en
290 417 132 29 reform
444 419 108 29 under
575 420 192 30 anförande
790 422 10 29 i
823 422 196 34 huvudsak,
1044 425 49 28 att
1115 424 41 29 de
1177 425 146 39 tidigare
1346 425 160 39 påtalade
1531 427 181 38 olägenhe-

228 471 98 29 terna
352 480 41 20 av
417 473 49 28 att
490 473 223 38 suppleanter
740 475 173 29 saknades
939 477 10 28 i
975 476 145 30 berörda
1147 478 238 30 institutioner
1412 479 88 29 hade
1527 479 184 34 minskats,

227 522 89 31 bl.a.
344 532 123 31 genom
493 525 412 33 kommunikationernas
932 529 131 30 snabba
1090 531 208 39 utveckling,
1326 532 64 29 och
1417 533 50 28 att
1494 528 218 48 principiella

228 576 256 41 invändningar
509 578 117 31 kunde
649 580 141 30 anföras
814 583 72 27 mot
910 582 66 29 den
1001 582 196 40 föreslagna
1222 584 187 34 reformen,
1434 585 93 30 vilka
1552 586 161 38 överväg-

228 630 41 29 de
289 630 200 30 fördelarna
509 632 153 30 därmed.
685 633 198 40 Riksdagen
906 636 118 38 avslog
1045 636 187 30 motionen.
1255 637 52 29 Då
1328 647 68 30 nya
1418 638 171 29 motioner
1610 639 10 29 i
1641 639 72 28 äm-

228 685 58 27 net
306 684 142 29 väcktes
468 684 82 30 åren
574 685 83 30 1930
678 686 63 29 och
764 687 95 36 1932,
881 688 76 29 blev
977 689 173 39 utgången
1174 690 204 30 densamma
1401 691 9 29 i
1433 691 86 29 både
1542 692 170 29 utskottet

233 736 79 33 (utl.
334 746 41 20 nr
395 737 40 29 30
454 747 89 30 resp.
564 738 36 34 4)
627 739 65 30 och
710 740 198 39 riksdagen.
930 741 52 29 En
1004 751 117 20 annan
1143 743 218 39 ståndpunkt
1383 744 114 39 intogs
1520 745 192 29 emellertid

227 789 40 29 år
288 790 96 36 1944,
406 790 43 30 då
468 791 187 40 riksdagen
674 792 44 39 på
739 793 189 30 utskottets
949 795 210 30 hemställan
1186 796 78 34 (utl.
1287 805 41 20 nr
1349 797 37 33 8)
1430 797 110 29 beslöt
1561 807 42 20 en
1625 797 87 30 skri-

227 843 92 30 velse
346 844 52 29 till
425 844 124 40 Kungl.
576 845 106 39 Maj:t
708 846 79 30 med
813 846 151 40 begäran
992 857 56 20 om
1075 849 186 39 utredning
1286 850 149 29 rörande
1464 850 248 39 lämpligheten

227 905 44 20 av
296 897 225 39 suppleanter
548 898 54 29 för
630 899 119 34 stads-,
779 900 231 35 kommunal-,
1038 901 206 40 municipal-
1272 903 65 29 och
1365 903 346 40 kyrkofullmäktige.

227 949 138 40 Frågan
382 950 75 30 blev
474 951 153 30 härefter
648 952 145 30 föremål
813 952 54 30 för
886 953 169 40 ingående
1074 955 263 39 överväganden
1357 965 42 20 av
1416 956 297 40 kommunallags-

228 1002 220 35 kommittén,
467 1004 202 30 redovisade
688 1006 10 28 i
718 1006 79 29 dess
817 1006 220 31 betänkande
1059 1007 38 30 år
1121 1008 81 29 1952
1225 1008 79 30 med
1325 1008 130 40 förslag
1476 1009 52 30 till
1548 1018 47 30 ny
1616 1010 97 28 kom-

227 1056 181 40 munallag
434 1056 100 35 (SOU
558 1058 188 35 1952:14).
770 1059 216 30 Kommittén
1009 1061 177 39 avstyrkte
1208 1070 43 20 en
1273 1061 130 30 reform
1427 1062 10 29 i
1459 1062 147 30 berörda
1628 1063 85 29 hän-

228 1111 137 30 seende.
393 1111 140 31 Samma
559 1112 218 40 ståndpunkt
803 1113 114 39 intogs
945 1123 42 20 av
1013 1114 125 39 Kungl.
1165 1114 105 39 Maj:t
1297 1115 10 28 i
1336 1114 66 30 den
1430 1115 216 39 proposition
1674 1115 39 29 år

229 1164 95 36 1953,
350 1165 75 29 vari
450 1165 45 39 på
519 1166 170 38 grundval
714 1175 42 20 av
783 1166 156 30 nämnda
965 1166 220 30 betänkande
1214 1167 131 40 förslag
1371 1167 190 30 framlades
1587 1168 52 30 till
1667 1177 46 31 ny

227 1217 274 40 kommunallag.
521 1219 433 30 Konstitutionsutskottet
980 1219 78 35 (utl.
1078 1229 41 20 nr
1139 1220 58 33 22)
1222 1220 87 29 fann
1331 1221 51 38 sig
1402 1221 79 29 med
1502 1221 137 40 hänsyn
1660 1221 53 30 till

228 1271 67 30 den
323 1271 197 40 förebragta
548 1272 231 39 utredningen
807 1272 86 30 böra
920 1272 136 30 biträda
1084 1273 262 39 propositionen
1374 1273 45 40 på
1447 1274 114 30 denna
1589 1274 123 40 punkt,

228 1325 79 29 med
326 1325 234 39 avstyrkande
579 1334 43 21 av
642 1325 125 30 väckta
786 1325 173 30 motioner
980 1326 11 29 i
1009 1326 129 29 ämnet.
1159 1326 198 39 Riksdagen
1380 1326 109 40 följde
1510 1327 181 30 utskottet.

273 1378 49 29 De
343 1378 88 34 skäl,
452 1387 75 20 som
549 1378 136 30 anförts
708 1378 53 29 för
782 1379 66 29 och
869 1380 92 28 emot
981 1378 185 31 införande
1188 1388 42 21 av
1251 1380 224 38 suppleanter
1496 1380 64 29 hos
1581 1380 42 30 de
1645 1381 69 39 pri-

228 1431 307 30 märkommunala
552 1431 374 39 representationerna,
944 1432 63 29 har
1026 1432 56 29 vid
1100 1433 125 29 ettvart
1243 1441 42 21 av
1302 1433 63 28 här
1384 1433 149 38 angivna
1551 1433 163 30 tillfällen

228 1483 89 29 varit
336 1485 10 28 i
365 1485 86 28 stort
469 1485 63 28 sett
550 1484 184 29 desamma.
753 1484 66 29 Till
839 1484 138 30 förmån
996 1485 53 29 för
1067 1494 43 21 en
1128 1484 128 30 reform
1272 1484 64 30 har
1355 1487 128 28 ansetts
1502 1485 70 31 tala
1590 1485 123 30 främst

228 1537 283 30 önskvärdheten
529 1547 42 21 av
590 1538 211 39 fulltalighet
821 1538 66 30 och
905 1538 119 29 risken
1044 1538 53 29 för
1116 1539 50 29 att
1186 1538 209 30 ledamöters
1414 1539 165 30 frånvaro
1598 1539 117 30 föran-

228 1591 94 29 leder
340 1591 123 34 beslut,
483 1600 75 20 som
578 1591 125 29 strider
722 1593 73 27 mot
813 1600 43 20 en
876 1591 224 39 församlings
1120 1592 247 39 partimässiga
1386 1593 327 39 sammansättning.

229 1644 72 29 Mot
325 1653 42 20 en
391 1644 129 29 reform
544 1644 65 29 har
633 1644 141 30 särskilt
798 1644 148 34 anförts,
973 1646 50 28 att
1048 1644 67 29 den
1141 1644 117 30 kunde
1283 1644 180 30 förväntas
1487 1645 159 30 medföra
1672 1655 42 20 en

228 1695 166 30 minskad
418 1696 271 29 ansvarskänsla
714 1696 92 29 inför
831 1696 147 29 berörda
1003 1696 157 39 uppdrag
1185 1696 64 30 och
1273 1698 51 28 att
1348 1697 57 31 det
1429 1697 110 29 måste
1565 1707 82 20 vara
1673 1706 42 20 av

228 1750 106 30 värde
352 1752 51 28 att
421 1751 111 30 beslut
551 1750 106 30 fattas
677 1759 42 21 av
735 1759 42 21 en
796 1750 80 29 från
895 1750 56 30 det
968 1759 65 21 ena
1053 1751 276 29 sammanträdet
1348 1751 52 29 till
1421 1752 56 29 det
1496 1752 109 29 andra
1624 1752 91 29 oför-

229 1804 136 29 ändrad
400 1804 215 39 församling,
636 1805 89 28 samt
743 1804 87 29 även
850 1805 52 28 att
920 1804 224 39 suppleanter
1163 1804 117 29 kunde
1301 1804 137 29 befaras
1459 1804 76 30 icke
1556 1804 36 30 få
1611 1804 104 30 önsk-

230 1857 108 29 värda
356 1857 295 30 kvalifikationer.

274 1910 501 38 Kommunallagskommittén
792 1909 212 30 verkställde
1023 1918 42 21 en
1084 1910 217 29 omfattande
1321 1910 105 29 enkät
1445 1910 53 30 för
1519 1912 50 28 att
1590 1911 125 28 utröna

229 1964 252 38 inställningen
505 1963 63 29 hos
595 1963 257 29 kommunerna
877 1963 52 29 till
954 1972 41 20 en
1021 1962 131 30 reform
1178 1963 10 29 i
1215 1962 266 40 ifrågavarande
1506 1963 209 30 hänseende.

231 2017 195 29 Resultatet
448 2016 221 29 redovisades
692 2016 11 29 i
725 2015 254 30 förutnämnda
1003 2015 230 30 betänkande.
1259 2016 65 29 Det
1348 2016 187 34 framkom,
1561 2018 50 28 att
1637 2017 79 29 fler-

231 2070 83 30 talet
338 2070 123 29 ställde
484 2070 51 38 sig
558 2069 186 30 avvisande
767 2069 53 29 till
844 2070 48 28 ett
915 2069 328 39 suppleantsystem.
1267 2068 51 29 Av
1341 2068 38 30 70
1404 2069 311 30 landskommuner

230 2123 181 39 avstyrkte
426 2122 51 34 40,
494 2132 42 20 av
552 2122 40 29 20
611 2122 115 29 städer
745 2121 49 30 17.
811 2122 67 29 Vid
893 2122 384 39 remissbehandlingen
1295 2131 42 20 av
1353 2122 227 29 kommitténs
1599 2123 117 29 betän-

231 2175 115 29 kande
367 2174 183 30 förordade
570 2174 122 29 endast
712 2183 42 20 en
774 2174 224 39 länsstyrelse
1020 2174 63 29 och
1102 2174 19 28 4
1141 2174 209 29 kommuner
1369 2174 184 30 införande
1574 2184 42 20 av
1636 2183 79 31 sup-

231 2228 168 38 pleanter.
418 2228 192 29 Yttranden
629 2227 87 29 hade
735 2227 188 29 inkommit
942 2227 78 29 från
1040 2227 60 29 367
1121 2227 208 29 kommuner
1349 2227 64 29 och
1431 2228 285 38 municipalsam-

230 2283 131 32 hällen.
387 2281 431 30 Konstitutionsutskottet
842 2281 134 29 anknöt
999 2281 118 29 härtill
1142 2281 10 29 i
1178 2281 59 29 sitt
1264 2281 179 30 utlåtande
1467 2282 57 29 vid
1552 2282 82 29 1953
1660 2282 57 29 års

231 2335 145 39 riksdag
394 2335 63 29 och
476 2335 161 29 anförde:
