1922 2852
312 197 41 30 54
611 194 463 32 Konstitutionsutskottets
1095 192 188 32 utlåtande
1303 192 53 32 Nr
1386 191 52 31 24.

313 273 68 32 Om
407 274 37 30 vi
472 273 78 31 icke
575 273 12 30 i
614 271 67 37 dag
707 272 124 30 kunna
855 273 85 34 taga
963 270 60 32 det
1048 280 50 21 nu
1126 269 245 37 föreliggande
1397 269 146 36 avtalet,
1570 268 123 32 därför
1718 270 58 30 att

271 318 91 31 våra
394 316 232 32 undersåtars
661 314 225 36 berättigade
918 314 176 31 intressen
1129 313 106 31 blivit
1266 313 157 31 kränkta
1456 312 65 31 och
1553 312 109 37 ryska
1696 322 81 21 sov-

274 360 265 38 jetregeringen
558 359 80 32 icke
659 359 67 31 har
747 358 95 32 visat
863 359 118 35 någon
1004 368 74 21 som
1099 357 93 32 helst
1214 356 221 37 benägenhet
1458 358 53 30 att
1534 356 160 32 erkänna
1714 355 61 32 det

276 403 244 37 oberättigade
545 404 13 30 i
583 403 65 31 sitt
673 401 275 37 handlingssätt,
975 402 159 30 kommer
1159 400 100 32 detta
1285 410 147 21 snarare
1458 401 54 30 att
1539 399 151 37 bidraga
1715 399 58 33 till

275 449 54 30 att
351 446 180 38 Ryssland
556 447 57 30 får
637 445 193 35 anledning
853 446 54 30 att
932 446 96 29 rätta
1051 444 55 36 sig
1131 443 65 31 och
1218 442 209 37 därigenom
1450 443 111 30 vinna
1586 442 187 36 möjlighet

276 492 53 30 att
357 491 165 35 återtaga
548 489 57 31 sin
635 488 120 36 gamla
783 488 103 35 plats,
915 490 47 28 än
990 486 61 32 det
1080 487 160 30 kommer
1267 487 56 30 att
1350 485 131 31 hindra
1510 484 181 38 Ryssland
1719 487 54 30 att

274 534 142 31 komma
438 532 153 33 tillbaka
610 530 110 33 bland
740 531 163 36 Europas
923 530 174 32 nationer.

314 620 102 32 Hans
443 620 175 32 excellens
643 618 282 33 statsministern
952 616 124 39 gjorde
1104 616 176 38 gällande,
1306 618 54 31 att
1386 615 389 37 utskottsmajoriteten

275 665 66 32 och
362 664 68 32 den
451 664 203 40 borgerliga
673 662 231 37 majoriteten
926 663 11 30 i
960 661 202 37 riksdagen,
1183 671 75 21 som
1278 661 93 31 efter
1392 660 65 32 allt
1480 662 53 30 att
1554 659 104 32 döma
1678 659 97 31 kom-

273 717 57 22 me
355 710 55 30 att
433 707 166 31 förkasta
625 705 68 32 den
718 706 122 35 kungl.
866 705 277 36 propositionen,
1167 703 149 32 därmed
1342 703 114 31 skulle
1482 702 136 37 ådraga
1642 703 55 36 sig
1723 704 51 30 ett

276 753 106 34 tungt
397 760 144 22 ansvar.
579 750 70 31 För
666 749 76 31 min
758 749 58 31 del
835 749 66 31 vill
919 749 60 36 jag
998 749 193 30 instämma
1210 747 11 31 i
1241 746 108 35 detta.
1387 746 68 32 Det
1475 748 42 29 är
1535 748 50 30 ett
1603 747 91 31 stort
1713 756 63 20 an-

274 804 95 22 svar.
410 794 83 31 Men
511 793 62 32 det
592 793 119 31 finnes
732 794 50 30 ett
801 802 142 24 ansvar,
963 801 74 22 som
1056 791 39 31 vi
1115 790 119 32 kunde
1253 790 47 31 ha
1319 790 116 36 åtagit
1454 799 68 26 oss,
1543 789 112 32 vilket
1676 789 97 32 varit

273 840 47 29 än
353 838 124 36 större,
510 837 65 31 och
608 836 58 32 det
698 835 93 32 hade
812 835 97 32 varit
933 834 81 32 ifall
1037 834 39 31 vi
1099 834 78 31 icke
1200 833 158 36 avslagit
1381 834 67 31 den
1471 832 122 36 kungl.
1616 832 157 37 proposi-

275 882 132 36 tionen,
426 884 68 29 när
514 881 38 31 vi
571 880 104 37 hyste
692 879 70 31 den
782 878 182 33 bestämda
984 878 259 37 övertygelsen,
1260 880 55 30 att
1337 877 206 31 densamma
1562 877 77 31 icke
1658 877 117 32 skulle

275 924 163 32 medföra
458 926 119 34 någon
598 922 114 33 fördel
736 924 55 30 för
811 923 83 31 vårt
915 921 86 32 land
1020 924 89 29 utan
1128 923 159 30 tvärtom
1308 922 12 30 i
1342 920 66 32 den
1427 920 186 37 situation,
1633 920 81 31 vari
1736 920 38 31 vi

274 978 50 21 nu
343 971 73 33 äro,
433 967 116 31 skulle
567 968 179 34 äventyra
764 966 141 36 viktiga
925 965 153 31 svenska
1098 965 184 32 intressen.

315 1053 93 32 Herr
434 1052 186 37 Hellberg:

316 1106 51 31 De
390 1104 284 37 förhandlingar,
695 1114 75 21 som
792 1103 91 32 hade
906 1104 92 31 förts
1020 1103 132 31 mellan
1173 1102 173 32 svenskar
1370 1102 64 31 och
1457 1111 132 28 ryssar,
1610 1100 90 32 hade
1723 1111 52 21 re-

276 1150 151 31 sulterat
450 1150 13 30 i
486 1151 53 30 att
563 1148 221 32 svenskarna
806 1149 179 35 gentemot
1008 1147 41 31 de
1071 1146 110 37 ryska
1203 1145 317 32 underhandlarna
1542 1144 90 32 hade
1654 1144 122 37 dragit

278 1193 58 32 det
360 1194 159 30 kortaste
543 1193 123 31 strået.
691 1209 44 4 —
759 1191 69 36 Jag
854 1191 65 30 vill
944 1191 74 30 inte
1042 1189 169 32 använda
1235 1191 52 30 ett
1310 1191 40 29 så
1375 1189 118 32 starkt
1519 1188 157 37 uttryck,
1700 1197 75 22 som

277 1238 54 30 att
357 1236 40 31 de
424 1235 90 31 hade
540 1235 106 31 blivit
673 1234 134 36 lurade,
833 1244 80 21 men
939 1242 69 27 nog
1034 1232 90 32 hade
1151 1233 79 30 litet
1257 1242 67 21 var
1350 1242 46 21 av
1422 1242 57 20 oss
1505 1242 43 20 en
1576 1231 127 31 känsla
1728 1241 46 20 av

276 1281 109 34 något
412 1280 13 30 i
451 1278 69 31 den
547 1281 126 33 vägen.

316 1364 93 31 Herr
431 1364 200 36 Nylander:

317 1417 118 31 Innan
466 1415 260 37 äganderätten
757 1415 175 30 erkännes
965 1414 65 31 och
1063 1413 186 36 verkligen
1282 1412 233 36 respekteras,
1547 1410 110 37 torde,
1686 1413 90 34 säga

279 1460 70 31 vad
370 1469 84 21 man
476 1459 76 36 vill,
575 1457 198 37 tillräcklig
797 1456 175 37 grundval
997 1456 215 37 näppeligen
1234 1455 201 31 förefinnas
1460 1455 57 31 för
1540 1454 135 31 allmän
1698 1453 78 31 eko-

278 1502 140 32 nomisk
436 1502 228 32 verksamhet
685 1502 83 30 från
788 1500 181 33 utlandets
988 1499 79 33 sida
1086 1500 12 31 i
1118 1497 190 40 Ryssland.

317 1590 63 32 Ett
402 1589 250 32 handelsavtal
675 1589 62 31 bör
759 1588 123 32 därför
902 1590 144 29 snarast
1068 1587 143 36 möjligt
1232 1587 144 30 komma
1398 1585 56 32 till
1475 1584 117 37 stånd,
1613 1592 82 23 men
1719 1583 57 32 det

277 1635 65 31 bör
362 1643 99 26 vara,
483 1643 56 21 om
559 1643 85 21 man
665 1632 92 31 skall
777 1633 87 36 utgå
885 1632 83 30 från
989 1630 245 37 föreliggande
1256 1629 146 37 förslag,
1421 1630 41 30 så
1482 1628 140 37 ändrat,
1642 1629 55 30 att
1718 1626 58 33 det

279 1678 13 30 i
317 1677 179 36 väsentlig
523 1677 85 30 mån
637 1675 165 37 bidrager
829 1676 57 31 till
913 1677 53 29 att
992 1675 113 35 skapa
1133 1673 58 32 det
1218 1672 215 37 ömsesidiga
1461 1670 214 37 förtroende,
1701 1680 76 22 som

279 1720 98 31 inom
395 1720 60 31 det
476 1719 291 32 internationella
788 1718 235 36 varuutbytet
1043 1720 41 28 är
1106 1716 67 31 den
1194 1716 195 36 viktigaste
1410 1715 64 31 och
1493 1713 284 37 nödvändigaste

281 1763 306 36 förutsättningen
612 1762 57 31 för
692 1761 163 36 verkliga
881 1761 64 31 och
970 1760 90 36 goda
1084 1759 160 31 resultat.

579 2565 173 28 Stockholm,
777 2565 74 23 Isaac
876 2564 115 24 Marcus”
1012 2562 372 32 Boktryckeri-Aktiebolag,
1408 2563 75 22 1924.
