1934 2846
483 193 460 33 Konstitutionsutskottets
975 194 186 34 utlåtande
1192 194 52 31 Nr
1269 195 51 30 24.
1581 198 17 28 1

816 448 58 41 Nr
902 448 62 41 24.

644 557 112 24 Ankom
778 558 39 23 till
839 557 162 32 riksdagens
1022 558 87 24 kansli
1131 558 53 23 den
1207 559 31 22 28
1259 559 68 29 april
1351 559 64 23 1924
1436 560 35 23 kl.
1492 560 14 22 +
1527 567 20 15 e.
1569 568 35 15 m.

243 641 459 32 Konstitutionsulskottets
729 642 195 36 utlåtande,
948 644 13 29 i
983 642 190 37 anledning
1197 652 43 22 av
1266 643 128 37 Kungl.
1420 643 120 38 Maj:ts
1563 654 77 27 pro-

354 695 155 36 position
543 704 42 21 nr
621 695 60 30 199
716 694 182 37 angående
920 694 257 38 godkännande
1200 704 44 22 av
1269 697 51 29 ett
1343 696 130 31 mellan
1497 696 143 38 Sverige

353 746 65 31 och
442 747 41 30 de
509 746 242 32 Socialistiska
769 746 391 37 Sovjetrepublikernas
1181 747 117 31 Union
1314 748 153 32 avslutet
1482 748 158 32 handels-

352 798 107 31 avtal.

178 902 70 31 Till
274 902 445 31 konstitutionsutskottets
743 902 271 36 handläggning
1038 902 89 31 hava
1153 902 88 31 båda
1267 903 186 31 kamrarna
1475 904 164 31 hänvisat

135 965 42 20 en
201 964 45 21 av
271 953 135 36 Kungl.
432 953 101 37 Maj:t
557 954 57 31 till
639 954 190 36 riksdagen
853 954 142 31 avlåten
1016 954 227 36 proposition,
1262 964 42 21 nr
1322 955 71 36 199,
1410 955 76 31 däri
1504 955 134 36 Kungl.

135 1006 109 37 Maj:t,
260 1006 108 31 under
383 1006 207 36 åberopande
606 1016 43 21 av
662 1005 135 37 bilagda
814 1005 122 36 utdrag
952 1016 42 21 av
1011 1006 368 37 statsrådsprotokollen
1394 1009 80 30 över
1489 1008 152 31 handels-

134 1057 149 33 ärenden
316 1057 63 32 och
415 1059 82 30 över
531 1057 520 37 utrikesdepartementsärenden
1086 1058 52 31 för
1171 1058 63 32 den
1267 1060 39 30 15
1331 1069 90 21 mars
1444 1060 83 31 1924
1552 1063 87 28 samt

134 1112 80 29 över
237 1110 289 32 handelsärenden
550 1110 53 31 för
625 1110 65 31 den
715 1110 40 31 19
780 1110 12 31 i
816 1120 131 21 samma
966 1110 126 31 månad
1112 1113 162 29 ävensom
1290 1112 74 31 med
1381 1113 259 31 överlämnande

134 1173 45 20 av
202 1164 47 31 ett
265 1162 237 32 förstnämnda
529 1163 76 36 dag,
630 1162 107 32 under
761 1163 166 31 förbehåll
952 1172 43 21 av
1019 1163 197 36 riksdagens
1240 1163 252 38 godkännande,
1516 1165 124 31 mellan

135 1216 139 36 Sverige
314 1215 61 31 och
414 1215 41 31 de
495 1215 233 31 Socialistiska
767 1215 376 36 Sovjetrepublikernas
1179 1216 116 31 Union
1321 1217 145 31 avslutet
1492 1217 150 31 handels-

134 1268 103 35 avtal,
266 1277 72 21 som
362 1267 109 31 bildar
493 1268 48 30 ett
563 1267 212 37 oskiljaktigt
799 1267 78 36 helt,
902 1268 12 30 i
937 1277 78 21 vars
1038 1267 247 32 bestämmelser
1308 1269 111 35 någon
1443 1269 198 36 förändring

135 1320 72 30 icke
231 1320 68 31 kan
322 1322 65 33 äga
410 1329 87 26 rum,
521 1319 97 31 äskat
641 1319 196 36 riksdagens
860 1319 244 36 godkännande
1127 1330 44 21 av
1195 1320 137 31 berörda
1355 1321 100 30 avtal.

179 1372 146 30 Avtalet
348 1373 40 28 är
412 1381 44 20 av
481 1371 155 36 följande
660 1371 146 36 lydelse:

321 1482 207 38 (Autentisk
554 1485 97 36 text.)

135 1555 231 50 Commercial
393 1555 351 50 Agreementbetween
755 1559 86 35 Swe-

137 1613 68 32 den
229 1613 67 32 and
322 1613 61 32 the
407 1613 118 33 Union
543 1613 40 33 of
594 1614 62 32 the
673 1613 169 33 Socialist

319 1663 124 36 Soviet
464 1666 202 42 Republics.

179 1770 71 30 The
285 1769 112 37 Royal
430 1770 155 32 Swedish
609 1771 234 31 Government

135 1821 71 32 and
239 1822 57 31 the
328 1821 235 32 Government
586 1823 34 30 of
644 1823 56 31 the
723 1822 120 32 Union

136 1874 37 30 of
197 1873 56 31 the
277 1873 164 32 Socialist
463 1873 119 32 Soviet
597 1874 188 36 Republies
803 1888 38 3 —

136 1925 226 31 herein-after
381 1925 150 32 referred
548 1927 33 30 to
597 1936 37 21 as
652 1926 56 31 the
724 1925 120 32 Union

137 1976 236 32 Government
397 1991 39 4 —
461 1978 103 35 being
587 1978 83 31 both
689 1977 154 32 desirous

137 2031 35 28 to
200 2029 187 36 safeguard
415 2029 69 31 and
508 2029 143 36 develop
675 2030 56 31 the
755 2040 89 21 com-

138 2080 143 32 mercial
295 2080 166 32 relations
474 2082 152 30 between
639 2081 90 32 their
741 2091 103 22 coun-

138 2133 94 36 tries,
256 2132 88 32 have
369 2132 139 33 decided
533 2135 33 30 to
585 2135 96 30 enter
697 2133 74 32 into
788 2134 56 31 the

139 2184 182 36 following
345 2183 229 33 Commercial
598 2185 219 36 Agreement.

388 2305 161 32 Article
573 2306 27 30 I.

183 2391 90 31 Both
290 2392 129 35 parties
435 2400 101 28 agree
551 2393 44 36 by
608 2402 103 27 every
726 2402 119 22 means

139 2444 34 29 to
203 2442 171 31 facilitate
402 2443 96 31 trade
522 2444 153 30 between
698 2444 58 31 the
779 2445 67 30 two

139 2494 185 31 countries.
360 2494 93 32 Such
477 2494 96 32 trade
596 2495 92 32 shall
711 2496 41 31 be
775 2505 72 22 ecar-

138 2558 114 31 Bihanyg
271 2558 41 24 lill
331 2557 163 33 riksdagens
510 2559 138 31 protokoll
669 2558 74 26 1924.
782 2560 15 24 35
817 2560 80 23 saml.

1068 1484 151 37 (Svensk
1242 1486 267 36 översättning.)

939 1561 249 33 Handelsavtal
1203 1562 134 32 mellan
1352 1561 145 42 Sverige
1511 1563 65 32 och
1588 1563 52 32 De

940 1613 248 33 Socialistiska
1247 1614 394 42 Sovjetrepublikernas

1226 1666 130 33 Union.

983 1770 134 36 Kungl.
1150 1771 159 31 Svenska
1339 1771 216 37 Regeringen
1578 1773 64 30 och

940 1822 222 37 Regeringen
1215 1823 54 31 för
1315 1823 39 31 de
1399 1823 242 32 Socialistiska

940 1874 387 36 Sovjetrepublikernas
1352 1875 118 31 Union
1494 1890 38 3 —
1555 1876 9 30 i
1585 1876 56 31 det

941 1926 154 35 följande
1120 1927 119 30 kallad
1275 1926 181 32 Unionens
1480 1928 163 36 regering

943 1991 38 3 —
1021 1978 98 30 vilka
1160 1978 89 31 båda
1287 1980 59 29 äro
1385 1979 175 36 besjälade
1599 1989 43 21 av

941 2030 135 31 önskan
1090 2030 51 31 att
1156 2029 260 32 vidmakthålla
1430 2031 64 30 och
1505 2031 139 31 utveck-

942 2082 35 30 la
1014 2081 41 31 de
1082 2081 258 32 kommersiella
1368 2082 274 32 förbindelserna

942 2133 131 31 mellan
1102 2134 80 30 sina
1214 2134 131 35 länder,
1378 2134 92 31 hava
1493 2135 150 31 beslutat

942 2186 51 30 att
1017 2185 102 31 träffa
1136 2185 155 37 följande
1315 2186 252 31 handelsavtal.

1186 2307 167 30 Artikel
1376 2307 28 30 I.

986 2392 97 31 Bäda
1107 2393 163 35 parterna
1293 2394 284 30 överenskomma
1594 2395 51 29 att

944 2445 45 35 på
1011 2444 66 30 allt
1092 2445 69 30 sätt
1177 2444 201 31 underlätta
1394 2444 154 31 handeln
1564 2445 81 30 mel-

944 2496 60 31 lan
1032 2495 40 32 de
1100 2496 63 30 två
1180 2495 178 32 länderna.
1383 2495 121 32 Denna
1518 2495 127 33 handel

935 2559 34 24 20
990 2558 68 32 häft.
1096 2555 52 32 (Nr
1166 2556 56 28 24)
1600 2562 9 22 1
