1884 2788
461 168 125 40 Tredje
612 168 249 41 lagutskottets
888 171 181 30 utlåtande
1095 182 43 20 nr
1162 173 30 30 2.
1556 174 39 32 37

119 249 13 29 I
149 251 263 38 promemorian
430 251 66 30 har
512 252 184 40 påpekats,
715 255 51 28 att
785 254 68 30 den
873 263 44 22 av
933 255 193 39 kollegium
1145 257 158 29 uttalade
1322 257 276 41 uppfattningen

74 301 120 37 syntes
213 301 55 30 stå
284 301 11 29 i
314 302 88 29 strid
419 303 80 29 med
516 303 191 40 ordalagen
724 304 11 28 i
753 304 41 31 20
814 305 28 37 8,
860 314 83 20 men
960 306 45 30 då
1021 306 68 30 den
1107 306 119 30 kunde
1246 316 103 22 anses
1367 308 12 29 i
1397 309 63 29 sak
1478 309 117 40 riktig,

73 350 192 40 föresloges
281 352 68 30 den
366 352 195 41 ändringen
577 353 11 30 i
604 354 224 40 paragrafen,
846 356 52 29 att
915 356 201 40 ansökning
1132 365 58 22 om
1207 358 114 30 utmål
1339 359 114 30 skulle
1471 360 123 30 kunna

76 402 102 38 göras
199 402 63 30 sist
281 403 97 30 inom
400 404 41 30 30
462 404 107 40 dagar
589 405 92 30 efter
700 406 57 30 det
776 407 138 39 slutligt
933 407 115 31 beslut
1069 417 57 21 om
1147 409 121 40 avslag
1287 410 112 40 givits.

116 495 410 41 Departementschefen.
557 498 341 32 »>Bestämmelserna
923 500 11 29 i
963 500 41 30 20
1035 500 16 36 8
1079 501 227 31 beträffande
1333 502 97 31 tiden
1457 504 55 30 för
1539 506 55 28 ut-

71 544 294 40 målsansökning
387 546 44 31 då
455 547 200 41 ansökning
676 557 58 21 om
758 549 228 41 förlängning
1007 561 44 20 av
1072 552 385 41 undersökningstiden
1482 555 111 30 avsla-

73 594 67 40 gits
166 604 106 31 synas
298 597 55 30 stå
376 597 12 30 i
413 597 138 31 mindre
576 600 67 38 god
667 600 352 31 överensstämmelse
1045 604 80 29 med
1151 604 210 39 stadgandet
1386 606 12 30 i
1425 606 39 29 19
1492 606 16 37 8
1534 615 59 20 om

71 647 71 29 rätt
171 648 52 29 att
248 648 191 30 verkställa
469 649 406 40 undersökningsarbete
903 651 12 29 i
942 652 126 30 sådant
1096 653 73 29 fall.
1199 654 78 30 Med
1306 655 140 39 hänsyn
1471 656 121 30 härtill

71 697 66 29 och
161 697 45 30 då
232 698 117 39 någon
372 699 142 30 erinran
541 699 30 40 ej
601 700 212 31 framställts
838 704 74 28 mot
937 702 67 30 den
1030 702 201 41 föreslagna
1257 705 195 40 ändringen
1478 707 114 30 under

70 747 360 36 remissförfarandet,
450 749 155 30 biträder
622 750 62 39 jag
701 750 168 40 förslaget
887 760 57 21 om
964 752 150 40 ändring
1133 763 44 21 av
1195 754 41 30 20
1258 754 49 36 $.>

199 890 334 32 Utmålssökandens
556 893 356 37 uppgiftsskyldighet
933 896 150 30 rörande
1105 896 194 37 jordägare.
1330 898 53 33 (21
1407 898 45 33 8.)

114 973 14 31 I
151 974 208 41 anslutning
379 976 53 30 till
455 977 66 30 vad
542 985 79 21 som
644 977 137 31 anförts
805 978 57 31 vid
886 978 19 30 6
931 979 16 36 $
972 979 19 30 2
1015 989 105 21 mom.
1145 980 37 35 3)
1210 982 66 30 har
1297 980 11 32 i
1333 982 39 30 21
1399 983 16 36 $
1443 984 14 28 1
1483 992 106 22 mom.

69 1022 36 36 4)
133 1025 68 29 och
225 1025 37 35 5)
292 1025 199 41 föreslagits
515 1026 71 31 viss
611 1026 138 32 lättnad
772 1028 12 31 i
810 1028 201 31 sökandens
1036 1031 363 41 uppgiftsskyldighet
1422 1033 12 30 i
1458 1033 63 31 fall
1546 1033 44 31 då

68 1073 96 32 känd
186 1076 146 39 styrelse
355 1076 83 31 eller
460 1076 191 32 förvaltare
674 1078 56 31 för
752 1078 167 32 samfälld
942 1080 103 30 mark
1068 1081 127 30 finnes.

108 1175 409 42 Departementschefen.
537 1178 96 29 »>Vad
650 1187 75 21 som
742 1179 137 30 anförts
895 1179 11 29 i
922 1180 206 41 anslutning
1143 1181 53 30 till
1214 1183 18 28 6
1251 1182 15 36 8
1285 1183 149 30 rörande
1451 1183 137 31 lättnad

66 1224 11 29 i
109 1224 401 41 inmutningssökandes
543 1228 365 40 uppgiftsskyldighet
941 1229 108 40 gäller
1081 1230 11 30 i
1124 1230 211 42 tillämpliga
1368 1233 97 30 delar
1500 1234 88 30 även

64 1274 225 32 beträffande
315 1277 159 30 ansökan
504 1287 57 21 om
587 1279 124 30 utmål.
738 1279 391 40 Utredningsmannens
1156 1282 135 41 förslag
1316 1283 53 30 till
1396 1284 192 40 ändringar

64 1325 72 30 121
162 1326 16 36 8
203 1326 14 29 1
241 1336 105 20 mom.
369 1327 36 35 4)
432 1328 65 30 och
519 1329 36 34 5)
581 1329 11 28 i
615 1339 48 20 nu
685 1329 148 31 berörda
853 1331 201 30 hänseende
1076 1331 198 41 tillstyrkas
1297 1334 152 31 därför.»

543 1463 281 30 Utmålskartans
842 1465 110 30 skala.
980 1466 53 32 (21
1055 1466 46 34 8.)

108 1543 14 30 I
140 1543 101 40 fråga
258 1554 58 20 om
334 1545 126 30 skalan
476 1546 21 30 å
514 1546 68 30 den
600 1546 11 29 i
632 1547 39 30 21
694 1547 16 37 8
730 1548 19 29 2
767 1557 106 21 mom.
893 1548 36 34 2)
953 1550 217 30 omnämnda
1189 1551 129 30 kartan
1336 1552 65 29 har
1417 1552 11 29 i
1448 1560 138 31 prome-

61 1594 138 29 morian
221 1595 149 34 anförts,
393 1597 52 28 att
467 1596 267 40 bergmästaren
754 1598 11 29 i
788 1607 106 22 norra
916 1598 180 32 distriktet
1119 1601 113 30 under
1253 1601 96 31 hand
1372 1601 138 36 uttalat,
1534 1605 52 28 att

61 1644 58 30 det
140 1645 57 30 väl
218 1645 12 29 i
253 1645 134 31 sådana
411 1647 73 34 fall,
508 1647 64 30 där
593 1648 130 39 många
748 1650 213 38 ägogränser
983 1659 81 22 vore
1088 1651 167 35 aktuella,
1280 1653 119 29 kunde
1422 1662 83 21 vara
1528 1653 57 30 be-

61 1694 134 40 hövligt
218 1698 81 29 med
323 1697 104 30 karta
451 1697 12 29 i
487 1698 100 30 skala
613 1708 57 20 om
695 1699 110 30 minst
833 1700 69 29 1:4
917 1700 74 30 000.
1017 1701 169 30 Däremot
1210 1703 115 30 skulle
1348 1703 12 29 i
1385 1704 111 30 andra
1520 1705 64 29 fall

61 1745 67 29 den
150 1755 43 21 av
214 1746 110 30 rikets
347 1747 180 31 allmänna
549 1749 169 30 kartverk
740 1750 145 39 utgivna
907 1751 232 31 ekonomiska
1164 1753 129 30 kartan
1314 1755 80 29 med
1416 1764 43 20 en
1484 1755 100 30 skala

60 1804 44 21 av
129 1796 92 30 1:10
236 1797 63 30 000
324 1798 74 30 ofta
422 1798 123 30 kunna
569 1801 81 29 med
677 1800 113 30 fördel
815 1801 181 30 användas
1022 1802 66 30 och
1112 1812 85 21 vara
1221 1803 200 40 tillräcklig.
1447 1805 138 39 Möjlig-

61 1846 59 31 het
144 1846 108 30 borde
276 1848 121 29 därför
421 1849 136 39 öppnas
581 1852 51 27 att
655 1851 163 29 använda
844 1852 100 31 skala
968 1861 57 20 om
1050 1853 109 30 minst
1187 1854 90 29 1:10
1293 1855 73 29 000.
1393 1856 49 29 På
1468 1856 113 38 grund

61 1895 109 30 därav
197 1896 190 40 föresloges
413 1898 67 29 den
507 1899 196 39 ändringen
730 1900 10 28 i
767 1901 38 29 21
837 1901 15 36 8
882 1902 18 28 2
927 1911 105 20 mom.
1063 1903 35 33 2)
1131 1905 51 27 att
1208 1900 374 48 kommerskollegium

61 1945 113 29 skulle
194 1946 124 30 kunna
337 1948 160 38 medgiva
579 1949 10 29 i
611 1950 162 38 speciella
794 1950 62 30 fall
878 1951 83 29 eller
981 1959 125 31 genom
1128 1953 152 30 särskild
1301 1954 221 33 instruktion
1536 1974 45 3 —

60 1996 51 29 att
130 2004 42 20 en
192 1996 98 30 skala
310 1998 19 29 å
348 1998 126 29 kartan
494 2008 57 19 om
571 1999 109 32 minst
704 2000 32 29 1:
756 2000 38 30 10
807 2001 63 29 000
890 2000 95 39 finge
1005 2003 192 29 användas.

299 2131 205 36 Delgivning
525 2141 43 20 av
590 2133 144 29 kallelse
756 2134 53 29 till
832 2135 351 37 utmålsförrättning.
1211 2137 54 32 (23
1289 2137 45 33 8.)

104 2212 124 31 Denna
247 2216 169 37 paragraf
437 2215 195 31 innehåller
654 2217 266 31 bestämmelser
943 2228 56 20 om
1021 2219 211 39 kungörelse
1255 2222 65 28 och
1343 2222 162 31 kallelser
1528 2225 53 28 rö-

59 2263 108 29 rande
191 2264 404 40 utmålsförrättningen.
621 2266 242 39 Kungörelsen
889 2268 90 30 skall
1004 2270 108 29 minst
1136 2271 119 29 treltio
1280 2272 107 37 dagar
1412 2272 74 30 före
1511 2273 70 30 för-

59 2312 203 39 rättningen
284 2313 136 31 införas
445 2315 10 29 i
480 2315 181 31 allmänna
685 2317 228 38 tidningarna
938 2319 65 28 och
1027 2319 11 29 i
1063 2320 138 39 tidning
1224 2321 11 28 i
1262 2323 109 27 orten.
1397 2322 183 39 Därjämte

60 2362 88 30 skall
167 2363 263 39 bergmästaren
448 2365 11 29 i
478 2365 309 31 rekommenderat
804 2367 84 29 brev
907 2369 79 29 med
1005 2370 337 39 mottagningsbevis
1362 2373 110 29 sända
1491 2373 89 29 kun-

59 2413 158 36 görelsen
237 2413 95 30 såväl
353 2414 51 29 till
425 2415 181 30 sökanden
626 2424 77 22 som
722 2417 52 29 till
794 2418 41 29 de
856 2418 180 39 sakägare,
1056 2419 95 30 vilka
1170 2420 143 38 jämlikt
1334 2422 38 29 21
1397 2422 15 37 8
1436 2423 14 28 1
1473 2432 105 20 mom.

58 2461 36 34 4)
122 2463 65 29 och
209 2463 37 34 5)
274 2464 176 39 uppgivits
470 2465 12 29 i
505 2465 245 40 ansökningen
773 2467 83 30 eller
878 2468 102 39 eljest
1003 2469 60 29 äro
1087 2469 55 30 för
1164 2470 263 40 bergmästaren
1451 2472 127 31 kända.

58 2512 13 29 I
94 2512 40 30 25
160 2513 15 36 $
202 2513 118 30 finnas
342 2514 266 31 bestämmelser
630 2525 57 21 om
711 2517 200 40 delgivning
934 2519 79 30 med
1036 2519 148 33 kronan.
