1894 2820
525 168 377 31 Jordbruksutskottets
931 167 177 31 utlåtande
1132 177 43 21 nr
1201 169 48 29 63.
1594 163 37 29 11

127 262 84 21 vara
236 253 165 30 förenade
425 253 80 30 med
532 262 43 22 en
599 252 414 37 föreståndarbefattning
1039 262 42 22 av
1105 253 93 30 detta
1222 252 81 36 slag,
1332 260 100 21 anser
1456 251 59 37 jag
1540 251 88 30 dock

125 307 51 27 att
198 303 239 37 befattningen
460 304 64 29 bör
548 303 139 32 förenas
712 303 80 30 med
815 306 47 27 ett
887 303 140 31 särskilt
1051 303 136 35 arvode,
1215 302 104 30 vilket
1341 303 11 30 i
1376 301 151 37 enlighet
1549 301 79 30 med

126 354 372 36 utredningsmannens
518 353 129 37 förslag
667 353 98 30 torde
785 353 85 30 böra
889 353 211 30 bestämmas
1123 352 50 30 till
1194 352 63 30 500
1277 351 128 31 kronor
1426 351 55 31 för
1501 350 47 33 år.
1569 351 59 30 Be-

127 404 177 31 träffande
325 404 354 36 andrelärartjänsten
700 403 59 30 vill
782 403 58 38 jag
861 402 144 31 förorda
1027 402 370 36 utredningsmannens
1421 401 130 37 förslag
1572 411 56 20 om

126 455 77 30 dess
224 455 175 36 placering
420 454 11 30 i
454 455 41 29 24
517 454 219 36 lönegraden,
759 453 64 37 Jag
844 453 59 31 vill
924 453 124 36 erinra,
1071 457 49 26 att
1141 453 113 31 denna
1275 452 105 37 tjänst
1400 452 12 30 i
1434 453 68 30 vad
1523 452 107 37 angår

127 505 291 36 undervisningen
445 506 39 29 är
513 505 71 30 lika
611 504 242 37 betydelsefull
882 513 74 21 som
986 503 370 37 föreståndartjänsten
1382 504 67 29 och
1476 505 49 28 att
1554 503 75 30 dess

127 556 210 30 innehavare
355 556 74 30 icke
448 555 56 31 får
524 555 208 31 karaktären
752 564 42 21 av
812 554 206 30 biträdande
1036 554 110 30 lärare
1164 557 85 28 utan
1267 554 157 30 kommer
1442 556 50 28 att
1509 553 119 36 tjänst-

127 608 83 35 göra
226 616 74 21 som
316 606 225 37 självständig
558 605 232 30 huvudlärare
806 604 10 30 i
833 604 75 31 sina
924 605 137 29 ämnen.
1079 604 53 30 En
1146 604 200 36 jämförelse
1361 604 80 30 med
1456 604 172 30 assistent-

128 656 192 36 tjänsterna
347 656 56 30 vid
426 656 268 36 skogsskolorna
719 655 66 30 blir
809 655 119 30 därför
951 654 237 37 missvisande,
1214 654 38 30 så
1275 655 137 35 mycket
1435 663 97 21 mera
1556 663 74 21 som

126 707 291 35 undervisningen
435 706 59 31 vid
510 707 105 35 högre
634 705 228 37 skogsskolan
879 704 109 31 måste
1008 704 89 37 ligga
1114 704 46 37 på
1178 707 47 28 ett
1240 704 166 37 betydligt
1423 704 108 36 högre
1546 704 84 36 plan

124 758 47 29 än
201 757 293 36 undervisningen
525 756 57 30 vid
612 756 278 36 skogsskolorna.
922 755 159 30 Rörande
1112 753 431 38 övningslärartjänsterna
1572 753 57 30 vid

127 808 267 36 skogsskolorna
421 808 66 29 har
514 806 88 31 årets
629 806 142 36 riksdag
797 805 126 31 bifallit
952 814 44 21 av
1025 804 123 37 Kungl.
1177 804 103 37 Maj:t
1308 804 165 37 framlagt
1501 804 129 36 förslag

124 868 58 22 om
201 859 100 29 dessa
319 858 160 36 tjänsters
498 857 175 36 placering
690 857 10 29 i
721 857 39 29 15
778 856 209 36 lönegraden
1003 859 90 26 samt
1110 864 57 21 om
1185 855 146 37 ändring
1347 865 42 21 av
1406 854 225 37 tjänstetiteln

126 909 50 30 till
194 909 225 36 yrkeslärare.
441 904 94 34 Även
554 907 282 36 övningsläraren
856 906 58 30 vid
934 909 128 28 statens
1082 907 105 35 högre
1207 905 202 37 skogsskola
1429 905 98 31 torde
1545 905 84 30 böra

126 960 155 36 placeras
298 960 11 29 i
327 960 37 29 15
380 958 219 36 lönegraden.
616 957 372 35 Befattningshavaren
1004 965 99 27 synes
1122 956 125 30 liksom
1264 956 243 30 motsvarande
1523 955 106 37 tjäns-

131 1011 115 29 temän
271 1010 57 30 vid
352 1010 267 35 skogsskolorna
642 1009 87 29 böra
752 1008 191 30 benämnas
967 1007 225 36 yrkeslärare.
1218 1006 164 36 Samtliga
1406 1005 144 37 tjänster
1575 1005 57 30 vid

129 1061 106 35 högre
258 1060 226 36 skogsskolan
506 1059 85 30 böra
613 1058 168 37 uppföras
805 1057 20 31 å
847 1061 96 27 extra
965 1057 173 30 ordinarie
1160 1061 76 28 stat.

171 1109 52 31 Då
243 1119 43 21 en
309 1110 166 29 avsevärd
495 1109 50 30 tid
566 1108 174 31 erfordras
761 1109 56 29 för
838 1108 281 37 organiserandet
1139 1117 43 21 av
1202 1107 342 30 skolverksamheten
1564 1106 65 30 och

126 1160 266 30 förberedandet
415 1169 44 21 av
481 1159 292 36 undervisningen
797 1158 56 31 vid
878 1158 67 30 den
968 1167 69 27 nya
1059 1157 223 36 skolformen,
1306 1157 63 30 bör
1391 1156 238 36 befattningen

126 1220 75 20 som
226 1210 237 31 föreståndare
487 1210 55 30 för
568 1210 121 29 skolan
714 1209 157 30 tillsättas
895 1208 107 31 redan
1027 1207 80 31 från
1129 1208 66 30 och
1219 1207 80 30 med
1327 1208 14 29 1
1368 1207 145 30 oktober
1534 1206 94 30 inne-

126 1261 152 31 varande
298 1260 46 31 år.
367 1256 94 34 Även
481 1261 107 30 andre
608 1260 137 30 läraren
766 1259 65 30 och
853 1258 284 37 övningsläraren
1156 1258 98 31 torde
1273 1258 152 29 behövas
1447 1256 115 37 någon
1581 1256 48 30 tid

125 1311 75 31 före
222 1312 145 29 kursens
387 1310 136 37 början,
545 1311 107 30 bland
674 1312 107 28 annat
803 1309 55 31 för
880 1311 49 29 att
950 1309 137 30 biträda
1109 1309 57 31 vid
1188 1308 441 36 undervisningsprogram-

122 1364 86 28 mets
222 1362 225 36 uppgörande
461 1362 66 30 och
541 1361 56 30 för
607 1363 48 27 att
666 1360 186 30 medverka
864 1359 57 30 vid
932 1359 222 36 intagningen
1166 1368 42 21 av
1220 1359 118 33 elever,
1355 1358 64 30 Det
1430 1367 101 27 synes
1543 1358 87 30 dock

126 1422 82 21 vara
236 1412 206 37 tillräckligt,
469 1421 58 21 om
553 1412 99 30 dessa
675 1411 113 30 lärare
814 1411 164 30 anställas
1003 1410 81 31 från
1108 1411 66 29 och
1200 1410 80 30 med
1308 1410 15 28 1
1350 1409 189 30 december.

170 1462 78 31 Med
271 1462 195 36 föreslagna
487 1461 400 36 lönegradsplaceringar
907 1460 87 30 böra
1016 1459 249 36 avlöningarna
1287 1459 53 30 för
1360 1459 139 29 lärarna
1519 1458 111 30 under

126 1513 100 30 nästa
246 1512 168 36 budgetår
432 1512 173 30 beräknas
627 1511 50 30 till
698 1514 47 27 ett
765 1511 125 35 belopp
913 1519 43 21 av
979 1510 37 29 11
1032 1510 62 30 000
1116 1510 129 29 kronor
1266 1512 88 27 samt
1372 1508 122 36 rörligt
1516 1507 114 36 tillägg

127 1563 19 30 å
168 1564 100 29 dessa
289 1562 203 36 avlöningar
512 1561 52 30 till
590 1562 14 29 1
620 1561 64 30 900
707 1561 139 31 kronor.
872 1560 67 30 För
962 1560 151 30 arvoden
1137 1559 51 30 till
1209 1559 111 30 lärare
1340 1558 12 30 i
1373 1558 256 36 specialämnen

125 1615 96 29 torde
246 1613 55 31 för
323 1614 97 30 nästa
441 1611 169 37 budgetår
632 1615 47 28 ett
701 1612 126 35 belopp
852 1620 43 21 av
920 1610 97 30 2500
1043 1610 128 30 kronor
1194 1619 82 21 vara
1298 1608 207 37 tillräckligt.
1530 1608 100 30 Emot

125 1665 57 30 det
199 1664 196 36 föreslagna
413 1663 142 30 arvodet
576 1662 20 31 å
613 1663 19 29 3
646 1662 64 30 000
728 1663 130 29 kronor
875 1661 50 30 till
944 1670 42 21 en
1005 1660 194 38 befattning
1218 1669 73 21 som
1311 1659 234 31 vaktmästare
1564 1659 65 30 och

124 1714 183 37 gårdskarl
326 1715 64 29 har
409 1713 58 37 jag
486 1713 83 30 intet
589 1715 48 28 att
656 1712 124 30 erinra.

171 1764 300 36 Avlöningsstaten
496 1763 56 30 för
573 1765 127 28 statens
727 1763 105 35 högre
854 1762 201 36 skogsskola
1080 1761 109 30 skulle
1211 1761 57 29 vid
1291 1760 97 30 bifall
1412 1760 51 30 till
1485 1759 66 31 vad
1572 1759 55 37 jag

128 1816 9 29 i
156 1815 56 30 det
231 1814 205 36 föregående
458 1814 156 29 förordat
632 1814 143 29 komma
796 1815 49 27 att
863 1812 53 30 för
939 1811 200 36 budgetåret
1161 1807 140 36 1944/45
1324 1809 131 31 erhålla
1475 1809 153 37 följande

127 1865 174 31 utseende.

172 1916 117 30 Under
309 1924 40 21 en
369 1915 216 35 anslagspost
605 1913 50 30 till
674 1913 151 30 arvoden
849 1913 64 29 och
934 1912 168 30 särskilda
1125 1912 238 35 ersättningar,
1383 1911 180 30 bestämda
1586 1921 41 20 av

129 1965 123 41 Kungl.
281 1964 108 37 Maj:t,
419 1964 97 30 torde
542 1964 84 29 böra
653 1966 170 34 upptagas
850 1965 45 28 ett
923 1963 126 36 belopp
1075 1971 41 20 av
1142 1962 98 30 3000
1267 1963 137 33 kronor,
1432 1961 107 30 därav
1565 1962 62 29 500

127 2017 130 28 kronor
275 2015 50 29 till
342 2015 126 30 arvode
486 2013 35 31 åt
539 2013 261 31 föreståndaren
820 2013 55 29 vid
896 2013 123 30 skolan
1039 2015 87 27 samt
1147 2013 18 28 2
1180 2012 63 30 500
1260 2013 128 28 kronor
1409 2012 50 29 till
1477 2012 150 29 arvoden

127 2065 34 31 åt
189 2067 111 29 lärare
322 2065 10 30 i
358 2065 265 37 specialämnen.
660 2064 69 30 För
753 2063 201 36 avlöningar
977 2063 52 30 till
1052 2062 263 31 icke-ordinarie
1340 2062 160 37 personal
1525 2070 102 28 synas

126 2117 86 29 böra
235 2116 170 30 beräknas
432 2115 146 37 tillhopa
604 2115 38 29 14
656 2115 64 29 000
747 2115 137 29 kronor.
920 2114 50 29 Av
998 2113 214 30 sistnämnda
1236 2113 123 36 belopp
1384 2121 97 21 avses
1512 2113 35 28 11
1564 2112 63 30 000

127 2167 129 29 kronor
276 2166 50 29 till
345 2166 203 35 avlöningar
567 2165 41 37 åt
621 2164 272 35 föreståndaren,
914 2164 108 29 andre
1042 2163 136 30 läraren
1197 2164 66 29 och
1283 2162 239 36 yrkesläraren
1541 2165 89 26 samt

127 2217 19 29 3
160 2217 64 29 000
248 2217 128 28 kronor
401 2215 50 30 till
474 2215 161 35 avlöning
659 2214 33 30 åt
717 2224 42 20 en
783 2214 233 29 vaktmästare
1042 2213 64 30 och
1130 2212 187 37 gårdskarl.
1359 2212 123 30 Posten
1510 2211 117 36 rörligt

127 2265 117 36 tillägg
263 2266 96 29 torde
378 2265 158 35 slutligen
558 2265 84 30 böra
661 2264 168 38 uppföras
850 2264 78 29 med
950 2264 14 28 1
981 2264 63 29 900
1066 2264 137 28 kronor.

172 2315 237 35 Sammanlagt
434 2315 111 29 skulle
572 2313 145 31 sålunda
746 2314 54 29 för
826 2313 204 35 avlöningar
1056 2312 56 29 vid
1137 2315 127 27 statens
1292 2312 104 35 högre
1426 2311 201 36 skogsskola

127 2365 134 30 behöva
281 2364 136 30 anvisas
438 2367 49 27 ett
507 2364 125 37 belopp
654 2373 42 20 av
723 2362 31 34 (3
768 2364 63 29 000
850 2361 31 30 +
903 2363 38 29 14
956 2363 64 29 000
1040 2360 30 30 +
1092 2363 12 28 1
1122 2362 63 30 900
1198 2358 58 40 =)
1284 2362 38 29 18
1335 2362 63 29 900
1422 2362 138 29 kronor.

170 2416 12 29 I
204 2415 197 36 anslutning
423 2414 51 30 till
495 2414 66 30 vad
582 2414 355 36 utredningsmannen
958 2412 176 37 föreslagit
1155 2421 100 27 synes
1275 2411 55 31 för
1347 2410 222 32 bestridande
1588 2419 42 21 av
