2241 2748
703 208 82 37 Lag-
796 203 177 46 Utskottets
987 207 167 31 Utlåtande
1178 208 59 29 N:o
1261 209 49 29 24.
1723 207 35 29 15

214 293 312 49 vandlingsstraff
551 294 66 36 der
645 299 60 32 må
731 295 123 36 kunna
884 295 200 46 undergås,
1112 294 240 49 hvarigenom
1382 294 195 51 betydliga
1604 293 202 36 kostnader

204 344 57 37 för
289 346 226 36 statsverket
543 347 119 35 skulle
692 347 226 48 inbesparas.

342 396 132 38 Såsom
515 398 122 35 vilkor
678 397 58 36 för
777 399 193 35 besvärets
1012 396 290 51 öfverflyttande
1345 400 47 46 på
1424 403 121 30 staten
1579 396 107 37 torde
1716 395 89 37 böra

210 449 243 43 bestämmas,
496 455 53 30 att
590 449 44 35 de
675 462 47 23 nu
766 449 368 49 byggnadsskyldige
1178 448 239 36 derförinnan
1459 449 102 35 skola
1594 448 57 36 till
1684 452 119 31 staten

209 500 156 36 aflemna
406 499 285 48 ifrågavarande
734 501 218 48 byggnader
985 501 9 35 i
1030 499 159 49 laggildt
1222 500 111 35 skick.
1388 499 55 37 Då
1470 500 112 35 likväl
1612 502 46 45 på
1687 502 117 45 några

209 551 134 35 ställen
373 551 233 48 tingshusen,
635 555 120 32 såsom
787 551 153 36 afsedda
969 550 107 37 äfven
1106 550 57 35 för
1192 550 114 36 andra
1335 551 185 44 ändamål,
1543 556 25 30 t.
1590 563 57 23 ex.
1669 549 134 36 bostad

207 601 57 36 för
304 601 292 46 distriktläkare,
638 603 101 35 lokal
781 602 56 36 för
877 602 185 49 sparbank
1098 615 32 22 0.
1165 615 27 22 s.
1226 615 45 30 V.,
1307 609 63 28 äro
1404 608 118 30 större
1552 609 43 28 än
1625 600 178 37 behofvet

208 653 108 47 eljest
357 652 162 45 kräfver,
562 666 110 36 synes
712 654 218 47 billigheten
972 653 137 44 fordra,
1144 658 52 30 att
1229 653 115 36 saken
1377 653 66 36 der
1470 654 165 47 regleras
1664 655 46 45 på
1740 651 64 37 det

208 709 86 39 sätt,
335 709 55 31 att
431 704 58 35 till
530 709 122 31 staten
687 703 247 38 öfverlemnas
969 704 129 36 endast
1127 704 45 36 de
1200 703 152 46 lokaler,
1381 717 79 23 som
1488 703 57 37 för
1575 703 61 36 det
1664 703 138 47 ifråga-

206 754 163 37 varande
404 755 308 36 statsändamålet
747 763 63 28 äro
843 755 198 46 behöfliga.
1096 754 53 36 På
1179 754 44 36 de
1252 755 131 36 ställen
1414 758 92 40 åter,
1536 754 66 36 der
1629 754 173 47 tingshus

206 806 80 36 icke
330 806 121 35 finnas
486 806 69 36 och
589 806 150 36 hvarest
773 805 428 49 rättsförhandlingarne
1231 805 117 37 hållas
1376 806 9 35 i
1414 805 208 43 skolhuset,
1650 804 153 37 socken-

206 863 137 41 stugan
385 857 90 35 eller
516 870 118 23 annan
670 857 123 36 dertill
828 858 180 48 upplåten
1044 858 90 35 eller
1162 856 154 49 förhyrd
1345 857 113 43 lokal,
1487 870 109 36 synes
1626 855 62 36 det
1714 854 89 38 fort-

207 907 156 36 farande
404 907 87 36 böra
533 908 200 37 ankomma
766 912 47 44 på
846 908 284 48 menigheterna
1159 913 53 30 att
1240 908 131 47 sjelfva
1399 908 211 47 ombesörja
1639 907 68 35 och
1735 907 68 36 be-

203 959 110 36 kosta
340 958 381 38 tillhandahållandet
749 959 39 36 af
811 960 155 47 tjenliga
985 959 228 47 lägenheter,
1233 959 58 35 till
1313 958 84 37 dess
1418 957 383 38 öfverenskommelse

207 1010 71 36 kan
313 1009 128 37 träffas
477 1023 59 23 om
568 1010 69 36 den
667 1012 209 46 ersättning
903 1010 58 36 för
989 1010 189 36 besvärets
1208 1009 278 49 öfvertagande,
1515 1023 81 23 som
1626 1010 177 47 möjligen

204 1061 73 36 kan
307 1074 105 23 anses
441 1062 89 35 böra
558 1062 57 35 till
643 1068 122 30 staten
795 1065 101 45 utgå.

340 1111 69 37 Om
453 1112 208 36 emellertid
705 1113 284 48 menvigheterna
1022 1115 47 45 på
1102 1111 129 37 landet
1263 1111 136 37 befrias
1432 1111 80 36 från
1541 1110 263 50 skyldigheten

206 1168 54 31 att
301 1163 101 36 hålla
442 1164 174 47 tingshus
659 1164 64 35 och
766 1164 303 47 häradsfängelse
1111 1163 66 35 och
1221 1162 102 37 detta
1365 1176 93 23 onus
1492 1162 235 50 öfverflyttas
1755 1165 49 46 på

204 1214 237 45 statsverket,
484 1215 150 36 komma
667 1216 240 47 naturligtvis
936 1215 108 35 äfven
1074 1214 172 36 städerna
1274 1219 53 30 att
1354 1215 11 34 i
1394 1215 55 35 sin
1476 1216 86 34 mån
1591 1213 127 36 dertill
1745 1213 58 36 bi-

208 1265 123 48 draga.
385 1265 177 37 Deremot
603 1279 90 23 vore
735 1267 221 47 visserligen
998 1266 96 35 intet
1135 1270 55 30 att
1222 1273 99 39 säga,
1356 1278 60 23 om
1450 1266 32 47 ej
1512 1264 174 37 städerna
1713 1277 90 24 vore

205 1315 225 45 förbundna,
472 1323 55 30 att
567 1316 130 49 sjelfva
737 1317 125 50 bygga
901 1317 79 35 sina
1014 1316 194 36 domstols-
1243 1316 67 36 och
1342 1315 320 50 fängelselokaler.
1717 1315 86 37 Men

203 1367 85 36 med
330 1367 266 37 bibebållande
640 1368 39 36 af
708 1368 123 36 denna
864 1367 224 37 förbindelse
1118 1367 252 36 oförminskad
1397 1368 181 48 gestaltar
1605 1367 57 48 sig
1689 1367 114 37 saken

207 1418 244 45 annorlunda,
495 1419 67 36 och
605 1420 183 36 rättvisan
823 1418 151 37 kräfver
1007 1424 55 30 att
1089 1421 125 45 någon
1239 1419 197 48 jemkning
1463 1419 221 35 härutinnan
1715 1431 88 34 eger

205 1482 95 23 rum.
353 1469 16 36 I
402 1468 213 38 Utskottets
648 1471 111 35 tanke
794 1471 83 35 sker
909 1483 43 22 en
981 1469 114 36 sådan
1123 1470 204 48 lämpligen
1356 1469 224 50 dymedelst,
1609 1475 55 30 att
1692 1474 110 31 stats-

206 1520 133 37 verket
381 1524 129 44 åtager
550 1522 56 46 sig
648 1527 53 30 att
730 1522 139 47 jemväl
904 1520 221 36 underhålla
1157 1521 276 45 stadshäktena,
1461 1520 124 37 hvilka
1613 1521 76 36 lika
1716 1521 86 36 med

206 1571 375 49 häradsfängelserna
623 1580 64 29 äro
729 1572 156 36 afsedda
926 1572 237 36 uteslutande
1194 1573 58 34 till
1280 1571 150 49 fångars
1458 1571 234 37 förvarande.
1746 1572 55 37 De

203 1623 58 36 för
288 1623 176 36 städerna
493 1623 262 49 egendomliga
786 1622 256 37 förhållanden
1074 1636 110 35 synas
1213 1623 170 36 deremot
1402 1623 230 36 fortfarande
1651 1623 151 49 betinga

204 1673 218 49 skyldighet
456 1673 57 37 för
546 1675 84 35 dem
666 1680 53 30 att
753 1677 121 32 såsom
906 1674 131 35 hittills
1068 1674 255 48 upprätthålla
1351 1673 133 48 sjelfva
1512 1673 289 38 domstolsloka-

201 1726 115 35 lerna.
370 1724 119 37 Dessa
529 1726 144 35 lokaler
713 1726 188 47 begagnas
943 1725 187 47 nemligen
1173 1726 10 34 i
1225 1725 206 36 allmänhet
1459 1724 106 37 äfven
1596 1725 54 35 till
1680 1725 120 36 admi-

203 1776 196 36 nistrativa
446 1776 186 44 ändamål,
680 1777 52 35 till
776 1775 336 37 sammankomster
1153 1778 8 33 i
1206 1776 241 36 kommunala
1488 1776 313 48 angelägenheter

203 1841 30 22 0.
275 1840 24 23 8
340 1840 32 23 v.
430 1826 121 38 Också
592 1835 63 28 äro
696 1827 259 48 fordringarne
989 1827 7 34 1
1028 1826 173 37 afseende
1231 1831 46 45 på
1306 1828 207 35 lokalernas
1542 1826 259 38 beskaffenhet

203 1879 54 35 uti
298 1878 178 37 städerna
517 1878 89 37 vida
647 1885 118 30 större
800 1887 44 27 än
882 1883 46 43 på
961 1878 271 50 landsbygden,
1266 1879 152 35 hvartill
1447 1878 170 36 kommer
1646 1884 55 31 att
1728 1885 72 29 stä-

204 1930 113 35 derna
354 1931 141 47 åtnjuta
526 1930 96 36 vissa
652 1930 177 35 särskilda
861 1930 186 36 förmåner
1070 1930 78 47 just
1177 1930 82 35 med
1291 1929 170 36 afseende
1491 1932 20 33 å
1539 1929 260 49 förpligtelsen

201 1986 55 31 att
283 1980 130 48 sjelfva
441 1981 205 48 uppehålla
673 1981 284 36 rättsväsendet.

333 2031 53 37 På
413 2032 124 48 grund
569 2031 38 36 af
633 2032 93 35 hvad
758 2032 149 36 anfördt
936 2032 125 36 blifvit
1090 2032 67 36 och
1185 2032 85 36 med
1299 2031 268 37 föranledande
1597 2031 38 36 af
1659 2032 141 36 Herrar

202 2081 214 38 Hasselrots
445 2083 68 35 och
544 2080 153 38 Olssons
725 2084 199 42 motioner,
953 2083 56 36 får
1036 2082 195 37 Utskottet
1260 2082 190 36 vördsamt
1480 2083 208 44 hemställa,

511 2136 57 35 1:o
598 2139 55 30 att
686 2133 211 49 Biksdagen
935 2137 116 33 måtte
1088 2135 8 34 i
1133 2134 234 46 underdånig
1395 2133 208 45 skrifvelse,
1633 2134 84 36 med
1743 2139 56 31 ut-

596 2184 150 36 talande
782 2184 39 36 af
850 2185 72 36 den
958 2185 96 47 åsigt
1083 2190 55 30 att
1166 2191 120 30 staten
1314 2185 67 35 bör
1410 2184 193 49 öfvertaga
1631 2185 166 48 skyldig-

595 2235 112 36 heten
749 2241 55 30 att
837 2236 124 49 bygga
998 2236 68 35 och
1094 2235 221 37 underhålla
1343 2236 174 48 tingshus
1548 2236 67 35 och
1646 2236 151 36 härads-

594 2285 183 48 fängelse,
810 2290 40 32 så
884 2288 69 35 ock
987 2286 231 45 stadshäkte,
1252 2287 159 44 anhålla,
1446 2292 51 30 att
1532 2286 130 49 Kongl.
1692 2287 105 48 Maj:t
