2099 2646
349 188 19 30 2
480 184 119 32 Första
624 182 212 32 Kammarens
862 178 181 45 Tillfälliga
1073 177 137 34 Utskotts
1234 177 78 42 (N:o
1334 178 35 36 2)
1400 174 175 32 Utlåtande
1599 175 64 31 N:o
1685 174 51 31 18.

312 266 244 39 öfverlåtelse
596 264 111 38 deraf
739 262 170 37 anmälas
951 260 64 36 vid
1049 259 96 36 först
1176 256 231 38 inträffande
1437 255 303 50 bolagsstämma
1764 259 100 32 samt
1890 254 13 37 i

309 334 49 24 en
400 319 108 37 öfver
548 318 248 48 aktieegarne
840 315 83 36 förd
956 311 243 50 registerbok
1242 309 221 38 antecknas.
1519 308 232 49 Aktieegare
1794 306 109 38 skola

308 386 92 24 vara
428 372 13 37 1
470 371 163 49 Sverige
661 371 163 43 bosatta;

444 426 75 46 6:0)
560 421 335 48 Bankaktiebolag
936 420 129 36 kunna
1106 418 146 37 erhålla
1294 416 123 48 oktroj
1453 418 49 47 på
1544 414 116 48 högst
1697 413 110 48 tjugu
1842 415 60 34 års

309 478 70 48 tid,
408 477 71 37 och
504 477 77 36 kan
610 473 250 50 förlängning
888 472 90 37 derå
1006 472 165 48 begäras
1200 470 115 36 innan
1342 468 175 37 nittonde
1543 469 80 34 året
1643 465 261 48 tilländagått;

311 536 101 32 samt

442 585 75 43 7:0)
545 579 315 39 Aktiebankerna
890 577 72 38 och
991 576 110 37 deras
1130 573 349 51 bolagsordningar
1507 572 110 37 skola
1646 570 207 37 stadfästas
1869 568 42 38 af

309 635 141 49 Kongl.
478 635 109 49 Maj:t
615 633 71 37 och
711 632 122 37 deruti
860 632 153 47 intagas
1042 629 177 49 gällande
1247 625 292 39 bestämmelser
1559 638 59 23 om
1640 621 266 50 berättigande

309 688 60 36 för
410 686 343 46 finansministern,
797 682 353 48 bankinspektören
1175 679 71 37 och
1275 679 167 35 kronans
1472 677 142 36 ombud
1643 682 56 30 att
1727 680 68 31 när
1824 688 82 22 som

311 739 106 38 helst
444 744 91 44 taga
564 737 217 37 kännedom
811 749 61 23 om
901 732 387 48 bankinrättningens
1318 729 195 49 ställning.

441 999 209 48 Samtidigt
679 998 85 36 med
793 1011 50 23 nu
873 994 250 39 omförmälda
1147 992 145 37 motion
1313 990 161 37 väcktes
1497 989 41 36 af
1554 1001 145 24 samme
1718 987 191 36 motionär

312 1053 146 48 förslag
488 1066 60 22 om
577 1051 190 37 aflåtande
797 1051 41 35 af
856 1048 241 47 underdånig
1125 1045 204 38 skrifvelse
1358 1043 58 36 till
1446 1041 142 49 Kongl.
1610 1040 107 49 Maj:t
1737 1039 87 37 med
1843 1039 65 36 be-

313 1111 121 45 gäran
476 1118 60 24 om
580 1102 245 51 granskning
865 1101 42 37 af
930 1100 179 49 gällande
1137 1096 294 38 bestämmelser
1459 1093 200 49 angående
1689 1091 222 48 aktiebolag

314 1173 48 21 m.
393 1171 61 31 m.,
493 1156 147 36 hvilket
669 1155 146 47 förslag
842 1154 125 35 blifvit
995 1150 236 39 behandladt
1259 1149 42 36 af
1323 1149 139 35 Första
1490 1146 254 36 Kammarens
1772 1144 138 36 Första

313 1209 213 48 Tillfälliga
566 1207 160 38 Utskott
766 1206 54 36 uti
862 1205 88 37 dess
982 1203 206 39 Utlåtande
1221 1201 72 36 N:o
1323 1202 34 34 2.
1413 1199 58 36 Då
1495 1196 242 37 sistnämnda
1765 1195 146 47 förslag

313 1262 132 50 utgick
487 1261 83 36 från
610 1260 66 36 det
716 1258 262 45 förmenande,
1020 1262 55 30 att
1103 1252 295 39 bankväsendet
1440 1253 126 33 såsom
1605 1262 47 23 en
1681 1243 226 57 specialitet,

314 1314 156 38 hvilken
512 1311 173 38 tarfvade
727 1311 60 36 sin
823 1323 98 35 egen
963 1307 258 50 lagstiftning,
1263 1304 85 37 icke
1390 1302 99 37 varit
1526 1301 124 37 afsedt
1677 1300 13 36 i
1721 1301 97 35 1848
1848 1301 60 34 års

313 1365 325 49 aktiebolagslag,
664 1363 71 37 och
765 1362 46 36 då
835 1362 187 47 förslaget
1049 1360 12 36 i
1091 1359 117 48 öfrigt
1237 1357 109 48 afsåg
1374 1368 46 24 en
1441 1367 105 23 mera
1567 1351 237 39 omfattande
1824 1351 84 49 lag-

314 1419 193 46 stiftning,
552 1422 48 31 än
643 1416 73 36 den
760 1414 192 49 speciella,
982 1426 81 23 som
1092 1412 12 36 i
1132 1425 51 22 nu
1212 1407 252 39 förevarande
1494 1405 145 37 motion
1669 1399 239 57 omhandlas,

316 1474 121 45 ansåg
465 1469 201 38 Utskottet
693 1468 63 48 sig
783 1467 93 36 böra
905 1465 209 51 uppskjuta
1143 1461 287 47 behandlingen
1460 1459 42 36 af
1525 1458 73 37 den
1619 1469 134 25 senare
1773 1455 136 49 frågan

315 1524 58 36 till
403 1523 87 36 dess
520 1522 74 36 den
623 1521 102 35 förra
752 1519 126 36 blifvit
906 1519 43 35 af
968 1518 210 36 Kamrarne
1204 1513 183 48 slutligen
1417 1510 162 50 afgjord.
1628 1508 126 37 Sedan
1774 1508 137 35 Första

314 1576 232 36 Kammaren
589 1572 139 38 bifallit
770 1584 88 23 men
902 1569 131 37 Andra
1066 1568 233 37 Kammaren
1332 1564 157 47 afslagit
1517 1563 73 35 den
1618 1562 13 35 i
1660 1559 251 38 omförmälda

316 1627 226 38 Utlåtandet
582 1625 73 36 N:o
684 1627 21 33 2
736 1623 220 48 föreslagna
984 1619 265 48 underdåniga
1274 1616 211 43 skrifvelse,
1514 1614 71 36 och
1614 1613 137 48 frågan
1780 1612 131 35 derom

316 1679 163 37 sålunda
521 1678 65 36 vid
628 1675 258 37 innevarande
928 1673 160 48 riksdag
1129 1670 170 47 förfallit,
1343 1669 70 35 har
1436 1667 105 36 tiden
1571 1670 111 44 synts
1711 1663 202 38 Utskottet

319 1745 90 23 vara
437 1732 91 35 inne
558 1730 58 35 för
644 1727 239 48 behandling
912 1727 41 35 af
977 1725 259 37 motionärens
1265 1735 50 22 nu
1344 1717 295 51 ifrågavarande
1668 1716 157 48 förslag.

422 1784 67 35 Att
517 1782 104 36 detta
649 1781 13 35 i
692 1779 195 48 åtskilliga
916 1777 158 49 angifna
1102 1773 319 49 hufvudgrunder
1452 1771 59 35 väl
1528 1775 214 31 motsvarar
1758 1766 155 37 dermed

319 1835 174 50 åsyftade
535 1833 178 37 ändamål
756 1832 65 35 vill
862 1830 200 38 Utskottet
1104 1828 107 36 desto
1253 1825 148 36 mindre
1440 1822 174 47 förneka,
1656 1834 83 23 som
1768 1830 146 26 samma

320 1886 322 49 hufvudgrunder
670 1883 119 37 redan
818 1882 136 36 vunnit
982 1880 246 49 tillämpning
1254 1878 13 36 i
1295 1878 46 35 de
1370 1879 49 46 på
1443 1887 137 24 senare
1600 1873 100 36 tider
1722 1871 40 37 af
1772 1870 142 48 Kongl.

317 1940 121 49 Maj:t,
477 1938 87 36 med
598 1937 85 36 stöd
712 1935 42 37 af
780 1936 96 35 1848
913 1938 60 32 års
1003 1930 322 49 aktiebolagslag,
1355 1928 58 36 för
1442 1925 252 38 aktiebanker
1723 1921 190 50 beviljade

319 1992 170 48 oktrojer
513 1990 72 36 och
614 1988 202 37 faststälda
843 1984 360 50 bolagsordningar.
1257 1981 18 37 I
1304 1981 46 36 de
1370 1978 249 38 hänseenden
1646 1973 270 50 åter,
1754 1969 20 61 i
1793 1973 123 50 hvilka

318 2044 197 36 motionen
539 2047 192 44 upptager
760 2052 74 36 nya
863 2036 293 38 bestämmelser
1180 2034 151 37 utöfver
1350 2033 46 36 de
1412 2031 160 37 sålunda
1588 2028 118 37 redan
1723 2025 194 51 praktiskt

319 2095 235 50 tillämpade,
597 2094 107 36 torde
747 2090 241 48 berättigade
1020 2086 236 39 tvifvelsmål
1284 2099 62 23 om
1374 2085 47 36 de
1450 2096 77 35 nya
1554 2075 363 57 bestämmelsernas

321 2147 239 49 behöflighet
588 2146 71 36 och
689 2142 372 48 ändamålsenlighet
1087 2139 209 49 ingalunda
1322 2136 151 37 saknas.
1529 2134 84 36 Den
1642 2130 276 47 efterbildning

321 2201 42 36 af
395 2199 297 49 lagstiftningen
726 2196 57 36 för
812 2195 175 36 enskilda
1016 2190 334 50 sedelutgifvande
1380 2188 157 46 banker,
1567 2199 82 23 som
1677 2183 240 37 motionären

321 2253 114 41 velat,
479 2265 59 23 om
582 2250 70 36 ock
693 2249 12 36 i
749 2247 221 37 modifierad
1013 2246 109 47 form,
1164 2243 115 37 hafva
1304 2239 199 50 tillämpad
1531 2241 48 46 på
1607 2238 46 36 de
1680 2236 85 37 icke
1795 2233 124 38 sedel-

321 2303 227 50 utgifvande
592 2301 313 45 aktiebankerna,
949 2298 223 36 förutsätter
1200 2309 46 22 eu
1282 2292 268 48 likställighet,
1579 2303 80 23 som
1690 2286 229 48 visserligen

323 2356 172 37 hvarken
537 2353 210 48 berättigas
777 2352 93 36 eller
900 2350 176 48 betingas
1105 2348 42 37 af
1169 2348 46 36 de
1244 2346 102 36 olika
1375 2343 330 37 bankinstitutens
1734 2338 186 46 ställning
