2218 2634
480 210 19 30 2
716 212 242 31 Sammansatta
983 213 97 32 Stats-
1104 214 53 31 och
1179 214 234 40 Laqutskottets
1443 216 169 34 Utlåtande
1634 220 62 31 N:o
1721 221 30 30 2.

539 295 71 36 Till
638 296 212 49 åberopade
879 299 421 49 statsrådsprotokollet
1327 300 67 37 har
1422 301 280 50 föredragande
1728 305 300 50 departements-

434 346 135 37 chefen
608 348 152 46 erinrat,
793 349 179 38 hurusom
1000 350 231 50 Riksdagen,
1261 352 84 37 med
1374 352 208 51 anledning
1611 356 41 36 af
1675 357 103 37 inom
1806 358 221 50 Riksdagen

434 399 134 36 väckta
595 400 197 47 motioner,
820 401 12 35 i
861 402 200 37 skrifvelse
1089 404 56 36 till
1178 403 138 49 Kongl.
1345 405 108 48 Maj:t
1482 406 72 37 den
1577 409 42 34 11
1643 410 72 48 maj
1742 412 95 34 1896
1858 411 169 48 anhållit,

433 450 63 36 det
524 451 147 36 täcktes
703 452 137 48 Kongl.
871 453 106 50 Maj:t
1005 454 74 37 låta
1106 455 206 37 verkställa
1339 457 217 50 utredning,
1587 472 58 23 om
1667 461 71 36 och
1758 462 120 36 under
1898 462 130 38 hvilka

432 502 122 36 vilkor
596 503 189 37 ordinarie
826 504 120 37 lärare
976 506 63 36 vid
1067 507 191 37 folkskola
1286 507 128 48 borde,
1444 511 150 36 utöfver
1621 525 50 22 nu
1700 512 195 39 bestämda
1922 514 106 38 löne-

432 554 201 48 förmåner,
673 555 140 37 erhålla
841 563 52 30 ett
921 558 118 36 andra
1067 559 259 49 ålderstillägg
1355 566 98 31 samt
1481 562 58 36 för
1567 562 217 51 Riksdagen
1814 566 213 49 framlägga

432 606 65 36 det
523 606 157 50 förslag,
710 607 151 37 hvartill
889 611 377 48 omständigheterna
1294 612 124 37 kunde
1446 613 205 39 föranleda.

535 658 174 37 Rörande
739 659 64 37 det
830 661 11 35 i
870 660 240 50 Riksdagens
1131 663 200 37 skrifvelse
1352 665 250 38 omförmälda
1621 667 140 37 ärende
1782 669 106 48 hade,
1906 670 121 49 enligt

429 710 101 36 hvad
573 710 419 50 departementschefen
1029 715 200 47 meddelat,
1258 715 205 39 infordrats
1492 717 191 38 utlåtande
1713 719 81 37 från
1824 722 202 37 öfverståt-

430 761 311 39 hållareembetet
784 765 68 36 och
895 765 140 49 Kongl.
1078 766 127 49 Maj:ts
1248 767 422 50 befallningshafvande
1712 771 12 36 i
1765 772 46 37 de
1840 774 186 37 särskilda

429 813 125 48 länen,
597 815 258 49 domkapitlen
896 817 11 34 i
949 817 98 36 riket
1089 819 70 35 och
1202 818 240 38 Stockholms
1486 822 103 36 stads
1626 823 272 38 konsistorium
1928 831 98 32 samt

429 865 239 38 direktionen
699 868 108 36 öfver
835 867 359 40 folkskolelärarnes
1224 871 403 52 pensionsinrättning.

533 918 139 49 Kongl.
710 919 127 49 Maj:ts
865 920 425 50 befallningshafvande
1319 924 9 35 i
1359 923 291 39 Vestmanlands
1680 927 70 36 och
1780 928 244 38 Vesternorr-

429 969 108 37 lands
575 970 62 36 län
675 977 98 31 samt
810 972 258 49 domkapitlen
1105 973 11 36 i
1156 974 139 49 Upsala
1325 975 69 37 och
1424 976 179 38 Vesterås
1631 978 98 37 hade
1757 979 183 49 förordat,
1970 987 55 31 att

428 1021 73 36 den
543 1022 40 36 af
617 1022 217 50 Riksdagen
873 1024 141 36 äskade
1052 1026 254 49 utredningen
1334 1030 116 34 måtte
1480 1029 117 36 blifva
1625 1031 211 48 företagen,
1865 1033 160 37 hvarvid

428 1073 261 50 domkapitlen
719 1088 81 23 som
831 1076 55 36 sin
913 1076 157 49 mening
1089 1078 145 47 uttalat,
1256 1084 64 42 att,
1341 1080 86 36 med
1448 1089 115 40 tagen
1583 1082 149 49 hänsyn
1752 1084 56 36 till
1828 1080 194 58 behofvet,

426 1125 84 36 icke
538 1126 75 36 lika
641 1127 103 48 goda
774 1128 81 36 skäl
883 1128 127 36 kunde
1040 1130 152 36 anföras
1222 1130 60 36 för
1309 1137 54 30 att
1391 1131 139 50 bevilja
1555 1138 53 31 ett
1628 1135 117 36 andra
1765 1135 260 51 ålderstillägg

427 1180 37 33 åt
492 1177 210 38 lärarinnor
730 1192 82 23 som
842 1184 36 31 åt
905 1180 133 47 lärare,
1068 1181 126 37 hvilka
1224 1182 236 38 sistnämnda
1488 1186 9 34 i
1528 1186 129 45 regeln
1688 1186 96 37 hade
1813 1188 117 50 familj
1967 1195 55 31 att

426 1229 232 48 underhålla,
688 1231 71 36 och
788 1237 54 30 att
869 1232 84 36 icke
984 1232 119 37 heller
1131 1233 73 36 alla
1231 1234 166 50 manliga
1422 1236 132 47 lärare,
1574 1238 42 35 af
1632 1238 128 37 hvilka
1779 1242 137 46 många
1936 1241 86 37 med

428 1283 58 34 sin
513 1281 242 50 läraretjenst
782 1283 180 37 förenade
992 1285 116 36 andra
1139 1285 268 50 befattningar,
1429 1294 132 43 syntes
1581 1302 90 25 vara
1690 1290 12 35 i
1721 1292 165 48 verkligt
1906 1293 119 36 behof

427 1333 41 36 af
507 1333 133 37 sådant
682 1334 271 50 ålderstillägg.
1011 1336 259 51 Domkapitlet
1297 1339 12 35 i
1337 1338 179 39 Vesterås
1544 1340 96 37 hade
1669 1342 183 49 derjemte
1881 1350 139 41 ansett,

426 1390 55 31 att
522 1398 47 23 en
611 1387 71 35 och
724 1400 123 23 annan
880 1388 120 36 lärare
1029 1388 82 37 icke
1141 1390 124 36 kunde
1294 1395 111 44 sägas
1436 1392 112 36 hafva
1575 1393 103 48 gjort
1707 1394 60 49 sig
1796 1398 39 33 så
1864 1396 158 49 förtjent

426 1437 41 36 af
507 1437 286 49 församlingen,
836 1445 54 30 att
932 1440 124 36 denna
1096 1441 127 37 kunde
1261 1442 123 37 känna
1414 1444 60 48 sig
1502 1445 235 49 uppfordrad
1767 1447 55 35 till
1851 1453 55 31 att
1934 1449 89 49 höja

424 1488 96 36 hans
562 1489 75 46 lön,
681 1491 118 35 ehuru
841 1492 32 48 ej
918 1497 80 30 mot
1039 1492 95 37 hans
1168 1494 260 50 tjenstgöring
1454 1497 130 48 gjorts
1613 1500 127 50 någon
1769 1500 253 49 anmärkning

425 1541 86 36 med
552 1541 87 48 laga
680 1543 143 48 påföljd
866 1543 118 49 enligt
1023 1544 175 48 gällande
1228 1546 338 51 folkskolestadga.
1621 1543 129 43 Äfven
1778 1550 116 51 härpå
1922 1552 97 37 hade

426 1592 249 49 domkapitlet
717 1600 126 31 ansett
885 1595 61 48 sig
982 1596 93 36 böra
1103 1596 114 49 lägga
1246 1600 123 46 någon
1400 1600 94 48 vigt,
1524 1600 46 37 då
1597 1601 338 50 församlingarnas
1963 1609 57 31 ut-

423 1644 119 47 gifter
572 1645 58 36 för
658 1645 380 39 folkskoleväsendet
1065 1648 115 36 redan
1210 1663 91 23 vore
1330 1652 146 47 ganska
1504 1653 206 49 tyngande,
1742 1654 68 37 och
1841 1655 45 36 då
1914 1656 106 36 dom-

424 1696 161 49 kapitlet
613 1697 215 48 förutsatte,
858 1704 54 31 att
942 1699 318 49 församlingarna
1280 1702 120 37 skulle
1421 1704 56 36 till
1498 1705 63 35 det
1581 1705 117 36 andra
1718 1702 302 58 ålderstillägget

426 1748 158 49 bidraga
611 1750 86 36 med
727 1763 46 22 en
803 1750 185 49 tredjedel
1018 1757 97 31 samt
1142 1752 250 50 domkapitlet
1419 1756 205 48 ingalunda
1653 1757 120 36 skulle
1802 1758 126 38 kunna
1946 1759 73 37 till-

426 1801 142 48 styrka,
598 1806 54 31 att
681 1801 210 37 detsamma
920 1803 121 36 skulle
1069 1804 12 35 i
1110 1804 57 36 sin
1196 1805 129 37 helhet
1353 1810 90 44 utgå
1472 1808 41 36 af
1538 1809 233 37 statsmedel.

527 1852 141 49 Kongl.
712 1853 127 48 Maj:ts
880 1854 424 50 befallningshafvande
1346 1859 11 35 i
1396 1858 332 49 Södermanlands,
1763 1862 254 50 Jönköpings,

425 1903 261 50 Kronobergs,
713 1906 166 47 Kalmar,
901 1906 200 49 Gotlands,
1122 1908 197 49 Blekinge,
1341 1910 290 50 Kristianstads,
1651 1912 215 51 Elfsborgs,
1887 1914 132 37 Verm-

423 1955 122 48 lands,
589 1947 156 58 Örebro,
790 1958 285 49 Kopparbergs,
1109 1959 306 51 Vestmanlands,
1447 1962 228 52 Gefleborgs
1705 1966 71 35 och
1802 1966 215 37 Jemtlands

421 2007 74 47 län,
539 2014 97 30 samt
679 2009 257 50 domkapitlen
979 2010 10 36 i
1019 2011 231 50 Linköping,
1294 2012 129 48 Skara,
1469 2015 223 50 Strengnäs,
1731 2017 133 48 Vexiö,
1895 2019 121 46 Lund,

423 2058 209 50 Göteborg,
676 2061 167 48 Kalmar,
882 2062 194 47 Karlstad,
1105 2063 228 38 Hernösand
1362 2067 72 36 och
1463 2067 121 50 Visby
1611 2069 97 36 hade
1737 2069 195 49 tillstyrkt,
1962 2076 55 31 att

422 2111 189 37 ordinarie
639 2112 120 37 lärare
789 2114 69 36 och
887 2114 202 47 lärarinna,
1118 2129 79 23 som
1230 2118 211 49 oförvitligt
1469 2118 219 51 tjenstgjort
1715 2121 77 36 fem
1821 2125 49 44 år,
1897 2122 119 37 sedan

419 2163 75 36 han
531 2163 93 37 eller
651 2164 76 36 hon
757 2165 148 37 erhållit
932 2166 65 36 det
1026 2167 120 37 första
1174 2168 314 51 ålderstillägget,
1520 2174 112 34 måtte
1661 2185 90 24 vara
1778 2173 237 49 berättigade

420 2215 58 36 till
507 2220 98 31 ännu
634 2221 54 31 ett
717 2217 263 50 ålderstillägg
1008 2221 20 33 å
1059 2221 71 34 100
1158 2220 149 39 kronor.

524 2267 89 36 Som
643 2268 82 36 skäl
753 2270 60 36 för
842 2269 264 50 tillstyrkande
1136 2272 41 36 af
1202 2278 54 31 ett
1284 2273 115 37 andra
1428 2274 266 51 ålderstillägg
1722 2276 97 38 hade
1847 2277 161 37 anförts:

418 2323 66 43 att,
527 2320 112 36 äfven
682 2334 61 23 om
785 2335 85 22 man
905 2328 153 43 antoge,
1088 2328 53 32 att
1169 2324 354 50 folkskolelärarne,
1553 2328 46 36 då
1627 2328 45 36 de
1701 2329 227 36 utnämndes
1958 2330 53 36 till
