1860 2792
491 131 122 34 Första
631 129 246 42 lagutskottets
893 127 180 35 utlåtande
1092 140 40 21 nr
1149 131 54 30 33.
1550 128 38 29 11

146 212 492 42 Konsumtionsföreningarna
665 212 46 34 ha
738 210 73 34 sina
839 208 340 42 brandförsäkringar
1206 206 178 43 placerade
1412 206 10 33 i
1450 205 140 33 Folket-

99 259 216 40 Samarbete,
340 257 64 34 och
431 257 97 34 detta
555 256 104 43 gäller
684 259 86 30 även
795 258 80 30 nära
903 258 64 29 500
983 257 64 30 000
1074 252 155 33 enskilda
1254 251 336 41 försäkringstagare.

101 305 56 32 Av
175 304 99 33 detta
293 303 74 34 skäl
387 302 62 34 har
466 300 344 34 Folket-Samarbete
828 299 130 33 försökt
974 302 54 29 att
1046 297 110 34 väcka
1174 297 142 33 intresse
1335 295 51 33 för
1404 299 53 29 ett
1476 294 115 33 bättre

101 347 254 43 förebyggande
373 346 222 42 brandskydd
612 345 106 33 också
737 345 9 33 i
765 344 96 42 fråga
879 355 58 22 om
955 343 99 33 dessa
1071 341 118 34 risker.

146 394 48 32 På
215 393 123 33 hösten
360 394 86 31 1947
469 390 154 34 startade
644 388 340 35 Folket-Samarbete
1003 387 230 33 tillsammans
1255 385 79 33 med
1355 383 237 43 Kooperativa

101 437 185 34 förbundet
316 449 42 21 en
386 435 314 35 landsomfattande
730 431 420 43 brandskyddskampanj,
1180 430 116 33 vilken
1326 430 9 33 i
1365 429 106 33 första
1499 427 91 34 hand

101 482 134 34 riktade
259 482 50 42 sig
332 481 52 33 till
408 481 42 34 de
473 480 53 34 till
550 480 68 33 KF
641 480 160 33 anslutna
825 475 479 42 konsumtionsföreningarna
1328 474 79 34 med
1431 472 162 42 omkring

102 531 20 29 7
136 531 66 30 000
235 525 351 43 försäljningsställen,
619 524 161 42 omkring
813 526 122 30 32000
971 521 173 34 anställda
1175 520 64 33 och
1273 519 80 34 med
1384 519 10 33 i
1427 523 84 29 runt
1542 517 51 34 tal

102 575 65 30 900
182 576 65 29 000
268 571 149 41 familjer
438 582 76 22 som
534 569 236 34 medlemmar.
791 568 18 33 I
830 568 110 33 denna
961 563 421 44 brandskyddskampanj,
1402 563 53 34 för
1476 563 116 33 vilken

101 616 235 34 kostnaderna
357 615 119 33 kunna
498 614 171 34 beräknas
691 614 52 32 till
767 613 94 42 långt
884 615 78 30 över
986 614 64 30 100
1065 614 66 30 000
1154 610 136 39 kronor,
1312 608 46 34 ha
1381 611 146 30 använts
1551 619 41 22 en

104 661 192 34 instruktiv
310 661 75 32 film
402 680 45 4 —
462 659 210 34 Välståndet
692 658 138 33 brinner
846 677 45 4 —
906 668 74 22 som
996 656 110 33 visats
1125 655 59 33 vid
1203 654 178 34 allmänna
1398 656 132 36 möten,
1549 664 42 21 en

104 706 192 33 instruktiv
315 704 122 40 folder,
458 716 74 21 som
554 704 95 32 delas
672 708 38 28 ut
731 702 50 34 till
803 701 159 43 personal
985 700 65 34 och
1071 699 240 39 medlemmar,
1333 697 163 34 affischer
1517 709 75 21 som

102 754 162 39 uppsatts
289 750 11 33 i
324 748 141 34 butiker
488 748 67 33 och
580 746 222 43 lagerlokaler
825 750 91 30 samt
941 757 41 21 en
1006 743 333 41 brandinstruktion,
1365 741 127 35 avsedd
1517 753 76 22 som

102 794 231 42 handledning
357 793 53 33 för
436 793 155 42 personal
620 793 10 32 i
657 792 90 33 olika
773 790 133 42 företag
928 789 68 34 och
1022 788 51 34 för
1098 788 94 33 inom
1217 787 200 43 personalen
1444 786 149 33 utsedda

102 837 386 44 brandskyddsombud.
504 836 226 43 Kampanjen
744 835 106 43 pågår
865 834 164 42 alltjämt,
1045 833 64 34 och
1124 833 52 33 till
1192 832 128 34 mitten
1335 844 44 21 av
1394 843 94 21 mars
1506 833 87 31 1948

101 884 87 33 hade
212 887 62 30 1235
296 881 437 42 konsumtionsföreningar
755 880 115 34 aktivt
891 878 219 40 medverkat,
1131 881 66 30 800
1220 874 373 44 brandskyddsombud

103 933 128 29 utsetts
252 928 66 33 och
337 939 42 22 en
399 927 81 34 serie
501 926 179 42 praktiska
700 922 400 44 brandskyddsåtgärder
1119 922 177 42 vidtagits.
1317 921 67 33 Att
1405 920 10 34 i
1436 921 52 33 tid
1507 920 86 33 före-

103 973 115 43 bygga
242 972 197 34 eldsvådors
466 971 139 33 utbrott
629 973 36 30 är
690 975 50 29 ett
765 973 216 39 gemensamt
1006 967 140 34 intresse
1169 966 54 34 för
1248 966 93 33 såväl
1367 965 228 34 medlemmar

104 1031 75 21 som
199 1017 174 34 anställda
391 1017 10 33 i
420 1015 232 42 kooperativa
672 1015 146 41 företag,
840 1013 64 34 och
924 1013 60 33 det
1004 1016 37 30 är
1060 1024 44 21 av
1126 1012 67 33 den
1215 1014 131 31 största
1365 1010 89 39 vikt,
1476 1014 51 29 att
1550 1009 43 33 de

103 1062 9 33 i
137 1062 135 34 butiker
297 1061 65 34 och
387 1060 152 34 fabriker
563 1059 171 34 anställda
756 1057 236 43 omsorgsfullt
1016 1056 202 33 informeras
1242 1055 63 33 och
1331 1055 181 33 instrueras
1537 1065 57 22 om

104 1106 273 42 brandredskaps
395 1104 183 43 förvaring,
596 1104 126 33 skötsel
741 1103 64 33 och
822 1101 230 42 användning.
1068 1101 51 32 På
1136 1100 97 41 varje
1248 1100 93 41 plats
1359 1099 61 33 bör
1438 1111 41 22 en
1496 1109 97 31 orga-

103 1151 248 41 nisationsplan
371 1149 165 42 föreligga
553 1149 65 33 och
638 1161 84 21 vara
740 1148 146 33 allmänt
903 1146 103 34 känd.
1026 1146 112 33 Detta
1156 1148 35 29 är
1210 1156 41 21 en
1271 1156 43 21 av
1335 1142 259 44 utgångspunk-

104 1201 97 29 terna
220 1195 52 34 för
289 1194 222 42 kampanjen.

150 1295 17 32 I
183 1294 194 42 frågan
334 1281 49 59 om
404 1304 39 22 en
482 1291 296 42 skärpning
815 1302 57 21 av
909 1286 587 43 brandlagstiftningen
1533 1285 62 33 bör

104 1348 60 33 ske
184 1347 96 34 anför
298 1344 408 43 Landsorganisationen:

151 1420 71 32 Det
246 1422 36 29 är
308 1417 214 43 synnerligen
547 1415 242 34 oroväckande
815 1419 53 29 att
893 1414 40 33 de
958 1417 134 30 senaste
1115 1413 97 33 årens
1237 1411 140 42 väldiga
1401 1410 127 41 ökning
1552 1421 43 22 av

104 1463 284 34 brandskadorna
411 1462 10 32 i
445 1463 127 31 största
594 1459 239 42 utsträckning
855 1458 150 34 drabbat
1027 1456 191 35 industrien
1239 1456 64 34 och
1327 1454 141 34 därmed
1492 1454 104 33 vållat

104 1521 42 20 en
167 1508 76 33 icke
261 1506 194 42 oväsentlig
474 1503 436 44 produktionsminskning.
931 1502 55 33 En
1005 1500 257 35 industribrand
1282 1499 194 34 förorsakar
1496 1499 100 41 långa

106 1553 222 41 driftsstopp;
348 1549 175 35 förstörda
542 1549 204 42 byggnader
762 1548 122 33 kunna
901 1547 77 33 icke
999 1545 245 43 återuppföras
1265 1549 87 29 utan
1374 1549 72 29 stor
1466 1543 128 34 tidsut-

106 1597 116 39 dräkt,
244 1596 65 33 och
331 1594 298 34 leveranstiderna
654 1593 54 33 för
731 1591 226 42 anskaffning
980 1603 45 21 av
1048 1589 385 41 maskinutrustningar
1457 1591 60 31 äro
1542 1588 53 33 för

106 1640 215 34 närvarande
338 1639 144 42 mycket
499 1638 111 42 långa,
628 1637 75 33 från
722 1640 19 30 2
760 1648 72 30 upp
850 1636 52 34 till
923 1639 19 29 4
961 1635 21 33 å
1000 1638 19 30 5
1038 1635 48 33 år.

150 1683 252 35 Erfarenheten
426 1683 96 33 torde
547 1683 35 33 få
607 1694 96 22 anses
727 1682 44 32 ha
795 1680 182 43 ådagalagt
1001 1683 52 30 att
1078 1678 57 35 det
1159 1677 202 35 nuvarande
1384 1676 212 35 industriella

106 1728 263 43 brandskyddet
387 1728 75 33 icke
481 1731 36 29 är
535 1726 175 34 effektivt.
730 1727 73 32 Det
822 1737 100 30 synes
940 1723 205 35 välbetänkt
1165 1727 54 30 att
1239 1735 42 21 en
1298 1722 127 41 vidgad
1445 1721 152 42 skyldig-

105 1775 62 33 het
187 1779 53 29 att
260 1772 158 34 anskaffa
438 1772 64 33 och
522 1771 201 34 underhålla
743 1769 257 42 brandredskap
1020 1768 66 34 och
1105 1772 54 30 att
1178 1767 145 41 vidtaga
1341 1766 256 42 brandskydds-

107 1819 236 41 anordningar
361 1818 96 33 inom
474 1816 236 33 industrierna
726 1814 233 43 genomföras.
979 1812 101 35 Även
1100 1826 57 20 om
1176 1813 168 41 sabotage
1364 1812 76 33 icke
1458 1811 138 34 kunnat

108 1863 136 33 bevisas
273 1862 44 33 ha
346 1861 142 33 orsakat
516 1862 129 39 många
671 1858 314 39 industribränder,
1012 1869 102 30 synes
1143 1857 104 33 också
1276 1855 245 42 bevakningen
1552 1867 45 21 av

109 1906 164 34 industri-
293 1905 64 34 och
376 1905 166 33 liknande
561 1904 138 41 företag
718 1908 92 29 samt
831 1902 171 42 viktigare
1022 1901 184 41 varulager
1225 1901 85 32 böra
1331 1900 125 33 ordnas
1478 1900 47 41 på
1544 1903 53 29 ett

109 1963 94 21 mera
221 1949 325 34 tillfredsställande
567 1952 72 30 sätt
660 1952 43 29 än
722 1947 54 34 för
796 1946 220 34 närvarande
1039 1949 37 32 är
1096 1945 109 33 fallet.

152 2020 344 35 Folket-Samarbete
515 2019 191 33 anmärker:

153 2093 197 41 Säkerligen
376 2091 69 33 kan
471 2091 154 41 alltjämt
652 2090 142 42 mycket
820 2089 118 33 vinnas
964 2101 41 21 ur
1028 2086 419 43 brandskyddssynpunkt
1474 2097 123 31 genom

108 2143 51 28 ett
175 2138 145 32 fortsatt
337 2136 158 41 frivilligt
513 2135 198 33 samarbete
727 2134 126 33 mellan
872 2132 396 42 försäkringsföretagen
1287 2131 65 33 och
1369 2131 227 41 försäkrings-

110 2186 150 37 tagarna.
280 2181 51 32 På
352 2180 109 41 grund
483 2192 44 20 av
549 2179 40 33 de
611 2183 132 28 senaste
766 2178 96 33 årens
884 2188 249 31 ogynnsamma
1153 2175 308 41 skadeutveckling
1480 2174 119 33 kunna

108 2226 90 32 dock
224 2225 133 41 företag
381 2224 93 32 inom
501 2223 123 33 handel
651 2223 63 32 och
741 2222 145 33 industri
914 2233 134 21 snarare
1075 2220 187 41 förebygga
1287 2218 312 43 premiehöjningar

108 2273 43 29 än
175 2269 118 41 uppnå
315 2267 336 42 premiesänkningar
673 2278 122 30 genom
819 2270 54 28 att
896 2265 171 32 förstärka
1090 2264 50 33 sin
1164 2264 186 41 beredskap
1372 2269 76 28 mot
1472 2263 127 33 brand-

108 2313 84 34 fara.
213 2312 205 34 Emellertid
437 2315 37 29 är
492 2311 58 33 det
571 2311 209 41 uppenbart,
799 2314 53 29 att
870 2309 145 40 företag,
1034 2320 74 21 som
1128 2307 206 41 exempelvis
1354 2307 45 33 ha
1418 2306 181 42 möjlighet

110 2362 54 30 att
189 2360 124 39 övergå
340 2356 73 33 från
439 2355 245 42 anläggningar
709 2353 168 42 uppförda
905 2365 44 21 av
976 2356 55 30 trä
1057 2353 51 32 till
1136 2351 242 42 anläggningar
1404 2363 46 21 av
1476 2351 123 33 brand-

109 2403 134 32 säkrare
269 2400 258 38 konstruktion,
555 2399 154 41 alltjämt
737 2399 42 33 ha
807 2397 287 41 förutsättningar
1122 2401 54 28 att
1203 2396 127 33 erhålla
1358 2396 90 40 lägre
1477 2395 122 34 brand-

110 2445 367 43 försäkringspremier.
