1908 2802
555 169 108 29 Andra
681 170 223 34 lagutskottets
922 170 163 29 utlåtande
1105 170 48 29 Nr
1177 175 28 26 9.
1612 172 18 30 5

173 255 67 33 Vid
264 256 61 32 den
349 253 230 42 omarbetning
601 269 41 20 av
665 256 387 41 vattenlagstiftningen,
1076 269 68 21 som
1167 257 95 33 ledde
1285 258 54 32 till
1361 258 201 38 antagandet
1586 270 42 20 av

129 320 44 19 nu
202 307 156 40 gällande
385 308 221 39 lagstiftning
632 308 12 32 i
672 311 120 36 ämnet,
820 308 62 32 har
908 308 262 39 ifrågavarande
1198 308 162 39 spörsmål
1386 309 125 39 jämväl
1538 309 89 32 varit

129 359 141 32 föremål
294 359 54 32 för
370 359 241 39 övervägande.
657 359 58 33 Uti
741 359 55 33 det
820 372 41 19 av
884 363 214 29 vattenrätts-
1124 360 60 32 och
1208 360 417 39 dikningslagskommitté-

129 421 78 20 erna
229 410 105 32 under
355 410 37 32 år
416 411 85 31 1910
522 410 145 38 avgivna
689 410 225 33 betänkandet
935 411 73 32 med
1029 411 130 38 förslag
1179 411 54 32 till
1253 411 172 39 vattenlag
1447 411 180 32 framhålla

128 460 264 39 kommittéerna,
414 460 157 32 hurusom
594 460 292 33 bestämmelserna
908 461 12 31 1
944 462 39 31 79
1008 461 17 38 $
1048 461 11 32 i
1080 461 98 39 lagen
1203 473 49 20 om
1276 462 139 38 dikning
1437 462 58 32 och
1519 473 107 21 annan

128 510 180 40 avledning
330 523 43 20 av
396 514 125 36 vatten,
545 511 104 39 enligt
671 511 93 32 vilka
787 524 46 26 ny
857 516 100 34 ägare
980 512 71 33 icke
1076 512 139 32 svarade
1239 513 53 31 för
1315 512 128 39 bidrag,
1468 524 68 20 som
1560 512 65 32 för-

130 561 93 33 fallit
247 562 54 32 till
322 562 183 39 betalning,
529 562 101 32 innan
653 562 65 32 han
743 562 74 32 blev
841 567 111 35 ägare,
977 563 89 32 varit
1088 563 140 32 föremål
1253 563 53 32 för
1329 563 121 38 skarpa
1475 563 150 32 anmärk-

129 613 120 38 ningar
269 616 86 28 samt
373 616 51 29 att
441 625 75 19 man
536 613 113 32 funnit
668 613 55 32 det
740 614 12 31 i
770 613 66 39 hög
854 614 85 38 grad
957 613 130 39 obilligt
1106 617 61 36 att,
1187 614 110 32 därest
1316 614 60 32 den
1396 614 87 32 förre
1504 618 121 34 ägaren

128 663 180 32 uraktlåtit
325 667 50 29 att
394 663 150 39 fullgöra
560 663 116 32 honom
696 663 179 39 åliggande
891 664 335 39 bidragsskyldighet
1245 665 59 32 och
1321 665 65 31 han
1403 665 86 31 efter
1506 664 119 38 fastig-

128 713 113 33 hetens
266 713 204 39 försäljning
489 725 75 21 vore
587 714 175 39 insolvent,
787 715 38 31 de
847 715 116 38 övriga
985 715 196 38 deltagarna
1201 715 12 31 i
1235 715 165 39 företaget
1421 715 107 32 skulle
1549 715 76 31 nöd-

128 776 61 27 gas
209 767 50 30 att
279 764 146 33 bestrida
446 769 82 28 även
549 765 38 32 de
605 764 181 33 kostnader
806 765 53 32 för
880 766 100 39 detta,
1000 765 93 33 vilka
1114 765 109 33 skulle
1244 766 91 32 fallit
1355 767 44 37 på
1418 766 60 32 den
1498 766 126 38 ifråga-

127 815 147 33 varande
299 815 216 40 fastigheten,
541 816 104 32 under
670 816 54 33 det
748 820 51 29 att
824 816 222 39 fastighetens
1071 829 64 26 nye
1160 821 101 34 ägare
1286 817 92 39 finge
1402 820 80 29 utan
1508 820 117 29 ersätt-

127 866 298 39 ningsskyldighet
457 866 223 40 tillgodogöra
711 867 53 39 sig
796 867 61 32 den
889 879 115 27 genom
1036 867 54 33 det
1120 867 209 33 verkställda
1358 868 127 32 arbetet
1514 879 109 20 vunna

128 916 258 39 förbättringen,
406 921 47 28 ett
471 917 221 40 förhållande,
710 929 69 20 som
795 918 133 37 inbjöde
944 918 54 32 till
1017 918 324 38 skenförsäljningar
1358 918 59 32 och
1435 922 100 29 annat
1553 918 71 32 ohe-

127 966 123 38 derligt
274 966 207 33 förfarande.
528 967 69 32 Till
622 967 252 38 förebyggande
901 979 40 20 av
967 980 44 19 nu
1036 967 147 39 antydda
1212 968 223 38 oegentlighet
1460 967 165 38 föreslogo

127 1017 253 32 kommittéerna
405 1021 48 29 ett
479 1018 184 38 stadgande
687 1030 43 20 av
754 1019 12 31 i
790 1018 178 32 huvudsak
994 1019 171 32 enahanda
1191 1019 157 38 innehåll,
1373 1031 67 20 som
1467 1019 53 32 det
1545 1031 44 19 nu
1613 1019 12 30 i

127 1067 260 39 lagstiftningen
408 1071 186 36 upptagna,
615 1072 50 29 att
685 1081 46 26 ny
751 1073 101 34 ägare
872 1069 125 37 jämväl
1019 1069 107 32 skulle
1147 1081 81 20 vara
1250 1070 157 37 ansvarig
1427 1069 53 32 för
1501 1069 124 32 sådana

127 1118 129 39 bidrag,
279 1130 68 20 som
370 1118 149 33 förfallit
539 1119 53 31 till
613 1119 172 39 betalning
806 1120 87 31 inom
916 1120 55 32 det
992 1123 166 29 närmaste
1182 1120 71 33 året
1274 1120 71 32 före
1368 1119 256 39 försäljningen;

128 1168 83 33 dock
237 1172 51 29 att
312 1169 58 32 vid
397 1169 156 32 exekuliv
580 1170 204 38 försäljning
811 1170 330 39 försäljningsdagen
1166 1171 11 32 i
1202 1171 92 38 varje
1321 1170 62 32 fall
1410 1170 107 32 skulle
1542 1182 80 20 vara

126 1220 189 38 avgörande
339 1220 54 32 för
413 1219 440 40 betalningsskyldigheten.
898 1221 262 32 Kommittéerna
1182 1222 126 38 ansågo
1329 1225 49 28 att
1399 1221 73 32 med
1494 1221 131 38 hänsyn

126 1270 54 32 till
203 1270 336 39 fastighetskrediten
564 1270 268 40 betänkligheter
855 1274 102 30 mötte
980 1275 50 29 att
1052 1273 12 31 i
1085 1272 115 32 vidare
1223 1272 75 31 mån
1322 1271 171 33 utsträcka
1517 1284 38 19 en
1579 1284 45 25 ny

126 1326 118 33 ägares
270 1321 226 39 ansvarighet.
544 1321 117 33 Skulle
682 1322 58 32 vid
763 1322 157 32 exekutiv
945 1322 202 39 försäljning
1171 1323 61 31 den
1256 1335 64 26 nye
1344 1327 138 34 ägarens
1508 1334 114 20 ansva-

127 1371 108 39 righet
259 1372 143 32 omfatta
423 1372 126 38 jämväl
572 1373 126 32 sådana
719 1373 130 39 bidrag,
871 1385 69 20 som
962 1373 148 32 förfallit
1131 1374 54 31 till
1207 1373 171 39 betalning
1399 1374 70 31 före
1491 1373 132 38 försälj-

124 1421 217 40 ningsdagen,
360 1422 207 40 förutsattes,
587 1426 50 28 att
653 1423 333 38 bidragsfordringen
1004 1423 172 32 förenades
1195 1423 73 32 med
1288 1423 215 32 förmånsrätt
1523 1423 99 31 fram-

127 1472 53 32 för
197 1472 118 39 övriga
331 1473 203 39 fordringar,
553 1486 39 19 en
609 1477 116 35 utväg,
744 1485 68 21 som
828 1474 253 33 kommittéerna
1097 1474 73 33 icke
1188 1478 108 29 ansett
1315 1475 52 38 sig
1382 1475 78 31 böra
1477 1474 146 32 förorda.

126 1523 282 33 Kommittéernas
429 1524 207 39 ståndpunkt
656 1525 132 38 gjordes
809 1525 58 32 vid
889 1525 104 32 denna
1015 1525 356 39 lagstiftningsfrågas
1392 1526 158 32 fortsatta
1572 1525 50 33 be-

125 1574 163 39 handling
306 1574 73 33 icke
396 1574 55 33 till
470 1575 139 33 föremål
628 1576 53 32 för
698 1576 110 38 någon
826 1576 204 39 gensägelse.

169 1674 270 39 Uppenbarligen
469 1680 37 27 är
536 1676 53 31 det
620 1688 41 20 av
692 1680 69 28 stor
789 1676 75 32 vikt
891 1689 41 19 ur
959 1677 123 32 allmän
1113 1677 60 32 och
1203 1677 131 32 enskild
1363 1677 180 39 synpunkt,
1573 1681 50 29 att
1661 1676 156 27 Utskottets

124 1725 57 32 vid
198 1725 38 32 de
251 1725 12 32 i
278 1725 215 39 vattenlagen
509 1725 206 34 behandlade
730 1727 143 39 företag,
888 1727 93 32 vilka
997 1732 56 27 äro
1071 1728 170 38 grundade
1257 1728 19 32 å
1291 1728 195 32 samverkan
1501 1728 121 32 mellan
1663 1710 142 34 yttrande.

125 1775 86 33 flera
233 1776 167 40 delägare,
422 1776 273 40 samfälligheten
716 1778 104 32 såvitt
842 1777 132 40 möjligt
995 1778 214 33 säkerställes
1231 1779 12 32 i
1265 1779 50 32 sin
1338 1782 65 29 rätt
1424 1783 51 28 att
1495 1791 42 20 av
1557 1779 64 32 del-

125 1831 126 35 ägarna
278 1827 211 33 utbekomma
516 1828 37 33 de
580 1828 54 32 för
659 1828 96 33 dessa
780 1829 150 39 företags
954 1829 178 33 utförande
1158 1830 59 32 och
1242 1830 306 32 vidmakthållande
1574 1842 46 20 er-

125 1877 184 40 forderliga
333 1878 172 40 bidragen.
551 1879 103 33 Detta
678 1880 148 32 omdöme
850 1880 107 39 gäller
981 1881 105 38 enligt
1111 1881 180 32 utskottets
1316 1881 88 32 åsikt
1429 1881 94 32 såväl
1548 1881 37 32 de
1611 1882 11 31 i

124 1931 17 29 7
167 1928 77 38 kap.
270 1929 216 38 vattenlagen
512 1929 204 34 behandlade
741 1930 427 38 torrläggningsföretagen
1202 1929 168 41 (dikning,
1397 1931 211 32 vattenavled

123 1979 83 38 ning
226 1979 59 32 och
307 1978 205 40 invallning)
542 1992 68 20 som
632 1980 61 32 ock
714 1981 323 39 vattenregleringar
1059 1982 105 38 enligt
1186 1983 18 31 3
1227 1982 78 38 kap.
1327 1983 212 38 vattenlagen
1563 1982 58 32 och

123 2029 11 31 i
154 2029 69 32 viss
242 2030 76 31 mån
338 2030 127 38 jämväl
484 2030 133 39 företag
637 2031 53 32 för
709 2031 182 32 avledande
911 2044 41 19 av
970 2031 217 33 kloakvatten
1206 2032 105 39 enligt
1331 2034 18 30 8
1367 2032 78 39 kap.
1464 2033 11 31 i
1496 2045 124 19 samma

123 2079 68 38 lag.
231 2079 68 32 Vid
319 2080 62 32 den
399 2092 45 20 nu
463 2080 156 39 gällande
638 2081 279 39 lagstiftningens
936 2082 162 32 tillkomst
1116 2082 61 32 har
1196 2082 69 39 ock,
1285 2083 106 32 såsom
1410 2083 151 38 framgår
1581 2095 39 20 av

124 2129 61 32 den
214 2130 201 39 föregående
443 2131 304 40 framställningen,
778 2132 105 33 denna
912 2132 242 40 angelägenhet
1180 2133 11 31 i
1219 2133 69 32 viss
1315 2134 74 31 mån
1418 2133 163 39 beaktats,
1610 2134 11 30 i

124 2180 54 33 det
201 2184 51 29 att
274 2181 58 32 vid
354 2182 170 39 övergång
547 2182 11 32 i
582 2182 343 45 äganderätten,
865 2176 63 55 som
950 2183 72 33 icke
1046 2184 177 32 föranletts
1246 2197 42 19 av
1310 2184 154 32 exekutiv
1487 2184 132 38 försälj-

122 2231 91 39 ning,
233 2244 46 26 ny
300 2236 118 34 ägares
441 2233 215 38 ansvarighet
676 2233 186 33 utsträckts
883 2238 50 28 att
952 2235 142 31 omfatta
1114 2235 125 37 jämväl
1260 2235 123 32 sådana
1402 2235 129 38 bidrag,
1552 2247 67 20 som

124 2282 149 33 förfallit
296 2283 55 32 till
376 2283 172 40 betalning
572 2284 88 32 inom
684 2284 70 33 viss
779 2285 51 32 tid
855 2285 71 32 före
951 2285 147 39 ombytet
1122 2298 42 19 av
1190 2290 109 35 ägare,
1325 2286 161 38 varjämte
1513 2286 107 38 regler

122 2333 181 33 meddelats
324 2334 53 32 till
398 2334 256 33 underlättande
673 2348 42 20 av
736 2335 137 40 bidrags
894 2336 225 39 utdebitering
1139 2337 59 32 och
1217 2337 202 38 indrivning.
1461 2337 159 32 Däremot

121 2383 86 32 hava
226 2384 140 32 särskilt
381 2396 41 20 ur
441 2385 351 39 fastighetskreditens
812 2386 172 38 synpunkt
1004 2387 188 38 avgörande
1211 2387 264 39 betänkligheter
1494 2391 124 29 ansetts

118 2437 89 29 möta
231 2438 50 29 att
305 2435 182 39 förknippa
511 2436 262 39 ifrågavarande
798 2437 334 39 bidragsfordringar
1157 2438 72 31 med
1255 2438 227 39 förmånsrätt,
1508 2438 36 32 så
1569 2441 50 28 att

122 2483 38 33 de
182 2483 130 34 komme
333 2489 51 29 att
404 2486 84 39 utgå
508 2487 74 32 med
603 2486 109 33 bättre
734 2491 68 29 rätt
824 2492 41 27 än
889 2487 116 40 övriga
1027 2488 203 39 fordringar.
