2188 2622
366 151 40 31 10
578 150 120 32 Första
723 151 203 31 kammarens
951 151 118 31 första
1093 149 168 41 tillfälliga
1285 147 133 31 utskotts
1441 145 166 32 utlåtande
1631 146 53 31 Nr
1708 148 53 29 17.

473 238 118 42 Enligt
627 239 94 41 IIIe)
757 239 9 31 i
803 239 368 41 sjukvårdsstyrelsens
1207 237 151 33 cirkulär
1388 235 67 31 den
1483 236 15 30 1
1525 234 138 42 augusti
1690 235 84 31 1917
1799 235 180 41 angående

365 284 58 32 vid
448 284 255 41 truppförband
738 284 259 41 tjänstgörande
1029 283 130 32 läkares
1184 280 183 44 åliggande
1392 280 45 41 (S.
1464 279 37 32 F.
1528 279 33 31 S.
1587 278 77 42 591)
1689 278 207 34 tillkommer
1921 280 58 32 det

365 328 310 42 regementsläkare
699 328 82 32 eller
804 338 115 21 annan
944 328 126 38 läkare,
1095 338 72 21 som
1194 332 38 26 är
1256 325 147 33 anställd
1426 324 61 32 vid
1509 323 82 32 eller
1607 323 168 42 tjänstgör
1788 324 58 32 vid
1863 328 116 39 trupp-

364 372 160 39 förband,
565 376 67 28 >»att
667 372 60 33 vid
762 372 66 32 alla
862 372 285 33 förekommande
1183 369 355 40 läkarebesiktningar
1563 367 64 33 och
1655 368 201 33 utlåtanden
1889 379 90 32 noga

365 418 163 40 iakttaga,
554 421 49 28 att
627 417 96 32 såväl
748 421 127 29 statens
900 427 76 22 som
1002 417 67 31 den
1093 416 171 33 enskildes
1288 415 167 32 intressen
1479 412 137 33 rättvist
1639 412 229 42 tillgodoses>.

473 463 55 31 Av
564 461 68 33 vad
668 472 90 22 ovan
793 462 140 37 anförts,
967 462 88 31 lärer
1078 462 37 31 få
1138 471 100 22 anses
1263 460 136 40 framgå
1423 461 49 29 att
1496 457 215 33 föreskrifter
1735 457 105 32 redan
1864 458 115 32 finnas

366 507 130 39 därom,
522 510 49 29 att
595 506 142 41 behörig
762 506 135 41 hänsyn
922 506 87 33 skall
1033 510 96 38 tagas
1154 505 50 32 till
1230 515 43 22 av
1298 504 79 33 civil
1400 503 114 32 läkare
1540 502 139 41 avgivet
1695 502 98 42 intyg
1809 512 56 22 om
1883 507 96 28 värn-

366 551 142 42 pliktigs
533 551 261 32 hälsotillstånd.

475 595 381 42 Arméförvaltningens
892 594 339 42 sjukvårdsstyrelse,
1273 604 74 22 som
1383 592 50 33 till
1469 591 88 32 fullo
1593 590 142 33 beaktar
1770 590 210 41 nödvändig-

366 641 103 32 heten
503 651 54 28 av,
592 644 48 28 att
675 640 61 32 allt
766 640 60 32 bör
862 644 99 37 göras
986 640 55 32 för
1072 638 267 33 säkerställande
1362 648 44 21 av
1430 636 42 32 de
1498 635 247 42 värnpliktigas
1770 635 211 42 berättigad

367 685 143 33 intresse
547 685 11 31 i
593 684 206 33 hithörande
835 684 181 38 avseende,
1052 684 63 31 har
1150 682 190 33 emellertid
1364 683 54 31 för
1442 681 113 33 avsikt
1579 683 49 29 att
1652 680 50 32 till
1727 680 254 42 förtydligande

366 730 65 32 och
468 729 296 42 kompletterande
800 740 43 21 av
880 729 147 31 sålunda
1051 728 105 32 redan
1181 727 214 41 förefintliga
1418 725 214 33 föreskrifter
1656 725 112 32 införa
1792 729 48 28 ett
1863 725 119 41 tillägg

368 775 10 30 i
403 774 245 33 ovannämnda
684 774 78 32 dess
786 773 149 33 cirkulär
965 773 69 33 den
1061 775 15 29 1
1103 773 139 41 augusti
1271 773 83 30 1917
1379 770 111 32 under
1514 769 52 32 III
1590 780 43 22 av
1657 769 154 41 följande
1835 769 144 42 lydelse:

479 822 69 29 »att
583 818 59 33 vid
677 818 454 41 inskrivningsförrättning,
1169 817 59 32 vid
1253 816 184 33 inställelse
1461 815 52 32 till
1536 815 108 32 första
1667 814 228 41 tjänstgöring
1919 814 65 32 och

368 863 333 42 repetitionsövning
725 866 89 29 samt
838 863 60 32 vid
922 861 318 43 sjukdomstillfälle
1271 861 110 31 under
1410 859 177 43 pågående
1612 859 229 41 tjänstgöring
1865 869 45 22 m.
1936 869 45 21 m.

368 912 78 37 taga
471 908 144 41 behörig
639 908 136 41 hänsyn
799 907 52 32 till
874 917 43 22 av
942 917 116 22 annan
1084 906 113 32 läkare
1222 905 153 33 utfärdat
1399 905 128 41 intyg.»

476 952 103 32 Vilka
617 952 255 33 bestämmelser
907 952 11 31 i
954 951 107 32 sådan
1089 951 154 41 riktning
1266 949 191 33 emellertid
1482 954 43 27 än
1550 949 107 41 givas,
1684 947 85 33 skall
1793 947 57 33 det
1875 947 108 33 säker-

370 998 91 40 ligen
486 997 75 32 visa
585 997 61 41 sig,
673 1000 49 29 att
746 996 140 32 därmed
912 996 74 32 icke
1011 996 60 32 allt
1095 1001 37 26 är
1156 998 141 29 vunnet.

477 1041 103 32 Såväl
605 1041 92 32 befäl
722 1052 74 21 som
820 1041 244 31 militärläkare
1088 1040 89 32 hava
1203 1039 148 33 förvisso
1376 1038 137 33 beaktat
1539 1037 198 41 betydelsen
1762 1047 53 28 av,
1838 1040 50 29 att
1903 1037 80 31 hän-

368 1097 63 30 syn
469 1088 108 30 måste
613 1089 97 38 tagas
745 1086 52 32 till
821 1085 101 33 civila
946 1085 223 41 läkareintyg,
1209 1084 64 32 och
1303 1083 135 32 förfarit
1462 1082 163 40 därefter;
1652 1085 48 29 att
1724 1082 42 32 de
1790 1081 73 33 icke
1888 1081 96 32 alltid

367 1134 113 29 ansett
505 1131 52 41 sig
581 1131 118 31 kunna
723 1130 148 41 godtaga
895 1133 48 29 ett
968 1130 131 38 sådant,
1125 1129 135 32 bevisar
1283 1128 74 32 icke
1383 1131 197 28 motsatsen.

477 1174 100 33 Olika
600 1175 224 42 uppfattning
848 1185 67 28 om,
933 1174 174 32 huruvida
1130 1173 144 41 behörig
1297 1173 136 40 hänsyn
1457 1172 102 41 tagits
1584 1171 50 32 till
1658 1174 48 29 ett
1729 1171 138 32 företett
1890 1170 95 32 civilt

368 1220 226 42 läkareintyg,
619 1220 68 31 kan
710 1220 39 41 ju
772 1219 96 32 alltid
893 1219 92 38 råda,
1011 1220 112 31 såsom
1145 1218 39 41 ju
1200 1217 155 42 tydligen
1372 1217 89 33 varit
1485 1215 189 33 händelsen
1691 1215 219 32 beträffande
1928 1215 57 32 det

407 1264 176 33 motionen
608 1264 210 32 omnämnda
842 1263 104 33 fallet.

477 1309 68 32 För
577 1313 49 28 att
649 1309 119 31 kunna
791 1308 217 33 förekomma
1032 1306 329 34 missförhållanden
1386 1316 43 22 av
1454 1305 107 32 sådan
1586 1307 60 35 art,
1673 1314 73 22 som
1772 1304 213 32 motionären

368 1354 159 42 påpekat,
564 1353 94 33 torde
695 1353 188 33 emellertid
918 1353 109 31 andra
1062 1351 159 43 åtgärder
1257 1356 43 26 än
1338 1351 42 32 de
1416 1361 43 21 av
1493 1350 130 31 honom
1647 1349 164 42 påtänkta
1836 1348 73 33 visa
1934 1348 52 41 sig

371 1398 232 42 erforderliga.

479 1443 66 32 Det
570 1442 105 41 gäller
698 1442 144 32 framför
866 1441 60 33 allt
950 1445 49 29 att
1023 1441 97 39 tillse,
1146 1444 49 29 att
1218 1440 59 33 vid
1299 1438 483 42 inskrivningsförrättningar
1798 1437 65 32 och
1879 1438 108 31 andra

371 1487 158 32 tillfällen
553 1487 196 41 tillräckligt
773 1486 93 33 antal
890 1486 115 32 läkare
1030 1485 115 33 finnas
1173 1484 224 42 tillgängliga,
1415 1484 64 32 och
1496 1487 50 29 att
1563 1482 202 41 erforderlig
1781 1482 49 32 tid
1847 1482 140 32 beredes

368 1533 101 31 dessa
494 1533 55 31 för
573 1543 42 21 en
639 1531 168 42 ingående
832 1531 261 41 undersökning
1116 1540 44 22 av
1184 1529 41 33 de
1251 1528 250 43 värnpliktigas
1525 1527 262 33 hälsotillstånd.

479 1576 383 40 Arméförvaltningens
898 1574 327 43 sjukvårdsstyrelse
1261 1574 64 31 har
1360 1574 99 40 länge
1496 1573 77 32 haft
1603 1572 52 32 sin
1680 1570 308 43 uppmärksamhet

372 1621 114 33 fästad
511 1623 20 30 å
555 1621 92 32 detta
671 1620 215 32 förhållande
912 1620 65 32 och
1001 1619 88 32 skall
1112 1619 30 42 ej
1169 1618 190 38 underlåta,
1385 1621 58 35 att,
1469 1617 68 33 vad
1562 1618 44 40 på
1629 1616 203 32 densamma
1848 1615 138 31 ankom-

372 1676 83 29 mer,
480 1670 83 36 göra
588 1665 60 32 allt
672 1666 55 31 för
750 1669 50 28 att
824 1665 36 31 få
884 1664 264 42 ifrågavarande
1174 1664 61 32 sak
1259 1664 44 41 på
1327 1663 96 32 bästa
1448 1665 67 29 sätt
1539 1660 142 33 ordnad.

479 1710 78 33 Vad
582 1710 168 32 beträffar
774 1710 179 41 ifrågasatt
977 1708 190 42 åläggande
1192 1719 43 21 av
1261 1707 196 42 skyldighet
1480 1707 56 31 för
1559 1705 92 33 befäl
1675 1708 50 29 att
1748 1708 79 38 taga
1851 1704 135 41 hänsyn

371 1755 50 33 till
446 1755 140 41 avgivet
610 1754 223 42 läkareintyg,
859 1753 62 32 har
943 1754 60 41 jag
1027 1753 120 33 endast
1163 1753 91 31 velat
1270 1751 194 37 framhålla,
1482 1754 49 29 att
1548 1753 48 29 ett
1612 1749 123 33 sådant
1751 1749 115 41 intygs
1882 1748 105 33 värde

368 1799 125 33 endast
517 1799 69 32 kan
610 1799 165 32 bedömas
800 1809 42 22 av
867 1808 43 22 en
934 1798 196 41 sakkunnig
1154 1797 124 33 läkare.

479 1843 49 32 På
552 1843 114 42 grund
690 1854 44 21 av
759 1843 67 32 vad
850 1852 91 23 ovan
965 1842 133 33 anförts
1121 1842 54 32 får
1199 1842 59 41 jag
1282 1841 11 31 i
1318 1839 277 42 underdånighet
1619 1840 54 31 för
1698 1838 72 32 min
1794 1838 55 33 del
1868 1838 118 37 uttala,

368 1892 53 29 att
445 1891 49 30 ett
517 1888 189 33 eventuellt
730 1887 98 33 bifall
852 1887 51 32 till
927 1887 177 32 motionen
1128 1886 11 32 i
1162 1887 99 41 fråga
1286 1886 73 32 icke
1383 1885 68 32 kan
1475 1885 178 32 förväntas
1677 1883 91 33 hava
1792 1883 107 33 sådan
1916 1893 71 22 ver-

372 1934 78 38 kan,
477 1943 75 22 som
577 1933 215 32 motionären
817 1931 143 33 därmed
984 1931 191 42 säkerligen
1199 1934 121 29 avsett.

480 1977 78 32 Den
582 1977 126 42 nådiga
733 1977 165 32 remissen
923 1975 198 33 återsändes
1145 1976 180 41 härjämte.

482 2021 200 34 Stockholm
707 2021 67 33 den
799 2022 21 31 5
844 2031 91 22 mars
962 2020 97 32 1920.

1042 2090 257 42 Underdånigst
1311 2102 6 20 :

1023 2153 133 32 FRITZ
1182 2152 168 40 BAUER,

1045 2207 277 33 generalfältläkare.

1700 2257 34 33 C.
1762 2257 117 32 Barre.
