1846 2772
450 155 405 40 Bevillningsutskottets
876 158 217 31 betänkande
1112 168 43 21 nr
1173 161 20 28 9
1212 160 39 30 år
1271 162 84 28 1965
1633 164 13 28 1

849 544 111 40 Nr
930 540 32 55 9

356 651 405 40 Bevillningsutskottets
792 654 219 31 betänkande
1041 656 11 29 i
1078 657 190 40 anledning
1296 667 43 20 av
1366 658 127 40 Kungl.
1522 660 124 39 Maj:ts

554 715 216 39 proposition
792 716 82 30 med
893 717 132 40 förslag
1046 718 52 29 till
1119 718 55 40 lag
1195 728 56 21 om
1271 720 238 40 polisregister
1530 731 45 20 m.
1590 731 56 27 m.,

554 776 105 30 såvitt
683 778 263 39 propositionen
971 780 180 30 hänvisats
1179 781 52 29 till
1256 781 389 42 bevillningsutskottet.

201 880 12 29 I
231 890 43 20 en
291 881 68 30 den
379 882 37 29 15
432 882 142 40 januari
595 884 81 29 1965
695 884 218 40 dagtecknad
930 887 226 39 proposition,
1175 897 43 20 nr
1237 888 48 35 18,
1303 889 65 30 har
1385 890 126 39 Kungl.
1530 890 115 40 Maj:t,

156 933 112 30 under
287 934 219 40 åberopande
529 945 43 21 av
592 938 263 38 propositionen
877 939 136 39 bilagda
1036 941 11 28 i
1069 941 187 30 statsrådet
1280 943 65 28 och
1366 943 156 39 lagrådet
1545 944 100 29 förda

157 987 184 37 protokoll,

199 1039 73 31 dels
291 1040 180 40 föreslagit
488 1042 186 40 riksdagen
692 1046 50 27 att
760 1047 126 36 antaga
904 1046 56 29 vid
978 1047 261 38 propositionen
1259 1048 122 39 fogade
1400 1049 130 40 förslag
1547 1050 53 30 till

201 1094 26 28 1.
264 1093 56 40 lag
334 1103 58 21 om
408 1095 236 40 polisregister
659 1106 45 20 m.
718 1107 56 25 m.,

199 1146 29 29 2.
266 1147 56 39 lag
340 1148 178 39 angående
538 1149 135 31 ändrad
692 1150 130 39 lydelse
842 1161 44 20 av
907 1152 35 29 11
967 1152 16 37 8
1004 1154 100 39 lagen
1124 1154 66 30 den
1212 1154 41 30 28
1274 1155 69 40 maj
1371 1155 81 30 1937
1479 1156 59 34 (nr
1559 1157 81 34 249)

154 1208 56 20 om
229 1200 301 41 inskränkningar
548 1202 11 29 i
578 1203 113 30 rätten
712 1206 51 28 att
783 1205 225 31 utbekomma
1028 1206 180 31 allmänna
1227 1208 220 40 handlingar,
1469 1212 91 28 samt

197 1252 29 30 3.
264 1253 206 41 förordning
490 1264 58 20 om
568 1251 133 35 ändrad
722 1258 130 39 lydelse
873 1269 43 20 av
935 1259 41 29 40
1000 1259 15 37 8
1041 1260 13 29 1
1079 1269 104 21 mom.
1205 1262 438 41 rusdrycksförsäljnings-

155 1305 251 41 förordningen
421 1308 66 29 den
502 1309 42 29 26
559 1310 70 39 maj
651 1310 83 30 1954
754 1311 59 34 (nr
828 1311 96 35 521),

197 1359 73 30 dels
287 1360 65 29 ock
369 1361 147 30 anhållit
533 1371 57 20 om
607 1363 205 40 riksdagens
829 1366 162 38 yttrande
1008 1367 81 29 över
1105 1367 56 29 vid
1179 1368 264 39 propositionen
1461 1369 96 40 fogat
1574 1370 68 30 för-

155 1412 72 39 slag
243 1412 52 29 till
314 1413 207 41 förordning
538 1424 58 20 om
614 1416 134 30 ändrad
763 1417 132 39 lydelse
913 1428 42 20 av
973 1418 16 37 $
1009 1419 18 29 9
1046 1419 251 40 förordningen
1316 1421 66 30 den
1404 1422 38 30 18
1459 1422 79 40 juni
1560 1423 81 30 1864

159 1465 57 32 (nr
228 1465 82 30 41s.
327 1466 34 33 1)
379 1467 178 39 angående
572 1468 164 40 utvidgad
751 1471 262 39 näringsfrihet.

195 1572 268 38 Propositionen
485 1574 66 29 har
574 1574 180 31 hänvisats
778 1576 52 30 till
856 1577 427 33 konstitutionsutskottet
1308 1580 103 31 såvitt
1437 1582 204 30 densamma

152 1633 98 21 avser
269 1625 150 40 ändring
437 1626 11 29 i
466 1627 100 39 lagen
586 1637 57 20 om
662 1628 300 42 inskränkningar
981 1631 10 29 i
1011 1632 114 29 rätten
1145 1635 51 28 att
1216 1633 225 31 utbekomma
1463 1635 178 31 allmänna

151 1677 220 40 handlingar,
396 1680 51 29 till
471 1680 381 40 bevillningsutskottet
877 1684 103 30 såvitt
1004 1685 204 31 densamma
1233 1696 100 21 avser
1357 1688 150 40 ändring
1531 1689 10 29 i
1566 1698 75 21 rus-

151 1730 614 44 drycksförsäljningsförordningen
790 1739 91 27 samt
904 1737 10 29 i
939 1738 110 39 övrigt
1075 1738 49 30 till
1150 1739 203 39 lagutskott.

194 1836 227 31 Beträffande
449 1840 281 38 propositionens
758 1842 256 41 huvudsakliga
1044 1844 156 30 innehåll
1228 1846 56 29 må
1312 1847 64 29 här
1405 1848 142 29 anföras
1578 1849 62 28 föl-

149 1889 115 38 jande.

195 1942 157 30 Polisens
367 1944 225 41 registrering
606 1955 42 20 av
662 1946 91 31 brott
768 1948 65 29 och
848 1949 323 40 vandelsuppgifter
1187 1951 10 29 i
1213 1951 111 40 övrigt
1341 1952 39 29 är
1396 1953 23 29 f.
1434 1963 33 19 n.
1483 1954 71 30 inte
1570 1955 69 38 lag-

151 1995 164 38 reglerad.
335 1996 12 29 I
365 1997 262 39 propositionen
647 1999 144 31 föreslås
811 2010 42 20 en
871 2002 56 39 lag
943 2010 57 21 om
1018 2003 237 40 polisregister
1272 2014 45 20 m.
1332 2014 44 20 m.
1396 2006 133 40 Lagens
1548 2008 90 39 syfte

148 2047 39 29 är
211 2050 50 27 att
287 2049 181 39 tillgodose
494 2051 72 29 dels
593 2052 56 29 det
675 2053 178 31 allmänna
880 2055 395 32 rättssäkerhetskravet
1301 2060 50 28 att
1377 2060 260 39 polisregistren

152 2100 52 30 får
232 2103 49 27 ett
310 2102 155 30 innehåll
495 2113 76 20 som
600 2105 59 38 gör
688 2106 78 29 dem
794 2107 52 29 till
876 2108 167 30 effektiva
1072 2109 213 31 instrument
1315 2111 149 30 framför
1493 2113 61 30 allt
1584 2114 54 29 för

149 2153 393 42 brottsbekämpningen
572 2158 64 29 och
665 2158 72 29 dels
767 2159 66 30 den
862 2161 175 30 enskildes
1067 2163 373 38 rättsskyddsintresse
1468 2168 51 27 att
1548 2176 90 20 sam-

149 2205 75 31 lade
250 2208 178 38 uppgifter
452 2218 57 19 om
533 2210 90 29 hans
649 2211 121 30 vandel
797 2212 71 30 inte
895 2213 87 29 skall
1010 2214 116 29 finnas
1153 2215 213 40 tillgängliga
1393 2217 10 29 i
1430 2218 110 30 större
1566 2228 71 20 om-

149 2258 152 40 fattning
319 2260 44 28 än
385 2269 74 20 som
478 2262 104 29 krävs
602 2272 42 20 av
662 2264 177 30 allmänna
863 2266 85 28 skäl.
969 2267 116 38 Enligt
1105 2267 100 39 lagen
1226 2268 88 29 skall
1336 2270 269 40 registreringen
1627 2272 9 28 i

149 2311 244 39 polisregister,
413 2322 74 20 som
507 2314 72 29 förs
598 2316 147 30 centralt
763 2317 65 29 och
847 2318 118 33 lokalt,
985 2318 186 39 begränsas
1192 2320 50 29 till
1262 2321 179 39 uppgifter
1458 2332 75 20 som
1553 2324 84 39 poli-

148 2372 57 21 sen
227 2364 150 30 behöver
398 2365 54 30 för
472 2368 50 28 att
543 2366 120 31 kunna
685 2368 150 40 fullgöra
857 2371 54 28 sin
932 2371 231 30 verksamhet.
1187 2373 122 39 Regler
1329 2382 57 31 ges
1408 2385 57 20 om
1486 2376 11 29 i
1518 2376 117 31 vilken

149 2417 243 40 utsträckning
412 2419 63 29 och
497 2419 50 29 till
570 2429 76 21 vem
670 2422 176 39 uppgifter
867 2423 55 29 får
942 2424 134 30 lämnas
1099 2427 37 27 ut
1157 2425 79 30 från
1259 2427 246 40 polisregister.
1527 2429 108 31 Dessa

146 2470 110 39 regler
275 2480 101 20 avser
397 2472 85 29 även
504 2472 182 41 tidningen
710 2474 379 33 Polisunderrättelser.
1111 2479 132 30 Bruket
1265 2489 43 20 av
1329 2481 244 41 vandelsintyg
1594 2493 42 20 av

147 2530 134 40 Bihang
298 2531 53 30 till
365 2532 205 40 riksdagens
586 2535 175 38 protokoll
779 2537 94 30 1965.
892 2538 17 29 7
926 2538 98 30 saml.
1041 2539 49 29 Nr
1105 2540 20 28 9
