1910 2839
257 184 17 29 Nn

582 183 122 40 Tredje
719 184 239 39 lagutskottets
974 185 175 31 utlåtande
1164 196 42 20 nr
1222 187 39 29 19
1277 186 39 30 år
1333 187 83 30 1970

302 274 30 40 5)
363 285 57 20 om
440 275 138 31 föraren
599 276 89 39 gjort
708 276 50 40 sig
778 277 135 39 skyldig
933 277 49 31 till
1004 278 112 39 fylleri
1137 279 82 30 eller
1238 278 125 40 olovlig
1383 278 148 40 körning
1550 279 65 30 och
1636 279 56 30 det
1711 278 30 40 ej

258 329 70 31 kan
345 339 98 22 anses
463 331 202 39 uppenbart,
686 335 47 27 att
752 333 70 29 han
841 332 136 31 ändock
995 333 37 30 är
1051 336 48 28 att
1117 333 147 31 bedöma
1283 343 74 20 som
1375 343 42 20 en
1436 333 153 31 skötsam
1606 343 135 30 person,

257 385 81 29 eller
359 395 56 20 om
438 386 70 30 han
529 386 79 30 med
630 386 135 39 hänsyn
789 387 48 30 till
862 387 158 39 onyktert
1043 388 209 30 levnadssätt
1277 388 74 30 icke
1373 389 63 30 bör
1456 389 114 29 betros
1593 388 79 30 med
1694 391 48 27 att

257 439 126 30 inneha
396 439 156 36 körkort;

301 493 30 40 6)
363 504 56 20 om
438 494 138 31 föraren
595 504 122 30 genom
737 495 156 39 brottslig
911 496 144 39 gärning
1073 496 181 39 ådagalagt
1273 496 151 40 påtaglig
1441 496 84 32 brist
1544 496 44 40 på
1606 497 136 39 hänsyn

257 547 49 31 till
328 549 108 29 andra
457 550 82 29 eller
557 549 44 39 på
623 550 110 38 grund
755 560 41 20 av
817 550 194 39 personliga
1033 550 241 31 förhållanden
1297 551 7 30 i
1328 551 109 39 övrigt
1459 551 74 30 icke
1553 551 70 30 kan
1643 561 99 21 anses

255 602 143 40 lämplig
412 612 74 21 som
500 604 114 30 förare
628 613 42 21 av
683 604 300 40 körkortspliktigt
997 605 138 36 fordon;

301 657 30 40 7)
362 667 57 21 om
446 658 156 31 förarens
629 659 288 40 förutsättningar
942 660 56 30 för
1022 660 67 30 rätt
1116 664 47 27 att
1190 660 76 30 föra
1293 660 298 40 körkortspliktigt
1617 661 126 30 fordon

256 711 97 31 blivit
376 711 37 32 så
437 713 211 39 väsentligen
671 713 181 31 minskade
877 722 122 31 genom
1023 714 172 39 sjukdom,
1221 714 108 31 skada
1352 715 82 30 eller
1457 714 119 40 dylikt,
1601 718 49 28 att
1672 715 70 30 han

255 776 41 20 ur
311 766 465 41 trafiksäkerhetssynpunkt
790 767 74 31 icke
879 768 116 30 vidare
1008 769 64 30 bör
1085 768 126 31 inneha
1225 769 155 36 körkort;
1396 772 89 27 samt

301 821 30 39 8)
362 831 56 21 om
439 822 137 30 föraren
597 822 73 31 icke
690 822 245 31 efterkommer
953 823 260 39 länsstyrelsens
1234 823 243 40 föreläggande
1496 827 48 28 att
1564 824 178 30 inkomma

256 875 78 29 med
360 876 325 37 lämplighetsintyg,
713 876 196 38 läkarintyg
935 877 81 28 eller
1040 877 298 37 kompetensbevis
1365 878 80 28 eller
1472 877 196 30 underlåter
1694 880 49 26 att

256 928 99 32 ställa
378 928 50 40 sig
450 928 50 31 till
523 928 225 31 efterrättelse
769 929 40 30 de
832 929 224 36 föreskrifter,
1080 939 73 21 som
1176 930 189 31 meddelats
1388 930 129 31 honom
1540 930 10 30 i
1574 931 169 30 samband

255 983 79 30 med
348 982 123 31 sådant
485 983 253 39 föreläggande.

300 1036 163 31 Grunden
492 1038 19 29 8
540 1037 152 30 ansluter
721 1037 48 31 till
799 1037 235 38 stadgandena
1063 1048 56 19 om
1148 1038 236 39 länsstyrelses
1413 1038 259 40 handläggning
1700 1048 43 21 av

789 1093 39 13 29

256 1090 376 31 återkallelseärenden.
654 1091 113 39 Enligt
788 1105 40 16 33
848 1089 19 40 $
890 1093 9 28 1
926 1101 103 21 mom.
1049 1092 88 30 skall
1158 1092 116 39 dylika
1294 1093 151 30 ärenden
1463 1102 42 20 av
1525 1093 218 39 länsstyrelse

256 1147 168 37 upptagas
445 1154 39 21 ex
506 1145 130 31 officio.
660 1144 134 40 Frågan
817 1155 55 20 om
894 1156 42 20 en
957 1155 141 29 persons
1120 1145 201 40 lämplighet
1342 1156 74 20 som
1437 1146 304 31 körkortsinneha-

257 1208 79 21 vare
356 1199 86 30 skall
463 1199 204 39 skyndsamt
687 1203 169 35 upptagas
877 1200 49 30 till
948 1199 238 40 omprövning,
1209 1200 63 30 där
1291 1200 55 30 det
1366 1200 80 30 med
1464 1200 137 40 hänsyn
1621 1200 50 32 till
1692 1200 49 31 in-

255 1253 129 30 komna
411 1253 266 30 underrättelser
703 1253 166 33 befinnes,
899 1257 47 27 att
974 1254 256 30 vederbörande
1257 1254 30 38 ej
1316 1254 176 39 uppfyller
1518 1254 41 30 de
1586 1254 85 30 krav
1698 1254 45 39 på

255 1306 214 40 skicklighet,
497 1307 146 39 hänsyn,
672 1317 125 20 ansvar
824 1307 64 30 och
915 1306 190 41 pålitlighet
1133 1308 9 29 i
1170 1307 397 39 nykterhetshänseende
1594 1309 82 30 eller
1701 1309 42 30 de

255 1361 117 38 övriga
399 1361 295 38 förutsättningar,
722 1371 73 19 som
824 1362 104 37 gäller
955 1362 54 28 för
1035 1361 198 30 erhållande
1259 1371 42 21 av
1327 1362 152 30 körkort.
1508 1362 129 30 Därvid
1663 1363 80 38 äger

256 1414 241 39 länsstyrelsen
521 1414 120 39 ålägga
665 1415 138 29 föraren
826 1418 48 27 att
897 1415 177 30 inkomma
1098 1416 78 29 med
1198 1415 325 39 lämplighetsintyg,
1547 1416 196 39 läkarintyg

256 1468 80 30 eller
352 1468 308 39 kompetensbevis,
679 1469 118 30 varvid
815 1468 57 31 må
890 1470 133 29 lämnas
1040 1469 169 30 särskilda
1227 1469 216 31 föreskrifter
1460 1479 57 21 om
1535 1470 66 30 den
1618 1470 123 30 under-

256 1522 147 40 sökning
425 1532 74 20 som
523 1523 86 29 skall
634 1522 117 39 föregå
775 1522 228 39 handlingens
1027 1523 218 31 utfärdande.
1271 1523 259 39 Länsstyrelsen
1554 1525 81 37 äger
1656 1525 86 29 även

255 1576 87 38 själv
356 1576 81 30 eller
451 1584 122 31 genom
588 1576 291 39 polismyndighet
893 1576 211 30 införskaffa
1120 1576 201 40 erforderlig
1335 1577 193 39 utredning.

300 1630 115 31 Beslut
435 1640 57 20 om
512 1629 214 31 återkallelse
746 1640 42 20 av
808 1630 143 30 körkort
971 1630 104 30 fattas
1095 1640 41 20 av
1158 1631 66 30 den
1244 1631 227 39 länsstyrelse,
1493 1641 75 20 som
1587 1631 155 31 utfärdat

256 1683 186 31 körkortet.
460 1679 220 35 Återkallelse
697 1683 43 40 på
760 1684 110 39 grund
888 1693 42 21 av
947 1684 227 39 straffbelagd
1191 1684 161 31 förseelse
1369 1684 57 31 må
1443 1685 74 30 icke
1535 1685 68 36 ske,
1623 1685 119 30 förrän

256 1737 123 39 frågan
400 1747 56 20 om
479 1738 104 29 straff
603 1738 54 29 för
679 1738 185 29 förseelsen
885 1737 97 31 blivit
1003 1738 143 39 avgjord
1169 1746 123 30 genom
1314 1738 315 39 lagakraftvunnen
1650 1739 90 35 dom,

256 1791 118 31 såvida
390 1792 31 38 ej
438 1791 338 39 omständigheterna
794 1792 37 29 är
847 1791 140 35 sådana,
1005 1795 48 27 att
1070 1792 138 29 föraren
1225 1795 129 28 oavsett
1370 1791 172 40 utgången
1560 1793 8 29 i
1585 1802 155 21 ansvars-

255 1844 123 40 frågan
392 1845 70 30 kan
476 1854 98 21 anses
590 1845 164 39 olämplig
768 1848 48 27 att
832 1845 74 30 föra
920 1845 298 39 körkortspliktigt
1234 1845 134 31 fordon.

300 1899 118 30 Redan
435 1899 74 30 före
525 1898 129 40 slutligt
670 1899 110 31 beslut
798 1899 8 30 i
824 1898 107 40 fråga,
950 1908 74 21 som
1040 1899 64 30 här
1120 1909 106 26 avses,
1244 1900 81 39 äger
1340 1900 218 39 länsstyrelse
1575 1899 167 31 återkalla

255 1953 143 30 körkort
423 1953 67 31 tills
517 1953 126 36 vidare,
671 1963 57 20 om
755 1953 55 30 det
836 1952 44 40 på
907 1953 180 30 sannolika
1115 1953 74 29 skäl
1215 1953 70 30 kan
1310 1956 152 36 antagas,
1490 1957 48 27 att
1565 1954 176 30 körkortet

254 2007 158 30 kommer
425 2009 48 28 att
488 2006 129 39 slutligt
631 2005 193 31 återkallas.

299 2055 334 36 Återbekommande
656 2070 41 20 av
719 2059 181 32 återkallat
922 2060 142 31 körkort
1087 2060 68 30 kan
1179 2061 104 39 enligt
1314 2062 9 29 5
1346 2070 103 21 mom.
1473 2061 120 31 endast
1616 2060 124 41 ifråga-

255 2115 151 35 komma,
425 2115 61 29 där
502 2113 238 31 återkallelsen
758 2114 87 29 skett
862 2113 44 39 på
923 2113 196 39 någondera
1137 2124 42 20 av
1196 2114 194 38 grunderna
1409 2116 16 28 7
1444 2115 81 29 eller
1540 2116 28 30 8.
1587 2114 44 31 Så
1646 2118 96 27 snart

255 2169 56 30 det
331 2167 219 31 förhållande
570 2167 160 39 upphört,
753 2177 73 20 som
849 2167 162 30 föranlett
1031 2167 369 36 återkallelsebeslutet,
1423 2169 80 38 äger
1522 2168 139 30 föraren
1682 2178 58 20 an-

255 2222 85 31 söka
357 2231 57 22 om
432 2221 194 31 körkortets
644 2220 208 31 återfående.
873 2221 71 29 Har
963 2224 45 27 ett
1027 2220 39 31 år
1083 2221 81 30 eller
1183 2221 144 30 däröver
1346 2221 159 36 förflutit,
1525 2221 109 31 måste
1652 2222 89 30 dock

254 2276 157 30 ansökan
424 2285 78 21 avse
516 2275 210 30 utfärdande
739 2284 42 20 av
796 2277 74 36 nytt
885 2274 152 30 körkort.

299 2330 73 30 Har
396 2328 327 31 återkallelsebeslut
749 2329 118 29 fattats
894 2327 43 40 på
963 2327 114 40 någon
1103 2337 42 21 av
1172 2328 195 39 grunderna
1397 2330 81 29 1—6
1505 2328 70 31 kan
1601 2329 139 30 föraren

254 2383 90 39 ånyo
364 2383 161 30 förvärva
545 2383 67 29 rätt
632 2385 48 28 att
700 2382 75 30 föra
796 2381 298 39 körkortspliktigt
1115 2382 124 29 fordon
1259 2382 120 30 endast
1400 2391 121 30 genom
1541 2385 48 28 att
1609 2383 131 30 ansöka

255 2447 56 21 om
333 2440 75 36 nytt
431 2436 152 30 körkort.
608 2436 86 30 Före
715 2435 223 30 utfärdandet
960 2435 87 30 skall
1071 2435 66 30 viss
1162 2435 8 29 i
1195 2436 17 29 5
1236 2445 103 20 mom.
1364 2435 146 39 angiven
1532 2436 49 30 tid
1603 2437 45 29 ha
1671 2436 67 31 för-

255 2491 102 31 flutit.
384 2491 120 31 Denna
529 2490 87 29 skall
641 2489 58 30 vid
723 2488 213 31 återkallelse
961 2488 44 39 på
1031 2489 154 38 grunden
1214 2490 12 28 1
1255 2490 121 37 utgöra
1402 2489 103 31 minst
1531 2489 57 31 två
1613 2489 38 31 år
1675 2491 65 29 och

255 2545 9 29 i
278 2544 116 39 övriga
410 2544 70 35 fall,
497 2543 144 30 sålunda
657 2542 103 39 enligt
775 2542 195 38 grunderna
985 2543 95 34 2—6,
1096 2542 104 29 minst
1215 2545 44 27 ett
1274 2541 47 31 år.
