1848 2772
428 169 299 34 Statsutskottets
743 170 185 33 utlåtande
945 182 43 21 nr
1007 172 66 32 103
1090 171 39 33 år
1146 173 90 31 1959
1536 176 40 28 25

83 248 116 35 Mom.
222 250 34 33 3.

127 300 152 36 Kronan
298 302 88 34 skall
408 305 65 40 äga
494 305 74 32 rätt
589 308 66 35 att,
675 315 59 22 om
755 303 136 34 kronan
912 303 39 35 så
971 303 140 41 önskar,
1132 303 120 35 utföra
1273 304 145 34 arbeten
1440 304 55 35 för
1516 317 59 21 an-

83 354 165 45 läggning
266 368 46 22 av
331 356 134 34 sådana
483 361 103 38 gator
603 356 67 35 och
688 356 183 43 ledningar
889 357 96 34 inom
1004 357 378 42 stadsplaneområdet,
1403 357 96 35 vilka
1517 370 58 22 en-

82 407 64 43 ligt
169 408 305 43 stadsplaneavtal
498 409 74 35 helt
594 410 82 34 eller
699 410 110 34 delvis
834 410 165 35 bekostas
1024 423 46 22 av
1092 411 148 34 kronan.
1265 410 142 35 Sådana
1430 412 145 34 arbeten

82 461 100 35 skola
204 462 137 35 utföras
364 463 10 34 i
398 463 155 43 enlighet
575 464 80 34 med
679 463 143 35 stadens
845 463 218 35 föreskrifter
1085 464 109 43 enligt
1217 467 129 40 gängse
1369 465 117 42 praxis
1510 465 65 34 och

81 515 113 35 under
217 517 78 34 dess
318 516 167 35 kontroll.

792 570 15 40 8
834 574 33 32 4,

127 630 133 36 Därest
280 631 138 35 kronan
439 633 131 34 önskar
590 633 74 34 helt
686 633 82 34 eller
790 633 110 35 delvis
922 633 162 43 bebygga
1107 634 61 34 det
1190 635 155 40 område,
1368 647 76 22 som
1467 634 108 43 enligt

82 685 253 34 ovannämnda
350 685 311 44 dispositionsplan
678 686 88 34 skall
783 686 181 43 utnyttjas
980 686 55 35 för
1051 687 267 43 vetenskapliga
1334 687 242 35 institutioner

82 737 66 34 och
176 738 145 43 statliga
347 739 205 43 byggnader
578 744 89 30 utan
695 745 56 29 att
779 740 158 34 avvakta
962 740 252 43 planläggning
1241 753 46 22 av
1314 741 173 41 området,
1515 754 60 22 an-

81 790 160 36 kommer
262 792 61 35 det
342 793 48 42 på
410 793 138 40 staden,
569 798 56 30 att
644 794 48 42 på
713 796 73 32 sätt
807 806 75 22 som
903 794 90 34 efter
1013 794 226 43 förhandling
1258 795 130 34 mellan
1407 800 168 38 parterna

82 843 159 36 befinnes
267 845 163 43 lämpligt
456 847 159 33 anordna
640 846 128 35 tillfart
795 853 93 29 samt
914 847 203 43 framdraga
1142 848 184 42 ledningar
1352 848 55 34 för
1433 849 142 42 avlopp,

82 902 138 37 vatten,
236 911 62 30 gas
314 899 66 34 och
397 899 212 35 elektricitet
625 900 92 34 intill
734 903 148 40 gränsen
900 900 55 34 för
972 901 162 34 området
1150 901 124 43 ifråga.
1290 901 213 36 Kostnaden
1521 902 54 34 för

82 950 272 44 framdragande
371 965 46 21 av
432 952 127 35 tillfart
574 959 93 29 samt
683 954 183 42 ledningar
881 954 54 34 för
950 966 61 30 gas
1028 954 65 34 och
1110 955 212 34 elektricitet
1339 955 173 35 bestridas
1529 968 45 21 av

81 1003 137 36 staden.
240 1004 71 35 För
333 1005 205 44 anslutning
561 1018 44 22 av
628 1006 163 35 området
813 1007 53 34 till
890 1007 143 35 stadens
1056 1008 179 34 allmänna
1259 1013 141 29 vatten-
1423 1009 67 34 och
1514 1021 59 22 av-

81 1057 356 44 loppsanläggningar
464 1059 88 34 skall
579 1060 137 34 kronan
744 1060 124 43 utgiva
895 1060 197 43 ersättning
1118 1061 11 34 i
1157 1062 68 34 den
1254 1061 218 43 omfattning
1499 1075 75 21 som

81 1110 156 44 framgår
253 1124 46 22 av
315 1112 102 43 lagen
435 1125 58 22 om
512 1113 179 34 allmänna
709 1119 140 29 vatten-
868 1114 65 34 och
952 1115 402 42 avloppsanläggningar
1372 1115 69 34 den
1460 1119 19 30 3
1497 1115 77 42 juni

83 1167 99 32 1955.
202 1165 19 33 I
243 1166 67 34 den
331 1166 84 33 mån
435 1166 159 34 härovan
615 1168 194 34 omnämnd
831 1167 126 34 tillfart
978 1167 66 35 och
1064 1168 183 43 ledningar
1267 1168 55 34 för
1342 1181 72 30 gas,
1436 1174 137 35 vatten,

80 1217 213 35 elektricitet
312 1219 66 34 och
399 1219 130 43 avlopp
550 1219 219 44 framdragas
789 1223 85 32 över
892 1221 113 40 mark,
1026 1233 76 22 som
1123 1224 39 31 är
1181 1221 11 34 i
1212 1222 154 34 kronans
1388 1225 77 39 ägo,
1486 1223 87 33 skall

81 1270 136 35 kronan
234 1272 253 35 kostnadsfritt
504 1273 103 34 ställa
623 1274 103 33 mark
744 1273 53 35 till
814 1275 142 34 stadens
974 1274 218 43 förfogande.

781 1363 15 39 $
825 1367 31 31 5.

125 1422 68 35 Till
218 1423 117 35 denna
358 1424 339 35 överenskommelse
722 1425 65 34 hör
810 1438 43 22 en
879 1426 116 43 bilaga
1019 1427 80 34 med
1124 1427 264 35 kommentarer
1411 1429 53 34 till
1490 1430 82 34 den-

79 1487 147 24 samma.

125 1645 77 35 Har
218 1647 102 34 detta
335 1646 130 44 förslag
480 1647 53 35 till
548 1648 339 35 överenskommelse
903 1649 76 34 icke
996 1649 74 35 före
1086 1650 67 34 den
1172 1653 16 31 1
1206 1650 140 43 januari
1365 1654 88 32 1960
1470 1652 102 35 blivit

79 1699 160 41 godkänt
258 1712 45 21 av
322 1699 224 36 Stockholms
566 1701 320 43 stadsfullmäktige
905 1714 126 31 genom
1051 1703 117 35 beslut
1186 1716 76 22 som
1281 1705 47 33 då
1346 1705 129 34 vunnit
1493 1706 79 41 laga

78 1751 98 36 kraft
195 1757 94 29 samt
308 1766 46 21 av
372 1753 134 43 Kungl.
525 1753 111 43 Maj:t
655 1754 66 34 och
740 1755 198 43 riksdagen,
958 1755 88 35 skall
1066 1756 167 43 förslaget
1253 1756 53 35 till
1325 1759 247 33 överenskom-

77 1805 107 34 melse
203 1818 101 22 anses
323 1807 52 33 till
396 1807 69 34 alla
483 1807 97 34 delar
598 1807 165 36 förfallet.

123 1857 124 35 Härav
270 1861 60 32 äro
353 1859 64 34 två
438 1859 72 35 lika
532 1860 154 42 lydande
707 1861 177 42 exemplar
906 1862 216 41 upprättade
1145 1863 66 33 och
1234 1864 203 34 utväxlade.

123 1927 207 36 Stockholm
351 1930 67 34 den
440 1933 42 31 13
502 1930 153 35 februari
678 1934 87 31 1959

993 1986 70 34 För
1080 1985 223 36 Stockholms
1322 1988 80 34 stad

259 2036 378 43 Djurgårdsnämnden
979 2039 91 34 Dess
1093 2039 323 43 fastighetsnämnd

279 2099 123 42 Henry
418 2100 201 34 Johansson
1058 2101 148 43 Walfrid
1220 2102 120 34 Frank

435 2161 18 42 /
467 2161 106 34 K.G.
586 2161 193 35 Arrhenius
1277 2164 18 42 /
1309 2164 104 34 Sture
1431 2165 141 34 Dahlén

124 2293 81 34 Den
223 2294 11 34 i
256 2294 15 39 $
293 2297 19 31 5
332 2294 10 34 i
361 2296 364 34 överenskommelsen
745 2297 155 34 avsedda
919 2297 140 42 bilagan
1078 2298 65 33 har
1162 2298 156 41 följande
1337 2299 143 41 lydelse.

74 2550 16 27 3
115 2564 31 5 —
165 2551 100 31 Bihang
284 2552 38 25 till
338 2551 150 32 riksdagens
504 2553 129 31 protokoll
650 2555 72 23 1959.
758 2556 15 22 6
790 2554 72 25 saml.
900 2554 36 24 Nr
956 2556 48 22 103
