1894 2784
280 148 39 29 12
629 146 314 31 Bankoutskottets
960 148 179 30 utlåtande
1154 157 44 21 nr
1213 149 40 30 31
1271 149 39 30 år
1328 150 84 29 1966

278 234 77 21 som
377 225 661 42 byggindustrialiseringsutredningen
1063 228 107 39 enligt
1194 228 77 31 sina
1295 229 151 30 direktiv
1470 229 148 30 erhållit.
1642 229 122 40 Någon

279 278 152 31 särskild
447 279 122 39 åtgärd
584 279 12 30 i
611 280 189 40 anledning
814 290 43 21 av
872 280 313 40 följdmotionerna
1200 290 102 31 synes
1319 281 122 31 därför
1455 282 78 31 icke
1548 282 214 40 erforderlig.

323 331 226 40 Aberopande
567 332 68 30 vad
654 333 64 30 här
737 333 137 30 anförts
892 333 202 30 hemställer
1114 334 182 35 utskottet,

643 387 50 29 att
720 386 220 31 motionerna
966 387 107 30 I:548
1100 388 66 29 och
1193 388 45 30 II:
1255 388 62 30 660
1346 388 77 30 icke
1449 388 108 30 måtte
1583 388 181 30 föranleda

598 438 114 40 någon
737 439 206 40 riksdagens
968 440 131 39 åtgärd.

325 509 202 31 Stockholm
546 510 70 30 den
637 510 19 30 6
678 511 69 39 maj
775 510 82 30 1966

747 599 46 30 På
814 598 308 32 bankoutskottets
1143 600 145 39 vägnar:

869 688 100 30 NILS
994 688 170 30 STÅHLE

896 891 240 31 Närvarande:

322 961 79 29 från
432 961 166 30 första
626 962 220 30 kammaren:
867 963 124 29 herrar
1008 963 152 40 Hilding,
1180 963 125 31 Gustaf
1322 964 121 40 Henry
1461 965 173 33 Hansson,
1654 965 109 34 Palm,

276 1005 218 39 Rönnberg”,
514 1005 196 40 Lundberg,
730 1007 153 34 Larfors,
904 1008 172 29 Mattsson
1096 1008 65 30 och
1184 1008 82 30 Sten
1285 1008 241 36 Andersson";

320 1067 82 30 från
459 1068 118 30 andra
602 1069 221 30 kammaren:
838 1069 125 30 herrar
976 1069 170 38 Regnéll”,
1159 1070 188 37 Börjesson
1360 1071 11 29 i
1385 1071 225 37 Glömminge,
1623 1072 139 36 Bengts-

277 1121 63 21 son
357 1113 12 29 i
384 1113 238 35 Landskrona,
640 1114 150 29 Larsson
807 1114 11 29 i
837 1114 138 34 Umeå”,
993 1114 162 30 Ekström
1172 1115 12 29 i
1202 1115 179 37 Iggesund,
1400 1115 57 30 fru
1475 1116 193 34 Hörnlund,
1686 1116 76 30 her-

275 1166 58 21 rar
348 1157 195 40 Hyltander
556 1158 66 30 och
638 1158 213 30 Gustavsson
868 1159 10 29 i
894 1158 215 40 ängelholm.

311 1223 12 14 +
345 1223 33 30 Ej
394 1224 173 23 närvarande
580 1223 50 24 vid
642 1224 179 30 justeringen.

1373 2496 84 16 MARCUS
1466 2496 74 16 BOKTA.
1549 2497 64 15 STHLM
1627 2496 36 16 1966
1681 2495 73 18 660029
