2210 2612
413 152 19 31 4
597 152 118 32 Första
734 153 204 41 kammarens
960 156 117 30 första
1100 153 162 41 tillfälliga
1284 154 132 31 utskotts
1438 154 163 32 utlåtande
1625 154 52 31 Nr
1702 155 49 31 10.

369 244 66 35 per
464 233 107 47 gång
598 231 69 36 och
696 231 97 37 barn
822 231 211 37 bestämdes
1062 245 46 23 av
1135 232 237 49 sparbanken
1397 232 56 36 till
1474 234 46 35 25
1541 238 75 31 öre.
1664 233 75 36 För
1760 238 55 31 att
1834 233 139 37 bereda

370 283 144 35 barnen
555 283 146 36 tillfälle
744 288 56 32 att
839 284 125 35 lämna
1006 284 72 35 hur
1104 284 82 36 litet
1213 283 137 50 belopp
1379 297 81 23 som
1488 284 110 47 helst,
1627 287 120 34 måste
1776 285 156 36 sålunda
1959 287 12 35 i

370 334 132 36 skolan
545 334 93 36 först
674 335 122 36 bildas
824 348 46 23 en
899 335 307 48 samlingskassa.
1262 336 73 35 För
1362 335 103 37 detta
1493 336 175 36 ändamål
1695 337 168 48 trycktes
1892 337 79 37 dels

369 399 46 23 en
456 386 147 36 mindre
643 387 159 36 motbok
843 387 57 35 för
928 386 142 37 barnen
1099 387 69 36 och
1197 387 79 36 dels
1306 400 46 23 en
1380 387 149 49 liggare
1558 388 58 36 för
1643 388 158 37 läraren.
1857 388 114 49 Varje

367 440 106 46 gång
516 443 53 31 ett
596 438 94 36 barn
719 439 196 35 avlämnar
943 452 47 23 en
1020 439 108 46 slant,
1159 439 206 36 antecknar
1392 440 145 35 läraren
1566 439 101 37 detta
1695 440 12 35 i
1735 441 59 35 sin
1821 440 148 48 liggare

369 490 69 35 och
466 490 12 35 i
507 489 148 37 barnets
684 490 78 36 lilla
791 490 165 36 motbok.
1012 490 171 49 Ungefär
1211 503 47 23 en
1286 493 107 45 gång
1419 491 13 36 i
1460 491 185 36 månaden
1664 496 72 43 gör
1754 492 147 36 läraren
1921 505 48 23 en

368 541 218 49 avslutning
614 542 57 35 för
699 543 73 35 alla
800 542 45 36 de
872 542 107 46 barn,
1010 555 82 23 som
1120 542 142 36 lämnat
1290 544 48 34 25
1368 547 64 32 öre
1460 542 90 37 eller
1578 556 116 33 mera,
1724 544 71 35 och
1816 544 56 35 för
1890 557 78 36 upp

368 592 83 36 dem
479 595 49 46 på
555 598 46 31 en
629 594 98 35 lista.
784 593 132 37 Denna
944 594 135 36 sändes
1109 594 115 48 därpå
1244 594 56 36 till
1329 594 249 49 sparbanken.
1634 594 80 36 Här
1742 595 158 36 erhålles
1921 596 47 35 då

366 644 63 36 vid
458 644 119 36 första
604 645 262 48 insättningen
894 659 46 23 en
968 645 132 49 vanlig
1120 645 167 48 motbok,
1308 648 48 46 på
1374 646 128 36 vilken
1521 646 176 36 fortsatta
1715 646 256 49 insättningar

366 696 115 36 sedan
527 701 112 44 göras
681 697 124 48 enligt
846 710 144 23 samma
1031 697 292 49 förfaringssätt.
1387 697 208 37 Resultatet
1637 711 46 23 av
1725 697 46 37 de
1811 701 158 45 gångna

366 750 106 33 årens
500 748 241 36 verksamhet
768 749 152 47 utvisar,
942 754 54 30 att
1015 748 117 37 saken
1151 749 195 36 omfattats
1373 750 84 35 med
1477 749 123 49 livligt
1619 750 160 36 intresse
1799 762 46 23 av
1864 751 104 35 såväl

340 799 144 36 lärare
525 812 81 23 som
647 800 95 36 barn
771 801 70 35 och
870 800 194 36 föräldrar.
1120 800 56 36 De
1204 803 142 46 många
1374 804 81 33 små
1483 801 188 36 bäckarna
1698 801 49 36 ha
1775 801 108 36 blivit
1910 801 58 36 till

365 864 46 22 en
451 851 251 36 förbluffande
731 857 81 31 stor
839 855 32 44 å,
901 854 137 42 30,733
1068 852 141 36 kronor
1238 854 46 33 29
1314 857 76 41 öre,
1420 853 125 36 vartill
1573 853 153 36 komma
1754 853 45 35 de
1827 857 138 42 räntor,

364 915 81 23 som
473 904 208 47 gottgjorts
712 904 46 36 de
786 907 139 45 många
952 904 221 36 insättarna.
1204 926 40 2 —
1269 903 212 49 Glädjande
1501 917 78 36 nog
1598 904 49 36 ha
1665 904 302 49 uttagningarna

363 954 96 36 varit
487 955 279 47 jämförelsevis
795 956 37 35 få
860 956 70 35 och
952 955 112 48 ringa
1083 955 12 35 i
1113 955 235 36 förhållande
1367 956 56 35 till
1442 956 72 36 vad
1535 969 80 23 som
1634 956 147 36 insatts.
1838 955 129 37 Större

363 1005 109 37 delen
507 1020 45 22 av
571 1006 45 36 de
644 1007 120 36 under
791 1009 108 34 årens
927 1007 90 48 lopp
1046 1008 141 34 insatta
1214 1007 151 35 medlen
1393 1010 57 33 stå
1478 1007 143 37 således
1649 1007 96 36 kvar
1773 1008 12 35 i
1813 1007 151 36 banken

362 1058 55 35 till
453 1058 178 36 framtida
659 1072 108 34 gagn
796 1058 68 36 och
893 1058 128 48 glädje
1050 1058 57 36 för
1134 1058 83 36 sina
1246 1058 136 48 ägare.

491 1109 119 36 Dessa
643 1109 99 36 båda
771 1110 70 36 och
870 1109 259 49 mångfaldiga
1157 1109 117 36 andra
1304 1110 63 35 fall
1396 1110 93 46 visa,
1520 1115 54 31 att
1601 1110 82 36 icke
1712 1113 41 33 så
1780 1111 82 36 litet
1889 1110 74 36 kan

362 1165 113 43 göras
516 1164 49 45 på
606 1161 293 48 frivillighetens
939 1166 90 43 väg,
1059 1161 69 36 och
1162 1161 184 36 utskottet
1373 1161 119 36 håller
1519 1162 92 47 före,
1641 1167 54 31 att
1723 1168 54 30 ett
1805 1162 159 36 förstän-

362 1212 166 48 digande
547 1213 57 36 till
624 1213 403 49 skolmyndigheterna
1047 1218 55 30 att
1120 1212 157 49 vidtaga
1297 1212 173 49 åtgärder
1489 1213 12 36 1
1520 1213 160 36 berörda
1699 1214 99 49 syfte
1823 1213 141 37 varken

361 1268 41 31 är
429 1264 174 49 lämpligt
630 1265 92 35 eller
750 1265 156 48 nyttigt.

491 1368 196 37 Utskottet
724 1370 159 46 övergår
923 1382 50 21 nu
1016 1368 56 35 till
1113 1381 130 23 senare
1286 1367 107 37 delen
1435 1381 45 22 av
1522 1368 299 37 motionärernas
1859 1368 104 37 hem-

361 1418 147 37 ställan.

487 1471 75 36 För
577 1471 339 49 jordbrukskassor
935 1472 70 35 och
1025 1471 274 36 centralkassor
1315 1471 58 36 för
1386 1471 331 48 jordbrukskredit
1731 1472 102 49 gälla
1847 1472 115 36 bland

361 1528 115 30 annat
503 1523 167 48 följande
698 1523 293 36 bestämmelser.

488 1574 340 37 Centralkassorna
867 1579 136 44 utgöra
1045 1574 386 49 sammanslutningar
1471 1575 58 35 för
1570 1580 53 31 ett
1664 1574 91 37 eller
1781 1575 90 36 flera
1899 1576 62 35 län

358 1639 47 23 av
446 1626 245 36 ekonomiska
732 1626 218 48 föreningar
991 1626 84 36 med
1117 1626 174 36 ändamål
1333 1632 53 30 att
1417 1640 68 22 var
1511 1626 71 36 och
1610 1639 46 23 en
1684 1627 102 36 inom
1815 1627 59 36 sin
1901 1633 60 30 ort

357 1677 137 36 bereda
521 1678 217 36 driftkredit
766 1680 38 34 åt
831 1677 129 37 idkare
988 1692 48 21 av
1059 1677 145 48 mindre
1218 1677 198 48 jordbruk.
1472 1677 78 36 Har
1570 1678 115 36 sådan
1705 1678 255 36 centralkassa

356 1730 135 35 vunnit
533 1729 278 49 godkännande
845 1729 81 36 från
954 1729 63 37 det
1046 1729 208 36 allmännas
1282 1729 92 47 sida,
1403 1731 60 34 må
1491 1729 216 49 Konungen
1734 1733 49 46 på
1810 1730 149 47 villkor,

356 1793 80 23 som
464 1786 137 44 prövas
629 1781 195 49 lämpliga,
854 1781 89 48 giva
970 1781 139 36 kassan
1138 1781 166 36 tillstånd
1334 1786 54 31 att
1407 1781 84 36 från
1511 1781 253 37 allmänheten
1788 1786 171 44 mottaga

356 1832 254 48 insättningar
639 1836 20 32 å
687 1832 379 50 sparkasseräkning.
1123 1831 294 37 Centralkassan
1446 1833 96 35 skall
1571 1833 48 36 ha
1643 1832 58 37 till
1721 1833 238 36 uteslutande

356 1883 171 37 ändamål
566 1890 53 30 att
648 1885 138 49 främja
813 1884 45 36 de
885 1884 177 36 anslutna
1085 1884 406 48 jordbrukskassornas
1518 1897 288 36 gemensamma
1834 1885 124 49 syften

355 1935 69 36 och
452 1938 62 34 må
542 1936 32 49 ej
604 1936 118 36 vinna
750 1936 280 48 godkännande
1058 1936 82 36 från
1168 1936 64 36 det
1260 1936 209 36 allmännas
1498 1936 81 36 sida
1606 1936 85 36 med
1719 1936 146 37 mindre
1885 1936 72 37 den

354 1986 125 37 består
508 2001 46 22 av
582 1988 116 36 minst
729 1989 46 34 10
800 1987 351 49 jordbrukskassor.

482 2039 83 36 Vad
601 2039 392 49 jordbrukskassorna
1034 2039 179 37 beträffar
1253 2042 62 33 må
1356 2039 44 37 de
1441 2039 58 36 för
1539 2051 98 37 egen
1678 2039 166 49 räkning
1874 2039 82 36 icke

354 2090 105 36 driva
500 2105 125 22 annan
666 2091 336 49 inlåningsrörelse
1044 2097 47 30 än
1120 2094 20 33 å
1169 2091 365 49 sparkasseräkning
1574 2091 70 36 och
1673 2091 82 36 icke
1784 2096 172 42 mottaga

352 2142 255 50 insättningar
635 2148 117 31 annat
780 2148 47 31 än
856 2143 82 36 från
967 2143 293 36 medlemmarne
1289 2143 100 47 eller,
1424 2142 5 36 i
1458 2142 71 37 den
1558 2146 87 33 mån
1670 2142 110 37 dessa
1798 2147 157 44 utgöras

353 2206 45 23 av
427 2194 245 36 ekonomiska
701 2194 229 49 föreningar,
960 2208 47 23 av
1035 2195 108 36 deras
1173 2195 253 36 medlemmar.
