2241 2692
532 211 221 30 Sammansatta
778 212 92 30 Stats-
895 213 49 29 och
968 213 214 38 Lagutskottets
1211 214 153 29 Utlåtande
1387 215 56 29 N:o
1468 217 27 27 7.
1776 216 38 29 17

203 293 79 31 mot
321 288 101 36 hvad
462 301 79 24 som
580 290 13 35 i
625 290 204 36 allmänhet
856 292 116 45 gäller
997 291 230 37 beträffande
1253 293 232 47 tjänstemän,
1513 294 68 35 har
1607 292 209 48 föreslagits

204 340 56 35 uti
288 352 45 23 en
361 340 61 36 del
449 339 41 37 af
514 341 44 36 de
584 342 13 35 i
625 342 151 36 ärendet
795 341 141 47 afgifna
954 342 251 37 utlåtandena.
1246 343 163 47 Somliga
1426 345 259 46 myndigheter
1704 345 114 37 hafva

205 387 190 70 nämligen
435 392 189 36 hemställt
664 406 60 22 om
763 392 189 38 föreskrift
984 394 139 45 därom,
1159 400 55 30 att
1248 396 120 35 lärare
1395 397 89 35 eller
1510 397 198 45 lärarinna,
1736 410 81 23 som

206 442 161 46 uppnått
409 444 45 34 60
495 442 57 37 års
593 443 103 36 ålder
741 445 68 35 och
853 445 13 35 i
907 444 235 47 vederbörlig
1182 446 160 47 ordning
1380 446 200 48 förklarats
1607 426 209 67 berättigad

204 493 61 35 till
292 493 61 35 hel
378 494 166 45 pension,
572 495 96 35 skall
694 508 92 23 vara
807 495 154 58 skyldig
989 500 54 31 att
1070 495 85 47 afgå
1172 496 83 36 från
1273 479 170 64 tjänsten.
1473 489 155 45 Äfven
1614 512 66 32 jag
1699 511 115 33 anser,

205 549 56 30 att
302 544 81 46 den,
423 557 80 23 som
529 545 68 36 vill
623 546 152 35 komma
804 547 13 35 i
846 546 218 47 åtnjutande
1091 547 41 35 af
1156 548 44 35 de
1226 547 229 37 förbättrade
1482 524 332 76 löneförmånerna,

204 595 70 36 bör
315 573 147 68 Else
503 608 45 23 en
589 596 115 36 sådan
736 597 221 48 skyldighet,
986 598 94 35 dock
1105 599 86 35 med
1218 599 71 36 den
1316 600 258 36 modifikation
1602 605 63 40 att,
1694 579 121 58 därest

204 646 280 36 vederbörande
509 648 236 43 skolstyrelse
763 649 120 34 finner
902 648 71 36 den
990 647 284 47 ifrågavarande
1292 651 164 35 lärarens
1476 652 89 35 eller
1582 629 232 58 [Ness

204 696 174 36 fortsatta
417 698 247 46 tjänstgöring
702 712 92 22 vara
833 700 172 45 gagnelig
1043 699 58 36 för
1129 701 141 45 skolan,
1297 702 73 35 han
1400 703 90 35 eller
1516 703 75 35 hon
1619 702 61 36 må
1706 701 108 38 äfven

206 747 91 37 efter
324 749 163 35 nämnda
512 749 56 35 tid
595 749 150 36 kvarstå
770 751 13 34 i
809 751 170 45 tjänsten.

306 798 128 37 Såsom
473 799 165 47 framgår
678 800 40 36 af
754 801 100 36 hvad
875 802 67 45 jag
967 800 102 37 förut
1097 800 132 47 anfört,
1257 803 151 35 komma
1435 803 45 36 de
1506 803 223 37 förändrade
1756 805 58 35 be-

204 851 229 35 stämmelser
472 851 85 35 med
590 850 170 37 afseende
788 851 21 36 å
833 852 318 46 pensioneringen,
1179 866 80 22 som
1280 854 67 45 jag
1374 859 120 31 ansett
1521 856 77 44 mig
1623 855 93 36 böra
1741 856 74 35 till-

204 901 137 46 styrka,
370 906 54 31 att
449 901 153 47 påkalla
627 902 98 36 vissa
752 903 201 46 ändringar
979 904 13 35 i
1018 903 173 46 gällande
1218 906 222 45 reglemente
1462 904 59 37 för
1538 905 276 37 folkskollärar-

202 965 67 23 nas
308 953 392 46 pensionsinrättning,
741 955 165 44 hvarom,
948 954 122 36 därest
1110 955 71 35 den
1214 955 41 36 af
1276 957 77 44 mig
1378 955 211 47 föreslagna
1615 958 199 44 löneregle-

202 1003 132 46 ringen
374 1003 134 36 varder
544 1003 40 36 af
615 983 116 57 Eders
761 1004 133 46 Kungl.
920 1004 103 47 Maj:t
1049 1005 175 46 godkänd
1252 1007 68 35 och
1347 1006 41 36 af
1412 1007 210 47 Riksdagen
1649 989 164 65 bifallen,

203 1053 114 37 Eders
345 1054 136 46 Kungl.
508 1054 103 47 Maj:t
636 1054 198 38 framdeles
860 1056 107 36 torde
994 1034 154 58 besluta.

304 1156 73 46 Jag
403 1157 68 35 har
497 1157 116 36 redan
641 1157 142 45 antydt,
811 1163 55 30 att
893 1171 45 23 en
960 1158 156 46 höjning
1135 1157 40 37 af
1188 1157 502 48 folkskollärarpersonalens
1709 1161 104 35 löner

204 1207 68 35 och
299 1207 121 36 såsom
445 1206 95 48 följd
568 1207 109 37 däraf
700 1221 45 23 en
771 1209 156 57 höjning
954 1208 41 37 af
1016 1209 359 47 pensionsbeloppen
1400 1210 197 58 påfordrar
1613 1224 44 23 en
1673 1211 140 46 ökning

203 1256 41 37 af
267 1263 138 31 statens
432 1259 133 45 bidrag
590 1260 60 35 till
675 1260 318 57 pensioneringen.
1034 1260 51 36 På
1103 1261 123 45 grund
1245 1260 40 36 af
1299 1260 232 45 befallning
1520 1256 17 65 i
1554 1262 180 35 särskilda
1751 1268 60 30 nå-

204 1309 86 45 diga
315 1309 86 36 bref
424 1309 41 35 af
489 1310 70 35 den
588 1312 45 33 26
655 1311 147 44 augusti
819 1312 96 34 1904
932 1311 66 36 och
1016 1311 71 36 den
1103 1313 45 34 29
1165 1312 205 46 september
1386 1313 94 35 1905
1497 1313 68 35 har
1580 1312 231 37 direktionen

202 1358 104 37 öfver
344 1359 332 38 folkskollärarnas
710 1361 381 46 pensionsinrättning
1117 1363 194 35 verkställt
1337 1363 200 46 utredning
1562 1364 13 35 i
1603 1363 122 36 denna
1752 1364 61 35 del

203 1409 41 36 af
267 1411 165 43 ärendet;
461 1412 68 35 och
555 1413 193 35 resultatet
775 1411 41 37 af
836 1412 122 36 denna
975 1413 201 46 utredning
1193 1412 204 37 innehålles
1415 1414 13 35 i
1447 1414 249 36 direktionens
1710 1414 103 36 förut

203 1461 257 46 omförmälda,
489 1462 70 36 den
589 1464 19 34 9
632 1463 149 45 januari
811 1465 95 34 1906
937 1464 251 45 dagtecknade
1214 1464 203 46 utlåtande,
1444 1464 59 37 för
1520 1466 153 45 hvilket,
1692 1465 120 36 såvidt

203 1512 62 36 det
292 1491 310 68 sammanhänger
627 1514 86 35 med
741 1513 71 36 den
840 1514 41 36 af
903 1515 77 45 mig
986 1496 217 63 tillstyrkta
1220 1490 328 76 löneregleringen,
1563 1517 67 47 Jag
1645 1507 167 45 anhåller

201 1568 55 30 att
282 1577 52 22 nu
360 1562 38 37 få
423 1564 191 45 redogöra.

303 1614 85 36 Med
428 1593 202 67 Riedne
669 1614 41 36 af
743 1614 320 48 framställning
1044 1616 82 36 från
1155 1617 45 35 de
1226 1617 190 45 revisorer,
1444 1630 79 22 som
1548 1617 49 46 på
1624 1618 123 47 grund
1775 1617 40 36 af

200 1664 130 46 nådigt
368 1664 253 37 förordnande
661 1667 176 44 granskat
875 1645 330 58 folkskollärarnas
1239 1668 105 35 änke-
1372 1646 68 57 och
1465 1656 249 59 pupillkassas
1740 1668 71 36 för-

200 1716 172 45 valtning
412 1717 67 35 och
519 1717 249 46 räkenskaper
805 1716 59 37 för
892 1717 86 36 åren
1020 1719 259 44 1900—1902,
1307 1723 95 31 samt
1429 1719 250 36 direktionens
1707 1719 104 37 öfver

200 1766 331 37 folkskollärarnas
570 1768 381 46 pensionsinrättning
989 1768 172 37 häröfver
1201 1748 141 67 le
1380 1770 192 36 utlåtande
1600 1770 210 37 anbefallde

201 1817 115 37 Eders
357 1817 135 47 Kungl.
532 1818 103 47 Maj:t
670 1832 133 33 genom
830 1819 129 46 nådigt
985 1819 85 36 bref
1093 1820 70 36 den
1192 1822 45 34 26
1267 1821 146 45 augusti
1442 1822 97 35 1904
1568 1821 241 46 direktionen,

201 1869 117 35 bland
346 1874 124 41 annat,
499 1875 64 40 att,
591 1870 113 35 sedan
730 1871 99 35 vissa
856 1871 201 35 statistiska
1082 1870 210 37 förarbeten
1320 1871 145 46 utförts,
1479 1872 77 36 låta
1578 1885 134 33 genom
1731 1874 78 35 sak-

201 1920 144 46 kunnig
383 1933 135 34 person
553 1922 201 35 verkställa
779 1921 279 47 undersökning
1084 1921 41 36 af
1148 1923 106 35 änke-
1281 1923 69 35 och
1375 1923 274 47 pupillkassans
1677 1924 132 36 ekono-

202 1971 120 35 miska
362 1972 176 45 ställning
576 1971 59 37 för
674 1972 219 46 utrönande,
921 1986 61 22 om
1009 1973 68 35 och
1104 1975 10 33 i
1142 1973 100 36 hvad
1268 1973 87 36 mån
1381 1973 122 47 någon
1530 1973 215 48 förhöjning
1772 1975 41 35 af

203 2021 164 36 därifrån
406 2022 183 46 utgående
627 2023 197 46 pensioner
863 2024 124 35 kunde
1014 2024 179 46 vidtagas,
1221 2030 95 30 samt
1343 2029 54 31 att
1424 2024 159 37 därefter
1608 2026 60 35 till
1693 2025 115 37 Eders

203 2072 135 46 Kungl.
367 2072 101 48 Maj:t
492 2074 193 35 inkomma
710 2074 86 36 med
823 2074 62 36 det
910 2074 140 48 förslag
1077 2076 10 34 i
1115 2080 134 41 ämnet,
1275 2076 151 35 hvartill
1446 2076 364 46 omständigheterna

198 2123 126 36 kunde
349 2123 205 37 föranleda.

301 2174 139 36 Vidare
466 2174 85 44 blef,
579 2174 210 37 äfvenledes
816 2188 134 33 genom
977 2175 129 47 nådigt
1132 2176 84 36 bref
1240 2177 71 36 den
1331 2178 45 34 26
1397 2178 147 45 augusti
1565 2179 106 44 1904,
1691 2178 116 36 direk-

199 2225 129 35 tionen
368 2204 187 57 anmodad
595 2231 55 30 att
687 2227 193 35 inkomma
918 2227 85 36 med
1037 2227 201 46 utredning
1265 2228 69 35 och
1359 2229 148 46 förslag,
1534 2228 48 47 på
1608 2207 101 58 hvad
1736 2234 72 30 sätt

200 2276 68 35 och
297 2276 117 36 under
447 2277 128 35 hvilka
601 2277 138 36 villkor
766 2277 243 47 skolområde,
1037 2278 240 47 skoldistrikt,
1304 2260 236 64 skolstyrelse
1567 2280 90 35 eller
1684 2293 123 23 annan

300 2339 60 27 DBih.
378 2340 44 26 till
438 2340 97 27 Riksd.
554 2341 73 26 Prot.
647 2340 87 27 1906.
770 2341 17 26 4
805 2341 86 26 Saml.
927 2341 20 26 2
964 2342 71 33 Afd.
1072 2341 15 27 7
1107 2342 80 33 Häft.
1689 2344 15 25 3
