2241 2694
534 211 218 29 Sunmansatta
778 211 92 28 Stais-
894 211 49 28 och
967 211 216 38 Lagutskottets
1211 210 154 28 Utlåtande
1388 210 55 29 N:o
1469 211 29 27 7.
1782 206 41 31 d1

206 290 58 36 till
306 290 112 36 minst
456 291 46 35 50
545 289 68 37 och
639 288 203 48 tjänståren
878 289 59 35 till
963 289 114 35 minst
1105 289 56 42 25,
1188 288 207 46 hvarjämte
1421 287 295 46 folkskollärare,
1743 299 79 23 som

207 354 136 33 genom
371 342 144 46 obotlig
543 341 173 47 sjukdom
743 340 124 37 blifvit
895 340 229 36 urståndsatt
1152 344 54 31 att
1232 339 129 37 vidare
1388 339 106 36 sköta
1521 340 55 35 sim
1605 339 122 47 tjänst,
1746 339 77 35 kan

206 393 116 36 redan
365 391 91 38 efter
492 393 113 35 minst
635 394 45 34 10
709 392 186 36 ordinarie
922 391 155 47 tjänstår
1106 390 140 37 erhålla
1272 391 155 46 pension
1456 389 92 37 efter
1575 390 97 36 vissa
1698 391 13 35 i
1738 402 85 35 pen-

207 445 344 44 sionsreglementet
577 451 171 28 närmare
777 442 152 46 angifna
956 443 174 45 grunder.

313 494 17 36 I
358 495 103 36 dessa
488 495 284 42 bestämmelser,
801 507 78 23 som
908 495 115 45 enligt
1050 493 135 46 Kungl.
1204 492 119 47 Maj:ts
1341 493 138 45 förslag
1498 492 104 36 skola
1620 491 204 37 bibehållas

211 545 255 46 oförändrade,
493 545 215 47 ifrågasätta
735 546 85 35 herr
848 545 169 35 Mallmin
1036 545 67 35 och
1123 545 91 35 hans
1233 543 313 37 medmotionärer
1566 543 71 36 den
1657 543 168 45 ändring,

213 602 55 31 att
295 598 187 35 lärarinna
509 595 203 50 medgifves
739 601 75 31 rätt
840 596 59 35 till
926 596 61 36 hel
1013 596 165 46 pension,
1210 595 46 35 då
1273 596 77 35 hon
1368 594 86 49 fyllt
1476 596 45 34 53
1542 594 40 36 år
1601 595 68 35 och
1688 595 138 35 räknar

214 651 45 34 27
300 648 164 46 tjänstår,
505 647 189 38 äfvensom
733 653 75 30 rätt
842 648 59 35 till
928 646 173 37 afkortad
1127 647 166 45 pension,
1322 646 46 36 då
1394 647 76 34 hon
1497 645 89 45 fyllt
1613 646 46 35 45
1689 644 40 37 år
1756 645 69 36 och

213 700 137 36 räknar
384 701 45 35 20
457 699 165 46 tjänstår,
650 699 67 36 och
745 697 135 37 föreslå
906 699 285 44 motionärerna,
1219 703 54 30 att
1300 697 210 45 Riksdagen
1538 697 119 35 skulle
1683 697 12 35 i
1723 695 103 37 skrif-

212 752 100 36 velse
340 752 65 34 hos
432 750 136 46 Kungl.
596 750 102 46 Maj:t
725 749 149 37 anhålla
902 762 61 23 om
990 749 159 46 ändring
1176 747 40 37 af
1240 748 418 47 pensionsreglementet
1681 748 13 35 i
1713 746 114 37 öfver-

215 802 273 37 ensstäxmmelse
515 801 162 36 härmed.

316 853 103 36 Efter
459 852 99 36 hvad
597 853 181 34 utskottet
804 852 193 43 inhämtat,
1024 852 142 35 utvisar
1193 850 216 44 statistiken,
1438 854 54 31 att
1518 849 310 46 medelpensions-

214 904 139 43 åldern,
393 904 89 36 eller
523 903 70 36 den
635 903 110 44 ålder,
776 902 64 37 vid
867 902 152 36 hvilken
1051 900 403 47 pensionsberättigade
1487 901 13 35 i
1526 900 176 36 medeltal
1733 898 99 48 afgå,

211 956 217 46 visserligen
454 954 84 36 från
565 955 130 45 början
713 955 98 35 varit
829 954 29 46 ej
879 953 40 36 så
938 953 222 47 oväsentligt
1177 953 103 45 lägre
1298 951 60 36 för
1378 952 191 44 kvinnliga
1588 958 46 28 än
1653 952 58 34 för
1730 964 99 22 man-

215 1007 76 47 liga
327 1007 129 44 lärare,
492 1018 83 23 men
605 1010 55 31 att
686 1005 214 36 densamma
929 1003 90 37 efter
1046 1003 100 36 hand
1175 1003 83 36 dem
1287 1003 157 35 emellan
1470 1003 212 45 utjämnats,
1710 1014 37 22 så
1775 1006 54 30 att

215 1058 207 35 lärarinnag
449 1056 397 47 medelpensionsålder
873 1068 156 23 numera
1056 1062 40 28 är
1123 1055 108 45 högst
1257 1054 209 46 obetydligt
1492 1054 101 44 lägre
1616 1060 46 28 än
1682 1053 146 35 lärares.

216 1109 81 36 Den
324 1108 211 45 föreslagna
560 1107 273 45 förändringen,
862 1119 79 23 som
968 1105 41 36 af
1032 1106 276 35 motionärerna
1334 1103 210 47 ifrågasatts
1567 1103 119 36 såsom
1706 1109 123 30 ersätt-

216 1160 92 46 ning
334 1159 59 36 för
411 1159 71 37 den
510 1157 39 37 af
575 1159 83 36 dem
684 1157 210 46 föreslagna
924 1158 102 45 lägre
1053 1156 337 48 begynnelselönen
1418 1155 37 36 åt
1483 1155 192 47 kvinnliga
1702 1155 128 43 lärare,

218 1223 107 35 synes
354 1210 157 36 sålunda
538 1210 79 36 icke
644 1222 90 24 vara
761 1209 174 48 påkallad
964 1207 40 36 af
1026 1207 115 47 något
1167 1208 161 44 verkligt
1355 1205 115 37 behof
1494 1206 69 36 och
1580 1206 69 35 har
1668 1206 29 45 ej
1715 1206 116 35 heller

217 1261 125 37 blifvit
382 1260 40 37 af
458 1262 260 34 lärarinnorna
758 1259 132 47 själfva
920 1258 178 49 påyrkad.
1151 1258 190 36 Utskottet
1368 1270 105 23 anser
1500 1258 56 47 sig
1583 1256 139 37 således
1750 1256 81 36 icke

218 1314 129 34 kunna
373 1313 188 44 tillstyrka
587 1311 125 46 någon
738 1310 219 46 förändring
984 1311 55 34 uti
1065 1308 285 49 ifrågavarande
1377 1307 180 37 afseende.

318 1363 18 35 T
372 1362 377 37 öfverensstämmelse
776 1362 85 36 med
888 1374 44 23 en
959 1362 144 45 princip
1130 1362 102 34 inom
1259 1358 357 50 pensionsväsendet,
1644 1371 78 23 som
1750 1358 81 35 allt-

219 1428 102 23 mera
359 1420 126 39 trängt
526 1414 54 45 sig
615 1413 108 46 fram,
750 1414 68 35 har
847 1412 134 46 Kungl.
1008 1411 102 47 Maj:t
1136 1411 84 36 med
1247 1410 284 48 ifrågavarande
1557 1410 274 47 lönereglering

1860 1355 147 30 Skyldighet

1850 1392 39 21 att
1907 1391 110 29 bidraga

1874 1425 38 22 till
1929 1431 59 22 egen

221 1470 118 31 ansett
379 1466 92 35 böra
496 1464 192 37 förbindas
715 1464 212 46 skyldighet
953 1463 58 36 för
1037 1462 230 36 folkskolans
1295 1461 272 46 lärarpersonal
1595 1465 54 31 att
1677 1460 148 46 bidraga
1841 1459 181 29 pensionering.

218 1517 60 35 till
319 1517 58 35 sin
419 1529 91 33 egen
550 1516 259 46 pensionering
850 1515 68 35 och
958 1515 10 34 i
1003 1513 131 36 sådant
1161 1513 208 36 hänseende
1396 1512 201 45 föreslagit,
1624 1517 55 30 att
1704 1512 130 44 lärare,

222 1581 80 22 som
329 1567 106 48 ingår
463 1567 47 47 på
542 1567 71 35 den
644 1580 75 35 nya
745 1566 328 46 löneregleringen,
1102 1565 88 36 eller
1218 1577 79 23 som
1322 1564 182 44 tillsättes,
1532 1562 91 37 efter
1651 1563 61 35 det
1742 1563 91 34 kun-

221 1619 144 46 görelse
404 1619 13 34 i
457 1623 124 31 ämnet
619 1618 210 40 utkommit,
870 1617 97 35 skall
992 1629 90 22 vara
1109 1616 134 46 pliktig
1270 1620 54 30 att
1350 1614 118 36 såsom
1496 1614 132 45 bidrag
1654 1614 59 35 till
1739 1614 96 34 kost-

222 1669 166 36 naderna
419 1668 58 37 för
503 1669 307 47 pensioneringen
830 1669 149 44 erlägga
998 1680 45 22 en
1062 1667 94 45 årlig
1175 1665 118 46 afgift,
1313 1665 260 36 motsvarande
1592 1662 71 48 2'/>
1681 1669 156 41 procent

223 1719 40 37 af
301 1720 72 36 den
411 1720 73 41 lön,
525 1719 58 36 för
622 1720 152 35 hvilken
802 1718 269 37 skoldistriktet
1097 1717 84 36 med
1210 1715 169 37 afseende
1407 1715 21 36 å
1454 1716 92 35 hans
1573 1716 264 47 pensionering

221 1772 136 35 vunnit
398 1770 230 46 delaktighet
667 1771 13 34 i
719 1769 328 36 folkskollärarnes
1087 1768 389 47 pensionsinrättning.
1531 1766 54 36 De
1626 1765 40 37 af
1700 1766 136 47 Kungl.

222 1822 104 47 Maj:t
353 1822 59 35 till
439 1821 83 36 stöd
550 1820 125 37 härför
702 1820 158 36 anförda
887 1819 211 46 grunderna
1125 1831 106 23 anser
1257 1819 181 35 utskottet
1465 1825 68 37 äga
1558 1816 73 36 full
1656 1817 181 47 giltighet,

224 1873 69 36 och
320 1871 58 37 får
405 1873 180 35 utskottet
612 1872 107 35 alltså
736 1872 12 35 i
768 1871 121 36 denna
912 1871 59 36 del
989 1870 187 48 tillstyrka
1194 1869 107 36 bifall
1319 1869 59 36 till
1395 1868 137 46 Kungl.
1551 1867 118 47 Maj:ts
1688 1867 149 45 förslag.

324 1923 139 36 Vidare
502 1924 68 35 har
608 1922 139 47 Kungl.
788 1922 103 47 Maj:t
930 1922 12 34 i
982 1921 179 36 samband
1189 1920 84 36 med
1300 1920 318 46 löneregleringen
1644 1918 192 46 ifrågasatt

223 1974 197 36 införande
460 1973 40 36 af
536 1987 43 22 en
621 1974 132 36 hittills
793 1976 47 44 på
867 1972 228 36 folkskolans
1123 1971 151 36 område
1301 1971 29 46 cj
1359 1970 197 46 tillämpad
1582 1970 254 36 bestämmelse

225 2038 61 23 om
319 2025 210 48 skyldighet
561 2024 57 36 för
645 2026 119 34 lärare
792 2030 64 39 att,
884 2023 38 36 så
949 2028 102 31 snart
1078 2023 74 35 han
1179 2023 89 35 eller
1286 2022 75 36 hon
1388 2021 160 48 uppnått
1576 2023 46 34 60
1651 2021 56 36 års
1735 2020 102 36 ålder

225 2077 70 35 och
330 2077 10 35 i
369 2076 236 47 vederbörlig
633 2076 160 47 ordning
819 2074 198 37 förklarats
1044 2073 208 48 berättigad
1279 2074 58 35 till
1363 2073 62 36 hel
1452 2073 165 47 pension,
1645 2071 85 47 afgå
1756 2071 84 37 från

224 2128 170 45 tjänsten,
423 2127 94 36 dock
544 2127 85 36 med
657 2127 71 35 den
755 2126 279 45 inskränkning,
1062 2130 62 40 att,
1153 2125 121 35 därest
1300 2123 278 37 vederbörande
1604 2124 237 48 skolstyrelse

224 2180 121 34 finner
386 2178 71 36 den
496 2177 284 46 ifrågavarande
820 2178 165 35 lärarens
1019 2177 88 35 eller
1134 2176 232 35 lärarinnans
1394 2174 174 36 fortsatta
1594 2174 247 48 tjänstgöring

223 2242 90 23 vara
340 2229 172 46 gagnelig
538 2228 58 36 för
624 2230 140 44 skolan,
792 2228 263 44 skolstyrelsen
1081 2228 75 34 kan
1183 2226 75 36 låta
1284 2226 86 36 med
1397 2225 166 37 afskedet
1589 2225 114 36 anstå.

325 2280 85 36 Med
450 2280 71 36 den
560 2279 211 48 föreslagna
804 2279 284 36 bestämmelsen
1116 2291 61 22 om
1205 2277 214 48 skyldighet
1444 2276 58 36 för
1529 2277 118 35 lärare
1675 2281 55 31 att
1757 2274 85 49 afgå

1867 1931 147 30 Skyldighet

1855 1969 38 19 att
1911 1965 66 30 afgå
1986 1967 41 22 vid

1898 2001 29 21 60
1946 1999 37 24 år.
