2260 2576
407 218 21 29 4
913 217 245 41 Lagutskottets
1189 217 177 32 Utlåtande
1389 217 64 31 N:o
1477 218 54 30 26.

407 299 152 36 stående
598 299 224 48 hjälpmedel
861 299 135 36 anlitas
1035 299 205 35 emellertid
1278 298 83 35 icke
1394 298 114 35 alltid.
1567 298 89 36 Ofta
1685 300 86 35 sker
1795 301 238 48 bebyggande

407 357 90 32 utan
536 356 53 32 att
628 353 217 47 erforderlig
874 352 199 47 dränering
1101 353 159 46 föregått
1289 352 40 35 af
1355 352 61 35 det
1445 352 158 43 område,
1636 364 76 24 som
1741 354 195 47 bebygges,
1967 356 66 35 och

407 407 83 35 icke
535 407 119 36 sällan
698 409 115 33 måste
857 406 194 36 afsevärda
1090 406 198 35 kostnader
1327 405 200 47 nedläggas
1557 408 47 44 på
1632 406 255 48 torrläggning
1916 409 40 34 af
1975 409 58 35 be-

409 461 122 47 byggd
560 460 105 35 mark
696 461 68 34 och
792 460 240 35 bortledande
1062 459 84 35 från
1174 458 104 48 dylik
1307 459 104 35 mark
1436 459 41 35 af
1502 459 240 47 hälsofarliga
1771 466 142 38 ämnen,
1944 474 86 31 som,

407 514 117 36 innan
569 520 99 29 ännu
697 513 240 47 bebyggande
962 512 111 45 skett,
1099 512 144 35 kunnat
1272 513 82 34 med
1382 512 86 36 vida
1497 512 143 36 mindre
1670 515 156 46 omgång
1855 515 66 34 och
1945 527 88 34 upp-

410 567 136 48 offring
574 566 267 36 undanskaffas
871 566 91 35 eller
990 566 287 46 oskadliggöras.
1323 567 62 34 Nu
1415 566 194 36 anmärkta
1629 566 257 37 förhållanden
1909 568 124 35 kunna

405 621 83 35 icke
518 620 213 36 förhindras
761 622 142 33 ensamt
932 619 83 35 med
1044 619 161 48 tillhjälp
1236 619 41 35 af
1302 620 44 35 de
1375 618 14 36 i
1417 620 109 46 lagen
1546 621 190 46 angående
1756 622 189 45 stadsplan
1966 622 66 35 och

406 673 294 46 tomtindelning
739 673 40 35 af
818 673 72 34 den
930 675 46 32 31
1010 673 147 47 augusti
1189 675 99 33 1907
1321 673 212 35 meddelade
1558 674 228 46 stadganden
1815 687 57 23 om
1902 675 131 35 förbud

406 732 75 31 mot
509 727 236 47 nybyggnad,
777 725 140 44 hvilka,
941 726 55 35 för
1017 729 40 32 så
1077 726 80 35 vidt
1177 727 44 34 de
1242 726 201 47 lämpligen
1462 726 128 35 kunna
1608 727 187 46 tillämpas
1816 728 56 35 för
1893 730 139 34 nående

409 781 40 34 af
494 781 62 34 det
604 792 50 22 nu
698 780 283 46 ifrågavarande
1025 780 218 43 ändamålet,
1289 792 108 35 synas
1442 779 77 36 afse
1562 781 130 35 endast
1731 782 182 42 områden,
1952 783 81 34 med

407 834 172 35 afseende
618 834 114 35 hvarå
762 833 187 36 fastställd
978 833 189 46 stadsplan
1194 833 83 35 icke
1306 835 118 33 finnes
1453 833 100 44 eller,
1585 846 57 22 om
1673 835 113 34 sådan
1815 835 129 43 finnes,
1975 836 57 34 be-

408 888 74 35 slut
520 887 130 35 fattats
690 887 188 46 angående
918 886 158 47 ändring
1114 886 41 35 af
1190 887 220 42 densamma,
1452 899 83 22 men
1565 887 236 36 fastställelse
1832 891 20 32 å
1875 888 158 36 beslutet

404 947 99 29 ännu
531 940 83 36 icke
644 940 211 36 meddelats.

515 995 18 34 I
563 993 122 35 likhet
715 994 82 34 med
826 993 281 43 motionärerna,
1141 1006 105 23 anser
1276 994 181 35 utskottet
1486 994 183 36 särskilda
1699 996 168 45 åtgärder
1896 1008 85 23 vara
1997 996 40 34 af

409 1047 174 36 behofvet
631 1047 196 46 påkallade
871 1047 57 35 för
970 1047 162 35 rådande
1170 1047 40 35 af
1239 1047 64 35 bot
1332 1050 20 32 å
1382 1048 164 46 antydda
1574 1047 362 46 missförhållanden;
1966 1050 66 34 och

409 1112 108 35 synes
561 1101 62 34 det
666 1100 181 36 utskottet
886 1100 128 35 kunna
1043 1100 245 47 ifrågasättas,
1320 1113 56 23 om
1408 1100 31 48 ej
1471 1102 44 33 de
1545 1101 244 44 föreskrifter,
1821 1101 127 36 hvilka
1975 1102 58 35 till

411 1154 301 35 förekommande
756 1154 106 34 däraf
901 1154 104 35 torde
1048 1154 89 35 böra
1180 1154 195 43 meddelas,
1415 1154 203 47 lämpligen
1655 1155 89 35 böra
1781 1155 187 36 innehålla
2000 1156 31 46 ej

409 1207 143 35 mindre
577 1207 245 46 provisoriskt
846 1207 92 35 eller
958 1207 187 36 definitivt
1163 1207 185 36 verkande
1369 1207 133 35 förbud
1522 1211 54 32 att
1595 1208 158 46 uppföra
1772 1209 221 46 nybyggnad
2014 1213 19 31 å

408 1261 41 34 af
484 1260 272 36 motionärerna
790 1260 146 47 åsyftad
978 1260 105 35 mark
1113 1266 47 30 än
1189 1260 110 36 äfven
1329 1260 191 48 möjlighet
1548 1262 67 34 och
1644 1262 200 35 eventuellt
1873 1262 159 47 skyldig-

408 1315 64 34 het
515 1314 56 35 för
615 1315 83 34 stad
728 1314 68 35 och
825 1314 179 35 samhälle
1034 1316 55 33 att
1118 1314 117 34 under
1265 1313 98 36 vissa
1392 1313 136 36 villkor
1557 1315 188 35 förvärfva
1773 1316 114 34 sådan
1918 1316 111 34 mark.

407 1368 58 34 Då
503 1367 45 35 de
578 1367 241 46 erforderliga
846 1367 327 35 bestämmelserna
1201 1367 106 35 alltså
1335 1379 109 35 synas
1474 1367 146 36 komma
1649 1370 55 33 att
1733 1368 76 35 afse
1838 1369 101 35 såväl
1963 1372 68 32 sta-

410 1420 226 47 digvarande
679 1420 276 47 inskränkning
997 1420 13 35 i
1044 1432 77 23 som
1165 1420 260 47 upphäfvande
1450 1421 40 35 af
1515 1421 199 35 bestående
1743 1422 289 35 rättsförhållan-

409 1475 82 42 den,
536 1474 78 35 lära
659 1474 55 43 de,
756 1476 116 33 såsom
903 1474 140 47 jämväl
1077 1474 267 35 motionärerna
1380 1474 213 44 framhållit,
1634 1475 89 35 böra
1763 1476 137 34 erhålla
1935 1475 98 36 civil-

404 1528 77 46 lags
510 1531 121 32 natur.

516 1581 194 35 Utskottet
750 1592 105 24 anser
895 1580 58 47 sig
990 1586 68 41 äga
1087 1583 39 32 så
1157 1580 145 47 mycket
1330 1593 100 22 mera
1460 1581 80 35 skäl
1570 1584 53 32 att
1652 1593 50 23 nu
1733 1582 144 35 förorda
1906 1594 44 23 en
1980 1587 51 30 ut-

407 1634 169 47 redning,
622 1635 116 34 sådan
777 1634 70 35 den
878 1634 41 34 af
945 1633 270 36 motionärerna
1239 1633 224 47 ifrågasatts,
1495 1646 75 24 som
1601 1635 211 35 densamma
1840 1647 110 35 synes
1980 1640 51 31 ut-

407 1687 140 36 skottet
576 1687 202 47 lämpligen
808 1687 129 35 kunna
965 1687 66 35 ske
1060 1687 13 34 i
1103 1687 175 35 samband
1307 1688 82 34 med
1418 1688 61 35 det
1507 1700 51 22 nu
1583 1689 186 45 pågående
1789 1689 142 35 arbetet
1950 1690 82 34 med

407 1740 163 36 revision
615 1741 41 34 af
688 1741 350 46 byggnadsstadgan
1081 1740 57 35 för
1175 1740 115 35 rikets
1335 1741 132 43 städer,
1513 1741 157 36 hvilken
1716 1741 159 36 revision
1909 1743 69 35 den
2010 1745 20 32 5

404 1793 72 48 juli
525 1796 99 33 1907
673 1794 39 35 af
754 1795 137 45 Kungl.
924 1794 109 47 Maj:t
1063 1794 217 46 uppdragits
1310 1796 36 33 åt
1377 1806 46 23 en
1452 1795 56 34 för
1538 1795 205 35 ändamålet
1772 1795 134 36 tillsatt
1936 1796 96 35 kom-

408 1847 114 36 mitté.

517 1954 52 34 På
598 1955 120 46 grund
749 1955 40 34 af
814 1955 97 35 hvad
942 1955 155 34 sålunda
1126 1954 244 43 förekommit,
1403 1955 55 34 får
1489 1955 179 35 utskottet
1693 1955 202 43 hemställa,

956 2064 54 32 att
1048 2060 225 46 Riksdagen,
1306 2061 81 34 med
1417 2060 106 36 bifall
1552 2061 59 34 till
1640 2061 240 35 förevarande
1910 2061 121 36 motio-

845 2127 76 31 ner,
967 2117 113 32 måtte
1124 2113 14 35 i
1167 2113 195 36 skrifvelse
1395 2114 59 35 till
1482 2114 138 46 Kungl.
1652 2114 110 47 Maj:t
1790 2114 158 44 anhålla,
1979 2118 54 33 att

844 2168 138 46 Kungl.
1014 2167 110 48 Maj:t
1144 2167 141 36 täcktes
1310 2168 216 35 föranstalta
1546 2179 56 22 om
1622 2167 201 47 utredning
1847 2169 185 45 angående

846 2220 231 47 lämpligaste
1107 2223 111 33 sättet
1248 2223 54 33 att
1326 2220 225 36 förekomma
1580 2220 44 35 de
1648 2220 163 36 sanitära
1837 2222 110 35 vådor
1965 2223 66 35 och

845 2274 115 35 andra
1002 2275 250 46 olägenheter,
1293 2286 75 24 som
1412 2274 56 34 för
1501 2273 123 36 städer
1652 2274 68 35 och
1750 2275 281 37 stadsliknande
