1836 2784
274 139 35 28 12
669 141 387 32 Jordbruksutskottets
1077 144 179 29 utlåtande
1278 154 42 19 nr
1340 146 28 27 6.

318 222 183 30 Utskottet.
522 224 124 38 Kungl.
668 225 122 39 Maj:ts
811 226 260 40 framställning
1090 227 192 39 tillstyrkes
1301 238 41 20 av
1362 230 180 33 utskottet,
1565 239 72 20 som
1660 231 119 29 sålun-

273 274 40 28 da
335 273 210 36 hemställer,

624 327 49 27 att
696 326 184 39 riksdagen
903 328 57 29 må
981 328 168 38 medgiva,
1172 330 49 28 att
1244 329 250 38 fastigheterna
1518 330 131 31 Flaken
1675 332 42 36 11,
1743 334 30 28 12

578 376 63 28 och
665 376 31 28 1"
716 378 10 28 i
745 377 139 39 Rödeby
904 378 137 34 socken,
1060 378 164 39 Blekinge
1244 379 67 34 län,
1332 380 57 29 må
1410 381 107 38 säljas
1537 381 52 28 till
1608 382 165 39 Blekinge

579 426 75 29 läns
692 427 402 42 hushållningssällskap
1133 429 54 29 för
1224 439 41 20 en
1304 430 234 40 köpeskilling
1565 440 41 21 av
1635 432 139 30 102200

579 477 130 29 kronor
734 479 87 27 samt
844 478 44 39 på
912 478 40 30 de
976 478 124 30 villkor
1125 479 9 28 i
1160 479 119 39 övrigt,
1306 490 72 19 som
1404 481 125 38 Kungl.
1555 482 105 39 Maj:t
1686 482 88 30 före-

579 527 144 29 skriver.

982 638 68 29 2:05

753 727 104 31 ÅÄsum
875 730 52 28 16!
945 731 11 28 i
975 730 248 30 Kristianstads
1240 732 85 29 stad.

311 826 308 39 Domänstyrelsen
648 828 87 33 (skr.
758 829 104 35 28/11
889 830 100 35 1952)
1016 830 212 36 hemställer,
1249 834 52 27 att
1323 833 327 40 kronoegendomen
1674 835 95 30 förra

269 877 429 31 häradsskrivarbostället
727 881 47 37 1/;
801 881 132 28 mantal
961 880 107 30 Äsum
1099 882 50 29 16!
1181 883 9 28 i
1220 882 254 31 Kristianstads
1504 885 75 29 stad
1610 886 87 29 skall
1727 886 44 39 på

268 927 90 30 vissa
378 928 148 38 angivna
545 929 126 30 villkor
692 930 106 38 säljas
819 931 50 28 till
890 932 231 38 egendomens
1142 933 203 29 arrendator
1366 934 112 39 Harry
1500 936 183 29 Svensson.

312 976 159 31 Rörande
496 979 232 38 egendomens
753 980 246 31 beskaffenhet
1024 991 44 19 m.
1094 991 45 20 m.
1166 983 101 30 anför
1293 984 170 38 styrelsen
1489 984 167 40 följande.

311 1036 233 38 Egendomen,
564 1047 76 20 som
659 1040 39 28 är
717 1039 141 39 belägen
880 1040 16 29 7
918 1040 182 31 kilometer
1120 1041 79 30 från
1219 1043 140 29 stadens
1380 1045 159 28 centrum
1560 1045 64 29 och
1645 1045 17 29 3
1684 1045 85 29 kilo-

267 1080 107 28 meter
395 1078 80 30 från
495 1080 109 30 Norra
626 1080 126 30 Åsums
774 1082 121 38 kyrka,
917 1084 38 29 är
976 1083 52 29 till
1049 1084 66 29 den
1139 1084 39 29 14
1199 1093 94 21 mars
1317 1085 82 30 1953
1422 1087 252 30 utarrenderad
1697 1090 71 27 mot

267 1129 41 20 en
327 1121 133 39 avgäld,
481 1131 74 20 som
574 1123 55 29 för
648 1125 221 29 arrendeåret
892 1125 148 35 1952/53
1060 1126 101 39 utgår
1181 1127 78 29 med
1279 1127 18 29 3
1315 1127 60 30 100
1395 1128 140 30 kronor.
1556 1129 98 30 Efter
1673 1131 96 28 över-

267 1162 166 41 flyttning
458 1163 141 39 jämlikt
625 1166 126 38 Kungl.
778 1166 122 39 Maj:ts
927 1167 113 30 beslut
1066 1169 66 29 den
1159 1169 40 29 30
1224 1169 78 39 juni
1332 1170 82 29 1942
1441 1171 51 29 till
1520 1171 248 30 lantförsvaret

266 1213 41 20 av
330 1205 66 29 den
418 1215 146 22 numera
587 1208 210 38 avstyckade
820 1209 210 39 fastigheten
1053 1209 109 31 Åsum
1188 1212 52 28 16?
1264 1221 55 19 om
1344 1212 74 33 8,045
1440 1213 134 33 hektar,
1604 1214 5 28 i
1632 1215 136 29 huvud-

267 1247 61 29 sak
354 1247 217 40 skogsmark,
596 1249 195 31 innehåller
816 1252 213 37 egendomen
1052 1270 44 3 —
1120 1262 78 20 vars
1225 1254 82 38 ägor
1333 1255 37 28 är
1396 1255 142 39 utlagda
1564 1256 10 28 i
1599 1256 57 29 två
1683 1257 84 28 skif-

267 1290 66 33 ten,
353 1290 203 30 hemskiftet
575 1292 63 28 och
658 1293 384 39 upplandningsskiftet
1060 1295 56 29 vid
1136 1296 126 38 Helgeå
1280 1314 43 2 —
1341 1306 41 20 en
1402 1298 92 28 areal
1514 1307 41 20 av
1574 1297 41 30 46
1634 1299 135 33 hektar,

264 1333 105 29 därav
387 1332 69 34 40,3
474 1334 123 30 hektar
616 1335 94 34 åker,
732 1336 44 32 2,6
795 1337 123 29 hektar
937 1338 209 34 betesrenar,
1170 1340 42 29 1,4
1231 1340 124 29 hektar
1375 1342 67 38 äng
1461 1342 9 28 i
1491 1342 277 39 upplandnings-

266 1373 120 31 skiftet
408 1375 64 29 och
498 1375 42 33 1,7
562 1376 126 30 hektar
710 1375 237 41 impediment.
971 1378 115 32 Åkern
1108 1380 116 30 består
1247 1390 41 20 av
1312 1382 206 39 sandmylla,
1542 1383 108 29 delvis
1675 1393 93 29 myc-

265 1415 57 30 ket
342 1415 172 40 bemängd
535 1419 78 29 med
635 1420 96 29 stora
749 1418 174 39 jordfasta
945 1422 126 29 stenar.
1093 1422 142 30 Hävden
1258 1424 37 28 är
1316 1424 138 38 mycket
1476 1426 75 37 god.

308 1458 256 39 Boningshuset
585 1462 38 28 är
645 1460 88 30 efter
753 1462 218 39 ombyggnad
995 1463 82 30 1946
1097 1465 10 28 i
1129 1465 157 29 utmärkt
1308 1466 109 29 skick.
1440 1463 326 48 Ekonomibyggna-

266 1500 106 31 derna
398 1503 38 28 är
462 1512 41 19 av
529 1503 64 37 god
619 1503 257 30 beskaffenhet.
903 1505 232 31 Takstolarna
1161 1508 80 29 över
1268 1509 94 29 östra
1389 1509 196 38 stallängan
1612 1511 38 28 är
1677 1510 90 29 dock

265 1542 106 31 delvis
399 1543 153 31 knäckta
578 1545 45 39 på
650 1547 114 37 grund
791 1556 41 19 av
858 1548 314 40 trämaskangrepp
1201 1550 64 28 och
1293 1551 176 38 snötryck.
1498 1551 71 29 Två
1598 1552 170 30 kraftled-

266 1584 133 39 ningar,
445 1587 210 30 tillhörande
702 1588 220 39 Sydsvenska
966 1590 340 41 kraftaktiebolaget,
1341 1594 38 28 är
1412 1593 228 40 framdragna
1685 1596 81 28 över

264 1627 138 38 ägorna.

307 1669 223 39 Egendomen
555 1671 65 30 har
645 1672 55 30 del
726 1672 11 29 i
763 1672 328 40 Köpinge--Åsums
1118 1676 311 40 dikningsföretag,
1456 1679 111 28 Nedre
1593 1679 173 39 Helgeåns

264 1711 325 42 regleringsföretag
606 1724 43 20 av
665 1714 39 30 år
723 1715 82 30 1936
822 1716 64 29 och
904 1717 311 39 Ugerup-—Åsums
1233 1719 302 40 dikningsföretag
1553 1730 41 20 av
1611 1721 38 30 år
1671 1721 92 30 1945.

263 1753 66 31 För
354 1753 245 33 förstnämnda
624 1756 135 41 företag
783 1758 152 39 erlägges
962 1760 54 29 för
1041 1759 210 39 fastigheten
1277 1761 108 39 årliga
1410 1763 199 30 annuiteter
1634 1773 41 20 av
1702 1764 63 29 285

263 1795 128 31 kronor
413 1797 39 30 37
474 1798 57 29 öre
552 1798 52 29 till
625 1799 65 29 och
712 1801 78 29 med
811 1800 38 29 år
872 1801 82 30 1953
978 1804 89 27 samt
1089 1802 62 30 259
1173 1803 130 30 kronor
1324 1805 40 28 60
1385 1805 58 28 öre
1465 1805 54 29 för
1541 1805 37 29 år
1602 1806 93 29 1954.

307 1838 312 40 Taxeringsvärdet
639 1842 38 29 är
700 1841 40 30 72
755 1842 61 30 000
837 1842 130 31 kronor
986 1843 309 38 jordbruksvärde.

308 1907 212 34 Saluvärdet,
551 1918 72 19 som
653 1919 42 20 av
723 1910 451 40 uppskattningsnämnden
1203 1913 10 28 i
1243 1913 143 30 oktober
1419 1914 79 30 1951
1531 1917 152 28 taxerats
1715 1915 49 29 till

263 1956 39 29 92
318 1956 61 29 000
398 1958 139 33 kronor,
556 1958 64 29 har
639 1960 194 30 sedermera
853 1963 132 27 ansetts
1005 1962 82 30 böra
1106 1963 101 38 höjas
1228 1963 51 29 till
1299 1964 40 29 99
1354 1964 62 29 200
1436 1965 140 29 kronor.

307 2007 11 28 I
346 2009 142 28 ärendet
516 2009 109 30 hörda
653 2010 241 39 myndigheter
922 2012 63 29 har
1014 2012 168 39 tillstyrkt
1211 2015 232 37 egendomens
1472 2015 212 39 försäljning
1713 2016 52 29 till

263 2058 238 30 arrendatorn.

304 2108 392 40 Departementschefen
719 2111 63 29 har
803 2111 119 30 biträtt
945 2113 407 40 försäljningsförslaget.

307 2183 183 31 Utskottet.
514 2185 175 29 Utskottet
711 2186 63 29 har
796 2187 74 29 icke
893 2188 104 38 någol
1020 2191 49 26 att
1092 2190 115 29 erinra
1230 2192 72 28 mot
1325 2191 165 39 förslaget
1514 2193 62 28 och
1602 2193 163 28 hemstäl-

262 2233 47 29 ler
327 2234 111 34 alltså,

612 2288 49 27 att
683 2286 185 40 riksdagen
891 2289 57 29 må
968 2288 168 39 medgiva,
1159 2291 49 27 att
1230 2291 325 38 kronoegendomen
1577 2292 107 29 Åsum
1710 2293 52 28 16!

568 2336 9 28 i
606 2337 254 30 Kristianstads
890 2340 75 28 stad
995 2339 56 30 må
1081 2340 107 39 säljas
1217 2340 51 29 till
1297 2342 232 38 egendomens
1558 2343 205 30 arrendator

568 2387 113 39 Harry
707 2388 170 30 Svensson
903 2388 54 30 för
981 2398 41 21 en
1048 2390 235 41 köpeskilling
1307 2401 40 21 av
1373 2392 40 29 99
1428 2392 63 30 200
1516 2393 130 29 kronor
1673 2395 91 27 samt

567 2437 43 39 på
631 2437 10 28 i
663 2438 184 30 huvudsak
870 2440 40 28 de
931 2440 125 29 villkor
1078 2443 9 28 i
1110 2441 120 39 övrigt,
1254 2451 73 20 som
1350 2443 301 38 domänstyrelsen
1674 2444 90 29 före-

568 2487 111 39 slagit.
