1844 2820
306 160 19 31 2
623 165 394 38 Jordbruksutskottets
1044 170 186 33 utlåtande
1257 172 55 32 Nr
1337 171 52 32 83.

936 495 57 40 Nr
1019 495 64 40 83.

784 594 111 25 Ankom
914 596 44 25 till
976 596 162 33 riksdagens
1156 599 91 25 kansli
1266 599 54 25 den
1342 601 32 24 29
1391 602 57 30 maj
1470 602 65 25 1928
1554 602 38 25 kl.
1610 603 18 24 3
1645 611 23 17 e.
1688 611 37 17 m.

369 673 192 34 Utlåtande
584 677 13 30 i
620 677 192 38 anledning
846 689 44 22 av
925 680 131 38 Kungl.
1091 681 122 38 Maj:ts
1239 686 224 35 proposition
1486 687 181 37 angående
1689 689 70 36 för-

564 729 158 37 säljning
744 740 44 23 av
812 732 96 31 vissa
931 733 98 32 delar
1051 743 44 23 av
1125 734 141 33 Vännäs
1290 736 203 38 lägerplats.

297 810 18 32 I
338 821 42 22 en
411 813 58 31 till
492 814 182 38 riksdagen
697 816 65 32 den
785 818 20 30 9
829 828 94 22 mars
946 820 83 31 1928
1053 821 149 37 avlåten,
1225 823 56 31 till
1304 824 350 36 jordbruksutskottet
1675 827 84 31 hän-

253 863 99 32 visad
387 867 219 36 proposition,
641 878 42 21 nr
717 870 74 36 177,
827 870 63 31 har
924 871 132 37 Kungl.
1080 873 111 38 Maj:t,
1215 875 108 31 under
1346 876 211 37 åberopande
1579 889 46 20 av
1649 879 109 37 bilagt

255 915 127 38 utdrag
406 927 43 21 av
473 919 368 37 statsrådsprotokollet
864 925 83 29 över
966 924 300 34 försvarsärenden
1283 928 54 31 för
1353 938 131 23 samma
1499 930 67 37 dag
1583 931 175 37 föreslagit

253 967 184 39 riksdagen
460 971 173 37 medgiva,

295 1022 53 29 att
370 1021 11 31 i
405 1023 369 37 statsrådsprotokollet
797 1027 238 38 omförmälda,
1059 1031 21 29 å
1102 1040 42 21 en
1160 1031 257 37 handlingarna
1432 1034 13 30 i
1461 1035 141 31 ärendet
1617 1035 139 37 bifogad

251 1072 100 31 karta
384 1074 77 32 med
494 1075 19 31 I
547 1076 62 31 och
644 1077 36 31 II
713 1078 208 32 betecknade
944 1080 61 31 och
1029 1091 45 21 av
1099 1082 78 31 blåa
1198 1083 360 40 begränsningslinjer
1581 1088 174 37 omgivna,

251 1124 134 32 kronan
419 1126 178 38 tillhöriga
629 1130 164 31 områden
827 1141 44 21 av
895 1131 142 33 Vännäs
1061 1134 185 37 lägerplats
1269 1138 58 29 må
1351 1137 159 37 försäljas
1533 1139 57 31 till
1614 1140 141 31 Vännäs

250 1176 129 37 köping
402 1178 53 32 för
478 1188 42 22 en
543 1180 230 38 köpeskilling
796 1193 45 21 av
864 1183 146 38 tillhopa
1034 1185 116 37 34,900
1173 1187 126 32 kronor
1322 1189 61 32 och
1407 1191 43 35 på
1472 1190 41 32 de
1528 1191 138 37 villkor,
1682 1202 73 21 som

250 1228 13 31 i
285 1230 371 37 statsrådsprotokollet
678 1235 163 36 angivits,
866 1238 89 30 samt

293 1283 52 30 att
367 1282 273 40 köpeskillingen
663 1288 57 29 må
743 1287 238 37 tillgodoföras
1004 1290 261 34 lantförsvarets
1289 1294 83 31 fond
1395 1295 53 31 för
1471 1296 199 37 byggnader
1693 1297 60 31 och

249 1333 108 31 andra
380 1334 329 36 försvarsändamål.

292 1386 222 34 Beträffande
542 1390 229 38 utredningen
795 1392 12 31 i
831 1393 139 33 ärendet
993 1395 131 32 tillåter
1146 1397 52 36 sig
1222 1398 165 32 utskottet
1409 1399 148 32 hänvisa
1580 1401 57 30 till
1661 1401 93 32 inne-

250 1437 108 32 hållet
381 1439 13 30 i
417 1439 143 33 berörda
583 1443 346 38 statsrådsprotokoll.

291 1490 184 40 Utskottet,
508 1503 73 21 som
616 1495 73 31 icke
712 1496 118 32 funnit
852 1498 188 38 anledning
1063 1500 55 31 till
1142 1501 141 32 erinran
1306 1505 72 29 mot
1400 1503 65 32 här
1487 1504 267 37 ifrågavarande

248 1542 261 39 framställning
532 1545 207 39 hemställer,

691 1645 52 30 att
770 1644 224 34 förevarande
1016 1649 208 35 proposition
1247 1651 58 30 må
1328 1661 44 21 av
1396 1652 182 37 riksdagen
1602 1654 149 31 bifallas.

290 1741 199 35 Stockholm
512 1744 66 33 den
602 1746 40 31 22
666 1747 71 38 maj
762 1748 95 32 1928.

691 1843 50 31 På
763 1844 367 36 jordbruksutskottets
1152 1850 150 35 vägnar:

803 1947 36 33 C.
864 1949 34 32 J.
947 1949 251 34 JOHANSSON.

245 2204 200 25 Närvarande:
464 2213 27 17 se
512 2203 144 29 utlåtande
676 2216 34 17 nr
730 2210 40 23 76.

522 2525 951 14 Enn

521 2544 174 32 Stockholm,
727 2547 78 25 Isaac
836 2547 122 26 Marcus'
989 2549 375 36 Boktryckeri-Aktiebolag,
1397 2555 75 25 1928.
