1906 2824
311 150 41 30 74
739 148 299 34 Statsutskottets
1057 149 184 34 utlåtande
1261 149 55 33 Nr
1334 151 33 32 8.

673 233 48 28 att
746 230 181 41 riksdagen
952 232 56 30 må

672 281 29 42 a)
739 283 168 40 medgiva,
951 287 49 28 att
1051 283 124 41 Kungl.
1223 283 99 41 Maj:t
1367 285 55 30 må
1464 284 110 31 under
1606 283 199 42 budgetåret

632 333 140 41 1940/41
810 337 125 40 bevilja
968 336 185 32 understöd
1187 338 34 30 åt
1253 337 156 31 enskilda
1432 337 162 32 anstalter
1618 339 52 30 för
1692 338 112 40 yrkes-

631 390 247 41 undervisning
901 390 77 32 med
1004 390 143 41 tillhopa
1170 392 146 37 415,000
1340 391 141 38 kronor;

672 441 32 42 b)
737 443 49 32 till
823 444 219 31 Kommunala
1069 444 54 31 och
1154 444 152 31 enskilda
1338 444 160 32 anstalter
1513 444 61 41 för
1595 445 210 40 yrkesunder-

628 497 149 40 visning:
817 497 181 32 Understöd
1031 499 35 30 åt
1096 497 149 32 enskilda
1278 498 160 31 anstalter
1460 497 60 41 för
1544 498 260 40 yrkesundervis-

628 551 80 40 ning
743 551 54 31 för
835 550 200 41 budgetåret
1072 547 140 40 1940/41
1252 551 119 31 anvisa
1405 553 47 29 ett
1473 550 264 41 förslagsanslag
1762 562 42 21 av

629 604 144 38 415,000
798 604 133 31 kronor.

355 672 105 43 188:0)
485 674 259 32 Kommunala
779 675 75 31 och
878 674 181 33 enskilda
1083 674 193 32 anstalter
1299 674 63 33 för
1384 674 420 42 yrkesundervisning:

310 727 224 41 Stipendier
558 727 41 33 åt
622 728 253 32 obemedlade
897 728 72 32 och
986 728 151 32 mindre
1155 728 227 32 bemedlade
1399 728 133 32 elever
1547 728 65 32 vid
1628 729 176 32 kommu-

308 781 90 32 nala
431 782 75 31 och
540 782 179 32 enskilda
743 781 194 33 anstalter
959 781 65 32 för
1048 781 418 41 yrkesundervisning.
1512 783 15 31 I
1552 782 151 41 enlighet
1727 783 77 31 med

309 835 127 41 Kungl.
461 835 118 41 Maj:ts
603 836 126 41 förslag
753 833 123 44 (punkt
902 837 71 37 189,
996 835 62 32 sid.
1077 835 198 40 230—233),
1294 835 105 32 vilket
1414 835 152 38 innebär,
1584 839 48 28 att
1649 847 39 21 en
1707 836 98 41 eljest

310 890 42 39 på
384 888 111 41 grund
537 900 42 21 av
615 889 236 41 belastningen
876 889 201 41 erforderlig
1100 889 285 41 anslagshöjning
1408 889 79 31 med
1512 890 143 38 200,000
1679 889 127 32 kronor

309 941 107 32 skulle
451 942 207 42 nedbringas
693 942 50 32 till
779 943 121 37 30,000
936 943 126 31 kronor
1094 953 123 30 genom
1251 942 222 41 tillämpande
1497 953 44 21 av
1565 953 39 21 en
1630 946 174 38 strängare

309 994 312 42 behovsprövning,
646 996 195 32 hemställer
864 996 174 37 utskottet,

673 1052 48 29 att
745 1049 179 41 riksdagen
952 1051 56 29 må
1031 1048 50 32 till
1105 1050 218 31 Kommunala
1344 1049 53 32 och
1413 1049 149 32 enskilda
1578 1050 160 31 anstalter
1746 1049 60 41 för

627 1103 347 41 yrkesundervisning:
1001 1103 186 40 Stipendier
1210 1105 34 29 åt
1261 1103 197 31 obemedlade
1474 1103 55 31 och
1544 1103 127 32 mindre
1687 1104 118 31 bemed-

629 1157 72 31 lade
726 1157 101 31 elever
859 1156 54 32 vid
946 1156 204 32 kommunala
1182 1156 55 32 och
1270 1156 149 31 enskilda
1442 1156 161 32 anstalter
1624 1156 53 39 för
1699 1157 106 40 yrkes-

628 1210 236 40 undervisning
887 1210 53 30 för
964 1209 201 41 budgetåret
1193 1205 139 41 1940/41
1352 1209 118 31 anvisa
1486 1211 47 29 ett
1542 1208 263 42 förslagsanslag

629 1273 41 21 av
695 1263 144 38 730,000
862 1263 134 31 kronor.

356 1330 104 43 189:0)
485 1332 260 33 Kommunala
773 1333 75 31 och
872 1332 181 32 enskilda
1077 1332 194 32 anstalter
1293 1332 63 32 för
1378 1332 426 42 yrkesundervisning:

310 1385 222 40 Stipendier
556 1385 41 33 åt
620 1386 131 32 elever
774 1386 67 31 vid
863 1386 349 32 verkstadsskolor
1228 1386 63 31 för
1307 1386 83 32 viss
1407 1385 197 33 arbetslös
1619 1387 186 40 ungdom.

309 1440 15 31 I
357 1439 149 41 enlighet
531 1439 78 32 med
633 1439 127 41 Kungl.
788 1440 114 40 Maj:ts
925 1439 131 41 förslag
1078 1436 122 44 (punkt
1227 1441 73 37 190,
1325 1440 60 31 sid.
1412 1441 64 30 233
1500 1440 64 32 och
1589 1438 86 42 234),
1699 1441 106 31 vilket

308 1493 140 32 innebär
471 1504 42 21 en
540 1504 42 21 av
607 1493 123 32 väntad
755 1493 152 41 stegring
929 1503 43 21 av
996 1493 300 41 medelsåtgången
1321 1493 176 32 föranledd
1523 1493 284 42 anslagshöjning

310 1547 77 31 med
413 1548 145 37 100,000
582 1547 132 37 kronor,
743 1546 194 32 hemställer
960 1546 176 38 utskottet,

673 1603 48 28 att
746 1599 179 41 riksdagen
951 1601 57 30 må
1032 1599 50 32 till
1109 1600 217 31 Kommunala
1342 1600 54 31 och
1411 1600 151 31 enskilda
1578 1601 160 31 anstalter
1746 1600 60 41 för

628 1653 349 40 yrkesundervisning:
1004 1653 189 41 Stipendier
1215 1655 36 29 åt
1274 1653 100 31 elever
1396 1653 56 31 vid
1469 1654 270 31 verkstadsskolor
1746 1653 60 41 för

630 1707 65 31 viss
717 1707 156 31 arbetslös
895 1708 139 38 ungdom
1059 1707 53 31 för
1135 1706 200 41 budgetåret
1361 1703 141 41 1940/41
1529 1707 119 31 anvisa
1671 1710 47 29 ett
1735 1707 70 40 för-

629 1761 206 40 slagsanslag
859 1771 41 21 av
925 1761 145 37 900,000
1093 1760 133 31 kronor.

357 1829 105 43 190:0)
498 1830 202 33 Särskilda
724 1830 194 33 anstalter
940 1830 64 32 för
1026 1830 422 42 yrkesundervisning:
1474 1831 147 41 Bidrag
1644 1831 60 32 till
1721 1832 83 32 tek-

309 1884 115 32 niska
448 1884 143 32 skolan
614 1884 14 32 i
652 1883 240 33 Stockholm.
927 1884 130 41 Kungl.
1083 1884 97 40 Maj:t
1203 1884 62 32 har
1289 1882 123 43 (punkt
1438 1886 73 37 191,
1536 1885 61 31 sid.
1616 1883 189 42 235—237)

309 1937 175 41 föreslagit
508 1938 182 41 riksdagen
715 1941 49 28 att
788 1938 51 31 till
856 1938 174 31 Särskilda
1046 1937 160 33 anstalter
1222 1938 54 31 för
1291 1938 362 41 yrkesundervisning:
1679 1938 126 41 Bidrag

309 1991 51 32 till
383 1992 157 31 tekniska
564 1991 117 32 skolan
706 1991 8 31 i
741 1991 198 32 Stockholm
963 1992 55 31 för
1042 1991 200 41 budgetåret
1269 1988 138 40 1940/41
1435 1991 121 32 anvisa
1579 1995 46 28 ett
1648 1991 157 41 förslags-

310 2045 118 40 anslag
460 2056 43 20 av
540 2046 140 37 168,100
714 2045 135 38 kronor,
884 2045 102 31 därav
1013 2046 120 37 36,402
1158 2044 126 32 kronor
1307 2044 96 32 skola
1426 2047 82 38 utgå
1533 2045 108 31 under
1669 2045 134 39 villkor,

310 2101 48 29 att
382 2098 218 32 Stockholms
624 2098 74 32 stad
723 2099 54 31 för
801 2109 132 21 samma
956 2098 49 31 tid
1031 2099 53 30 för
1106 2098 143 32 berörda
1272 2098 170 38 ändamål,
1463 2098 108 32 under
1586 2098 219 41 iakttagande

308 2163 42 21 av
376 2152 63 32 vad
464 2152 10 31 i
500 2152 57 32 det
581 2152 203 41 föregående
809 2153 140 36 anförts,
975 2151 157 41 bidrager
1156 2151 77 32 med
1259 2151 179 32 enahanda
1462 2151 134 42 belopp,
1617 2156 89 28 samt
1725 2152 79 32 med

308 2205 229 39 beräknande,
563 2209 47 28 att
633 2206 65 31 480
723 2206 126 31 kronor
872 2205 185 40 tillskjutas
1082 2216 42 21 av
1149 2205 213 40 Sjöstedtska
1385 2205 139 32 fonden.

353 2259 15 31 I
392 2259 169 31 samband
589 2259 139 31 härmed
757 2259 63 31 har
844 2259 163 31 utskottet
1031 2258 49 32 till
1105 2258 211 41 behandling
1339 2258 150 32 förehaft
1513 2270 41 20 en
1578 2259 92 31 inom
1696 2260 109 31 första

308 2313 199 31 kammaren
543 2323 42 20 av
622 2312 75 31 herr
732 2312 40 31 BR.
812 2312 179 40 Wagnsson
1026 2312 100 32 väckt
1161 2313 132 30 motion
1328 2310 35 41 (I:
1378 2310 42 42 4),
1444 2312 74 32 vari
1542 2312 190 32 hemställts
1756 2315 50 29 att

308 2365 182 41 riksdagen
527 2367 56 30 må
605 2365 168 32 fastställa
797 2365 153 32 rektorns
976 2365 58 31 vid
1059 2365 155 32 tekniska
1239 2365 118 31 skolan
1382 2365 10 31 i
1417 2365 198 32 Stockholm
1640 2365 165 41 avlöning

308 2420 54 31 för
385 2421 36 29 år
449 2419 51 31 till
527 2420 117 37 15,000
670 2419 125 31 kronor
819 2419 63 31 och
905 2418 10 31 i
939 2418 170 32 samband
1133 2418 141 32 därmed
1299 2418 157 41 medgiva
1481 2418 150 33 ändrade
1653 2419 153 41 grunder

308 2473 53 30 för
393 2472 258 41 statsbidragets
686 2472 196 41 fördelning
905 2477 89 26 samt
1020 2471 206 42 bemyndiga
1251 2471 128 42 Kungl.
1406 2472 98 40 Maj:t
1528 2475 49 28 att
1600 2472 139 32 utfärda
1763 2472 42 32 de

308 2525 461 42 tillämpningsföreskrifter,
795 2536 73 21 som
893 2526 120 31 kunna
1037 2525 178 32 erfordras.
