1902 2826
101 967 137 26 Utskottet.

289 166 42 31 78
710 162 298 35 Statsutskottets
1031 160 185 36 utlåtande
1241 161 55 34 Nr
1319 163 33 31 8.

334 246 15 30 I
379 246 96 40 fråga
508 256 57 21 om
589 244 313 33 centralbiblioteken
925 244 109 31 funne
1057 242 375 42 departementschefen
1457 242 52 41 sig
1532 241 175 32 nödsakad
1732 243 54 31 för

289 290 211 31 närvarande
525 290 160 40 avstyrka
708 289 117 31 vidare
850 288 206 41 utvidgning
1073 299 40 21 av
1131 287 283 42 organisationen.
1450 286 266 41 Anslagsposten
1735 286 51 32 till

289 336 230 31 resekostnads-
553 335 54 31 och
641 333 440 41 traktamentsersättningar
1110 333 55 31 vid
1196 332 351 40 biblioteksinspektion
1568 331 86 40 från
1678 331 108 32 lands-

289 380 55 31 och
378 379 272 32 centralbibliotek
685 378 105 32 borde
825 382 185 37 temporärt
1042 377 153 31 minskas
1229 376 78 32 med
1336 377 96 37 2,800
1461 376 126 31 kronor
1610 375 50 32 till
1684 379 100 35 5,000

289 425 123 31 kronor.
447 424 122 31 Ehuru
597 424 144 31 behovet
765 434 43 21 av
833 422 214 32 kvalificerad
1074 420 337 42 bibliotekspersonal
1435 420 211 32 fortfarande
1670 423 116 38 syntes

289 479 83 21 vara
406 471 91 35 stort,
535 468 94 32 torde
664 471 47 28 ett
741 467 164 41 tillfälligt
936 466 213 41 indragande
1182 477 41 21 av
1252 465 258 41 anslagsposten
1534 465 51 31 till
1610 465 177 32 biblioteks-

289 514 113 31 kurser
428 513 10 31 i
462 513 151 31 rådande
636 512 73 41 läge
734 523 83 21 vara
840 511 254 41 ofrånkomligt.
1142 511 75 31 Vad
1243 510 185 32 beträffade
1452 510 258 41 anslagsposten
1736 509 50 32 till

290 558 194 41 tidskrifter,
511 558 114 31 kunde
649 557 375 41 departementschefen
1048 556 73 31 icke
1141 555 169 41 tillstyrka
1327 555 186 31 anvisande
1530 565 42 21 av
1589 554 198 32 oförändrat

290 602 121 41 belopp
444 606 83 28 utan
555 601 165 42 föresloge
749 613 42 21 en
816 603 162 39 återgång
1002 600 51 32 till
1077 600 56 32 det
1156 600 143 41 tidigare
1323 599 107 32 under
1452 600 81 31 fiera
1557 601 36 29 år
1617 599 170 41 utgående

289 647 362 41 understödsbeloppet
683 657 42 21 av
753 646 143 41 tillhopa
923 650 100 34 9,000
1053 646 122 37 kronor,
1200 644 232 32 innebärande
1456 655 41 20 en
1522 643 264 41 anslagsminsk-

290 692 84 41 ning
397 692 77 31 med
498 693 100 37 3,000
621 691 134 32 kronor.
792 691 16 31 I
832 691 96 40 fråga
951 701 57 21 om
1026 689 298 41 anslagsposterna
1339 688 51 32 till
1405 688 381 41 vandringsbiblioteks-

290 736 115 32 förråd
438 736 57 32 vid
533 736 102 32 stifts-
669 736 64 31 och
768 735 276 38 landsbibliotek,
1081 733 388 42 förmedlingsanstalter
1500 734 54 31 för
1587 733 199 40 vandrings-

289 781 160 32 bibliotek
474 781 63 32 och
562 780 118 41 tillägg
699 780 51 32 till
767 780 252 41 grundkatalog
1035 781 20 30 å
1071 779 189 41 respektive
1278 779 98 37 6,000
1392 778 135 38 kronor,
1545 778 98 38 6,000
1659 778 128 31 kronor

290 826 64 32 och
378 827 97 37 4,000
500 826 127 31 kronor
650 826 215 40 ifrågasätter
888 824 376 41 departementschefen
1287 823 73 32 icke
1384 824 113 40 någon
1522 822 154 41 ändring.

339 959 168 32 Utskottet
530 958 149 32 biträder
701 958 131 41 Kungl.
858 958 114 40 Maj:ts
996 956 225 33 förevarande
1246 956 136 40 förslag.

335 1012 217 32 Beträffande
588 1012 55 32 det
677 1012 10 31 i
723 1012 215 31 motionerna
972 1011 25 31 I:
1020 1012 43 30 42
1097 1010 63 31 och
1189 1010 43 31 II:
1256 1011 42 30 74
1326 1009 120 41 gjorda
1470 1008 167 41 yrkandet
1660 1009 54 31 får
1738 1011 49 29 ut-

290 1066 125 32 skottet
436 1065 121 38 erinra,
582 1068 48 29 att
653 1065 107 41 enligt
785 1064 66 33 vad
875 1063 375 43 departementschefen
1276 1062 188 32 framhållit
1487 1061 186 32 understöd
1694 1061 92 32 kom-

290 1130 73 21 mer
390 1121 47 29 att
463 1119 149 31 tilldelas
641 1118 172 39 bibliotek,
839 1128 70 21 som
935 1117 74 32 icke
1033 1116 144 42 tidigare
1201 1116 141 41 åtnjutit
1366 1114 194 39 understöd,
1584 1115 54 31 för
1661 1116 38 30 så
1722 1114 66 33 vitt

289 1172 197 32 biblioteket
509 1172 151 32 befinnes
683 1171 85 42 fylla
792 1174 47 29 ett
862 1171 167 41 påtagligt
1052 1170 111 32 behov
1183 1169 80 32 eller
1280 1168 165 33 särskilda
1461 1168 74 32 skäl
1551 1168 96 40 eljest
1662 1172 126 37 prövas

290 1226 174 41 föreligga.
501 1226 61 31 Att
585 1228 46 29 ett
654 1224 384 33 studiecirkelbibliotek
1062 1223 74 32 icke
1159 1224 93 30 förut
1276 1221 134 33 erhållit
1431 1221 186 32 understöd
1634 1232 43 21 av
1694 1224 95 29 stats-

290 1279 111 32 medel
432 1279 110 32 skulle
574 1279 98 31 alltså
697 1279 75 31 icke
800 1277 147 33 utesluta
972 1277 57 32 det
1052 1278 77 30 från
1154 1279 48 29 att
1225 1276 130 32 erhålla
1378 1275 281 38 statsunderstöd,
1684 1277 106 39 något

290 1343 74 21 som
392 1332 252 32 motionärerna
667 1342 103 30 synas
794 1331 85 40 vilja
901 1335 81 37 göra
1006 1330 167 41 gällande.
1210 1329 174 32 Utskottet
1408 1330 99 40 utgår
1530 1328 101 38 ifrån,
1656 1331 49 29 att
1729 1328 59 33 vid

291 1386 66 32 den
381 1386 170 41 prövning
576 1396 72 21 som
672 1385 157 31 kommer
852 1386 48 30 att
923 1389 63 35 äga
1011 1394 77 21 rum
1112 1383 77 31 med
1214 1382 168 32 avseende
1406 1384 18 29 å
1446 1381 185 33 understöd
1652 1381 50 32 till
1720 1392 69 31 nya

292 1439 162 33 bibliotek
487 1439 46 32 all
567 1438 143 32 tänkbar
742 1438 136 41 hänsyn
908 1437 157 32 kommer
1093 1439 48 29 att
1164 1440 96 37 tagas
1284 1435 51 32 till
1359 1435 290 42 angelägenheten
1673 1446 43 22 av
1740 1438 49 29 att

291 1492 254 42 landsbygdens
569 1492 65 31 fria
657 1490 332 33 studieverksamhet
1012 1489 234 33 understödes.
1284 1489 79 32 Med
1380 1489 64 32 vad
1463 1489 165 31 utskottet
1644 1488 146 32 sålunda

292 1547 115 31 anfört
429 1546 94 32 torde
547 1544 262 42 ifrågavarande
834 1546 58 30 två
915 1544 169 31 motioner
1107 1543 36 31 få
1166 1553 98 21 anses
1289 1542 194 32 besvarade.

337 1599 115 33 Under
475 1597 214 43 åberopande
713 1609 42 21 av
780 1597 57 32 det
860 1597 144 32 sålunda
1028 1595 144 33 anförda
1195 1596 54 31 får
1273 1595 162 32 utskottet
1458 1594 189 39 hemställa,

657 1649 29 42 a)
711 1654 49 29 att
783 1651 182 40 riksdagen
989 1651 59 31 må
1071 1649 50 32 till
1151 1649 179 33 Understöd
1354 1651 34 29 åt
1397 1648 393 41 folkbiblioteksväsendet

612 1706 53 31 för
687 1705 203 40 budgetåret
914 1701 143 40 1940/41
1081 1703 119 32 anvisa
1216 1705 47 30 ett
1272 1702 263 41 förslagsanslag
1552 1712 41 21 av
1613 1702 176 38 1,600,000

612 1758 133 38 kronor,
780 1760 50 29 att
861 1758 10 31 i
899 1756 233 41 huvudsaklig
1160 1755 337 33 överensstämmelse
1521 1754 78 33 med
1624 1755 40 32 de
1688 1765 101 31 grun-

612 1811 68 39 der,
713 1822 75 21 som
821 1821 42 22 av
888 1810 374 42 departementschefen
1287 1808 9 32 i
1323 1808 54 32 det
1400 1808 205 41 föregående
1629 1808 160 42 angivits,

613 1867 81 39 utgå
716 1865 11 31 i
752 1864 152 41 enlighet
927 1864 78 32 med
1030 1864 41 31 de
1088 1868 156 27 närmare
1262 1862 263 39 bestämmelser,
1543 1862 129 41 Kungl.
1690 1862 100 40 Maj:t

613 1920 56 30 må
692 1924 65 35 äga
782 1917 168 39 meddela;

656 1969 32 42 b)
725 1974 49 29 att
808 1971 77 32 herr
918 1970 214 32 Gustavsons
1161 1980 43 21 m.
1236 1970 32 31 fl.
1295 1969 63 32 och
1390 1969 78 32 herr
1500 1968 288 32 Hermanssons
1767 1964 23 51 i

614 2024 250 41 Kvistljungby
888 2035 44 21 m.
957 2024 32 31 fl.
1015 2022 243 33 ovannämnda
1283 2022 166 32 motioner
1470 2019 36 43 (I:
1524 2023 43 30 42
1584 2021 61 32 och
1662 2021 44 31 II:
1725 2019 64 42 74),

614 2080 36 29 så
684 2078 66 32 vitt
784 2089 48 20 nu
868 2082 36 27 är
937 2077 11 31 i
980 2078 110 40 fråga,
1124 2078 56 29 må
1212 2086 99 21 anses
1341 2075 183 33 besvarade
1548 2074 77 32 med
1649 2074 67 33 vad
1741 2076 49 29 ut-

614 2131 124 32 skottet
761 2131 12 32 i
797 2131 57 31 det
876 2129 205 42 föregående
1106 2130 122 31 anfört.

343 2273 104 43 195:0)
493 2273 226 34 Understöd
743 2272 42 33 åt
813 2272 192 33 anstalter
1029 2272 75 32 och
1124 2271 242 40 föreningar,
1397 2279 85 24 som
1513 2270 178 32 anordna
1721 2278 69 32 po-

294 2327 416 42 pulärvetenskapliga
733 2326 306 41 föreläsningar.
1077 2325 217 32 Beträffande
1318 2325 65 32 vad
1407 2324 129 42 Kungl.
1555 2324 98 41 Maj:t
1668 2321 124 44 (punkt

298 2381 74 42 196)
405 2382 177 41 föreslagit
614 2381 183 41 riksdagen
830 2380 10 32 i
873 2381 97 40 fråga
1003 2390 56 21 om
1087 2379 118 41 anslag
1228 2378 51 32 till
1303 2378 225 32 förevarande
1552 2377 161 32 ändamål
1737 2387 54 21 av-

295 2437 96 41 giver
414 2436 166 32 utskottet
603 2445 116 21 senare
744 2434 110 32 under
876 2433 183 41 riksdagen
1084 2431 187 39 utlåtande,
1296 2431 104 32 vilket
1423 2430 142 33 härmed

660 2487 163 32 anmäles.
