1904 2828
563 155 297 35 Statsutskottets
879 155 187 35 utlåtande
1084 156 55 33 Nr
1157 158 34 32 8.
1584 158 39 31 81

130 238 210 40 svårigheter
363 238 53 31 för
440 237 386 33 studieverksamheten.
852 238 50 31 De
922 241 106 28 större
1045 238 188 32 avstånden
1250 237 75 32 lade
1342 238 122 32 hinder
1480 238 10 31 i
1507 243 118 36 vägen,

131 282 166 42 lämpliga
328 282 127 32 lokaler
490 282 167 32 saknades
681 284 44 39 på
750 284 126 39 många
900 282 70 31 håll
994 282 62 32 och
1080 282 209 41 svårigheter
1311 282 149 41 förelåge
1484 283 71 31 ofta
1578 286 49 28 att

131 327 127 32 erhålla
281 327 146 41 tillgång
450 327 53 31 till
526 328 54 30 för
603 326 242 33 studiearbetet
868 326 164 42 lämpliga
1056 327 96 31 lärar-
1178 327 63 31 och
1265 327 230 32 ledarkrafter.

176 371 122 33 Därtill
333 372 147 38 komme,
517 374 48 29 att
599 372 110 40 kriget
745 372 62 31 och
840 372 114 31 krisen
983 371 87 32 hade
1094 371 91 32 ställt
1208 371 418 42 folkbildningsorganisa-

130 417 156 32 tionerna
309 417 92 31 inför
425 418 126 40 många
574 427 67 30 nya
664 416 188 41 uppgifter,
877 427 73 21 som
976 416 41 32 de
1041 416 70 32 dels
1136 416 110 40 själva
1270 417 105 41 åtagit
1398 417 52 41 sig
1473 417 62 31 och
1552 427 73 21 som

130 462 71 31 dels
225 461 194 42 påfordrats
442 462 78 31 från
546 461 152 32 officiellt
722 461 78 32 håll.
828 461 65 32 Om
918 461 567 41 folkbildningsorganisationerna
1508 464 118 30 utöver

130 507 75 31 sina
230 507 168 31 ordinarie
422 506 289 42 arbetsuppgifter
734 506 109 32 skulle
866 506 119 32 kunna
1006 508 99 39 åtaga
1121 506 52 41 sig
1189 509 105 36 extra,
1312 517 41 22 av
1371 507 111 31 krisen
1501 506 125 42 beting-

130 551 62 33 ade
216 552 187 41 uppgifter,
428 562 80 21 vore
532 551 55 32 det
611 555 83 28 utan
718 551 117 32 vidare
859 551 99 39 klart,
984 554 48 29 att
1055 551 63 32 den
1144 550 273 33 administrativa
1441 555 184 37 apparaten

130 596 139 32 komme
293 599 48 29 att
364 599 201 37 ansträngas
590 599 119 29 utöver
732 596 56 32 det
812 596 147 40 vanliga.
992 596 74 32 Den
1083 596 115 32 kunde
1215 596 144 32 sålunda
1375 597 69 31 inte
1460 597 36 31 få
1512 596 114 33 ställas

131 643 43 39 på
206 641 344 41 nedskrivningsstat,
575 640 43 32 då
646 641 106 31 därav
776 643 46 30 ett
846 641 156 31 effektivt
1026 640 194 32 medarbete
1246 641 10 31 i
1280 641 64 32 den
1370 652 42 21 av
1436 641 115 32 krisen
1574 641 52 32 be-

129 686 139 41 tingade
303 685 492 42 upplysningsverksamheten
831 685 251 42 omöjliggöres.
1128 686 78 31 Just
1240 696 39 21 ur
1311 686 112 32 denna
1451 686 176 41 synpunkt

131 732 108 30 måste
263 730 56 32 det
342 730 171 32 betraktas
537 741 72 21 som
634 730 218 41 synnerligen
877 730 204 32 omotiverat
1105 734 49 28 att
1177 730 125 32 föreslå
1316 731 253 41 inskränkning
1584 742 42 21 av

131 776 117 31 ABF:s
273 775 63 32 och
360 775 106 32 SLS:s
491 774 422 42 administrationsanslag.
939 774 119 33 Redan
1082 775 73 32 före
1179 775 235 41 upptagandet
1437 786 42 21 av
1503 775 41 33 de
1559 786 68 31 nya

129 820 338 42 arbetsuppgifterna
501 820 87 32 hade
623 820 88 31 båda
743 820 332 41 organisationernas
1103 819 415 42 administrationsanslag
1541 820 85 33 visat

130 865 51 42 sig
205 876 83 22 vara
311 864 234 42 otillräckliga.

175 910 15 31 I
214 909 440 42 statsverkspropositionen
678 909 89 32 hade
791 909 108 32 under
915 909 139 32 åttonde
1071 908 218 33 huvudtiteln
1306 910 176 41 upptagits
1498 909 127 42 anslag,

130 965 74 21 som
228 955 90 31 huru
343 954 304 40 behjärtansvärda
671 954 42 31 de
737 959 43 26 än
805 965 40 20 ur
868 954 93 32 vissa
985 954 212 40 synpunkter
1213 954 115 32 kunde
1344 965 91 28 vara,
1452 954 74 32 icke
1543 955 82 31 före-

130 999 80 32 fölle
234 1002 50 29 att
306 1000 10 31 i
341 999 233 41 föreliggande
598 999 162 31 situation
784 1009 82 21 vara
889 999 70 31 lika
981 998 56 33 väl
1053 999 208 31 motiverade
1278 1010 71 20 som
1368 999 41 32 de
1425 1000 10 31 i
1452 999 172 32 motionen

130 1044 152 32 berörda.
323 1043 44 33 Så
401 1047 116 38 syntes
550 1043 205 41 exempelvis
783 1043 224 41 bearbetning
1035 1054 42 21 av
1100 1044 85 31 visst
1209 1043 154 33 material
1385 1045 78 30 från
1487 1044 138 32 filosofie

130 1089 147 32 doktorn
301 1088 89 33 Sven
414 1088 134 32 Hedins
575 1088 233 41 expeditioner
831 1088 10 31 i
866 1088 57 32 det
946 1088 73 32 inre
1042 1088 103 32 Asien
1171 1090 81 30 åren
1278 1089 212 38 1927-1934,
1514 1089 111 33 vartill

131 1134 134 40 begärts
293 1136 46 29 ett
363 1133 120 41 anslag
506 1144 42 20 av
571 1134 122 38 40,000
719 1133 133 38 kronor,
876 1133 74 31 icke
974 1133 118 31 kunna
1114 1144 99 20 anses
1229 1143 81 22 vara
1326 1144 42 21 av
1385 1135 37 30 så
1438 1134 187 41 trängande

130 1182 112 35 natur,
276 1180 49 30 att
349 1178 55 31 det
429 1178 73 31 icke
527 1177 76 32 med
628 1178 135 40 hänsyn
788 1177 52 32 till
864 1177 161 41 tidsläget
1048 1177 109 32 skulle
1181 1178 118 31 kunna
1322 1178 78 32 med
1425 1181 105 29 större
1553 1178 73 32 skäl

130 1225 105 39 något
269 1222 187 33 reduceras.
497 1222 74 32 Den
607 1233 42 21 av
684 1222 376 41 departementschefen
1089 1222 150 33 avsedda
1263 1222 225 42 besparingen
1512 1226 114 38 syntes

131 1268 117 32 därför
272 1268 117 31 kunna
412 1269 62 30 nås
498 1278 123 30 genom
646 1267 241 32 motsvarande
911 1267 201 42 minskning
1135 1278 43 21 av
1201 1267 108 32 andra
1331 1267 128 42 anslag.

175 1376 24 30 I
218 1375 157 32 motionen
400 1375 52 31 IT:
466 1378 43 29 76
533 1374 60 32 har
617 1375 132 31 anförts
774 1374 103 32 bland
901 1377 118 29 annat:

176 1446 50 31 De
251 1445 128 41 anslag,
404 1456 74 21 som
503 1445 108 31 under
635 1445 154 31 normala
812 1445 241 32 förhållanden
1078 1445 157 32 hitintills
1260 1447 109 39 utgått
1392 1446 55 31 för
1470 1445 155 32 folkbild-

130 1491 242 40 ningsarbetet,
396 1490 89 31 hade
513 1490 94 31 inom
631 1489 492 41 bildningsorganisationerna
1146 1489 185 33 betraktats
1355 1492 111 29 såsom
1492 1491 135 40 mycket

130 1536 98 40 ringa
263 1535 63 31 och
361 1534 214 42 möjliggjort
608 1535 218 31 verksamhet
860 1534 122 32 endast
1009 1534 10 31 i
1044 1534 189 41 begränsad
1269 1535 236 41 utsträckning
1527 1536 11 30 i
1562 1536 64 31 för-

130 1579 160 32 hållande
323 1579 50 31 till
407 1579 41 32 de
481 1579 279 41 mångskiftande
791 1579 177 32 önskemål
992 1579 63 31 och
1078 1579 121 39 behov,
1225 1590 73 21 som
1321 1579 95 31 inom
1440 1579 186 41 bildnings-

130 1625 146 31 arbetets
300 1624 268 41 organisationer
588 1624 217 31 förefunnits.
832 1623 117 33 Under
966 1623 310 32 krisförhållanden
1293 1635 79 21 vore
1389 1624 56 32 det
1461 1624 66 32 fria
1542 1624 83 32 folk-

130 1669 306 41 bildningsarbetet
457 1679 42 22 av
517 1669 103 31 minst
635 1668 71 32 lika
723 1672 68 28 stor
806 1668 172 41 betydelse
995 1670 53 29 för
1064 1668 180 32 samhället
1259 1679 73 21 som
1349 1668 109 32 under
1472 1669 154 32 normala

130 1714 249 33 förhållanden.
405 1714 65 31 Det
494 1724 79 22 vore
597 1716 47 29 ett
667 1713 229 41 samhälleligt
918 1713 142 32 intresse
1084 1724 42 21 av
1150 1714 108 31 första
1281 1714 191 40 ordningen
1494 1717 48 29 att
1557 1714 69 33 vid-

130 1758 190 32 makthålla
352 1758 10 31 i
396 1761 122 29 största
549 1758 142 41 möjliga
725 1758 240 41 utsträckning
997 1763 83 26 även
1115 1758 109 32 under
1248 1758 120 32 kristid
1393 1759 56 31 det
1472 1759 67 31 fria
1562 1759 64 31 och

130 1803 164 41 frivilliga
328 1802 310 41 bildningsarbetet.
688 1803 127 40 Många
839 1803 73 31 skäl
937 1802 113 32 talade
1073 1803 53 30 för
1150 1806 49 28 att
1223 1803 92 31 detta
1339 1803 289 41 bildningsarbete

130 1859 137 21 snarare
291 1849 107 30 måste
422 1848 159 31 bedrivas
604 1847 11 31 i
639 1850 107 29 större
770 1847 209 41 omfattning
1012 1852 43 26 än
1080 1847 141 40 vanligt.
1270 1848 64 31 Det
1357 1859 81 20 vore
1463 1848 43 31 då
1529 1859 97 30 ange-

131 1893 99 41 läget,
264 1895 50 28 att
346 1892 41 31 de
420 1892 274 31 statsfinansiella
726 1892 404 40 besparingsåtgärderna
1161 1892 75 31 ieke
1269 1892 170 32 drabbade
1470 1892 155 33 folkbild-

130 1936 233 42 ningsarbetet
386 1939 37 28 så
447 1936 87 38 hårt,
559 1939 47 28 att
631 1936 75 31 dess
732 1936 174 31 allmänna
932 1936 175 40 uppgifter
1131 1939 158 29 avsevärt
1312 1937 224 31 försvårades.

175 1982 81 30 Men
289 1980 112 32 därtill
436 1981 147 37 komme,
609 1984 49 28 att
682 1981 110 39 kriget
816 1981 62 31 och
903 1981 114 31 krisen
1042 1980 89 31 ställt
1156 1980 470 42 folkbildningsorganisatio-

132 2037 104 20 nerna
270 2025 91 31 inför
393 2026 127 38 många
552 2035 68 30 nya
653 2025 185 41 uppgifter,
873 2036 72 20 som
976 2024 70 32 dels
1071 2025 87 40 givit
1181 2025 52 40 sig
1257 2025 109 40 själva
1389 2026 64 31 och
1478 2026 70 31 dels
1572 2028 54 39 på-

131 2071 147 31 fordrats
313 2071 77 30 från
425 2069 153 32 officiellt
611 2069 77 32 håll.
731 2069 64 32 Om
820 2069 567 41 folkbildningsorganisationerna
1411 2074 119 28 utöver
1554 2071 73 31 sina

131 2114 169 32 ordinarie
333 2114 288 41 arbetsuppgifter
654 2114 109 32 skulle
798 2115 118 31 kunna
952 2116 99 38 åtaga
1076 2115 51 38 sig
1151 2125 68 30 nya
1243 2126 42 20 av
1309 2115 110 32 krisen
1447 2115 179 41 betingade

132 2160 184 40 uppgifter,
341 2170 79 21 vore
445 2159 56 31 det
526 2162 79 28 utan
631 2159 116 31 vidare
775 2159 95 37 klart,
895 2162 49 28 att
961 2159 63 31 den
1043 2159 272 32 administrativa
1331 2163 186 37 apparaten
1535 2160 90 31 kom-

131 2215 53 20 me
209 2207 49 28 att
275 2208 201 35 ansträngas
493 2207 118 27 utöver
627 2204 56 30 det
700 2203 146 40 vanliga.
873 2203 49 32 Ur
938 2203 113 31 denna
1067 2204 177 39 synpunkt
1261 2206 105 29 måste
1384 2204 55 31 det
1456 2204 170 32 betraktas

130 2259 73 20 som
230 2248 131 31 mindre
385 2247 285 39 ändamålsenligt
689 2251 49 27 att
755 2248 122 31 föreslå
894 2248 231 39 nedskärning
1144 2248 7 29 i
1169 2248 455 41 administrationsbidragen

131 2294 53 30 för
220 2292 195 31 arbetarnas
452 2291 337 40 bildningsförbund,
826 2292 147 31 svenska
1001 2291 253 41 landsbygdens
1279 2292 260 32 studieförbund
1563 2293 62 31 och

131 2337 294 39 tjänstemännens
449 2336 402 39 bildningsverksamhet.

177 2434 50 31 De
252 2444 41 20 av
319 2433 127 41 Kungl.
474 2433 96 40 Maj:t
587 2433 193 40 föreslagna
796 2433 425 41 anslagsminskningarna
1238 2434 209 31 beträffande
1463 2434 162 41 bidragen

131 2487 49 31 till
215 2487 195 31 arbetarnas
443 2486 325 41 bildningsförbund
803 2487 60 31 och
899 2487 147 31 svenska
1079 2487 252 41 landsbygdens
1365 2487 261 32 studieförbund

179 2548 109 32 Bihang
308 2548 44 25 till
371 2548 161 32 riksdagens
552 2548 133 32 protokoll
709 2549 74 25 1940.
822 2551 16 23 6
857 2548 80 26 saml.
975 2548 43 26 Nr
1036 2549 24 25 8.
1575 2550 15 25 6

1688 2442 138 26 Utskottet.
