1880 2760
284 196 18 27 8
660 189 279 31 Statsutskottets
954 189 173 31 utlåtande
1145 200 40 20 nr
1202 192 39 28 96
1259 189 36 31 år
1311 192 83 29 1962

284 268 73 33 från
377 269 102 40 något
498 269 75 31 eller
591 269 100 40 några
710 281 42 20 av
772 269 146 39 följande
937 272 131 28 ämnen:
1087 269 192 31 ekonomisk
1297 269 146 37 historia,
1464 268 306 41 företagsekonomi,

284 313 154 40 geografi,
461 314 129 31 särskilt
613 313 266 40 kulturgeografi,
903 313 310 37 nationalekonomi,
1236 313 180 40 psykologi,
1440 313 160 40 sociologi,
1624 313 147 33 statistik

284 358 61 31 och
361 358 248 39 statskunskap.
624 358 52 31 Av
691 358 94 31 dessa
799 361 121 28 ämnen
935 358 60 31 bör
1008 357 101 40 enligt
1123 358 68 30 min
1206 358 131 40 mening
1352 358 239 39 statskunskap
1606 358 75 39 ingå
1694 359 77 30 med

284 402 103 31 minst
408 406 50 27 ett
479 402 110 40 betyg.
611 402 52 31 De
684 402 86 31 båda
792 402 209 31 återstående
1023 402 297 39 betygsenheterna
1341 402 60 31 bör
1423 402 32 31 få
1478 402 104 39 väljas
1604 402 83 32 fritt.
1708 403 64 39 Jag

284 446 205 37 förutsätter,
511 451 52 27 att
585 446 167 31 studierna
774 446 10 31 i
806 446 239 39 statskunskap
1064 465 43 4 —
1127 446 61 31 och
1210 449 83 28 även
1317 446 9 31 i
1348 446 86 31 vissa
1456 446 112 40 övriga
1590 449 119 29 ämnen
1730 466 42 4 —

284 490 150 31 kommer
455 495 53 27 att
531 491 112 31 kunna
667 490 151 31 bedrivas
841 490 84 31 efter
948 490 199 32 alternativa
1171 490 233 38 studiekurser,
1428 501 69 20 som
1520 490 179 32 utformats
1721 490 51 32 för

284 535 200 31 ändamålet.

325 610 217 32 Beträffande
560 609 380 41 institutsutbildningen
959 610 146 31 ansluter
1122 609 47 41 sig
1187 610 362 39 departementschefen
1569 610 9 31 i
1596 610 176 32 huvudsak

285 663 49 32 till
352 663 215 32 kommitténs
586 663 129 40 förslag.

325 721 374 32 Journalistinstitutens
718 720 133 41 ledning
871 721 60 31 bör
950 720 100 41 enligt
1070 720 380 40 departementschefens
1470 721 120 40 förslag
1609 720 163 33 anförtros

285 775 36 31 åt
340 785 41 21 en
402 775 135 38 styrelse
557 775 43 38 på
622 777 37 28 12
679 774 191 31 ledamöter.
892 774 164 39 Styrelsen
1077 774 82 31 skall
1179 773 88 32 inom
1288 773 48 41 sig
1355 778 75 27 utse
1449 778 49 27 ett
1519 775 253 31 arbetsutskott.

285 828 114 40 Något
414 828 107 31 behov
536 839 42 20 av
596 839 40 20 en
652 827 136 32 särskild
805 827 326 40 tillsynsmyndighet
1146 827 50 31 för
1211 826 176 32 instituten
1403 838 95 21 anser
1512 828 260 39 departements-

286 881 115 31 chefen
421 881 70 31 icke
508 880 164 40 föreligga.

325 938 376 40 Departementschefen
719 938 60 31 har
797 937 122 38 funnit,
939 941 52 28 att
1009 937 87 32 vissa
1116 938 70 31 skäl
1205 937 65 32 kan
1289 937 133 33 anföras
1441 938 50 31 för
1509 942 52 28 att
1580 939 42 31 all
1640 939 132 39 journa-

284 991 244 40 listutbildning
549 991 43 40 på
614 991 110 40 längre
747 991 65 31 sikt
835 991 165 31 anordnas
1021 991 68 31 helt
1112 991 88 31 inom
1222 1001 112 21 ramen
1357 991 51 31 för
1429 991 178 32 fristående
1629 992 143 32 institut.

285 1045 75 31 Den
380 1045 99 40 högre
498 1044 404 40 journalistutbildningen
922 1044 59 31 bör
1000 1043 112 32 därför
1130 1044 10 31 i
1160 1044 65 31 viss
1244 1044 77 31 mån
1341 1044 34 32 få
1394 1045 158 31 karaktär
1570 1057 42 20 av
1632 1045 140 32 försöks-

285 1098 221 32 verksamhet.

325 1156 207 31 Rektoraten
555 1155 55 32 vid
633 1155 174 31 instituten
829 1155 86 31 hade
937 1166 42 20 av
1001 1154 198 32 kommittén
1222 1154 183 41 föreslagits
1427 1155 45 32 bli
1493 1156 188 32 utformade
1703 1167 70 21 som

285 1208 348 40 deltidsbefattningar
658 1208 74 32 med
759 1208 123 31 arvode
909 1219 54 20 om
992 1211 110 28 12000
1129 1207 48 33 kr.
1205 1218 57 29 per
1288 1207 45 33 år.
1362 1208 119 41 Någon
1508 1209 265 41 undervisnings-

285 1262 190 40 skyldighet
492 1262 84 31 hade
595 1261 68 32 inte
681 1261 184 40 föreslagits
883 1261 74 40 ingå
976 1260 9 32 i
1003 1261 127 31 rektors
1149 1260 176 41 uppgifter.
1344 1260 113 41 Enligt
1476 1262 214 33 kommitténs
1709 1263 64 32 för-

284 1316 69 39 slag
376 1315 104 31 skulle
503 1326 41 20 en
568 1314 220 32 huvudlärare
811 1314 10 31 i
844 1315 155 39 lönegrad
1023 1314 49 31 Ae
1084 1317 39 28 26
1148 1314 136 40 fungera
1308 1325 70 21 som
1402 1315 187 32 kursledare
1613 1317 75 31 med
1714 1320 58 28 150

283 1370 152 33 timmars
459 1370 449 40 undervisningsskyldighet,
934 1370 119 31 medan
1078 1370 265 31 timarvoderade
1366 1369 105 32 lärare
1496 1370 103 31 skulle
1623 1370 149 31 meddela

285 1427 221 40 sammanlagt
524 1429 79 29 över
621 1430 15 27 1
651 1430 59 28 000
728 1426 151 32 timmars
897 1426 244 40 undervisning.

326 1488 88 31 Från
432 1487 254 41 organisatorisk
704 1488 172 39 synpunkt
893 1487 106 32 finner
1015 1485 363 42 departementschefen
1396 1486 57 32 det
1470 1486 182 41 föreslagna
1670 1491 103 35 syste-

285 1549 70 27 met
385 1544 71 32 icke
484 1544 75 32 fullt
588 1543 311 33 tillfredsställande.
929 1544 17 31 I
975 1544 109 31 stället
1113 1544 148 31 förordas
1290 1547 52 28 att
1372 1543 56 31 vid
1457 1547 76 27 vart
1561 1543 62 31 och
1652 1547 50 27 ett
1730 1553 43 21 av

284 1600 352 40 journalistinstituten
653 1600 139 32 inrättas
808 1611 41 20 en
866 1600 106 39 tjänst
988 1611 69 20 som
1074 1600 120 36 rektor,
1212 1599 104 32 tillika
1332 1599 221 31 huvudlärare
1570 1598 9 31 i
1595 1597 179 32 teoretiska

283 1659 134 29 ämnen.
444 1656 490 40 Undervisningsskyldigheten
961 1656 60 31 bör
1046 1656 202 31 bestämmas
1275 1655 49 32 till
1354 1658 59 28 175
1441 1654 143 33 timmar.
1611 1654 163 39 Departe-

285 1713 227 32 mentschefen
529 1713 157 37 förordar,
704 1718 53 27 att
773 1712 314 40 rektorstjänsterna
1105 1713 146 39 placeras
1269 1712 9 31 i
1295 1712 156 39 lönegrad
1469 1711 51 39 Bp
1534 1714 27 29 1.
1579 1710 63 32 Till
1660 1711 113 31 veder-

284 1771 149 31 börande
454 1769 304 40 tjänstinnehavare
781 1770 61 31 bör
864 1769 164 39 därjämte
1050 1769 80 40 utgå
1153 1768 137 32 särskild
1313 1767 396 41 avlöningsförstärkning
1730 1778 43 21 av

287 1830 90 28 1380
395 1827 47 31 kr.
458 1826 50 32 för
523 1826 45 32 år.

326 1887 64 32 Vid
416 1887 250 40 ifrågavarande
691 1886 133 32 institut
848 1887 61 31 bör
933 1886 111 32 vidare
1069 1886 109 32 finnas
1203 1896 40 21 en
1267 1886 231 37 huvudlärare,
1524 1895 70 21 som
1619 1888 77 37 äger
1719 1885 54 32 väl

286 1943 171 31 vitsordad
476 1942 225 40 journalistisk
718 1942 197 32 erfarenhet.
934 1942 51 32 En
1004 1942 106 39 tjänst
1129 1952 70 21 som
1217 1941 107 32 lektor
1342 1941 10 31 i
1370 1939 171 41 praktiska
1559 1944 120 28 ämnen
1697 1941 76 31 med

285 1998 167 40 placering
468 1998 9 31 i
494 1999 154 39 lönegrad
664 1999 48 31 Ae
724 2002 40 28 24
780 1998 61 32 bör
856 1998 112 32 därför
985 1998 139 32 inrättas
1142 1997 56 32 vid
1215 2001 75 28 vart
1306 1997 62 31 och
1385 2001 50 27 ett
1451 2007 43 21 av
1511 1996 185 32 instituten.

326 2055 205 31 Resterande
552 2055 234 40 undervisning
805 2073 43 6 —
869 2054 309 40 uppskattningsvis
1198 2053 152 40 omkring
1371 2056 61 28 700
1452 2052 135 32 timmar
1606 2052 56 31 vid
1684 2056 89 27 vart-

286 2111 78 32 dera
380 2122 43 20 av
440 2110 174 32 instituten
629 2130 43 4 —
687 2111 9 31 i
713 2111 90 31 såväl
820 2111 179 32 teoretiska
1016 2122 69 21 som
1103 2110 170 40 praktiska
1290 2113 120 28 ämnen
1426 2108 60 33 bör
1502 2109 101 40 enligt
1618 2108 156 40 förslaget

285 2166 168 31 meddelas
472 2178 42 20 av
533 2167 264 32 timarvoderade
815 2168 104 31 lärare
938 2179 42 20 av
999 2168 86 31 olika
1105 2168 77 39 slag.
1202 2167 64 31 För
1284 2166 103 32 sådan
1406 2165 234 41 undervisning
1657 2166 116 31 beräk-

285 2232 60 20 nar
363 2221 363 40 departementschefen
744 2224 107 31 medel
870 2223 76 32 med
965 2223 219 39 sammanlagt
1203 2226 39 27 52
1255 2225 59 28 300
1334 2222 48 31 kr.
1401 2222 51 31 för
1470 2221 154 32 vartdera
1643 2220 130 32 institu-

285 2283 60 27 tet.
368 2278 122 40 Kungl.
512 2277 105 40 Maj:t
638 2277 60 31 bör
718 2276 218 40 bemyndigas
957 2277 115 39 medge
1094 2276 184 32 avvikelser
1299 2275 73 31 från
1395 2275 63 31 den
1479 2274 174 31 förordade
1674 2275 99 30 lärar-

285 2334 265 40 organisationen
570 2333 88 32 inom
678 2344 111 21 ramen
809 2332 52 32 för
879 2332 156 32 anvisade
1054 2331 117 32 medel.

326 2392 116 32 Under
461 2391 319 40 avlöningsanslaget
799 2390 163 31 beräknas
983 2389 112 32 vidare
1115 2389 50 32 för
1185 2388 92 40 varje
1296 2388 136 32 institut
1450 2387 106 32 medel
1576 2387 49 32 till
1645 2388 67 31 dels
1733 2399 40 19 en

285 2447 166 32 kontorist
468 2447 10 31 i
493 2447 155 40 lönegrad
663 2447 49 32 Ae
724 2450 28 35 9,
769 2447 69 31 dels
856 2451 51 27 ett
923 2445 236 32 kanslibiträde
1176 2445 10 31 i
1202 2444 155 41 lönegrad
1373 2445 49 31 Ae
1435 2448 27 28 7.
1479 2444 218 32 Kontoristen
1714 2444 60 31 bör

284 2503 186 40 ombesörja
492 2504 85 31 bl.a.
601 2503 294 32 sekreterararbete
918 2502 61 31 och
1002 2502 66 31 viss
1091 2501 183 40 bokföring,
1297 2501 121 31 medan
1440 2501 252 31 kanslibiträdet
1713 2501 61 31 bör
