1894 2774
259 159 17 29 2
456 159 186 30 Allmänna
663 159 398 39 beredningsutskottets
1080 158 180 30 utlåtande
1278 167 41 20 nr
1337 159 26 28 B
1382 159 19 29 4
1422 158 38 29 år
1481 158 83 29 1958

263 242 114 31 denna
401 242 272 30 reaklionsform
699 243 37 28 är
760 242 55 29 det
841 242 163 38 engelska
1031 242 198 29 »detention
1254 244 148 30 centre>,
1428 250 74 20 som
1527 241 89 30 visat
1642 241 50 39 sig
1719 242 45 28 ha

262 293 42 20 en
324 284 127 38 positiv
470 284 168 29 inverkan
658 284 43 38 på
722 284 409 38 ungdomsbrottslingar.

307 327 81 28 Man
406 326 64 29 har
486 326 10 28 i
515 326 159 38 England
692 326 75 29 haft
787 335 133 20 samma
937 326 154 38 problem
1114 335 73 19 som
1206 325 10 29 1
1234 326 74 28 vårt
1327 325 92 29 land.
1439 327 80 28 Man
1537 326 81 28 kom
1639 326 126 29 under-

263 368 88 28 fund
375 368 79 28 med
478 370 49 27 att
549 368 128 38 många
700 377 42 19 av
766 368 76 29 dem
868 377 73 19 som
966 368 174 38 lagfördes
1165 367 117 29 kunde
1306 367 177 38 bibringas
1507 368 140 38 respekt
1670 368 93 28 inför

263 411 99 38 lagen
383 410 123 29 endast
526 417 123 31 genom
671 419 41 20 en
733 410 136 29 relativt
889 410 159 29 kännbar
1068 410 222 38 behandling.
1311 412 63 27 Det
1398 419 59 20 var
1477 410 134 29 kanske
1630 411 132 28 varken

263 451 214 39 nödvändigt
497 452 81 29 eller
598 452 168 29 önskvärt
787 454 48 26 att
856 453 132 28 utsätta
1007 452 78 29 dem
1106 451 54 29 för
1180 452 57 28 det
1258 452 179 37 strängare
1459 451 105 30 straff
1585 461 73 19 som
1682 459 83 30 ung-

263 493 258 39 domsfängelse
555 493 73 31 (det
656 494 164 38 engelska
850 494 194 34 »Borstal»)
1078 493 156 29 innebar.
1264 494 80 28 Man
1373 493 108 38 ansåg
1512 493 56 30 det
1597 493 167 39 föreligga

264 535 110 29 behov
392 545 41 19 av
451 545 41 19 en
511 535 212 39 behandling
741 535 77 29 med
839 535 77 29 kort
935 535 230 39 varaktighet,
1184 544 79 19 men
1283 544 73 20 som
1376 535 132 29 kändes
1527 535 65 29 och
1612 544 73 20 som
1704 545 61 19 var

264 577 139 38 lämpad
423 586 74 20 som
516 576 134 39 påföljd
671 577 44 38 på
736 577 154 29 »mindre
911 577 197 37 allvarliga»
1131 576 225 40 förbrytelser
1376 579 89 27 samt
1488 577 115 29 såsom
1623 578 142 28 korrek-

264 618 48 29 tiv
331 621 73 26 mot
424 619 76 28 dem
524 627 73 20 som
616 618 72 30 inte
711 619 215 38 respekterat
946 628 42 19 en
1008 619 175 38 villkorlig
1204 619 89 29 dom.
1316 620 74 28 Den
1412 619 129 29 anstalt
1562 629 82 19 man
1667 620 97 28 sökte

265 660 110 38 skapa
399 661 111 29 skulle
533 668 38 30 ge
594 663 48 26 ett
664 660 193 29 maximum
881 670 42 19 av
944 660 79 29 hårt
1048 660 116 30 arbete
1187 661 64 28 och
1274 663 47 27 ett
1345 661 187 28 minimum
1556 671 42 19 av
1621 661 145 29 förströ-

264 702 78 28 else.
371 702 65 29 Det
462 702 111 29 skulle
599 711 85 20 vara
710 711 42 20 en
779 702 90 38 plats
896 711 80 20 man
1003 702 72 29 inte
1102 703 155 28 önskade
1284 702 129 30 besöka
1442 702 87 30 flera
1556 703 137 39 gånger,
1723 703 42 30 Så

264 743 137 29 tillkom
425 753 25 19 s.
475 744 31 28 k.
533 743 198 30 »detention
754 746 148 27 centre>.
927 744 159 39 Ungdom
1109 745 129 28 iellan
1264 744 38 30 14
1328 745 64 28 och
1416 745 37 29 21
1481 745 38 29 år
1542 745 70 29 kan
1637 746 128 29 sändas

264 784 60 34 dit,
343 785 65 29 och
427 785 66 29 den
512 786 283 38 genomsnittliga
812 786 49 29 tid
882 786 41 29 de
941 786 196 39 tillbringar
1156 786 63 29 där
1238 787 36 28 är
1294 787 17 29 3
1330 786 178 30 månader.

308 827 262 39 Behandlingen
602 827 111 39 syftar
744 828 50 29 till
825 830 49 27 att
905 836 39 30 ge
974 837 41 21 en
1048 828 135 30 känbar
1213 828 216 39 påminnelse
1460 838 56 20 om
1549 832 49 27 att
1629 830 137 29 landets

265 868 95 39 lagar
386 869 37 28 är
448 869 51 28 till
525 868 54 29 för
603 871 49 27 att
679 869 98 39 lydas
804 872 89 27 samt
919 872 49 27 att
993 870 306 30 medmänniskors
1325 872 68 27 rätt
1421 871 87 29 skall
1535 872 230 38 respekteras.

265 910 102 30 Detta
390 911 143 38 betyder
556 911 89 29 dock
670 911 69 30 inte
766 914 48 26 att
839 912 66 29 den
930 920 89 31 unge
1044 912 230 39 brottslingen
1300 913 87 29 skall
1415 913 197 30 skrämmas
1639 914 51 28 till
1716 916 46 27 att

264 952 131 29 handla
416 952 175 39 laglydigt.
616 954 107 28 Tvärt
745 956 91 27 emot
859 954 137 38 uppnås
1019 954 66 29 den
1109 954 251 30 eftersträvade
1383 954 156 30 effekten
1562 955 123 30 endast
1709 966 56 19 om

266 1002 41 20 en
327 995 148 33 välvald,
499 994 118 30 därför
638 995 158 29 utbildad
818 996 64 28 och
903 996 190 38 personligt
1117 997 145 29 skickad
1283 998 161 38 personal
1468 998 178 39 samtidigt
1667 999 99 29 verk-

265 1035 90 38 ligen
373 1035 206 30 intresserar
599 1036 51 39 sig
670 1036 54 30 för
742 1037 65 29 den
828 1038 156 29 enskilde
1003 1038 63 29 och
1085 1039 206 38 anstränger
1312 1039 50 38 sig
1381 1042 49 26 att
1451 1039 100 29 ställa
1570 1039 195 39 begreppen

264 1077 51 28 till
333 1078 92 28 rätta
443 1077 54 29 för
514 1078 139 29 honom.

308 1160 259 30 Motionärerna
585 1171 102 20 anser
705 1172 42 19 en
765 1162 94 39 dylik
879 1163 325 39 behandlingsform
1223 1164 83 29 böra
1323 1174 83 20 vara
1425 1167 48 27 ett
1490 1165 190 30 värdefullt
1700 1166 66 28 till-

264 1210 93 30 skott
383 1210 5 29 i
409 1211 151 38 kampen
581 1214 72 27 met
675 1213 450 39 ungdomsbrottsligheten.
1147 1215 75 28 Den
1242 1223 89 30 unge
1353 1214 230 40 brottslingen
1607 1216 159 29 kominer

264 1259 77 30 bort
357 1260 80 30 från
457 1261 56 29 det
531 1271 24 19 s.
573 1262 32 28 k.
623 1263 125 38 gänget
766 1263 64 29 och
847 1263 136 39 tvingas
1000 1263 50 29 till
1069 1264 134 29 ordnad
1222 1264 183 40 livsföring
1422 1265 65 29 och
1504 1266 127 39 nyttigt
1650 1266 116 30 arbete

265 1311 109 28 under
391 1321 42 19 en
452 1312 149 36 tidrymd
621 1322 74 20 som
714 1314 37 28 är
769 1313 199 38 tillräckligt
987 1314 78 37 lång
1084 1315 55 28 för
1158 1317 49 27 att
1225 1315 10 28 i
1255 1316 40 28 de
1315 1316 101 29 flesta
1436 1316 61 31 fall
1516 1316 36 30 få
1569 1317 129 30 honom
1717 1319 49 28 att

265 1359 74 30 inse
360 1362 50 27 att
431 1361 92 30 brott
543 1361 70 30 inte
633 1362 100 29 lönar
755 1363 60 38 sig,
835 1372 80 20 men
935 1363 157 30 däremot
1112 1364 72 30 inte
1206 1364 38 30 så
1265 1365 80 39 lång
1366 1368 49 27 att
1436 1366 70 29 han
1527 1366 54 30 får
1602 1367 93 30 svårt
1717 1369 49 27 att

264 1419 151 29 anpassa
437 1411 50 41 sig
506 1411 50 29 till
578 1411 152 30 friheten
750 1413 87 38 igen.
858 1413 400 40 Behandlingsmetoden
1278 1416 97 29 torde
1395 1426 83 19 vara
1497 1417 85 28 värd
1602 1420 48 27 att
1671 1419 96 28 över-

263 1461 115 36 vägas.

310 1510 258 31 Motionärerna
587 1512 117 29 finner
723 1512 227 40 möjligheten
970 1517 49 27 att
1038 1515 206 30 kombinera
1262 1516 174 40 villkorlig
1457 1518 79 28 dom
1557 1519 78 29 med
1655 1519 112 30 bötes-

267 1561 105 29 straff
389 1562 83 28 eller
489 1562 79 29 med
585 1564 47 27 ett
651 1563 80 29 kort
749 1564 218 29 arreststraff
984 1565 83 29 böra
1085 1566 198 39 övervägas.

309 1612 13 28 I
336 1611 221 29 motionerna
572 1611 205 31 framhålles
791 1613 129 34 vidare,
936 1616 49 27 att
1000 1614 224 39 påföljderna
1240 1615 54 30 för
1309 1617 163 39 rymning
1488 1617 75 30 icke
1579 1619 38 28 är
1634 1619 132 38 ägnade

264 1662 50 28 att
338 1661 110 38 skapa
471 1662 138 38 respekt
633 1662 64 29 hos
721 1672 209 29 rymmaren.
956 1663 184 40 Påföljden
1166 1665 62 29 bör
1252 1666 146 39 skärpas
1423 1667 37 29 så
1484 1670 49 27 atl
1557 1669 208 39 rymningen

265 1710 54 29 för
341 1710 230 40 brottslingen
593 1711 169 30 framstår
784 1712 37 30 så
843 1713 75 30 litet
939 1714 169 30 lockande
1132 1724 74 20 som
1229 1716 147 40 möjligt.

309 1761 259 30 Motionärerna
588 1762 103 30 anför
711 1763 117 29 vidare
849 1764 10 28 i
880 1764 114 29 denna
1015 1764 113 40 fråga:

308 1820 154 29 Kontakt
495 1821 77 29 med
604 1821 183 30 samhället
819 1822 142 30 utanför
993 1825 173 28 anstalten
1199 1825 110 29 under
1339 1827 210 38 permission
1580 1829 70 29 kan
1681 1838 83 20 vara

264 1863 47 27 ett
330 1864 72 36 gott
421 1863 110 28 medel
552 1864 48 28 att
620 1864 120 38 uppnå
759 1864 104 38 syflet
881 1865 79 29 med
980 1866 418 41 anstaltsbehandlingen,
1418 1870 176 38 nämligen
1614 1873 49 27 att
1683 1872 81 36 göra

265 1903 65 29 den
357 1904 141 39 intagne
525 1904 49 29 till
603 1905 118 39 duglig
748 1906 317 31 samhällsmedlem
1093 1909 83 28 eller
1203 1911 49 27 att
1279 1910 130 39 främja
1435 1911 88 29 hans
1551 1913 215 38 anpassning

266 1945 127 30 därtill.
413 1947 311 39 Förutsättningen
744 1948 120 30 härför
883 1950 37 28 är
941 1952 48 27 alt
1008 1950 194 30 kontakten
1221 1952 79 28 med
1321 1953 184 29 samhället
1524 1954 66 29 blir
1610 1955 66 29 den
1697 1955 68 28 rik-

266 1987 77 39 tiga.
372 1988 43 29 Så
440 1988 69 29 kan
536 1989 59 29 ske
620 1989 58 29 vid
704 1990 87 39 legal
818 1990 208 38 permission
1051 2002 80 19 men
1158 1993 71 29 inte
1253 1994 57 28 vid
1336 1995 173 38 rymning.
1535 1996 139 29 Verkan
1700 1996 66 29 blir

265 2029 123 30 härvid
419 2031 66 28 den
515 2031 78 29 rakt
623 2034 177 27 motsatta.
830 2033 235 39 Brottslingen
1096 2035 125 38 knytes
1252 2035 129 30 fastare
1411 2037 57 28 vid
1499 2037 265 40 brottslighelen

265 2072 64 28 och
356 2072 65 29 den
450 2073 181 39 brottsliga
658 2074 255 39 omgivningen.
941 2076 101 29 Detta
1069 2077 200 29 motverkar
1295 2077 10 29 i
1333 2079 85 28 allra
1446 2079 123 38 högsta
1597 2080 82 38 grad
1709 2081 55 28 det

265 2114 237 38 uppoffrande
525 2115 115 29 arbete
664 2124 74 20 som
763 2117 356 39 anstaltspersonalen
1143 2119 9 28 i
1175 2119 76 29 vårt
1273 2120 82 28 land
1378 2120 9 28 i
1412 2121 190 30 allmänhet
1627 2123 138 37 nedläg-

267 2164 67 30 ger.

310 2199 274 38 Resonemanget
609 2199 70 30 kan
703 2200 10 28 i
737 2200 55 30 det
815 2201 192 38 väsentliga
1030 2202 178 29 överföras
1232 2203 44 38 på
1298 2203 41 29 de
1364 2204 402 40 ungdomsbrottslingar

268 2248 73 20 som
368 2240 156 39 åtnjuter
550 2250 25 20 s.
601 2241 33 29 k.
663 2241 273 31 >kriminalvård
963 2243 9 28 i
1000 2244 137 29 frihet>.
1165 2245 77 28 Med
1269 2245 65 29 den
1360 2246 213 37 omfattning
1600 2256 73 19 som
1701 2248 65 28 den

266 2282 197 39 villkorliga
491 2283 124 29 domen
643 2284 65 28 har
736 2284 64 29 fålt
827 2286 38 28 är
893 2285 55 29 det
976 2285 70 30 inte
1073 2286 153 38 ovanligt
1256 2289 48 27 att
1331 2287 65 29 den
1425 2288 188 39 villkorligt
1641 2289 126 29 dömde

266 2323 180 30 fortsätter
472 2325 52 29 sin
549 2325 183 39 brottsliga
756 2326 222 30 verksamhet
1006 2329 81 27 utan
1114 2330 49 27 att
1190 2329 45 28 ha
1260 2329 82 38 tagit
1370 2330 118 29 alltför
1515 2332 85 27 stort
1627 2330 136 39 intryck

267 2375 41 19 av
328 2367 202 29 samhällets
550 2368 170 29 reaktion.
741 2369 62 28 Det
822 2368 111 30 måste
953 2369 179 30 dessvärre
1153 2371 100 37 sägas
1273 2373 48 26 att
1340 2371 101 29 dessa
1461 2372 9 28 i
1491 2371 105 30 frihet
1614 2372 153 30 vårdade

265 2407 228 39 brottslingar
520 2409 111 29 starkt
656 2409 160 40 bidrager
843 2410 50 29 till
921 2411 284 38 brottslighetens
1233 2413 265 39 nyrekrytering
1525 2414 105 29 bland
1658 2415 110 29 andra

267 2450 206 37 ungdomar.
