2202 2620
427 142 20 29 4
832 138 386 32 Konstitutionsutskottets
1240 135 162 33 memorial
1425 134 54 31 Nr
1500 136 50 29 55.

521 228 220 35 Sedermera
781 228 127 33 inkom
948 228 215 42 Löwegren,
1206 226 72 34 den
1312 226 19 33 5
1365 223 76 43 maj
1475 223 107 43 1919,
1611 222 87 35 med
1727 232 46 23 en
1802 220 57 34 till
1887 222 112 32 stats-

387 280 107 34 rådet
520 280 69 33 och
617 278 133 35 chefen
777 277 59 35 för
862 278 389 42 civildepartementet
1281 275 112 34 ställd
1426 272 121 43 skrift,
1575 274 82 33 vari
1677 273 76 34 han
1783 270 127 35 anhöll
1938 281 60 23 om

387 330 210 43 ersättning
636 329 59 35 för
734 328 76 34 viss
849 328 58 34 till
947 327 97 43 följd
1085 338 47 22 av
1174 325 237 44 fullgörande
1453 334 47 23 av
1539 323 168 34 nämnda
1739 320 176 45 uppdrag
1941 320 59 34 för

387 380 104 35 tiden
517 380 85 34 från
631 380 71 33 och
729 378 86 34 med
842 378 72 34 den
946 379 17 32 1
993 377 195 34 december
1218 376 93 34 1918
1339 376 58 34 till
1426 374 69 34 och
1522 373 85 34 med
1635 373 74 35 den
1730 373 47 34 30
1796 371 85 44 juni
1903 370 95 34 1919

387 430 138 35 mistad
566 429 303 42 arbetsinkomst,
898 427 224 44 uppgående
1154 427 58 34 till
1241 426 107 42 6,703
1377 426 137 33 kronor
1541 423 68 34 och
1639 424 46 34 33
1716 426 72 32 öre.
1843 420 55 35 På
1926 420 75 34 till-

387 481 156 43 styrkan
572 491 48 23 av
648 479 133 35 chefen
808 478 59 35 för
895 477 398 44 civildepartementet,
1322 474 204 36 statsrådet
1544 473 166 43 Schotte,
1731 472 107 35 biföll
1856 471 142 42 Kungl.

387 531 111 43 Maj:t
523 531 225 42 Löwegrens
775 528 167 35 nämnda
969 527 292 43 framställning,
1287 526 68 34 och
1383 523 234 36 anbefalldes
1645 523 272 35 statskontoret
1944 523 56 31 att

387 581 86 35 från
501 581 113 43 sjätte
643 579 263 35 huvudtitelns
935 579 191 34 allmänna
1153 576 246 44 besparingar
1425 574 167 35 utbetala
1621 573 73 34 den
1719 574 203 42 Löwegren
1943 570 58 34 så-

389 632 116 34 lunda
541 630 227 35 tillerkända
808 630 268 42 ersättningen.
1129 628 62 33 Av
1231 627 45 34 de
1303 627 57 33 till
1388 626 104 34 detta
1519 624 139 34 ärende
1687 623 167 35 hörande
1882 620 119 36 hand-

390 683 122 43 lingar
537 680 169 44 framgår
732 680 187 42 följande:

523 732 224 42 Löwegrens
776 730 72 34 den
877 730 20 34 5
918 729 76 43 maj
1020 729 92 34 1919
1134 728 158 44 ingivna
1310 726 168 35 ansökan
1498 736 67 23 var
1585 735 47 24 av
1651 723 171 43 följande
1841 722 159 44 lydelse:

489 849 90 34 »Till
607 848 98 34 Herr
732 846 213 36 Statsrådet
973 847 68 33 och
1073 845 134 34 chefen
1235 844 58 35 för
1319 844 141 43 Kungl.
1490 841 409 43 Civildepartementet.

522 949 169 35 Härmed
731 948 58 34 får
814 947 68 44 jag
908 947 194 35 vördsamt
1128 945 154 35 anhålla
1310 947 56 31 att
1391 944 13 33 i
1432 941 375 37 överensstämmelse
1837 939 86 34 med
1950 939 54 33 bi-

390 1001 137 44 fogade
553 1000 110 43 intyg
689 999 82 35 utfå
798 999 12 32 i
838 998 69 34 och
935 997 58 34 för
1019 996 166 35 förlorad
1213 995 292 35 arbetsinkomst
1531 993 120 34 under
1678 991 104 34 tiden
1807 989 77 35 dec.
1908 989 94 34 1918

391 1051 134 43 —juni
555 1051 94 33 1919

528 1101 80 34 dels
636 1102 55 32 ett
718 1100 136 42 belopp
883 1110 47 22 av
960 1098 119 42 53,833:
1098 1098 45 33 33
1172 1097 54 33 kr.

393 1149 226 45 (ersättning
645 1149 60 35 för
731 1149 166 34 förlorad
924 1148 165 34 inkomst
1115 1148 12 33 i
1154 1147 44 34 N.
1228 1146 41 34 P.
1298 1142 57 47 C.)

525 1201 79 34 dels
633 1202 55 32 ett
715 1200 136 43 belopp
881 1210 47 23 av
957 1198 82 35 870:
1056 1216 46 3 —
1130 1198 54 33 kr.

391 1249 226 46 (ersättning
643 1249 322 36 för-rekvirerade
993 1243 303 48 föreläsningar).

526 1301 217 35 Stockholm
771 1300 34 34 d.
837 1301 19 33 5
885 1299 77 43 maj
996 1299 105 34 1919.

995 1349 157 35 Gunnar
1182 1349 214 42 Löwegren.

782 1397 112 24 Attaché
912 1396 138 31 technique
1067 1395 44 25 vid
1129 1395 120 25 Svenska
1266 1393 206 29 Beskickningen
1491 1392 9 23 i
1518 1392 94 24 Paris.»

524 1487 55 33 De
620 1497 49 23 av
709 1486 84 33 herr
832 1484 203 43 Löwegren
1068 1482 211 44 åberopade
1306 1481 155 43 intygen
1489 1483 64 31 äro
1581 1479 75 34 dels
1684 1480 65 40 ett,
1778 1488 81 24 som
1887 1476 120 34 utfär-

394 1537 84 34 dats
520 1537 71 33 den
621 1537 21 33 3
670 1535 86 44 juni
786 1534 94 35 1919
914 1545 49 23 av
989 1533 186 34 Nordiska
1202 1528 323 39 Presscentralens
1552 1529 126 34 A.-B:s
1707 1526 300 36 kameralavdel-

367 1593 2 2 "
392 1588 103 43 ning,
524 1598 47 23 av
611 1585 180 42 innehåll,
834 1587 56 32 att
928 1585 204 42 Löwegren
1174 1582 49 45 på
1251 1581 122 45 grund
1405 1592 49 23 av
1480 1580 151 35 vistelse
1659 1579 13 34 i
1699 1577 209 35 Frankrike
1937 1576 69 35 och

392 1638 153 43 Belgien
586 1637 12 33 i
639 1637 70 34 och
736 1636 59 34 för
826 1635 190 43 offentligt
1042 1634 175 43 uppdrag
1244 1632 84 35 haft
1354 1630 289 45 tjänstledighet
1671 1628 84 35 från
1784 1628 57 34 sin
1871 1627 137 35 befatt-

393 1688 93 44 ning
513 1699 78 23 som
620 1686 88 35 chef
732 1686 60 35 för
817 1685 187 35 Nordiska
1031 1684 324 34 Presscentralens
1387 1681 277 35 Malmökontor
1691 1679 69 35 och
1788 1678 82 35 icke
1890 1677 116 35 sedan

392 1738 203 35 november
634 1736 141 35 månad
814 1735 115 44 lyftat
969 1735 72 34 den
1080 1736 63 33 lön
1172 1734 21 34 å
1223 1733 146 35 833:33
1398 1733 54 33 kr.
1480 1732 13 33 i
1520 1730 188 35 månaden
1737 1730 76 33 han
1842 1729 13 33 i
1883 1728 124 34 denna

394 1789 58 34 sin
492 1788 190 44 egenskap
724 1786 134 43 åtnjöt,
901 1786 74 34 dels
1014 1788 53 32 ett
1102 1785 120 43 intyg,
1252 1795 79 23 som
1359 1782 189 35 utfärdats
1575 1781 22 34 å
1625 1778 297 44 Centralbyråns
1949 1777 60 35 för

393 1837 449 46 populärvetenskapliga
882 1836 275 43 föreläsningar
1196 1837 155 41 vägnar.
1418 1833 114 34 Detta
1573 1841 131 24 senare
1744 1830 112 42 intyg
1887 1831 42 31 är
1960 1839 48 23 av

394 1889 170 43 följande
591 1888 160 44 lydelse:

528 1939 86 34 »Att
653 1939 176 34 Direktör
861 1937 158 35 Gunnar
1049 1937 204 42 Löwegren
1290 1935 12 33 i
1329 1934 139 34 Malmö
1497 1933 122 34 såsom
1647 1931 204 35 föreläsare
1880 1929 129 34 tillhör

396 1988 272 45 Centralbyrån
709 1989 12 33 i
761 1987 111 35 Lund
912 1987 59 35 för
1010 1987 184 44 populära
1233 1984 285 44 vetenskapliga
1551 1982 287 42 föreläsningar,
1869 1982 55 32 att
1951 1978 58 35 för

394 2040 253 35 vårterminen
691 2040 94 34 1919
815 2038 156 35 aderton
1004 2035 470 45 föreläsningsföreningar
1500 2034 13 34 i
1541 2032 123 36 Skåne
1693 2032 68 34 hos
1789 2042 61 23 oss
1878 2030 131 43 begärt

395 2090 227 44 förmedling
649 2101 49 23 av
725 2089 157 34 aderton
912 2084 80 47 (18)
1019 2087 277 43 föreläsningar
1323 2097 47 23 av
1397 2085 138 34 honom
1564 2086 99 32 samt
1691 2081 36 35 S.
1747 2082 160 33 Kalmar
1925 2080 83 33 läns

394 2139 417 45 föreläsningsförbund
852 2150 46 23 en
940 2136 375 45 sammanhängande
1355 2133 374 45 föreläsningsturné,
1771 2130 237 36 omfattande

397 2192 84 34 elva
509 2187 78 47 (11)
617 2190 288 43 föreläsningar,
934 2189 90 34 eller
1049 2188 134 35 inalles
1202 2187 176 44 tjugunio
1399 2181 79 48 (29)
1499 2184 285 42 föreläsningar,
1807 2184 56 32 att
1880 2181 128 36 Löwe-
