1886 2830
272 149 18 30 2
726 156 274 34 Statsutskottets
1019 160 174 32 utlåtande
1212 171 41 21 nr
1276 163 49 30 57.

106 232 129 46 Utskottet.
321 238 121 37 Kungl.
467 239 118 40 Maj:ts
609 240 131 39 förslag
766 242 65 31 har
854 242 75 33 icke
952 244 84 37 givit
1064 245 163 32 utskottet
1251 247 189 38 anledning
1465 248 51 31 till
1540 249 148 32 erinran.
1717 251 56 30 Ut-

275 288 125 32 skottet
425 290 198 32 hemställer
649 292 110 39 alltså,

624 372 49 27 att
698 368 186 38 riksdagen
910 369 57 33 må
993 371 53 31 till
1075 371 74 32 Lån
1175 373 52 30 till
1253 374 147 32 svenska
1427 375 345 39 lastbilaktiebolaget

580 429 45 21 m.
651 430 46 22 m.
721 419 58 32 för
803 421 200 36 budgetåret
1029 417 139 43 1947/48
1193 424 111 31 under
1328 429 128 28 statens
1481 426 289 32 affärsverksfon-

579 469 68 36 der,
688 472 131 30 statens
855 471 195 38 järnvägar,
1093 473 119 32 anvisa
1252 478 49 27 ett
1341 475 344 40 investeringsanslag
1728 487 42 22 av

577 521 14 29 1
609 520 65 31 000
690 521 65 31 000
773 522 137 32 kronor.

312 618 204 32 Stockholm
535 620 68 31 den
624 621 37 31 15
680 622 92 36 april
793 623 92 31 1947.

767 772 46 32 På
835 775 268 32 statsutskottets
1125 777 143 36 vägnar:

819 858 29 31 J.
874 858 37 31 B.
938 858 271 33 JOHANSSON.

309 1157 62 32 Vid
393 1158 218 38 förestående
633 1159 145 32 ärendes
804 1160 279 39 slutbehandling
1108 1163 94 30 inom
1226 1163 166 31 utskottet
1414 1163 91 32 hava
1529 1165 168 31 närvarit:

306 1216 80 32 från
421 1218 164 31 första
624 1219 218 31 kammaren:
872 1220 120 30 herrar
1019 1220 112 31 Johan
1158 1221 182 31 Bernhard
1366 1222 205 36 Johansson,
1601 1223 159 34 Larsson,

261 1259 83 31 Karl
368 1260 205 37 Andersson,
603 1261 167 37 Bergvall,
797 1262 156 37 Heiding,
979 1263 143 37 Boman,
1147 1263 127 32 fröken
1298 1265 206 36 Andersson,
1529 1266 122 31 herrar
1678 1267 83 30 Näs-

258 1303 120 36 ström,
408 1302 203 39 Rosenberg,
639 1303 132 32 Gustav
800 1305 88 30 Emil
914 1305 205 38 Andersson,
1148 1306 203 32 Hesselbom
1379 1308 66 30 och
1473 1309 137 36 Ragnar
1635 1309 125 37 Bergh;

260 1349 90 27 samt

297 1403 82 32 från
413 1405 159 32 andra
607 1405 218 32 kammaren:
847 1406 120 32 herrar
990 1407 192 37 Malmborg
1202 1409 12 31 i
1236 1408 145 37 Skövde,
1404 1409 105 37 Falla,
1531 1410 196 30 Andersson
1749 1410 11 30 i

260 1446 137 37 Malmö,
420 1447 207 38 Rubbestad,
647 1447 226 38 Mårtensson,
893 1449 196 37 Lindholm,
1110 1445 211 43 Åkerström,
1342 1451 222 37 Holmström,
1587 1453 171 36 Thapper,

259 1489 144 31 Persson
424 1489 10 31 i
456 1489 158 38 Vinberg,
634 1491 197 31 Johansson
848 1492 12 30 i
879 1491 154 38 Mysinge
1051 1493 68 30 och
1137 1493 149 31 Jansson
1304 1495 12 30 i
1335 1493 109 32 Kalix.
