2184 2678
653 227 212 42 Bevillnings-
874 230 165 34 Utskottets
1063 232 209 35 Betänkande
1295 236 61 32 N:o
1381 239 28 29 6.
1770 245 19 28 3

243 316 66 24 ver
339 303 65 38 det
440 304 45 37 de
519 306 116 37 redan
665 308 157 49 åtnjuta,
853 323 115 36 synes
998 311 199 40 Utskottet
1226 315 148 38 derföre
1404 317 80 38 icke
1513 332 93 25 vara
1635 321 57 37 för
1720 322 110 39 deras

239 355 161 38 bestånd
431 357 71 36 och
530 359 225 50 utveckling
785 361 196 51 behöfligt,
1012 365 69 36 och
1114 366 197 38 Utskottet
1340 374 41 31 är
1408 370 148 38 derföre
1584 373 248 51 öfvertygadt

238 408 140 48 derom,
418 413 67 44 att,
516 423 59 23 om
606 410 75 38 den
711 413 41 36 af
775 414 237 39 motionären
1041 417 225 50 ifrågasatta
1294 421 170 38 komitén
1493 423 152 39 komme
1674 432 68 42 att,
1771 431 57 34 så-

237 472 81 23 som
362 461 237 38 motionären
643 464 153 48 önskar,
839 466 108 38 bestå
989 469 42 35 af
1055 471 145 48 verkligt
1228 473 222 50 sakkunnige
1478 488 194 37 personer,
1703 478 124 38 skulle

236 511 74 37 den
339 512 174 50 tulltaxa,
557 527 80 24 som
668 516 43 36 af
733 517 169 38 komitén
932 523 259 48 upprättades,
1224 524 223 51 visserligen
1479 527 83 37 icke
1591 529 152 38 komma
1773 537 55 32 att

235 567 50 46 gå
313 565 11 36 i
353 565 72 36 den
455 565 187 51 rigtning,
674 570 236 37 motionären
936 585 111 25 anser
1075 574 165 50 önsklig.

360 617 67 36 Ått
455 621 85 34 vårt
568 619 88 38 land
674 620 56 37 för
755 622 147 38 tillfälle
920 624 94 37 lider
1031 626 41 36 af
1083 631 55 32 ett
1156 626 110 39 hårdt
1281 630 244 38 ekonomiskt
1541 632 170 51 betryck,
1728 634 99 39 lärer

234 668 117 49 ingen
400 669 91 50 vilja
534 671 176 38 bestrida.
780 674 88 37 Men
909 676 103 38 detta
1052 677 238 41 förhållande
1319 681 75 37 kan
1424 686 41 33 så
1493 684 155 49 mycket
1676 686 148 39 mindre

232 734 73 35 ega
333 721 59 36 sin
421 722 101 37 orsak
548 723 8 36 i
575 724 397 52 tull-lagstiftningen,
1002 743 81 23 som
1112 736 54 31 ett
1196 732 124 49 dylikt
1348 734 157 50 betryck
1533 736 84 37 icke
1646 743 41 31 är
1707 741 118 47 något

234 772 58 37 för
335 772 159 51 Sverige
537 777 275 49 egendomligt,
856 785 91 31 utan
981 787 106 32 snart
1129 784 114 49 sagdt
1285 785 73 37 alla
1387 786 145 50 länder,
1561 788 122 39 ehvad
1713 791 109 38 deras

233 824 339 52 tull-lagstiftning
599 831 69 46 går
701 829 11 36 i
741 830 228 39 frihandels-
999 834 93 36 eller
1119 837 334 47 protektionistisk
1482 839 186 51 rigtning,
1702 844 120 36 under

229 882 152 32 senaste
413 878 100 37 tiden
543 880 97 37 varit
671 881 91 37 eller
792 887 100 33 ännu
922 890 64 31 äro
1012 886 126 38 derför
1166 893 152 33 utsatta.

359 930 238 39 Motionären
639 933 202 51 åberopar,
868 936 54 36 till
968 938 85 37 stöd
1087 939 57 36 för
1172 940 58 36 sin
1259 942 101 49 åsigt
1389 956 59 23 om
1480 944 341 51 nödvändigheten

231 982 58 35 för
333 984 82 34 vårt
450 983 89 37 land
568 990 55 31 att
651 986 215 49 öfvergifva
899 988 525 55 frihandelsgrundsatserna,
1468 997 193 49 exemplet
1689 998 42 37 af
1755 1011 65 25 an-

230 1033 66 37 dra
339 1034 187 49 nationer,
568 1037 132 37 hvilka
742 1039 128 37 kunna
905 1046 161 44 antagas
1091 1043 102 37 inom
1223 1044 85 38 kort
1335 1046 153 38 komma
1516 1054 56 31 att
1600 1052 134 47 återgå
1762 1051 57 37 till

231 1085 328 50 skyddsystemet.
631 1089 87 37 Men
759 1091 82 37 icke
885 1092 120 37 heller
1040 1095 103 37 detta
1185 1109 116 37 synes
1330 1098 199 39 Utskottet
1557 1101 91 37 böra
1676 1102 142 38 förleda

228 1150 62 24 oss
333 1143 55 31 att
429 1139 96 36 inslå
568 1154 143 24 samma
739 1148 88 43 väg.
884 1145 134 49 Enligt
1046 1147 218 39 Utskottets
1294 1150 101 50 åsigt
1423 1152 122 37 skulle
1576 1153 72 37 den
1677 1154 140 38 ekono-

229 1189 124 37 miska
394 1191 237 49 ställningen
674 1194 102 37 inom
821 1201 80 31 vårt
948 1197 89 37 land
1080 1199 82 37 icke
1206 1200 222 51 derigenom
1458 1203 118 39 blifva
1605 1205 10 36 i
1645 1205 172 50 ringaste

228 1244 88 34 mån
345 1242 224 50 förbättrad,
599 1258 84 25 men
714 1247 62 36 väl
804 1253 221 33 motsatsen.

355 1294 57 37 Då
453 1295 199 39 Utskottet
693 1299 146 36 således
881 1300 84 38 icke
994 1302 75 37 kan
1098 1303 152 38 förorda
1278 1308 128 46 någon
1435 1306 226 51 förändring
1689 1309 10 36 i
1728 1310 87 37 tull-

226 1345 295 51 lagstiftningen
549 1348 11 36 i
590 1349 73 37 den
706 1351 43 36 af
778 1352 238 38 motionären
1045 1356 170 37 önskade
1244 1357 187 50 rigtning,
1461 1364 99 32 samt
1588 1360 61 37 vid
1681 1362 135 37 sådant

224 1397 238 38 förhållande
505 1403 118 46 något
661 1402 129 37 vidare
830 1405 179 47 yttrande
1051 1406 83 38 icke
1177 1409 189 37 erfordras
1395 1412 199 47 angående
1624 1413 187 38 aflåtande

225 1449 42 37 af
303 1463 46 23 en
393 1451 240 51 underdånig
668 1454 201 39 skrifvelse
911 1457 57 36 till
998 1458 139 49 Kongl.
1169 1460 105 50 Maj:t
1302 1461 11 36 i
1342 1462 64 37 det
1434 1463 111 49 syfte,
1576 1464 236 39 motionären

224 1501 211 50 föreslagit,
472 1503 55 38 får
556 1504 197 39 Utskottet
783 1507 213 49 hemställa,

991 1632 67 35 1:o.

721 1718 55 32 att
817 1714 97 38 Herr
952 1715 108 39 Sääfs
1102 1718 292 50 ifrågavarande
1438 1723 144 37 motion
1627 1728 116 34 måtte
1773 1727 42 36 af

621 1764 219 51 Riksdagen
872 1767 146 38 lemnas
1044 1776 91 31 utan
1164 1772 189 39 afseende.

347 1865 63 38 Uti
436 1866 116 51 nådig
580 1869 237 49 proposition
846 1871 71 37 N:o
949 1875 18 33 7
998 1872 67 38 har
1095 1875 136 49 Kongl.
1260 1877 107 49 Maj:t
1395 1878 56 37 för
1467 1884 55 32 att
1539 1879 139 39 bereda
1694 1887 112 32 stats-

217 1917 133 37 verket
378 1932 47 22 en
455 1924 78 32 mot
561 1921 87 37 dess
678 1922 158 49 utgifter
865 1925 186 37 svarande
1079 1926 182 50 inkomst,
1291 1929 109 37 dels
1381 1913 22 67 i
1421 1933 280 49 sammanhang
1720 1935 85 36 med

217 1968 203 50 ifrågasatt
461 1971 222 51 förhöjning
710 1974 12 36 i
750 1974 620 55 bränvinstillverkningsafgiften
1417 1983 200 50 föreslagit
1646 1998 47 24 en
1721 1986 84 37 här-

214 2027 103 31 emot
359 2024 188 36 svarande
590 2025 226 50 förhöjning
856 2028 11 36 i
909 2028 279 40 införseltullen
1230 2035 19 34 å
1295 2033 163 38 bränvin
1487 2036 70 36 och
1587 2037 107 49 sprit,
1724 2038 80 37 dels

213 2073 102 49 gjort
359 2074 286 52 framställning
686 2091 60 24 om
789 2079 223 51 förhöjning
1052 2082 11 36 i
1106 2083 281 50 tullafgifterna
1424 2087 58 36 för
1524 2088 111 49 kaffe,
1670 2090 135 37 socker

213 2130 100 32 samt
343 2126 101 38 vissa
473 2127 85 50 slag
586 2129 42 36 af
650 2129 129 38 tobak.

341 2178 199 50 Motioner,
574 2181 201 49 åsyftande
812 2183 227 51 förändring
1067 2187 10 35 i
1107 2187 247 39 tullsatserna
1383 2191 57 36 för
1468 2193 251 37 omförmälda
1747 2208 57 23 ar-

213 2227 126 51 tiklar,
370 2230 114 38 hafva
514 2232 195 38 dessutom
727 2234 124 37 blifvit
879 2235 101 37 inom
1009 2237 243 51 Riksdagens
1280 2241 130 38 Andra
1430 2243 202 38 Kammare
1654 2242 148 58 väckta,

210 2280 42 37 af
288 2281 98 38 Herr
429 2284 42 36 P.
508 2285 190 38 Hibinette
732 2287 160 49 (motion
920 2288 70 36 N:o
1023 2290 72 49 10),
1127 2292 40 35 af
1190 2292 98 37 Herr
1316 2295 42 35 A.
1389 2295 224 49 Bäckström,
1644 2298 157 48 (motion

211 2332 70 38 N:o
325 2334 74 49 56),
441 2336 42 36 af
519 2336 97 38 Herr
658 2338 61 37 Th.
763 2340 210 49 Flensburg,
1016 2342 157 50 (motion
1215 2344 71 37 N:o
1324 2345 59 50 73)
1427 2353 98 31 samt
1571 2349 41 36 af
1635 2349 98 37 Herr
1761 2350 37 37 €.

212 2385 142 50 Magni,
385 2387 159 49 (motion
573 2390 72 37 N:o
678 2391 95 48 104).
