2202 2692
184 863 133 33 Paraffin.

154 1888 101 28 Perlor,
290 1886 74 26 äkta.

410 228 37 30 16
780 223 210 40 Bevillnings-
1005 213 173 54 Utskottets
1194 217 208 35 Betänkande
1426 218 61 32 N:o
1512 220 27 29 6.

369 308 131 47 11,057
546 310 156 32 ceutner
745 309 99 32 samt
877 309 88 43 steg
992 302 121 37 under
1141 301 46 36 de
1215 313 69 23 sex
1314 302 88 34 åren
1431 298 82 36 från
1543 296 70 38 och
1645 295 86 37 med
1763 296 96 36 1870
1889 294 56 37 till

366 359 70 38 och
466 358 82 38 med
585 359 94 37 1875
711 357 98 37 ända
837 356 54 37 till
922 357 136 47 24,745
1088 359 165 32 centner.
1299 351 240 48 Visserligen
1569 350 69 36 har
1668 353 184 45 exporten
1882 361 66 23 un-

367 412 65 37 der
474 415 90 34 åren
613 413 91 34 1876
748 409 70 37 och
851 411 93 34 1877
991 407 170 48 mnedgått,
1187 406 196 36 hvaremot
1417 403 70 37 den
1520 407 80 32 åter
1630 404 118 45 något
1776 400 81 49 höjt
1887 400 62 47 sig

366 464 121 37 under
520 463 190 38 nästlidna
740 465 50 34 år.

496 516 194 38 Utskottet
720 514 233 44 hemställer,

1114 601 92 36 10:0.

894 668 55 33 att
976 661 98 38 hvad
1106 662 99 36 Herr
1234 659 222 38 Bäckström
1486 658 9 36 i
1526 655 180 39 afseende
1736 658 18 33 å
1785 654 162 37 artikeln

764 723 61 31 ost
870 716 197 45 föreslagit
1108 718 118 32 måtte
1269 715 40 34 al
1335 711 219 47 Riksdagen
1589 710 145 35 lemnas
1778 714 90 29 utan
1899 707 52 36 af-

765 767 153 38 seende.

490 868 169 48 Paraffin
698 865 178 37 hänföres
919 865 50 35 uti
1009 863 175 49 gällande
1218 862 159 35 tulltaxa
1406 860 119 36 under
1558 854 390 39 ”Kemiskt-tekniska

367 921 234 51 preparater”
643 919 70 36 och
752 919 137 46 drager
926 915 238 50 följaktligen
1206 927 44 22 en
1286 913 71 36 tull
1391 912 41 36 af
1461 913 20 34 5
1520 913 153 47 procent
1707 907 84 37 utaf
1814 919 138 23 varans

369 975 124 36 värde.

495 1025 134 49 Enligt
656 1024 101 36 hvad
786 1023 195 37 Utskottet
1003 1021 198 46 inhemtat,
1223 1018 253 37 förekommer
1495 1015 209 50 paraffinen
1727 1013 80 37 dels
1828 1015 122 33 såsom

368 1082 40 34 rå
448 1079 91 37 eller
568 1077 236 43 oraffinerad,
833 1076 81 36 dels
944 1077 124 35 såsom
1096 1071 215 47 raffinerad,
1341 1069 130 37 hvilka
1499 1070 65 35 två
1592 1068 85 47 slag
1705 1066 129 36 kunna
1860 1069 92 31 utan

369 1131 196 49 svårighet
594 1129 182 50 åtskiljas.
832 1127 130 38 Under
991 1125 262 38 förstnämnda
1284 1123 92 36 form
1406 1126 115 44 utgör
1548 1119 210 50 paraffinen
1793 1122 54 31 ett
1875 1121 78 31 sär-

369 1185 103 36 deles
514 1183 143 49 vigtigt
684 1181 344 48 beredningsämne
1057 1177 62 36 vid
1148 1173 507 40 tändsticksfabrikationen.
1711 1169 88 38 Med
1828 1168 126 37 anled-

370 1237 94 48 ning
492 1235 112 37 häraf
627 1234 71 36 och
727 1233 119 36 under
875 1229 237 50 åberopande
1142 1229 40 36 af
1207 1228 46 36 de
1283 1228 96 46 skäl,
1408 1239 81 23 som
1510 1225 112 36 ofvan
1645 1223 62 36 vid
1730 1221 224 37 behandlin-

370 1302 76 35 gen
474 1288 42 37 af
535 1286 163 38 artikeln
726 1285 118 37 fosfor
871 1283 126 37 blifvit
1025 1281 168 47 anförda,
1224 1280 53 36 får
1307 1279 197 36 Utskottet
1532 1276 151 47 föreslå,
1713 1279 55 32 att
1796 1276 40 34 rå
1864 1273 92 36 eller

371 1339 224 39 oraffinerad
623 1338 160 50 paraffin
812 1339 115 34 måtte
956 1336 36 35 få
1020 1333 150 38 tullfritt
1191 1332 154 47 införas,
1366 1331 198 36 hvaremot
1578 1326 201 39 raffinerad
1796 1325 156 50 paraffin

371 1393 106 36 torde
506 1391 231 38 fortfarande
765 1390 93 36 böra
885 1389 115 46 draga
1031 1399 139 24 samma
1197 1383 180 48 tnllafeift
1397 1396 81 23 som
1502 1381 153 46 hittills;
1676 1377 279 39 hemställande

371 1445 197 37 Utskottet
600 1442 253 50 följaktligen,

1115 1519 93 34 11:0.

896 1585 55 32 att
996 1579 179 37 rubriken
1227 1576 168 50 Paraffin
1440 1576 115 33 måtte
1603 1571 140 36 erhålla
1790 1569 165 48 följande

770 1632 225 38 förändrade
1025 1631 163 49 lydelse:

897 1685 184 49 Paraffin,
1118 1680 291 39 Oraffinerad..
1430 1710 95 4 sceec
1592 1705 257 6 sece2e-oeee-00
1870 1673 87 35 ofri

1114 1733 217 45 raffinerad;
1353 1730 179 37 hänföres
1553 1729 118 36 under
1690 1724 267 39 kemiskt-tek-

1227 1785 108 37 niska
1363 1787 229 45 preparater.

510 1890 64 38 Uti
603 1889 55 37 sin
690 1887 76 39 ofta
796 1885 163 40 nämnda
990 1884 141 36 motion
1161 1881 155 38 föreslår
1337 1879 96 36 Herr
1453 1877 225 50 Mejenqvist,
1699 1879 55 32 att
1775 1873 85 36 äkta
1874 1885 83 36 per-

377 1946 50 34 ler
471 1945 114 35 måtte
626 1941 187 48 beläggas
857 1939 83 36 med
979 1951 47 22 en
1066 1934 179 49 tullafgift
1279 1931 266 38 motsvarande
1591 1927 135 49 Vjodel
1756 1926 42 36 af
1822 1938 136 24 varans

378 1996 125 37 värde.

505 2047 53 37 Af
594 2042 361 49 Kommerskollegii
997 2040 195 50 uppgifter
1234 2037 203 43 inhemtas,
1466 2039 56 32 att
1556 2032 133 37 värdet
1717 2030 41 37 af
1780 2031 180 47 importe-

377 2101 88 36 rade
508 2100 89 36 äkta
629 2098 126 49 perlor
782 2096 120 36 under
930 2094 46 36 de
1005 2092 251 37 sistförflutna
1285 2089 72 36 fem
1388 2091 85 33 åren
1504 2090 114 43 utgör
1645 2084 11 36 i
1685 2081 181 38 medeltal
1894 2094 64 23 en-

378 2153 85 36 dast
491 2151 177 48 omkring
699 2149 135 47 10,000
863 2147 149 36 kronor.
1042 2144 87 37 Med
1158 2143 149 37 erinran
1339 2141 129 35 härom
1491 2138 69 36 och
1582 2137 119 36 under
1721 2133 237 49 åberopande

377 2206 13 35 i
417 2204 117 49 öfrigt
562 2204 42 35 af
626 2202 45 37 de
701 2201 95 47 skäl,
826 2213 80 22 som
936 2198 197 36 Utskottet
1161 2195 113 35 ofvan
1303 2193 126 35 anfört
1448 2196 102 31 emot
1571 2190 71 35 den
1664 2188 42 35 af
1723 2187 236 35 motionären

377 2257 182 36 likaledes
589 2254 216 48 föreslagna
834 2252 118 35 tullen
981 2253 20 32 å
1024 2248 160 50 juveler,
1211 2247 54 36 får
1299 2245 187 37 Utskottet
1518 2240 215 47 hemstiälla,

1122 2338 92 33 12:0.

902 2404 54 31 att
989 2397 98 36 Herr
1115 2393 247 50 Mejenqvists
1387 2388 289 50 ifrågavarande
1707 2386 142 47 förslag
1877 2383 83 37 icke

777 2454 116 35 måtte
923 2450 41 37 af
987 2448 220 48 Riksdagen
1236 2445 161 37 bifallas.
