2199 2675
362 232 43 31 14
809 217 392 37 Konstitutionsutskottets
1227 212 163 33 Utlåtande
1412 210 58 30 N:o
1495 209 47 29 16.

367 306 144 47 följande
536 307 72 31 sätt.
640 303 47 32 Af
709 301 112 42 hvarje
843 296 147 34 röstande
1007 294 135 42 afgifves

369 367 39 21 en
446 352 95 38 sedel,
567 346 225 37 innehållande
816 344 135 33 allenast
975 344 45 30 ett
1048 350 95 22 namn

364 401 65 32 och
458 396 149 35 afseende
631 394 52 33 val
707 393 32 32 af
763 391 88 33 såväl
875 388 173 33 ledamöter
1077 396 68 21 som

363 445 221 44 suppleanter,
610 440 55 32 där
699 436 177 44 bäggedera
913 433 90 33 skola
1032 430 112 43 väljas.

370 492 53 32 De
446 489 130 44 platser,
600 497 67 22 som
692 490 52 26 äro
770 484 46 30 att
838 481 134 35 besätta,
997 476 148 36 fördelas,

374 534 152 36 särskildt
561 533 49 32 för
645 530 52 33 val
725 529 32 32 af
795 526 175 33 ledamöter
1003 522 59 32 och
1086 527 61 26 sär-

368 581 106 34 skildt
509 580 49 31 för
582 577 51 32 val
664 576 32 31 af
720 573 215 43 suppleanter,
965 568 116 33 mellan
1111 566 37 31 de

376 627 87 33 olika
476 624 143 34 sedlarne
627 622 80 32 efter
721 619 59 32 den
795 616 112 44 grund,
919 617 56 35 att,
990 613 40 32 då
1047 613 103 41 någon

376 672 86 34 sedel
483 668 208 35 tillerkännes
708 665 83 43 plats
809 664 49 31 för
875 662 65 31 viss
957 656 193 42 röstmängd,

378 728 121 22 samma
533 711 183 42 röstmängd
747 708 122 33 medför
904 706 68 31 lika
1006 706 63 29 rätt
1103 703 49 30 för

377 763 114 41 hvarje
538 769 104 22 annan
678 755 96 38 sedel,
814 752 59 33 och
912 751 40 42 på
989 749 53 31 det
1080 748 72 37 sätt,

375 811 52 29 att
451 807 171 42 platserna,
640 814 39 20 en
696 802 80 31 efter
796 809 115 25 annan,
929 794 140 34 tilldelas
1093 792 61 32 den

376 854 39 32 at
439 852 38 32 de
502 850 87 33 olika
612 847 154 37 sedlarne,
792 855 67 21 som
875 842 50 32 för
945 841 111 41 hvarje
1074 838 82 41 gång

381 896 156 45 uppvisar
562 895 52 32 det
630 894 115 31 största
760 885 273 48 jämförelsetalet.
1068 883 88 32 Jäm-

383 941 196 35 förelsetalet
603 945 34 25 är
660 938 49 31 för
732 936 111 41 hvarje
877 931 86 34 sedel
987 930 71 31 dess
1082 930 75 29 röst-

381 989 60 37 tal,
467 987 35 32 så
524 986 93 41 länge
642 981 106 34 sedeln
775 986 86 25 ännu
884 977 70 32 icke
977 976 61 31 fått
1054 974 105 40 någon

388 1035 82 42 plats
506 1031 49 42 sig
589 1026 183 37 tillerkänd,
807 1023 112 33 halfva
946 1020 154 37 rösttalet,
1126 1018 34 31 så

384 1081 96 40 länge
514 1075 107 33 sedeln
659 1072 128 34 erhållit
822 1069 135 32 allenast
992 1077 38 20 en
1067 1060 92 51 plats,

381 1122 205 44 tredjedelen
622 1120 31 31 af
688 1116 154 36 rösttalet,
879 1114 34 32 så
937 1113 91 40 länge
1053 1109 108 33 sedeln

382 1169 136 33 erhållit
542 1166 134 32 allenast
700 1163 54 42 två
776 1161 129 43 platser,
929 1157 59 32 och
1005 1157 33 31 så
1054 1154 108 33 vidare

389 1215 12 32 i
425 1215 127 31 fortsatt
587 1209 91 43 följd.
725 1207 79 38 Äro,
829 1205 12 31 i
864 1204 88 40 fråga
986 1213 51 19 om
1061 1200 104 41 någon

393 1260 94 43 plats,
524 1257 54 32 två
613 1255 78 31 eller
725 1253 76 30 fera
835 1249 33 32 af
894 1244 271 47 jämförelsetalen

392 1305 78 37 lika,
495 1301 78 43 ägde
599 1300 59 32 den
683 1297 86 44 sedel
793 1293 168 40 företräde,
978 1292 95 31 hvars
1089 1291 76 30 röst-

392 1350 47 32 tal
475 1354 33 26 är
543 1348 104 31 störst.
694 1343 68 31 Äro
787 1342 94 30 äfven
913 1337 151 32 rösttalen
1089 1334 76 36 lika,

396 1395 90 41 afgör
521 1392 101 31 lotten
652 1386 172 35 företrädet
860 1383 116 33 mellan
1012 1375 154 51 sedlarna.

398 1440 51 32 De
485 1437 128 44 platser,
647 1445 67 21 som
748 1430 133 34 sålunda
916 1427 181 33 tillkomma
1129 1435 39 20 en

393 1484 101 36 sedel,
519 1483 138 31 besättas
681 1479 41 42 på
745 1477 54 31 det
823 1477 72 36 sätt,
920 1475 46 29 att
986 1471 71 38 den,
1074 1471 95 30 hvars

399 1540 96 22 namn
518 1528 101 31 finnes
642 1522 153 45 uppfördt
819 1521 18 31 å
861 1518 119 38 sedeln,
1004 1516 12 32 i
1039 1516 132 31 främsta

400 1575 138 31 rummet
573 1570 155 32 förklaras
763 1565 84 37 vald,
883 1563 163 32 hvarefter
1070 1560 102 31 denne

398 1619 82 33 eller
505 1617 60 32 den
589 1615 140 32 ledamot
764 1612 32 31 af
819 1610 194 35 kammaren,
1037 1606 64 32 han
1125 1604 49 31 för

402 1662 154 34 händelse
582 1661 31 31 af
637 1657 108 34 förfall
768 1652 270 41 befullmäktigat,
1063 1650 40 43 på
1119 1648 55 32 tal-

404 1717 156 24 mannens
607 1703 157 33 anmodan
811 1701 18 30 å
863 1699 160 42 väljarnes
1057 1701 119 35 vägnar

402 1760 134 26 nämner
549 1751 82 37 dem,
643 1760 65 21 som
720 1746 90 33 skola
820 1745 107 40 intaga
938 1742 38 31 de
988 1740 101 42 öfriga
1099 1739 78 42 plat-

399 1809 107 28 serna,
521 1797 59 31 och
597 1795 91 31 dessa
704 1790 183 34 äfvenledes
905 1787 154 33 förklaras
1073 1783 103 32 valda.

398 1845 80 31 Den
513 1840 145 41 ordning,
683 1839 10 30 i
717 1836 133 33 hvilken
876 1833 185 33 talmannen
1084 1830 93 31 fram-

405 1888 111 33 ställer
540 1885 97 33 sådan
662 1881 167 37 anmodan,
854 1890 67 21 som
946 1889 43 20 nu
1003 1874 118 33 nämnd
1134 1880 43 31 är,

405 1935 194 32 bestämmes
634 1930 33 31 af
703 1928 38 32 de
773 1926 85 32 olika
875 1923 160 33 sedlarnes
1059 1918 120 36 rösttal,

411 1981 34 31 så
470 1980 46 30 att
540 1978 45 31 ett
600 1975 99 42 högre
715 1971 112 33 rösttal
843 1970 57 31 har
917 1966 156 34 företräde
1090 1965 92 31 fram-

412 2026 50 30 för
485 2026 46 29 ett
554 2022 97 41 lägre,
676 2020 91 35 samt,
792 2016 56 32 där
867 2013 153 34 rösttalen
1037 2017 52 25 äro
1106 2009 76 38 lika,

408 2080 117 32 genom
549 2066 148 40 lottning.

477 2114 30 31 3.
555 2110 121 33 "Mellan
701 2108 38 32 de
763 2106 100 41 enligt
889 2115 94 21 mom.
1000 2103 15 30 2
1031 2100 92 32 valde
1135 2099 50 32 be-

411 2162 153 30 stämmes
588 2154 186 42 ordningen,
792 2151 104 32 därest
913 2148 37 33 de
963 2147 87 32 förut
1062 2145 125 32 tillhört

417 2200 241 46 ifrågavarande
693 2198 124 33 utskott
851 2195 78 32 eller
952 2191 129 38 nämnd,
1107 2190 80 32 efter

410 2250 58 31 det
492 2247 87 33 antal
603 2244 178 41 riksdagar,
795 2241 38 32 de
857 2241 87 30 inom
969 2247 120 22 samma
1104 2233 83 33 varit

412 2294 178 33 ledamöter
625 2290 78 33 eller
737 2286 213 44 suppleanter,
987 2293 73 21 men
1083 2280 103 43 eljest,

1197 289 116 38 metod,
1349 288 35 32 så
1418 288 87 30 snart
1539 283 85 32 valet
1659 282 83 31 afser
1775 289 66 21 mer
1865 282 40 26 än
1930 287 39 20 en

1197 346 125 34 person.
1369 332 155 33 Närmare
1549 328 102 43 regler
1676 338 51 20 om
1750 325 84 32 huru
1856 321 115 35 härvid

1199 381 83 34 skall
1305 379 134 33 förfaras
1464 375 160 33 meddelas
1653 373 11 32 i
1688 366 284 48 reglementariska

1201 426 200 34 föreskrifter
1424 423 51 31 för
1497 420 197 42 Riksdagen.

1253 558 335 45 Reglementariska
1618 551 232 37 föreskrifter
1874 550 57 32 för

1476 610 219 40 Riksdagen.

1274 698 74 42 84.
1397 696 51 31 De
1484 694 11 30 i
1519 692 84 32 RO.
1632 691 41 31 37
1700 688 59 32 och
1783 687 42 32 50
1850 685 44 43 SS
1919 696 62 20 om-

1207 742 157 34 förmälda
1388 740 52 32 val
1464 738 91 33 skola
1578 733 182 35 förberedas
1785 732 58 31 och
1860 730 122 32 utföras

1208 790 41 43 på
1283 791 61 29 sätt
1380 786 57 31 här
1471 783 104 32 nedan
1611 781 58 32 och
1698 779 11 31 i
1733 778 44 43 $$
1800 777 20 32 5
1849 775 51 33 till
1925 774 59 32 och

1211 833 72 34 med
1309 833 38 31 11
1374 837 80 36 sägs.

1278 879 106 31 Innan
1415 874 105 44 dylikt
1559 872 52 32 val
1646 871 168 40 företages,
1850 867 136 31 utsätter

1212 925 113 41 hvarje
1360 922 162 31 kammare
1558 918 50 31 för
1632 916 49 32 sin
1706 914 52 32 del
1781 912 57 39 tid,
1864 911 39 32 då
1927 911 60 31 för-

1214 968 177 43 slagslistor
1426 967 18 31 å
1483 964 116 32 sådana
1634 960 174 33 ledamöter
1843 957 33 31 af
1903 956 86 31 kam-

1216 1026 117 26 maren,
1370 1023 66 21 som
1459 1020 91 22 anses
1579 1008 76 32 böra
1680 1005 54 32 vid
1758 1003 94 33 valen
1876 1001 114 42 ifråga-

1215 1061 139 36 komma,
1379 1056 90 33 skola
1492 1055 52 32 till
1568 1053 185 32 talmannen
1776 1049 168 31 inlämnas.

1283 1101 286 43 Förslagslistorna
1611 1098 51 31 må
1704 1094 165 33 innehålla
1907 1092 84 31 huru

1220 1151 112 41 många
1356 1148 77 32 eller
1457 1146 83 32 huru
1563 1144 33 31 få
1620 1153 96 21 namn
1740 1152 66 20 som
1832 1134 93 51 helst.

1287 1194 106 33 Sedan
1429 1192 161 31 desamma
1617 1185 181 37 inkommit,
1823 1183 106 31 anslås
1954 1181 38 31 de

1220 1241 33 32 af
1276 1240 194 34 talmannen,
1497 1234 71 33 med
1591 1230 183 44 afgifvande
1799 1229 32 32 af
1847 1226 146 42 förslags-

1222 1285 167 34 ställarnas
1413 1293 106 21 namn.

1289 1332 20 39 &
1346 1330 28 31 5.
1425 1323 307 36 Kammarledamot,
1780 1330 66 22 som
1887 1315 110 33 blifvit

1223 1375 178 40 föreslagen
1436 1371 52 33 till
1512 1380 119 22 samma
1655 1365 145 44 uppdrag
1825 1364 17 30 å
1868 1373 65 20 mer
1958 1366 40 26 än

1224 1433 39 20 en
1286 1417 219 43 förslagslista,
1532 1415 50 31 må
1605 1413 118 36 kunna,
1738 1420 73 21 vare
1830 1407 48 42 sig
1894 1408 104 30 munt-

1224 1467 87 41 ligen
1325 1464 77 32 eller
1415 1461 192 41 skriftligen,
1621 1458 58 31 hos
1692 1456 186 32 talmannen
1891 1450 107 33 fordra

1227 1511 55 33 sitt
1310 1520 94 21 namn
1436 1506 154 33 uteslutet
1616 1503 70 31 från
1710 1500 63 32 alla
1797 1499 91 32 listor
1911 1499 89 29 utom

1228 1566 52 28 en;
1307 1554 80 32 dock
1411 1555 46 29 att
1474 1551 97 32 sådan
1588 1545 238 40 framställning
1842 1544 51 30 må
1910 1547 91 37 göras

1229 1602 105 32 senast
1363 1599 18 31 å
1405 1597 53 32 det
1480 1596 58 32 här
1562 1593 100 33 nedan
1690 1587 209 36 omförmälda
1924 1597 77 21 sam-

1231 1643 172 35 manträde.

1298 1689 21 43 8
1343 1690 29 30 6.
1422 1687 114 32 Senast
1572 1683 100 42 dagen
1707 1681 68 31 före
1810 1678 86 32 valet
1925 1687 79 21 sam-

1234 1734 179 33 manträder
1442 1731 184 31 kammaren
1651 1728 50 30 för
1725 1722 225 45 slutjustering
1973 1720 33 32 af

1234 1774 278 51 förslagslistorna.
1647 1772 86 32 detta
1772 1765 232 36 sammanträde

1235 1826 50 31 må
1321 1823 111 32 endast
1460 1818 143 45 följande
1626 1815 229 46 jämnkningar
1878 1818 91 36 göras
1995 1810 12 31 i

1235 1870 37 33 de
1297 1868 179 42 föreslagna
1499 1865 146 32 listorna:

1306 1916 60 39 1:0)
1397 1911 140 33 anmäler
1575 1908 182 33 talmannen
1798 1903 38 32 de
1875 1900 133 34 uteslut-

1236 1961 123 41 ningar,
1395 1969 67 21 som
1497 1956 41 42 på
1565 1952 103 44 grund
1692 1951 32 32 af
1747 1949 51 33 till
1822 1949 119 30 honom
1964 1945 47 31 in-

1238 2007 125 41 gångna
1386 1999 271 41 framställningar
1680 1995 102 42 enligt
1805 1993 22 43 8
1851 1994 21 30 5
1894 1998 53 25 äro
1964 1991 47 31 att

1239 2053 143 38 företaga
1406 2049 18 30 å
1448 2047 145 35 listorna;

1308 2094 62 43 2:0)
1394 2100 74 34 äger
1505 2086 294 36 kammarledamot,
1841 2093 68 21 som
1948 2080 65 33 står

1241 2143 161 41 upptagen
1439 2138 18 31 å
1489 2146 65 21 mer
1578 2140 40 25 än
1643 2143 39 21 en
1705 2127 221 44 förslagslista,
1951 2127 62 30 rätt

1242 2190 46 28 att
1312 2191 75 36 göra
1411 2182 90 42 dylik
1524 2176 250 41 framställning;

1309 2231 63 38 3:0)
1396 2235 74 34 äger
1501 2224 121 45 jämväl
1656 2217 263 44 förslagsställare
1952 2217 62 29 rätt

1243 2278 46 31 att
1313 2273 140 34 utesluta
1477 2272 71 31 från
1572 2268 60 33 den
1653 2267 32 32 af
1702 2266 117 31 honom
1837 2260 179 42 föreslagna
