2198 2624
668 198 260 34 Statsutskottets
962 196 175 34 Utlåtande
1164 195 64 31 N:o
1259 195 53 30 54.
1721 189 15 30 1

904 606 87 41 N:o
1019 606 76 40 54.

794 773 73 29 Ank.
892 772 45 29 till
960 771 100 29 Riksd.
1084 769 95 29 kansli
1201 768 55 29 den
1283 767 35 28 19
1342 775 76 20 mars
1443 765 90 34 1907,
1556 763 37 28 kl.
1620 764 66 36 1,30
1712 772 23 18 e.
1760 771 37 18 m.

518 922 194 37 Utlåtande
739 921 14 35 i
780 919 194 47 anledning
1002 917 46 48 af
1071 915 136 46 Kungl.
1230 913 126 48 Maj:ts
1370 910 227 49 proposition
1618 907 183 49 angående

616 973 196 37 beredande
839 971 46 49 af
910 967 190 39 lånemedel
1120 967 67 49 för
1215 966 43 36 år
1287 964 95 37 1907
1409 965 59 47 för
1490 958 150 58 fortsatt
1666 959 135 37 utveck-

617 1026 74 49 ling
719 1025 47 50 af
790 1030 130 30 statens
948 1015 290 59 telefonväsende.
1553 1029 54 49 (R.
1639 1027 59 49 A.)

307 1149 18 36 I
361 1146 239 52 proposition
637 1144 40 37 af
711 1144 75 36 den
823 1144 46 35 31
908 1139 198 39 december
1146 1138 97 37 1906
1278 1136 68 35 har
1374 1132 142 50 Kungl.
1548 1132 107 47 Maj:t
1682 1129 121 38 under

207 1200 238 50 åberopande
474 1199 40 36 af
539 1196 288 51 propositionen
855 1192 147 50 bilagdt
1028 1191 137 47 utdrag
1194 1189 40 36 af
1255 1183 419 52 statsrådsprotokollet
1694 1182 109 36 öfver

206 1252 254 39 civilärenden
495 1251 60 36 för
593 1261 142 24 samma
772 1247 87 47 dag,
892 1244 197 48 föreslagit
1115 1240 220 48 Riksdagen
1364 1243 54 31 att
1447 1235 232 50 bemyndiga
1706 1233 98 37 riks-

207 1304 295 51 gäldskontoret
539 1306 55 32 att
621 1297 285 40 tillhandahålla
932 1293 356 51 telegrafstyrelsen
1316 1291 59 36 för
1402 1289 156 37 fortsatt
1584 1285 222 48 utveckling

209 1358 40 36 af
278 1361 145 33 statens
451 1351 314 40 telefonväsende
795 1356 54 31 ett
876 1348 227 48 lånebelopp
1132 1346 59 36 för
1221 1347 41 34 år
1293 1344 95 35 1907
1419 1342 42 36 af
1487 1339 203 49 5,000,000
1720 1338 85 35 kro-

207 1422 72 24 nor
320 1413 67 42 att,
435 1407 5 36 i
482 1409 86 34 mån
609 1405 41 37 af
687 1403 119 37 behof
846 1401 71 37 och
959 1399 116 38 sedan
1102 1398 104 36 detta
1234 1396 59 36 för
1320 1394 132 48 hvarje
1480 1395 105 46 gång
1613 1389 127 38 blifvit
1768 1388 42 37 af

209 1461 141 48 Kungl.
393 1459 107 49 Maj:t
540 1456 190 52 pröfvadt,
773 1455 42 36 af
851 1449 357 53 telegrafstyrelsen
1248 1447 13 37 i
1287 1444 376 50 riksgäldskontoret
1690 1441 115 50 lyftas

210 1514 70 37 och
312 1514 120 48 jämte
459 1516 123 41 ränta,
611 1506 267 39 motsvarande
907 1505 73 36 den
1007 1500 238 50 ränteutgift,
1276 1512 80 23 som
1385 1510 139 37 genom
1553 1494 162 38 berörda
1743 1493 63 36 be-

208 1567 111 49 lopps
356 1561 312 40 öfverlämnande
705 1559 59 37 till
791 1555 354 52 telegrafstyrelsen
1172 1551 219 39 förorsakas
1420 1547 386 50 riksgäldskontoret,

209 1618 104 36 inom
348 1617 112 49 tjugu
502 1618 41 33 år
582 1614 86 36 från
709 1613 122 35 första
871 1607 316 52 lyftningsdagen
1217 1602 215 49 återgäldas
1460 1599 163 38 medelst
1652 1596 156 39 afbetal-

210 1670 139 48 ningar
377 1668 12 36 i
418 1668 72 36 den
519 1669 86 33 mån
632 1662 317 50 telegrafverkets
977 1659 124 37 medel
1129 1655 127 39 därtill
1283 1655 124 36 lämna
1435 1653 175 46 tillgång,
1640 1650 100 36 dock
1768 1651 41 33 så

211 1726 54 33 att
302 1719 129 50 dylika
473 1717 282 47 afbetalningar
795 1714 93 37 böra
928 1725 48 24 en
1008 1709 133 38 månad
1172 1709 104 35 förut
1303 1706 43 36 af
1369 1701 353 52 telegrafstyrelsen
1749 1700 61 36 för

211 1771 374 51 riksgildskontoret
612 1765 322 49 tillkännagifvas.

315 1823 74 37 Till
417 1820 214 51 åberopade
661 1813 415 54 statsrådsprotokollet
1103 1813 68 35 har
1200 1807 280 50 föredragande
1509 1807 300 48 departements-

214 1876 136 38 chefen
379 1875 127 37 anfört
532 1872 185 49 följande:

315 1927 85 38 »Uti
427 1924 239 49 underdånig
694 1921 202 39 skrifvelse
925 1920 73 36 den
1028 1920 47 35 30
1104 1914 209 39 november
1343 1913 96 36 1906
1469 1911 69 36 har
1565 1907 245 51 telegrafsty-

213 1981 126 37 relsen
382 1979 102 49 gjort
512 1975 283 48 framställning
823 1986 60 24 om
912 1969 215 39 beredande
1156 1967 60 37 för
1246 1969 41 34 år
1319 1966 94 36 1907
1446 1963 41 37 af
1510 1960 213 39 lånemedel
1750 1959 61 36 för

214 2034 154 35 fortsatt
395 2029 223 47 utveckling
647 2027 41 37 af
714 2033 145 29 statens
887 2019 323 41 telefonväsende.

319 2083 119 36 Innan
463 2081 70 49 jag
560 2084 173 31 närmare
762 2076 167 46 redogör
956 2073 60 36 för
1044 2069 210 39 innehållet
1281 2068 12 35 i
1321 2065 162 38 berörda
1512 2062 213 46 skrifvelse,
1747 2062 66 35 ber

210 2137 71 48 jag
321 2135 38 36 få
400 2132 137 45 erinra,
580 2135 55 32 att
676 2127 143 50 Kungl.
852 2125 107 49 Maj:t
987 2136 140 37 genom
1155 2120 134 48 nådigt
1318 2117 85 37 bref
1430 2117 72 36 den
1534 2117 43 34 11
1608 2114 71 46 maj
1714 2113 96 35 1906

216 2185 247 50 bemyndigat
491 2180 356 51 telegrafstyrelsen
875 2182 56 32 att
958 2176 12 36 i
998 2172 371 51 riksgäldskontoret
1396 2168 97 50 lyfta
1521 2167 64 36 det
1603 2165 85 36 utaf
1704 2163 109 38 Riks-

217 2240 124 48 dagen
381 2237 60 36 för
483 2235 153 37 fortsatt
672 2230 224 48 utveckling
933 2227 40 37 af
1007 2232 144 32 statens
1190 2219 312 41 telefonväsende
1538 2218 60 36 för
1636 2220 40 33 år
1715 2216 97 36 1906

218 2289 180 39 anvisade
439 2286 226 49 lånebelopp
695 2283 40 38 af
762 2281 203 50 3,500,000
995 2278 151 46 kronor,
1175 2280 56 33 att
1258 2273 122 38 under
1408 2271 36 37 af
1473 2269 221 48 Riksdagen
1722 2266 92 37 fast-

303 2352 66 28 Bih.
393 2350 45 29 till
461 2348 102 30 Riksd.
589 2347 79 29 Prot.
696 2346 88 28 1907.
830 2344 17 27 4
873 2342 88 29 Saml.
1009 2341 15 27 1
1049 2339 69 36 Afd.
1166 2338 38 27 39
1231 2336 85 35 Hift.
1366 2331 71 39 (N:o
1461 2333 63 33 54)
1758 2330 13 26 1
