2196 2638
662 185 259 34 Statsutskottets
954 183 176 34 Utlåtande
1157 182 64 32 N:o
1249 183 73 30 108.
1695 176 41 31 17

200 272 151 47 hänsyn
387 269 58 37 till
485 269 219 48 låntagaren
748 266 92 38 söka
882 278 142 37 genom
1061 261 269 51 medgifvande
1360 260 40 37 af
1425 261 127 47 någon
1581 256 172 49 eftergift
1780 255 12 36 i

201 321 403 50 betalningsvillkoren
646 320 59 37 för
744 317 293 50 ifrågavarande
1073 315 63 37 lån
1167 336 50 5 —
1249 311 234 50 exempelvis
1512 323 140 37 genom
1680 309 112 37 cefter-

203 375 220 38 skänkande
457 374 41 36 af
521 373 155 37 fordran
704 374 48 47 på
779 371 251 44 öfverräntor,
1060 368 46 36 de
1135 366 125 50 öfriga
1289 364 179 38 förfallna
1495 368 200 31 räntornas
1723 360 70 37 lik-

203 427 187 38 ställande
420 426 84 36 med
534 424 320 38 anståndsräntan
891 422 92 37 eller
1021 420 122 50 dylikt
1177 441 47 4 —
1254 422 104 44 sätta
1380 414 414 39 Vislanda—Bolmens

203 478 413 52 järnvägsaktiebolag,
632 477 114 36 hvars
762 476 168 49 järnväg
949 473 95 37 efter
1063 470 216 38 fullbordad
1299 466 349 50 skenomläggning
1664 470 130 44 syntes

202 533 151 35 komma
381 536 56 31 att
463 530 127 36 lämna
618 529 32 49 ej
682 526 214 50 obetydligt
923 523 341 47 trafiköfverskott,
1292 521 13 37 i
1333 520 110 37 stånd
1472 524 57 32 att
1554 518 240 48 småningom

204 583 198 50 återgälda
430 582 59 37 sin
518 581 122 38 skuld.

307 687 110 37 Efter
462 685 64 37 det
571 683 139 49 Kungl.
753 682 128 49 Maj:ts
923 677 424 51 befallningshafvande
1388 676 13 36 i
1442 674 249 48 Kronobergs
1733 672 63 37 län

205 753 138 36 genom
372 738 117 48 nådig
516 736 136 38 remiss
680 735 74 37 den
783 737 47 34 22
855 732 152 50 januari
1038 733 97 35 1904
1165 729 202 38 anbefallts
1388 732 56 33 att
1461 727 126 37 lämna
1607 725 190 49 styrelsen

204 793 60 36 för
305 788 413 40 Vislanda—Bolmens
754 783 407 53 järnvägsaktiebolag
1202 783 13 36 i
1254 780 226 38 likvidation
1516 777 148 38 tillfälle
1700 781 55 32 att
1786 776 12 36 i

205 844 157 37 ärendet
388 847 103 45 yttra
519 841 60 49 sig
606 845 98 32 samt
731 839 86 36 med
845 838 65 36 det
937 836 192 50 yttrande,
1150 848 81 23 som
1251 833 157 37 sålunda
1428 831 126 36 kunde
1574 830 150 36 komma
1743 833 56 31 att

205 896 180 49 afgifvas,
427 894 195 37 äfvensom
663 896 89 44 eget
787 888 259 49 underdånigt
1081 886 195 37 utlåtande
1312 885 58 36 till
1413 883 140 49 Kungl.
1595 881 108 50 Maj:t
1742 880 55 36 in-

207 949 161 45 komma,
411 946 68 36 har
520 944 139 49 Kungl.
689 943 125 49 Maj:ts
852 940 172 38 bemälde
1061 936 436 50 befallningshafvande,
1534 933 57 38 till
1620 932 178 50 åtlydnad

207 1000 119 48 däraf,
367 997 201 38 inkommit
607 996 86 37 med
732 993 257 49 underdånigt
1029 990 194 38 utlåtande
1252 989 41 37 af
1327 988 73 37 den
1429 989 47 35 25
1504 985 167 38 februari
1702 986 97 35 1904

208 1057 98 32 gamt
334 1050 156 38 därmed
518 1048 251 38 öfverlämnat
797 1046 40 37 af
862 1045 190 49 styrelsen
1080 1044 59 36 för
1167 1039 414 40 Vislanda—Bolmens
1596 1038 203 49 järnvägs-

208 1104 220 48 aktiebolag
454 1102 13 37 i
495 1100 224 38 likvidation
744 1099 13 36 i
786 1098 158 38 ärendet
972 1096 162 49 afgifvet
1160 1092 189 52 yttrande.

312 1205 198 51 Styrelsen
538 1205 67 37 har
633 1203 81 37 däri
742 1201 177 49 andragit
947 1199 179 50 följande.

312 1260 54 36 Af
391 1258 46 37 de
465 1258 13 36 i
505 1255 414 48 remisshandlingarna
951 1250 234 49 förefintliga
1212 1248 195 50 uppgifter
1435 1245 108 37 öfver
1566 1245 236 49 järnvägens

208 1312 209 36 inkomster
446 1309 70 37 och
543 1308 160 49 utgifter
730 1306 122 37 under
879 1302 302 51 tioårsperioden
1213 1299 253 38 1891—1900
1493 1297 229 48 framginge,
1748 1300 55 32 att

209 1363 374 37 trafikinkomsterna
611 1359 96 37 varit
733 1359 13 36 i
773 1362 137 32 nästan
931 1356 194 36 oafbrutet
1145 1352 188 49 stigande.
1376 1351 56 37 De
1451 1348 176 50 utgjorde
1648 1347 155 37 sålunda

211 1417 137 46 94,890
378 1415 140 36 kronor
549 1414 46 35 14
624 1417 64 31 öre
717 1413 41 34 år
788 1411 95 35 1891
915 1412 79 33 mot
1024 1407 161 47 138,256
1215 1405 140 36 kronor
1383 1406 40 33 år
1452 1402 109 35 1900.
1603 1400 130 37 Under
1756 1399 46 37 de

211 1468 115 49 därpå
353 1466 168 50 följande
550 1467 64 34 två
642 1466 90 34 åren
758 1461 98 38 hade
885 1461 111 36 dessa
1023 1459 211 36 inkomster
1261 1458 164 47 uppgått
1452 1452 57 38 till

411 1547 39 34 år
481 1544 176 36 1901...
676 1572 84 6 oo...
779 1569 188 8 ov...
1002 1537 161 47 148,906
1193 1535 144 36 kronor
1366 1535 48 34 34
1443 1537 64 31 öre
1536 1530 69 38 och

412 1599 40 34 år
483 1597 234 36 1902...
724 1622 245 7 örtrerser
840 1588 42 55 aren
888 1622 63 6 sennen
953 1588 18 55 in
1003 1589 163 47 145,370
1195 1587 140 37 kronor
1364 1586 46 35 86
1441 1589 76 32 öre.

315 1674 133 48 Enligt
483 1670 205 52 upprättad
715 1670 70 36 och
813 1668 280 47 handlingarna
1113 1664 156 49 bifogad
1289 1660 277 52 approximativ
1586 1657 219 38 balansräk-

211 1727 95 48 ning
333 1726 97 36 hade
458 1723 372 38 trafikinkomsterna
858 1720 146 47 utgjort
1034 1719 57 35 för
1119 1719 40 34 år
1182 1717 97 35 1903
1303 1714 162 48 137,030
1487 1712 152 46 kronor,
1660 1709 146 37 hvilket

212 1791 91 25 vore
341 1780 121 46 något
499 1775 147 37 mindre
675 1779 47 31 än
750 1773 59 36 för
839 1775 40 33 år
910 1772 110 45 1902,
1048 1767 194 39 beroende
1271 1769 48 46 på
1348 1765 71 37 den
1448 1764 59 36 för
1536 1761 269 50 skogsafverk-

212 1831 94 48 ning
346 1829 147 37 mindre
530 1838 251 39 gynnsamma
817 1824 149 36 vintern
997 1821 71 37 och
1095 1819 184 50 möjligen
1307 1818 114 36 äfven
1448 1816 13 36 i
1490 1818 127 45 någon
1646 1816 86 33 mån
1759 1815 48 47 på

214 1881 347 38 Borås—Alfvesta
588 1880 184 47 järnvägs
800 1873 294 50 framdragning
1120 1872 12 36 i
1161 1877 112 40 orter,
1303 1883 80 23 som
1403 1868 102 37 förut
1524 1866 119 37 delvis
1663 1865 144 36 tillhört

214 1920 180 62 Vislanda
415 1932 210 36 —Bolmens
651 1929 185 49 järnvägs
864 1924 280 39 trafikområde.

318 1986 52 36 Af
408 1983 279 49 handlingarna
727 1981 12 36 i
776 1979 159 37 ärendet
963 1977 218 48 framginge
1210 1974 140 47 vidare,
1379 1977 57 32 att
1464 1970 85 38 med
1572 1971 235 48 järnvägens

216 2038 120 47 årliga
375 2036 209 36 inkomster
624 2033 119 36 under
781 2044 48 24 en
859 2030 92 49 följd
982 2029 43 36 af
1049 2031 40 33 år
1116 2026 183 37 bestridts
1328 2029 75 31 rätt
1430 2022 194 49 betydliga
1651 2020 157 47 utgifter

217 2089 81 36 dels
327 2089 58 35 för
413 2087 118 48 inköp
560 2086 40 35 af
625 2083 169 37 rullande
823 2080 183 46 materiel,
1036 2092 79 24 som
1140 2075 343 51 järnvägsbolaget
1510 2074 103 35 förut
1640 2071 79 37 helt
1738 2071 70 36 och

216 2140 115 37 hållet
373 2139 148 45 saknat,
564 2136 80 36 dels
679 2135 69 36 ock
778 2134 59 36 för
860 2133 237 48 järnvägens
1127 2128 200 37 förseende
1365 2125 85 37 med
1478 2138 74 35 nya
1581 2123 226 46 stålskenor,

217 2191 181 38 hvarmed
435 2190 214 48 järnvägen
685 2187 13 36 i
726 2186 58 36 sin
818 2184 130 37 helhet
976 2196 50 23 nu
1057 2193 88 25 vore
1176 2178 243 47 fullständigt
1445 2175 150 49 belagd.
1651 2173 73 37 Vid
1753 2176 56 33 så-

216 2244 115 36 lunda
373 2241 198 37 anmärkta
599 2237 262 38 förhållanden
891 2235 71 37 och
991 2234 46 36 då
1065 2231 103 38 såväl
1191 2232 237 48 järnvägens
1447 2227 172 37 rullande
1641 2224 169 38 materiel

218 2309 80 23 som
327 2295 88 36 dess
446 2289 300 51 underbyggnad
776 2288 69 37 och
865 2284 257 51 husbyggnad
1155 2296 92 23 vore
1267 2282 11 36 i
1299 2280 95 50 godt
1426 2279 106 38 skick
1567 2283 97 32 samt
1683 2289 126 24 annan

301 2356 65 28 Bih.
392 2355 44 28 till
458 2353 100 29 Riksd.
582 2352 79 29 Prot.
687 2348 90 31 1904.
823 2346 18 31 4
865 2348 90 29 Saml.
1001 2345 17 28 1
1041 2345 70 38 Afd.
1159 2342 40 30 72
1221 2343 85 37 Iäöft.
1750 2336 18 28 3

1821 1210 146 29 Styrelsens
1984 1210 41 22 för

1843 1245 160 22 Vislanda—

1822 1280 120 22 Bolmens
1958 1278 65 29 järn-

1850 1314 145 28 vägsaktie-

1830 1349 77 28 bolag
1925 1348 8 22 i
1951 1347 75 23 likvi-

1884 1382 89 23 dation

1861 1417 129 29 yttrande.
