2190 2632
446 208 245 34 Sammansatta
716 207 103 34 Stats-
848 205 68 44 (och
940 205 264 43 Lag-)utskottets
1232 204 175 34 Utlåtande
1430 204 63 33 N:o
1519 206 28 31 8.
1778 204 17 32 7

197 292 99 36 mien
336 292 56 37 för
433 291 210 48 försäkring
685 291 83 36 med
808 292 74 34 rätt
914 288 58 38 till
1001 288 204 48 ersättning
1232 288 116 35 under
1375 285 238 38 karenstiden
1641 286 117 37 blifva
1786 285 13 37 i

196 346 221 48 genomsnitt
457 348 63 35 två
561 345 134 37 kronor
735 345 112 47 högre
890 349 46 30 än
973 343 56 36 för
1057 342 208 48 försäkring
1293 341 223 37 omfattande
1545 340 155 37 allenast
1728 340 71 36 den

195 403 75 34 rätt
297 400 58 36 till
383 399 213 48 ersättning,
627 412 75 23 som
730 399 108 47 lagen
866 397 201 48 medgåfve,
1098 397 67 36 och
1193 396 152 48 utginge
1373 394 319 37 ombudsarfvodet
1716 394 83 36 med

197 467 65 24 sex
290 457 149 44 procent
466 454 42 35 af
533 453 173 48 premien,
737 452 134 37 ökades
900 452 119 35 denna
1037 450 157 37 kostnad
1213 450 82 36 med
1315 462 65 24 sex
1400 452 149 45 procent
1570 448 40 37 af
1630 450 168 43 100,000

196 508 134 37 kronor
359 508 88 36 eller
474 508 83 35 med
587 509 115 43 6,000
732 506 144 36 kronor.

304 563 81 35 Den
427 561 114 48 årliga
569 560 188 48 ökningen
785 560 40 36 af
850 557 488 49 förvaltningskostnaderna
1366 556 119 38 skulle
1514 556 138 37 således
1682 556 118 36 under

197 617 44 35 de
271 615 149 49 angifna
449 614 352 49 förutsättningarna
828 613 117 37 blifva
973 612 183 48 omkring:

357 706 56 36 för
443 705 122 36 arbete
602 704 97 37 inom
736 702 561 48 riksförsäkringsanstalten......
1326 701 55 37 kr.
1442 703 127 43 3,000:
1588 721 47 5 —

377 774 12 19 >
438 759 237 48 läkarebetyg
691 786 603 8 smunsoeesesesnnsornnsnnnenonnrann
1203 754 33 57 nan
1238 754 19 57 nn
1263 754 33 57 nn
1347 772 12 16 >
1416 756 152 44 12,000:
1588 776 51 4 —

377 830 12 15 »
442 813 218 48 trycksaker
688 825 46 24 m.
766 825 45 23 I.
832 840 460 8 momsen
1224 808 72 57 sonson
1346 825 12 16 >
1442 811 126 43 -1,200:
1588 831 47 3 —

377 883 12 15 >»
442 866 255 37 ortsombuden
725 894 568 8 sosnsnosmmmsesrsseer
1049 862 62 52 sonson
1123 862 56 52 neon
1195 862 27 52 nn
1227 862 30 52 ann
1270 862 26 52 nn
1346 879 13 16 >
1442 864 127 43 -6,000:
1588 884 50 4 —

1082 949 140 25 summa
1250 936 134 36 kronor
1414 936 155 43 22,200:
1587 955 51 4 —

303 1046 134 37 Därtill
480 1046 120 37 skulle
642 1045 144 36 komma
828 1044 138 48 ökning
1000 1044 40 36 af
1064 1043 203 37 kostnaden
1297 1043 55 37 för
1381 1041 332 49 postsparbankens
1741 1041 57 36 be-

197 1104 78 45 styr
304 1101 81 36 med
413 1100 278 48 ifrågavarande
720 1098 400 48 försäkringsgöromål,
1151 1097 153 37 hvilken
1333 1096 139 49 ökning
1496 1095 201 38 emellertid
1717 1094 81 37 icke

196 1158 125 45 syntes
349 1154 116 37 blifva
494 1155 40 35 af
558 1156 119 46 någon
706 1153 168 37 afsevärd
902 1153 233 47 betydenhet.

304 1208 74 36 Vid
420 1208 188 48 ökningen
637 1207 40 36 af
702 1206 492 47 förvaltningskostnaderna
1222 1209 125 44 syntes
1376 1217 84 23 man
1488 1203 203 37 emellertid
1718 1202 81 37 icke

196 1263 87 36 böra
326 1263 93 36 fästa
462 1262 121 36 alltför
616 1264 92 34 stort
737 1261 182 43 afseende,
951 1272 56 23 om
1036 1271 128 36 genom
1193 1258 303 47 utsträckningen
1525 1257 41 36 af
1590 1260 121 33 rätten
1739 1257 59 36 till

194 1317 212 35 erhållande
448 1316 40 35 af
525 1314 209 48 försäkring
766 1314 13 35 i
813 1313 491 47 riksförsäkringsanstalten
1333 1311 260 47 anslutningen
1620 1310 60 37 till
1707 1310 92 37 riks-

194 1369 411 48 försäkringsanstalten
633 1368 146 37 ökades.
837 1366 303 48 Arbetsgifvrarne
1169 1366 138 36 erhöllo
1337 1366 45 35 då
1408 1364 209 47 försäkring
1636 1364 55 36 för
1711 1363 89 37 min-

194 1427 56 33 sta
292 1423 147 49 möjliga
481 1422 149 48 premie,
675 1421 197 47 väsentligt
900 1421 110 47 lägre,
1041 1426 46 30 än
1116 1432 56 23 om
1202 1421 44 35 de
1275 1420 118 36 skulle
1422 1419 137 47 nödgas
1588 1418 57 36 för
1674 1418 44 35 de
1748 1420 48 34 60

194 1478 179 47 dagarnag
415 1476 98 37 skull
556 1480 83 44 taga
677 1475 210 47 försäkring
917 1474 14 36 i
959 1474 166 37 enskilda
1153 1472 422 49 försäkringsanstalter;
1606 1472 67 36 och
1702 1471 98 36 arbe-

194 1535 123 32 tarnes
359 1534 74 33 rätt
474 1529 57 37 till
573 1529 214 37 erhållande
826 1529 40 35 af
890 1529 213 47 lagstadgad
1131 1527 207 48 ersättning
1365 1526 62 38 vid
1456 1526 195 48 olycksfall
1679 1526 121 36 blefve

195 1597 100 24 mera
323 1584 164 48 tryggad.

305 1638 291 36 Vidkommande
637 1637 139 47 frågan,
818 1636 183 36 huruvida
1042 1635 379 48 försäkringstagarne
1454 1634 111 36 borde
1594 1633 206 37 vidkännas

195 1693 44 35 de
283 1692 115 36 ökade
440 1690 457 48 förvaltningskostnader,
941 1702 75 23 som
1051 1689 304 47 utsträckningen
1385 1688 40 35 af
1450 1686 350 48 försäkringsrätten

196 1746 142 36 komme
372 1748 54 33 att
453 1745 172 43 medföra,
656 1744 132 44 skulle,
819 1756 55 23 om
904 1755 46 23 en
979 1743 112 36 sådan
1120 1741 143 48 princip
1293 1741 262 48 genomfördes,
1587 1740 99 36 detta
1714 1740 85 36 nöd-

195 1798 224 48 vändiggöra
448 1802 54 33 ett
529 1797 228 48 uppdelande
786 1797 40 35 af
852 1795 501 48 förvaltningskostnaderna,
1384 1806 83 24 men
1495 1806 46 24 en
1569 1794 113 36 sådan
1710 1806 90 35 upp-

197 1852 149 48 delning
379 1852 124 36 kunde
532 1852 81 36 icke
642 1854 90 33 utan
761 1853 134 34 största
924 1849 185 48 svårighet
1137 1848 239 48 genomföras,
1408 1848 67 36 och
1504 1848 96 36 huru
1629 1850 171 34 samvets-

196 1911 133 43 grannt
358 1906 70 36 den
458 1911 46 30 än
533 1906 191 47 företoges,
755 1907 125 45 syntes
910 1904 71 35 den
1009 1904 103 35 alltid
1140 1903 143 36 komma
1313 1905 54 34 att
1395 1901 102 48 gifva
1525 1900 200 48 anledning
1743 1900 56 36 till

196 1960 182 48 missnöje.
436 1960 87 35 Med
565 1960 142 46 hänsyn
749 1958 124 36 därtill
911 1958 64 35 och
1006 1957 44 35 då
1079 1957 55 36 för
1163 1957 191 35 arbetarne
1383 1955 204 36 fördelarne
1616 1955 40 35 af
1681 1967 46 23 en
1755 1957 46 44 på

197 2013 209 47 försäkring
434 2012 12 36 i
474 2011 493 47 riksförsäkringsanstalten
995 2010 166 48 grundad
1190 2013 74 33 rätt
1291 2009 58 37 till
1374 2008 204 47 ersättning
1596 2008 55 36 uti
1670 2008 130 47 ifråga-

197 2067 157 36 varande
383 2066 223 47 omfattning
634 2066 56 35 för
719 2065 180 47 följderna
927 2064 40 35 af
992 2063 191 48 olycksfall
1212 2064 97 45 finge
1338 2062 185 36 betraktas
1552 2074 75 23 som
1652 2073 148 36 synner-

197 2120 101 48 ligen
326 2123 97 32 stora
452 2122 93 33 samt
574 2120 182 35 dessutom
785 2120 120 33 staten
924 2117 114 35 redan
1056 2129 50 23 nu
1125 2116 167 36 betalade
1313 2115 488 47 förvaltningskostnaderna

197 2175 55 36 för
291 2184 123 24 annan
443 2172 210 47 försäkring
681 2177 47 30 än
757 2171 123 43 sådan,
911 2182 75 24 som
1015 2170 122 47 afsåge
1166 2169 260 47 öfvertagande
1455 2168 40 35 af
1516 2167 284 48 arbetsgifvares

199 2225 437 49 ersättningsskyldighet
665 2224 116 48 enligt
809 2224 106 46 lagen
944 2224 70 34 den
1045 2225 19 33 5
1092 2222 71 49 juli
1196 2225 113 41 1901,
1332 2225 123 44 syntes
1474 2220 208 48 lämpligast
1702 2232 96 33 vara,

198 2285 54 33 att
282 2280 277 47 ifrågavarande
588 2278 140 47 ökning
756 2278 40 36 af
820 2276 507 47 riksförsäkringsanstaltens
1349 2274 448 48 förvaltningskostnader,
