1900 2822
474 164 395 34 Jordbruksutskottets
898 165 187 32 utlåtande
1112 165 53 32 Nr
1191 166 51 30 59.
1544 166 40 29 21

120 243 65 34 äga
220 251 77 21 rum
332 241 110 36 enligt
475 241 13 31 i
522 241 64 31 allt
621 242 190 36 väsentligt
843 252 131 20 samma
1008 243 160 35 grunder,
1192 253 71 20 som
1292 243 151 36 stadgats
1468 244 50 31 för
1544 245 83 30 1918

119 294 57 29 års
199 293 124 30 försök.

164 344 66 31 För
264 344 40 31 de
339 344 145 31 sålunda
518 345 177 31 beslutade
729 345 417 36 kolonisationsförsöken,
1171 347 104 35 jämte
1299 347 65 30 den
1387 348 106 36 enligt
1517 348 111 31 beslut

120 396 60 31 vid
197 397 83 30 1921
297 397 58 30 års
371 396 140 36 riksdag
527 397 185 36 medgivna
725 398 218 36 omföringen
957 398 55 30 till
1025 398 139 30 kolonat
1177 409 44 19 av
1234 399 91 30 vissa
1338 399 290 37 krononybyggen

119 450 22 29 å
163 448 250 36 Abmobergets
437 449 195 35 kronopark
656 450 11 29 i
692 449 257 31 Västerbottens
973 450 66 35 län,
1064 450 63 30 har
1151 450 181 36 riksdagen
1358 452 136 30 anvisat
1509 452 118 36 anslag

120 501 21 29 å
173 501 233 35 sammanlagt
441 501 172 35 6,405,500
649 501 136 36 kronor,
820 501 107 31 därav
963 502 52 30 för
1049 502 201 35 budgetåret
1279 502 184 40 1928/1929
1489 505 138 31 240,009

119 552 136 30 kronor.

164 604 111 31 Sedan
309 604 71 31 viss
415 604 226 37 omläggning
676 616 44 20 av
755 605 511 33 kolonisationsverksamheten
1301 609 20 28 å
1354 608 228 36 kronoparker
1615 610 12 29 i

119 655 173 32 Norrland
328 657 61 30 och
425 657 153 31 Dalarna
613 657 103 31 blivit
751 658 59 31 vid
846 659 83 30 1925
954 660 55 29 års
1034 659 139 36 riksdag
1197 659 154 31 beslutad
1376 663 103 34 (prop.
1504 672 42 19 nr
1571 662 55 34 90;

119 708 40 31 R.
195 709 69 30 skr.
293 719 41 20 nr
359 709 85 37 299),
470 709 86 31 fann
580 710 131 36 Kungl.
737 710 102 36 Maj:t
862 712 73 34 gott
958 712 51 29 att
1033 711 64 30 den
1122 712 39 29 26
1186 712 76 35 juni
1287 713 82 29 1925
1394 713 71 30 dels
1489 714 138 31 utfärda

121 760 205 36 kungörelse
360 762 55 35 (nr
443 761 75 37 291)
541 762 178 35 angående
742 762 178 31 allmänna
943 763 150 35 grunder
1116 764 54 29 för
1192 764 206 35 upplåtande
1421 775 43 20 av
1489 766 138 31 kolonat

119 813 21 28 å
171 812 234 36 kronoparker
428 813 12 30 i
465 813 172 30 Norrland
662 814 61 30 och
747 814 163 35 Dalarna,
935 815 69 30 dels
1027 815 61 30 ock
1113 816 181 34 godkänna
1318 817 91 30 vissa
1432 818 195 36 tilläggsbe-

119 864 217 31 stämmelser
370 866 52 29 att
457 865 93 36 gälla
585 865 52 31 för
665 865 95 31 äldre
783 866 149 31 kolonat.
979 866 72 31 Den
1076 868 39 29 18
1140 868 175 30 december
1340 869 82 30 1925
1446 870 180 31 utfärdade

119 916 132 36 Kungl.
288 917 101 36 Maj:t
424 917 203 36 kungörelse
652 919 55 36 (nr
731 919 76 37 486)
831 919 75 31 med
930 919 454 37 tillämpningsföreskrifter
1407 922 53 30 till
1485 922 141 31 berörda

119 968 212 36 kungörelse.
378 969 18 30 I
430 970 152 30 nämnda
617 972 60 28 två
711 971 223 35 kungörelser
968 971 90 31 hava
1092 972 191 31 sedermera
1317 974 90 29 vissa
1439 974 187 36 ändringar

119 1020 169 36 vidtagits
323 1030 121 27 genom
480 1022 223 36 kungörelser
731 1022 64 31 den
819 1024 41 30 17
884 1023 173 31 december
1082 1024 82 30 1926
1190 1026 53 33 (nr
1268 1026 60 29 511
1353 1025 60 30 och
1438 1026 74 36 515)
1537 1030 88 28 samt

118 1072 66 31 den
209 1073 18 30 8
251 1073 78 36 juni
353 1074 84 30 1928
462 1075 54 35 (nr
539 1075 62 29 220
626 1075 62 30 och
712 1076 87 36 221).

162 1124 152 32 Jämlikt
337 1125 41 31 de
401 1126 12 30 i
437 1127 117 29 ämnet
578 1126 83 31 1925
686 1128 152 35 antagna
862 1128 203 30 förändrade
1089 1128 300 33 bestämmelserna
1411 1130 213 37 handläggas

118 1176 117 37 frågor
272 1187 55 21 om
365 1177 409 37 kolonisationsåtgärder
798 1197 39 3 —
862 1180 98 30 vilka
997 1180 92 31 förut
1127 1181 279 32 omhänderhafts
1430 1193 43 20 av
1497 1185 128 29 statens

117 1229 379 32 kolonisationsnämnd
514 1248 38 3 —
570 1241 143 21 numera
737 1242 44 20 av
807 1232 76 35 fyra
905 1232 168 31 särskilda
1092 1233 421 37 kolonisationsnämnder,
1531 1239 94 27 näm-

118 1280 93 36 ligen
246 1291 42 21 en
323 1282 53 30 för
410 1282 224 31 Norrbottens
669 1284 68 35 län,
761 1293 42 21 en
827 1284 53 30 för
900 1285 258 31 Västerbottens
1186 1286 68 35 län,
1280 1296 40 21 en
1348 1287 54 30 för
1428 1287 196 31 Jämtlands

117 1332 62 31 och
204 1333 308 32 Västernorrlands
536 1334 58 31 län
617 1337 90 28 samt
730 1345 42 21 en
797 1336 53 30 för
874 1336 208 36 Gävleborgs
1107 1338 67 29 län.
1221 1338 175 36 Därjämte
1413 1339 62 30 har
1491 1339 132 36 Kungl.

116 1384 102 36 Maj:t
240 1385 186 36 uppdragit
447 1387 36 30 åt
499 1386 294 37 domänstyrelsen
809 1389 50 29 att
875 1388 191 31 tillsvidare
1083 1389 151 36 fullgöra
1250 1390 373 32 kolonisationsnämnd

117 1436 265 32 tillkommande
415 1438 208 36 åligganden
652 1439 144 31 rörande
819 1440 94 30 inom
938 1440 242 37 Kopparbergs
1205 1442 58 30 län
1287 1443 145 30 beslutat
1456 1443 167 31 kolonisa-

117 1489 240 31 tionsområde.

159 1541 202 36 Ledningen
395 1552 45 20 av
475 1543 62 30 och
572 1543 194 31 kontrollen
798 1546 80 29 över
902 1545 481 32 kolonisationsnämndernas
1408 1548 214 31 verksamhet

116 1595 124 29 utövas
263 1594 104 31 sedan
390 1594 66 31 den
481 1596 18 29 1
524 1595 66 36 juli
615 1596 84 30 1928
724 1607 45 19 av
793 1598 128 30 statens
944 1598 337 37 egnahemsstyrelse.

158 1645 167 32 Gällande
348 1647 130 30 villkor
501 1648 53 30 för
576 1648 212 36 upplåtande
812 1660 44 19 av
881 1650 139 30 kolonat
1043 1651 21 29 å
1087 1651 233 36 kronoparker
1344 1653 9 29 i
1373 1652 171 31 Norrland
1561 1653 61 30 och

114 1697 155 32 Dalarna
292 1699 190 31 återfinnas
506 1700 12 30 i
542 1700 230 36 kungörelsen
796 1701 64 31 den
885 1702 40 30 26
949 1702 78 36 juni
1052 1703 83 30 1925
1162 1704 55 36 (nr
1240 1704 84 37 291).

158 1750 309 32 Bestämmelserna
500 1753 11 30 i
543 1752 112 31 denna
689 1754 216 36 kungörelse,
940 1755 12 30 i
987 1755 117 31 vilken
1140 1755 186 32 sedermera
1362 1758 90 29 vissa
1486 1758 134 31 mindre

112 1802 192 37 ändringar
327 1804 179 36 vidtagits,
529 1805 179 31 innehålla
733 1806 12 29 i
768 1806 184 31 huvudsak
976 1807 163 35 följande:

156 1871 153 32 Kolonat
344 1873 160 36 upplåtas
538 1874 56 30 till
629 1874 118 37 odling
782 1875 62 31 och
879 1876 220 36 bebyggande
1124 1878 11 29 i
1159 1878 90 35 syfte
1273 1880 51 28 att
1348 1878 167 37 befrämja
1539 1889 81 26 upp-

112 1914 156 32 komsten
303 1926 44 21 av
382 1917 167 35 jordbruk
573 1918 62 31 och
659 1927 88 28 egna
769 1919 89 36 hem,
882 1920 149 31 avsedda
1053 1921 12 30 i
1090 1920 146 31 främsta
1259 1924 147 28 rummet
1430 1922 53 31 för
1506 1926 114 27 ortens

112 1958 213 38 befolkning.
372 1960 50 31 De
457 1961 159 36 utläggas
651 1962 88 31 blott
766 1963 12 30 i
808 1963 65 30 den
908 1965 82 29 mån
1024 1964 150 36 tillgång
1202 1965 68 30 kan
1294 1967 142 35 antagas
1460 1977 82 19 vara
1567 1967 53 30 för

110 2001 136 32 handen
280 2004 56 30 till
371 2004 123 31 sådant
528 2005 288 37 förtjänstarbete,
851 2017 73 20 som
958 2007 169 31 erfordras
1162 2008 54 31 för
1240 2010 51 29 att
1315 2009 188 31 kolonatets
1527 2011 93 30 inne-

110 2045 131 32 havare
279 2047 78 31 med
398 2048 113 36 familj
552 2050 56 29 må
646 2050 120 30 kunna
801 2050 131 31 erhålla
964 2051 236 37 oundgänglig
1236 2052 179 37 bärgning.
1467 2053 152 32 Kolonat

110 2090 160 35 upplåtas
297 2091 12 30 i
337 2091 65 31 den
436 2093 83 29 mån
553 2092 133 37 Kungl.
711 2093 102 36 Maj:t
836 2094 61 30 och
922 2095 184 35 riksdagen
1130 2095 133 31 besluta
1287 2106 54 21 om
1364 2097 255 31 kolonisations-

108 2134 180 35 åtgärders
312 2134 219 37 vidtagande.
576 2136 274 32 Verksamheten
873 2138 294 32 omhänderhaves
1190 2150 46 20 av
1258 2140 171 31 särskilda
1451 2141 168 31 kolonisa-

109 2177 272 33 sionsnämnder.

154 2221 154 32 Kolonat
342 2223 155 35 upplåtes
529 2223 77 31 med
640 2224 253 37 nyttjanderätt
927 2226 108 30 under
1069 2236 42 21 en
1138 2226 51 31 tid
1212 2237 45 20 av
1282 2228 39 29 15
1344 2229 39 29 år
1406 2228 61 30 och
1490 2228 12 30 i
1527 2229 90 35 regel

108 2264 79 31 med
210 2267 69 29 rätt
302 2266 54 30 för
378 2266 195 31 kolonisten
595 2269 52 29 att
670 2269 43 35 på
736 2269 91 30 vissa
851 2269 130 30 villkor
1004 2270 111 30 inlösa
1138 2270 189 31 detsamma
1350 2271 83 30 eller
1456 2273 163 34 övertaga

110 2308 174 31 kolonatet
307 2309 110 31 under
440 2310 135 31 åborätt
590 2311 110 36 enligt
716 2312 101 36 lagen
832 2322 56 21 om
907 2313 188 36 upplåtelse
1111 2314 108 30 under
1235 2315 133 30 åborätt
1383 2325 44 20 av
1444 2315 70 30 viss
1530 2315 86 36 jord.

152 2351 152 32 Arealen
338 2363 45 20 av
418 2353 65 31 den
515 2353 222 37 odlingsbara
763 2356 111 35 mark,
900 2366 71 21 som
995 2357 161 36 tillägges
1181 2358 149 35 kolonat,
1354 2359 56 29 må
1435 2358 11 30 i
1471 2359 90 35 regel
1586 2359 30 35 ej

108 2395 201 37 understiga
333 2397 18 29 8
375 2396 123 32 hektar
521 2397 62 31 och
606 2398 31 35 ej
662 2399 172 36 överstiga
858 2401 41 30 17
924 2400 130 32 hektar.
1097 2401 131 31 Utöver
1251 2401 276 36 odlingsmarken
1551 2402 67 31 till-

108 2437 93 32 delas
224 2439 141 31 kolonat
387 2441 37 29 så
447 2442 71 29 stor
540 2442 92 30 areal
656 2442 213 36 skogsmark,
893 2453 74 21 som
990 2444 171 31 erfordras
1185 2445 54 30 för
1261 2447 51 29 att
1336 2445 148 31 normalt
1500 2446 117 30 lämna

106 2490 44 22 en
173 2482 91 37 årlig
288 2483 328 38 virkesavkastning
639 2495 46 21 av
706 2486 129 31 15—25
860 2486 217 32 kubikmeter
1102 2488 67 30 fast
1192 2489 97 30 mått.
