1894 2818
499 149 397 34 Jordbruksutskottets
926 151 186 33 utlåtande
1141 153 51 31 Nr
1216 154 50 29 59.
1540 156 39 30 25

117 227 11 29 i
151 236 41 20 en
216 226 137 35 mycket
376 235 83 28 svag
483 227 200 30 ekonomisk
707 228 176 36 ställning.
920 230 121 35 Enligt
1064 231 388 35 departementechefens
1477 235 147 34 uppfatt-

116 270 83 35 ning
222 269 94 30 torde
339 269 280 32 hittillsvarande
643 271 194 31 erfarenhet
861 273 90 30 hava
967 273 193 37 ådagalagt,
1177 277 49 28 att
1243 276 54 29 det
1314 276 178 35 allvarligt
1510 278 114 29 kunde

115 312 229 35 ifrågasättas,
380 313 175 30 huruvida
590 314 230 31 kolonisation
849 325 43 20 av
917 316 40 30 de
980 317 226 30 norrländska
1231 319 273 35 kronoparkerna
1530 323 93 28 över-

114 355 119 31 huvud
266 356 120 30 vidare
419 357 100 30 borde
547 357 56 30 ske
626 357 12 30 i
663 358 88 30 form
776 368 44 20 av
844 359 355 36 kolonatupplåtelser.
1246 362 212 31 Avsättande
1482 373 42 20 av
1549 374 68 25 nya

114 399 375 36 kronoparksområden
522 401 53 30 för
608 401 229 31 kolonisation
869 403 109 36 enligt
1012 404 82 30 1925
1128 406 54 29 års
1215 406 149 35 grunder
1388 407 94 30 torde
1506 407 116 31 därför

114 443 192 31 tillsvidare
330 444 29 36 ej
386 444 83 31 böra
492 446 65 34 äga
581 455 88 20 rum.

156 487 201 36 Anledning
389 490 113 34 syntes
525 488 371 36 departementschefen
921 491 151 31 däremot
1096 492 168 35 knappast
1288 493 165 36 föreligga
1477 497 49 27 att
1551 495 69 30 helt

112 530 140 30 inställa
286 531 226 31 utlämnande
545 542 44 19 av
623 532 129 30 sådana
784 533 148 36 kolonat,
968 544 70 20 som
1073 535 105 30 redan
1206 546 47 19 nu
1278 547 79 19 vore
1382 538 137 34 utlagda
1544 548 76 20 men

112 573 30 35 ej
166 574 177 34 upplåtna.
383 574 217 31 Framhållas
624 575 125 35 kunde,
773 578 51 28 att
848 577 182 30 kolonaten
1047 579 12 28 i
1075 578 190 31 allmänhet
1289 580 126 35 utlagts
1432 581 11 28 i
1461 589 159 27 grupper,

110 626 45 20 av
187 617 96 30 vilka
307 618 12 29 i
343 618 97 35 varje
472 628 111 25 grupp
606 620 106 29 större
736 619 98 30 delen
857 621 12 29 i
893 620 190 31 allmänhet
1106 622 176 35 upplåtits,
1307 626 88 27 samt
1423 626 49 28 att
1495 624 125 31 beträf-

111 660 102 30 fande
247 661 109 30 andra
390 662 140 30 kolonat
552 662 12 30 i
588 670 154 28 gruppen
778 663 212 32 omfattande
1024 665 160 35 åtgärder
1218 666 52 30 för
1303 667 186 35 upplåtelse
1514 668 105 30 redan

110 703 113 31 kunde
246 704 91 31 hava
361 705 176 35 vidtagits.
584 705 86 31 Före
694 706 97 36 dylik
815 707 185 36 upplåtelse
1021 718 79 20 vore
1117 709 54 29 det
1188 710 188 31 emellertid
1396 711 223 36 nödvändigt,

110 748 49 29 att
198 747 462 32 kolonisationsnämnderna
697 750 133 35 ägnade
867 752 177 35 synnerlig
1078 753 303 35 uppmärksamhet
1415 755 34 29 åt
1485 755 133 36 frågan,

110 790 175 31 huruvida
318 791 175 31 kolonatet
527 792 75 30 med
637 793 166 31 avseende
826 795 20 29 å
870 794 209 37 belägenhet,
1103 796 278 31 beskaffenheten
1405 808 43 19 av
1472 798 148 36 odlings-

109 834 100 30 mark
233 834 61 31 och
318 836 187 30 eventuellt
529 836 211 36 förefintliga
765 837 197 36 byggnader
978 840 88 29 samt
1081 840 122 34 övriga
1220 840 234 36 föreliggande
1470 844 147 28 omstän-

108 877 156 37 digheter
287 879 116 31 kunde
427 890 97 20 anses
553 880 51 30 för
628 880 197 32 ändamålet
841 881 80 31 fullt
939 882 167 37 lämpligt.
1147 883 120 31 Därest
1283 886 37 28 så
1336 885 109 30 skulle
1464 886 154 30 befinnas

108 922 31 35 ej
173 932 86 20 vara
290 923 108 36 fallet,
433 923 103 31 borde
559 923 56 31 det
637 924 183 35 planerade
844 926 175 31 kolonatet
1041 927 194 35 nedläggas.
1282 928 62 31 Att
1368 929 98 31 döma
1495 940 42 20 av
1563 931 55 30 det

108 966 98 35 ringa
229 967 96 29 antal
348 967 359 36 kolonatupplåtelser,
732 978 72 20 som
828 969 108 31 under
959 970 40 30 de
1023 971 225 30 sistförflutna
1273 973 80 29 åren
1377 975 57 33 ägt
1459 984 77 19 rum
1554 974 61 30 och

107 1018 72 21 som
205 1009 279 38 huvudsakligen
507 1012 110 29 avsett
641 1011 149 36 kolonat,
816 1022 72 21 som
912 1023 41 20 en
978 1014 90 35 gång
1092 1014 92 30 förut
1208 1016 92 29 varit
1324 1016 174 35 upplåtna.
1524 1018 93 29 torde

107 1052 464 33 kolonisationsnämnderna
604 1054 104 30 redan
742 1065 48 20 nu
818 1056 135 36 framgå
976 1057 76 30 med
1076 1059 122 29 största
1223 1058 218 36 försiktighet
1465 1061 58 29 vid
1548 1071 68 26 nya

108 1096 215 35 upplåtelser.

150 1139 198 36 Upplåtelse
382 1151 45 20 av
461 1141 97 30 mark
582 1142 54 30 för
660 1141 199 37 bosättning
883 1144 20 29 å
927 1143 276 36 kronoparkerna
1227 1145 11 30 i
1263 1145 39 31 de
1326 1155 56 21 sex
1406 1146 210 36 nordligaste

106 1182 102 31 länen
237 1184 96 30 torde
365 1184 189 31 emellertid
578 1186 74 30 icke
676 1186 212 30 fördenskull
912 1187 81 30 böra
1016 1189 179 34 avstanna,
1219 1199 78 20 men
1321 1191 122 33 ansåge
1468 1190 149 36 departe-

106 1227 243 35 mentschefen,
373 1229 52 29 att
440 1229 13 28 i
470 1228 145 31 främsta
639 1231 151 29 rummet
812 1230 108 30 andra
941 1230 125 30 former
1082 1231 119 30 härför
1218 1232 98 30 borde
1333 1234 105 29 sökas.
1479 1235 134 30 Härvid

104 1269 157 36 åsyftade
284 1270 383 38 departementschefen,
692 1274 52 29 att
768 1274 252 34 upplåtelserna
1043 1275 21 29 å
1088 1274 266 36 ifrågavarande
1384 1277 231 35 kronoparker

105 1323 72 20 som
202 1314 90 36 regel
316 1315 112 30 skulle
451 1315 58 30 ske
532 1316 147 32 allenast
701 1316 6 30 i
724 1317 64 30 den
813 1318 81 29 mån
918 1318 121 30 sådant
1063 1319 197 34 påkallades
1282 1320 51 30 för
1350 1320 263 35 tillgodoseende

104 1366 44 21 av
172 1357 145 32 behovet
340 1369 46 20 av
409 1359 207 32 arbetskraft
640 1362 43 34 på
706 1361 151 30 kronans
881 1361 122 36 skogar
1026 1362 109 35 enligt
1160 1363 90 30 vissa
1274 1364 167 30 särskilda
1465 1365 149 35 grunder

105 1401 88 36 (jmf.
218 1411 93 26 prop.
336 1403 76 36 198)
437 1403 62 30 och
523 1404 96 36 eljest
642 1406 111 29 såsom
777 1405 382 36 egnahemslägenheter
1183 1407 107 35 enligt
1315 1408 52 30 för
1390 1408 127 31 sådana
1534 1419 80 26 upp-

105 1444 137 31 låtelser
265 1446 12 30 i
301 1446 192 31 allmänhet
516 1448 161 35 gällande
701 1448 152 36 grunder
876 1449 88 36 (jmf.
989 1459 90 26 prop.
1106 1450 85 37 138).

148 1488 119 31 Såsom
292 1489 95 31 förut
410 1490 137 37 berörts,
572 1492 95 30 torde
691 1492 234 30 kolonisterna
937 1494 20 28 å
969 1493 104 30 redan
1087 1494 141 35 utlagda
1241 1495 138 30 kolonat
1396 1496 10 29 i
1423 1496 189 30 allmänhet

105 1531 135 31 befinna
264 1533 52 35 sig
341 1533 12 30 i
376 1533 56 30 det
456 1534 85 36 läge,
565 1537 51 28 att
632 1536 39 29 de
688 1536 30 35 ej
738 1545 80 20 vore
830 1536 12 29 i
855 1536 99 30 stånd
971 1538 51 28 att
1040 1537 148 34 fullgöra
1202 1537 75 31 dem
1291 1539 107 34 enligt
1412 1540 200 34 upplåtelse-

105 1575 206 31 kontrakten
328 1576 183 36 åliggande
528 1578 244 36 skyldigheter.
808 1579 64 30 Det
888 1581 114 34 syntes
1015 1580 368 35 departementschefen
1397 1582 214 36 nödvändigt

103 1618 61 30 och
188 1621 357 30 överensstämmande
563 1622 76 30 med
661 1623 167 35 billighet,
846 1624 51 29 att
913 1625 120 33 staten,
1051 1633 71 20 som
1140 1625 173 35 igångsatt
1330 1625 280 37 kolonisationen,

103 1662 120 30 trädde
247 1663 185 35 hjälpande
457 1665 158 31 emellan.
662 1666 54 30 En
739 1676 45 19 av
808 1666 41 30 de
872 1666 144 30 främsta
1041 1668 185 29 orsakerna
1248 1668 52 30 till
1318 1678 45 20 nu
1383 1669 146 30 rådande
1547 1671 64 28 för-

103 1705 185 31 hållanden
312 1707 94 30 torde
431 1717 93 26 vara,
548 1711 48 28 att
620 1709 233 30 kolonisterna
877 1710 30 35 ej
931 1710 135 30 kunnat
1089 1711 131 30 erhålla
1245 1711 53 30 det
1323 1712 111 30 arbete
1455 1713 10 29 i
1484 1715 127 28 statens

102 1748 134 37 skogar,
260 1759 73 21 som
357 1750 193 32 beräknats.
597 1752 199 31 Beredande
819 1764 44 19 av
887 1753 110 31 bättre
1020 1754 277 31 arbetstillfällen
1321 1757 33 28 åt
1380 1756 230 31 kolonisterna

103 1802 79 20 vore
210 1793 152 35 givetvis
389 1804 41 20 en
454 1795 249 36 angelägenhet
726 1807 43 19 av
794 1797 220 35 synnerligen
1039 1799 68 28 stor
1132 1798 177 36 betydelse.
1356 1798 129 36 Kungl.
1511 1800 101 36 Maj:t

102 1836 85 30 hade
210 1837 101 30 också
334 1846 122 27 genom
480 1838 112 31 beslut
614 1839 65 31 den
703 1840 40 30 29
767 1840 78 36 juni
869 1841 83 29 1928
977 1841 183 36 uppdragit
1183 1843 35 28 åt
1243 1842 290 37 dominstyrelsen
1562 1847 50 27 att

101 1879 11 30 i
144 1880 137 31 samråd
309 1881 76 31 med
409 1882 352 37 egnahemsstyrelsen
795 1884 11 30 i
839 1884 200 36 anslutning
1074 1885 56 30 till
1166 1886 199 35 riksdagens
1396 1887 174 31 uttalande
1598 1888 11 30 i

102 1923 226 32 förenämnda
365 1925 322 36 riksdagsskrivelse
722 1927 65 31 den
823 1928 40 30 29
898 1928 71 36 maj
1000 1929 82 29 1928
1123 1930 187 30 verkställa
1342 1931 183 35 utredning
1565 1942 44 19 av

101 1967 123 35 frågan
255 1968 178 35 angående
465 1970 229 31 förskaffande
729 1981 43 20 av
805 1972 275 35 arbetsförtjänst
1102 1974 37 28 åt
1162 1973 230 30 kolonisterna
1416 1983 118 25 genom
1559 1977 52 28 att

99 2010 13 29 i
144 2010 185 35 görligaste
352 2013 82 29 mån
457 2013 153 30 anordna
633 2014 140 31 arbeten
789 2016 20 28 å
826 2015 286 35 kronoparkerna.
1152 2016 146 31 Berörda
1316 2017 182 36 utredning
1524 2018 86 30 hade

100 2055 94 29 ännu
217 2054 31 35 ej
272 2055 167 31 slutförts.

143 2097 203 32 Emellertid
382 2099 95 31 torde
509 2100 110 36 enligt
654 2100 389 36 departementschefens
1072 2103 140 35 mening
1235 2103 86 31 ökad
1346 2104 262 36 arbetstillgång

100 2140 74 30 icke
216 2151 86 20 vara
343 2142 57 30 till
443 2142 117 36 fyllest
602 2144 53 30 för
700 2144 39 30 de
782 2145 201 30 nuvarande
1021 2146 278 35 svårigheternas
1337 2147 270 36 undanröjande.

100 2183 142 32 Direkta
276 2185 163 36 åtgärder
471 2186 53 30 för
558 2187 183 31 lindrande
775 2198 45 20 av
849 2188 39 30 de
912 2188 240 36 förpliktelser,
1177 2199 72 21 som
1273 2190 108 35 enligt
1409 2192 199 34 upplåtelse-

99 2225 207 34 kontrakten
329 2229 137 31 åvilade
490 2230 240 36 kolonisterna,
757 2232 92 30 torde
873 2241 84 21 vara
980 2232 230 37 nödvändiga.
1258 2234 67 30 Till
1351 2234 65 30 vad
1440 2245 44 20 av
1509 2244 99 26 egna-

99 2271 263 37 hemsstyrelsen
394 2273 212 32 därutinnan
635 2275 195 36 föreslagits
864 2276 113 30 kunde
1009 2276 368 36 departementschefen
1401 2279 11 29 i
1437 2280 85 29 stort
1546 2281 63 28 sett

97 2315 140 31 ansluta
260 2316 61 36 sig.
361 2317 380 35 Departementschefen
766 2319 179 31 förordade
968 2320 146 31 sålunda
1138 2321 11 29 i
1174 2322 332 30 överensstämmelse
1531 2323 75 30 med

98 2355 370 41 egnahemsstyrelsens
512 2361 139 37 förslag,
695 2364 50 29 att
785 2363 65 31 den
886 2363 59 36 tid,
970 2364 106 30 under
1111 2365 116 30 vilken
1264 2366 228 30 kolonisterna
1528 2376 79 20 vore

98 2399 153 35 befriade
288 2404 80 30 från
402 2405 206 35 erläggande
641 2416 45 20 av
722 2407 74 35 lega
831 2407 54 30 för
919 2407 192 36 kolonaten,
1147 2409 201 30 utsträcktes
1384 2410 77 30 från
1497 2410 18 28 5
1551 2410 54 30 till

98 2446 41 30 10
173 2447 41 29 år
247 2449 91 28 samt
371 2449 52 29 att
457 2448 158 37 kolonist,
639 2459 73 21 som
737 2450 73 30 före
833 2452 175 35 utgången
1032 2461 42 20 av
1099 2452 39 30 de
1162 2453 146 34 legofria
1331 2454 80 29 åren
1436 2455 170 34 övertagit

95 2524 109 32 Bihang
226 2526 40 24 till
287 2526 167 32 riksdagens
476 2529 144 30 protokoll
642 2530 76 24 1929.
760 2531 32 23 10
811 2532 81 22 saml.
932 2532 31 23 17
984 2532 69 30 häft.
1092 2533 52 25 (Nr
1164 2533 124 28 36—59)
1553 2531 15 24 3
