1894 2792
573 147 276 30 Statsutskottets
870 146 176 31 utlåtande
1067 156 41 21 nr
1134 147 50 29 99.
1630 140 15 30 1

812 342 59 40 Nr
898 343 66 40 99.

359 461 184 30 Utlåtande
574 462 10 28 i
612 461 190 39 anledning
833 470 43 20 av
903 460 127 39 Kungl.
1060 460 125 39 Maj:ts
1214 459 218 40 proposition
1462 458 179 40 angående

578 512 309 39 granskningsrätt
915 511 56 40 för
1002 513 133 28 statens
1164 510 217 30 sakrevision
1415 511 10 28 i
1456 509 100 40 fråga
1585 518 55 21 om

579 563 271 39 användningen
872 572 42 20 av
936 561 293 30 statsunderstöd.

1404 611 73 33 (3:e
1498 611 93 33 avd.)

180 734 12 28 I
213 733 263 40 propositionen
500 741 41 20 nr
564 732 59 29 147
646 732 65 29 har
731 731 126 39 Kungl.
879 731 116 39 Maj:t,
1018 731 111 29 under
1151 730 219 39 åberopande
1392 739 41 20 av
1457 729 106 38 bilagt
1589 730 53 27 ut-

134 785 86 38 drag
243 793 42 20 av
309 782 383 40 statsrådsprotokollet
717 783 81 29 över
824 781 275 30 finansärenden
1123 781 55 29 för
1203 781 67 29 den
1295 780 38 29 27
1361 780 156 29 februari
1546 779 95 33 1948,

135 835 180 39 föreslagit
345 834 188 39 riksdagen
567 835 50 29 att
649 833 211 39 bemyndiga
890 832 126 39 Kungl.
1053 831 106 39 Maj:t
1195 833 50 27 att
1276 830 161 30 meddela
1469 830 172 39 generella

135 886 263 30 bestämmelser
417 884 178 39 angående
612 885 69 28 rätt
698 883 56 30 för
773 884 132 29 statens
924 882 215 30 sakrevision
1160 883 51 28 att
1229 882 153 38 granska
1402 880 241 39 användning-

134 946 44 20 en
202 946 43 20 av
269 935 280 31 statsunderstöd
573 935 11 28 i
607 933 237 39 huvudsaklig
870 932 348 30 överensstämmelse
1243 932 80 29 med
1346 932 67 29 vad
1437 931 124 30 chefen
1586 931 56 29 för

135 987 423 39 finandsdepartementet
575 985 169 29 förordat.

180 1088 264 39 Förordningen
466 1088 67 29 den
552 1086 20 30 4
590 1087 80 39 juni
692 1086 82 30 1937
802 1085 59 34 (nr
882 1085 80 34 304)
989 1085 179 39 angående
1191 1084 198 39 skyldighet
1410 1085 50 28 att
1482 1083 53 30 till
1556 1083 89 30 riks-

135 1140 131 38 dagens
284 1138 170 30 revisorer
476 1137 121 39 avgiva
617 1136 218 40 redogörelse
856 1136 55 30 för
931 1135 271 39 användningen
1222 1144 42 21 av
1286 1134 282 30 statsunderstöd
1587 1141 59 32 ger

134 1189 184 39 möjlighet
345 1189 55 29 för
427 1187 307 31 statsrevisorerna
762 1189 50 28 att
838 1188 105 29 utöva
970 1186 217 40 granskning
1212 1186 11 29 i
1249 1185 95 30 såväl
1369 1185 172 30 kameralt
1570 1194 75 21 som

135 1239 127 39 sakligt
286 1239 210 30 hänseende.
534 1238 265 39 Förordningen
825 1238 140 39 stadgar
992 1236 198 40 skyldighet
1215 1236 55 30 för
1295 1237 77 33 den,
1399 1245 75 21 som
1499 1236 146 39 åtnjutit

134 1290 193 30 understöd
354 1299 42 20 av
421 1289 202 30 statsmedel
651 1288 83 30 eller
760 1298 42 20 av
825 1288 113 30 medel
963 1288 157 30 influtna
1146 1295 124 32 genom
1298 1287 282 40 penninglotteri,
1608 1287 38 30 så

137 1341 66 29 ock
218 1340 55 30 för
288 1341 77 33 den,
382 1349 74 21 som
472 1339 107 39 enligt
595 1339 66 30 vad
677 1339 123 30 därom
816 1339 117 30 finnes
950 1339 142 29 särskilt
1109 1339 137 38 stadgat
1262 1338 162 39 mottagit
1441 1338 124 29 sådant
1582 1347 63 20 un-

135 1392 142 29 derstöd
302 1391 54 30 för
382 1393 50 27 att
458 1391 54 29 till
538 1400 118 20 annan
683 1390 173 30 förmedla
881 1391 206 32 detsamma,
1113 1398 81 21 vare
1223 1389 51 39 sig
1299 1389 229 29 understödet
1556 1388 89 30 skall

135 1441 209 31 återbetalas
367 1441 83 30 eller
473 1441 86 34 icke,
586 1442 50 28 att
659 1440 89 30 efter
774 1441 177 29 anmodan
975 1449 42 21 av
1039 1440 208 39 riksdagens
1271 1439 171 30 revisorer
1465 1439 52 29 till
1544 1439 102 29 dessa

135 1492 122 38 avgiva
278 1500 43 21 en
346 1491 195 39 detaljerad
564 1491 75 34 och,
664 1491 104 29 såvitt
791 1491 149 39 möjligt,
967 1500 41 20 av
1031 1490 266 31 verifikationer
1320 1490 158 39 bestyrkt
1504 1490 142 39 redogö-

134 1542 89 29 relse
245 1541 55 30 för
322 1542 67 29 hur
413 1541 228 30 understödet
665 1550 42 21 av
730 1541 130 30 honom
884 1542 158 29 använts.
1077 1541 118 39 Enligt
1220 1540 252 39 förordningen
1495 1541 80 38 äger
1597 1540 49 30 vi-

134 1593 83 29 dare
240 1591 392 40 redovisningsskyldig,
659 1601 75 20 som
755 1592 71 29 fört
848 1592 249 40 räkenskaper,
1120 1601 107 21 varav
1250 1591 230 39 fullständiga
1504 1590 142 41 upplys-

135 1643 126 38 ningar
279 1652 56 20 om
353 1642 247 30 understödets
619 1643 227 39 användning
865 1643 123 30 kunna
1006 1643 188 33 inhämtas,
1213 1642 12 30 i
1244 1642 115 30 stället
1377 1641 153 40 fullgöra
1548 1642 98 30 redo-

136 1693 405 39 visningsskyldigheten
565 1700 123 32 genom
714 1695 50 29 att
788 1693 126 31 bereda
937 1693 219 30 revisorerna
1179 1693 139 30 tillfälle
1343 1695 50 28 att
1418 1695 80 37 taga
1526 1693 54 30 del
1606 1700 42 21 av

136 1744 287 39 räkenskaperna
450 1744 80 29 med
557 1744 212 30 tillhörande
795 1744 275 34 verifikationer,
1098 1744 175 40 protokoll
1304 1744 65 29 och
1396 1744 111 29 andra
1536 1744 110 29 hand-

135 1794 123 38 lingar.
295 1794 92 29 Från
411 1793 444 40 redovisningsskyldighet
883 1796 38 28 är
946 1795 226 38 undantagen
1198 1794 137 30 enskild
1362 1804 127 30 person
1517 1794 129 30 beträf-

135 1844 107 29 fande
265 1844 202 33 understöd,
491 1845 111 28 avsett
626 1844 53 29 till
703 1844 223 30 bestridande
950 1854 42 21 av
1015 1845 89 29 hans
1127 1845 83 29 eller
1232 1845 90 30 hans
1346 1845 136 39 familjs
1504 1854 142 30 person-

136 1894 69 38 liga
224 1893 154 39 utgifter,
399 1895 90 28 samt
510 1893 168 30 utländsk
695 1895 228 39 medborgare
944 1895 82 29 eller
1045 1895 169 29 utländsk
1231 1895 203 30 institution
1453 1895 83 29 eller
1556 1904 90 21 sam-

136 1943 243 39 manslutning
407 1943 222 30 beträffande
657 1945 193 29 understöd
877 1945 55 30 för
958 1945 278 30 internationellt
1266 1945 175 30 ändamål.

181 1994 66 29 Vid
265 1994 215 31 inrättandet
498 2005 42 20 av
558 1997 133 28 statens
711 1995 217 31 sakrevision
952 1995 114 40 (prop.
1087 2005 42 19 nr
1152 1995 188 36 164/1943;
1361 2004 26 21 r.
1409 1995 70 31 skr.
1498 2006 42 19 nr
1559 1995 81 34 227)

138 2043 206 31 förutsattes
370 2045 215 30 revisionens
611 2046 260 30 arbetsområde
897 2046 11 29 i
933 2046 137 40 princip
1097 2046 99 30 skola
1222 2046 150 30 omfatta
1397 2046 46 30 all
1469 2047 177 29 verksam-

138 2095 68 34 het,
235 2105 73 20 som
335 2096 72 30 helt
433 2097 83 29 eller
545 2097 109 30 delvis
682 2097 256 30 finansierades
965 2098 79 29 med
1073 2097 140 39 statliga
1243 2097 123 34 medel,
1397 2097 133 30 således
1558 2098 88 29 även

138 2145 305 29 statsunderstödd
474 2146 234 29 verksamhet.
739 2147 92 28 Från
861 2147 79 29 dess
972 2146 216 39 granskning
1218 2146 64 29 har
1312 2146 194 30 emellertid
1536 2147 107 38 enligt

137 2195 142 29 särskilt
303 2205 42 20 av
366 2196 125 38 Kungl.
516 2197 105 38 Maj:t
642 2197 174 30 meddelat
838 2197 113 30 beslut
978 2197 56 32 (K.
1057 2198 55 28 Br.
1134 2198 61 34 ”/,,
1218 2197 100 31 1943)
1348 2197 72 29 tills
1443 2197 117 29 vidare
1583 2206 63 20 un-

136 2245 177 38 danltagits
335 2247 305 28 statsunderstödd
660 2247 224 29 verksamhet
908 2247 11 28 i
942 2247 66 28 den
1029 2247 82 29 mån
1132 2247 75 28 icke
1228 2247 57 28 vid
1307 2247 336 28 statsunderstödets

136 2295 210 38 åtnjutande
370 2295 89 30 fästs
482 2296 136 34 villkor,
641 2296 45 39 på
711 2297 112 38 grund
848 2305 106 21 varav
976 2296 269 29 verksamheten
1273 2296 249 30 underkastats
1546 2297 98 37 dylik

138 2345 225 39 granskning.
386 2345 242 39 Anledningen
646 2346 119 29 härtill
785 2346 63 29 har
866 2346 89 30 varit
1034 2346 154 29 förutom
1211 2348 50 27 att
1282 2346 261 29 sakrevisionen
1563 2346 80 29 från

137 2395 125 39 början
284 2396 88 29 varit
394 2398 50 27 att
465 2396 161 30 betrakta
651 2405 74 20 som
751 2406 43 20 en
816 2396 343 29 försöksinstilution
1246 2397 50 28 att
1323 2396 173 29 särskilda
1517 2396 126 29 under-

138 2446 190 38 sökningar
354 2448 133 27 ansetts
512 2446 184 40 påkallade
721 2447 10 28 i
756 2446 99 38 fråga
880 2455 57 20 om
963 2446 40 29 de
1030 2446 162 29 närmare
1220 2445 343 38 förutsättningarna
1589 2446 54 29 för

167 2512 13 25 1
219 2515 110 31 Bihang
340 2515 42 25 till
393 2516 167 30 riksdagens
573 2516 145 29 protokoll
730 2517 75 24 1948.
826 2518 16 22 6
853 2517 80 24 saml.
954 2517 39 24 Nr
1016 2516 41 23 99.
