<?xml version="1.0" encoding="UTF-8"?>
<alto xmlns="http://www.loc.gov/standards/alto/ns-v3#" xmlns:xlink="http://www.w3.org/1999/xlink" xmlns:xsi="http://www.w3.org/2001/XMLSchema-instance" xsi:schemaLocation="http://www.loc.gov/standards/alto/ns-v3# http://www.loc.gov/alto/v3/alto-3-0.xsd">
	<Description>
		<MeasurementUnit>pixel</MeasurementUnit>
		<sourceImageInformation>
			<fileName>/tmp/tess_bzp0xnt1_input.PNG</fileName>
		</sourceImageInformation>
		<OCRProcessing ID="OCR_0">
			<ocrProcessingStep>
				<processingSoftware>
					<softwareName>tesseract 5.3.0</softwareName>
				</processingSoftware>
			</ocrProcessingStep>
		</OCRProcessing>
	</Description>
	<Layout>
		<Page WIDTH="1912" HEIGHT="2816" PHYSICAL_IMG_NR="0" ID="page_0">
			<PrintSpace HPOS="0" VPOS="0" WIDTH="1912" HEIGHT="2816">
				<ComposedBlock ID="cblock_0" HPOS="575" VPOS="177" WIDTH="1052" HEIGHT="34">
					<TextBlock ID="block_0" HPOS="575" VPOS="177" WIDTH="1052" HEIGHT="34">
						<TextLine ID="line_0" HPOS="575" VPOS="177" WIDTH="1052" HEIGHT="34">
							<String ID="string_0" HPOS="575" VPOS="177" WIDTH="264" HEIGHT="30" WC="0.92" CONTENT="Statsutskottets"/><SP WIDTH="21" VPOS="177" HPOS="839"/>
							<String ID="string_1" HPOS="860" VPOS="179" WIDTH="168" HEIGHT="29" WC="0.96" CONTENT="utlåtande"/><SP WIDTH="22" VPOS="179" HPOS="1028"/>
							<String ID="string_2" HPOS="1050" VPOS="188" WIDTH="39" HEIGHT="20" WC="0.96" CONTENT="nr"/><SP WIDTH="23" VPOS="188" HPOS="1089"/>
							<String ID="string_3" HPOS="1112" VPOS="180" WIDTH="50" HEIGHT="29" WC="0.96" CONTENT="46."/><SP WIDTH="444" VPOS="180" HPOS="1162"/>
							<String ID="string_4" HPOS="1606" VPOS="179" WIDTH="21" HEIGHT="32" WC="0.96" CONTENT="5"/>
						</TextLine>
					</TextBlock>
				</ComposedBlock>
				<ComposedBlock ID="cblock_1" HPOS="125" VPOS="250" WIDTH="1502" HEIGHT="97">
					<TextBlock ID="block_1" HPOS="125" VPOS="250" WIDTH="1502" HEIGHT="97">
						<TextLine ID="line_1" HPOS="125" VPOS="250" WIDTH="1502" HEIGHT="45">
							<String ID="string_5" HPOS="125" VPOS="250" WIDTH="73" HEIGHT="34" WC="0.96" CONTENT="icke"/><SP WIDTH="19" VPOS="250" HPOS="198"/>
							<String ID="string_6" HPOS="217" VPOS="251" WIDTH="62" HEIGHT="32" WC="0.96" CONTENT="vill"/><SP WIDTH="20" VPOS="251" HPOS="279"/>
							<String ID="string_7" HPOS="299" VPOS="253" WIDTH="161" HEIGHT="31" WC="0.96" CONTENT="motsätta"/><SP WIDTH="19" VPOS="253" HPOS="460"/>
							<String ID="string_8" HPOS="479" VPOS="252" WIDTH="54" HEIGHT="42" WC="0.96" CONTENT="sig"/><SP WIDTH="19" VPOS="252" HPOS="533"/>
							<String ID="string_9" HPOS="552" VPOS="252" WIDTH="98" HEIGHT="31" WC="0.95" CONTENT="bifall"/><SP WIDTH="20" VPOS="252" HPOS="650"/>
							<String ID="string_10" HPOS="670" VPOS="252" WIDTH="54" HEIGHT="32" WC="0.96" CONTENT="till"/><SP WIDTH="19" VPOS="252" HPOS="724"/>
							<String ID="string_11" HPOS="743" VPOS="252" WIDTH="126" HEIGHT="42" WC="0.96" CONTENT="Kungl."/><SP WIDTH="22" VPOS="252" HPOS="869"/>
							<String ID="string_12" HPOS="891" VPOS="252" WIDTH="119" HEIGHT="43" WC="0.96" CONTENT="Maj:ts"/><SP WIDTH="21" VPOS="252" HPOS="1010"/>
							<String ID="string_13" HPOS="1031" VPOS="253" WIDTH="137" HEIGHT="42" WC="0.95" CONTENT="förslag,"/><SP WIDTH="22" VPOS="253" HPOS="1168"/>
							<String ID="string_14" HPOS="1190" VPOS="264" WIDTH="100" HEIGHT="22" WC="0.96" CONTENT="anser"/><SP WIDTH="21" VPOS="264" HPOS="1290"/>
							<String ID="string_15" HPOS="1311" VPOS="253" WIDTH="94" HEIGHT="39" WC="0.96" CONTENT="dock,"/><SP WIDTH="22" VPOS="253" HPOS="1405"/>
							<String ID="string_16" HPOS="1427" VPOS="256" WIDTH="51" HEIGHT="31" WC="0.96" CONTENT="att"/><SP WIDTH="19" VPOS="256" HPOS="1478"/>
							<String ID="string_17" HPOS="1497" VPOS="254" WIDTH="58" HEIGHT="33" WC="0.93" CONTENT="det"/><SP WIDTH="18" VPOS="254" HPOS="1555"/>
							<String ID="string_18" HPOS="1573" VPOS="255" WIDTH="54" HEIGHT="32" WC="0.93" CONTENT="be-"/>
						</TextLine>
						<TextLine ID="line_2" HPOS="125" VPOS="301" WIDTH="1419" HEIGHT="46">
							<String ID="string_19" HPOS="125" VPOS="301" WIDTH="103" HEIGHT="42" WC="0.92" CONTENT="gärda"/><SP WIDTH="19" VPOS="301" HPOS="228"/>
							<String ID="string_20" HPOS="247" VPOS="301" WIDTH="290" HEIGHT="43" WC="0.91" CONTENT="bemyndigandet"/><SP WIDTH="19" VPOS="301" HPOS="537"/>
							<String ID="string_21" HPOS="556" VPOS="302" WIDTH="63" HEIGHT="32" WC="0.97" CONTENT="bör"/><SP WIDTH="18" VPOS="302" HPOS="619"/>
							<String ID="string_22" HPOS="637" VPOS="302" WIDTH="185" HEIGHT="42" WC="0.96" CONTENT="begränsas"/><SP WIDTH="21" VPOS="302" HPOS="822"/>
							<String ID="string_23" HPOS="843" VPOS="303" WIDTH="54" HEIGHT="31" WC="0.96" CONTENT="till"/><SP WIDTH="20" VPOS="303" HPOS="897"/>
							<String ID="string_24" HPOS="917" VPOS="303" WIDTH="229" HEIGHT="33" WC="0.95" CONTENT="innevarande"/><SP WIDTH="22" VPOS="303" HPOS="1146"/>
							<String ID="string_25" HPOS="1168" VPOS="304" WIDTH="62" HEIGHT="31" WC="0.96" CONTENT="och"/><SP WIDTH="20" VPOS="304" HPOS="1230"/>
							<String ID="string_26" HPOS="1250" VPOS="306" WIDTH="98" HEIGHT="30" WC="0.96" CONTENT="nästa"/><SP WIDTH="20" VPOS="306" HPOS="1348"/>
							<String ID="string_27" HPOS="1368" VPOS="304" WIDTH="176" HEIGHT="43" WC="0.95" CONTENT="budgetår."/>
						</TextLine>
					</TextBlock>
				</ComposedBlock>
				<ComposedBlock ID="cblock_2" HPOS="177" VPOS="369" WIDTH="1077" HEIGHT="43">
					<TextBlock ID="block_2" HPOS="177" VPOS="369" WIDTH="1077" HEIGHT="43">
						<TextLine ID="line_3" HPOS="177" VPOS="369" WIDTH="1077" HEIGHT="43">
							<String ID="string_28" HPOS="177" VPOS="369" WIDTH="120" HEIGHT="33" WC="0.96" CONTENT="Under"/><SP WIDTH="20" VPOS="369" HPOS="297"/>
							<String ID="string_29" HPOS="317" VPOS="370" WIDTH="216" HEIGHT="42" WC="0.96" CONTENT="åberopande"/><SP WIDTH="22" VPOS="370" HPOS="533"/>
							<String ID="string_30" HPOS="555" VPOS="381" WIDTH="40" HEIGHT="21" WC="0.96" CONTENT="av"/><SP WIDTH="21" VPOS="381" HPOS="595"/>
							<String ID="string_31" HPOS="616" VPOS="371" WIDTH="57" HEIGHT="32" WC="0.96" CONTENT="det"/><SP WIDTH="22" VPOS="371" HPOS="673"/>
							<String ID="string_32" HPOS="695" VPOS="371" WIDTH="142" HEIGHT="33" WC="0.95" CONTENT="anförda"/><SP WIDTH="20" VPOS="371" HPOS="837"/>
							<String ID="string_33" HPOS="857" VPOS="371" WIDTH="199" HEIGHT="33" WC="0.96" CONTENT="hemställer"/><SP WIDTH="21" VPOS="371" HPOS="1056"/>
							<String ID="string_34" HPOS="1077" VPOS="372" WIDTH="177" HEIGHT="39" WC="0.96" CONTENT="utskottet,"/>
						</TextLine>
					</TextBlock>
				</ComposedBlock>
				<ComposedBlock ID="cblock_3" HPOS="373" VPOS="439" WIDTH="1254" HEIGHT="654">
					<TextBlock ID="block_3" HPOS="416" VPOS="439" WIDTH="519" HEIGHT="43">
						<TextLine ID="line_4" HPOS="416" VPOS="439" WIDTH="519" HEIGHT="43">
							<String ID="string_35" HPOS="416" VPOS="441" WIDTH="50" HEIGHT="30" WC="0.95" CONTENT="att"/><SP WIDTH="23" VPOS="441" HPOS="466"/>
							<String ID="string_36" HPOS="489" VPOS="439" WIDTH="181" HEIGHT="42" WC="0.95" CONTENT="riksdagen"/><SP WIDTH="24" VPOS="439" HPOS="670"/>
							<String ID="string_37" HPOS="694" VPOS="441" WIDTH="54" HEIGHT="30" WC="0.93" CONTENT="må"/><SP WIDTH="22" VPOS="441" HPOS="748"/>
							<String ID="string_38" HPOS="770" VPOS="440" WIDTH="165" HEIGHT="42" WC="0.91" CONTENT="medgiva,"/>
						</TextLine>
					</TextBlock>
					<TextBlock ID="block_4" HPOS="373" VPOS="489" WIDTH="1254" HEIGHT="349">
						<TextLine ID="line_5" HPOS="417" VPOS="489" WIDTH="1210" HEIGHT="45">
							<String ID="string_39" HPOS="417" VPOS="489" WIDTH="30" HEIGHT="42" WC="0.96" CONTENT="a)"/><SP WIDTH="29" VPOS="489" HPOS="447"/>
							<String ID="string_40" HPOS="476" VPOS="492" WIDTH="50" HEIGHT="29" WC="0.96" CONTENT="att"/><SP WIDTH="27" VPOS="492" HPOS="526"/>
							<String ID="string_41" HPOS="553" VPOS="490" WIDTH="57" HEIGHT="32" WC="0.96" CONTENT="det"/><SP WIDTH="27" VPOS="490" HPOS="610"/>
							<String ID="string_42" HPOS="637" VPOS="490" WIDTH="12" HEIGHT="31" WC="0.93" CONTENT="i"/><SP WIDTH="28" VPOS="490" HPOS="649"/>
							<String ID="string_43" HPOS="677" VPOS="490" WIDTH="184" HEIGHT="32" WC="0.92" CONTENT="riksstaten"/><SP WIDTH="27" VPOS="490" HPOS="861"/>
							<String ID="string_44" HPOS="888" VPOS="491" WIDTH="172" HEIGHT="42" WC="0.92" CONTENT="uppförda"/><SP WIDTH="28" VPOS="491" HPOS="1060"/>
							<String ID="string_45" HPOS="1088" VPOS="491" WIDTH="303" HEIGHT="43" WC="0.91" CONTENT="förslagsanslaget"/><SP WIDTH="28" VPOS="491" HPOS="1391"/>
							<String ID="string_46" HPOS="1419" VPOS="492" WIDTH="55" HEIGHT="32" WC="0.92" CONTENT="till"/><SP WIDTH="28" VPOS="492" HPOS="1474"/>
							<String ID="string_47" HPOS="1502" VPOS="492" WIDTH="125" HEIGHT="33" WC="0.92" CONTENT="oförut-"/>
						</TextLine>
						<TextLine ID="line_6" HPOS="375" VPOS="541" WIDTH="1252" HEIGHT="43">
							<String ID="string_48" HPOS="375" VPOS="541" WIDTH="106" HEIGHT="32" WC="0.96" CONTENT="sedda"/><SP WIDTH="19" VPOS="541" HPOS="481"/>
							<String ID="string_49" HPOS="500" VPOS="541" WIDTH="142" HEIGHT="42" WC="0.96" CONTENT="utgifter"/><SP WIDTH="18" VPOS="541" HPOS="642"/>
							<String ID="string_50" HPOS="660" VPOS="544" WIDTH="53" HEIGHT="29" WC="0.96" CONTENT="må"/><SP WIDTH="19" VPOS="544" HPOS="713"/>
							<String ID="string_51" HPOS="732" VPOS="542" WIDTH="108" HEIGHT="32" WC="0.93" CONTENT="under"/><SP WIDTH="18" VPOS="542" HPOS="840"/>
							<String ID="string_52" HPOS="858" VPOS="542" WIDTH="213" HEIGHT="42" WC="0.91" CONTENT="budgetåren"/><SP WIDTH="20" VPOS="542" HPOS="1071"/>
							<String ID="string_53" HPOS="1091" VPOS="543" WIDTH="136" HEIGHT="32" WC="0.90" CONTENT="1944/45"/><SP WIDTH="22" VPOS="543" HPOS="1227"/>
							<String ID="string_54" HPOS="1249" VPOS="543" WIDTH="62" HEIGHT="32" WC="0.93" CONTENT="och"/><SP WIDTH="21" VPOS="543" HPOS="1311"/>
							<String ID="string_55" HPOS="1332" VPOS="543" WIDTH="138" HEIGHT="33" WC="0.91" CONTENT="1945/46"/><SP WIDTH="18" VPOS="543" HPOS="1470"/>
							<String ID="string_56" HPOS="1488" VPOS="565" WIDTH="43" HEIGHT="4" WC="0.92" CONTENT="—"/><SP WIDTH="18" VPOS="565" HPOS="1531"/>
							<String ID="string_57" HPOS="1549" VPOS="544" WIDTH="78" HEIGHT="32" WC="0.96" CONTENT="med"/>
						</TextLine>
						<TextLine ID="line_7" HPOS="374" VPOS="591" WIDTH="1253" HEIGHT="44">
							<String ID="string_58" HPOS="374" VPOS="591" WIDTH="218" HEIGHT="42" WC="0.96" CONTENT="iakttagande"/><SP WIDTH="27" VPOS="591" HPOS="592"/>
							<String ID="string_59" HPOS="619" VPOS="604" WIDTH="40" HEIGHT="20" WC="0.96" CONTENT="av"/><SP WIDTH="26" VPOS="604" HPOS="659"/>
							<String ID="string_60" HPOS="685" VPOS="593" WIDTH="65" HEIGHT="31" WC="0.96" CONTENT="vad"/><SP WIDTH="26" VPOS="593" HPOS="750"/>
							<String ID="string_61" HPOS="776" VPOS="593" WIDTH="12" HEIGHT="31" WC="0.93" CONTENT="i"/><SP WIDTH="26" VPOS="593" HPOS="788"/>
							<String ID="string_62" HPOS="814" VPOS="593" WIDTH="377" HEIGHT="42" WC="0.92" CONTENT="statsrådsprotokollet"/><SP WIDTH="27" VPOS="593" HPOS="1191"/>
							<String ID="string_63" HPOS="1218" VPOS="596" WIDTH="80" HEIGHT="30" WC="0.93" CONTENT="över"/><SP WIDTH="27" VPOS="596" HPOS="1298"/>
							<String ID="string_64" HPOS="1325" VPOS="595" WIDTH="302" HEIGHT="32" WC="0.92" CONTENT="försvarsärenden"/>
						</TextLine>
						<TextLine ID="line_8" HPOS="375" VPOS="643" WIDTH="1250" HEIGHT="43">
							<String ID="string_65" HPOS="375" VPOS="643" WIDTH="55" HEIGHT="31" WC="0.96" CONTENT="för"/><SP WIDTH="18" VPOS="643" HPOS="430"/>
							<String ID="string_66" HPOS="448" VPOS="643" WIDTH="66" HEIGHT="31" WC="0.96" CONTENT="den"/><SP WIDTH="19" VPOS="643" HPOS="514"/>
							<String ID="string_67" HPOS="533" VPOS="644" WIDTH="18" HEIGHT="30" WC="0.96" CONTENT="2"/><SP WIDTH="19" VPOS="644" HPOS="551"/>
							<String ID="string_68" HPOS="570" VPOS="643" WIDTH="150" HEIGHT="31" WC="0.95" CONTENT="februari"/><SP WIDTH="21" VPOS="643" HPOS="720"/>
							<String ID="string_69" HPOS="741" VPOS="643" WIDTH="79" HEIGHT="32" WC="0.96" CONTENT="1945"/><SP WIDTH="19" VPOS="643" HPOS="820"/>
							<String ID="string_70" HPOS="839" VPOS="644" WIDTH="132" HEIGHT="31" WC="0.92" CONTENT="anförts"/><SP WIDTH="17" VPOS="644" HPOS="971"/>
							<String ID="string_71" HPOS="988" VPOS="664" WIDTH="43" HEIGHT="3" WC="0.92" CONTENT="—"/><SP WIDTH="17" VPOS="664" HPOS="1031"/>
							<String ID="string_72" HPOS="1048" VPOS="644" WIDTH="134" HEIGHT="41" WC="0.95" CONTENT="jämlikt"/><SP WIDTH="16" VPOS="644" HPOS="1182"/>
							<String ID="string_73" HPOS="1198" VPOS="644" WIDTH="126" HEIGHT="42" WC="0.96" CONTENT="Kungl."/><SP WIDTH="20" VPOS="644" HPOS="1324"/>
							<String ID="string_74" HPOS="1344" VPOS="644" WIDTH="120" HEIGHT="42" WC="0.93" CONTENT="Maj:ts"/><SP WIDTH="19" VPOS="644" HPOS="1464"/>
							<String ID="string_75" HPOS="1483" VPOS="644" WIDTH="142" HEIGHT="33" WC="0.91" CONTENT="bestäm-"/>
						</TextLine>
						<TextLine ID="line_9" HPOS="374" VPOS="693" WIDTH="1252" HEIGHT="45">
							<String ID="string_76" HPOS="374" VPOS="693" WIDTH="122" HEIGHT="32" WC="0.95" CONTENT="mande"/><SP WIDTH="22" VPOS="693" HPOS="496"/>
							<String ID="string_77" HPOS="518" VPOS="695" WIDTH="95" HEIGHT="40" WC="0.96" CONTENT="tagas"/><SP WIDTH="22" VPOS="695" HPOS="613"/>
							<String ID="string_78" HPOS="635" VPOS="694" WIDTH="12" HEIGHT="31" WC="0.96" CONTENT="i"/><SP WIDTH="22" VPOS="694" HPOS="647"/>
							<String ID="string_79" HPOS="669" VPOS="695" WIDTH="146" HEIGHT="41" WC="0.96" CONTENT="anspråk"/><SP WIDTH="23" VPOS="695" HPOS="815"/>
							<String ID="string_80" HPOS="838" VPOS="695" WIDTH="53" HEIGHT="31" WC="0.96" CONTENT="för"/><SP WIDTH="21" VPOS="695" HPOS="891"/>
							<String ID="string_81" HPOS="912" VPOS="695" WIDTH="164" HEIGHT="32" WC="0.96" CONTENT="täckande"/><SP WIDTH="23" VPOS="695" HPOS="1076"/>
							<String ID="string_82" HPOS="1099" VPOS="707" WIDTH="41" HEIGHT="20" WC="0.96" CONTENT="av"/><SP WIDTH="22" VPOS="707" HPOS="1140"/>
							<String ID="string_83" HPOS="1162" VPOS="695" WIDTH="12" HEIGHT="31" WC="0.96" CONTENT="i"/><SP WIDTH="22" VPOS="695" HPOS="1174"/>
							<String ID="string_84" HPOS="1196" VPOS="707" WIDTH="127" HEIGHT="21" WC="0.92" CONTENT="samma"/><SP WIDTH="23" VPOS="707" HPOS="1323"/>
							<String ID="string_85" HPOS="1346" VPOS="696" WIDTH="280" HEIGHT="42" WC="0.92" CONTENT="statsrådsproto-"/>
						</TextLine>
						<TextLine ID="line_10" HPOS="373" VPOS="744" WIDTH="1253" HEIGHT="43">
							<String ID="string_86" HPOS="373" VPOS="744" WIDTH="71" HEIGHT="32" WC="0.96" CONTENT="koll"/><SP WIDTH="21" VPOS="744" HPOS="444"/>
							<String ID="string_87" HPOS="465" VPOS="744" WIDTH="145" HEIGHT="42" WC="0.95" CONTENT="angivna"/><SP WIDTH="19" VPOS="744" HPOS="610"/>
							<String ID="string_88" HPOS="629" VPOS="745" WIDTH="63" HEIGHT="31" WC="0.96" CONTENT="och"/><SP WIDTH="20" VPOS="745" HPOS="692"/>
							<String ID="string_89" HPOS="712" VPOS="745" WIDTH="100" HEIGHT="42" WC="0.96" CONTENT="eljest"/><SP WIDTH="20" VPOS="745" HPOS="812"/>
							<String ID="string_90" HPOS="832" VPOS="745" WIDTH="273" HEIGHT="42" WC="0.91" CONTENT="uppkommande"/><SP WIDTH="19" VPOS="745" HPOS="1105"/>
							<String ID="string_91" HPOS="1124" VPOS="747" WIDTH="312" HEIGHT="39" WC="0.91" CONTENT="haverikostnader,"/><SP WIDTH="22" VPOS="747" HPOS="1436"/>
							<String ID="string_92" HPOS="1458" VPOS="748" WIDTH="168" HEIGHT="32" WC="0.96" CONTENT="avseende"/>
						</TextLine>
						<TextLine ID="line_11" HPOS="373" VPOS="795" WIDTH="315" HEIGHT="43">
							<String ID="string_93" HPOS="373" VPOS="795" WIDTH="171" HEIGHT="33" WC="0.96" CONTENT="marinens"/><SP WIDTH="24" VPOS="795" HPOS="544"/>
							<String ID="string_94" HPOS="568" VPOS="796" WIDTH="120" HEIGHT="42" WC="0.96" CONTENT="fartyg,"/>
						</TextLine>
					</TextBlock>
					<TextBlock ID="block_5" HPOS="373" VPOS="846" WIDTH="1254" HEIGHT="247">
						<TextLine ID="line_12" HPOS="419" VPOS="846" WIDTH="1208" HEIGHT="44">
							<String ID="string_95" HPOS="419" VPOS="846" WIDTH="35" HEIGHT="41" WC="0.92" CONTENT="b)"/><SP WIDTH="29" VPOS="846" HPOS="454"/>
							<String ID="string_96" HPOS="483" VPOS="848" WIDTH="51" HEIGHT="30" WC="0.95" CONTENT="att"/><SP WIDTH="18" VPOS="848" HPOS="534"/>
							<String ID="string_97" HPOS="552" VPOS="846" WIDTH="52" HEIGHT="32" WC="0.95" CONTENT="till"/><SP WIDTH="17" VPOS="846" HPOS="604"/>
							<String ID="string_98" HPOS="621" VPOS="846" WIDTH="164" HEIGHT="33" WC="0.96" CONTENT="täckande"/><SP WIDTH="18" VPOS="846" HPOS="785"/>
							<String ID="string_99" HPOS="803" VPOS="859" WIDTH="41" HEIGHT="21" WC="0.95" CONTENT="av"/><SP WIDTH="18" VPOS="859" HPOS="844"/>
							<String ID="string_100" HPOS="862" VPOS="847" WIDTH="12" HEIGHT="31" WC="0.92" CONTENT="i"/><SP WIDTH="19" VPOS="847" HPOS="874"/>
							<String ID="string_101" HPOS="893" VPOS="847" WIDTH="345" HEIGHT="43" WC="0.91" CONTENT="flygförvaltningens"/><SP WIDTH="18" VPOS="847" HPOS="1238"/>
							<String ID="string_102" HPOS="1256" VPOS="848" WIDTH="13" HEIGHT="31" WC="0.96" CONTENT="i"/><SP WIDTH="16" VPOS="848" HPOS="1269"/>
							<String ID="string_103" HPOS="1285" VPOS="848" WIDTH="147" HEIGHT="33" WC="0.93" CONTENT="berörda"/><SP WIDTH="18" VPOS="848" HPOS="1432"/>
							<String ID="string_104" HPOS="1450" VPOS="849" WIDTH="177" HEIGHT="32" WC="0.91" CONTENT="statsråds-"/>
						</TextLine>
						<TextLine ID="line_13" HPOS="374" VPOS="897" WIDTH="1252" HEIGHT="45">
							<String ID="string_105" HPOS="374" VPOS="898" WIDTH="172" HEIGHT="41" WC="0.93" CONTENT="protokoll"/><SP WIDTH="26" VPOS="898" HPOS="546"/>
							<String ID="string_106" HPOS="572" VPOS="897" WIDTH="223" HEIGHT="32" WC="0.92" CONTENT="omförmälda"/><SP WIDTH="26" VPOS="897" HPOS="795"/>
							<String ID="string_107" HPOS="821" VPOS="898" WIDTH="164" HEIGHT="32" WC="0.96" CONTENT="skrivelse"/><SP WIDTH="27" VPOS="898" HPOS="985"/>
							<String ID="string_108" HPOS="1012" VPOS="910" WIDTH="40" HEIGHT="20" WC="0.96" CONTENT="av"/><SP WIDTH="27" VPOS="910" HPOS="1052"/>
							<String ID="string_109" HPOS="1079" VPOS="898" WIDTH="66" HEIGHT="33" WC="0.96" CONTENT="den"/><SP WIDTH="25" VPOS="898" HPOS="1145"/>
							<String ID="string_110" HPOS="1170" VPOS="900" WIDTH="19" HEIGHT="31" WC="0.96" CONTENT="8"/><SP WIDTH="25" VPOS="900" HPOS="1189"/>
							<String ID="string_111" HPOS="1214" VPOS="899" WIDTH="133" HEIGHT="42" WC="0.96" CONTENT="januari"/><SP WIDTH="27" VPOS="899" HPOS="1347"/>
							<String ID="string_112" HPOS="1374" VPOS="899" WIDTH="81" HEIGHT="32" WC="0.96" CONTENT="1945"/><SP WIDTH="26" VPOS="899" HPOS="1455"/>
							<String ID="string_113" HPOS="1481" VPOS="900" WIDTH="145" HEIGHT="42" WC="0.96" CONTENT="angiven"/>
						</TextLine>
						<TextLine ID="line_14" HPOS="373" VPOS="949" WIDTH="1252" HEIGHT="42">
							<String ID="string_114" HPOS="373" VPOS="949" WIDTH="148" HEIGHT="32" WC="0.96" CONTENT="kostnad"/><SP WIDTH="24" VPOS="949" HPOS="521"/>
							<String ID="string_115" HPOS="545" VPOS="949" WIDTH="53" HEIGHT="31" WC="0.93" CONTENT="för"/><SP WIDTH="23" VPOS="949" HPOS="598"/>
							<String ID="string_116" HPOS="621" VPOS="949" WIDTH="272" HEIGHT="32" WC="0.91" CONTENT="iståndsättande"/><SP WIDTH="25" VPOS="949" HPOS="893"/>
							<String ID="string_117" HPOS="918" VPOS="961" WIDTH="40" HEIGHT="20" WC="0.93" CONTENT="av"/><SP WIDTH="24" VPOS="961" HPOS="958"/>
							<String ID="string_118" HPOS="982" VPOS="950" WIDTH="144" HEIGHT="41" WC="0.91" CONTENT="flodljus"/><SP WIDTH="25" VPOS="950" HPOS="1126"/>
							<String ID="string_119" HPOS="1151" VPOS="961" WIDTH="41" HEIGHT="20" WC="0.92" CONTENT="m."/><SP WIDTH="26" VPOS="961" HPOS="1192"/>
							<String ID="string_120" HPOS="1218" VPOS="962" WIDTH="41" HEIGHT="19" WC="0.92" CONTENT="m."/><SP WIDTH="26" VPOS="962" HPOS="1259"/>
							<String ID="string_121" HPOS="1285" VPOS="952" WIDTH="55" HEIGHT="29" WC="0.96" CONTENT="må"/><SP WIDTH="22" VPOS="952" HPOS="1340"/>
							<String ID="string_122" HPOS="1362" VPOS="961" WIDTH="42" HEIGHT="21" WC="0.96" CONTENT="av"/><SP WIDTH="23" VPOS="961" HPOS="1404"/>
							<String ID="string_123" HPOS="1427" VPOS="950" WIDTH="59" HEIGHT="32" WC="0.95" CONTENT="det"/><SP WIDTH="22" VPOS="950" HPOS="1486"/>
							<String ID="string_124" HPOS="1508" VPOS="951" WIDTH="12" HEIGHT="31" WC="0.92" CONTENT="i"/><SP WIDTH="23" VPOS="951" HPOS="1520"/>
							<String ID="string_125" HPOS="1543" VPOS="951" WIDTH="82" HEIGHT="31" WC="0.92" CONTENT="riks-"/>
						</TextLine>
						<TextLine ID="line_15" HPOS="375" VPOS="1000" WIDTH="1250" HEIGHT="43">
							<String ID="string_126" HPOS="375" VPOS="1001" WIDTH="112" HEIGHT="31" WC="0.96" CONTENT="staten"/><SP WIDTH="19" VPOS="1001" HPOS="487"/>
							<String ID="string_127" HPOS="506" VPOS="1001" WIDTH="55" HEIGHT="30" WC="0.96" CONTENT="för"/><SP WIDTH="17" VPOS="1001" HPOS="561"/>
							<String ID="string_128" HPOS="578" VPOS="1000" WIDTH="204" HEIGHT="41" WC="0.93" CONTENT="budgetåret"/><SP WIDTH="18" VPOS="1000" HPOS="782"/>
							<String ID="string_129" HPOS="800" VPOS="1000" WIDTH="136" HEIGHT="32" WC="0.92" CONTENT="1944/45"/><SP WIDTH="20" VPOS="1000" HPOS="936"/>
							<String ID="string_130" HPOS="956" VPOS="1001" WIDTH="171" HEIGHT="41" WC="0.93" CONTENT="uppförda"/><SP WIDTH="18" VPOS="1001" HPOS="1127"/>
							<String ID="string_131" HPOS="1145" VPOS="1000" WIDTH="303" HEIGHT="43" WC="0.91" CONTENT="förslagsanslaget"/><SP WIDTH="18" VPOS="1000" HPOS="1448"/>
							<String ID="string_132" HPOS="1466" VPOS="1001" WIDTH="53" HEIGHT="32" WC="0.93" CONTENT="till"/><SP WIDTH="20" VPOS="1001" HPOS="1519"/>
							<String ID="string_133" HPOS="1539" VPOS="1002" WIDTH="86" HEIGHT="31" WC="0.91" CONTENT="oför-"/>
						</TextLine>
						<TextLine ID="line_16" HPOS="374" VPOS="1051" WIDTH="1169" HEIGHT="42">
							<String ID="string_134" HPOS="374" VPOS="1051" WIDTH="146" HEIGHT="32" WC="0.96" CONTENT="utsedda"/><SP WIDTH="18" VPOS="1051" HPOS="520"/>
							<String ID="string_135" HPOS="538" VPOS="1051" WIDTH="142" HEIGHT="42" WC="0.95" CONTENT="utgifter"/><SP WIDTH="17" VPOS="1051" HPOS="680"/>
							<String ID="string_136" HPOS="697" VPOS="1054" WIDTH="96" HEIGHT="39" WC="0.96" CONTENT="tagas"/><SP WIDTH="19" VPOS="1054" HPOS="793"/>
							<String ID="string_137" HPOS="812" VPOS="1052" WIDTH="11" HEIGHT="30" WC="0.96" CONTENT="i"/><SP WIDTH="19" VPOS="1052" HPOS="823"/>
							<String ID="string_138" HPOS="842" VPOS="1051" WIDTH="146" HEIGHT="42" WC="0.96" CONTENT="anspråk"/><SP WIDTH="20" VPOS="1051" HPOS="988"/>
							<String ID="string_139" HPOS="1008" VPOS="1054" WIDTH="49" HEIGHT="31" WC="0.96" CONTENT="ett"/><SP WIDTH="16" VPOS="1054" HPOS="1057"/>
							<String ID="string_140" HPOS="1073" VPOS="1051" WIDTH="127" HEIGHT="42" WC="0.96" CONTENT="belopp"/><SP WIDTH="19" VPOS="1051" HPOS="1200"/>
							<String ID="string_141" HPOS="1219" VPOS="1063" WIDTH="40" HEIGHT="21" WC="0.96" CONTENT="av"/><SP WIDTH="20" VPOS="1063" HPOS="1259"/>
							<String ID="string_142" HPOS="1279" VPOS="1052" WIDTH="37" HEIGHT="31" WC="0.94" CONTENT="11"/><SP WIDTH="15" VPOS="1052" HPOS="1316"/>
							<String ID="string_143" HPOS="1331" VPOS="1052" WIDTH="60" HEIGHT="31" WC="0.94" CONTENT="720"/><SP WIDTH="18" VPOS="1052" HPOS="1391"/>
							<String ID="string_144" HPOS="1409" VPOS="1051" WIDTH="134" HEIGHT="33" WC="0.96" CONTENT="kronor."/>
						</TextLine>
					</TextBlock>
				</ComposedBlock>
				<ComposedBlock ID="cblock_4" HPOS="176" VPOS="1109" WIDTH="948" HEIGHT="202">
					<TextBlock ID="block_6" HPOS="176" VPOS="1109" WIDTH="948" HEIGHT="202">
						<TextLine ID="line_17" HPOS="176" VPOS="1109" WIDTH="570" HEIGHT="34">
							<String ID="string_145" HPOS="176" VPOS="1109" WIDTH="198" HEIGHT="33" WC="0.95" CONTENT="Stockholm"/><SP WIDTH="22" VPOS="1109" HPOS="374"/>
							<String ID="string_146" HPOS="396" VPOS="1110" WIDTH="66" HEIGHT="32" WC="0.96" CONTENT="den"/><SP WIDTH="24" VPOS="1110" HPOS="462"/>
							<String ID="string_147" HPOS="486" VPOS="1111" WIDTH="38" HEIGHT="31" WC="0.96" CONTENT="16"/><SP WIDTH="21" VPOS="1111" HPOS="524"/>
							<String ID="string_148" HPOS="545" VPOS="1121" WIDTH="88" HEIGHT="22" WC="0.96" CONTENT="mars"/><SP WIDTH="23" VPOS="1121" HPOS="633"/>
							<String ID="string_149" HPOS="656" VPOS="1110" WIDTH="90" HEIGHT="32" WC="0.96" CONTENT="1945."/>
						</TextLine>
						<TextLine ID="line_18" HPOS="619" VPOS="1195" WIDTH="505" HEIGHT="42">
							<String ID="string_150" HPOS="619" VPOS="1195" WIDTH="50" HEIGHT="31" WC="0.93" CONTENT="På"/><SP WIDTH="23" VPOS="1195" HPOS="669"/>
							<String ID="string_151" HPOS="692" VPOS="1195" WIDTH="273" HEIGHT="32" WC="0.91" CONTENT="statsutskottets"/><SP WIDTH="23" VPOS="1195" HPOS="965"/>
							<String ID="string_152" HPOS="988" VPOS="1197" WIDTH="136" HEIGHT="40" WC="0.96" CONTENT="vägnar:"/>
						</TextLine>
						<TextLine ID="line_19" HPOS="667" VPOS="1278" WIDTH="410" HEIGHT="33">
							<String ID="string_153" HPOS="667" VPOS="1279" WIDTH="30" HEIGHT="31" WC="0.85" CONTENT="J."/><SP WIDTH="25" VPOS="1279" HPOS="697"/>
							<String ID="string_154" HPOS="722" VPOS="1279" WIDTH="39" HEIGHT="31" WC="0.78" CONTENT="B."/><SP WIDTH="24" VPOS="1279" HPOS="761"/>
							<String ID="string_155" HPOS="785" VPOS="1278" WIDTH="292" HEIGHT="33" WC="0.94" CONTENT="JOHANSSON."/>
						</TextLine>
					</TextBlock>
				</ComposedBlock>
				<GraphicalElement ID="cblock_5" HPOS="762" VPOS="1383" WIDTH="204" HEIGHT="11"></GraphicalElement >
				<ComposedBlock ID="cblock_6" HPOS="122" VPOS="1506" WIDTH="1504" HEIGHT="230">
					<TextBlock ID="block_7" HPOS="175" VPOS="1506" WIDTH="1286" HEIGHT="38">
						<TextLine ID="line_20" HPOS="175" VPOS="1506" WIDTH="1286" HEIGHT="38">
							<String ID="string_156" HPOS="175" VPOS="1509" WIDTH="63" HEIGHT="28" WC="0.96" CONTENT="Vid"/><SP WIDTH="22" VPOS="1509" HPOS="238"/>
							<String ID="string_157" HPOS="260" VPOS="1507" WIDTH="202" HEIGHT="29" WC="0.93" CONTENT="förestående"/><SP WIDTH="21" VPOS="1507" HPOS="462"/>
							<String ID="string_158" HPOS="483" VPOS="1508" WIDTH="133" HEIGHT="28" WC="0.91" CONTENT="ärendes"/><SP WIDTH="23" VPOS="1508" HPOS="616"/>
							<String ID="string_159" HPOS="639" VPOS="1507" WIDTH="262" HEIGHT="37" WC="0.90" CONTENT="slutbehandling"/><SP WIDTH="22" VPOS="1507" HPOS="901"/>
							<String ID="string_160" HPOS="923" VPOS="1507" WIDTH="87" HEIGHT="28" WC="0.96" CONTENT="inom"/><SP WIDTH="21" VPOS="1507" HPOS="1010"/>
							<String ID="string_161" HPOS="1031" VPOS="1507" WIDTH="159" HEIGHT="28" WC="0.96" CONTENT="utskottet"/><SP WIDTH="20" VPOS="1507" HPOS="1190"/>
							<String ID="string_162" HPOS="1210" VPOS="1507" WIDTH="84" HEIGHT="27" WC="0.93" CONTENT="hava"/><SP WIDTH="22" VPOS="1507" HPOS="1294"/>
							<String ID="string_163" HPOS="1316" VPOS="1506" WIDTH="145" HEIGHT="28" WC="0.92" CONTENT="närvarit"/>
						</TextLine>
					</TextBlock>
					<TextBlock ID="block_8" HPOS="122" VPOS="1557" WIDTH="1504" HEIGHT="121">
						<TextLine ID="line_21" HPOS="175" VPOS="1557" WIDTH="1449" HEIGHT="34">
							<String ID="string_164" HPOS="175" VPOS="1558" WIDTH="74" HEIGHT="28" WC="0.95" CONTENT="från"/><SP WIDTH="36" VPOS="1558" HPOS="249"/>
							<String ID="string_165" HPOS="285" VPOS="1558" WIDTH="130" HEIGHT="28" WC="0.95" CONTENT="första"/><SP WIDTH="38" VPOS="1558" HPOS="415"/>
							<String ID="string_166" HPOS="453" VPOS="1558" WIDTH="195" HEIGHT="28" WC="0.96" CONTENT="kammaren:"/><SP WIDTH="49" VPOS="1558" HPOS="648"/>
							<String ID="string_167" HPOS="697" VPOS="1557" WIDTH="111" HEIGHT="28" WC="0.95" CONTENT="herrar"/><SP WIDTH="25" VPOS="1557" HPOS="808"/>
							<String ID="string_168" HPOS="833" VPOS="1557" WIDTH="105" HEIGHT="28" WC="0.95" CONTENT="Johan"/><SP WIDTH="26" VPOS="1557" HPOS="938"/>
							<String ID="string_169" HPOS="964" VPOS="1557" WIDTH="166" HEIGHT="29" WC="0.96" CONTENT="Bernhard"/><SP WIDTH="26" VPOS="1557" HPOS="1130"/>
							<String ID="string_170" HPOS="1156" VPOS="1557" WIDTH="189" HEIGHT="34" WC="0.96" CONTENT="Johansson,"/><SP WIDTH="31" VPOS="1557" HPOS="1345"/>
							<String ID="string_171" HPOS="1376" VPOS="1557" WIDTH="97" HEIGHT="28" WC="0.96" CONTENT="Oscar"/><SP WIDTH="28" VPOS="1557" HPOS="1473"/>
							<String ID="string_172" HPOS="1501" VPOS="1557" WIDTH="123" HEIGHT="34" WC="0.96" CONTENT="Olsson,"/>
						</TextLine>
						<TextLine ID="line_22" HPOS="123" VPOS="1599" WIDTH="1503" HEIGHT="36">
							<String ID="string_173" HPOS="123" VPOS="1600" WIDTH="192" HEIGHT="34" WC="0.93" CONTENT="Lindström,"/><SP WIDTH="24" VPOS="1600" HPOS="315"/>
							<String ID="string_174" HPOS="339" VPOS="1600" WIDTH="154" HEIGHT="34" WC="0.90" CONTENT="Gränebo,"/><SP WIDTH="22" VPOS="1600" HPOS="493"/>
							<String ID="string_175" HPOS="515" VPOS="1600" WIDTH="84" HEIGHT="28" WC="0.96" CONTENT="Sven"/><SP WIDTH="20" VPOS="1600" HPOS="599"/>
							<String ID="string_176" HPOS="619" VPOS="1600" WIDTH="146" HEIGHT="33" WC="0.95" CONTENT="Larsson,"/><SP WIDTH="22" VPOS="1600" HPOS="765"/>
							<String ID="string_177" HPOS="787" VPOS="1600" WIDTH="175" HEIGHT="34" WC="0.96" CONTENT="Bäcklund,"/><SP WIDTH="23" VPOS="1600" HPOS="962"/>
							<String ID="string_178" HPOS="985" VPOS="1599" WIDTH="165" HEIGHT="28" WC="0.96" CONTENT="Bernhard"/><SP WIDTH="20" VPOS="1599" HPOS="1150"/>
							<String ID="string_179" HPOS="1170" VPOS="1599" WIDTH="138" HEIGHT="36" WC="0.96" CONTENT="Nilsson,"/><SP WIDTH="21" VPOS="1599" HPOS="1308"/>
							<String ID="string_180" HPOS="1329" VPOS="1599" WIDTH="197" HEIGHT="35" WC="0.96" CONTENT="Bäckström,"/><SP WIDTH="21" VPOS="1599" HPOS="1526"/>
							<String ID="string_181" HPOS="1547" VPOS="1599" WIDTH="79" HEIGHT="28" WC="0.96" CONTENT="Karl"/>
						</TextLine>
						<TextLine ID="line_23" HPOS="122" VPOS="1642" WIDTH="995" HEIGHT="36">
							<String ID="string_182" HPOS="122" VPOS="1643" WIDTH="194" HEIGHT="35" WC="0.93" CONTENT="Andersson,"/><SP WIDTH="25" VPOS="1643" HPOS="316"/>
							<String ID="string_183" HPOS="341" VPOS="1642" WIDTH="259" HEIGHT="35" WC="0.90" CONTENT="Mannerskantz,"/><SP WIDTH="26" VPOS="1642" HPOS="600"/>
							<String ID="string_184" HPOS="626" VPOS="1642" WIDTH="139" HEIGHT="36" WC="0.91" CONTENT="Heiding"/><SP WIDTH="25" VPOS="1642" HPOS="765"/>
							<String ID="string_185" HPOS="790" VPOS="1642" WIDTH="57" HEIGHT="28" WC="0.96" CONTENT="och"/><SP WIDTH="26" VPOS="1642" HPOS="847"/>
							<String ID="string_186" HPOS="873" VPOS="1642" WIDTH="134" HEIGHT="34" WC="0.96" CONTENT="Boman;"/><SP WIDTH="25" VPOS="1642" HPOS="1007"/>
							<String ID="string_187" HPOS="1032" VPOS="1644" WIDTH="85" HEIGHT="26" WC="0.96" CONTENT="samt"/>
						</TextLine>
					</TextBlock>
					<TextBlock ID="block_9" HPOS="176" VPOS="1700" WIDTH="1450" HEIGHT="36">
						<TextLine ID="line_24" HPOS="176" VPOS="1700" WIDTH="1450" HEIGHT="36">
							<String ID="string_188" HPOS="176" VPOS="1701" WIDTH="73" HEIGHT="29" WC="0.96" CONTENT="från"/><SP WIDTH="24" VPOS="1701" HPOS="249"/>
							<String ID="string_189" HPOS="273" VPOS="1702" WIDTH="124" HEIGHT="29" WC="0.95" CONTENT="andra"/><SP WIDTH="22" VPOS="1702" HPOS="397"/>
							<String ID="string_190" HPOS="419" VPOS="1702" WIDTH="196" HEIGHT="27" WC="0.95" CONTENT="kammaren:"/><SP WIDTH="36" VPOS="1702" HPOS="615"/>
							<String ID="string_191" HPOS="651" VPOS="1701" WIDTH="110" HEIGHT="28" WC="0.95" CONTENT="herrar"/><SP WIDTH="23" VPOS="1701" HPOS="761"/>
							<String ID="string_192" HPOS="784" VPOS="1700" WIDTH="182" HEIGHT="35" WC="0.96" CONTENT="Törnkvist,"/><SP WIDTH="24" VPOS="1700" HPOS="966"/>
							<String ID="string_193" HPOS="990" VPOS="1700" WIDTH="164" HEIGHT="36" WC="0.96" CONTENT="Skoglund"/><SP WIDTH="24" VPOS="1700" HPOS="1154"/>
							<String ID="string_194" HPOS="1178" VPOS="1700" WIDTH="10" HEIGHT="27" WC="0.93" CONTENT="i"/><SP WIDTH="24" VPOS="1700" HPOS="1188"/>
							<String ID="string_195" HPOS="1212" VPOS="1700" WIDTH="202" HEIGHT="36" WC="0.91" CONTENT="Doverstorp,"/><SP WIDTH="25" VPOS="1700" HPOS="1414"/>
							<String ID="string_196" HPOS="1439" VPOS="1700" WIDTH="154" HEIGHT="28" WC="0.96" CONTENT="Eriksson"/><SP WIDTH="22" VPOS="1700" HPOS="1593"/>
							<String ID="string_197" HPOS="1615" VPOS="1700" WIDTH="11" HEIGHT="27" WC="0.96" CONTENT="i"/>
						</TextLine>
					</TextBlock>
				</ComposedBlock>
				<ComposedBlock ID="cblock_7" HPOS="123" VPOS="1742" WIDTH="1502" HEIGHT="80">
					<TextBlock ID="block_10" HPOS="123" VPOS="1742" WIDTH="1502" HEIGHT="80">
						<TextLine ID="line_25" HPOS="125" VPOS="1742" WIDTH="1500" HEIGHT="37">
							<String ID="string_198" HPOS="125" VPOS="1744" WIDTH="191" HEIGHT="35" WC="0.96" CONTENT="Stockholm,"/><SP WIDTH="30" VPOS="1744" HPOS="316"/>
							<String ID="string_199" HPOS="346" VPOS="1744" WIDTH="161" HEIGHT="29" WC="0.96" CONTENT="Svensson"/><SP WIDTH="28" VPOS="1744" HPOS="507"/>
							<String ID="string_200" HPOS="535" VPOS="1744" WIDTH="11" HEIGHT="27" WC="0.92" CONTENT="i"/><SP WIDTH="28" VPOS="1744" HPOS="546"/>
							<String ID="string_201" HPOS="574" VPOS="1743" WIDTH="151" HEIGHT="34" WC="0.92" CONTENT="Grönvik,"/><SP WIDTH="31" VPOS="1743" HPOS="725"/>
							<String ID="string_202" HPOS="756" VPOS="1743" WIDTH="104" HEIGHT="34" WC="0.95" CONTENT="Ward,"/><SP WIDTH="29" VPOS="1743" HPOS="860"/>
							<String ID="string_203" HPOS="889" VPOS="1742" WIDTH="202" HEIGHT="35" WC="0.39" CONTENT="Danielsson,"/><SP WIDTH="29" VPOS="1742" HPOS="1091"/>
							<String ID="string_204" HPOS="1120" VPOS="1743" WIDTH="137" HEIGHT="27" WC="0.96" CONTENT="Persson"/><SP WIDTH="27" VPOS="1743" HPOS="1257"/>
							<String ID="string_205" HPOS="1284" VPOS="1743" WIDTH="11" HEIGHT="26" WC="0.93" CONTENT="i"/><SP WIDTH="28" VPOS="1743" HPOS="1295"/>
							<String ID="string_206" HPOS="1323" VPOS="1742" WIDTH="98" HEIGHT="34" WC="0.91" CONTENT="Falla,"/><SP WIDTH="29" VPOS="1742" HPOS="1421"/>
							<String ID="string_207" HPOS="1450" VPOS="1743" WIDTH="138" HEIGHT="28" WC="0.96" CONTENT="Persson"/><SP WIDTH="26" VPOS="1743" HPOS="1588"/>
							<String ID="string_208" HPOS="1614" VPOS="1743" WIDTH="11" HEIGHT="26" WC="0.96" CONTENT="i"/>
						</TextLine>
						<TextLine ID="line_26" HPOS="123" VPOS="1784" WIDTH="1266" HEIGHT="38">
							<String ID="string_209" HPOS="123" VPOS="1786" WIDTH="177" HEIGHT="36" WC="0.96" CONTENT="Tidaholm,"/><SP WIDTH="25" VPOS="1786" HPOS="300"/>
							<String ID="string_210" HPOS="325" VPOS="1787" WIDTH="186" HEIGHT="28" WC="0.96" CONTENT="Pettersson"/><SP WIDTH="23" VPOS="1787" HPOS="511"/>
							<String ID="string_211" HPOS="534" VPOS="1787" WIDTH="11" HEIGHT="27" WC="0.96" CONTENT="i"/><SP WIDTH="23" VPOS="1787" HPOS="545"/>
							<String ID="string_212" HPOS="568" VPOS="1786" WIDTH="92" HEIGHT="34" WC="0.96" CONTENT="Dahl,"/><SP WIDTH="26" VPOS="1786" HPOS="660"/>
							<String ID="string_213" HPOS="686" VPOS="1786" WIDTH="192" HEIGHT="35" WC="0.96" CONTENT="Bergström,"/><SP WIDTH="25" VPOS="1786" HPOS="878"/>
							<String ID="string_214" HPOS="903" VPOS="1785" WIDTH="203" HEIGHT="28" WC="0.96" CONTENT="Mårtensson"/><SP WIDTH="24" VPOS="1785" HPOS="1106"/>
							<String ID="string_215" HPOS="1130" VPOS="1784" WIDTH="58" HEIGHT="29" WC="0.96" CONTENT="och"/><SP WIDTH="24" VPOS="1784" HPOS="1188"/>
							<String ID="string_216" HPOS="1212" VPOS="1784" WIDTH="177" HEIGHT="29" WC="0.96" CONTENT="Lindholm."/>
						</TextLine>
					</TextBlock>
				</ComposedBlock>
				<GraphicalElement ID="cblock_8" HPOS="733" VPOS="1932" WIDTH="301" HEIGHT="12"></GraphicalElement >
			</PrintSpace>
		</Page>
	</Layout>
</alto>
