1892 2830
477 166 285 30 Statsutskottets
786 164 179 30 utlåtande
988 173 42 20 nr
1054 164 40 29 13
1117 164 39 29 år
1180 164 84 29 1969
1598 165 19 29 9

131 249 111 30 stödet
268 248 53 29 till
344 248 141 29 teknisk
511 247 184 38 forskning
722 246 65 29 och
812 245 214 30 industriellt
1053 244 346 39 utvecklingsarbete.
1429 244 185 39 Styrelsen,

131 311 73 21 som
230 311 101 20 anser
357 303 49 27 att
431 300 227 40 planeringen
684 299 112 30 måste
819 299 129 39 byggas
975 307 70 31 upp
1072 298 103 40 kring
1202 298 131 29 studier
1361 307 42 20 av
1428 298 186 30 teknikens

130 356 221 39 möjligheter
382 355 65 29 och
478 354 202 30 samhällets
712 354 64 29 och
807 353 244 39 näringslivets
1082 352 112 30 behov
1225 361 42 20 av
1298 352 133 33 teknik,
1463 352 64 29 har
1560 351 54 30 för

129 410 101 29 nästa
253 409 170 39 budgetår
446 409 120 39 begärt
590 408 111 29 ökade
726 408 112 29 medel
863 406 54 30 för
942 407 66 29 den
1034 406 210 39 långsiktiga
1269 406 237 39 planeringen.
1535 405 79 30 Som

130 465 47 28 ett
198 463 185 39 väsentligt
406 462 56 30 led
482 463 11 29 i
516 461 227 40 planeringen
765 461 65 29 har
853 460 169 40 styrelsen
1047 460 121 30 därvid
1193 461 66 28 sett
1283 469 42 20 en
1349 460 201 38 utveckling
1573 469 42 20 av

128 516 358 40 prognosunderlaget
511 518 90 27 samt
626 524 42 20 en
692 515 226 39 uppföljning
943 515 65 28 och
1032 514 226 39 utvärdering
1282 523 42 20 av
1350 514 188 39 styrelsens
1563 514 52 28 in-

130 573 119 27 satser.
270 571 13 28 I
301 569 456 40 statsverkspropositionen
778 569 63 29 har
862 568 236 30 kostnaderna
1119 567 54 30 för
1195 568 187 39 styrelsens
1404 567 211 40 långsiktiga

129 625 182 38 planering
337 624 189 29 beräknats
553 624 52 28 till
633 632 40 20 ca
702 623 49 33 1,2
780 622 88 39 milj.
897 623 51 27 kr.
977 621 204 39 budgetåret
1212 621 149 35 1969/70
1390 621 107 29 vilket
1525 621 90 39 jäm-

129 677 69 30 fört
216 677 80 30 med
313 676 246 30 motsvarande
575 676 222 30 verksamhet
816 675 111 30 under
945 675 237 30 innevarande
1200 674 38 30 år
1256 675 145 29 innebär
1422 684 42 20 en
1484 675 131 39 ökning

128 732 79 29 med
233 731 62 30 654
310 731 62 29 000
398 732 52 28 kr.
476 731 71 29 Mot
571 730 185 39 bakgrund
782 739 42 20 av
847 730 67 29 den
939 729 74 30 vikt
1039 729 57 29 det
1122 728 210 40 långsiktiga
1358 729 256 39 planeringsar-

127 786 92 29 betet
243 784 149 30 sålunda
414 784 146 29 tillmäts
584 793 101 20 anser
709 784 170 28 utskottet
903 783 57 30 det
984 783 204 29 motionsvis
1214 783 122 39 gjorda
1359 783 173 38 yrkandet
1557 791 57 20 om

129 839 153 29 särskild
298 839 188 38 utredning
502 838 73 29 inte
590 838 86 29 böra
692 837 181 30 föranleda
891 837 114 39 någon
1022 836 205 39 riksdagens
1245 837 201 39 ytterligare
1465 836 131 39 åtgärd.

177 892 12 28 I
211 892 155 29 nämnda
387 892 170 29 motioner
579 892 64 29 har
664 891 105 29 också
790 891 209 29 framställts
1019 890 157 40 yrkande
1198 900 56 20 om
1277 890 186 40 utredning
1486 900 41 20 av
1548 890 68 29 frå-

133 954 66 31 gan
228 955 57 20 om
315 946 66 29 den
411 946 154 29 centrala
595 945 488 40 forskningsorganisationen
1112 945 65 29 och
1206 954 57 20 om
1293 944 324 40 forskningsbered-

131 1000 146 39 ningens
293 999 167 30 framtida
476 1001 121 28 status.

172 1055 176 29 Utskottel
364 1054 64 29 har
445 1053 120 30 erfarit
582 1055 50 28 att
648 1053 95 29 inom
760 1052 440 40 forskningsberedningen
1217 1051 88 30 förts
1324 1061 42 20 en
1383 1052 96 39 livlig
1496 1051 116 30 debatt

130 1108 149 29 rörande
307 1107 254 39 beredningens
591 1106 258 30 arbetsformer.
879 1107 52 28 En
960 1106 69 29 viss
1059 1104 297 41 omorganisalion
1384 1106 64 29 har
1477 1105 139 40 nyligen

132 1162 179 29 beslutats.
341 1161 111 29 Innan
482 1160 236 30 erfarenheter
746 1161 143 29 vunnits
919 1169 41 20 av
988 1160 114 29 denna
1131 1169 100 20 anser
1261 1160 170 29 utskottet
1458 1160 74 29 inte
1560 1159 56 29 det

128 1225 83 19 vara
228 1215 139 39 befogat
386 1215 79 29 med
484 1214 116 39 någon
619 1215 150 29 särskild
790 1214 187 39 ulredning
997 1223 42 20 av
1057 1213 211 30 hithörande
1288 1213 127 39 frågor.
1437 1213 176 30 Utskottet

132 1269 205 29 förutsätter
355 1271 50 27 att
423 1268 440 39 forskningsberedningen
881 1269 86 28 även
984 1268 11 29 i
1012 1267 272 39 fortsättningen
1302 1268 106 38 ägnar
1427 1267 189 39 uppmärk-

133 1323 135 29 samhet
287 1322 34 30 åt
341 1322 117 40 frågor
479 1331 73 21 som
572 1323 57 29 rör
649 1321 66 30 den
734 1322 154 29 centrala
907 1321 488 40 forskningsorganisationen
1414 1321 65 29 och
1498 1321 118 29 bered-

132 1377 146 38 ningens
294 1376 258 30 arbetsformer.

174 1430 174 39 Styrelsen
375 1429 54 30 för
458 1430 138 29 teknisk
622 1430 199 38 utveckling
846 1430 64 28 har
937 1429 44 39 på
1008 1430 56 29 det
1091 1429 282 29 internationella
1400 1429 118 39 planet
1546 1428 66 30 fått

133 1484 129 39 viktiga
282 1485 65 28 och
367 1483 218 30 omfattande
604 1484 177 39 uppgifter
802 1492 74 21 som
897 1483 106 39 enligt
1024 1484 187 39 styrelsens
1231 1483 226 39 uppfattning
1478 1483 138 29 fordrar

132 1540 48 27 ett
203 1538 170 39 ingående
398 1537 155 30 studium
578 1547 41 20 av
643 1537 42 30 de
708 1537 93 30 olika
824 1537 403 29 kontaktfunktionerna
1252 1537 64 29 och
1341 1537 41 29 de
1406 1537 86 29 krav
1516 1537 100 29 dessa

134 1592 127 29 ställer.
285 1592 177 29 Utskottet
487 1601 101 20 anser
614 1591 50 39 sig
688 1592 122 29 kunna
833 1591 83 39 utgå
940 1591 80 30 från
1046 1593 49 27 att
1120 1591 169 39 styrelsen
1315 1591 85 29 även
1425 1592 10 28 i
1461 1591 155 29 fortsätt-

132 1646 128 39 ningen
281 1646 12 28 i
316 1646 75 29 sina
414 1645 130 40 förslag
565 1645 52 30 till
641 1645 321 39 anslagsäskanden
985 1645 54 30 för
1062 1645 91 29 fram
1176 1645 65 29 och
1262 1645 57 29 vid
1343 1645 52 29 sin
1419 1644 197 40 fördelning

132 1709 42 20 av
194 1700 216 39 tillgängliga
433 1700 112 29 medel
567 1700 144 29 beaktar
734 1699 145 30 behovet
902 1708 41 21 av
964 1708 157 21 resurser
1144 1699 54 29 för
1220 1699 260 29 internationell
1504 1699 112 29 forsk-

133 1754 323 39 ningssamverkan.
471 1754 177 29 Utskottet
664 1762 101 21 anser
781 1753 56 29 det
852 1753 119 29 därför
986 1754 71 28 inte
1072 1753 155 39 påkallat
1243 1755 49 27 att
1307 1753 187 39 riksdagen
1510 1753 107 38 enligt

131 1807 157 39 yrkande
307 1808 10 28 i
336 1807 219 29 motionerna
574 1807 28 29 1:
619 1806 63 31 486
702 1807 64 29 och
785 1807 45 29 II:
847 1807 62 30 556
929 1807 141 29 särskilt
1089 1807 104 39 begär
1213 1808 48 27 att
1281 1807 130 38 förslag
1430 1816 56 20 om
1506 1806 111 30 ökade

132 1861 122 39 bidrag
271 1861 54 29 för
343 1861 259 30 internationell
621 1861 414 39 forskningssamverkan
1054 1861 171 39 föreläggs
1245 1860 82 30 1970
1346 1860 56 30 års
1419 1860 152 40 riksdag.

175 1915 137 38 Frågan
340 1924 57 20 om
425 1916 47 28 ett
501 1915 190 30 fristående
719 1915 139 29 institut
887 1914 53 30 för
967 1914 416 39 beställningsforskning
1411 1914 65 29 och
1504 1914 113 29 forsk-

129 1968 316 39 ningsförmedling
466 1968 218 30 behandlade
707 1968 187 39 riksdagen
917 1969 11 28 i
952 1967 65 40 fjol
1040 1968 11 29 i
1076 1968 187 39 anledning
1287 1977 42 19 av
1352 1968 261 39 propositionen

131 2022 98 29 1968:
247 2021 39 30 68
305 2022 178 38 angående
499 2021 201 30 inrättande
717 2031 41 20 av
777 2022 168 39 styrelsen
965 2021 53 30 för
1040 2021 138 30 teknisk
1196 2021 199 39 utveckling
1414 2031 44 19 m.
1473 2031 45 19 m.
1544 2021 69 34 (SU

131 2075 94 33 131).

174 2129 176 29 Utskottet
378 2128 165 30 framhöll!
574 2131 49 28 att
654 2128 417 40 forskningsförmedling
1101 2138 60 19 var
1192 2130 50 28 att
1273 2129 159 29 betrakta
1466 2138 73 20 som
1573 2138 41 20 en

128 2182 244 39 inlegrerande
398 2182 53 29 del
477 2191 42 21 av
545 2182 188 40 styrelsens
759 2182 177 40 uppgifter
963 2182 64 30 och
1054 2182 108 39 ansåg
1188 2182 119 30 därför
1333 2183 72 29 inte
1433 2185 50 27 att
1510 2182 103 39 något

129 2235 192 30 fristående
345 2236 140 29 institut
510 2236 122 29 härför
657 2236 107 29 borde
789 2237 158 28 inrättas.
975 2236 199 39 Riksdagen
1202 2237 112 28 anslöt
1343 2236 50 39 sig
1421 2237 52 28 till
1500 2237 114 29 denna

130 2289 227 39 uppfattning
377 2290 127 29 liksom
525 2289 106 30 också
651 2289 53 30 till
726 2290 225 39 synpunkten
973 2292 50 27 att
1045 2290 382 39 ställningstagandena
1447 2290 52 29 till
1521 2290 93 29 vissa

130 2342 116 40 frågor
275 2343 179 39 angående
481 2343 416 40 beställningsforskning
924 2343 107 30 borde
1061 2343 100 30 anstå
1191 2344 52 29 till
1273 2344 78 29 dess
1381 2346 50 28 att
1462 2344 151 29 erfaren-

130 2397 96 29 heter
247 2397 145 29 vunnits
413 2406 42 20 av
478 2398 187 38 styrelsens
687 2397 233 29 verksamhet.

178 2450 13 29 I
219 2450 143 40 januari
391 2450 236 31 innevarande
656 2450 38 30 år
724 2450 211 30 tillkallades
966 2451 222 39 sakkunniga
1218 2460 74 21 som
1323 2451 66 30 fått
1419 2452 10 29 i
1460 2452 157 39 uppdrag

133 2506 49 27 att
218 2504 124 30 utreda
379 2504 270 40 samordningen
686 2514 42 20 av
762 2505 70 29 viss
870 2505 115 39 statlig
1022 2505 437 39 forskningsverksamhet.
1496 2506 122 29 Denna
