1874 2848
293 176 125 34 Andra
437 166 253 46 lagutskottets
710 167 184 34 utlåtande
915 167 51 31 Nr
987 166 51 34 50;
1060 162 147 37 bilagor.
1508 154 39 31 19

91 259 136 33 rantier
253 258 56 31 för
332 257 52 31 att
410 255 68 32 den
502 261 93 28 unge
619 250 190 32 arbetaren
831 246 90 32 efter
947 242 162 36 anförda,
1134 251 44 20 av
1205 236 252 34 erfarenheten
1482 234 107 30 fram-

91 311 186 30 sprungna
300 301 65 31 och
388 310 45 20 av
457 298 171 36 parterna
652 291 190 39 godkända
866 289 108 36 linjer
995 287 111 30 måtte
1131 285 38 30 få
1193 285 131 29 stanna
1346 280 64 31 och
1433 278 80 31 lära
1536 276 54 35 sig

91 347 114 38 yrket,
225 347 91 30 utan
335 353 43 21 en
398 342 56 32 del
474 341 99 31 sökte
592 338 129 32 liksom
740 335 155 35 tidigare
916 334 86 34 göra
1020 330 55 36 sig
1094 328 95 31 kvitt
1208 325 180 35 lärlingen
1408 322 92 31 efter
1520 320 71 31 viss

92 391 54 33 tid
170 390 65 31 och
261 387 148 33 därmed
431 386 133 30 beröva
587 383 129 30 honom
740 377 277 37 möjligheterna
1042 374 54 30 att
1120 372 37 30 få
1184 369 171 32 fortsätta
1380 366 57 32 sin
1462 363 129 32 utbild-

93 435 97 35 ning.
235 430 103 34 Även
363 439 57 22 om
443 426 276 36 arbetsgivarna
746 423 12 31 i
784 422 96 31 vissa
906 419 67 31 fall
996 420 66 28 när
1088 425 75 22 som
1188 414 93 31 helst
1308 409 201 34 avskedade
1536 407 56 32 till

94 478 139 32 hälften
253 474 185 33 utbildade
458 471 188 35 lärlingar,
667 467 219 32 förekommo
906 464 102 31 dessa
1028 457 276 37 entlediganden
1323 455 13 31 i
1355 454 97 36 regel
1472 453 12 30 i
1505 461 88 22 sam-

94 522 95 32 band
215 519 82 32 med
324 519 53 30 att
406 517 68 31 den
504 522 92 28 unge
626 512 191 31 arbetaren
847 505 197 38 fullgjorde
1072 503 56 32 sin
1156 499 265 37 militärtjänst.
1469 497 124 31 Denna

95 566 79 33 blev
197 563 137 33 således
359 561 55 31 för
438 560 135 35 många
594 567 43 21 en
661 554 106 33 orsak
789 553 58 31 till
870 552 55 31 att
949 550 41 32 de
1014 549 101 35 fingo
1140 545 156 36 avbryta
1319 543 57 31 sin
1399 539 194 39 påbörjade

92 608 212 40 yrkesbana.
349 602 271 37 Arbetsgivare-
644 600 65 31 och
733 591 503 39 arbetareorganisationerna
1258 588 94 30 hava
1377 584 218 38 gemensamt

97 654 116 31 ansett
238 651 59 32 det
324 658 88 22 vara
437 646 161 36 oriktigt,
624 644 54 32 att
703 643 69 31 den
794 650 74 21 som
892 637 154 33 sålunda
1069 634 120 37 tjänat
1214 633 65 31 sitt
1304 631 85 31 land
1413 638 76 22 som
1514 627 82 31 tack

97 696 124 32 härför
246 693 116 33 skulle
384 692 137 31 förlora
546 689 56 31 sin
624 684 222 36 anställning
872 682 64 31 och
962 680 124 32 därför
1110 679 82 29 enat
1219 676 55 36 sig
1297 685 56 21 om
1377 683 44 21 en
1446 672 149 31 bestäm-

96 741 116 35 melse,
232 740 54 29 att
305 736 191 32 arbetaren
513 733 92 31 efter
624 729 177 37 fullgjord
819 724 254 37 militärtjänst
1091 722 111 31 måtte
1221 718 137 33 erhålla
1376 717 56 31 sin
1451 714 145 33 anställ-

97 784 86 36 ning
206 783 87 31 åter.
337 778 143 33 Ävenså
503 777 95 31 hava
619 771 345 39 organisationerna,
988 768 12 30 i
1023 767 94 36 syfte
1137 766 55 30 att
1214 762 190 33 förhindra
1426 758 170 36 arbetsgi-

98 837 110 23 varen
229 826 55 31 att
307 832 126 28 genom
453 820 134 32 avsked
608 818 154 36 avbryta
783 814 198 36 lärlingens
1003 809 216 35 utbildning,
1242 808 13 30 i
1275 807 131 34 många
1427 803 67 32 fall
1516 804 81 29 enat

99 872 55 36 sig
178 880 57 22 om
259 878 45 22 en
325 864 257 35 bestämmelse,
607 871 74 22 som
706 862 104 34 säger
835 858 54 31 att
912 855 135 36 lärling
1070 853 32 37 ej
1129 853 57 31 får
1213 850 174 32 avskedas
1413 848 12 31 i
1451 847 66 32 och
1542 846 55 31 för

99 913 223 35 anställning
342 921 44 21 av
404 919 49 27 ny
470 907 144 36 lärling.

136 958 47 32 Vi
202 957 96 32 hava
317 953 98 32 velat
435 952 129 32 anföra
585 949 70 32 vad
675 957 75 22 som
771 955 91 22 ovan
883 946 98 34 sagts
1003 943 55 30 för
1080 942 52 31 att
1152 938 148 33 därmed
1321 937 132 36 belysa,
1475 935 53 32 att
1549 943 52 22 ar-

97 997 460 38 betareorganisationerna
579 993 76 32 dels
680 989 219 39 gemensamt
923 986 79 32 med
1026 983 275 37 arbetsgivarna
1325 981 63 31 och
1415 979 74 32 dels
1514 978 88 31 trots

97 1046 104 32 deras
212 1040 183 35 motstånd
411 1038 118 33 städse
543 1035 165 34 bemödat
721 1034 55 36 sig
792 1042 55 22 om
863 1033 52 30 att
930 1030 138 32 bevaka
1081 1029 45 31 de
1138 1035 98 28 unga
1254 1025 210 31 arbetarnas
1479 1022 124 31 intres-

98 1098 60 21 sen
182 1088 65 31 och
270 1083 188 36 samtidigt
481 1080 137 38 jämväl
641 1078 130 32 vårdat
796 1076 53 36 sig
874 1084 56 22 om
954 1074 56 31 att
1035 1081 125 29 genom
1183 1070 175 35 vidtagna
1383 1064 221 39 stadganden

100 1131 84 36 höja
200 1130 41 32 de
258 1127 199 33 anställdas
474 1121 334 41 yrkesskicklighet.

139 1174 288 32 Motionärernas
447 1166 203 40 påstående,
671 1167 55 30 att
748 1161 335 39 organisationerna
1104 1167 127 28 genom
1251 1154 216 33 omnämnda
1487 1154 118 35 åtgär-

101 1219 61 31 der
180 1217 115 37 syftat
316 1215 56 31 till
390 1215 53 30 att
461 1210 188 33 förhindra
666 1209 43 31 de
726 1216 96 27 unga
841 1207 52 31 att
911 1203 138 33 erhålla
1066 1201 232 35 anställning,
1317 1202 39 28 är
1374 1197 153 32 sålunda
1544 1195 61 32 fel-

102 1262 127 36 aktigt.
273 1259 82 32 Vad
379 1266 74 23 som
477 1254 154 37 åtgjorts
655 1256 40 28 är
719 1251 214 32 tillkommet
959 1248 54 31 för
1038 1247 53 31 att
1114 1244 138 38 skydda
1278 1244 43 31 de
1344 1250 97 28 unga
1466 1240 64 31 och
1553 1239 53 31 att

103 1303 199 36 förhindra,
322 1303 53 30 att
393 1301 42 31 de
454 1297 214 37 otillbörligt
686 1295 224 36 exploateras
930 1302 45 21 av
994 1289 236 37 hänsynslösa
1250 1285 255 37 arbetsgivare.
1540 1283 66 31 Det

103 1349 97 31 finns
221 1347 106 32 också
345 1344 113 31 andra
477 1342 154 34 avarter,
650 1349 75 22 som
744 1333 500 38 arbetareorganisationerna
1266 1338 124 28 genom
1409 1335 197 29 propagan-

102 1392 45 32 da
162 1391 78 32 sökt
254 1388 130 36 stävja,
400 1387 64 31 och
482 1385 59 32 det
555 1387 40 29 är
610 1384 58 31 det
683 1382 104 32 ocker
802 1382 73 29 mot
888 1380 43 31 de
947 1386 106 28 unga,
1068 1386 73 23 som
1158 1375 235 31 förekommer
1410 1372 11 31 i
1436 1369 172 34 samband

102 1434 79 32 med
201 1434 99 31 vissa
320 1431 144 37 privata
486 1426 226 39 yrkesskolor
734 1425 64 31 och
819 1423 136 37 jämväl
979 1432 46 21 av
1046 1430 43 22 en
1109 1419 57 32 del
1188 1418 144 37 privata
1354 1414 253 37 arbetsgivare.

104 1478 80 32 Vad
204 1477 59 31 det
283 1474 180 33 beträffar
484 1482 43 22 en
546 1472 58 31 del
624 1469 146 37 privata
790 1465 236 39 yrkesskolor,
1049 1465 45 35 gå
1114 1463 40 31 de
1175 1464 40 29 så
1236 1461 162 36 tillväga,
1419 1460 55 30 att
1492 1457 44 32 de
1556 1458 50 29 ut-

105 1519 112 32 sända
236 1517 171 39 prospekt
423 1513 254 33 innehållande
694 1510 187 38 uppgifter
900 1519 56 20 om
974 1509 54 30 att
1045 1507 42 30 de
1107 1507 55 30 för
1181 1515 42 20 en
1242 1503 201 35 ersättning
1464 1512 44 19 av
1526 1501 12 30 i
1557 1510 49 20 re-

106 1565 55 36 gel
182 1564 59 31 300
260 1563 133 30 kronor
414 1561 47 36 på
482 1559 19 31 4
520 1561 22 29 å
564 1558 17 31 6
603 1557 127 31 veckor
752 1554 99 32 skola
874 1552 140 32 utbilda
1035 1559 95 27 unga
1152 1549 165 31 arbetare
1338 1546 57 32 till
1418 1545 86 32 fullt
1523 1545 86 30 kun-

106 1608 85 35 niga
207 1605 217 33 konditorer.
455 1603 56 31 En
528 1601 58 32 del
603 1599 196 33 arbetslösa
815 1596 200 37 ungdomar
1033 1595 102 30 finna
1150 1592 100 32 detta
1269 1589 170 33 lockande
1456 1588 65 32 och
1536 1587 75 31 låta

107 1652 80 31 lura
206 1650 55 36 sig
281 1648 57 32 till
359 1648 52 31 att
431 1645 123 32 ikläda
574 1645 53 35 sig
646 1642 199 32 kostnaden
865 1640 55 31 för
941 1649 43 21 en
1003 1637 111 32 sådan
1132 1637 97 30 kurs.
1266 1634 58 32 Nu
1344 1636 37 28 är
1386 1627 71 37 att
1476 1630 135 35 märka,

106 1696 54 30 att
187 1692 167 37 Sveriges
379 1688 307 33 konditoriidkare
711 1695 85 22 anse
821 1694 43 21 en
889 1680 280 37 utbildningstid
1197 1690 45 20 av
1269 1678 81 36 fyra
1376 1677 40 31 år
1443 1685 88 22 vara
1557 1675 54 30 för

107 1738 80 31 kort
203 1737 66 31 och
288 1735 109 32 önska
416 1733 168 36 förlänga
600 1730 217 32 densamma.
851 1727 65 31 Att
935 1725 114 32 under
1067 1725 135 31 sådana
1221 1720 251 33 förhållanden
1490 1719 122 30 kunna

108 1783 64 34 tro,
194 1782 54 31 att
269 1788 85 22 man
375 1778 12 31 i
409 1775 161 37 antydda
591 1774 143 36 privata
757 1771 117 32 skolor
896 1769 92 32 skall
1008 1769 122 30 kunna
1153 1765 142 32 utbilda
1316 1774 43 21 en
1379 1762 167 32 konditor
1568 1761 44 36 på

109 1835 59 21 sex
192 1823 138 35 veckor,
356 1831 104 26 synes
484 1818 170 36 orimligt.
696 1816 53 31 De
772 1823 97 28 unga
890 1814 47 30 ha
960 1812 33 36 ej
1017 1811 110 31 heller
1150 1810 118 35 någon
1292 1808 104 35 nytta
1419 1817 45 20 av
1487 1805 125 31 under-

110 1867 200 36 visningen,
332 1867 39 34 ty
391 1874 43 21 en
456 1860 309 34 konditoriidkare
787 1857 171 32 anställer
979 1856 12 30 i
1013 1854 95 37 regel
1129 1853 77 31 icke
1227 1862 43 21 en
1292 1852 44 35 på
1358 1851 38 30 så
1417 1850 73 30 sätt
1510 1847 104 32 utbil-

109 1912 71 31 dad
198 1918 75 28 ung
294 1918 81 21 man
398 1907 85 31 eller
504 1905 146 31 kvinna.
689 1902 93 32 Hela
803 1900 187 32 resultatet
1011 1898 70 30 blir
1101 1895 152 33 sålunda
1274 1895 54 30 att
1349 1893 43 31 de
1413 1902 106 25 unga,
1541 1900 73 22 som

112 1953 173 37 genomgå
306 1951 135 31 sådana
461 1949 128 33 skolor,
607 1948 89 30 trots
717 1946 54 29 att
790 1945 41 30 de
852 1944 71 29 fått
942 1942 54 30 till
1018 1938 352 38 geschäftsmakaren
1393 1934 161 31 utbetala
1571 1943 41 20 en

111 2000 74 28 stor
209 2005 141 21 summa
372 2001 146 28 pengar,
541 1990 124 32 därtill
693 1988 157 31 minskat
875 1986 78 31 sina
977 1983 227 37 möjligheter
1230 1982 53 31 att
1310 1981 37 30 få
1370 1980 55 30 sin
1451 1978 166 31 utkomst.

112 2041 65 31 Om
198 2040 74 31 inte
296 2039 84 30 fullt
402 2036 74 31 helt
497 2036 39 30 så
569 2037 40 29 är
634 2030 243 33 förhållandet
899 2029 11 30 i
932 2029 74 30 viss
1028 2028 82 30 mån
1132 2025 170 31 liknande
1325 2024 61 30 hos
1408 2023 42 30 de
1473 2021 143 37 privata

112 2082 136 37 bageri-
265 2082 64 31 och
346 2078 317 34 konditoriidkare,
679 2086 72 21 som
770 2075 157 33 mottaga
947 2082 24 21 s.
988 2072 32 30 k.
1038 2068 186 33 betalande
1244 2068 125 30 elever.
1401 2063 101 33 Även
1518 2065 99 30 detta

115 2131 39 28 är
173 2125 164 38 geschäft
355 2124 62 31 och
437 2121 215 33 tillkommet
669 2120 11 30 i
699 2119 96 36 syfte
814 2118 54 30 att
885 2115 206 36 exploatera
1110 2113 43 31 de
1172 2120 107 28 unga.
1311 2111 111 30 Dessa
1441 2109 176 35 förespeg-

114 2172 53 30 las
185 2171 54 31 att
255 2170 73 29 mot
345 2177 43 21 en
404 2167 75 30 viss
498 2174 139 22 summa
654 2164 45 35 på
716 2163 40 30 så
772 2161 61 30 och
854 2161 38 30 så
908 2160 133 34 många
1058 2155 170 32 månader
1245 2155 78 30 lära
1339 2153 54 34 sig
1411 2152 114 36 yrket.
1556 2151 62 30 Ett

115 2213 120 31 flertal
261 2210 135 32 sådana
418 2209 118 30 elever
559 2207 151 34 intagas,
734 2214 80 21 men
837 2201 236 37 intagningen
1095 2200 80 30 sker
1198 2199 21 30 å
1243 2197 95 31 olika
1361 2196 103 34 tider,
1487 2194 131 31 ävenså

115 2254 276 36 entledigandet.
438 2249 283 35 Arbetsgivaren
745 2248 91 30 låter
859 2245 99 31 detta
982 2244 60 31 ske
1066 2241 193 32 metodiskt
1285 2240 54 30 för
1363 2240 54 30 att
1442 2237 105 32 alltid
1573 2237 45 30 ha

115 2300 114 34 någon
254 2297 76 31 elev
352 2305 75 20 som
447 2295 72 30 lärt
541 2293 53 35 sig
617 2293 37 30 så
676 2301 82 25 pass
780 2289 150 36 mycket,
952 2288 53 29 att
1026 2287 71 30 han
1117 2286 72 30 kan
1212 2284 122 31 utföra
1355 2283 118 33 någon
1496 2280 122 35 syssla,

116 2353 73 20 som
215 2342 130 30 kräver
372 2337 139 31 mindre
535 2334 306 32 kvalifikationer.
885 2331 76 31 När
985 2329 101 31 dessa
1110 2327 206 31 »betalande
1340 2325 134 31 elever»
1500 2323 118 31 slutat,

117 2386 53 29 stå
188 2386 44 31 de
252 2383 76 31 lika
349 2379 214 33 handfallna
583 2378 95 31 inför
700 2376 113 37 yrket,
836 2376 36 34 ty
893 2372 268 36 arbetsgivaren
1185 2371 66 30 har
1272 2368 75 31 icke
1368 2368 72 30 lärt
1461 2367 80 30 dem
1562 2365 57 30 nå-

119 2429 67 33 got,
207 2429 89 30 utan
315 2424 112 31 under
448 2422 213 31 »lärotiden»
683 2421 47 30 ha
750 2419 40 31 de
811 2418 70 31 fått
901 2416 118 31 betala
1040 2416 54 30 för
1113 2415 54 30 att
1186 2413 122 30 utföra
1330 2413 127 33 grövre
1479 2408 141 36 sysslor,

119 2481 70 19 som
216 2470 74 29 icke
312 2468 103 30 krävt
442 2465 139 36 speciell
608 2461 306 39 yrkeskunnighet
936 2469 77 20 men
1039 2457 133 32 ändock
1196 2456 64 30 hör
1284 2463 156 22 samman
1465 2452 76 30 med
1568 2461 39 26 yr

122 2514 55 30 ket
198 2513 8 30 i
228 2512 52 31 sin
306 2511 127 31 helhet.
