2272 2624
405 224 41 30 86
542 210 8 8 ”
919 226 252 30 Bankoutskottets
1195 226 149 30 memorial
1368 227 46 30 Nr
1440 228 51 30 86.

513 303 73 50 9:0)
615 304 139 50 Kungl.
798 306 107 48 Maj:t
946 305 92 37 skall
1065 306 133 36 insätta
1226 319 42 23 en
1298 307 81 36 med
1421 307 149 36 särskild
1603 308 221 37 instruktion
1861 309 144 36 försedd

403 357 157 37 ledamot
591 358 13 36 i
633 358 228 37 direktionen
903 359 56 36 för
987 360 96 47 varje
1109 360 294 49 järnvägsbolag,
1434 372 78 25 som
1539 362 151 36 innehar
1715 361 60 37 lån
1803 375 43 23 av
1875 364 128 44 staten,

403 410 67 38 och
509 414 78 34 utse
628 425 44 23 en
716 413 132 36 revisor
885 415 54 34 att
967 413 142 48 deltaga
1137 414 54 36 uti
1218 413 270 50 granskningen
1516 427 43 23 av
1587 415 164 49 bolagets
1779 416 226 48 förvaltning

403 464 68 37 och
510 466 247 48 räkenskaper.
804 465 146 38 Arvode
993 466 58 36 till
1090 467 149 37 sålunda
1282 467 129 37 utsedd
1453 468 155 37 direktör
1650 468 67 37 och
1755 469 131 36 revisor
1910 469 90 36 skall

402 518 166 37 bekostas
595 531 47 25 av
670 519 154 49 bolaget.

514 571 97 51 10:0)
640 573 227 49 Byggnaden
896 573 92 37 skall
1018 575 134 35 utföras
1180 574 115 37 under
1321 577 136 35 statens
1485 576 174 37 kontroll.

514 626 97 49 11:0)
640 627 112 47 Varje
791 627 289 50 järnvägsbolag,
1119 640 76 24 som
1237 629 142 36 erhållit
1421 630 158 45 statslån,
1609 630 91 36 skall
1728 642 84 25 vara
1840 630 163 50 skyldigt

402 680 214 36 underkasta
658 681 56 48 sig
755 681 97 36 såväl
884 681 42 37 de
959 681 266 37 bestämmelser
1252 682 11 35 i
1291 681 100 50 fråga
1420 696 58 23 om
1507 684 196 45 samtrafik,
1734 684 97 36 vilka
1859 685 141 49 Kungl.

401 732 106 49 Maj:t
534 733 71 36 kan
634 734 97 36 finna
757 736 82 47 gott
865 735 56 36 för
948 735 145 48 bolaget
1119 736 207 46 bestämma,
1348 749 78 24 som
1445 736 68 37 ock
1531 737 12 35 i
1562 738 118 48 övrigt
1698 737 69 37 alla
1800 738 42 36 de
1871 738 131 37 villkor

400 786 67 38 och
500 786 210 47 kontroller,
745 800 76 25 som
850 800 45 24 av
923 789 140 48 Kungl.
1098 790 106 47 Maj:t
1231 793 127 45 prövas
1386 790 174 49 lämpliga
1588 791 66 37 och
1683 791 140 48 nödiga.

400 1026 62 35 Av
496 1028 82 33 1916
608 1027 64 35 års
701 1008 163 63 riksdag
887 1029 232 34 meddelade
1143 1030 304 33 bestämmelser
1471 1029 203 43 angående
1699 1029 304 35 låneunderstöd

926 1082 90 34 från
1034 1082 440 44 järnvägslånefonden.

508 1164 72 35 Till
608 1165 267 36 låneunderstöd
893 1168 68 43 för
984 1166 157 36 enskilda
1162 1168 203 44 järnvägar
1393 1167 65 35 har
1491 1167 98 36 1916
1611 1169 56 34 års
1686 1167 144 47 riksdag
1852 1167 152 49 beviljat

402 1218 67 35 och
507 1218 99 36 ställt
646 1218 58 36 till
741 1218 140 48 Kungl.
917 1219 125 48 Maj:ts
1075 1220 213 47 förfogande
1323 1222 53 34 ett
1404 1221 124 47 anslag
1556 1233 44 23 av
1631 1220 208 46 7,500,000
1868 1221 135 36 kronor

402 1273 55 33 att
498 1273 88 46 utgå
619 1272 114 35 under
761 1272 72 36 fem
858 1274 39 34 år
925 1273 80 36 från
1035 1274 66 34 och
1129 1274 84 35 med
1241 1276 38 33 år
1312 1274 98 36 1917
1437 1273 82 36 med
1551 1274 207 44 1,500,000
1788 1274 134 36 kronor
1950 1277 51 33 år-

401 1325 110 48 ligen,
551 1325 92 36 dock
684 1327 39 34 så
751 1328 54 33 att
833 1326 143 48 belopp,
1008 1339 75 23 som
1113 1328 30 46 ej
1174 1327 107 36 blivit
1308 1327 57 35 till
1394 1327 180 48 utgående
1603 1328 116 35 under
1747 1329 52 34 ett
1827 1340 44 24 av
1901 1328 101 36 dessa

401 1380 39 33 år
481 1379 150 45 anvisat,
661 1381 60 34 må
749 1380 56 35 för
834 1381 53 34 ett
916 1381 251 47 efterföljande
1192 1383 39 33 år
1259 1394 43 22 av
1330 1394 135 22 samma
1494 1381 258 49 femårsperiod
1780 1382 218 47 disponeras,

401 1432 138 47 ägande
577 1432 139 48 Kungl.
752 1433 110 48 Maj:t
890 1435 54 34 att
972 1435 21 34 å
1020 1433 99 37 detta
1148 1434 123 48 anslag
1298 1435 57 35 till
1384 1435 306 47 understödjande
1719 1448 42 22 av
1789 1448 83 36 nya,
1903 1439 98 32 ännu

402 1486 30 47 ej
476 1485 194 49 påbörjade
708 1486 161 36 enskilda
900 1488 434 48 järnvägsanläggningar
1361 1489 125 34 anvisa
1514 1501 43 23 av
1587 1489 140 47 Kungl.
1759 1489 109 47 Maj:t
1891 1489 110 36 bevil-

398 1539 84 47 jade
510 1535 346 53 understödsbelopp
885 1542 55 33 att
968 1542 88 45 utgå
1082 1541 14 34 i
1124 1541 162 47 enlighet
1314 1542 83 35 med
1427 1542 158 47 följande
1610 1542 131 36 villkor
1760 1543 67 35 och
1848 1542 153 36 bestäm-

400 1593 142 36 melser:

511 1646 70 47 1:0)
624 1648 54 34 att
724 1647 306 48 kostnadsförslag
1067 1648 67 35 och
1180 1648 203 48 arbetsplan
1419 1649 192 36 fastställas
1639 1662 44 22 av
1707 1650 139 47 Kungl.
1878 1651 121 48 Maj:t,

400 1712 78 23 som
507 1700 65 35 ock
600 1703 163 33 närmare
791 1701 215 36 bestämmer
1034 1701 42 36 de
1105 1701 138 45 ställen,
1274 1702 97 35 vilka
1396 1703 152 47 järnväg
1571 1703 91 35 skall
1686 1703 137 46 beröra;
1845 1704 156 36 varande

401 1754 61 35 det
491 1754 155 35 sökande
675 1754 144 47 bolaget
847 1754 163 49 skyldigt
1037 1757 54 34 att
1118 1758 169 45 gottgöra
1315 1756 43 35 de
1382 1756 171 35 särskilda
1577 1756 240 36 kostnaderna
1837 1758 56 35 för
1912 1759 89 47 möj-

400 1807 99 48 ligen
538 1807 234 49 erforderliga
802 1808 481 49 kontrollundersökningar,
1315 1810 258 47 besiktningar,
1604 1812 99 34 extra
1732 1811 182 36 biträdens
1943 1824 59 23 an-

400 1860 188 36 vändande
630 1861 84 35 med
755 1874 96 23 mera
879 1862 130 49 dylikt,
1039 1863 98 35 vilka
1165 1863 123 35 kunna
1315 1876 44 22 av
1383 1863 362 48 kostnadsförslagets
1773 1865 67 35 och
1869 1866 132 35 arbets-

400 1915 150 48 planens
578 1915 225 48 granskning
831 1916 217 44 föranledas;

511 1969 71 46 2:0)
612 1970 55 34 att
694 1969 63 35 det
784 1969 240 36 lånesökande
1053 1970 154 47 bolaget,
1239 1970 55 36 för
1322 1972 55 34 att
1404 1970 124 36 kunna
1548 1971 135 36 erhålla
1699 1972 299 46 statsunderstöd,

401 2022 91 36 skall
529 2034 83 23 vara
654 2022 163 49 skyldigt
858 2023 66 35 hos
962 2023 139 48 Kungl.
1149 2023 110 49 Maj:t
1300 2024 133 48 styrka,
1470 2026 53 34 att
1556 2025 62 36 det
1645 2025 161 48 förfogar
1834 2030 86 32 över
1948 2029 53 34 ett

401 2075 147 49 kapital,
583 2088 76 23 som
686 2077 113 46 jämte
828 2077 187 36 statslånet
1043 2080 37 32 är
1108 2076 85 37 fullt
1220 2077 213 48 tillräckligt
1460 2079 57 34 till
1543 2079 457 48 järnvägsanläggningens

403 2129 189 36 utförande
620 2131 48 46 på
695 2131 72 34 sätt
794 2130 204 48 arbetsplan
1027 2131 67 35 och
1122 2131 307 48 kostnadsförslag
1457 2132 182 36 innehålla
1667 2134 68 34 och
1762 2146 107 23 varav
1888 2134 112 35 minst

400 2185 39 33 så
466 2184 74 34 stor
568 2182 68 46 del,
667 2195 77 24 som
773 2186 197 33 motsvarar
999 2185 140 35 hälften
1163 2197 44 23 av
1236 2185 68 35 den
1324 2185 202 36 beräknade
1545 2186 453 48 anläggningskostnaden,

401 2236 63 35 bör
493 2238 146 45 utgöras
668 2249 44 23 av
740 2237 153 36 inbetalt
922 2238 86 35 eller
1035 2238 147 36 tecknat
1211 2239 228 49 aktiebelopp
1469 2240 83 35 eller
1580 2240 103 48 eljest
1707 2242 87 34 utan
1814 2241 186 35 återbetal-

400 2289 320 51 ningsskyldighet
749 2290 137 38 lämnat
914 2292 157 38 tillskott
1098 2292 57 37 till
1181 2293 458 49 järnvägsanläggningens
1668 2294 205 46 utförande;
