<?xml version="1.0" encoding="UTF-8"?>
<alto xmlns="http://www.loc.gov/standards/alto/ns-v3#" xmlns:xlink="http://www.w3.org/1999/xlink" xmlns:xsi="http://www.w3.org/2001/XMLSchema-instance" xsi:schemaLocation="http://www.loc.gov/standards/alto/ns-v3# http://www.loc.gov/alto/v3/alto-3-0.xsd">
	<Description>
		<MeasurementUnit>pixel</MeasurementUnit>
		<sourceImageInformation>
			<fileName>/tmp/tess_j361u92v_input.PNG</fileName>
		</sourceImageInformation>
		<OCRProcessing ID="OCR_0">
			<ocrProcessingStep>
				<processingSoftware>
					<softwareName>tesseract 5.3.0</softwareName>
				</processingSoftware>
			</ocrProcessingStep>
		</OCRProcessing>
	</Description>
	<Layout>
		<Page WIDTH="1886" HEIGHT="2784" PHYSICAL_IMG_NR="0" ID="page_0">
			<PrintSpace HPOS="0" VPOS="0" WIDTH="1886" HEIGHT="2784">
				<ComposedBlock ID="cblock_0" HPOS="563" VPOS="168" WIDTH="1050" HEIGHT="35">
					<TextBlock ID="block_0" HPOS="563" VPOS="168" WIDTH="1050" HEIGHT="35">
						<TextLine ID="line_0" HPOS="563" VPOS="168" WIDTH="1050" HEIGHT="35">
							<String ID="string_0" HPOS="563" VPOS="168" WIDTH="279" HEIGHT="28" WC="0.92" CONTENT="Bankoutskottets"/><SP WIDTH="23" VPOS="168" HPOS="842"/>
							<String ID="string_1" HPOS="865" VPOS="169" WIDTH="159" HEIGHT="27" WC="0.96" CONTENT="utlåtande"/><SP WIDTH="24" VPOS="169" HPOS="1024"/>
							<String ID="string_2" HPOS="1048" VPOS="178" WIDTH="38" HEIGHT="18" WC="0.96" CONTENT="nr"/><SP WIDTH="23" VPOS="178" HPOS="1086"/>
							<String ID="string_3" HPOS="1109" VPOS="171" WIDTH="44" HEIGHT="26" WC="0.96" CONTENT="17."/><SP WIDTH="446" VPOS="171" HPOS="1153"/>
							<String ID="string_4" HPOS="1599" VPOS="172" WIDTH="14" HEIGHT="31" WC="0.96" CONTENT="1"/>
						</TextLine>
					</TextBlock>
				</ComposedBlock>
				<ComposedBlock ID="cblock_1" HPOS="780" VPOS="335" WIDTH="161" HEIGHT="41">
					<TextBlock ID="block_1" HPOS="780" VPOS="335" WIDTH="161" HEIGHT="41">
						<TextLine ID="line_1" HPOS="780" VPOS="335" WIDTH="161" HEIGHT="41">
							<String ID="string_5" HPOS="780" VPOS="335" WIDTH="67" HEIGHT="40" WC="0.96" CONTENT="Nr"/><SP WIDTH="30" VPOS="335" HPOS="847"/>
							<String ID="string_6" HPOS="877" VPOS="336" WIDTH="64" HEIGHT="40" WC="0.95" CONTENT="17."/>
						</TextLine>
					</TextBlock>
				</ComposedBlock>
				<ComposedBlock ID="cblock_2" HPOS="313" VPOS="446" WIDTH="1299" HEIGHT="148">
					<TextBlock ID="block_2" HPOS="313" VPOS="446" WIDTH="1299" HEIGHT="148">
						<TextLine ID="line_2" HPOS="313" VPOS="446" WIDTH="1299" HEIGHT="43">
							<String ID="string_7" HPOS="313" VPOS="446" WIDTH="182" HEIGHT="30" WC="0.93" CONTENT="Utlåtande"/><SP WIDTH="18" VPOS="446" HPOS="495"/>
							<String ID="string_8" HPOS="513" VPOS="447" WIDTH="10" HEIGHT="29" WC="0.96" CONTENT="i"/><SP WIDTH="17" VPOS="447" HPOS="523"/>
							<String ID="string_9" HPOS="540" VPOS="446" WIDTH="190" HEIGHT="40" WC="0.96" CONTENT="anledning"/><SP WIDTH="16" VPOS="446" HPOS="730"/>
							<String ID="string_10" HPOS="746" VPOS="457" WIDTH="42" HEIGHT="20" WC="0.95" CONTENT="av"/><SP WIDTH="19" VPOS="457" HPOS="788"/>
							<String ID="string_11" HPOS="807" VPOS="448" WIDTH="126" HEIGHT="30" WC="0.96" CONTENT="väckta"/><SP WIDTH="17" VPOS="448" HPOS="933"/>
							<String ID="string_12" HPOS="950" VPOS="449" WIDTH="171" HEIGHT="30" WC="0.96" CONTENT="motioner"/><SP WIDTH="19" VPOS="449" HPOS="1121"/>
							<String ID="string_13" HPOS="1140" VPOS="449" WIDTH="179" HEIGHT="39" WC="0.92" CONTENT="angående"/><SP WIDTH="18" VPOS="449" HPOS="1319"/>
							<String ID="string_14" HPOS="1337" VPOS="449" WIDTH="275" HEIGHT="40" WC="0.92" CONTENT="möjliggörande"/>
						</TextLine>
						<TextLine ID="line_3" HPOS="510" VPOS="500" WIDTH="1101" HEIGHT="43">
							<String ID="string_15" HPOS="510" VPOS="510" WIDTH="42" HEIGHT="19" WC="0.96" CONTENT="av"/><SP WIDTH="19" VPOS="510" HPOS="552"/>
							<String ID="string_16" HPOS="571" VPOS="500" WIDTH="47" HEIGHT="38" WC="0.93" CONTENT="fri"/><SP WIDTH="18" VPOS="500" HPOS="618"/>
							<String ID="string_17" HPOS="636" VPOS="500" WIDTH="221" HEIGHT="31" WC="0.95" CONTENT="konkurrens"/><SP WIDTH="21" VPOS="500" HPOS="857"/>
							<String ID="string_18" HPOS="878" VPOS="501" WIDTH="46" HEIGHT="39" WC="0.95" CONTENT="på"/><SP WIDTH="20" VPOS="501" HPOS="924"/>
							<String ID="string_19" HPOS="944" VPOS="502" WIDTH="72" HEIGHT="30" WC="0.96" CONTENT="lika"/><SP WIDTH="20" VPOS="502" HPOS="1016"/>
							<String ID="string_20" HPOS="1036" VPOS="502" WIDTH="125" HEIGHT="31" WC="0.96" CONTENT="villkor"/><SP WIDTH="21" VPOS="502" HPOS="1161"/>
							<String ID="string_21" HPOS="1182" VPOS="503" WIDTH="128" HEIGHT="30" WC="0.95" CONTENT="mellan"/><SP WIDTH="22" VPOS="503" HPOS="1310"/>
							<String ID="string_22" HPOS="1332" VPOS="503" WIDTH="94" HEIGHT="31" WC="0.93" CONTENT="olika"/><SP WIDTH="19" VPOS="503" HPOS="1426"/>
							<String ID="string_23" HPOS="1445" VPOS="504" WIDTH="166" HEIGHT="39" WC="0.92" CONTENT="företags-"/>
						</TextLine>
						<TextLine ID="line_4" HPOS="509" VPOS="553" WIDTH="565" HEIGHT="41">
							<String ID="string_24" HPOS="509" VPOS="553" WIDTH="133" HEIGHT="37" WC="0.96" CONTENT="former"/><SP WIDTH="19" VPOS="553" HPOS="642"/>
							<String ID="string_25" HPOS="661" VPOS="554" WIDTH="56" HEIGHT="37" WC="0.96" CONTENT="för"/><SP WIDTH="22" VPOS="554" HPOS="717"/>
							<String ID="string_26" HPOS="739" VPOS="554" WIDTH="335" HEIGHT="40" WC="0.96" CONTENT="bostadsbyggande."/>
						</TextLine>
					</TextBlock>
				</ComposedBlock>
				<ComposedBlock ID="cblock_3" HPOS="101" VPOS="659" WIDTH="1510" HEIGHT="1487">
					<TextBlock ID="block_3" HPOS="108" VPOS="659" WIDTH="1503" HEIGHT="257">
						<TextLine ID="line_5" HPOS="153" VPOS="659" WIDTH="1458" HEIGHT="45">
							<String ID="string_27" HPOS="153" VPOS="659" WIDTH="299" HEIGHT="31" WC="0.91" CONTENT="Bankoutskottet"/><SP WIDTH="18" VPOS="659" HPOS="452"/>
							<String ID="string_28" HPOS="470" VPOS="661" WIDTH="64" HEIGHT="29" WC="0.96" CONTENT="har"/><SP WIDTH="19" VPOS="661" HPOS="534"/>
							<String ID="string_29" HPOS="553" VPOS="661" WIDTH="52" HEIGHT="30" WC="0.96" CONTENT="till"/><SP WIDTH="19" VPOS="661" HPOS="605"/>
							<String ID="string_30" HPOS="624" VPOS="661" WIDTH="218" HEIGHT="41" WC="0.96" CONTENT="behandling"/><SP WIDTH="18" VPOS="661" HPOS="842"/>
							<String ID="string_31" HPOS="860" VPOS="662" WIDTH="10" HEIGHT="30" WC="0.96" CONTENT="i"/><SP WIDTH="19" VPOS="662" HPOS="870"/>
							<String ID="string_32" HPOS="889" VPOS="665" WIDTH="49" HEIGHT="28" WC="0.96" CONTENT="ett"/><SP WIDTH="20" VPOS="665" HPOS="938"/>
							<String ID="string_33" HPOS="958" VPOS="664" WIDTH="260" HEIGHT="39" WC="0.92" CONTENT="sammanhang"/><SP WIDTH="19" VPOS="664" HPOS="1218"/>
							<String ID="string_34" HPOS="1237" VPOS="664" WIDTH="158" HEIGHT="31" WC="0.92" CONTENT="förehaft"/><SP WIDTH="19" VPOS="664" HPOS="1395"/>
							<String ID="string_35" HPOS="1414" VPOS="665" WIDTH="79" HEIGHT="39" WC="0.96" CONTENT="fyra"/><SP WIDTH="20" VPOS="665" HPOS="1493"/>
							<String ID="string_36" HPOS="1513" VPOS="665" WIDTH="98" HEIGHT="30" WC="0.96" CONTENT="inom"/>
						</TextLine>
						<TextLine ID="line_6" HPOS="108" VPOS="712" WIDTH="1503" HEIGHT="41">
							<String ID="string_37" HPOS="108" VPOS="712" WIDTH="190" HEIGHT="40" WC="0.96" CONTENT="riksdagen"/><SP WIDTH="17" VPOS="712" HPOS="298"/>
							<String ID="string_38" HPOS="315" VPOS="714" WIDTH="137" HEIGHT="35" WC="0.96" CONTENT="väckta,"/><SP WIDTH="19" VPOS="714" HPOS="452"/>
							<String ID="string_39" HPOS="471" VPOS="714" WIDTH="53" HEIGHT="30" WC="0.95" CONTENT="till"/><SP WIDTH="17" VPOS="714" HPOS="524"/>
							<String ID="string_40" HPOS="541" VPOS="714" WIDTH="173" HEIGHT="31" WC="0.95" CONTENT="utskottet"/><SP WIDTH="19" VPOS="714" HPOS="714"/>
							<String ID="string_41" HPOS="733" VPOS="715" WIDTH="194" HEIGHT="31" WC="0.95" CONTENT="hänvisade"/><SP WIDTH="18" VPOS="715" HPOS="927"/>
							<String ID="string_42" HPOS="945" VPOS="716" WIDTH="186" HEIGHT="37" WC="0.96" CONTENT="motioner,"/><SP WIDTH="20" VPOS="716" HPOS="1131"/>
							<String ID="string_43" HPOS="1151" VPOS="727" WIDTH="42" HEIGHT="20" WC="0.96" CONTENT="nr"/><SP WIDTH="18" VPOS="727" HPOS="1193"/>
							<String ID="string_44" HPOS="1211" VPOS="718" WIDTH="63" HEIGHT="30" WC="0.96" CONTENT="299"/><SP WIDTH="18" VPOS="718" HPOS="1274"/>
							<String ID="string_45" HPOS="1292" VPOS="718" WIDTH="10" HEIGHT="29" WC="0.96" CONTENT="i"/><SP WIDTH="19" VPOS="718" HPOS="1302"/>
							<String ID="string_46" HPOS="1321" VPOS="718" WIDTH="113" HEIGHT="31" WC="0.93" CONTENT="första"/><SP WIDTH="17" VPOS="718" HPOS="1434"/>
							<String ID="string_47" HPOS="1451" VPOS="718" WIDTH="160" HEIGHT="30" WC="0.92" CONTENT="kamma-"/>
						</TextLine>
						<TextLine ID="line_7" HPOS="108" VPOS="767" WIDTH="1502" HEIGHT="44">
							<String ID="string_48" HPOS="108" VPOS="776" WIDTH="62" HEIGHT="20" WC="0.96" CONTENT="ren"/><SP WIDTH="21" VPOS="776" HPOS="170"/>
							<String ID="string_49" HPOS="191" VPOS="777" WIDTH="43" HEIGHT="20" WC="0.96" CONTENT="av"/><SP WIDTH="20" VPOS="777" HPOS="234"/>
							<String ID="string_50" HPOS="254" VPOS="767" WIDTH="82" HEIGHT="30" WC="0.93" CONTENT="herr"/><SP WIDTH="19" VPOS="767" HPOS="336"/>
							<String ID="string_51" HPOS="355" VPOS="768" WIDTH="207" HEIGHT="30" WC="0.90" CONTENT="Nordenson"/><SP WIDTH="19" VPOS="768" HPOS="562"/>
							<String ID="string_52" HPOS="581" VPOS="778" WIDTH="44" HEIGHT="20" WC="0.89" CONTENT="m."/><SP WIDTH="23" VPOS="778" HPOS="625"/>
							<String ID="string_53" HPOS="648" VPOS="768" WIDTH="36" HEIGHT="37" WC="0.95" CONTENT="fl."/><SP WIDTH="25" VPOS="768" HPOS="684"/>
							<String ID="string_54" HPOS="709" VPOS="769" WIDTH="66" HEIGHT="30" WC="0.95" CONTENT="och"/><SP WIDTH="21" VPOS="769" HPOS="775"/>
							<String ID="string_55" HPOS="796" VPOS="779" WIDTH="42" HEIGHT="20" WC="0.96" CONTENT="nr"/><SP WIDTH="21" VPOS="779" HPOS="838"/>
							<String ID="string_56" HPOS="859" VPOS="770" WIDTH="64" HEIGHT="29" WC="0.96" CONTENT="393"/><SP WIDTH="22" VPOS="770" HPOS="923"/>
							<String ID="string_57" HPOS="945" VPOS="769" WIDTH="10" HEIGHT="30" WC="0.96" CONTENT="i"/><SP WIDTH="22" VPOS="769" HPOS="955"/>
							<String ID="string_58" HPOS="977" VPOS="770" WIDTH="112" HEIGHT="31" WC="0.96" CONTENT="andra"/><SP WIDTH="22" VPOS="770" HPOS="1089"/>
							<String ID="string_59" HPOS="1111" VPOS="770" WIDTH="211" HEIGHT="31" WC="0.96" CONTENT="kammaren"/><SP WIDTH="22" VPOS="770" HPOS="1322"/>
							<String ID="string_60" HPOS="1344" VPOS="781" WIDTH="43" HEIGHT="20" WC="0.96" CONTENT="av"/><SP WIDTH="22" VPOS="781" HPOS="1387"/>
							<String ID="string_61" HPOS="1409" VPOS="772" WIDTH="82" HEIGHT="30" WC="0.92" CONTENT="herr"/><SP WIDTH="21" VPOS="772" HPOS="1491"/>
							<String ID="string_62" HPOS="1512" VPOS="772" WIDTH="98" HEIGHT="39" WC="0.90" CONTENT="Hjal-"/>
						</TextLine>
						<TextLine ID="line_8" HPOS="108" VPOS="821" WIDTH="1502" HEIGHT="37">
							<String ID="string_63" HPOS="108" VPOS="829" WIDTH="142" HEIGHT="21" WC="0.90" CONTENT="marson"/><SP WIDTH="26" VPOS="829" HPOS="250"/>
							<String ID="string_64" HPOS="276" VPOS="831" WIDTH="44" HEIGHT="20" WC="0.91" CONTENT="m."/><SP WIDTH="27" VPOS="831" HPOS="320"/>
							<String ID="string_65" HPOS="347" VPOS="821" WIDTH="37" HEIGHT="37" WC="0.94" CONTENT="fl."/><SP WIDTH="29" VPOS="821" HPOS="384"/>
							<String ID="string_66" HPOS="413" VPOS="824" WIDTH="90" HEIGHT="27" WC="0.96" CONTENT="samt"/><SP WIDTH="26" VPOS="824" HPOS="503"/>
							<String ID="string_67" HPOS="529" VPOS="831" WIDTH="43" HEIGHT="20" WC="0.96" CONTENT="nr"/><SP WIDTH="26" VPOS="831" HPOS="572"/>
							<String ID="string_68" HPOS="598" VPOS="822" WIDTH="61" HEIGHT="30" WC="0.96" CONTENT="351"/><SP WIDTH="32" VPOS="822" HPOS="659"/>
							<String ID="string_69" HPOS="691" VPOS="822" WIDTH="11" HEIGHT="30" WC="0.96" CONTENT="i"/><SP WIDTH="27" VPOS="822" HPOS="702"/>
							<String ID="string_70" HPOS="729" VPOS="822" WIDTH="110" HEIGHT="31" WC="0.96" CONTENT="första"/><SP WIDTH="27" VPOS="822" HPOS="839"/>
							<String ID="string_71" HPOS="866" VPOS="823" WIDTH="210" HEIGHT="31" WC="0.96" CONTENT="kammaren"/><SP WIDTH="28" VPOS="823" HPOS="1076"/>
							<String ID="string_72" HPOS="1104" VPOS="833" WIDTH="43" HEIGHT="21" WC="0.95" CONTENT="av"/><SP WIDTH="28" VPOS="833" HPOS="1147"/>
							<String ID="string_73" HPOS="1175" VPOS="824" WIDTH="125" HEIGHT="31" WC="0.95" CONTENT="herrar"/><SP WIDTH="29" VPOS="824" HPOS="1300"/>
							<String ID="string_74" HPOS="1329" VPOS="825" WIDTH="185" HEIGHT="30" WC="0.96" CONTENT="Lindblom"/><SP WIDTH="29" VPOS="825" HPOS="1514"/>
							<String ID="string_75" HPOS="1543" VPOS="826" WIDTH="67" HEIGHT="30" WC="0.96" CONTENT="och"/>
						</TextLine>
						<TextLine ID="line_9" HPOS="108" VPOS="873" WIDTH="1207" HEIGHT="43">
							<String ID="string_76" HPOS="108" VPOS="873" WIDTH="198" HEIGHT="31" WC="0.91" CONTENT="Holmbäck"/><SP WIDTH="17" VPOS="873" HPOS="306"/>
							<String ID="string_77" HPOS="323" VPOS="875" WIDTH="66" HEIGHT="30" WC="0.96" CONTENT="och"/><SP WIDTH="18" VPOS="875" HPOS="389"/>
							<String ID="string_78" HPOS="407" VPOS="885" WIDTH="41" HEIGHT="20" WC="0.96" CONTENT="nr"/><SP WIDTH="17" VPOS="885" HPOS="448"/>
							<String ID="string_79" HPOS="465" VPOS="876" WIDTH="63" HEIGHT="28" WC="0.96" CONTENT="474"/><SP WIDTH="20" VPOS="876" HPOS="528"/>
							<String ID="string_80" HPOS="548" VPOS="875" WIDTH="9" HEIGHT="29" WC="0.96" CONTENT="i"/><SP WIDTH="19" VPOS="875" HPOS="557"/>
							<String ID="string_81" HPOS="576" VPOS="876" WIDTH="111" HEIGHT="30" WC="0.96" CONTENT="andra"/><SP WIDTH="18" VPOS="876" HPOS="687"/>
							<String ID="string_82" HPOS="705" VPOS="877" WIDTH="208" HEIGHT="30" WC="0.96" CONTENT="kammaren"/><SP WIDTH="18" VPOS="877" HPOS="913"/>
							<String ID="string_83" HPOS="931" VPOS="887" WIDTH="44" HEIGHT="20" WC="0.96" CONTENT="av"/><SP WIDTH="16" VPOS="887" HPOS="975"/>
							<String ID="string_84" HPOS="991" VPOS="878" WIDTH="81" HEIGHT="29" WC="0.96" CONTENT="herr"/><SP WIDTH="20" VPOS="878" HPOS="1072"/>
							<String ID="string_85" HPOS="1092" VPOS="877" WIDTH="105" HEIGHT="31" WC="0.93" CONTENT="Ohlin"/><SP WIDTH="16" VPOS="877" HPOS="1197"/>
							<String ID="string_86" HPOS="1213" VPOS="888" WIDTH="44" HEIGHT="21" WC="0.91" CONTENT="m."/><SP WIDTH="21" VPOS="888" HPOS="1257"/>
							<String ID="string_87" HPOS="1278" VPOS="878" WIDTH="37" HEIGHT="38" WC="0.85" CONTENT="fl."/>
						</TextLine>
					</TextBlock>
					<TextBlock ID="block_4" HPOS="106" VPOS="927" WIDTH="1504" HEIGHT="201">
						<TextLine ID="line_10" HPOS="151" VPOS="927" WIDTH="1458" HEIGHT="43">
							<String ID="string_88" HPOS="151" VPOS="927" WIDTH="12" HEIGHT="29" WC="0.95" CONTENT="I"/><SP WIDTH="26" VPOS="927" HPOS="163"/>
							<String ID="string_89" HPOS="189" VPOS="927" WIDTH="225" HEIGHT="32" WC="0.95" CONTENT="motionerna"/><SP WIDTH="25" VPOS="927" HPOS="414"/>
							<String ID="string_90" HPOS="439" VPOS="928" WIDTH="27" HEIGHT="30" WC="0.32" CONTENT="I:"/><SP WIDTH="16" VPOS="928" HPOS="466"/>
							<String ID="string_91" HPOS="482" VPOS="929" WIDTH="63" HEIGHT="29" WC="0.32" CONTENT="299"/><SP WIDTH="26" VPOS="929" HPOS="545"/>
							<String ID="string_92" HPOS="571" VPOS="929" WIDTH="67" HEIGHT="29" WC="0.96" CONTENT="och"/><SP WIDTH="25" VPOS="929" HPOS="638"/>
							<String ID="string_93" HPOS="663" VPOS="929" WIDTH="45" HEIGHT="30" WC="0.81" CONTENT="II:"/><SP WIDTH="16" VPOS="929" HPOS="708"/>
							<String ID="string_94" HPOS="724" VPOS="930" WIDTH="74" HEIGHT="35" WC="0.81" CONTENT="393,"/><SP WIDTH="26" VPOS="930" HPOS="798"/>
							<String ID="string_95" HPOS="824" VPOS="930" WIDTH="95" HEIGHT="30" WC="0.96" CONTENT="vilka"/><SP WIDTH="26" VPOS="930" HPOS="919"/>
							<String ID="string_96" HPOS="945" VPOS="931" WIDTH="65" HEIGHT="29" WC="0.96" CONTENT="äro"/><SP WIDTH="23" VPOS="931" HPOS="1010"/>
							<String ID="string_97" HPOS="1033" VPOS="931" WIDTH="240" HEIGHT="39" WC="0.93" CONTENT="likalydande,"/><SP WIDTH="25" VPOS="931" HPOS="1273"/>
							<String ID="string_98" HPOS="1298" VPOS="932" WIDTH="213" HEIGHT="36" WC="0.90" CONTENT="hemställes,"/><SP WIDTH="29" VPOS="932" HPOS="1511"/>
							<String ID="string_99" HPOS="1540" VPOS="935" WIDTH="69" HEIGHT="28" WC="0.91" CONTENT="»att"/>
						</TextLine>
						<TextLine ID="line_11" HPOS="107" VPOS="980" WIDTH="1503" HEIGHT="46">
							<String ID="string_100" HPOS="107" VPOS="980" WIDTH="190" HEIGHT="40" WC="0.96" CONTENT="riksdagen"/><SP WIDTH="16" VPOS="980" HPOS="297"/>
							<String ID="string_101" HPOS="313" VPOS="980" WIDTH="109" HEIGHT="31" WC="0.95" CONTENT="måtte"/><SP WIDTH="16" VPOS="980" HPOS="422"/>
							<String ID="string_102" HPOS="438" VPOS="982" WIDTH="10" HEIGHT="29" WC="0.96" CONTENT="i"/><SP WIDTH="17" VPOS="982" HPOS="448"/>
							<String ID="string_103" HPOS="465" VPOS="981" WIDTH="170" HEIGHT="31" WC="0.96" CONTENT="skrivelse"/><SP WIDTH="18" VPOS="981" HPOS="635"/>
							<String ID="string_104" HPOS="653" VPOS="982" WIDTH="53" HEIGHT="30" WC="0.96" CONTENT="till"/><SP WIDTH="15" VPOS="982" HPOS="706"/>
							<String ID="string_105" HPOS="721" VPOS="983" WIDTH="125" HEIGHT="39" WC="0.96" CONTENT="Kungl."/><SP WIDTH="19" VPOS="983" HPOS="846"/>
							<String ID="string_106" HPOS="865" VPOS="983" WIDTH="102" HEIGHT="39" WC="0.96" CONTENT="Maj:t"/><SP WIDTH="16" VPOS="983" HPOS="967"/>
							<String ID="string_107" HPOS="983" VPOS="983" WIDTH="144" HEIGHT="32" WC="0.96" CONTENT="anhålla"/><SP WIDTH="18" VPOS="983" HPOS="1127"/>
							<String ID="string_108" HPOS="1145" VPOS="994" WIDTH="59" HEIGHT="21" WC="0.96" CONTENT="om"/><SP WIDTH="17" VPOS="994" HPOS="1204"/>
							<String ID="string_109" HPOS="1221" VPOS="985" WIDTH="209" HEIGHT="39" WC="0.95" CONTENT="skyndsamt"/><SP WIDTH="17" VPOS="985" HPOS="1430"/>
							<String ID="string_110" HPOS="1447" VPOS="986" WIDTH="134" HEIGHT="40" WC="0.95" CONTENT="förslag"/><SP WIDTH="18" VPOS="986" HPOS="1581"/>
							<String ID="string_111" HPOS="1599" VPOS="986" WIDTH="11" HEIGHT="31" WC="0.96" CONTENT="i"/>
						</TextLine>
						<TextLine ID="line_12" HPOS="106" VPOS="1034" WIDTH="1503" HEIGHT="46">
							<String ID="string_112" HPOS="106" VPOS="1034" WIDTH="93" HEIGHT="39" WC="0.96" CONTENT="syfte"/><SP WIDTH="22" VPOS="1034" HPOS="199"/>
							<String ID="string_113" HPOS="221" VPOS="1037" WIDTH="51" HEIGHT="28" WC="0.96" CONTENT="att"/><SP WIDTH="22" VPOS="1037" HPOS="272"/>
							<String ID="string_114" HPOS="294" VPOS="1035" WIDTH="210" HEIGHT="39" WC="0.95" CONTENT="möjliggöra"/><SP WIDTH="24" VPOS="1035" HPOS="504"/>
							<String ID="string_115" HPOS="528" VPOS="1035" WIDTH="45" HEIGHT="30" WC="0.95" CONTENT="fri"/><SP WIDTH="23" VPOS="1035" HPOS="573"/>
							<String ID="string_116" HPOS="596" VPOS="1036" WIDTH="227" HEIGHT="31" WC="0.96" CONTENT="konkurrens"/><SP WIDTH="23" VPOS="1036" HPOS="823"/>
							<String ID="string_117" HPOS="846" VPOS="1035" WIDTH="45" HEIGHT="41" WC="0.96" CONTENT="på"/><SP WIDTH="23" VPOS="1035" HPOS="891"/>
							<String ID="string_118" HPOS="914" VPOS="1036" WIDTH="73" HEIGHT="31" WC="0.96" CONTENT="lika"/><SP WIDTH="23" VPOS="1036" HPOS="987"/>
							<String ID="string_119" HPOS="1010" VPOS="1037" WIDTH="130" HEIGHT="31" WC="0.96" CONTENT="villkor"/><SP WIDTH="23" VPOS="1037" HPOS="1140"/>
							<String ID="string_120" HPOS="1163" VPOS="1039" WIDTH="131" HEIGHT="30" WC="0.96" CONTENT="mellan"/><SP WIDTH="25" VPOS="1039" HPOS="1294"/>
							<String ID="string_121" HPOS="1319" VPOS="1039" WIDTH="96" HEIGHT="31" WC="0.93" CONTENT="olika"/><SP WIDTH="24" VPOS="1039" HPOS="1415"/>
							<String ID="string_122" HPOS="1439" VPOS="1040" WIDTH="170" HEIGHT="40" WC="0.91" CONTENT="företags-"/>
						</TextLine>
						<TextLine ID="line_13" HPOS="107" VPOS="1088" WIDTH="595" HEIGHT="40">
							<String ID="string_123" HPOS="107" VPOS="1088" WIDTH="134" HEIGHT="30" WC="0.96" CONTENT="former"/><SP WIDTH="21" VPOS="1088" HPOS="241"/>
							<String ID="string_124" HPOS="262" VPOS="1088" WIDTH="56" HEIGHT="30" WC="0.96" CONTENT="för"/><SP WIDTH="20" VPOS="1088" HPOS="318"/>
							<String ID="string_125" HPOS="338" VPOS="1089" WIDTH="364" HEIGHT="39" WC="0.50" CONTENT="bostadsbyggande»."/>
						</TextLine>
					</TextBlock>
					<TextBlock ID="block_5" HPOS="103" VPOS="1141" WIDTH="1506" HEIGHT="313">
						<TextLine ID="line_14" HPOS="151" VPOS="1141" WIDTH="1458" HEIGHT="44">
							<String ID="string_126" HPOS="151" VPOS="1141" WIDTH="224" HEIGHT="31" WC="0.96" CONTENT="Motionerna"/><SP WIDTH="28" VPOS="1141" HPOS="375"/>
							<String ID="string_127" HPOS="403" VPOS="1142" WIDTH="27" HEIGHT="30" WC="0.0" CONTENT="I:"/><SP WIDTH="15" VPOS="1142" HPOS="430"/>
							<String ID="string_128" HPOS="445" VPOS="1142" WIDTH="61" HEIGHT="30" WC="0.0" CONTENT="351"/><SP WIDTH="31" VPOS="1142" HPOS="506"/>
							<String ID="string_129" HPOS="537" VPOS="1143" WIDTH="67" HEIGHT="29" WC="0.96" CONTENT="och"/><SP WIDTH="29" VPOS="1143" HPOS="604"/>
							<String ID="string_130" HPOS="633" VPOS="1143" WIDTH="45" HEIGHT="29" WC="0.0" CONTENT="II:"/><SP WIDTH="15" VPOS="1143" HPOS="678"/>
							<String ID="string_131" HPOS="693" VPOS="1143" WIDTH="75" HEIGHT="35" WC="0.0" CONTENT="474,"/><SP WIDTH="29" VPOS="1143" HPOS="768"/>
							<String ID="string_132" HPOS="797" VPOS="1143" WIDTH="95" HEIGHT="31" WC="0.96" CONTENT="vilka"/><SP WIDTH="28" VPOS="1143" HPOS="892"/>
							<String ID="string_133" HPOS="920" VPOS="1144" WIDTH="89" HEIGHT="30" WC="0.96" CONTENT="även"/><SP WIDTH="28" VPOS="1144" HPOS="1009"/>
							<String ID="string_134" HPOS="1037" VPOS="1145" WIDTH="63" HEIGHT="30" WC="0.96" CONTENT="äro"/><SP WIDTH="27" VPOS="1145" HPOS="1100"/>
							<String ID="string_135" HPOS="1127" VPOS="1145" WIDTH="238" HEIGHT="39" WC="0.93" CONTENT="likalydande,"/><SP WIDTH="30" VPOS="1145" HPOS="1365"/>
							<String ID="string_136" HPOS="1395" VPOS="1149" WIDTH="174" HEIGHT="36" WC="0.92" CONTENT="utmynna"/><SP WIDTH="29" VPOS="1149" HPOS="1569"/>
							<String ID="string_137" HPOS="1598" VPOS="1147" WIDTH="11" HEIGHT="30" WC="0.96" CONTENT="i"/>
						</TextLine>
						<TextLine ID="line_15" HPOS="105" VPOS="1195" WIDTH="1504" HEIGHT="45">
							<String ID="string_138" HPOS="105" VPOS="1195" WIDTH="210" HEIGHT="30" WC="0.93" CONTENT="hemställan"/><SP WIDTH="30" VPOS="1195" HPOS="315"/>
							<String ID="string_139" HPOS="345" VPOS="1199" WIDTH="69" HEIGHT="27" WC="0.92" CONTENT="»att"/><SP WIDTH="27" VPOS="1199" HPOS="414"/>
							<String ID="string_140" HPOS="441" VPOS="1195" WIDTH="190" HEIGHT="40" WC="0.96" CONTENT="riksdagen"/><SP WIDTH="26" VPOS="1195" HPOS="631"/>
							<String ID="string_141" HPOS="657" VPOS="1196" WIDTH="110" HEIGHT="31" WC="0.96" CONTENT="måtte"/><SP WIDTH="26" VPOS="1196" HPOS="767"/>
							<String ID="string_142" HPOS="793" VPOS="1197" WIDTH="138" HEIGHT="30" WC="0.95" CONTENT="besluta"/><SP WIDTH="28" VPOS="1197" HPOS="931"/>
							<String ID="string_143" HPOS="959" VPOS="1201" WIDTH="50" HEIGHT="27" WC="0.96" CONTENT="att"/><SP WIDTH="27" VPOS="1201" HPOS="1009"/>
							<String ID="string_144" HPOS="1036" VPOS="1198" WIDTH="10" HEIGHT="29" WC="0.96" CONTENT="i"/><SP WIDTH="29" VPOS="1198" HPOS="1046"/>
							<String ID="string_145" HPOS="1075" VPOS="1198" WIDTH="170" HEIGHT="31" WC="0.86" CONTENT="skrivelse"/><SP WIDTH="27" VPOS="1198" HPOS="1245"/>
							<String ID="string_146" HPOS="1272" VPOS="1199" WIDTH="53" HEIGHT="31" WC="0.95" CONTENT="till"/><SP WIDTH="28" VPOS="1199" HPOS="1325"/>
							<String ID="string_147" HPOS="1353" VPOS="1200" WIDTH="124" HEIGHT="39" WC="0.96" CONTENT="Kungl."/><SP WIDTH="30" VPOS="1200" HPOS="1477"/>
							<String ID="string_148" HPOS="1507" VPOS="1200" WIDTH="102" HEIGHT="40" WC="0.96" CONTENT="Maj:t"/>
						</TextLine>
						<TextLine ID="line_16" HPOS="104" VPOS="1248" WIDTH="1504" HEIGHT="42">
							<String ID="string_149" HPOS="104" VPOS="1248" WIDTH="189" HEIGHT="31" WC="0.91" CONTENT="hemställa"/><SP WIDTH="24" VPOS="1248" HPOS="293"/>
							<String ID="string_150" HPOS="317" VPOS="1259" WIDTH="59" HEIGHT="20" WC="0.96" CONTENT="om"/><SP WIDTH="25" VPOS="1259" HPOS="376"/>
							<String ID="string_151" HPOS="401" VPOS="1248" WIDTH="110" HEIGHT="31" WC="0.96" CONTENT="sådan"/><SP WIDTH="26" VPOS="1248" HPOS="511"/>
							<String ID="string_152" HPOS="537" VPOS="1250" WIDTH="277" HEIGHT="40" WC="0.96" CONTENT="komplettering"/><SP WIDTH="24" VPOS="1250" HPOS="814"/>
							<String ID="string_153" HPOS="838" VPOS="1261" WIDTH="43" HEIGHT="21" WC="0.96" CONTENT="av"/><SP WIDTH="25" VPOS="1261" HPOS="881"/>
							<String ID="string_154" HPOS="906" VPOS="1251" WIDTH="199" HEIGHT="32" WC="0.96" CONTENT="direktiven"/><SP WIDTH="25" VPOS="1251" HPOS="1105"/>
							<String ID="string_155" HPOS="1130" VPOS="1252" WIDTH="56" HEIGHT="31" WC="0.96" CONTENT="för"/><SP WIDTH="30" VPOS="1252" HPOS="1186"/>
							<String ID="string_156" HPOS="1216" VPOS="1254" WIDTH="80" HEIGHT="29" WC="0.96" CONTENT="1951"/><SP WIDTH="31" VPOS="1254" HPOS="1296"/>
							<String ID="string_157" HPOS="1327" VPOS="1252" WIDTH="56" HEIGHT="32" WC="0.93" CONTENT="års"/><SP WIDTH="25" VPOS="1252" HPOS="1383"/>
							<String ID="string_158" HPOS="1408" VPOS="1254" WIDTH="200" HEIGHT="30" WC="0.91" CONTENT="bostadsut-"/>
						</TextLine>
						<TextLine ID="line_17" HPOS="105" VPOS="1303" WIDTH="1503" HEIGHT="45">
							<String ID="string_159" HPOS="105" VPOS="1303" WIDTH="159" HEIGHT="39" WC="0.95" CONTENT="redning,"/><SP WIDTH="31" VPOS="1303" HPOS="264"/>
							<String ID="string_160" HPOS="295" VPOS="1307" WIDTH="50" HEIGHT="27" WC="0.96" CONTENT="att"/><SP WIDTH="31" VPOS="1307" HPOS="345"/>
							<String ID="string_161" HPOS="376" VPOS="1303" WIDTH="235" HEIGHT="40" WC="0.96" CONTENT="utredningen"/><SP WIDTH="31" VPOS="1303" HPOS="611"/>
							<String ID="string_162" HPOS="642" VPOS="1305" WIDTH="238" HEIGHT="40" WC="0.35" CONTENT="uttryckligen"/><SP WIDTH="31" VPOS="1305" HPOS="880"/>
							<String ID="string_163" HPOS="911" VPOS="1305" WIDTH="153" HEIGHT="31" WC="0.96" CONTENT="erhåller"/><SP WIDTH="30" VPOS="1305" HPOS="1064"/>
							<String ID="string_164" HPOS="1094" VPOS="1306" WIDTH="11" HEIGHT="30" WC="0.96" CONTENT="i"/><SP WIDTH="31" VPOS="1306" HPOS="1105"/>
							<String ID="string_165" HPOS="1136" VPOS="1307" WIDTH="163" HEIGHT="39" WC="0.95" CONTENT="uppdrag"/><SP WIDTH="30" VPOS="1307" HPOS="1299"/>
							<String ID="string_166" HPOS="1329" VPOS="1310" WIDTH="51" HEIGHT="28" WC="0.96" CONTENT="att"/><SP WIDTH="30" VPOS="1310" HPOS="1380"/>
							<String ID="string_167" HPOS="1410" VPOS="1308" WIDTH="198" HEIGHT="40" WC="0.96" CONTENT="framlägga"/>
						</TextLine>
						<TextLine ID="line_18" HPOS="105" VPOS="1356" WIDTH="1501" HEIGHT="45">
							<String ID="string_168" HPOS="105" VPOS="1356" WIDTH="134" HEIGHT="32" WC="0.96" CONTENT="sådana"/><SP WIDTH="24" VPOS="1356" HPOS="239"/>
							<String ID="string_169" HPOS="263" VPOS="1358" WIDTH="133" HEIGHT="39" WC="0.96" CONTENT="förslag"/><SP WIDTH="26" VPOS="1358" HPOS="396"/>
							<String ID="string_170" HPOS="422" VPOS="1358" WIDTH="227" HEIGHT="30" WC="0.96" CONTENT="beträffande"/><SP WIDTH="28" VPOS="1358" HPOS="649"/>
							<String ID="string_171" HPOS="677" VPOS="1360" WIDTH="57" HEIGHT="29" WC="0.96" CONTENT="det"/><SP WIDTH="26" VPOS="1360" HPOS="734"/>
							<String ID="string_172" HPOS="760" VPOS="1360" WIDTH="141" HEIGHT="39" WC="0.93" CONTENT="statliga"/><SP WIDTH="26" VPOS="1360" HPOS="901"/>
							<String ID="string_173" HPOS="927" VPOS="1360" WIDTH="235" HEIGHT="31" WC="0.91" CONTENT="kreditstödet"/><SP WIDTH="27" VPOS="1360" HPOS="1162"/>
							<String ID="string_174" HPOS="1189" VPOS="1360" WIDTH="35" HEIGHT="31" WC="0.96" CONTENT="åt"/><SP WIDTH="26" VPOS="1360" HPOS="1224"/>
							<String ID="string_175" HPOS="1250" VPOS="1362" WIDTH="356" HEIGHT="39" WC="0.96" CONTENT="bostadsbyggandet,"/>
						</TextLine>
						<TextLine ID="line_19" HPOS="103" VPOS="1411" WIDTH="1502" HEIGHT="43">
							<String ID="string_176" HPOS="103" VPOS="1414" WIDTH="49" HEIGHT="27" WC="0.85" CONTENT="att"/><SP WIDTH="21" VPOS="1414" HPOS="152"/>
							<String ID="string_177" HPOS="173" VPOS="1412" WIDTH="225" HEIGHT="31" WC="0.95" CONTENT="konkurrens"/><SP WIDTH="23" VPOS="1412" HPOS="398"/>
							<String ID="string_178" HPOS="421" VPOS="1412" WIDTH="45" HEIGHT="39" WC="0.96" CONTENT="på"/><SP WIDTH="22" VPOS="1412" HPOS="466"/>
							<String ID="string_179" HPOS="488" VPOS="1411" WIDTH="198" HEIGHT="40" WC="0.96" CONTENT="likvärdiga"/><SP WIDTH="24" VPOS="1411" HPOS="686"/>
							<String ID="string_180" HPOS="710" VPOS="1412" WIDTH="130" HEIGHT="31" WC="0.96" CONTENT="villkor"/><SP WIDTH="20" VPOS="1412" HPOS="840"/>
							<String ID="string_181" HPOS="860" VPOS="1414" WIDTH="132" HEIGHT="30" WC="0.95" CONTENT="mellan"/><SP WIDTH="21" VPOS="1414" HPOS="992"/>
							<String ID="string_182" HPOS="1013" VPOS="1414" WIDTH="96" HEIGHT="31" WC="0.93" CONTENT="olika"/><SP WIDTH="25" VPOS="1414" HPOS="1109"/>
							<String ID="string_183" HPOS="1134" VPOS="1414" WIDTH="292" HEIGHT="40" WC="0.91" CONTENT="företagsformer"/><SP WIDTH="23" VPOS="1414" HPOS="1426"/>
							<String ID="string_184" HPOS="1449" VPOS="1416" WIDTH="156" HEIGHT="30" WC="0.35" CONTENT="säkras»&gt;."/>
						</TextLine>
					</TextBlock>
					<TextBlock ID="block_6" HPOS="103" VPOS="1466" WIDTH="1504" HEIGHT="139">
						<TextLine ID="line_20" HPOS="149" VPOS="1466" WIDTH="1458" HEIGHT="42">
							<String ID="string_185" HPOS="149" VPOS="1466" WIDTH="233" HEIGHT="30" WC="0.96" CONTENT="Beträffande"/><SP WIDTH="19" VPOS="1466" HPOS="382"/>
							<String ID="string_186" HPOS="401" VPOS="1467" WIDTH="41" HEIGHT="29" WC="0.96" CONTENT="de"/><SP WIDTH="20" VPOS="1467" HPOS="442"/>
							<String ID="string_187" HPOS="462" VPOS="1466" WIDTH="77" HEIGHT="30" WC="0.96" CONTENT="skäl"/><SP WIDTH="19" VPOS="1466" HPOS="539"/>
							<String ID="string_188" HPOS="558" VPOS="1476" WIDTH="77" HEIGHT="20" WC="0.96" CONTENT="som"/><SP WIDTH="20" VPOS="1476" HPOS="635"/>
							<String ID="string_189" HPOS="655" VPOS="1466" WIDTH="266" HEIGHT="31" WC="0.96" CONTENT="motionärerna"/><SP WIDTH="20" VPOS="1466" HPOS="921"/>
							<String ID="string_190" HPOS="941" VPOS="1467" WIDTH="171" HEIGHT="40" WC="0.96" CONTENT="åberopat"/><SP WIDTH="20" VPOS="1467" HPOS="1112"/>
							<String ID="string_191" HPOS="1132" VPOS="1468" WIDTH="53" HEIGHT="30" WC="0.96" CONTENT="till"/><SP WIDTH="22" VPOS="1468" HPOS="1185"/>
							<String ID="string_192" HPOS="1207" VPOS="1469" WIDTH="78" HEIGHT="30" WC="0.95" CONTENT="stöd"/><SP WIDTH="20" VPOS="1469" HPOS="1285"/>
							<String ID="string_193" HPOS="1305" VPOS="1469" WIDTH="57" HEIGHT="30" WC="0.96" CONTENT="för"/><SP WIDTH="19" VPOS="1469" HPOS="1362"/>
							<String ID="string_194" HPOS="1381" VPOS="1469" WIDTH="77" HEIGHT="31" WC="0.93" CONTENT="sina"/><SP WIDTH="19" VPOS="1469" HPOS="1458"/>
							<String ID="string_195" HPOS="1477" VPOS="1470" WIDTH="130" HEIGHT="38" WC="0.92" CONTENT="yrkan-"/>
						</TextLine>
						<TextLine ID="line_21" HPOS="103" VPOS="1519" WIDTH="1502" HEIGHT="40">
							<String ID="string_196" HPOS="103" VPOS="1519" WIDTH="69" HEIGHT="30" WC="0.96" CONTENT="den"/><SP WIDTH="26" VPOS="1519" HPOS="172"/>
							<String ID="string_197" HPOS="198" VPOS="1519" WIDTH="56" HEIGHT="30" WC="0.96" CONTENT="får"/><SP WIDTH="24" VPOS="1519" HPOS="254"/>
							<String ID="string_198" HPOS="278" VPOS="1520" WIDTH="181" HEIGHT="34" WC="0.96" CONTENT="utskottet,"/><SP WIDTH="32" VPOS="1520" HPOS="459"/>
							<String ID="string_199" HPOS="491" VPOS="1519" WIDTH="4" HEIGHT="30" WC="0.95" CONTENT="i"/><SP WIDTH="26" VPOS="1519" HPOS="495"/>
							<String ID="string_200" HPOS="521" VPOS="1520" WIDTH="68" HEIGHT="29" WC="0.95" CONTENT="den"/><SP WIDTH="25" VPOS="1520" HPOS="589"/>
							<String ID="string_201" HPOS="614" VPOS="1519" WIDTH="84" HEIGHT="31" WC="0.96" CONTENT="mån"/><SP WIDTH="27" VPOS="1519" HPOS="698"/>
							<String ID="string_202" HPOS="725" VPOS="1521" WIDTH="222" HEIGHT="38" WC="0.96" CONTENT="redogörelse"/><SP WIDTH="26" VPOS="1521" HPOS="947"/>
							<String ID="string_203" HPOS="973" VPOS="1521" WIDTH="123" HEIGHT="30" WC="0.96" CONTENT="därför"/><SP WIDTH="25" VPOS="1521" HPOS="1096"/>
							<String ID="string_204" HPOS="1121" VPOS="1522" WIDTH="78" HEIGHT="30" WC="0.96" CONTENT="icke"/><SP WIDTH="26" VPOS="1522" HPOS="1199"/>
							<String ID="string_205" HPOS="1225" VPOS="1523" WIDTH="136" HEIGHT="30" WC="0.96" CONTENT="lämnas"/><SP WIDTH="27" VPOS="1523" HPOS="1361"/>
							<String ID="string_206" HPOS="1388" VPOS="1523" WIDTH="66" HEIGHT="30" WC="0.96" CONTENT="här"/><SP WIDTH="25" VPOS="1523" HPOS="1454"/>
							<String ID="string_207" HPOS="1479" VPOS="1524" WIDTH="126" HEIGHT="35" WC="0.96" CONTENT="nedan,"/>
						</TextLine>
						<TextLine ID="line_22" HPOS="104" VPOS="1573" WIDTH="805" HEIGHT="32">
							<String ID="string_208" HPOS="104" VPOS="1573" WIDTH="149" HEIGHT="30" WC="0.96" CONTENT="hänvisa"/><SP WIDTH="18" VPOS="1573" HPOS="253"/>
							<String ID="string_209" HPOS="271" VPOS="1573" WIDTH="51" HEIGHT="30" WC="0.94" CONTENT="till"/><SP WIDTH="18" VPOS="1573" HPOS="322"/>
							<String ID="string_210" HPOS="340" VPOS="1573" WIDTH="223" HEIGHT="30" WC="0.96" CONTENT="motionerna"/><SP WIDTH="20" VPOS="1573" HPOS="563"/>
							<String ID="string_211" HPOS="583" VPOS="1574" WIDTH="26" HEIGHT="29" WC="0.95" CONTENT="I:"/><SP WIDTH="17" VPOS="1574" HPOS="609"/>
							<String ID="string_212" HPOS="626" VPOS="1574" WIDTH="64" HEIGHT="29" WC="0.94" CONTENT="299"/><SP WIDTH="18" VPOS="1574" HPOS="690"/>
							<String ID="string_213" HPOS="708" VPOS="1574" WIDTH="67" HEIGHT="30" WC="0.96" CONTENT="och"/><SP WIDTH="17" VPOS="1574" HPOS="775"/>
							<String ID="string_214" HPOS="792" VPOS="1575" WIDTH="27" HEIGHT="29" WC="0.95" CONTENT="I:"/><SP WIDTH="16" VPOS="1575" HPOS="819"/>
							<String ID="string_215" HPOS="835" VPOS="1575" WIDTH="74" HEIGHT="30" WC="0.96" CONTENT="351."/>
						</TextLine>
					</TextBlock>
					<TextBlock ID="block_7" HPOS="101" VPOS="1621" WIDTH="1505" HEIGHT="356">
						<TextLine ID="line_23" HPOS="149" VPOS="1621" WIDTH="1457" HEIGHT="51">
							<String ID="string_216" HPOS="149" VPOS="1621" WIDTH="93" HEIGHT="36" WC="0.96" CONTENT="Över"/><SP WIDTH="20" VPOS="1621" HPOS="242"/>
							<String ID="string_217" HPOS="262" VPOS="1627" WIDTH="224" HEIGHT="30" WC="0.95" CONTENT="motionerna"/><SP WIDTH="23" VPOS="1627" HPOS="486"/>
							<String ID="string_218" HPOS="509" VPOS="1628" WIDTH="45" HEIGHT="30" WC="0.96" CONTENT="ha"/><SP WIDTH="24" VPOS="1628" HPOS="554"/>
							<String ID="string_219" HPOS="578" VPOS="1628" WIDTH="90" HEIGHT="30" WC="0.96" CONTENT="efter"/><SP WIDTH="23" VPOS="1628" HPOS="668"/>
							<String ID="string_220" HPOS="691" VPOS="1629" WIDTH="124" HEIGHT="29" WC="0.96" CONTENT="därom"/><SP WIDTH="23" VPOS="1629" HPOS="815"/>
							<String ID="string_221" HPOS="838" VPOS="1629" WIDTH="10" HEIGHT="30" WC="0.96" CONTENT="i"/><SP WIDTH="24" VPOS="1629" HPOS="848"/>
							<String ID="string_222" HPOS="872" VPOS="1630" WIDTH="222" HEIGHT="40" WC="0.96" CONTENT="vederbörlig"/><SP WIDTH="23" VPOS="1630" HPOS="1094"/>
							<String ID="string_223" HPOS="1117" VPOS="1632" WIDTH="151" HEIGHT="40" WC="0.96" CONTENT="ordning"/><SP WIDTH="22" VPOS="1632" HPOS="1268"/>
							<String ID="string_224" HPOS="1290" VPOS="1633" WIDTH="101" HEIGHT="39" WC="0.93" CONTENT="gjord"/><SP WIDTH="25" VPOS="1633" HPOS="1391"/>
							<String ID="string_225" HPOS="1416" VPOS="1635" WIDTH="190" HEIGHT="31" WC="0.91" CONTENT="framställ-"/>
						</TextLine>
						<TextLine ID="line_24" HPOS="101" VPOS="1679" WIDTH="1504" HEIGHT="45">
							<String ID="string_226" HPOS="101" VPOS="1679" WIDTH="86" HEIGHT="39" WC="0.96" CONTENT="ning"/><SP WIDTH="19" VPOS="1679" HPOS="187"/>
							<String ID="string_227" HPOS="206" VPOS="1681" WIDTH="164" HEIGHT="38" WC="0.92" CONTENT="yttrande"/><SP WIDTH="20" VPOS="1681" HPOS="370"/>
							<String ID="string_228" HPOS="390" VPOS="1680" WIDTH="147" HEIGHT="39" WC="0.91" CONTENT="avgivits"/><SP WIDTH="22" VPOS="1680" HPOS="537"/>
							<String ID="string_229" HPOS="559" VPOS="1690" WIDTH="43" HEIGHT="21" WC="0.92" CONTENT="av"/><SP WIDTH="21" VPOS="1690" HPOS="602"/>
							<String ID="string_230" HPOS="623" VPOS="1681" WIDTH="379" HEIGHT="40" WC="0.89" CONTENT="kommerskollegium,"/><SP WIDTH="24" VPOS="1681" HPOS="1002"/>
							<String ID="string_231" HPOS="1026" VPOS="1684" WIDTH="309" HEIGHT="40" WC="0.91" CONTENT="bostadsstyrelsen"/><SP WIDTH="21" VPOS="1684" HPOS="1335"/>
							<String ID="string_232" HPOS="1356" VPOS="1688" WIDTH="65" HEIGHT="30" WC="0.97" CONTENT="och"/><SP WIDTH="23" VPOS="1688" HPOS="1421"/>
							<String ID="string_233" HPOS="1444" VPOS="1689" WIDTH="82" HEIGHT="29" WC="0.95" CONTENT="1951"/><SP WIDTH="23" VPOS="1689" HPOS="1526"/>
							<String ID="string_234" HPOS="1549" VPOS="1689" WIDTH="56" HEIGHT="30" WC="0.95" CONTENT="års"/>
						</TextLine>
						<TextLine ID="line_25" HPOS="104" VPOS="1733" WIDTH="1501" HEIGHT="44">
							<String ID="string_235" HPOS="104" VPOS="1733" WIDTH="336" HEIGHT="40" WC="0.91" CONTENT="bostadsutredning."/><SP WIDTH="29" VPOS="1733" HPOS="440"/>
							<String ID="string_236" HPOS="469" VPOS="1735" WIDTH="179" HEIGHT="38" WC="0.95" CONTENT="Därjämte"/><SP WIDTH="25" VPOS="1735" HPOS="648"/>
							<String ID="string_237" HPOS="673" VPOS="1737" WIDTH="64" HEIGHT="29" WC="0.96" CONTENT="har"/><SP WIDTH="24" VPOS="1737" HPOS="737"/>
							<String ID="string_238" HPOS="761" VPOS="1736" WIDTH="156" HEIGHT="31" WC="0.96" CONTENT="Svenska"/><SP WIDTH="24" VPOS="1736" HPOS="917"/>
							<String ID="string_239" HPOS="941" VPOS="1738" WIDTH="296" HEIGHT="39" WC="0.92" CONTENT="stadsförbundet,"/><SP WIDTH="26" VPOS="1738" HPOS="1237"/>
							<String ID="string_240" HPOS="1263" VPOS="1741" WIDTH="342" HEIGHT="32" WC="0.90" CONTENT="Landskommuner-"/>
						</TextLine>
						<TextLine ID="line_26" HPOS="103" VPOS="1787" WIDTH="1502" HEIGHT="47">
							<String ID="string_241" HPOS="103" VPOS="1797" WIDTH="63" HEIGHT="20" WC="0.94" CONTENT="nas"/><SP WIDTH="19" VPOS="1797" HPOS="166"/>
							<String ID="string_242" HPOS="185" VPOS="1787" WIDTH="165" HEIGHT="38" WC="0.95" CONTENT="förbund,"/><SP WIDTH="22" VPOS="1787" HPOS="350"/>
							<String ID="string_243" HPOS="372" VPOS="1788" WIDTH="156" HEIGHT="30" WC="0.93" CONTENT="Svenska"/><SP WIDTH="17" VPOS="1788" HPOS="528"/>
							<String ID="string_244" HPOS="545" VPOS="1788" WIDTH="221" HEIGHT="39" WC="0.72" CONTENT="riksbyggen,"/><SP WIDTH="22" VPOS="1788" HPOS="766"/>
							<String ID="string_245" HPOS="788" VPOS="1791" WIDTH="292" HEIGHT="37" WC="0.93" CONTENT="Hyresgästernas"/><SP WIDTH="22" VPOS="1791" HPOS="1080"/>
							<String ID="string_246" HPOS="1102" VPOS="1793" WIDTH="199" HEIGHT="38" WC="0.91" CONTENT="sparkasse-"/><SP WIDTH="23" VPOS="1793" HPOS="1301"/>
							<String ID="string_247" HPOS="1324" VPOS="1795" WIDTH="65" HEIGHT="29" WC="0.93" CONTENT="och"/><SP WIDTH="23" VPOS="1795" HPOS="1389"/>
							<String ID="string_248" HPOS="1412" VPOS="1795" WIDTH="193" HEIGHT="39" WC="0.92" CONTENT="byggnads-"/>
						</TextLine>
						<TextLine ID="line_27" HPOS="103" VPOS="1841" WIDTH="1503" HEIGHT="43">
							<String ID="string_249" HPOS="103" VPOS="1841" WIDTH="219" HEIGHT="38" WC="0.95" CONTENT="föreningars"/><SP WIDTH="29" VPOS="1841" HPOS="322"/>
							<String ID="string_250" HPOS="351" VPOS="1841" WIDTH="228" HEIGHT="37" WC="0.93" CONTENT="riksförbund"/><SP WIDTH="30" VPOS="1841" HPOS="579"/>
							<String ID="string_251" HPOS="609" VPOS="1851" WIDTH="30" HEIGHT="20" WC="0.91" CONTENT="u."/><SP WIDTH="30" VPOS="1851" HPOS="639"/>
							<String ID="string_252" HPOS="669" VPOS="1852" WIDTH="32" HEIGHT="28" WC="0.90" CONTENT="p."/><SP WIDTH="31" VPOS="1852" HPOS="701"/>
							<String ID="string_253" HPOS="732" VPOS="1853" WIDTH="42" HEIGHT="26" WC="0.85" CONTENT="a.,"/><SP WIDTH="29" VPOS="1853" HPOS="774"/>
							<String ID="string_254" HPOS="803" VPOS="1843" WIDTH="155" HEIGHT="31" WC="0.93" CONTENT="Svenska"/><SP WIDTH="30" VPOS="1843" HPOS="958"/>
							<String ID="string_255" HPOS="988" VPOS="1844" WIDTH="522" HEIGHT="40" WC="0.92" CONTENT="byggnadsindustriförbundet"/><SP WIDTH="29" VPOS="1844" HPOS="1510"/>
							<String ID="string_256" HPOS="1539" VPOS="1851" WIDTH="67" HEIGHT="29" WC="0.96" CONTENT="och"/>
						</TextLine>
						<TextLine ID="line_28" HPOS="103" VPOS="1892" WIDTH="1502" HEIGHT="48">
							<String ID="string_257" HPOS="103" VPOS="1895" WIDTH="156" HEIGHT="37" WC="0.96" CONTENT="Sveriges"/><SP WIDTH="31" VPOS="1895" HPOS="259"/>
							<String ID="string_258" HPOS="290" VPOS="1894" WIDTH="266" HEIGHT="39" WC="0.96" CONTENT="allmännyttiga"/><SP WIDTH="32" VPOS="1894" HPOS="556"/>
							<String ID="string_259" HPOS="588" VPOS="1895" WIDTH="278" HEIGHT="40" WC="0.96" CONTENT="bostadsföretag"/><SP WIDTH="30" VPOS="1895" HPOS="866"/>
							<String ID="string_260" HPOS="896" VPOS="1898" WIDTH="127" HEIGHT="30" WC="0.96" CONTENT="beretts"/><SP WIDTH="32" VPOS="1898" HPOS="1023"/>
							<String ID="string_261" HPOS="1055" VPOS="1898" WIDTH="136" HEIGHT="31" WC="0.92" CONTENT="tillfälle"/><SP WIDTH="32" VPOS="1898" HPOS="1191"/>
							<String ID="string_262" HPOS="1223" VPOS="1900" WIDTH="123" HEIGHT="39" WC="0.92" CONTENT="avgiva"/><SP WIDTH="32" VPOS="1900" HPOS="1346"/>
							<String ID="string_263" HPOS="1378" VPOS="1892" WIDTH="185" HEIGHT="48" WC="0.95" CONTENT="yttranden"/><SP WIDTH="32" VPOS="1892" HPOS="1563"/>
							<String ID="string_264" HPOS="1595" VPOS="1903" WIDTH="10" HEIGHT="30" WC="0.96" CONTENT="i"/>
						</TextLine>
						<TextLine ID="line_29" HPOS="103" VPOS="1948" WIDTH="152" HEIGHT="29">
							<String ID="string_265" HPOS="103" VPOS="1948" WIDTH="152" HEIGHT="29" WC="0.96" CONTENT="ärendet."/>
						</TextLine>
					</TextBlock>
					<TextBlock ID="block_8" HPOS="101" VPOS="1999" WIDTH="1503" HEIGHT="147">
						<TextLine ID="line_30" HPOS="145" VPOS="1999" WIDTH="1459" HEIGHT="47">
							<String ID="string_266" HPOS="145" VPOS="1999" WIDTH="65" HEIGHT="31" WC="0.92" CONTENT="Vid"/><SP WIDTH="22" VPOS="1999" HPOS="210"/>
							<String ID="string_267" HPOS="232" VPOS="2000" WIDTH="316" HEIGHT="39" WC="0.92" CONTENT="kommerskollegii"/><SP WIDTH="23" VPOS="2000" HPOS="548"/>
							<String ID="string_268" HPOS="571" VPOS="2000" WIDTH="182" HEIGHT="32" WC="0.96" CONTENT="utlåtande"/><SP WIDTH="22" VPOS="2000" HPOS="753"/>
							<String ID="string_269" HPOS="775" VPOS="2003" WIDTH="62" HEIGHT="29" WC="0.96" CONTENT="äro"/><SP WIDTH="22" VPOS="2003" HPOS="837"/>
							<String ID="string_270" HPOS="859" VPOS="2002" WIDTH="130" HEIGHT="39" WC="0.96" CONTENT="fogade"/><SP WIDTH="19" VPOS="2002" HPOS="989"/>
							<String ID="string_271" HPOS="1008" VPOS="2005" WIDTH="191" HEIGHT="37" WC="0.95" CONTENT="yttranden"/><SP WIDTH="26" VPOS="2005" HPOS="1199"/>
							<String ID="string_272" HPOS="1225" VPOS="2006" WIDTH="80" HEIGHT="30" WC="0.96" CONTENT="från"/><SP WIDTH="23" VPOS="2006" HPOS="1305"/>
							<String ID="string_273" HPOS="1328" VPOS="2007" WIDTH="154" HEIGHT="39" WC="0.93" CONTENT="Sveriges"/><SP WIDTH="23" VPOS="2007" HPOS="1482"/>
							<String ID="string_274" HPOS="1505" VPOS="2009" WIDTH="99" HEIGHT="30" WC="0.92" CONTENT="indu-"/>
						</TextLine>
						<TextLine ID="line_31" HPOS="101" VPOS="2053" WIDTH="1503" HEIGHT="44">
							<String ID="string_275" HPOS="101" VPOS="2053" WIDTH="229" HEIGHT="38" WC="0.91" CONTENT="striförbund,"/><SP WIDTH="27" VPOS="2053" HPOS="330"/>
							<String ID="string_276" HPOS="357" VPOS="2054" WIDTH="156" HEIGHT="30" WC="0.93" CONTENT="Svenska"/><SP WIDTH="28" VPOS="2054" HPOS="513"/>
							<String ID="string_277" HPOS="541" VPOS="2054" WIDTH="614" HEIGHT="43" WC="0.90" CONTENT="byggnadsentreprenörföreningen"/><SP WIDTH="28" VPOS="2054" HPOS="1155"/>
							<String ID="string_278" HPOS="1183" VPOS="2065" WIDTH="89" HEIGHT="25" WC="0.93" CONTENT="samt"/><SP WIDTH="28" VPOS="2065" HPOS="1272"/>
							<String ID="string_279" HPOS="1300" VPOS="2061" WIDTH="304" HEIGHT="32" WC="0.91" CONTENT="handelskamrar-"/>
						</TextLine>
						<TextLine ID="line_32" HPOS="102" VPOS="2107" WIDTH="869" HEIGHT="39">
							<String ID="string_280" HPOS="102" VPOS="2116" WIDTH="46" HEIGHT="21" WC="0.74" CONTENT="na"/><SP WIDTH="17" VPOS="2116" HPOS="148"/>
							<String ID="string_281" HPOS="165" VPOS="2107" WIDTH="9" HEIGHT="30" WC="0.74" CONTENT="i"/><SP WIDTH="18" VPOS="2107" HPOS="174"/>
							<String ID="string_282" HPOS="192" VPOS="2107" WIDTH="214" HEIGHT="38" WC="0.96" CONTENT="Stockholm,"/><SP WIDTH="19" VPOS="2107" HPOS="406"/>
							<String ID="string_283" HPOS="425" VPOS="2108" WIDTH="179" HEIGHT="38" WC="0.96" CONTENT="Göteborg,"/><SP WIDTH="21" VPOS="2108" HPOS="604"/>
							<String ID="string_284" HPOS="625" VPOS="2109" WIDTH="130" HEIGHT="29" WC="0.95" CONTENT="Malmö"/><SP WIDTH="19" VPOS="2109" HPOS="755"/>
							<String ID="string_285" HPOS="774" VPOS="2111" WIDTH="65" HEIGHT="29" WC="0.96" CONTENT="och"/><SP WIDTH="20" VPOS="2111" HPOS="839"/>
							<String ID="string_286" HPOS="859" VPOS="2110" WIDTH="112" HEIGHT="31" WC="0.95" CONTENT="Gävle."/>
						</TextLine>
					</TextBlock>
				</ComposedBlock>
				<ComposedBlock ID="cblock_4" HPOS="102" VPOS="2187" WIDTH="1502" HEIGHT="308">
					<TextBlock ID="block_9" HPOS="102" VPOS="2187" WIDTH="1502" HEIGHT="308">
						<TextLine ID="line_33" HPOS="147" VPOS="2187" WIDTH="1457" HEIGHT="39">
							<String ID="string_287" HPOS="147" VPOS="2187" WIDTH="12" HEIGHT="29" WC="0.96" CONTENT="I"/><SP WIDTH="21" VPOS="2187" HPOS="159"/>
							<String ID="string_288" HPOS="180" VPOS="2187" WIDTH="42" HEIGHT="29" WC="0.96" CONTENT="de"/><SP WIDTH="19" VPOS="2187" HPOS="222"/>
							<String ID="string_289" HPOS="241" VPOS="2187" WIDTH="227" HEIGHT="38" WC="0.96" CONTENT="likalydande"/><SP WIDTH="21" VPOS="2187" HPOS="468"/>
							<String ID="string_290" HPOS="489" VPOS="2188" WIDTH="224" HEIGHT="31" WC="0.95" CONTENT="motionerna"/><SP WIDTH="22" VPOS="2188" HPOS="713"/>
							<String ID="string_291" HPOS="735" VPOS="2189" WIDTH="26" HEIGHT="29" WC="0.94" CONTENT="I:"/><SP WIDTH="16" VPOS="2189" HPOS="761"/>
							<String ID="string_292" HPOS="777" VPOS="2190" WIDTH="63" HEIGHT="28" WC="0.94" CONTENT="299"/><SP WIDTH="21" VPOS="2190" HPOS="840"/>
							<String ID="string_293" HPOS="861" VPOS="2190" WIDTH="66" HEIGHT="29" WC="0.95" CONTENT="och"/><SP WIDTH="22" VPOS="2190" HPOS="927"/>
							<String ID="string_294" HPOS="949" VPOS="2191" WIDTH="44" HEIGHT="29" WC="0.92" CONTENT="II:"/><SP WIDTH="15" VPOS="2191" HPOS="993"/>
							<String ID="string_295" HPOS="1008" VPOS="2191" WIDTH="64" HEIGHT="29" WC="0.95" CONTENT="393"/><SP WIDTH="23" VPOS="2191" HPOS="1072"/>
							<String ID="string_296" HPOS="1095" VPOS="2192" WIDTH="65" HEIGHT="30" WC="0.95" CONTENT="har"/><SP WIDTH="20" VPOS="2192" HPOS="1160"/>
							<String ID="string_297" HPOS="1180" VPOS="2193" WIDTH="214" HEIGHT="31" WC="0.96" CONTENT="framhållits"/><SP WIDTH="21" VPOS="2193" HPOS="1394"/>
							<String ID="string_298" HPOS="1415" VPOS="2195" WIDTH="108" HEIGHT="30" WC="0.93" CONTENT="bland"/><SP WIDTH="21" VPOS="2195" HPOS="1523"/>
							<String ID="string_299" HPOS="1544" VPOS="2206" WIDTH="60" HEIGHT="20" WC="0.92" CONTENT="an-"/>
						</TextLine>
						<TextLine ID="line_34" HPOS="102" VPOS="2240" WIDTH="1501" HEIGHT="45">
							<String ID="string_300" HPOS="102" VPOS="2242" WIDTH="59" HEIGHT="27" WC="0.95" CONTENT="nat"/><SP WIDTH="24" VPOS="2242" HPOS="161"/>
							<String ID="string_301" HPOS="185" VPOS="2240" WIDTH="168" HEIGHT="38" WC="0.96" CONTENT="följande."/><SP WIDTH="26" VPOS="2240" HPOS="353"/>
							<String ID="string_302" HPOS="379" VPOS="2241" WIDTH="64" HEIGHT="29" WC="0.96" CONTENT="Det"/><SP WIDTH="24" VPOS="2241" HPOS="443"/>
							<String ID="string_303" HPOS="467" VPOS="2251" WIDTH="82" HEIGHT="19" WC="0.96" CONTENT="vore"/><SP WIDTH="24" VPOS="2251" HPOS="549"/>
							<String ID="string_304" HPOS="573" VPOS="2244" WIDTH="47" HEIGHT="26" WC="0.96" CONTENT="ett"/><SP WIDTH="24" VPOS="2244" HPOS="620"/>
							<String ID="string_305" HPOS="644" VPOS="2242" WIDTH="146" HEIGHT="29" WC="0.95" CONTENT="allmänt"/><SP WIDTH="27" VPOS="2242" HPOS="790"/>
							<String ID="string_306" HPOS="817" VPOS="2242" WIDTH="148" HEIGHT="30" WC="0.96" CONTENT="intresse"/><SP WIDTH="22" VPOS="2242" HPOS="965"/>
							<String ID="string_307" HPOS="987" VPOS="2247" WIDTH="49" HEIGHT="26" WC="0.96" CONTENT="att"/><SP WIDTH="25" VPOS="2247" HPOS="1036"/>
							<String ID="string_308" HPOS="1061" VPOS="2245" WIDTH="67" HEIGHT="29" WC="0.96" CONTENT="den"/><SP WIDTH="26" VPOS="2245" HPOS="1128"/>
							<String ID="string_309" HPOS="1154" VPOS="2246" WIDTH="161" HEIGHT="30" WC="0.96" CONTENT="enskilda"/><SP WIDTH="25" VPOS="2246" HPOS="1315"/>
							<String ID="string_310" HPOS="1340" VPOS="2248" WIDTH="263" HEIGHT="37" WC="0.96" CONTENT="produktionen"/>
						</TextLine>
						<TextLine ID="line_35" HPOS="102" VPOS="2292" WIDTH="1501" HEIGHT="52">
							<String ID="string_311" HPOS="102" VPOS="2292" WIDTH="77" HEIGHT="30" WC="0.96" CONTENT="icke"/><SP WIDTH="20" VPOS="2292" HPOS="179"/>
							<String ID="string_312" HPOS="199" VPOS="2293" WIDTH="166" HEIGHT="29" WC="0.96" CONTENT="försattes"/><SP WIDTH="21" VPOS="2293" HPOS="365"/>
							<String ID="string_313" HPOS="386" VPOS="2293" WIDTH="9" HEIGHT="29" WC="0.96" CONTENT="i"/><SP WIDTH="20" VPOS="2293" HPOS="395"/>
							<String ID="string_314" HPOS="415" VPOS="2296" WIDTH="47" HEIGHT="27" WC="0.95" CONTENT="ett"/><SP WIDTH="20" VPOS="2296" HPOS="462"/>
							<String ID="string_315" HPOS="482" VPOS="2294" WIDTH="116" HEIGHT="29" WC="0.96" CONTENT="sämre"/><SP WIDTH="20" VPOS="2294" HPOS="598"/>
							<String ID="string_316" HPOS="618" VPOS="2294" WIDTH="228" HEIGHT="38" WC="0.96" CONTENT="utgångsläge"/><SP WIDTH="21" VPOS="2294" HPOS="846"/>
							<String ID="string_317" HPOS="867" VPOS="2296" WIDTH="65" HEIGHT="29" WC="0.96" CONTENT="när"/><SP WIDTH="21" VPOS="2296" HPOS="932"/>
							<String ID="string_318" HPOS="953" VPOS="2297" WIDTH="57" HEIGHT="29" WC="0.96" CONTENT="det"/><SP WIDTH="21" VPOS="2297" HPOS="1010"/>
							<String ID="string_319" HPOS="1031" VPOS="2298" WIDTH="113" HEIGHT="36" WC="0.96" CONTENT="gällde"/><SP WIDTH="21" VPOS="2298" HPOS="1144"/>
							<String ID="string_320" HPOS="1165" VPOS="2299" WIDTH="67" HEIGHT="29" WC="0.96" CONTENT="den"/><SP WIDTH="24" VPOS="2299" HPOS="1232"/>
							<String ID="string_321" HPOS="1256" VPOS="2299" WIDTH="140" HEIGHT="38" WC="0.95" CONTENT="statliga"/><SP WIDTH="19" VPOS="2299" HPOS="1396"/>
							<String ID="string_322" HPOS="1415" VPOS="2296" WIDTH="188" HEIGHT="48" WC="0.91" CONTENT="kreditgiv-"/>
						</TextLine>
						<TextLine ID="line_36" HPOS="102" VPOS="2346" WIDTH="1502" HEIGHT="46">
							<String ID="string_323" HPOS="102" VPOS="2346" WIDTH="130" HEIGHT="37" WC="0.95" CONTENT="ningen"/><SP WIDTH="24" VPOS="2346" HPOS="232"/>
							<String ID="string_324" HPOS="256" VPOS="2347" WIDTH="44" HEIGHT="28" WC="0.95" CONTENT="än"/><SP WIDTH="25" VPOS="2347" HPOS="300"/>
							<String ID="string_325" HPOS="325" VPOS="2347" WIDTH="67" HEIGHT="28" WC="0.92" CONTENT="den"/><SP WIDTH="24" VPOS="2347" HPOS="392"/>
							<String ID="string_326" HPOS="416" VPOS="2347" WIDTH="365" HEIGHT="38" WC="0.91" CONTENT="bostadsproduktion"/><SP WIDTH="26" VPOS="2347" HPOS="781"/>
							<String ID="string_327" HPOS="807" VPOS="2358" WIDTH="76" HEIGHT="19" WC="0.93" CONTENT="som"/><SP WIDTH="26" VPOS="2358" HPOS="883"/>
							<String ID="string_328" HPOS="909" VPOS="2349" WIDTH="166" HEIGHT="30" WC="0.88" CONTENT="bedreves"/><SP WIDTH="27" VPOS="2349" HPOS="1075"/>
							<String ID="string_329" HPOS="1102" VPOS="2351" WIDTH="112" HEIGHT="29" WC="0.96" CONTENT="under"/><SP WIDTH="23" VPOS="2351" HPOS="1214"/>
							<String ID="string_330" HPOS="1237" VPOS="2352" WIDTH="110" HEIGHT="30" WC="0.92" CONTENT="andra"/><SP WIDTH="29" VPOS="2352" HPOS="1347"/>
							<String ID="string_331" HPOS="1376" VPOS="2353" WIDTH="228" HEIGHT="39" WC="0.92" CONTENT="företagsfor-"/>
						</TextLine>
						<TextLine ID="line_37" HPOS="102" VPOS="2399" WIDTH="1501" HEIGHT="46">
							<String ID="string_332" HPOS="102" VPOS="2409" WIDTH="84" HEIGHT="20" WC="0.95" CONTENT="mer."/><SP WIDTH="35" VPOS="2409" HPOS="186"/>
							<String ID="string_333" HPOS="221" VPOS="2400" WIDTH="48" HEIGHT="28" WC="0.91" CONTENT="De"/><SP WIDTH="34" VPOS="2400" HPOS="269"/>
							<String ID="string_334" HPOS="303" VPOS="2399" WIDTH="161" HEIGHT="30" WC="0.91" CONTENT="enskilda"/><SP WIDTH="33" VPOS="2399" HPOS="464"/>
							<String ID="string_335" HPOS="497" VPOS="2400" WIDTH="412" HEIGHT="39" WC="0.90" CONTENT="byggnadsföretagarna"/><SP WIDTH="35" VPOS="2400" HPOS="909"/>
							<String ID="string_336" HPOS="944" VPOS="2403" WIDTH="90" HEIGHT="29" WC="0.96" CONTENT="hade"/><SP WIDTH="34" VPOS="2403" HPOS="1034"/>
							<String ID="string_337" HPOS="1068" VPOS="2406" WIDTH="87" HEIGHT="27" WC="0.95" CONTENT="satts"/><SP WIDTH="35" VPOS="2406" HPOS="1155"/>
							<String ID="string_338" HPOS="1190" VPOS="2404" WIDTH="8" HEIGHT="29" WC="0.93" CONTENT="i"/><SP WIDTH="36" VPOS="2404" HPOS="1198"/>
							<String ID="string_339" HPOS="1234" VPOS="2405" WIDTH="369" HEIGHT="40" WC="0.91" CONTENT="undantagsställning"/>
						</TextLine>
						<TextLine ID="line_38" HPOS="102" VPOS="2452" WIDTH="1501" HEIGHT="43">
							<String ID="string_340" HPOS="102" VPOS="2461" WIDTH="125" HEIGHT="30" WC="0.95" CONTENT="genom"/><SP WIDTH="20" VPOS="2461" HPOS="227"/>
							<String ID="string_341" HPOS="247" VPOS="2455" WIDTH="49" HEIGHT="27" WC="0.91" CONTENT="att"/><SP WIDTH="20" VPOS="2455" HPOS="296"/>
							<String ID="string_342" HPOS="316" VPOS="2452" WIDTH="337" HEIGHT="39" WC="0.90" CONTENT="belåningsgränsen"/><SP WIDTH="20" VPOS="2452" HPOS="653"/>
							<String ID="string_343" HPOS="673" VPOS="2455" WIDTH="225" HEIGHT="30" WC="0.96" CONTENT="beträffande"/><SP WIDTH="20" VPOS="2455" HPOS="898"/>
							<String ID="string_344" HPOS="918" VPOS="2456" WIDTH="139" HEIGHT="39" WC="0.93" CONTENT="statliga"/><SP WIDTH="19" VPOS="2456" HPOS="1057"/>
							<String ID="string_345" HPOS="1076" VPOS="2456" WIDTH="184" HEIGHT="31" WC="0.92" CONTENT="tertiärlån"/><SP WIDTH="21" VPOS="2456" HPOS="1260"/>
							<String ID="string_346" HPOS="1281" VPOS="2459" WIDTH="55" HEIGHT="29" WC="0.96" CONTENT="för"/><SP WIDTH="20" VPOS="2459" HPOS="1336"/>
							<String ID="string_347" HPOS="1356" VPOS="2459" WIDTH="79" HEIGHT="30" WC="0.93" CONTENT="dem"/><SP WIDTH="21" VPOS="2459" HPOS="1435"/>
							<String ID="string_348" HPOS="1456" VPOS="2459" WIDTH="147" HEIGHT="31" WC="0.91" CONTENT="fixerats"/>
						</TextLine>
					</TextBlock>
				</ComposedBlock>
				<ComposedBlock ID="cblock_5" HPOS="103" VPOS="2523" WIDTH="1018" HEIGHT="36">
					<TextBlock ID="block_10" HPOS="103" VPOS="2523" WIDTH="1018" HEIGHT="36">
						<TextLine ID="line_39" HPOS="103" VPOS="2523" WIDTH="1018" HEIGHT="36">
							<String ID="string_349" HPOS="103" VPOS="2525" WIDTH="10" HEIGHT="24" WC="0.55" CONTENT="1"/><SP WIDTH="48" VPOS="2525" HPOS="113"/>
							<String ID="string_350" HPOS="161" VPOS="2523" WIDTH="121" HEIGHT="34" WC="0.55" CONTENT="Bihang"/><SP WIDTH="21" VPOS="2523" HPOS="282"/>
							<String ID="string_351" HPOS="303" VPOS="2524" WIDTH="45" HEIGHT="26" WC="0.95" CONTENT="till"/><SP WIDTH="22" VPOS="2524" HPOS="348"/>
							<String ID="string_352" HPOS="370" VPOS="2524" WIDTH="180" HEIGHT="33" WC="0.94" CONTENT="riksdagens"/><SP WIDTH="22" VPOS="2524" HPOS="550"/>
							<String ID="string_353" HPOS="572" VPOS="2525" WIDTH="160" HEIGHT="34" WC="0.94" CONTENT="protokoll"/><SP WIDTH="24" VPOS="2525" HPOS="732"/>
							<String ID="string_354" HPOS="756" VPOS="2527" WIDTH="83" HEIGHT="25" WC="0.96" CONTENT="1952."/><SP WIDTH="24" VPOS="2527" HPOS="839"/>
							<String ID="string_355" HPOS="863" VPOS="2527" WIDTH="17" HEIGHT="25" WC="0.96" CONTENT="8"/><SP WIDTH="21" VPOS="2527" HPOS="880"/>
							<String ID="string_356" HPOS="901" VPOS="2527" WIDTH="87" HEIGHT="26" WC="0.95" CONTENT="saml."/><SP WIDTH="24" VPOS="2527" HPOS="988"/>
							<String ID="string_357" HPOS="1012" VPOS="2526" WIDTH="42" HEIGHT="27" WC="0.96" CONTENT="Nr"/><SP WIDTH="24" VPOS="2526" HPOS="1054"/>
							<String ID="string_358" HPOS="1078" VPOS="2528" WIDTH="43" HEIGHT="26" WC="0.96" CONTENT="17."/>
						</TextLine>
					</TextBlock>
				</ComposedBlock>
			</PrintSpace>
		</Page>
	</Layout>
</alto>
