1912 2841
267 166 38 30 12
608 164 312 29 Bankoutskottets
942 164 178 30 utlåtande
1140 173 42 21 nr
1204 164 36 30 11
1263 164 39 31 år
1324 164 83 30 1967

267 246 154 40 bygdens
442 245 256 30 eldistribution
720 254 101 32 synes
843 245 69 30 tala
934 244 54 31 för
1007 247 50 28 att
1078 245 67 30 den
1165 245 154 31 centrala
1340 245 185 40 ledningen
1547 255 41 21 av
1609 246 41 30 de
1673 247 80 28 stat-

268 300 67 39 liga
357 300 208 40 åtgärderna
588 300 125 30 stärks.
801 300 13 29 I
836 300 92 30 vissa
951 300 95 30 delar
1068 300 172 30 beräknas
1264 300 232 40 utredningen
1520 301 149 29 slutföra
1693 301 59 29 siit

267 355 116 29 arbete
401 355 110 29 under
530 354 109 30 första
656 355 157 30 halvåret
834 354 92 31 1967.

920 520 180 34 Utskottet

310 626 65 30 Vid
400 625 82 31 1966
505 625 56 30 års
584 625 141 40 riksdag
748 625 139 30 väcktes
911 634 42 21 en
976 625 132 30 motion
1132 626 78 30 med
1234 634 134 22 samma
1392 625 169 30 innebörd
1585 634 75 21 som
1684 625 67 30 den

267 689 46 21 nu
332 680 237 30 förevarande.
588 680 293 30 Bankoutskottet
901 679 164 31 framhöll
1084 680 10 30 i
1113 680 58 30 sitt
1191 679 178 31 utlåtande
1393 680 59 34 (nr
1471 680 35 34 6)
1530 681 80 28 över
1630 680 121 29 motio-

266 744 77 26 nen,
369 736 49 28 att
442 734 193 30 direktiven
661 734 54 30 för
739 734 328 40 energikommittén
1092 736 117 38 syntes
1235 735 11 29 i
1271 734 61 30 allt
1357 734 184 40 väsentligt
1567 735 101 29 täcka
1694 735 57 29 det

267 789 261 40 frågekomplex
550 798 75 20 som
648 789 259 30 motionärerna
929 788 188 31 behandlat
1139 789 65 30 och
1226 790 50 29 att
1299 789 249 39 utredningens
1571 789 147 29 resultat
1741 788 11 30 i

265 843 96 39 varje
383 843 61 30 fall
466 843 104 30 borde
592 844 177 34 avvaktas,
791 843 108 30 innan
920 843 186 39 riksdagen
1128 844 76 38 toge
1227 843 165 39 ställning
1414 843 51 30 till
1487 843 175 30 huruvida
1684 843 67 30 den

266 897 111 28 skulle
393 896 63 29 hos
473 896 125 39 Kungl.
615 896 105 39 Maj:t
736 896 141 29 anhålla
893 905 57 20 om
967 896 131 29 sådana
1115 896 160 39 åtgärder
1293 905 74 21 som
1384 896 260 29 motionärerna
1663 896 88 29 före-

265 950 111 40 slagit.
396 950 116 31 Under
531 950 38 30 år
590 950 82 31 1966
691 950 63 30 har
771 950 199 40 ytterligare
990 950 57 30 två
1067 950 226 40 utredningar
1313 950 180 30 tillkallats
1514 950 78 30 med
1613 949 137 41 uppgift

265 1007 49 27 att
338 1005 107 39 pröva
470 1004 116 39 frågor
611 1014 75 20 som
710 1005 106 38 gäller
840 1004 391 40 energiförsörjningen.
1256 1005 53 29 Av
1333 1004 141 30 särskilt
1498 1004 147 30 intresse
1672 1005 79 29 med

265 1059 137 39 hänsyn
422 1059 51 29 till
493 1059 65 29 vad
579 1067 75 21 som
674 1067 46 21 nu
741 1058 135 30 anförts
897 1068 41 20 av
959 1058 259 30 motionärerna
1239 1059 37 29 är
1296 1059 57 29 det
1374 1058 158 40 uppdrag
1553 1067 75 21 som
1648 1058 101 39 givits

265 1113 34 30 åt
325 1113 82 29 1966
431 1113 56 29 års
510 1112 412 40 atomenergiutredning.
948 1112 121 31 Såsom
1094 1112 154 40 framgår
1273 1122 41 20 av
1338 1112 193 30 direktiven
1557 1112 54 30 för
1635 1113 116 29 denna

265 1167 187 38 utredning
473 1167 64 29 har
558 1167 67 29 den
647 1168 49 28 att
719 1167 88 39 ägna
829 1166 312 40 uppmärksamhet
1165 1167 33 29 åt
1222 1165 123 41 frågan
1368 1175 57 20 om
1447 1166 67 29 den
1536 1166 108 30 totala
1668 1168 82 28 stat-

264 1221 68 38 liga
352 1221 156 29 insatsen
529 1221 44 39 på
594 1220 383 39 atomenergiområdet.

309 1275 57 29 Ett
389 1274 216 30 omfattande
629 1274 323 39 utredningsarbete
974 1274 107 40 pågår
1104 1274 149 30 sålunda
1275 1274 148 30 rörande
1446 1274 41 29 de
1511 1274 240 39 samhälleliga

265 1328 197 30 insatserna
484 1328 43 39 på
548 1328 399 39 energiförsörjningens
969 1328 152 30 område.
1144 1328 175 30 Utskottet
1342 1328 69 30 kan
1434 1328 10 30 i
1465 1328 95 30 detta
1582 1328 75 39 läge
1679 1328 71 29 inte

266 1382 98 29 finna
381 1382 75 29 skäl
474 1382 53 29 för
544 1384 48 27 ett
609 1384 107 27 annat
734 1382 334 39 ställningstagande
1085 1382 52 29 till
1156 1381 276 30 motionärernas
1452 1381 130 40 förslag
1599 1382 46 29 än
1664 1381 86 30 före-

264 1436 130 39 gående
414 1436 48 31 år.
481 1435 233 40 Följaktligen
733 1436 201 29 hemställer
954 1436 179 34 utskottet,

629 1492 50 28 att
701 1490 177 29 motionen
902 1489 44 31 II:
965 1489 60 31 139
1049 1489 74 30 icke
1146 1489 107 30 måtte
1276 1489 181 31 föranleda
1480 1489 113 40 någon
1615 1490 135 30 riksda-

584 1551 83 32 gens
690 1544 131 39 åtgärd.

309 1615 201 31 Stockholm
528 1616 66 29 den
613 1616 16 30 7
649 1625 93 20 mars
763 1616 81 30 1967

730 1706 47 30 På
802 1705 306 30 bankoutskottets
1133 1707 146 38 vägnar:

852 1795 34 30 C.
904 1795 36 30 G.
960 1795 201 30 REGNELL

879 1964 240 31 Närvarande:

308 2027 79 30 från
418 2026 164 31 första
613 2027 220 30 kammaren:
856 2027 121 31 herrar
998 2027 126 35 Ståhle,
1146 2028 108 35 Palm,
1275 2027 189 35 Åkerlund,
1485 2028 151 39 Hilding,
1657 2028 92 29 Lun-

264 2072 69 35 din,
355 2072 154 34 Larfors,
532 2072 186 39 Lundberg
740 2072 65 30 och
827 2073 185 34 Mattsson;

308 2134 79 30 från
422 2135 155 29 andra
612 2135 220 29 kammaren:
859 2134 121 30 herrar
1006 2135 150 39 Regnéll,
1182 2135 185 39 Berglund,
1393 2135 156 30 Franzén
1574 2136 11 29 i
1610 2136 139 34 Motala,

262 2179 189 40 Börjesson
472 2180 10 29 i
503 2180 226 38 Glömminge,
751 2180 194 38 Bengtsson
966 2180 10 29 i
997 2180 240 34 Landskrona,
1260 2180 152 30 Larsson
1434 2180 10 29 i
1465 2180 109 30 Umeå
1595 2181 65 29 och
1682 2181 68 29 Ek-

264 2225 109 29 ström
394 2224 11 30 i
427 2225 180 39 Iggesund.
