2176 2574
717 158 265 35 Stats-Utskottets
1005 162 168 33 Memorial
1198 164 66 32 N:o
1286 166 51 31 65.
1786 171 18 30 7

217 242 118 43 loppet
374 242 34 34 af
435 244 38 32 år
504 246 91 35 1880,
624 246 69 29 mot
716 243 163 41 rättighet
903 243 52 33 för
981 248 130 30 statens
1131 246 263 42 jernvägstrafik
1418 253 50 29 att
1490 251 53 32 för
1568 253 45 32 all
1636 254 135 33 framtid
1798 255 46 32 af-

218 295 152 40 giftsfritt
392 294 157 41 begagna
574 294 40 31 de
640 295 19 31 å
684 305 40 21 en
753 294 332 43 kostnadsförslaget
1115 296 135 42 bifogad
1274 299 142 41 plansch
1439 302 33 31 II
1495 304 168 33 utmärkta
1678 306 166 32 stenkols-

217 345 283 42 upplagsplatser,
528 344 113 33 hvilka
665 344 93 32 skola
787 345 49 32 till
863 345 173 43 Styrelsen
1061 348 52 32 för
1137 352 129 29 statens
1290 351 263 42 jernvägstrafik
1577 355 37 32 af
1631 355 212 34 Stockholms

219 396 75 32 stad
331 396 219 32 öfverlemnas
584 395 213 41 fullständigt
825 397 183 41 planerade
1038 398 62 33 och
1130 401 106 41 enligt
1259 401 164 43 förslaget
1451 403 160 35 försedda
1634 407 77 32 med
1735 403 106 50 kajer,

218 447 52 32 vid
295 447 113 32 hvilka
431 450 40 29 20
494 446 52 32 fot
572 446 214 42 djupgående
810 448 109 41 fartyg
943 449 112 33 kunna
1079 454 142 37 angöra;
1247 453 63 31 och

354 501 51 29 3:o
447 501 59 35 att,
540 497 108 32 under
689 497 107 32 vilkor
826 499 64 32 och
920 499 239 43 förutsättning
1194 506 50 29 att
1279 503 214 36 Stockholms
1531 508 85 39 stad,
1643 509 105 41 enligt
1772 512 70 31 åta-

219 548 121 41 gande,
369 548 173 40 samtidigt
569 548 75 32 med
669 549 365 42 jernvägsbyggnaden
1057 552 171 41 företager
1257 555 64 32 och
1345 558 44 39 på
1413 558 49 31 sin
1487 558 191 34 bekostnad
1702 561 139 33 fullbor-

220 600 61 31 dar
317 599 229 40 anläggandet
584 601 19 30 å
640 599 57 32 det
725 600 195 41 föreslagna
953 602 112 32 stället
1090 604 52 31 vid
1171 604 85 33 Lilla
1280 605 125 34 Värtan
1430 609 35 32 af
1487 620 41 21 en
1552 610 100 33 hamn
1676 612 75 31 med
1776 613 64 31 till-

219 649 153 33 hörande
397 649 273 41 upplagsplatser
692 651 133 41 jemlikt
848 651 88 41 plan,
969 664 81 28 som,
1072 655 144 41 uppjord
1241 656 83 32 efter
1347 657 322 43 hufvudgrunderna
1691 662 11 32 i
1727 662 57 33 det
1808 664 36 31 af

222 700 170 42 Styrelsen
416 700 52 32 för
492 704 128 28 statens
643 702 262 40 jernvägstrafik
929 705 199 40 upprättade
1152 705 140 42 förslag,
1322 707 66 34 kan
1412 709 104 34 blifva
1544 711 34 33 af
1603 713 120 41 Kongl.
1749 714 92 41 Maj:t

219 751 167 38 faststäld,
427 750 213 33 Stockholms
675 752 76 32 stad
774 754 63 37 må,
862 757 81 28 utan
969 756 186 40 ersättning
1177 757 50 31 till
1257 760 213 41 statsverket,
1498 762 128 33 erhålla
1651 764 187 41 upplåtelse

218 802 35 32 af
276 801 40 32 de
341 803 19 31 å
389 812 40 21 en
453 801 122 42 planen
599 802 139 41 bifogad
768 803 107 40 karta,
900 804 62 32 litt,
986 805 40 39 K,
1055 806 69 32 dels
1148 808 77 31 med
1250 812 93 37 grön,
1366 810 72 33 dels
1455 813 77 32 med
1548 813 84 33 brun
1648 814 73 41 färg
1739 816 98 40 jemte

217 852 242 33 bokstäfverna
483 852 34 39 C,
544 854 39 38 D,
608 853 36 40 F,
667 854 27 31 E
720 854 63 32 och
807 854 15 32 I
845 855 167 32 utmärkta
1036 858 160 32 områden
1222 860 35 31 af
1277 860 215 41 Djurgården
1517 864 77 32 med
1620 870 127 28 vattnet
1764 866 74 32 der-

217 902 102 40 invid,
357 907 49 28 att
440 903 180 42 tillträdas,
659 905 41 32 de
735 905 76 32 med
835 905 238 35 bokstäfverna
1098 908 24 31 C
1147 909 63 32 och
1234 910 28 31 D
1288 910 213 36 betecknade
1532 916 161 32 områden
1718 921 120 36 genast

218 953 64 32 och
320 954 56 32 det
406 954 108 41 öfriga
536 955 10 31 i
571 955 65 32 den
660 957 76 30 mån
766 956 121 32 staden
910 956 109 33 finnes
1044 958 95 33 deraf
1165 971 79 21 vara
1267 962 10 30 i
1302 962 107 33 behof
1429 964 52 31 för
1504 965 145 33 hamnen
1681 968 82 31 eller
1786 968 52 31 för

216 1004 157 41 upplags-
414 1005 63 31 och
508 1005 318 42 byggnadsplatser,
852 1010 70 29 mot
946 1008 188 41 skyldighet
1156 1011 54 32 för
1238 1013 120 32 staden
1383 1017 50 29 att
1458 1015 72 33 dels
1555 1019 34 29 åt
1612 1017 226 41 Lifregemen-

216 1058 67 29 tets
319 1055 231 41 dragonkorps
585 1056 130 32 bereda
750 1068 41 30 ny
825 1057 138 41 lämplig
990 1059 183 42 lägerplats
1202 1062 54 32 för
1280 1074 39 21 en
1345 1064 155 41 kostnad,
1530 1068 28 40 ej
1586 1068 250 42 öfverstigande

218 1108 93 36 5,000
346 1106 142 39 kronor;
526 1106 71 32 dels
632 1107 168 32 förvärfva
842 1108 83 32 eller
958 1109 50 31 till
1042 1109 137 43 lämplig
1211 1113 87 40 plats
1322 1114 151 42 förflytta
1508 1118 9 31 å
1542 1118 111 33 denna
1676 1119 93 33 mark
1793 1131 43 20 nu

216 1156 168 41 uppförda
419 1156 208 41 byggnader,
657 1158 201 32 hvaribland
888 1159 40 32 de
957 1160 281 41 Lifregementets
1274 1164 234 44 dragonkorps
1536 1169 172 41 tillhöriga
1735 1170 101 42 bygg-

215 1206 108 33 nader
352 1206 63 32 och
441 1207 60 32 den
530 1208 11 31 i
568 1207 238 42 Lindarängen
830 1209 175 42 befintliga
1030 1211 156 34 skottvall
1210 1214 36 32 af
1271 1218 90 37 sten;
1391 1217 72 33 dels
1487 1219 10 31 i
1518 1219 64 32 den
1597 1221 152 41 ordning,
1766 1233 69 20 som

215 1257 66 32 kan
320 1257 101 32 varda
455 1258 32 31 af
525 1258 119 41 Kongl.
682 1259 95 41 Maj:t
806 1260 162 40 bestämd,
1005 1263 126 39 utgifva
1165 1267 229 40 ersättningar
1417 1269 53 31 för
1491 1270 133 41 intrång
1648 1271 62 33 och
1733 1272 102 33 förlo-

214 1308 83 32 rade
334 1308 183 32 inkomster
556 1309 27 41 ej
621 1310 128 32 mindre
786 1310 50 32 till
866 1311 314 41 djurgårdskassan,
1206 1319 42 28 än
1273 1317 97 32 äfven
1394 1319 50 31 till
1471 1320 219 34 innehafvare
1720 1323 36 32 af
1775 1323 60 32 bo-

216 1358 121 32 ställen
364 1359 64 31 och
452 1359 154 32 enskilda
628 1360 209 40 lägenheter,
865 1362 104 40 enligt
993 1362 39 32 de
1057 1366 155 39 grunder,
1236 1378 72 21 som
1336 1369 98 32 ofvan
1459 1370 164 34 bestämts
1647 1373 53 32 för
1724 1374 111 41 dylika

213 1409 224 41 ersättningar
471 1410 35 32 af
540 1411 215 40 statsmedel;
791 1411 71 33 dels
903 1413 63 32 ock
996 1413 238 35 kostnadsfritt
1261 1419 140 40 upplåta
1426 1421 64 32 den
1516 1423 120 32 staden
1664 1420 170 51 tillhöriga

214 1460 104 39 mark,
343 1470 71 21 som
436 1460 66 32 kan
528 1460 101 34 blifva
644 1461 51 32 för
704 1461 413 45 jernvägsanläggningen
1132 1467 104 41 enligt
1251 1468 156 34 faststäld
1423 1472 78 40 plan
1518 1473 215 42 erforderlig;
1749 1480 86 28 samt

349 1511 156 40 slutligen
542 1512 52 31 för
623 1512 195 33 ändamålet
845 1513 139 42 beviljat
1009 1516 62 32 och
1096 1518 80 32 stält
1200 1519 48 31 till
1272 1520 120 41 Kongl.
1420 1522 113 42 Maj:ts
1557 1524 198 41 förfogande
1786 1529 48 29 ett

213 1560 160 33 särskildt
402 1561 117 41 anslag
547 1563 50 31 till
625 1563 124 42 belopp
775 1563 36 33 af
836 1566 169 37 1,350,000
1028 1566 135 42 kronor,
1188 1572 49 29 att
1261 1573 81 38 utgå
1365 1573 76 31 med
1467 1576 137 36 750,000
1628 1575 124 34 kronor
1774 1588 59 21 un-

212 1611 59 32 der
305 1613 37 30 år
377 1615 80 29 1879
494 1612 61 32 och
594 1616 138 37 600,000
767 1614 126 32 kronor
926 1617 107 31 under
1062 1620 36 30 år
1128 1622 97 38 1880;
1252 1622 62 31 och
1345 1623 129 41 åligger
1499 1625 68 39 det,
1589 1626 11 31 i
1624 1626 81 41 följd
1729 1627 103 40 häraf,

212 1662 342 41 Riksgäldskontoret
588 1667 50 29 att
674 1665 40 32 de
755 1665 141 33 sålunda
933 1667 167 42 beviljade
1142 1669 178 43 beloppen,
1347 1673 54 32 för
1424 1676 37 30 så
1488 1675 70 32 vidt
1582 1676 40 32 de
1648 1680 86 29 ännu
1759 1679 72 31 icke

213 1712 108 33 blifvit
342 1713 138 42 lyftade,
509 1714 256 34 tillhandahålla
790 1716 62 32 och
877 1717 103 41 enligt
1004 1719 117 41 Kongl.
1146 1721 111 42 Maj:ts
1283 1722 196 42 disposition
1504 1726 161 33 utbetala.

986 1871 17 41 8
1029 1873 28 29 6.

346 1964 77 32 Som
449 1968 80 29 1879
554 1967 52 31 års
631 1966 158 42 Riksdag,
813 1968 51 32 för
887 1969 225 35 fortsättande
1138 1973 36 32 af
1195 1975 163 34 arbetena
1383 1977 29 42 ej
1438 1979 127 33 mindre
1591 1982 17 31 å
1625 1992 100 23 norra
1739 1986 92 29 stam-

208 2014 107 33 banan
340 2026 110 31 genom
472 2016 171 34 Norrland
670 2021 43 28 än
741 2018 97 33 äfven
862 2021 19 31 å
904 2021 177 33 tvärbanan
1103 2024 114 33 mellan
1244 2027 251 40 Torpshammar
1517 2031 55 32 och
1598 2032 231 42 Riksgränsen,

208 2065 53 32 för
284 2068 37 30 år.
352 2070 80 29 1880
457 2068 131 32 anvisat
612 2071 48 29 ett
683 2068 120 42 belopp
828 2071 35 31 af
883 2073 170 37 7,000,000
1076 2073 139 43 kronor;
1240 2077 127 41 åligger
1382 2079 55 32 det
1449 2080 320 42 Riksgäldkontoret
1782 2088 49 28 att

207 2117 144 32 nämnda
385 2118 134 42 belopp,
559 2119 49 32 för
643 2121 36 30 så
708 2119 70 33 vidt
805 2121 56 32 det
891 2126 88 28 ännu
1003 2124 28 40 ej
1055 2124 126 42 lyftats,
1212 2128 258 43 tillhandahålla
1495 2133 60 31 och
1581 2134 103 40 enligt
1708 2135 119 40 Kongl.

207 2166 112 42 Maj:ts
344 2168 197 42 disposition
566 2170 156 33 utbetala.
