1882 2835
268 136 20 30 4
595 137 125 40 Tredje
735 138 245 40 lagutskottets
996 139 178 30 utlåtande
1188 149 43 20 nr
1245 141 41 30 30
1300 141 39 30 år
1355 141 84 31 1969

270 216 186 36 nämnden,
480 218 392 32 exekutionsväsendets
894 220 400 40 organisationsnämnd,
1319 224 261 35 statskontoret,
1603 225 153 39 general-

271 270 247 41 tullstyrelsen,
556 273 195 30 statistiska
787 274 253 41 centralbyrån,
1078 275 477 42 försäkringsinspektionen,
1592 279 164 29 riksrevi-

270 325 225 36 sionsverket,
516 326 336 42 kontrollstyrelsen,
875 330 154 29 centrala
1048 330 297 41 folkbokförings-
1366 332 64 29 och
1452 332 303 40 uppbördsnämn-

269 378 76 36 den,
372 380 290 40 länsstyrelserna
686 382 11 29 i
724 382 229 36 Stockholms,
980 383 271 41 Östergötlands,
1278 385 174 40 Blekinge,
1479 386 185 41 Älvsborgs
1690 387 64 30 och

270 432 129 32 Örebro
420 434 58 30 län
498 452 44 3 —
562 435 94 30 vilka
677 436 52 29 till
752 436 76 30 sina
848 437 187 39 yttranden
1057 438 96 39 fogat
1173 439 206 30 utlåtanden
1402 449 41 20 av
1464 440 93 30 vissa
1578 441 176 39 regionala

269 487 64 30 och
356 488 116 29 lokala
494 488 334 41 polismyndigheter
850 508 44 3 —
917 491 409 41 körkortsutredningen,
1351 495 405 39 motorredskapsutred-

267 541 129 40 ningen
409 542 65 30 och
487 542 409 42 bilskatteutredningen.

311 595 182 40 Härjämte
515 596 63 30 har
598 597 189 40 yttranden
808 598 146 40 avgivits
975 608 42 21 av
1037 600 402 40 Landsorganisationen
1458 620 45 3 —
1525 612 74 20 som
1620 602 133 41 bifogat

266 649 163 40 yttrande
454 660 42 20 av
521 650 154 31 Svenska
699 653 530 39 transportarbetareförbundet
1252 673 45 3 —
1321 655 276 31 Riksförbundet
1622 657 133 30 Lands-

266 703 154 40 bygdens
445 704 83 36 folk,
555 705 320 40 Tjänstemännens
901 708 381 40 centralorganisation,
1308 710 330 31 Motorbranschens
1664 711 89 30 riks-

267 757 161 36 förbund,
452 759 458 41 Motororganisationernas
934 762 398 41 samarbetsdelegation,
1356 764 251 40 Näringslivets
1629 766 125 30 trafik-

267 811 205 42 delegation,
493 813 155 31 Svenska
667 815 422 41 lokaltrafikföreningen,
1112 817 154 40 Sveriges
1286 818 218 31 bilindustri-
1524 820 65 29 och
1608 820 146 40 bilgros-

267 867 235 39 sistförening,
536 868 155 38 Sveriges
722 869 281 39 trafikbilägares
1035 871 325 38 riksorganisation,
1392 873 361 39 Trafikförsäkrings-

264 918 206 42 föreningen
485 922 90 28 samt
589 920 240 42 Aktiebolaget
845 922 132 31 Svensk
991 923 230 41 bilprovning.

309 1081 176 30 Utskottet
499 1082 177 30 redovisar
692 1082 113 30 nedan
822 1083 122 30 endast
960 1084 41 30 de
1017 1084 128 30 avsnitt
1161 1094 42 21 av
1217 1086 263 39 propositionen
1496 1096 74 21 som
1585 1088 58 29 rör
1660 1088 92 40 skyl-

265 1134 162 40 digheten
442 1137 49 28 att
507 1137 139 28 anmäla
661 1137 91 29 vissa
768 1138 229 38 registrerade
1011 1138 255 31 förhållanden.

884 1303 241 44 Utredningen

307 1403 175 30 Utskottet
497 1404 165 30 hänvisar
677 1405 51 30 till
744 1406 261 39 propositionen
1021 1416 24 20 s.
1061 1406 129 31 38—40
1206 1408 65 30 och
1286 1408 51 30 61.

840 1571 328 43 Remissyttranden

307 1673 176 30 Utskottet
498 1674 165 30 hänvisar
678 1675 51 29 till
744 1675 262 40 propositionen
1022 1685 24 21 s.
1061 1676 130 31 41—42
1207 1677 65 30 och
1287 1677 139 31 62—63.

806 1837 396 43 Departementschefen

307 1938 13 29 I
340 1938 99 40 fråga
459 1948 56 21 om
548 1939 361 40 skyldigheten
940 1943 69 28 att
1042 1943 192 29 anmäla
1265 1943 275 38 ändringar
1569 1945 12 29 i
1612 1944 138 31 vissa

262 1992 345 37 registrerade
636 1993 363 31 förhållanden
1027 1995 154 30 biträder
1197 1996 60 40 jag
1274 1997 250 40 utredningens
1543 1997 131 41 förslag
1691 2008 57 20 om

262 2054 42 20 en
324 2045 222 41 förkortning
566 2056 41 21 av
626 2048 350 40 anmälningsfristen
996 2048 79 31 från
1095 2049 11 29 i
1125 2049 136 41 princip
1280 2052 53 28 tre
1352 2051 125 30 veckor
1496 2051 53 31 till
1566 2061 44 21 en
1629 2053 118 29 vecka.

261 2099 94 30 Även
357 2095 19 50 i
398 2101 93 29 detta
505 2101 63 29 fall
583 2101 64 29 bör
661 2120 41 3 —
717 2102 45 37 på
778 2111 131 21 samma
926 2104 66 28 sätt
1008 2112 76 21 som
1099 2104 11 29 i
1126 2103 98 38 fråga
1241 2114 56 20 om
1313 2105 67 29 den
1395 2105 185 30 förordade
1597 2106 152 30 förkort-

259 2153 129 40 ningen
402 2163 42 20 av
458 2154 124 30 fristen
598 2155 53 29 för
665 2155 483 41 registreringsansökningar
1160 2175 44 3 —
1217 2157 167 40 förslaget
1397 2159 222 39 genomföras
1633 2161 11 29 i
1659 2169 90 21 sam-

260 2207 92 30 band
374 2207 79 30 med
474 2208 267 40 omläggningen
763 2219 41 20 av
823 2210 411 40 registreringssystemet
1255 2212 11 29 i
1287 2212 111 40 övrigt
1419 2212 65 30 och
1504 2213 71 30 inte
1597 2213 151 31 dessför-

259 2261 120 34 innan,
395 2271 74 20 som
484 2262 232 40 utredningen
731 2263 177 30 förutsatt.

303 2315 79 30 Med
396 2315 138 40 hänsyn
547 2316 52 29 till
615 2316 66 29 den
695 2317 179 30 bristande
888 2318 184 30 aktualitet
1087 2319 64 29 och
1165 2319 262 40 tillförlitlighet
1441 2329 74 21 som
1530 2320 24 30 f.
1569 2330 32 21 n.
1617 2321 131 31 känne-

259 2369 144 30 tecknar
419 2369 228 40 bilregistrets
662 2370 223 41 redovisning
902 2381 42 21 av
959 2372 190 31 fordonens
1166 2372 329 40 ägarförhållanden
1512 2374 160 31 förordar
1687 2376 60 39 jag

260 2423 117 30 vidare
392 2424 11 29 i
421 2423 107 31 likhet
542 2425 78 29 med
636 2425 237 37 utredningen,
890 2428 49 28 att
954 2427 460 38 anmälningsskyldigheten
1429 2428 59 30 vid
1503 2428 244 31 fordonsöver-

259 2477 139 30 låtelser
413 2477 160 40 utvidgas
590 2478 36 29 så
643 2480 50 28 att
707 2478 66 30 den
789 2479 167 30 omfattar
970 2480 72 30 inte
1057 2481 84 29 bara
1156 2480 226 31 förvärvaren
1398 2491 42 20 av
1455 2483 47 28 ett
1518 2482 126 30 fordon
1660 2485 86 28 utan
