1882 2812
619 162 264 29 Statsutskottets
906 161 209 31 utlåtandenr
1138 164 27 28 6.
1590 159 41 32 35

132 233 206 43 förbättring
356 247 40 20 av
416 238 129 29 statens
565 236 230 32 fiskehamnar
814 237 62 31 och
896 237 146 31 farleder
1061 240 88 28 samt
1167 237 54 31 till
1240 237 121 41 bidrag
1380 237 53 31 till
1452 237 178 41 byggande

133 285 61 31 och
217 286 179 31 underhåll
420 297 39 20 av
482 287 324 31 statsunderstödda
828 287 229 32 fiskehamnar
1081 288 52 30 för
1155 289 98 30 nästa
1275 288 167 41 budgetår
1465 290 165 39 upptagas

133 336 74 30 med
231 336 225 32 oförändrade
479 337 135 42 belopp.

184 386 120 33 Under
331 387 174 41 krigsåren
532 388 62 31 har
620 388 355 42 medelsanvisningen
1002 390 54 30 till
1085 389 408 42 fiskehamnsbyggnader
1520 401 40 20 m.
1590 401 39 20 m.

133 436 120 32 endast
272 437 163 41 medgivit
456 438 179 32 utförande
656 439 10 30 i
686 438 192 42 begränsad
898 440 205 41 omfattning
1122 451 40 20 av
1182 440 208 32 underhålls-
1411 440 62 31 och
1493 440 138 31 förbätt-

134 487 234 41 ringsarbeten
398 489 56 30 vid
483 489 102 31 redan
614 489 182 42 befintliga
823 490 140 31 hamnar
991 496 86 29 samt
1104 502 42 20 av
1176 491 126 31 sådana
1331 493 124 30 smärre
1485 491 147 42 nybygg-

133 537 227 43 nadsföretag,
386 539 89 31 vilka
499 540 92 30 inom
615 540 75 31 kort
712 540 51 31 tid
788 541 130 31 kunnat
941 541 132 32 komma
1096 542 53 31 till
1173 542 128 31 avsedd
1325 544 104 39 nytta.
1465 543 62 30 Ett
1551 544 80 30 åter-

132 588 106 32 hållet
264 589 111 31 behov
403 600 39 21 av
469 590 336 42 byggnadsåtgärder
832 592 95 31 torde
955 592 77 31 med
1059 592 132 42 hänsyn
1218 592 116 32 härtill
1361 593 174 41 föreligga.
1574 592 58 32 Ut-

133 638 128 34 skottet
279 639 94 33 delar
391 640 189 32 emellertid
600 641 392 41 departementschefens
1012 643 229 42 uppfattning,
1262 646 50 28 att
1330 644 205 31 statsverket
1552 644 11 31 i
1582 655 50 20 av-

133 689 122 31 vaktan
280 692 19 29 å
322 691 179 31 resultatet
524 703 40 19 av
590 692 80 31 1944
694 694 53 30 års
773 692 395 43 fiskehamnsutredning
1191 693 73 32 icke
1288 694 63 31 bör
1374 694 105 31 binda
1503 694 54 42 sig
1580 695 54 30 för

133 751 91 21 mera
259 741 193 41 betydande
489 742 248 42 investeringar
771 743 55 31 till
863 754 66 31 nya
954 744 156 31 ändamål
1136 746 43 39 på
1204 744 255 42 ifrågavarande
1487 745 144 31 område.

133 790 162 33 Däremot
318 802 101 31 synes
443 792 56 31 det
523 793 167 31 utskottet
710 793 73 32 icke
806 795 92 30 möta
919 794 273 42 betänkligheter
1214 797 49 29 att
1285 797 38 29 så
1345 797 127 30 utmäta
1494 796 139 31 medels-

132 842 224 42 anvisningen
374 843 52 30 för
441 845 98 29 nästa
554 843 174 41 budgetår,
745 845 49 30 att
811 844 103 31 redan
930 844 185 41 påbörjade
1131 844 139 32 arbeten
1288 845 95 31 skola
1398 845 113 31 kunna
1527 845 107 31 under

132 891 203 42 budgetåret
355 893 186 32 fortsättas.
572 895 52 30 Av
644 895 40 31 de
705 896 11 30 i
736 897 113 32 ämnet
868 896 118 31 väckta
1005 896 213 32 motionerna
1238 897 153 41 framgår,
1413 899 49 29 att
1482 898 52 30 för
1554 898 79 30 slut-

134 943 141 32 förande
303 955 41 20 av
373 944 114 42 dylika
514 945 139 31 arbeten
681 946 171 32 erfordras
880 947 215 31 beträffande
1125 947 40 32 de
1194 948 139 41 statliga
1360 948 273 32 fiskehamnarna

133 993 128 33 inemot
284 995 45 36 1,0
353 995 120 41 miljon
494 995 126 32 kronor
641 997 62 30 och
725 997 11 30 i
759 997 95 41 fråga
877 1008 53 20 om
953 997 41 31 de
1018 998 320 32 statsunderstödda
1360 999 273 31 fiskehamnarna

133 1044 155 42 omkring
307 1045 47 37 0,2
377 1046 119 41 miljon
517 1046 132 31 kronor.
682 1046 180 33 Utskottet
883 1048 112 31 finner
1016 1049 52 41 sig
1088 1049 11 30 i
1120 1049 198 42 anslutning
1338 1049 53 31 till
1413 1050 40 31 de
1474 1050 159 31 motions-

134 1095 50 31 vis
213 1096 212 31 framställda
451 1097 194 40 yrkandena
671 1098 82 31 böra
781 1099 146 37 förorda,
956 1101 50 29 att
1032 1100 54 30 för
1112 1099 268 42 möjliggörande
1408 1112 41 19 av
1476 1101 157 31 fortsatta

133 1145 139 32 arbeten
297 1149 45 39 på
367 1147 40 31 de
434 1148 137 40 statliga
597 1148 274 32 fiskehamnarna
896 1161 45 19 nu
967 1150 221 32 förevarande
1214 1151 118 41 anslag
1357 1151 97 41 höjes
1481 1152 77 30 med
1584 1152 46 37 0,5

133 1196 119 42 miljon
271 1197 125 31 kronor
415 1198 53 30 till
488 1199 46 37 1,0
556 1199 119 41 miljon
694 1199 134 32 kronor.
859 1200 162 32 Däremot
1039 1202 37 29 är
1094 1201 167 31 utskottet
1281 1202 72 31 icke
1373 1202 110 31 berett
1502 1205 49 29 att
1570 1203 63 31 till-

134 1248 115 41 styrka
278 1248 99 33 bifall
407 1249 52 31 till
490 1249 57 32 det
575 1250 215 32 beträffande
820 1251 153 41 anslaget
1002 1252 54 31 till
1085 1251 178 43 byggande
1294 1253 62 31 och
1386 1253 178 32 underhåll
1594 1265 39 20 av

134 1299 321 32 statsunderstödda
475 1300 229 32 fiskehamnar
722 1302 202 32 motionsvis
944 1303 211 31 framställda
1175 1303 173 42 yrkandet.

186 1349 120 32 Under
329 1350 214 42 åberopande
569 1362 39 21 av
634 1352 56 31 det
715 1352 144 32 anförda
882 1353 51 31 får
958 1354 166 31 utskottet
1149 1354 108 31 under
1281 1355 220 32 förevarande
1527 1356 107 42 punkt

134 1399 187 39 hemställa,

428 1446 49 29 att
501 1444 181 42 riksdagen
705 1448 62 36 må,
793 1447 11 30 i
830 1446 184 42 anledning
1038 1458 39 20 av
1101 1447 125 42 Kungl.
1253 1448 118 42 Maj:ts
1396 1449 129 41 förslag
1549 1452 86 29 samt

386 1495 212 32 motionerna
618 1496 28 31 I:
662 1497 39 30 88
723 1497 62 31 och
806 1497 49 31 IT:
870 1498 70 37 318,
962 1498 11 30 i
995 1498 64 31 vad
1079 1498 213 32 motionerna
1313 1511 77 20 avse
1413 1500 221 32 förevarande

386 1546 126 41 anslag,
540 1546 54 31 till
625 1545 211 43 Utvidgning
862 1549 62 30 och
949 1548 207 41 förbättring
1182 1560 41 20 av
1248 1552 131 29 statens
1405 1548 230 42 fiskehamnar

386 1597 62 30 och
467 1595 148 40 farleder
634 1598 53 30 för
704 1597 204 42 budgetåret
929 1599 134 31 1946/47
1084 1600 116 31 anvisa
1221 1603 48 31 ett
1288 1601 348 42 reservationsanslag

386 1658 40 19 av
451 1647 90 31 14000
555 1648 60 31 000
638 1648 133 32 kronor.

184 1740 84 40 31:o)
303 1741 194 33 Underhåll
520 1743 65 31 och
608 1743 88 31 drift
718 1752 45 23 av
787 1746 134 30 statens
936 1744 238 34 fiskehamnar
1190 1747 65 31 och
1271 1747 165 32 farleder.
1474 1746 82 32 Med
1573 1747 62 31 till-

135 1790 182 41 styrkande
343 1803 39 19 av
407 1791 125 42 Kungl.
559 1793 118 40 Maj:ts
704 1794 129 42 förslag
863 1795 120 41 (punkt
1007 1796 49 37 34,
1084 1807 24 19 s.
1135 1796 38 31 88
1200 1797 62 30 och
1288 1797 50 40 89)
1370 1798 61 30 och
1458 1798 107 31 under
1590 1810 44 19 er-

133 1841 106 37 inran,
272 1844 48 28 att
353 1853 125 20 samma
510 1842 126 42 belopp
668 1844 151 31 anvisats
853 1846 53 29 för
926 1845 227 31 innevarande
1175 1846 174 41 budgetår,
1372 1847 197 31 hemställer
1588 1851 47 28 ut-

133 1891 135 38 skottet,

429 1941 49 28 att
511 1938 180 41 riksdagen
726 1941 54 29 må
814 1939 53 31 till
906 1939 185 31 Underhåll
1126 1941 62 30 och
1212 1939 83 41 drift
1318 1951 40 20 av
1382 1944 131 28 statens
1536 1941 99 40 fiske-

387 1988 137 31 hamnar
549 1989 61 31 och
633 1988 148 39 farleder
804 1990 54 30 för
880 1989 202 42 budgetåret
1107 1990 134 31 1946/47
1267 1991 117 31 anvisa
1407 1994 47 28 ett
1479 1992 156 41 förslags-

387 2038 117 41 anslag
527 2050 39 20 av
592 2040 132 31 110000
747 2040 134 31 kronor.

186 2121 84 41 32:o)
304 2123 133 40 Bidrag
469 2124 57 31 till
560 2125 186 39 byggande
781 2126 65 31 och
881 2125 185 32 underhåll
1100 2134 45 24 av
1178 2127 329 32 statsunderstödda
1529 2128 106 31 fiske-

133 2172 156 32 hamnar.
336 2172 120 31 Under
490 2173 207 41 hänvisning
720 2174 52 31 till
796 2174 65 31 vad
884 2175 169 31 utskottet
1076 2175 109 31 under
1207 2176 155 40 punkten
1386 2176 41 31 30
1450 2176 112 31 anfört
1585 2176 52 31 får

136 2222 174 37 utskottet,
334 2224 73 30 med
431 2223 238 40 tillstyrkande
692 2236 38 18 av
754 2224 125 39 Kungl.
904 2224 118 40 Maj:ts
1046 2225 127 39 förslag
1199 2225 119 40 (punkt
1340 2225 49 37 35,
1413 2237 24 18 s.
1462 2226 65 39 89),
1550 2226 86 30 hem-

135 2273 108 37 ställa,

430 2327 49 28 att
506 2325 179 40 riksdagen
715 2328 61 34 må,
807 2326 75 30 med
910 2326 98 30 bifall
1036 2327 51 31 till
1117 2327 125 40 Kungl.
1272 2327 118 40 Maj:ts
1420 2327 127 41 förslag
1575 2327 61 32 och

389 2375 73 30 med
489 2375 115 41 avslag
629 2378 17 27 å
670 2376 212 31 motionerna
907 2376 28 30 TI:
950 2377 39 30 88
1015 2377 60 30 och
1102 2377 46 30 II:
1164 2377 69 37 318,
1260 2377 9 30 i
1295 2377 63 31 vad
1384 2378 40 30 de
1450 2389 78 19 avse
1555 2378 81 31 före-

389 2426 144 30 varande
555 2426 125 39 anslag,
703 2426 51 32 till
777 2425 130 41 Bidrag
926 2426 52 31 till
1001 2427 175 39 byggande
1198 2428 62 30 och
1281 2428 178 30 underhåll
1480 2438 40 20 av
1539 2431 97 28 stats-

388 2476 233 31 understödda
647 2476 230 39 fiskehamnar
905 2478 52 29 för
983 2477 201 39 budgetåret
1213 2477 133 31 1946/47
1375 2478 117 31 anvisa
1518 2481 48 28 ett
1593 2490 44 19 re-

389 2527 308 41 servationsanslag
722 2540 38 18 av
784 2528 62 29 500
859 2529 60 29 000
943 2528 131 30 kronor.
