1880 2786
469 180 299 35 Statsutskottets
782 178 186 35 utlåtande
983 190 42 21 nr
1039 179 44 32 89
1099 177 39 34 år
1155 178 88 32 1958
1562 175 38 31 11

112 262 258 44 Skolstyrelsen
389 261 64 34 bör
472 260 91 34 dock
581 260 48 34 ha
648 262 73 31 rätt
741 263 66 35 att,
827 258 46 34 då
892 258 39 34 så
949 256 186 40 erfordras,
1155 255 151 34 anställa
1324 253 184 44 prövning.
1528 253 74 33 Det

112 315 207 35 nuvarande
336 316 126 33 kravet
479 319 56 28 att
552 312 296 42 undervisningen
866 312 80 33 eller
963 310 251 42 kunskaperna
1232 307 259 43 »någorlunda»
1510 310 91 30 mot-

115 382 121 22 svarar
258 369 68 34 den
347 367 252 43 obligatoriska
621 366 140 34 skolans
782 366 64 33 har
868 363 212 40 bibehållits,
1102 363 46 33 då
1169 362 61 34 det
1251 361 57 34 väl
1332 363 167 31 stämmer
1520 358 82 35 med

115 423 119 34 andan
259 422 11 34 i
294 421 158 34 nämnda
475 420 230 34 konvention.
730 419 19 33 I
774 418 166 42 förslaget
963 417 65 34 har
1053 416 145 42 tillagts,
1223 419 56 29 att
1304 414 59 33 vid
1389 416 133 39 vägran
1548 417 54 28 att

115 476 156 43 undergå
292 475 119 34 förhör
432 474 87 34 skall
542 473 248 42 skolstyrelsen
812 472 121 34 kunna
956 471 122 42 ålägga
1101 470 125 33 barnet
1248 468 179 42 skolgång.

114 594 269 44 Skolplikt
416 592 83 34 vid
530 591 109 42 lyte
671 590 127 33 eller
830 587 232 43 sjukdom

162 657 133 43 Kungl.
317 655 112 42 Maj:t
450 655 64 33 har
536 654 68 33 den
629 656 41 30 13
692 651 140 43 januari
856 654 87 30 1956
967 648 171 35 anbefallt
1161 646 333 42 skolöverstyrelsen
1516 648 56 29 att
1594 643 11 33 i

117 710 141 34 samråd
288 709 81 34 med
397 705 360 44 medicinalstyrelsen
786 703 191 35 verkställa
1006 705 151 38 översyn
1187 712 45 21 av
1261 698 160 44 gällande
1451 698 154 33 bestäm-

116 765 125 33 melser
260 762 148 35 rörande
428 760 148 35 särskild
596 757 252 43 undervisning
868 758 38 33 åt
926 756 104 42 sjuka
1049 754 81 34 eller
1149 753 169 42 tillfälligt
1337 750 268 35 invalidiserade

116 818 126 33 elever.
259 817 81 33 Den
357 814 154 43 begärda
528 812 234 42 utredningen
780 822 101 23 avser
898 808 193 36 emellertid
1109 807 126 34 endast
1252 806 92 39 dem,
1362 817 74 22 som
1454 807 39 31 är
1509 815 97 22 mera

119 870 169 43 tillfälligt
317 869 103 42 sjuka
448 868 81 34 eller
557 864 269 36 invalidiserade
855 864 66 34 och
949 875 76 21 som
1054 861 173 34 beräknas
1255 860 121 33 kunna
1405 858 121 41 återgå
1552 856 54 34 till

121 923 119 43 vanlig
267 923 179 42 skolgång.
473 919 101 35 Även
602 919 54 34 för
682 918 161 34 kroniskt
870 917 103 42 sjuka
1000 916 67 34 och
1094 913 182 40 invalider,
1304 924 75 22 som
1406 910 111 43 aldrig
1542 910 65 34 har

118 977 186 42 möjlighet
329 980 55 29 att
408 975 44 42 gå
476 974 11 33 i
513 973 120 42 vanlig
657 972 98 34 skola
779 983 81 21 men
885 971 64 33 har
973 967 298 42 förutsättningar
1296 970 56 29 att
1376 959 231 52 tillgodogöra

119 1031 53 41 sig
187 1028 262 41 undervisning,
466 1032 26 29 t.
506 1039 52 21 ex.
576 1027 113 33 elever
707 1025 10 34 i
736 1024 115 35 skolor
869 1023 60 34 vid
947 1021 310 39 vanföranstalter,
1276 1031 100 22 anser
1393 1018 42 34 de
1454 1017 153 35 sakkun-

119 1084 82 42 niga
220 1083 61 33 det
300 1094 86 21 vara
404 1080 162 43 lämpligt
585 1084 56 29 att
659 1077 194 35 föreskriva
873 1075 201 45 skyldighet
1093 1079 55 29 att
1169 1074 141 41 deltaga
1327 1072 11 33 i
1357 1070 252 41 undervisning

120 1149 77 21 som
217 1134 175 35 anordnas
411 1133 54 34 för
486 1133 92 34 dem.

165 1187 306 42 Undervisningen
496 1185 60 34 vid
581 1183 361 44 sjukvårdsanstalter
966 1182 67 34 och
1057 1180 171 35 barnhem
1252 1178 100 35 torde
1376 1177 11 34 i
1412 1177 93 34 vissa
1527 1187 82 23 men

119 1242 32 43 ej
172 1243 67 33 alla
255 1241 60 34 fall
332 1241 122 33 kunna
469 1238 167 35 inordnas
652 1238 11 33 i
680 1235 248 36 skolväsendet
943 1235 11 33 i
971 1235 68 34 den
1055 1234 183 39 kommun,
1254 1232 64 34 där
1334 1231 178 34 anstalten
1528 1230 81 33 eller

121 1296 157 33 hemmet
298 1297 38 30 är
355 1293 149 42 beläget.
523 1292 19 33 I
562 1304 43 21 en
626 1291 55 33 del
700 1290 73 40 fall,
793 1289 141 34 särskilt
953 1300 59 22 om
1031 1288 162 33 eleverna
1210 1284 282 42 huvudsakligen
1510 1283 99 33 kom-

121 1360 74 22 mer
215 1347 78 34 från
314 1346 111 33 andra
444 1346 221 38 kommuner,
684 1343 101 34 torde
806 1343 61 33 det
887 1341 91 34 dock
998 1352 86 22 vara
1103 1338 204 43 lämpligare
1328 1342 56 29 att
1402 1335 207 36 nuvarande

121 1400 197 42 anordning
335 1398 190 35 bibehålles
542 1398 82 33 med
642 1397 177 33 anstalten
836 1395 81 34 eller
933 1395 157 33 hemmet
1109 1405 75 21 som
1200 1391 220 34 huvudman.

122 1508 100 33 När
259 1510 50 30 är
347 1504 326 43 skolplikten
712 1500 284 44 fullgjord?

169 1570 55 33 De
246 1567 220 42 sakkunniga
486 1566 145 39 uttalar,
654 1570 55 29 att
729 1564 213 43 skolplikten
963 1562 154 34 normalt
1137 1561 64 34 bör
1222 1560 171 43 upphöra,
1414 1558 109 35 sedan
1544 1558 68 33 den

124 1621 222 44 skolpliktige
366 1619 207 44 genomgått
594 1618 42 34 de
657 1618 53 33 för
731 1618 131 33 honom
882 1615 252 43 obligatoriska
1155 1614 225 33 årskurserna
1400 1612 65 34 och
1486 1610 126 35 därvid

124 1675 139 34 erhållit
287 1673 205 43 acceptabla
516 1672 147 34 vitsord.
686 1672 69 33 För
778 1669 221 35 närvarande
1023 1668 106 43 gäller
1152 1679 42 22 en
1218 1665 233 35 minimiålder
1474 1664 54 34 för
1552 1676 60 21 av-

125 1729 93 42 gång
243 1727 78 34 från
346 1726 200 42 folkskolan
570 1726 47 41 på
645 1728 41 30 13
714 1725 37 32 år
776 1724 66 33 och
868 1723 11 33 i
904 1721 265 42 undantagsfall
1197 1723 41 30 12
1265 1721 49 32 år.
1340 1719 115 34 Sedan
1481 1717 132 42 sjuårig

125 1781 169 42 skolplikt
310 1792 48 21 nu
377 1782 38 30 är
431 1779 73 33 helt
522 1777 218 43 genomförd,
759 1788 100 22 anser
877 1776 42 33 de
937 1774 222 41 sakkunniga
1177 1778 54 28 att
1250 1773 100 33 dessa
1367 1770 246 42 minimiregler

126 1834 129 33 saknar
273 1832 162 43 praktisk
453 1831 181 42 betydelse
654 1830 65 33 och
739 1830 100 33 detta
859 1828 65 34 blir
944 1831 44 30 än
1008 1839 74 22 mer
1101 1826 110 39 fallet,
1230 1825 46 34 då
1296 1824 212 42 skolplikten
1528 1824 85 32 ökas

126 1887 52 33 till
199 1890 19 30 8
238 1886 80 33 eller
338 1889 19 30 9
378 1885 48 33 år.
445 1884 232 33 Föreskrifter
695 1895 57 21 om
771 1881 234 34 minimiålder
1023 1880 144 33 föreslås
1187 1878 118 34 därför
1324 1878 96 41 utgå.

127 2116 144 33 förvärv
290 2127 44 21 av
351 2114 191 41 slutbetyg.
562 2114 54 32 De
634 2111 220 41 sakkunniga
871 2112 63 32 har
952 2110 166 40 framlagt
1136 2109 128 41 förslag
1281 2120 57 21 om
1357 2107 94 33 vilka
1469 2106 147 37 vitsord,

128 2172 75 21 som
220 2159 107 41 enligt
345 2158 41 34 de
404 2158 238 40 sakkunnigas
660 2156 140 41 mening
817 2156 62 32 bör
895 2156 127 32 krävas
1040 2154 53 32 för
1110 2158 55 28 att
1182 2152 211 42 skolplikten
1411 2151 87 33 skall
1516 2162 100 21 anses

128 2203 177 41 fullgjord.
330 2202 319 33 Bestämmelserna
674 2200 121 33 härom
822 2199 142 33 föreslås
988 2198 92 41 gälla
1104 2197 54 32 för
1183 2196 96 41 varje
1305 2196 108 38 skola,
1438 2195 63 33 där
1526 2194 90 33 skol-

128 2247 136 41 plikten
276 2247 62 32 "må
368 2245 177 41 fullgöras.
568 2244 261 41 Läroplanerna
852 2243 54 32 för
928 2242 101 33 dessa
1053 2241 115 33 skolor
1191 2240 128 33 företer
1341 2239 30 41 ej
1398 2242 109 30 större
1531 2238 85 33 olik-

129 2292 99 32 heter
247 2294 44 29 än
312 2295 55 27 att
386 2288 175 39 enhetliga
581 2287 264 34 bestämmelser
863 2287 62 32 bör
944 2287 122 31 kunna
1088 2284 187 41 tillämpas.

175 2333 220 43 Skolplikten
412 2333 62 32 bör
491 2332 150 40 givetvis
659 2332 171 40 upphöra,
847 2343 57 20 om
923 2329 262 33 vederbörande
1203 2328 58 32 vid
1279 2327 173 42 prövning
1468 2326 150 41 styrker,

131 2383 54 28 att
206 2379 69 32 han
296 2377 178 33 inhämtat
493 2376 216 33 folkskolans
729 2376 157 32 lärokurs
906 2375 79 32 med
1006 2384 93 22 ovan
1119 2374 153 38 angivna
1292 2372 145 32 vitsord.
1456 2372 162 31 Bestäm-

131 2423 171 32 melserna
322 2434 57 20 om
401 2420 108 33 sådan
531 2420 174 41 prövning
726 2422 37 30 är
783 2418 156 33 avsedda
960 2422 55 29 att
1036 2417 128 41 inflyta
1185 2416 8 32 i
1215 2420 109 28 annat
1344 2415 131 41 kapitel
1497 2414 10 32 i
1528 2413 90 34 skol-

131 2467 149 39 stadgan
300 2468 42 30 än
364 2465 60 32 det
442 2477 74 20 som
536 2464 190 32 imnehåller
745 2462 263 34 bestämmelser
1026 2474 57 20 om
1103 2460 179 42 skolplikt.

182 2511 68 32 För
273 2510 124 37 elever,
422 2521 73 20 som
523 2508 125 41 fullgör
671 2507 51 33 sin
748 2506 168 42 skolplikt
941 2507 8 31 i
975 2505 173 34 folkskola
1173 2516 124 30 genom
1322 2508 55 28 att
1400 2504 44 40 gå
1466 2502 10 33 i
1500 2502 118 42 yrkes-
