1912 2842
272 141 18 30 2
667 144 122 31 Första
807 144 238 36 lagutskottets
1067 143 174 32 utlåtande
1259 143 49 31 Nr
1336 144 50 30 44.

977 228 39 30 18
1038 225 32 42 8.

319 297 106 31 Anser
446 297 168 30 samhälle
635 296 80 31 eller
737 296 136 30 enskild
895 296 166 36 sakägare
1083 295 53 30 sin
1157 296 66 29 rätt
1246 304 83 21 vara
1350 294 205 31 förnärmad
1577 302 123 30 genom
1720 296 57 29 be-

275 349 67 30 slut
365 358 74 21 som
462 347 140 38 jämlikt
624 348 92 30 detta
738 347 130 37 kapitel
891 347 191 30 meddelats
1104 355 43 21 av
1168 346 232 37 magistraten,
1424 345 211 38 Konungens
1657 345 120 31 befall-

276 399 259 37 ningshavande
554 399 81 30 eller
655 398 375 37 lantmäteristyrelsen,
1051 398 61 36 äge
1131 398 144 30 däröver
1295 397 124 30 anföra
1439 398 124 29 besvär
1582 397 10 30 i
1612 397 67 30 den
1700 397 77 30 ord-

275 450 82 38 ning
383 459 73 21 som
485 450 55 30 för
566 449 254 37 överklagande
846 458 43 21 av
916 449 219 30 förvaltande
1162 448 255 37 myndigheters
1446 449 66 29 och
1541 448 236 31 ämbetsverks

274 502 111 29 beslut
405 502 38 29 är
464 501 169 30 bestämd.

320 552 124 30 Finner
465 550 116 38 någon
599 568 45 5 —
660 568 46 6 —
724 568 46 5 —
774 546 21 47 å
827 551 165 37 registret.

319 645 120 31 Denna
460 645 56 38 lag
538 646 115 30 träder
674 645 10 30 i
705 645 95 31 kraft
822 645 67 30 den
913 645 15 30 1
951 644 64 38 juli
1042 645 94 30 1936.

907 792 37 48 2
1001 792 133 50 Lag

268 862 186 40 angående
484 862 160 40 ändring
673 863 13 31 i
713 862 98 33 vissa
839 862 103 32 delar
964 871 42 23 av
1028 862 109 40 lagen
1160 861 72 33 den
1256 860 40 33 18
1315 859 87 43 juni
1425 860 83 33 1926
1534 857 60 42 (nr
1617 857 76 41 326)
1718 869 57 24 om

759 912 154 41 delning
935 922 42 23 av
997 911 89 43 jord
1109 914 20 30 å
1152 911 137 33 landet.

318 999 210 37 Härigenom
547 999 194 36 förordnas,
762 1001 50 29 att
832 1000 15 29 1
868 999 78 37 kap.
967 999 20 30 8
1008 997 21 41 8
1049 1001 90 28 samt
1158 999 20 29 9
1197 998 79 37 kap.
1301 999 14 29 1
1337 998 66 30 och
1423 999 18 29 2
1461 996 44 41 $$
1527 998 99 36 lagen
1646 997 67 31 den
1736 998 40 30 18

272 1049 76 38 juni
372 1051 82 30 1926
478 1060 59 20 om
559 1050 138 37 delning
718 1059 43 21 av
786 1050 79 38 jord
887 1049 21 32 å
931 1050 117 30 landet
1072 1050 98 30 skola
1192 1049 10 30 i
1224 1050 114 30 nedan
1362 1049 141 37 intagna
1527 1049 95 30 delar
1644 1047 131 32 erhålla

272 1100 155 38 följande
449 1101 155 31 ändrade
625 1102 141 36 lydelse:

956 1203 15 29 1
993 1201 98 32 KAP.

981 1279 20 30 8
1025 1276 32 42 8.

315 1342 46 35 Är
382 1346 178 38 skifteslag
580 1363 46 5 —
643 1363 45 5 —
706 1363 45 5 —
771 1355 90 22 ovan
884 1347 87 36 sägs.

315 1393 46 35 Är
382 1398 112 30 odelat
516 1397 188 37 skifteslag,
729 1406 76 22 som
826 1397 11 30 i
858 1397 113 30 denna
993 1397 166 37 paragraf
1180 1406 106 27 avses,
1309 1397 10 30 i
1342 1397 52 30 sin
1417 1397 117 30 helhet
1556 1396 11 30 i
1588 1406 43 21 en
1655 1397 119 36 ägares

271 1449 105 35 hand,
397 1449 65 30 och
483 1449 138 36 utgöres
641 1448 212 37 skifteslaget
874 1457 41 21 av
933 1447 58 31 två
1011 1448 82 30 eller
1114 1448 86 30 flera
1219 1448 110 30 under
1349 1448 170 30 särskilda
1539 1447 235 37 jordregister-

271 1509 159 21 nummer
451 1502 180 35 upptagna
654 1499 211 37 fastigheter,
891 1498 44 32 då
956 1498 58 31 må
1036 1498 45 38 på
1105 1499 155 37 yrkande
1282 1508 43 21 av
1348 1500 126 35 ägaren
1498 1499 78 37 laga
1598 1498 104 31 skifte
1723 1498 51 31 till

271 1551 168 36 brytande
458 1559 44 21 av
523 1550 279 37 samfälligheten
822 1550 146 30 emellan
988 1550 101 31 dessa
1111 1551 64 36 äga
1194 1559 88 26 rum,
1304 1549 145 31 såframt
1472 1549 31 37 ej
1525 1550 79 30 med
1625 1550 149 36 tillämp-

271 1601 83 37 ning
376 1610 42 21 av
441 1601 43 31 de
505 1601 11 30 i
540 1601 109 31 första
672 1601 133 37 stycket
830 1601 163 37 stadgade
1018 1601 150 37 grunder
1189 1601 123 31 hinder
1334 1601 121 30 härför
1479 1602 120 29 möter.

316 1651 41 38 Ej
381 1652 86 30 skall
486 1669 46 4 —
549 1670 45 3 —
614 1669 44 5 —
679 1652 55 31 för
756 1652 237 38 avstyckning.

316 1702 70 31 Där
408 1703 104 36 enligt
532 1721 45 3 —
596 1721 45 3 —
661 1720 44 5 —
724 1703 51 31 till
797 1703 235 31 efterrättelse.

947 1829 21 30 9
990 1828 98 31 KAP.

985 1903 71 41 18.

316 1971 161 31 Oskiftad
498 1971 80 38 jord
596 1989 45 4 —
657 1989 45 5 —
719 1989 45 5 —
781 1981 106 22 envar
907 1973 170 36 delägare.

316 2022 140 37 Utgöres
475 2023 212 37 skifteslaget
705 2032 43 21 av
764 2022 58 31 två
840 2024 81 29 eller
938 2023 88 31 flera
1042 2024 164 30 hemman
1223 2024 80 30 eller
1322 2024 54 30 för
1392 2024 50 37 sig
1457 2023 186 31 bestående
1660 2024 113 37 lägen-

270 2073 104 37 heter,
398 2074 97 35 skall,
518 2073 101 31 såvitt
640 2073 106 38 angår
770 2073 233 32 förhållandet
1024 2075 128 30 mellan
1172 2075 99 30 dessa
1292 2075 171 36 inbördes,
1487 2075 67 31 vad
1577 2075 105 37 enligt
1703 2076 69 30 sär-

270 2124 91 31 skild
381 2124 179 31 föreskrift
583 2124 55 31 för
659 2128 97 27 orten
778 2125 81 31 eller
882 2124 166 38 sedvänja
1072 2126 10 30 i
1106 2128 97 28 orten
1225 2126 175 31 användes
1423 2125 115 32 såsom
1559 2125 213 38 jämförelse-

270 2175 111 37 grund
403 2175 54 31 för
478 2176 211 37 delaktighet
710 2176 10 30 i
742 2177 47 37 by
812 2177 91 36 eller,
926 2177 62 30 där
1011 2175 110 32 sådan
1143 2176 311 38 jämförelsegrund
1476 2177 31 38 ej
1533 2177 124 36 finnes,
1681 2177 91 31 oför-

269 2226 157 31 medlade
448 2227 168 30 mantalet
638 2228 121 36 utgöra
783 2227 281 38 delningsgrund.

315 2277 71 30 Har
409 2277 10 30 i
440 2295 46 4 —
509 2295 45 4 —
576 2295 45 4 —
643 2278 51 30 till
716 2278 235 31 efterrättelse.

985 2361 75 41 28.

315 2428 71 31 Har
407 2428 88 38 jord,
518 2438 76 22 som
613 2430 87 30 skall
723 2430 134 36 skiftas,
878 2430 93 31 förut
992 2431 110 30 delats
1124 2438 122 30 genom
1267 2431 407 38 lantmäteriförrättning
1697 2440 75 21 som

269 2479 179 31 fastställts
464 2480 83 30 eller
563 2479 96 38 eljest
675 2482 39 29 är
729 2481 147 37 lagligen
892 2482 169 36 gällande,
1082 2482 97 36 skall,
1197 2481 101 32 såvitt
1315 2482 106 38 angår
1440 2482 233 32 förhållandet
1689 2482 82 31 mel-
