2203 2667
664 160 401 37 Konstitutionsutskottets
1087 167 163 32 utlåtande
1272 167 53 32 Nr
1349 170 48 31 10.
1762 174 14 32 1

948 642 59 41 Nr
1036 644 62 41 10.

827 800 111 28 Ankom
959 802 39 27 till
1019 802 178 38 Riksdagens
1216 805 92 29 kansli
1327 807 53 28 den
1399 809 17 26 4
1435 819 73 18 mars
1528 811 68 27 1913
1614 812 36 27 kl.
1671 813 17 26 4
1707 824 22 17 e.
1748 824 34 17 m.

421 938 457 41 Konstitutionsutskottets
915 946 185 37 utlåtande
1128 949 13 34 i
1169 948 197 49 anledning
1400 964 43 24 av
1471 954 105 35 väckt
1602 957 132 35 motion
1762 969 54 24 om

622 1010 197 45 införande
847 1015 14 34 i
882 1014 268 49 förordningen
1190 1031 54 25 om
1282 1021 182 47 landsting
1504 1036 43 24 av
1577 1025 239 39 bestämmelse

620 1083 185 44 angående
837 1085 267 48 inskränkning
1132 1089 13 34 i
1173 1090 85 35 visst
1279 1091 77 44 fall
1383 1104 43 24 av
1456 1091 358 55 tjänstgöringstiden

613 1150 66 44 för
707 1152 287 48 landstingsmän
1022 1157 63 36 och
1114 1158 105 37 deras
1246 1162 240 45 suppleanter.

417 1302 219 29 Närvarande:
661 1305 94 28 herrar
773 1307 86 33 Edén,
888 1309 140 38 Hellberg,
1048 1311 111 34 Clason,
1187 1314 149 34 Bellinder,
1366 1316 199 36 Mannheimer,
1594 1321 31 27 K.
1651 1321 23 27 J.
1694 1322 117 34 Ekman,

554 1347 105 33 Sehlin,
679 1349 180 39 Wavrinsky,
878 1363 82 26 greve
979 1355 34 27 A.
1033 1355 153 35 Hamilton,
1215 1359 156 37 Bergqvist,
1396 1371 54 18 von
1470 1363 82 34 Bahr,
1572 1364 118 29 Larsson
1705 1368 8 25 i
1726 1367 85 36 Säby,

555 1391 140 36 Nyström,
721 1394 120 29 Larsson
869 1398 9 25 i
908 1397 140 35 Västerås,
1076 1400 122 29 Jansson
1225 1404 10 25 i
1263 1403 111 34 Bråten,
1399 1406 62 33 Räf,
1482 1407 141 35 Waldén",
1649 1411 162 28 Karlsson
1793 1399 22 47 i

556 1436 70 36 Fjäl,
647 1437 163 29 Lundström
831 1439 8 27 i
860 1440 143 38 Göteborg
1022 1443 50 27 och
1094 1444 113 28 Wallin.

546 1531 22 34 ")
590 1533 32 32 Ej
642 1537 172 25 närvarande
833 1539 48 24 vid
900 1540 171 26 utlåtandets
1087 1538 147 43 justering.

342 1645 17 36 I
387 1659 46 24 en
460 1647 102 37 inom
600 1649 132 39 Andra
760 1651 219 41 kammaren
1007 1658 110 37 väckt
1145 1661 154 48 motion,
1329 1676 44 22 nr
1402 1665 59 47 22,
1490 1664 69 36 har
1586 1666 87 36 herr
1700 1669 107 46 Hage

213 1695 206 39 hemställt:

341 1756 75 31 »att
444 1751 219 52 Riksdagen
691 1757 87 36 ville
806 1758 146 38 besluta
978 1767 55 30 att
1051 1763 12 35 i
1082 1763 272 52 förordningen
1374 1781 59 24 om
1454 1769 195 51 landsting
1669 1785 45 23 av
1734 1773 71 37 den

213 1802 45 34 21
303 1814 99 25 mars
447 1805 96 36 1862
585 1807 124 37 införa
749 1822 47 24 en
837 1810 263 41 bestämmelse
1143 1816 140 50 därom,
1323 1824 54 32 att
1404 1820 300 52 landstingsman
1736 1826 70 36 och

212 1854 201 48 suppleant
446 1861 40 31 är
513 1858 254 39 underkastad
796 1863 72 36 den
896 1864 278 54 inskränkning
1201 1869 12 36 i
1242 1870 406 52 tjänstgöringstidens
1676 1876 128 50 längd,

211 1918 80 23 som
333 1907 164 38 skeende
538 1912 296 51 omläggningar
869 1917 87 36 eller
979 1918 205 52 Jämkning
1213 1935 45 23 av
1286 1924 364 53 valkretsindelning
1677 1929 128 37 kunna

211 1956 225 40 föranleda.»

340 2011 73 37 Till
442 2014 85 36 stöd
556 2015 59 37 för
643 2017 66 37 sitt
737 2019 145 51 förslag
909 2021 68 37 har
1004 2024 236 39 motionären
1269 2029 124 37 anfört
1421 2030 183 49 följande:

337 2064 94 38 »Det
458 2066 107 38 torde
592 2082 90 24 vara
711 2076 55 32 ett
793 2086 137 35 genom
961 2075 264 40 erfarenheten
1254 2080 204 51 ådagalagt
1486 2083 158 50 faktum,
1667 2091 54 31 att
1741 2087 62 36 det

207 2117 41 33 är
289 2128 47 23 en
365 2118 246 50 synnerligen
644 2125 86 34 svår
759 2125 153 49 uppgift
941 2131 55 32 att
1022 2128 64 37 vid
1115 2130 277 40 formulerande
1422 2148 46 23 av
1496 2149 74 35 nya
1597 2137 107 49 lagar
1732 2139 70 36 och

207 2166 266 51 förordningar
514 2173 261 38 åstadkomma
809 2190 45 23 en
884 2178 116 37 sådan
1024 2180 157 51 lagtext,
1211 2189 54 32 att
1294 2185 217 39 densamma
1540 2188 105 38 alltid
1673 2193 48 47 på
1749 2196 53 32 ett

208 2218 85 38 fullt
321 2221 141 49 tydligt
490 2223 68 37 och
588 2227 330 52 omissförståeligt
947 2236 75 33 sätt
1050 2238 112 44 säger
1188 2236 111 49 ifrån,
1329 2238 95 37 huru
1445 2240 63 36 det
1527 2241 95 36 skall
1643 2242 157 38 förfaras

207 2271 62 37 vid
299 2274 74 35 alla
401 2275 185 38 tänkbara
613 2278 304 41 kombinationer
944 2297 46 23 av
1020 2285 63 37 fall
1111 2287 103 37 inom
1241 2290 132 48 lagens
1402 2291 87 38 eller
1509 2293 291 51 förordningens

294 2332 127 45 Bihang
445 2336 48 32 till
516 2337 198 44 Riksdagens
732 2343 158 40 protokoll
914 2345 93 33 1913.
1055 2347 21 32 5
1098 2348 90 32 saml.
1235 2351 20 31 9
1278 2350 78 42 häft.
1403 2353 64 41 (Nr
1490 2352 67 41 10)
1738 2357 15 30 1
