2250 2630
399 187 18 27 6
628 186 106 29 Andra
758 188 195 28 Kammarens
980 187 160 39 Tillfälliga
1167 188 125 28 Utskotts
1315 186 74 40 (N:o
1411 188 35 38 2)
1475 188 152 29 Utlåtande
1654 189 54 28 N:o
1733 190 49 27 43.

667 279 40 47 b)
736 281 405 49 Fångvårdsstyrelsen.

500 415 52 36 På
578 416 121 48 grund
726 415 111 37 häraf
861 416 56 36 får
943 417 128 46 kungl.
1098 417 178 49 styrelsen
1304 417 179 46 meddela,
1511 423 55 31 att
1593 418 57 35 till
1678 418 240 46 registratorn
1942 419 67 35 hos

399 467 128 45 kungl.
568 468 177 43 styrelsen
786 467 194 47 åliggande
1021 468 149 46 dagliga
1207 468 167 45 göromål
1409 468 21 36 å
1456 469 299 47 tjänsterummet
1780 470 227 47 väsentligen

399 517 110 36 hörer
541 523 55 30 att
622 517 196 37 diarieföra
844 518 84 37 med
955 523 131 44 posten
1112 518 264 37 inkommande
1403 519 234 46 handlingar,
1665 520 127 36 hvilka
1819 519 41 36 af
1882 520 127 48 kungl.

399 569 199 47 styrelsens
626 568 85 37 chef
734 576 151 41 öppnas,
913 574 54 31 att
994 569 120 36 ordna
1141 569 68 36 och
1236 570 180 36 anteckna
1443 570 113 43 akter,
1585 583 78 23 som
1692 571 56 35 till
1769 571 240 45 registratorn

398 618 41 36 af
470 619 146 36 verkets
648 619 119 47 öfriga
793 620 221 46 tjänstemän
1043 620 92 36 efter
1161 619 202 37 verkställd
1391 621 214 46 expedition
1633 620 254 46 öfverlämnas,
1914 626 97 31 samt

399 674 55 31 att
480 669 232 47 tillhandagå
738 670 85 37 dem
849 670 62 36 vid
939 671 160 36 arkivets
1128 670 251 48 begagnande.
1432 671 72 36 För
1531 671 197 37 utförande
1754 671 41 36 af
1818 672 103 37 dessa
1939 672 69 35 och

399 720 139 36 honom
575 721 9 35 i
621 720 111 47 öfrigt
768 721 193 47 åliggande
997 721 167 47 göromål
1196 721 183 37 erfordras
1406 722 80 36 icke
1513 722 91 36 hans
1632 729 158 30 närvaro
1818 723 21 35 å
1865 723 145 46 tjänstc-

399 776 163 31 rummet
597 774 20 33 å
652 785 124 22 annan
813 779 46 28 än
890 772 146 37 verkets
1064 773 149 45 vanliga
1241 772 298 46 expeditionstid,
1566 772 83 37 från
1677 774 159 35 klockan
1868 776 41 33 11
1939 772 73 37 för-

399 821 200 47 middagen
627 823 57 35 till
711 823 159 36 klockan
892 825 21 34 3
933 822 293 47 eftermiddagen
1246 823 68 36 och
1333 823 39 35 så
1390 823 106 49 långt
1514 823 160 37 därefter
1693 825 143 35 arbetet
1854 823 157 37 kräfver.

398 871 74 37 Att
512 872 129 37 endast
680 872 59 37 för
776 874 61 36 det
872 874 110 47 högst
1008 874 118 36 sällan
1153 874 307 37 förekommande
1487 873 290 48 undantagsfall,
1805 880 54 30 att
1885 874 125 47 någon

399 923 230 48 Riksdagens
656 924 165 36 ledamot
845 925 88 36 eller
951 925 222 47 tjänsteman
1192 925 120 35 skulle
1332 925 115 35 önska
1466 925 21 36 å
1505 938 123 23 annan
1647 925 55 36 tid
1721 926 115 36 vinna
1854 925 158 47 tillgång

400 974 58 35 till
486 975 128 45 kungl.
642 976 197 47 styrelsens
867 976 115 44 arkiv,
1009 975 144 36 hvilket
1166 975 44 47 ju
1229 982 40 28 är
1288 974 40 36 af
1352 988 44 23 en
1424 975 152 37 alldeles
1604 977 149 46 speciell
1777 982 57 30 art
1860 976 68 36 och
1955 976 59 35 till

399 1031 78 29 stor
518 1025 60 36 del
618 1024 167 37 förvaras
820 1025 63 37 vid
920 1025 323 47 centralfängelset
1270 1025 21 36 å
1317 1025 266 47 Långholmen,
1610 1027 134 47 ålägga
1770 1028 242 46 registratorn

400 1080 55 31 att
496 1076 126 46 hvarje
660 1076 340 46 tjänstgöringsdag
1040 1076 119 36 under
1198 1075 269 47 riksdagstiden
1504 1076 63 36 två
1602 1077 149 36 timmar
1782 1078 156 48 tidigare
1966 1085 46 28 än

401 1126 104 47 eljest
532 1134 42 28 är
599 1127 177 45 behöfligt
798 1126 200 49 uppehålla
1021 1127 55 45 sig
1095 1126 19 36 å
1128 1126 437 47 tjänstgöringsrummet,
1589 1127 93 36 låter
1699 1128 56 47 sig
1773 1128 239 46 naturligtvis

400 1184 104 38 göra;
545 1190 85 23 men
667 1178 69 35 har
770 1177 257 37 erfarenheten
1055 1178 101 35 inom
1184 1178 270 36 ämbetsverket
1480 1178 81 36 icke
1587 1178 132 36 hittills
1746 1178 183 37 vitsordat
1955 1179 57 36 be-

400 1227 131 37 hofvet
570 1228 40 36 af
643 1241 42 23 en
727 1228 188 36 föreskrift
950 1229 12 35 i
998 1228 132 36 sådant
1164 1227 218 37 hänseende.
1434 1228 236 48 Lämpligare
1696 1241 109 36 synes
1832 1242 89 23 vara
1949 1234 64 40 att,

401 1278 123 37 därest
560 1278 120 47 någon
710 1279 255 46 riksdagsman
993 1280 121 35 skulle
1141 1279 115 35 önska
1284 1278 167 47 företaga
1479 1279 322 47 undersökningar
1827 1280 90 36 eller
1943 1279 70 36 för-

400 1329 118 36 skaffa
558 1331 55 45 sig
651 1332 57 34 för
748 1330 310 46 riksdagsarbetet
1093 1329 183 46 behöfliga
1312 1330 271 47 upplysningar
1616 1329 41 36 af
1679 1330 254 37 beskaffenhet
1960 1335 56 31 att

400 1380 67 35 här
507 1381 129 35 kunna
674 1380 167 45 erhållas,
882 1380 244 36 meddelande
1162 1380 129 36 därom
1323 1387 105 39 göres
1456 1381 66 35 hos
1549 1381 189 44 styrelsen,
1765 1393 79 24 som
1873 1381 47 36 då
1946 1381 66 36 vill

402 1431 131 46 ålägga
568 1432 55 34 sin
658 1432 216 45 registrator
909 1436 54 31 att
995 1431 21 36 å
1048 1431 141 36 önskad
1220 1431 54 36 tid
1301 1444 90 23 vara
1417 1431 180 37 tillstädes
1625 1445 86 23 vare
1739 1432 55 46 sig
1820 1432 12 36 i
1859 1432 155 36 ämbets-

401 1482 130 36 verket
559 1482 87 36 eller
672 1483 11 35 i
711 1482 142 37 arkivet
880 1482 21 36 å
928 1482 263 48 Långholmen.

931 1582 192 39 SIGFRID
1156 1581 328 39 WIESELGREN.

603 1667 82 38 Joh.
715 1668 164 36 Robbert.
1476 1667 118 37 Viktor
1621 1668 190 50 Almquist.

1720 1733 43 31 N.
1788 1732 142 32 Sandell.

606 1905 40 36 B.
698 1904 578 50 Landtförsvarsdepartementet.

698 2004 406 49 Arméförvaltningen.

506 2142 137 49 Kungl.
670 2141 376 48 arméförvaltningen
1074 2161 45 5 —
1148 2141 143 37 hvilket
1317 2141 242 44 ämbetsverk,
1587 2140 119 36 såsom
1725 2139 126 44 kändt,
1870 2139 148 36 arbetar

405 2193 43 47 på
490 2192 85 49 fyra
613 2194 101 36 inom
749 2192 200 38 hvarderas
976 2191 292 47 hufvudsakliga
1294 2192 300 45 verkningskrets
1622 2189 257 47 själfständiga
1906 2189 113 37 afdel-

405 2245 134 46 vingar
566 2245 88 36 eller
681 2245 255 48 departement
963 2263 48 4 —
1040 2251 93 39 äger,
1166 2244 6 35 i
1199 2248 152 31 motsats
1378 2243 59 35 till
1456 2242 117 36 andra
1592 2241 162 37 centrala
1774 2241 243 45 ämbetsverk,
