1898 2802
258 164 17 28 2
666 166 379 31 Jordbruksutskottets
1069 165 176 32 utlåtande
1268 175 41 20 nr
1335 166 27 28 4.

260 252 123 29 datorn
403 251 104 35 enligt
529 252 14 28 1
566 251 19 37 3
605 260 80 20 vore
704 250 200 36 berättigad,
925 251 82 29 eller
1026 259 57 20 om
1104 250 57 29 det
1180 251 76 34 sätt,
1278 249 107 37 varpå
1404 249 229 37 jämkningen
1653 249 109 29 skulle

260 302 141 30 komma
418 301 227 30 arrendatorn
663 300 49 31 till
732 301 98 35 godo,
850 301 90 36 eller,
960 300 10 30 i
989 300 63 30 fall
1072 309 73 21 som
1166 299 139 37 avsåges
1324 301 10 30 i
1353 301 18 28 2
1392 300 29 37 8,
1441 309 57 20 om
1518 300 244 30 arrendatorns

258 350 158 32 befrielse
442 351 81 31 från
547 351 401 38 ersättningsskyldighet
974 354 172 33 gentemot
1170 350 207 37 jordägaren
1403 351 80 29 eller
1510 349 252 37 omfattningen

260 403 116 29 därav.
410 403 14 29 I
457 402 118 36 dylika
609 402 62 30 fall
706 402 110 30 skulle
850 400 123 37 frågan
1008 403 144 34 avgöras
1176 411 42 20 av
1243 410 42 21 en
1309 400 148 32 särskild
1480 401 142 29 nämnd.
1648 399 115 31 Sådan

260 454 130 29 nämnd
416 453 110 30 skulle
551 451 96 32 bestå
673 462 42 20 av
740 455 50 27 tre
815 461 162 28 personer
1004 453 64 29 och
1095 452 157 30 tillsättas
1279 452 54 30 för
1358 450 151 38 område,
1538 460 75 20 som
1639 450 122 37 Kungl.

260 503 102 36 Maj:t
378 504 85 35 ägde
479 504 203 29 bestämma.
701 503 52 30 En
771 512 42 21 av
830 503 245 36 ledamöterna,
1094 503 114 30 vilken
1225 502 111 30 tillika
1354 502 110 30 skulle
1482 511 83 20 vara
1582 501 179 30 ordföran-

260 555 42 30 de
321 555 11 29 i
352 555 186 35 nämnden,
561 554 108 30 skulle
690 556 91 28 utses
802 563 42 21 av
866 553 122 36 Kungl.
1012 552 110 37 Maj:t.
1145 552 66 31 För
1233 552 95 36 varje
1349 552 413 36 hushållningssällskaps

260 603 380 31 verksamhetsområde
662 605 111 29 skulle
793 614 43 20 av
857 604 245 37 länsstyrelsen
1124 607 90 26 utses
1237 602 57 31 två
1316 603 198 35 ledamöter,
1538 603 93 29 vilka
1654 603 109 29 skulle

260 654 191 37 tjänstgöra
475 656 10 29 i
509 655 176 30 nämnden
710 655 57 30 vid
791 654 210 36 behandling
1027 664 42 20 av
1094 654 127 30 ärende
1245 653 178 37 angående
1447 654 238 30 arrendeavtal
1710 654 52 29 rö-

261 706 107 31 rande
388 705 163 36 fastighet
571 706 94 29 inom
688 706 56 30 det
763 704 152 38 område,
936 705 55 30 för
1012 704 106 31 vilket
1138 705 42 29 de
1201 707 129 27 utsetts.
1353 704 75 30 Den
1450 713 63 21 ene
1534 714 42 20 av
1598 704 99 30 dessa
1719 705 43 28 1e-

261 757 155 29 damöter
435 757 111 30 skulle
563 765 82 21 vara
663 757 101 34 ägare
782 765 43 21 av
842 755 354 37 jordbruksfastighet
1214 755 66 30 och
1298 755 66 29 den
1382 755 108 29 andre
1509 755 185 29 arrendera
1712 753 50 31 så-

261 807 70 30 dan
346 807 172 35 fastighet.
537 806 67 30 För
621 806 236 30 ordföranden
875 807 65 29 och
957 805 97 37 varje
1070 806 151 30 ledamot
1239 806 110 29 skulle
1366 805 185 30 förordnas
1567 814 43 21 en
1629 805 133 36 supple-

261 860 69 28 ant.
353 857 85 31 Ville
459 857 202 31 arrendator
684 856 138 38 påkalla
845 857 194 29 nämndens
1062 856 170 37 prövning
1254 866 42 20 av
1317 855 80 31 tvist
1421 865 75 20 som
1519 854 140 37 avsåges
1682 855 11 29 i
1716 856 46 29 la-

260 916 74 28 gen,
358 908 110 30 skulle
490 909 71 29 han
584 907 56 31 vid
662 909 143 34 äventyr
828 917 43 20 av
892 907 112 30 talans
1027 907 126 30 förlust
1173 906 186 36 bevisligen
1382 907 122 29 därom
1527 906 90 30 hava
1640 906 122 29 under-

261 960 104 29 rättat
391 957 208 37 jordägaren
627 958 74 30 före
727 957 170 37 utgången
926 967 43 21 av
997 956 38 31 år
1066 957 92 30 1942.
1188 957 72 30 Mot
1287 957 193 30 nämndens
1508 957 113 29 beslut
1648 956 116 30 kunde

261 1010 94 29 talan
375 1009 77 30 icke
474 1008 95 31 föras
597 1008 31 40 (3
649 1007 46 40 8).

306 1060 70 30 Där
401 1061 31 35 ej
461 1060 220 30 annorlunda
706 1060 127 29 mellan
859 1059 207 36 jordägaren
1092 1059 65 29 och
1185 1059 227 29 arrendatorn
1437 1057 185 37 åsämjdes,
1649 1058 117 29 kunde

260 1113 67 29 den
348 1111 183 37 jämkning
552 1120 45 21 av
617 1111 56 30 det
694 1111 12 29 i
727 1110 293 36 jordbruksalster
1042 1110 180 30 bestämda
1244 1110 169 34 arrendet,
1436 1110 52 29 till
1510 1109 115 30 vilken
1650 1118 114 21 arren-

260 1161 123 30 datorn
404 1161 104 36 enligt
532 1162 14 28 1
571 1161 18 37 8
611 1170 81 21 vore
711 1160 201 36 berättigad,
934 1160 77 30 icke
1031 1162 85 27 utan
1135 1159 195 36 synnerliga
1352 1159 74 29 skäl
1449 1167 43 21 av
1512 1159 176 29 nämnden
1708 1158 56 30 be-

260 1213 165 29 stämmas
446 1211 45 37 på
513 1210 123 31 sådant
659 1212 75 34 sätt,
757 1213 49 28 att
825 1210 202 36 därigenom
1048 1210 158 30 arrendet
1226 1209 56 30 för
1302 1210 66 29 den
1389 1209 50 30 tid
1460 1209 227 36 jämkningen
1708 1218 55 21 av-

261 1261 79 37 såge
361 1262 172 30 nedsattes
556 1262 79 29 med
656 1270 75 21 mer
751 1262 46 29 än
819 1260 57 31 två
898 1260 208 36 tredjedelar
1126 1270 43 20 av
1189 1260 269 36 prisstegringen
1479 1259 22 31 å
1522 1258 244 38 ifrågakomna

259 1312 294 36 jordbruksalster
575 1311 86 30 efter
682 1312 67 29 den
772 1312 40 29 14
834 1320 92 21 mars
951 1311 93 30 1940.
1068 1310 164 30 Befrielse
1253 1310 79 30 från
1354 1310 195 36 skyldighet
1570 1313 48 27 att
1640 1311 125 29 ersätta

260 1362 108 31 sådan
392 1362 85 31 brist
502 1372 76 20 som
602 1361 140 36 avsåges
766 1363 11 29 i
802 1363 18 28 2
847 1362 18 37 8
891 1362 118 29 kunde
1034 1362 30 35 ej
1090 1364 72 27 mot
1186 1361 224 36 jordägarens
1434 1360 223 31 bestridande
1680 1364 84 27 utan

261 1413 193 37 synnerliga
479 1413 76 30 skäl
579 1412 175 37 medgivas
778 1412 51 30 till
851 1413 108 29 större
982 1412 55 29 del
1060 1413 46 29 än
1127 1411 57 31 två
1207 1411 207 36 tredjedelar
1437 1421 43 20 av
1501 1412 130 30 bristen
1661 1411 31 36 (4
1717 1411 46 39 8).

306 1463 198 37 Ersättning
526 1463 50 31 till
598 1463 193 30 nämndens
814 1462 212 31 ordförande
1047 1463 64 29 och
1132 1463 190 30 ledamöter
1343 1463 112 29 skulle
1475 1463 210 29 bestämmas
1709 1472 54 20 en-

260 1515 60 35 ligt
344 1515 42 30 de
408 1514 153 36 grunder
586 1523 73 21 som
684 1513 123 37 Kungl.
832 1513 101 36 Maj:t
958 1513 202 30 fastställde.
1186 1513 244 36 Ersättningen
1454 1513 51 30 till
1530 1513 233 30 ordföranden

262 1565 110 30 skulle
389 1565 118 36 gäldas
526 1574 43 21 av
586 1564 176 30 allmänna
779 1565 111 29 medel
914 1564 30 38 (5
964 1563 47 39 8).

306 1616 49 29 Av
380 1616 176 29 nämnden
580 1615 181 30 meddelad
787 1615 82 30 dom
893 1615 111 30 skulle
1029 1614 86 31 efter
1139 1615 264 30 överexekutors
1429 1614 237 32 förordnande
1687 1614 44 36 gå
1755 1615 9 29 i

262 1666 116 30 verket
400 1665 72 31 lika
495 1675 74 21 som
592 1666 165 30 domstols
780 1665 307 37 lagakraftägande
1109 1666 81 29 dom
1218 1664 32 39 (6
1273 1664 46 39 $).
1344 1664 128 31 Utöver
1493 1665 67 30 vad
1582 1664 11 30 i
1617 1665 84 30 3—5
1725 1664 40 37 $$

263 1717 149 35 stadgats
428 1717 111 29 skulle
554 1716 220 30 beträffande
790 1716 177 30 nämnden
982 1716 305 31 bestämmelserna
1303 1716 11 29 i
1329 1716 99 36 lagen
1446 1715 68 30 den
1532 1716 39 29 14
1588 1715 76 37 juni
1683 1716 83 29 1929

262 1776 57 20 om
343 1767 185 36 skiljemän
549 1768 11 29 i
584 1767 204 36 tillämpliga
810 1767 95 30 delar
926 1767 106 30 lända
1054 1766 50 30 till
1127 1766 225 30 efterrättelse
1380 1765 29 39 (7
1436 1765 46 40 $).
1519 1766 123 37 Kungl.
1666 1765 100 36 Maj:t

262 1817 86 36 ägde
368 1817 157 31 meddela
547 1817 57 30 för
624 1818 115 35 lagens
761 1817 220 36 tillämpning
1003 1816 223 37 erforderliga
1248 1816 218 31 föreskrifter
1492 1816 32 39 (8
1548 1816 47 40 $).

307 1867 13 30 I
340 1868 203 36 kungörelse
563 1868 66 29 den
646 1868 20 29 6
684 1877 92 21 mars
798 1868 82 30 1942
905 1867 55 39 (nr
978 1866 52 40 73)
1056 1868 46 31 ha
1120 1867 173 36 upptagits
1312 1867 260 30 bestämmelser
1590 1866 178 37 angående

263 1919 140 35 nämnd,
430 1928 76 20 som
532 1917 141 37 avsåges
698 1919 11 29 i
735 1918 265 36 ifrågavarande
1026 1919 64 35 lag.
1117 1918 114 36 Enligt
1258 1918 230 36 kungörelsen
1514 1918 111 30 skulle
1651 1917 116 31 finnas

263 1968 71 30 fem
352 1969 179 30 nämnder.

308 2044 66 30 För
396 2045 172 29 täckande
590 2053 42 21 av
656 2044 232 31 kostnaderna
911 2044 56 30 för
990 2044 43 31 de
1055 2043 11 30 i
1089 2044 99 36 lagen
1212 2044 233 30 omförmälda
1468 2044 218 30 nämnderna
1708 2054 58 20 an-

264 2094 133 31 visades
425 2096 112 29 under
564 2095 236 37 anslagstiteln
828 2095 194 30 Kostnader
1049 2095 10 30 i
1090 2095 170 30 samband
1288 2095 79 30 med
1394 2095 183 36 jämkning
1606 2104 43 20 av
1678 2094 90 31 vissa

263 2145 239 30 arrendeavtal
529 2144 21 31 å
577 2145 185 37 tilläggstat
789 2145 31 30 II
846 2145 51 31 till
924 2145 186 31 riksstaten
1137 2145 56 31 för
1219 2145 202 37 budgetåret
1450 2142 142 34 1941/42
1621 2144 21 32 å
1670 2145 96 30 drift-

262 2195 172 36 budgeten
456 2196 112 30 under
591 2195 126 31 nionde
737 2196 220 30 huvudtiteln
981 2198 47 28 ett
1049 2195 349 38 reservationsanslag
1419 2206 43 21 av
1488 2196 117 36 10,000
1629 2197 137 29 kronor.

309 2271 66 30 För
398 2273 49 28 att
471 2271 107 30 vinna
603 2271 209 37 upplysning
836 2271 149 30 rörande
1009 2271 254 36 verkningarna
1288 2282 42 20 av
1355 2271 244 31 förutberörda
1624 2271 142 36 lagstift-

264 2321 83 36 ning
369 2325 89 27 samt
480 2321 55 31 för
559 2325 48 27 att
629 2321 131 31 erhålla
781 2322 170 36 grundval
973 2321 57 30 för
1051 2322 218 30 bedömande
1290 2332 43 21 av
1356 2321 125 37 frågan
1503 2321 173 31 huruvida
1700 2322 68 36 lag-

264 2371 157 36 stiftning
440 2381 42 21 av
503 2372 242 31 motsvarande
766 2371 153 31 innehåll
939 2372 150 36 alltjämt
1110 2372 217 31 erfordrades
1347 2374 47 29 ha
1413 2372 203 31 utlåtanden
1638 2371 129 32 inford-

265 2424 69 28 rats
355 2421 79 31 från
454 2423 72 30 dels
547 2422 257 32 ordförandena
823 2423 10 30 i
853 2423 42 30 de
914 2422 11 30 i
946 2423 20 29 3
987 2422 19 37 8
1027 2432 43 20 av
1088 2423 100 36 lagen
1207 2423 234 30 omförmälda
1460 2422 218 31 nämnderna
1697 2423 72 30 dels

264 2473 64 29 ock
346 2472 359 36 lantbruksstyrelsen.
725 2473 189 31 Yttranden
931 2474 46 30 ha
995 2474 87 29 även
1100 2473 185 30 inkommit
1302 2472 79 31 från
1401 2473 153 36 Sveriges
1573 2473 195 31 lantbruks-
