<?xml version="1.0" encoding="UTF-8"?>
<alto xmlns="http://www.loc.gov/standards/alto/ns-v3#" xmlns:xlink="http://www.w3.org/1999/xlink" xmlns:xsi="http://www.w3.org/2001/XMLSchema-instance" xsi:schemaLocation="http://www.loc.gov/standards/alto/ns-v3# http://www.loc.gov/alto/v3/alto-3-0.xsd">
	<Description>
		<MeasurementUnit>pixel</MeasurementUnit>
		<sourceImageInformation>
			<fileName>/tmp/tess_cd6_uvcv_input.PNG</fileName>
		</sourceImageInformation>
		<OCRProcessing ID="OCR_0">
			<ocrProcessingStep>
				<processingSoftware>
					<softwareName>tesseract 5.3.0</softwareName>
				</processingSoftware>
			</ocrProcessingStep>
		</OCRProcessing>
	</Description>
	<Layout>
		<Page WIDTH="1922" HEIGHT="2834" PHYSICAL_IMG_NR="0" ID="page_0">
			<PrintSpace HPOS="0" VPOS="0" WIDTH="1922" HEIGHT="2834">
				<ComposedBlock ID="cblock_0" HPOS="527" VPOS="152" WIDTH="1073" HEIGHT="36">
					<TextBlock ID="block_0" HPOS="527" VPOS="152" WIDTH="1073" HEIGHT="36">
						<TextLine ID="line_0" HPOS="527" VPOS="152" WIDTH="1073" HEIGHT="36">
							<String ID="string_0" HPOS="527" VPOS="152" WIDTH="274" HEIGHT="33" WC="0.89" CONTENT="Statsutskottets"/><SP WIDTH="34" VPOS="152" HPOS="801"/>
							<String ID="string_1" HPOS="835" VPOS="156" WIDTH="174" HEIGHT="31" WC="0.94" CONTENT="utlåtande"/><SP WIDTH="34" VPOS="156" HPOS="1009"/>
							<String ID="string_2" HPOS="1043" VPOS="168" WIDTH="41" HEIGHT="19" WC="0.95" CONTENT="nr"/><SP WIDTH="33" VPOS="168" HPOS="1084"/>
							<String ID="string_3" HPOS="1117" VPOS="158" WIDTH="70" HEIGHT="30" WC="0.88" CONTENT="159."/><SP WIDTH="397" VPOS="158" HPOS="1187"/>
							<String ID="string_4" HPOS="1584" VPOS="159" WIDTH="16" HEIGHT="29" WC="0.91" CONTENT="7"/>
						</TextLine>
					</TextBlock>
				</ComposedBlock>
				<ComposedBlock ID="cblock_1" HPOS="112" VPOS="249" WIDTH="1495" HEIGHT="1516">
					<TextBlock ID="block_1" HPOS="112" VPOS="249" WIDTH="1491" HEIGHT="268">
						<TextLine ID="line_1" HPOS="112" VPOS="249" WIDTH="1491" HEIGHT="45">
							<String ID="string_5" HPOS="112" VPOS="260" WIDTH="43" HEIGHT="20" WC="0.91" CONTENT="va"/><SP WIDTH="17" VPOS="260" HPOS="155"/>
							<String ID="string_6" HPOS="172" VPOS="249" WIDTH="109" HEIGHT="39" WC="0.91" CONTENT="utgålt"/><SP WIDTH="17" VPOS="249" HPOS="281"/>
							<String ID="string_7" HPOS="298" VPOS="252" WIDTH="121" HEIGHT="29" WC="0.95" CONTENT="endast"/><SP WIDTH="19" VPOS="252" HPOS="419"/>
							<String ID="string_8" HPOS="438" VPOS="252" WIDTH="48" HEIGHT="30" WC="0.93" CONTENT="till"/><SP WIDTH="17" VPOS="252" HPOS="486"/>
							<String ID="string_9" HPOS="503" VPOS="253" WIDTH="461" HEIGHT="37" WC="0.90" CONTENT="poststationsföreståndare"/><SP WIDTH="19" VPOS="253" HPOS="964"/>
							<String ID="string_10" HPOS="983" VPOS="257" WIDTH="79" HEIGHT="29" WC="0.96" CONTENT="med"/><SP WIDTH="18" VPOS="257" HPOS="1062"/>
							<String ID="string_11" HPOS="1080" VPOS="258" WIDTH="126" HEIGHT="29" WC="0.96" CONTENT="arvode"/><SP WIDTH="18" VPOS="258" HPOS="1206"/>
							<String ID="string_12" HPOS="1224" VPOS="258" WIDTH="103" HEIGHT="36" WC="0.92" CONTENT="enligt"/><SP WIDTH="19" VPOS="258" HPOS="1327"/>
							<String ID="string_13" HPOS="1346" VPOS="259" WIDTH="257" HEIGHT="30" WC="0.91" CONTENT="löneklasserna"/>
						</TextLine>
						<TextLine ID="line_2" HPOS="116" VPOS="294" WIDTH="1486" HEIGHT="46">
							<String ID="string_14" HPOS="116" VPOS="295" WIDTH="116" HEIGHT="35" WC="0.29" CONTENT="1—-10,"/><SP WIDTH="24" VPOS="295" HPOS="232"/>
							<String ID="string_15" HPOS="256" VPOS="294" WIDTH="103" HEIGHT="37" WC="0.96" CONTENT="vilka,"/><SP WIDTH="26" VPOS="294" HPOS="359"/>
							<String ID="string_16" HPOS="385" VPOS="295" WIDTH="113" HEIGHT="31" WC="0.96" CONTENT="såsom"/><SP WIDTH="23" VPOS="295" HPOS="498"/>
							<String ID="string_17" HPOS="521" VPOS="296" WIDTH="94" HEIGHT="32" WC="0.96" CONTENT="förut"/><SP WIDTH="24" VPOS="296" HPOS="615"/>
							<String ID="string_18" HPOS="639" VPOS="298" WIDTH="149" HEIGHT="36" WC="0.95" CONTENT="nämnts,"/><SP WIDTH="25" VPOS="298" HPOS="788"/>
							<String ID="string_19" HPOS="813" VPOS="300" WIDTH="60" HEIGHT="29" WC="0.96" CONTENT="äro"/><SP WIDTH="23" VPOS="300" HPOS="873"/>
							<String ID="string_20" HPOS="896" VPOS="300" WIDTH="171" HEIGHT="30" WC="0.96" CONTENT="identiska"/><SP WIDTH="24" VPOS="300" HPOS="1067"/>
							<String ID="string_21" HPOS="1091" VPOS="302" WIDTH="79" HEIGHT="29" WC="0.96" CONTENT="med"/><SP WIDTH="23" VPOS="302" HPOS="1170"/>
							<String ID="string_22" HPOS="1193" VPOS="302" WIDTH="100" HEIGHT="30" WC="0.96" CONTENT="civila"/><SP WIDTH="24" VPOS="302" HPOS="1293"/>
							<String ID="string_23" HPOS="1317" VPOS="303" WIDTH="285" HEIGHT="37" WC="0.88" CONTENT="avlöningsregle-"/>
						</TextLine>
						<TextLine ID="line_3" HPOS="112" VPOS="342" WIDTH="1490" HEIGHT="42">
							<String ID="string_24" HPOS="112" VPOS="342" WIDTH="146" HEIGHT="28" WC="0.93" CONTENT="mentets"/><SP WIDTH="17" VPOS="342" HPOS="258"/>
							<String ID="string_25" HPOS="275" VPOS="342" WIDTH="243" HEIGHT="29" WC="0.93" CONTENT="motsvarande"/><SP WIDTH="18" VPOS="342" HPOS="518"/>
							<String ID="string_26" HPOS="536" VPOS="342" WIDTH="219" HEIGHT="31" WC="0.91" CONTENT="löneklasser."/><SP WIDTH="21" VPOS="342" HPOS="755"/>
							<String ID="string_27" HPOS="776" VPOS="343" WIDTH="389" HEIGHT="39" WC="0.90" CONTENT="Generalpoststyrelsen"/><SP WIDTH="18" VPOS="343" HPOS="1165"/>
							<String ID="string_28" HPOS="1183" VPOS="346" WIDTH="87" HEIGHT="30" WC="0.96" CONTENT="fann"/><SP WIDTH="18" VPOS="346" HPOS="1270"/>
							<String ID="string_29" HPOS="1288" VPOS="347" WIDTH="89" HEIGHT="30" WC="0.96" CONTENT="dock"/><SP WIDTH="19" VPOS="347" HPOS="1377"/>
							<String ID="string_30" HPOS="1396" VPOS="347" WIDTH="123" HEIGHT="37" WC="0.92" CONTENT="skäligt"/><SP WIDTH="19" VPOS="347" HPOS="1519"/>
							<String ID="string_31" HPOS="1538" VPOS="348" WIDTH="64" HEIGHT="30" WC="0.92" CONTENT="till-"/>
						</TextLine>
						<TextLine ID="line_4" HPOS="113" VPOS="383" WIDTH="1490" HEIGHT="44">
							<String ID="string_32" HPOS="113" VPOS="383" WIDTH="154" HEIGHT="31" WC="0.96" CONTENT="erkänna"/><SP WIDTH="16" VPOS="383" HPOS="267"/>
							<String ID="string_33" HPOS="283" VPOS="384" WIDTH="87" HEIGHT="30" WC="0.96" CONTENT="även"/><SP WIDTH="16" VPOS="384" HPOS="370"/>
							<String ID="string_34" HPOS="386" VPOS="385" WIDTH="117" HEIGHT="39" WC="0.78" CONTENT="Övriga"/><SP WIDTH="15" VPOS="385" HPOS="503"/>
							<String ID="string_35" HPOS="518" VPOS="386" WIDTH="461" HEIGHT="38" WC="0.91" CONTENT="poststationsföreståndare"/><SP WIDTH="18" VPOS="386" HPOS="979"/>
							<String ID="string_36" HPOS="997" VPOS="390" WIDTH="113" HEIGHT="30" WC="0.96" CONTENT="denna"/><SP WIDTH="17" VPOS="390" HPOS="1110"/>
							<String ID="string_37" HPOS="1127" VPOS="390" WIDTH="148" HEIGHT="36" WC="0.96" CONTENT="förmån,"/><SP WIDTH="19" VPOS="390" HPOS="1275"/>
							<String ID="string_38" HPOS="1294" VPOS="392" WIDTH="123" HEIGHT="29" WC="0.96" CONTENT="därvid"/><SP WIDTH="16" VPOS="392" HPOS="1417"/>
							<String ID="string_39" HPOS="1433" VPOS="392" WIDTH="99" HEIGHT="35" WC="0.93" CONTENT="dock,"/><SP WIDTH="20" VPOS="392" HPOS="1532"/>
							<String ID="string_40" HPOS="1552" VPOS="392" WIDTH="51" HEIGHT="31" WC="0.93" CONTENT="så-"/>
						</TextLine>
						<TextLine ID="line_5" HPOS="113" VPOS="428" WIDTH="1490" HEIGHT="45">
							<String ID="string_41" HPOS="113" VPOS="437" WIDTH="76" HEIGHT="21" WC="0.96" CONTENT="som"/><SP WIDTH="20" VPOS="437" HPOS="189"/>
							<String ID="string_42" HPOS="209" VPOS="437" WIDTH="89" HEIGHT="21" WC="0.95" CONTENT="ovan"/><SP WIDTH="20" VPOS="437" HPOS="298"/>
							<String ID="string_43" HPOS="318" VPOS="428" WIDTH="219" HEIGHT="38" WC="0.93" CONTENT="framhållits,"/><SP WIDTH="21" VPOS="428" HPOS="537"/>
							<String ID="string_44" HPOS="558" VPOS="431" WIDTH="171" HEIGHT="39" WC="0.93" CONTENT="beloppen"/><SP WIDTH="20" VPOS="431" HPOS="729"/>
							<String ID="string_45" HPOS="749" VPOS="432" WIDTH="180" HEIGHT="38" WC="0.91" CONTENT="jämkades"/><SP WIDTH="20" VPOS="432" HPOS="929"/>
							<String ID="string_46" HPOS="949" VPOS="435" WIDTH="79" HEIGHT="29" WC="0.96" CONTENT="med"/><SP WIDTH="20" VPOS="435" HPOS="1028"/>
							<String ID="string_47" HPOS="1048" VPOS="434" WIDTH="138" HEIGHT="38" WC="0.96" CONTENT="hänsyn"/><SP WIDTH="20" VPOS="434" HPOS="1186"/>
							<String ID="string_48" HPOS="1206" VPOS="435" WIDTH="50" HEIGHT="30" WC="0.96" CONTENT="till"/><SP WIDTH="21" VPOS="435" HPOS="1256"/>
							<String ID="string_49" HPOS="1277" VPOS="439" WIDTH="48" HEIGHT="27" WC="0.96" CONTENT="att"/><SP WIDTH="20" VPOS="439" HPOS="1325"/>
							<String ID="string_50" HPOS="1345" VPOS="435" WIDTH="98" HEIGHT="38" WC="0.96" CONTENT="fråga"/><SP WIDTH="22" VPOS="435" HPOS="1443"/>
							<String ID="string_51" HPOS="1465" VPOS="446" WIDTH="61" HEIGHT="21" WC="0.96" CONTENT="var"/><SP WIDTH="20" VPOS="446" HPOS="1526"/>
							<String ID="string_52" HPOS="1546" VPOS="447" WIDTH="57" HEIGHT="20" WC="0.96" CONTENT="om"/>
						</TextLine>
						<TextLine ID="line_6" HPOS="113" VPOS="474" WIDTH="1251" HEIGHT="43">
							<String ID="string_53" HPOS="113" VPOS="474" WIDTH="170" HEIGHT="36" WC="0.96" CONTENT="personal,"/><SP WIDTH="24" VPOS="474" HPOS="283"/>
							<String ID="string_54" HPOS="307" VPOS="483" WIDTH="75" HEIGHT="21" WC="0.96" CONTENT="som"/><SP WIDTH="22" VPOS="483" HPOS="382"/>
							<String ID="string_55" HPOS="404" VPOS="474" WIDTH="76" HEIGHT="31" WC="0.96" CONTENT="icke"/><SP WIDTH="22" VPOS="474" HPOS="480"/>
							<String ID="string_56" HPOS="502" VPOS="475" WIDTH="89" HEIGHT="31" WC="0.96" CONTENT="hade"/><SP WIDTH="22" VPOS="475" HPOS="591"/>
							<String ID="string_57" HPOS="613" VPOS="475" WIDTH="63" HEIGHT="31" WC="0.95" CONTENT="full"/><SP WIDTH="24" VPOS="475" HPOS="676"/>
							<String ID="string_58" HPOS="700" VPOS="477" WIDTH="258" HEIGHT="39" WC="0.96" CONTENT="sysselsättning"/><SP WIDTH="22" VPOS="477" HPOS="958"/>
							<String ID="string_59" HPOS="980" VPOS="478" WIDTH="10" HEIGHT="30" WC="0.93" CONTENT="i"/><SP WIDTH="23" VPOS="478" HPOS="990"/>
							<String ID="string_60" HPOS="1013" VPOS="480" WIDTH="213" HEIGHT="36" WC="0.91" CONTENT="postverkets"/><SP WIDTH="23" VPOS="480" HPOS="1226"/>
							<String ID="string_61" HPOS="1249" VPOS="480" WIDTH="115" HEIGHT="37" WC="0.96" CONTENT="tjänst."/>
						</TextLine>
					</TextBlock>
					<TextBlock ID="block_2" HPOS="113" VPOS="519" WIDTH="1490" HEIGHT="208">
						<TextLine ID="line_7" HPOS="158" VPOS="519" WIDTH="1445" HEIGHT="44">
							<String ID="string_62" HPOS="158" VPOS="519" WIDTH="50" HEIGHT="30" WC="0.93" CONTENT="Av"/><SP WIDTH="18" VPOS="519" HPOS="208"/>
							<String ID="string_63" HPOS="226" VPOS="519" WIDTH="138" HEIGHT="38" WC="0.91" CONTENT="bilagda"/><SP WIDTH="19" VPOS="519" HPOS="364"/>
							<String ID="string_64" HPOS="383" VPOS="519" WIDTH="338" HEIGHT="41" WC="0.95" CONTENT="sammanställning!"/><SP WIDTH="20" VPOS="519" HPOS="721"/>
							<String ID="string_65" HPOS="741" VPOS="522" WIDTH="163" HEIGHT="38" WC="0.96" CONTENT="framgår,"/><SP WIDTH="12" VPOS="522" HPOS="904"/>
							<String ID="string_66" HPOS="916" VPOS="524" WIDTH="79" HEIGHT="29" WC="0.96" CONTENT="med"/><SP WIDTH="12" VPOS="524" HPOS="995"/>
							<String ID="string_67" HPOS="1007" VPOS="524" WIDTH="93" HEIGHT="30" WC="0.96" CONTENT="vilka"/><SP WIDTH="11" VPOS="524" HPOS="1100"/>
							<String ID="string_68" HPOS="1111" VPOS="524" WIDTH="124" HEIGHT="38" WC="0.96" CONTENT="belopp"/><SP WIDTH="13" VPOS="524" HPOS="1235"/>
							<String ID="string_69" HPOS="1248" VPOS="526" WIDTH="127" HEIGHT="29" WC="0.30" CONTENT="arvode"/><SP WIDTH="10" VPOS="526" HPOS="1375"/>
							<String ID="string_70" HPOS="1385" VPOS="525" WIDTH="65" HEIGHT="30" WC="0.93" CONTENT="och"/><SP WIDTH="12" VPOS="525" HPOS="1450"/>
							<String ID="string_71" HPOS="1462" VPOS="535" WIDTH="141" HEIGHT="28" WC="0.92" CONTENT="expens-"/>
						</TextLine>
						<TextLine ID="line_8" HPOS="113" VPOS="563" WIDTH="1490" HEIGHT="44">
							<String ID="string_72" HPOS="113" VPOS="563" WIDTH="130" HEIGHT="38" WC="0.95" CONTENT="anslag,"/><SP WIDTH="20" VPOS="563" HPOS="243"/>
							<String ID="string_73" HPOS="263" VPOS="563" WIDTH="170" HEIGHT="31" WC="0.96" CONTENT="inklusive"/><SP WIDTH="18" VPOS="563" HPOS="433"/>
							<String ID="string_74" HPOS="451" VPOS="565" WIDTH="118" HEIGHT="38" WC="0.96" CONTENT="rörligt"/><SP WIDTH="19" VPOS="565" HPOS="569"/>
							<String ID="string_75" HPOS="588" VPOS="566" WIDTH="116" HEIGHT="38" WC="0.96" CONTENT="tillägg"/><SP WIDTH="19" VPOS="566" HPOS="704"/>
							<String ID="string_76" HPOS="723" VPOS="567" WIDTH="66" HEIGHT="29" WC="0.96" CONTENT="och"/><SP WIDTH="19" VPOS="567" HPOS="789"/>
							<String ID="string_77" HPOS="808" VPOS="568" WIDTH="224" HEIGHT="37" WC="0.93" CONTENT="provisoriskt"/><SP WIDTH="20" VPOS="568" HPOS="1032"/>
							<String ID="string_78" HPOS="1052" VPOS="569" WIDTH="336" HEIGHT="38" WC="0.91" CONTENT="ersättningstillägg,"/><SP WIDTH="19" VPOS="569" HPOS="1388"/>
							<String ID="string_79" HPOS="1407" VPOS="570" WIDTH="56" HEIGHT="30" WC="0.93" CONTENT="för"/><SP WIDTH="18" VPOS="570" HPOS="1463"/>
							<String ID="string_80" HPOS="1481" VPOS="571" WIDTH="122" HEIGHT="30" WC="0.91" CONTENT="närva-"/>
						</TextLine>
						<TextLine ID="line_9" HPOS="113" VPOS="606" WIDTH="1490" HEIGHT="46">
							<String ID="string_81" HPOS="113" VPOS="606" WIDTH="108" HEIGHT="31" WC="0.96" CONTENT="rande"/><SP WIDTH="20" VPOS="606" HPOS="221"/>
							<String ID="string_82" HPOS="241" VPOS="606" WIDTH="81" HEIGHT="39" WC="0.96" CONTENT="utgå"/><SP WIDTH="20" VPOS="606" HPOS="322"/>
							<String ID="string_83" HPOS="342" VPOS="608" WIDTH="50" HEIGHT="30" WC="0.90" CONTENT="till"/><SP WIDTH="19" VPOS="608" HPOS="392"/>
							<String ID="string_84" HPOS="411" VPOS="609" WIDTH="462" HEIGHT="38" WC="0.90" CONTENT="poststationsföreståndare"/><SP WIDTH="20" VPOS="609" HPOS="873"/>
							<String ID="string_85" HPOS="893" VPOS="621" WIDTH="42" HEIGHT="21" WC="0.96" CONTENT="av"/><SP WIDTH="20" VPOS="621" HPOS="935"/>
							<String ID="string_86" HPOS="955" VPOS="612" WIDTH="93" HEIGHT="31" WC="0.95" CONTENT="klass"/><SP WIDTH="23" VPOS="612" HPOS="1048"/>
							<String ID="string_87" HPOS="1071" VPOS="613" WIDTH="49" HEIGHT="36" WC="0.96" CONTENT="13,"/><SP WIDTH="24" VPOS="613" HPOS="1120"/>
							<String ID="string_88" HPOS="1144" VPOS="614" WIDTH="49" HEIGHT="35" WC="0.96" CONTENT="15,"/><SP WIDTH="23" VPOS="614" HPOS="1193"/>
							<String ID="string_89" HPOS="1216" VPOS="614" WIDTH="37" HEIGHT="29" WC="0.96" CONTENT="17"/><SP WIDTH="23" VPOS="614" HPOS="1253"/>
							<String ID="string_90" HPOS="1276" VPOS="615" WIDTH="65" HEIGHT="30" WC="0.96" CONTENT="och"/><SP WIDTH="21" VPOS="615" HPOS="1341"/>
							<String ID="string_91" HPOS="1362" VPOS="615" WIDTH="41" HEIGHT="29" WC="0.96" CONTENT="20"/><SP WIDTH="19" VPOS="615" HPOS="1403"/>
							<String ID="string_92" HPOS="1422" VPOS="614" WIDTH="46" HEIGHT="38" WC="0.93" CONTENT="på"/><SP WIDTH="19" VPOS="614" HPOS="1468"/>
							<String ID="string_93" HPOS="1487" VPOS="615" WIDTH="52" HEIGHT="37" WC="0.92" CONTENT="A-,"/><SP WIDTH="23" VPOS="615" HPOS="1539"/>
							<String ID="string_94" HPOS="1562" VPOS="615" WIDTH="41" HEIGHT="30" WC="0.92" CONTENT="E-"/>
						</TextLine>
						<TextLine ID="line_10" HPOS="113" VPOS="651" WIDTH="1490" HEIGHT="45">
							<String ID="string_95" HPOS="113" VPOS="652" WIDTH="66" HEIGHT="29" WC="0.93" CONTENT="och"/><SP WIDTH="24" VPOS="652" HPOS="179"/>
							<String ID="string_96" HPOS="203" VPOS="651" WIDTH="83" HEIGHT="32" WC="0.81" CONTENT="I-ort"/><SP WIDTH="22" VPOS="651" HPOS="286"/>
							<String ID="string_97" HPOS="308" VPOS="653" WIDTH="164" HEIGHT="30" WC="0.93" CONTENT="ävensom"/><SP WIDTH="21" VPOS="653" HPOS="472"/>
							<String ID="string_98" HPOS="493" VPOS="654" WIDTH="456" HEIGHT="41" WC="0.91" CONTENT="ersättningsförhöjningen"/><SP WIDTH="20" VPOS="654" HPOS="949"/>
							<String ID="string_99" HPOS="969" VPOS="657" WIDTH="58" HEIGHT="31" WC="0.96" CONTENT="vid"/><SP WIDTH="22" VPOS="657" HPOS="1027"/>
							<String ID="string_100" HPOS="1049" VPOS="657" WIDTH="238" HEIGHT="39" WC="0.96" CONTENT="uppflyttning"/><SP WIDTH="22" VPOS="657" HPOS="1287"/>
							<String ID="string_101" HPOS="1309" VPOS="659" WIDTH="51" HEIGHT="30" WC="0.96" CONTENT="till"/><SP WIDTH="23" VPOS="659" HPOS="1360"/>
							<String ID="string_102" HPOS="1383" VPOS="660" WIDTH="106" HEIGHT="36" WC="0.93" CONTENT="högre"/><SP WIDTH="22" VPOS="660" HPOS="1489"/>
							<String ID="string_103" HPOS="1511" VPOS="661" WIDTH="92" HEIGHT="29" WC="0.91" CONTENT="löne-"/>
						</TextLine>
						<TextLine ID="line_11" HPOS="113" VPOS="697" WIDTH="104" HEIGHT="30">
							<String ID="string_104" HPOS="113" VPOS="697" WIDTH="104" HEIGHT="30" WC="0.95" CONTENT="klass."/>
						</TextLine>
					</TextBlock>
					<TextBlock ID="block_3" HPOS="113" VPOS="740" WIDTH="1494" HEIGHT="622">
						<TextLine ID="line_12" HPOS="158" VPOS="740" WIDTH="1446" HEIGHT="43">
							<String ID="string_105" HPOS="158" VPOS="740" WIDTH="66" HEIGHT="32" WC="0.93" CONTENT="Vid"/><SP WIDTH="17" VPOS="740" HPOS="224"/>
							<String ID="string_106" HPOS="241" VPOS="741" WIDTH="234" HEIGHT="33" WC="0.89" CONTENT="tillträdandet"/><SP WIDTH="18" VPOS="741" HPOS="475"/>
							<String ID="string_107" HPOS="493" VPOS="753" WIDTH="43" HEIGHT="20" WC="0.93" CONTENT="av"/><SP WIDTH="17" VPOS="753" HPOS="536"/>
							<String ID="string_108" HPOS="553" VPOS="744" WIDTH="640" HEIGHT="39" WC="0.92" CONTENT="poststationsföreståndarbefattning"/><SP WIDTH="19" VPOS="744" HPOS="1193"/>
							<String ID="string_109" HPOS="1212" VPOS="746" WIDTH="146" HEIGHT="32" WC="0.93" CONTENT="erhåller"/><SP WIDTH="19" VPOS="746" HPOS="1358"/>
							<String ID="string_110" HPOS="1377" VPOS="748" WIDTH="227" HEIGHT="31" WC="0.91" CONTENT="vederböran-"/>
						</TextLine>
						<TextLine ID="line_13" HPOS="114" VPOS="785" WIDTH="1491" HEIGHT="43">
							<String ID="string_111" HPOS="114" VPOS="785" WIDTH="42" HEIGHT="31" WC="0.96" CONTENT="de"/><SP WIDTH="18" VPOS="785" HPOS="156"/>
							<String ID="string_112" HPOS="174" VPOS="786" WIDTH="10" HEIGHT="29" WC="0.96" CONTENT="i"/><SP WIDTH="18" VPOS="786" HPOS="184"/>
							<String ID="string_113" HPOS="202" VPOS="786" WIDTH="89" HEIGHT="38" WC="0.95" CONTENT="regel"/><SP WIDTH="18" VPOS="786" HPOS="291"/>
							<String ID="string_114" HPOS="309" VPOS="787" WIDTH="127" HEIGHT="30" WC="0.96" CONTENT="arvode"/><SP WIDTH="17" VPOS="787" HPOS="436"/>
							<String ID="string_115" HPOS="453" VPOS="787" WIDTH="103" HEIGHT="38" WC="0.96" CONTENT="enligt"/><SP WIDTH="18" VPOS="787" HPOS="556"/>
							<String ID="string_116" HPOS="574" VPOS="789" WIDTH="110" HEIGHT="36" WC="0.93" CONTENT="lägsta"/><SP WIDTH="19" VPOS="789" HPOS="684"/>
							<String ID="string_117" HPOS="703" VPOS="789" WIDTH="216" HEIGHT="31" WC="0.90" CONTENT="löneklassen"/><SP WIDTH="19" VPOS="789" HPOS="919"/>
							<String ID="string_118" HPOS="938" VPOS="791" WIDTH="95" HEIGHT="29" WC="0.96" CONTENT="inom"/><SP WIDTH="19" VPOS="791" HPOS="1033"/>
							<String ID="string_119" HPOS="1052" VPOS="800" WIDTH="87" HEIGHT="28" WC="0.93" CONTENT="resp."/><SP WIDTH="20" VPOS="800" HPOS="1139"/>
							<String ID="string_120" HPOS="1159" VPOS="792" WIDTH="327" HEIGHT="36" WC="0.91" CONTENT="poststationsklass."/><SP WIDTH="22" VPOS="792" HPOS="1486"/>
							<String ID="string_121" HPOS="1508" VPOS="793" WIDTH="97" HEIGHT="30" WC="0.96" CONTENT="Efter"/>
						</TextLine>
						<TextLine ID="line_14" HPOS="114" VPOS="830" WIDTH="1491" HEIGHT="44">
							<String ID="string_122" HPOS="114" VPOS="830" WIDTH="71" HEIGHT="30" WC="0.96" CONTENT="fem"/><SP WIDTH="16" VPOS="830" HPOS="185"/>
							<String ID="string_123" HPOS="201" VPOS="830" WIDTH="56" HEIGHT="31" WC="0.95" CONTENT="års"/><SP WIDTH="15" VPOS="830" HPOS="257"/>
							<String ID="string_124" HPOS="272" VPOS="831" WIDTH="230" HEIGHT="39" WC="0.93" CONTENT="tjänstgöring"/><SP WIDTH="14" VPOS="831" HPOS="502"/>
							<String ID="string_125" HPOS="516" VPOS="833" WIDTH="193" HEIGHT="38" WC="0.91" CONTENT="uppflyttas"/><SP WIDTH="17" VPOS="833" HPOS="709"/>
							<String ID="string_126" HPOS="726" VPOS="834" WIDTH="489" HEIGHT="38" WC="0.91" CONTENT="poststationsföreståndaren"/><SP WIDTH="15" VPOS="834" HPOS="1215"/>
							<String ID="string_127" HPOS="1230" VPOS="837" WIDTH="111" HEIGHT="29" WC="0.96" CONTENT="under"/><SP WIDTH="17" VPOS="837" HPOS="1341"/>
							<String ID="string_128" HPOS="1358" VPOS="837" WIDTH="247" HEIGHT="37" WC="0.96" CONTENT="förutsättning"/>
						</TextLine>
						<TextLine ID="line_15" HPOS="113" VPOS="875" WIDTH="1491" HEIGHT="44">
							<String ID="string_129" HPOS="113" VPOS="884" WIDTH="43" HEIGHT="21" WC="0.96" CONTENT="av"/><SP WIDTH="24" VPOS="884" HPOS="156"/>
							<String ID="string_130" HPOS="180" VPOS="875" WIDTH="54" HEIGHT="30" WC="0.93" CONTENT="väl"/><SP WIDTH="23" VPOS="875" HPOS="234"/>
							<String ID="string_131" HPOS="257" VPOS="875" WIDTH="177" HEIGHT="31" WC="0.92" CONTENT="vitsordad"/><SP WIDTH="22" VPOS="875" HPOS="434"/>
							<String ID="string_132" HPOS="456" VPOS="876" WIDTH="228" HEIGHT="40" WC="0.96" CONTENT="tjänstgöring"/><SP WIDTH="23" VPOS="876" HPOS="684"/>
							<String ID="string_133" HPOS="707" VPOS="878" WIDTH="51" HEIGHT="30" WC="0.95" CONTENT="till"/><SP WIDTH="22" VPOS="878" HPOS="758"/>
							<String ID="string_134" HPOS="780" VPOS="879" WIDTH="153" HEIGHT="30" WC="0.96" CONTENT="närmast"/><SP WIDTH="23" VPOS="879" HPOS="933"/>
							<String ID="string_135" HPOS="956" VPOS="880" WIDTH="107" HEIGHT="37" WC="0.93" CONTENT="högre"/><SP WIDTH="22" VPOS="880" HPOS="1063"/>
							<String ID="string_136" HPOS="1085" VPOS="880" WIDTH="183" HEIGHT="31" WC="0.90" CONTENT="löneklass."/><SP WIDTH="26" VPOS="880" HPOS="1268"/>
							<String ID="string_137" HPOS="1294" VPOS="880" WIDTH="200" HEIGHT="39" WC="0.93" CONTENT="Ytterligare"/><SP WIDTH="24" VPOS="880" HPOS="1494"/>
							<String ID="string_138" HPOS="1518" VPOS="892" WIDTH="86" HEIGHT="27" WC="0.92" CONTENT="upp-"/>
						</TextLine>
						<TextLine ID="line_16" HPOS="113" VPOS="920" WIDTH="1491" HEIGHT="43">
							<String ID="string_139" HPOS="113" VPOS="920" WIDTH="165" HEIGHT="39" WC="0.96" CONTENT="flyttning"/><SP WIDTH="16" VPOS="920" HPOS="278"/>
							<String ID="string_140" HPOS="294" VPOS="921" WIDTH="50" HEIGHT="30" WC="0.95" CONTENT="till"/><SP WIDTH="16" VPOS="921" HPOS="344"/>
							<String ID="string_141" HPOS="360" VPOS="921" WIDTH="107" HEIGHT="39" WC="0.93" CONTENT="högre"/><SP WIDTH="16" VPOS="921" HPOS="467"/>
							<String ID="string_142" HPOS="483" VPOS="922" WIDTH="172" HEIGHT="31" WC="0.91" CONTENT="löneklass"/><SP WIDTH="17" VPOS="922" HPOS="655"/>
							<String ID="string_143" HPOS="672" VPOS="923" WIDTH="78" HEIGHT="30" WC="0.97" CONTENT="sker"/><SP WIDTH="16" VPOS="923" HPOS="750"/>
							<String ID="string_144" HPOS="766" VPOS="924" WIDTH="150" HEIGHT="30" WC="0.96" CONTENT="därefter"/><SP WIDTH="17" VPOS="924" HPOS="916"/>
							<String ID="string_145" HPOS="933" VPOS="925" WIDTH="79" HEIGHT="29" WC="0.93" CONTENT="med"/><SP WIDTH="17" VPOS="925" HPOS="1012"/>
							<String ID="string_146" HPOS="1029" VPOS="924" WIDTH="315" HEIGHT="38" WC="0.91" CONTENT="treårsintervaller,"/><SP WIDTH="18" VPOS="924" HPOS="1344"/>
							<String ID="string_147" HPOS="1362" VPOS="927" WIDTH="50" HEIGHT="29" WC="0.97" CONTENT="till"/><SP WIDTH="17" VPOS="927" HPOS="1412"/>
							<String ID="string_148" HPOS="1429" VPOS="927" WIDTH="76" HEIGHT="30" WC="0.93" CONTENT="dess"/><SP WIDTH="17" VPOS="927" HPOS="1505"/>
							<String ID="string_149" HPOS="1522" VPOS="928" WIDTH="82" HEIGHT="35" WC="0.92" CONTENT="hög-"/>
						</TextLine>
						<TextLine ID="line_17" HPOS="114" VPOS="964" WIDTH="1491" HEIGHT="44">
							<String ID="string_150" HPOS="114" VPOS="968" WIDTH="52" HEIGHT="27" WC="0.93" CONTENT="sta"/><SP WIDTH="23" VPOS="968" HPOS="166"/>
							<String ID="string_151" HPOS="189" VPOS="964" WIDTH="216" HEIGHT="31" WC="0.92" CONTENT="löneklassen"/><SP WIDTH="22" VPOS="964" HPOS="405"/>
							<String ID="string_152" HPOS="427" VPOS="966" WIDTH="95" HEIGHT="30" WC="0.96" CONTENT="inom"/><SP WIDTH="22" VPOS="966" HPOS="522"/>
							<String ID="string_153" HPOS="544" VPOS="967" WIDTH="259" HEIGHT="31" WC="0.93" CONTENT="vederbörande"/><SP WIDTH="22" VPOS="967" HPOS="803"/>
							<String ID="string_154" HPOS="825" VPOS="969" WIDTH="318" HEIGHT="37" WC="0.91" CONTENT="poststationsklass"/><SP WIDTH="24" VPOS="969" HPOS="1143"/>
							<String ID="string_155" HPOS="1167" VPOS="969" WIDTH="174" HEIGHT="38" WC="0.95" CONTENT="uppnåtts."/><SP WIDTH="25" VPOS="969" HPOS="1341"/>
							<String ID="string_156" HPOS="1366" VPOS="970" WIDTH="66" HEIGHT="31" WC="0.93" CONTENT="Vid"/><SP WIDTH="23" VPOS="970" HPOS="1432"/>
							<String ID="string_157" HPOS="1455" VPOS="971" WIDTH="150" HEIGHT="37" WC="0.92" CONTENT="förflytt-"/>
						</TextLine>
						<TextLine ID="line_18" HPOS="114" VPOS="1008" WIDTH="1492" HEIGHT="44">
							<String ID="string_158" HPOS="114" VPOS="1009" WIDTH="83" HEIGHT="39" WC="0.96" CONTENT="ning"/><SP WIDTH="21" VPOS="1009" HPOS="197"/>
							<String ID="string_159" HPOS="218" VPOS="1008" WIDTH="79" HEIGHT="31" WC="0.96" CONTENT="från"/><SP WIDTH="19" VPOS="1008" HPOS="297"/>
							<String ID="string_160" HPOS="316" VPOS="1019" WIDTH="42" HEIGHT="21" WC="0.93" CONTENT="en"/><SP WIDTH="19" VPOS="1019" HPOS="358"/>
							<String ID="string_161" HPOS="377" VPOS="1011" WIDTH="205" HEIGHT="37" WC="0.92" CONTENT="poststation"/><SP WIDTH="19" VPOS="1011" HPOS="582"/>
							<String ID="string_162" HPOS="601" VPOS="1021" WIDTH="42" HEIGHT="21" WC="0.96" CONTENT="av"/><SP WIDTH="19" VPOS="1021" HPOS="643"/>
							<String ID="string_163" HPOS="662" VPOS="1012" WIDTH="94" HEIGHT="38" WC="0.96" CONTENT="lägre"/><SP WIDTH="19" VPOS="1012" HPOS="756"/>
							<String ID="string_164" HPOS="775" VPOS="1013" WIDTH="50" HEIGHT="29" WC="0.96" CONTENT="till"/><SP WIDTH="20" VPOS="1013" HPOS="825"/>
							<String ID="string_165" HPOS="845" VPOS="1022" WIDTH="42" HEIGHT="21" WC="0.96" CONTENT="en"/><SP WIDTH="19" VPOS="1022" HPOS="887"/>
							<String ID="string_166" HPOS="906" VPOS="1023" WIDTH="42" HEIGHT="20" WC="0.96" CONTENT="av"/><SP WIDTH="19" VPOS="1023" HPOS="948"/>
							<String ID="string_167" HPOS="967" VPOS="1014" WIDTH="107" HEIGHT="37" WC="0.96" CONTENT="högre"/><SP WIDTH="19" VPOS="1014" HPOS="1074"/>
							<String ID="string_168" HPOS="1093" VPOS="1014" WIDTH="93" HEIGHT="30" WC="0.96" CONTENT="klass"/><SP WIDTH="20" VPOS="1014" HPOS="1186"/>
							<String ID="string_169" HPOS="1206" VPOS="1015" WIDTH="175" HEIGHT="37" WC="0.95" CONTENT="tillämpas"/><SP WIDTH="17" VPOS="1015" HPOS="1381"/>
							<String ID="string_170" HPOS="1398" VPOS="1015" WIDTH="13" HEIGHT="30" WC="0.95" CONTENT="i"/><SP WIDTH="18" VPOS="1015" HPOS="1411"/>
							<String ID="string_171" HPOS="1429" VPOS="1014" WIDTH="98" HEIGHT="38" WC="0.96" CONTENT="fråga"/><SP WIDTH="19" VPOS="1014" HPOS="1527"/>
							<String ID="string_172" HPOS="1546" VPOS="1025" WIDTH="60" HEIGHT="21" WC="0.96" CONTENT="om"/>
						</TextLine>
						<TextLine ID="line_19" HPOS="114" VPOS="1054" WIDTH="1492" HEIGHT="41">
							<String ID="string_173" HPOS="114" VPOS="1054" WIDTH="463" HEIGHT="38" WC="0.90" CONTENT="poststationsföreståndare"/><SP WIDTH="22" VPOS="1054" HPOS="577"/>
							<String ID="string_174" HPOS="599" VPOS="1056" WIDTH="10" HEIGHT="29" WC="0.96" CONTENT="i"/><SP WIDTH="23" VPOS="1056" HPOS="609"/>
							<String ID="string_175" HPOS="632" VPOS="1059" WIDTH="84" HEIGHT="28" WC="0.96" CONTENT="stort"/><SP WIDTH="23" VPOS="1059" HPOS="716"/>
							<String ID="string_176" HPOS="739" VPOS="1060" WIDTH="64" HEIGHT="28" WC="0.96" CONTENT="sett"/><SP WIDTH="22" VPOS="1060" HPOS="803"/>
							<String ID="string_177" HPOS="825" VPOS="1067" WIDTH="132" HEIGHT="21" WC="0.96" CONTENT="samma"/><SP WIDTH="23" VPOS="1067" HPOS="957"/>
							<String ID="string_178" HPOS="980" VPOS="1058" WIDTH="174" HEIGHT="37" WC="0.96" CONTENT="principer"/><SP WIDTH="22" VPOS="1058" HPOS="1154"/>
							<String ID="string_179" HPOS="1176" VPOS="1068" WIDTH="75" HEIGHT="21" WC="0.96" CONTENT="som"/><SP WIDTH="22" VPOS="1068" HPOS="1251"/>
							<String ID="string_180" HPOS="1273" VPOS="1059" WIDTH="57" HEIGHT="30" WC="0.96" CONTENT="vid"/><SP WIDTH="22" VPOS="1059" HPOS="1330"/>
							<String ID="string_181" HPOS="1352" VPOS="1059" WIDTH="189" HEIGHT="32" WC="0.95" CONTENT="befordran"/><SP WIDTH="23" VPOS="1059" HPOS="1541"/>
							<String ID="string_182" HPOS="1564" VPOS="1070" WIDTH="42" HEIGHT="20" WC="0.96" CONTENT="av"/>
						</TextLine>
						<TextLine ID="line_20" HPOS="114" VPOS="1099" WIDTH="1491" HEIGHT="41">
							<String ID="string_183" HPOS="114" VPOS="1099" WIDTH="220" HEIGHT="38" WC="0.92" CONTENT="tjänstemän."/><SP WIDTH="27" VPOS="1099" HPOS="334"/>
							<String ID="string_184" HPOS="361" VPOS="1099" WIDTH="508" HEIGHT="33" WC="0.90" CONTENT="Poststationsföreståndarens"/><SP WIDTH="26" VPOS="1099" HPOS="869"/>
							<String ID="string_185" HPOS="895" VPOS="1102" WIDTH="350" HEIGHT="38" WC="0.91" CONTENT="löneklassplacering"/><SP WIDTH="25" VPOS="1102" HPOS="1245"/>
							<String ID="string_186" HPOS="1270" VPOS="1104" WIDTH="66" HEIGHT="29" WC="0.96" CONTENT="blir"/><SP WIDTH="26" VPOS="1104" HPOS="1336"/>
							<String ID="string_187" HPOS="1362" VPOS="1103" WIDTH="130" HEIGHT="33" WC="0.96" CONTENT="således"/><SP WIDTH="25" VPOS="1103" HPOS="1492"/>
							<String ID="string_188" HPOS="1517" VPOS="1105" WIDTH="11" HEIGHT="29" WC="0.91" CONTENT="i"/><SP WIDTH="26" VPOS="1105" HPOS="1528"/>
							<String ID="string_189" HPOS="1554" VPOS="1104" WIDTH="51" HEIGHT="31" WC="0.91" CONTENT="så-"/>
						</TextLine>
						<TextLine ID="line_21" HPOS="115" VPOS="1142" WIDTH="1492" HEIGHT="42">
							<String ID="string_190" HPOS="115" VPOS="1144" WIDTH="84" HEIGHT="29" WC="0.95" CONTENT="dant"/><SP WIDTH="16" VPOS="1144" HPOS="199"/>
							<String ID="string_191" HPOS="215" VPOS="1142" WIDTH="61" HEIGHT="30" WC="0.96" CONTENT="fall"/><SP WIDTH="15" VPOS="1142" HPOS="276"/>
							<String ID="string_192" HPOS="291" VPOS="1143" WIDTH="172" HEIGHT="39" WC="0.96" CONTENT="avhängig"/><SP WIDTH="16" VPOS="1143" HPOS="463"/>
							<String ID="string_193" HPOS="479" VPOS="1154" WIDTH="42" HEIGHT="20" WC="0.96" CONTENT="av"/><SP WIDTH="16" VPOS="1154" HPOS="521"/>
							<String ID="string_194" HPOS="537" VPOS="1145" WIDTH="194" HEIGHT="30" WC="0.95" CONTENT="skillnaden"/><SP WIDTH="16" VPOS="1145" HPOS="731"/>
							<String ID="string_195" HPOS="747" VPOS="1146" WIDTH="10" HEIGHT="29" WC="0.95" CONTENT="i"/><SP WIDTH="16" VPOS="1146" HPOS="757"/>
							<String ID="string_196" HPOS="773" VPOS="1146" WIDTH="93" HEIGHT="30" WC="0.96" CONTENT="klass"/><SP WIDTH="16" VPOS="1146" HPOS="866"/>
							<String ID="string_197" HPOS="882" VPOS="1147" WIDTH="127" HEIGHT="30" WC="0.96" CONTENT="mellan"/><SP WIDTH="17" VPOS="1147" HPOS="1009"/>
							<String ID="string_198" HPOS="1026" VPOS="1147" WIDTH="67" HEIGHT="30" WC="0.96" CONTENT="den"/><SP WIDTH="16" VPOS="1147" HPOS="1093"/>
							<String ID="string_199" HPOS="1109" VPOS="1157" WIDTH="69" HEIGHT="27" WC="0.96" CONTENT="nya"/><SP WIDTH="16" VPOS="1157" HPOS="1178"/>
							<String ID="string_200" HPOS="1194" VPOS="1148" WIDTH="66" HEIGHT="29" WC="0.96" CONTENT="och"/><SP WIDTH="17" VPOS="1148" HPOS="1260"/>
							<String ID="string_201" HPOS="1277" VPOS="1149" WIDTH="66" HEIGHT="29" WC="0.96" CONTENT="den"/><SP WIDTH="17" VPOS="1149" HPOS="1343"/>
							<String ID="string_202" HPOS="1360" VPOS="1148" WIDTH="247" HEIGHT="31" WC="0.96" CONTENT="förutvarande"/>
						</TextLine>
						<TextLine ID="line_22" HPOS="114" VPOS="1188" WIDTH="1493" HEIGHT="41">
							<String ID="string_203" HPOS="114" VPOS="1188" WIDTH="250" HEIGHT="38" WC="0.91" CONTENT="poststationen"/><SP WIDTH="15" VPOS="1188" HPOS="364"/>
							<String ID="string_204" HPOS="379" VPOS="1190" WIDTH="80" HEIGHT="29" WC="0.96" CONTENT="med"/><SP WIDTH="13" VPOS="1190" HPOS="459"/>
							<String ID="string_205" HPOS="472" VPOS="1190" WIDTH="68" HEIGHT="29" WC="0.96" CONTENT="rätt"/><SP WIDTH="14" VPOS="1190" HPOS="540"/>
							<String ID="string_206" HPOS="554" VPOS="1189" WIDTH="55" HEIGHT="30" WC="0.96" CONTENT="för"/><SP WIDTH="15" VPOS="1189" HPOS="609"/>
							<String ID="string_207" HPOS="624" VPOS="1190" WIDTH="131" HEIGHT="30" WC="0.96" CONTENT="honom"/><SP WIDTH="16" VPOS="1190" HPOS="755"/>
							<String ID="string_208" HPOS="771" VPOS="1194" WIDTH="48" HEIGHT="27" WC="0.96" CONTENT="att"/><SP WIDTH="15" VPOS="1194" HPOS="819"/>
							<String ID="string_209" HPOS="834" VPOS="1191" WIDTH="9" HEIGHT="30" WC="0.96" CONTENT="i"/><SP WIDTH="16" VPOS="1191" HPOS="843"/>
							<String ID="string_210" HPOS="859" VPOS="1191" WIDTH="67" HEIGHT="30" WC="0.96" CONTENT="viss"/><SP WIDTH="16" VPOS="1191" HPOS="926"/>
							<String ID="string_211" HPOS="942" VPOS="1191" WIDTH="83" HEIGHT="31" WC="0.96" CONTENT="mån"/><SP WIDTH="15" VPOS="1191" HPOS="1025"/>
							<String ID="string_212" HPOS="1040" VPOS="1191" WIDTH="254" HEIGHT="38" WC="0.93" CONTENT="tillgodoräkna"/><SP WIDTH="17" VPOS="1191" HPOS="1294"/>
							<String ID="string_213" HPOS="1311" VPOS="1192" WIDTH="222" HEIGHT="37" WC="0.91" CONTENT="tjänstetiden"/><SP WIDTH="16" VPOS="1192" HPOS="1533"/>
							<String ID="string_214" HPOS="1549" VPOS="1193" WIDTH="58" HEIGHT="30" WC="0.96" CONTENT="vid"/>
						</TextLine>
						<TextLine ID="line_23" HPOS="113" VPOS="1232" WIDTH="1492" HEIGHT="43">
							<String ID="string_215" HPOS="113" VPOS="1234" WIDTH="69" HEIGHT="29" WC="0.96" CONTENT="den"/><SP WIDTH="15" VPOS="1234" HPOS="182"/>
							<String ID="string_216" HPOS="197" VPOS="1232" WIDTH="248" HEIGHT="32" WC="0.93" CONTENT="förutvarande"/><SP WIDTH="15" VPOS="1232" HPOS="445"/>
							<String ID="string_217" HPOS="460" VPOS="1234" WIDTH="249" HEIGHT="38" WC="0.91" CONTENT="poststationen"/><SP WIDTH="22" VPOS="1234" HPOS="709"/>
							<String ID="string_218" HPOS="731" VPOS="1234" WIDTH="231" HEIGHT="39" WC="0.91" CONTENT="(sneddning)."/><SP WIDTH="18" VPOS="1234" HPOS="962"/>
							<String ID="string_219" HPOS="980" VPOS="1236" WIDTH="76" HEIGHT="30" WC="0.96" CONTENT="Den"/><SP WIDTH="15" VPOS="1236" HPOS="1056"/>
							<String ID="string_220" HPOS="1071" VPOS="1236" WIDTH="10" HEIGHT="30" WC="0.96" CONTENT="i"/><SP WIDTH="16" VPOS="1236" HPOS="1081"/>
							<String ID="string_221" HPOS="1097" VPOS="1237" WIDTH="179" HEIGHT="30" WC="0.96" CONTENT="motionen"/><SP WIDTH="15" VPOS="1237" HPOS="1276"/>
							<String ID="string_222" HPOS="1291" VPOS="1237" WIDTH="162" HEIGHT="31" WC="0.91" CONTENT="lämnade"/><SP WIDTH="15" VPOS="1237" HPOS="1453"/>
							<String ID="string_223" HPOS="1468" VPOS="1238" WIDTH="137" HEIGHT="37" WC="0.91" CONTENT="uppgif-"/>
						</TextLine>
						<TextLine ID="line_24" HPOS="115" VPOS="1277" WIDTH="1490" HEIGHT="42">
							<String ID="string_224" HPOS="115" VPOS="1280" WIDTH="57" HEIGHT="27" WC="0.96" CONTENT="ten"/><SP WIDTH="21" VPOS="1280" HPOS="172"/>
							<String ID="string_225" HPOS="193" VPOS="1280" WIDTH="48" HEIGHT="27" WC="0.96" CONTENT="att"/><SP WIDTH="21" VPOS="1280" HPOS="241"/>
							<String ID="string_226" HPOS="262" VPOS="1278" WIDTH="66" HEIGHT="29" WC="0.93" CONTENT="alla"/><SP WIDTH="22" VPOS="1278" HPOS="328"/>
							<String ID="string_227" HPOS="350" VPOS="1277" WIDTH="230" HEIGHT="40" WC="0.92" CONTENT="ålderstillägg"/><SP WIDTH="21" VPOS="1277" HPOS="580"/>
							<String ID="string_228" HPOS="601" VPOS="1279" WIDTH="162" HEIGHT="39" WC="0.91" CONTENT="indragas"/><SP WIDTH="20" VPOS="1279" HPOS="763"/>
							<String ID="string_229" HPOS="783" VPOS="1280" WIDTH="58" HEIGHT="30" WC="0.96" CONTENT="vid"/><SP WIDTH="19" VPOS="1280" HPOS="841"/>
							<String ID="string_230" HPOS="860" VPOS="1280" WIDTH="222" HEIGHT="38" WC="0.96" CONTENT="förflyttning"/><SP WIDTH="21" VPOS="1280" HPOS="1082"/>
							<String ID="string_231" HPOS="1103" VPOS="1280" WIDTH="79" HEIGHT="31" WC="0.96" CONTENT="från"/><SP WIDTH="20" VPOS="1280" HPOS="1182"/>
							<String ID="string_232" HPOS="1202" VPOS="1282" WIDTH="94" HEIGHT="36" WC="0.95" CONTENT="lägre"/><SP WIDTH="19" VPOS="1282" HPOS="1296"/>
							<String ID="string_233" HPOS="1315" VPOS="1282" WIDTH="51" HEIGHT="30" WC="0.96" CONTENT="till"/><SP WIDTH="21" VPOS="1282" HPOS="1366"/>
							<String ID="string_234" HPOS="1387" VPOS="1282" WIDTH="105" HEIGHT="37" WC="0.93" CONTENT="högre"/><SP WIDTH="21" VPOS="1282" HPOS="1492"/>
							<String ID="string_235" HPOS="1513" VPOS="1283" WIDTH="92" HEIGHT="30" WC="0.92" CONTENT="löne-"/>
						</TextLine>
						<TextLine ID="line_25" HPOS="115" VPOS="1322" WIDTH="1243" HEIGHT="40">
							<String ID="string_236" HPOS="115" VPOS="1322" WIDTH="95" HEIGHT="30" WC="0.96" CONTENT="klass"/><SP WIDTH="23" VPOS="1322" HPOS="210"/>
							<String ID="string_237" HPOS="233" VPOS="1322" WIDTH="309" HEIGHT="31" WC="0.96" CONTENT="överensstämmer"/><SP WIDTH="24" VPOS="1322" HPOS="542"/>
							<String ID="string_238" HPOS="566" VPOS="1323" WIDTH="146" HEIGHT="31" WC="0.96" CONTENT="sålunda"/><SP WIDTH="24" VPOS="1323" HPOS="712"/>
							<String ID="string_239" HPOS="736" VPOS="1325" WIDTH="76" HEIGHT="30" WC="0.96" CONTENT="icke"/><SP WIDTH="23" VPOS="1325" HPOS="812"/>
							<String ID="string_240" HPOS="835" VPOS="1325" WIDTH="80" HEIGHT="30" WC="0.96" CONTENT="med"/><SP WIDTH="23" VPOS="1325" HPOS="915"/>
							<String ID="string_241" HPOS="938" VPOS="1325" WIDTH="154" HEIGHT="37" WC="0.95" CONTENT="verkliga"/><SP WIDTH="25" VPOS="1325" HPOS="1092"/>
							<String ID="string_242" HPOS="1117" VPOS="1325" WIDTH="241" HEIGHT="31" WC="0.96" CONTENT="förhållandet."/>
						</TextLine>
					</TextBlock>
					<TextBlock ID="block_4" HPOS="114" VPOS="1366" WIDTH="1493" HEIGHT="399">
						<TextLine ID="line_26" HPOS="160" VPOS="1366" WIDTH="1445" HEIGHT="43">
							<String ID="string_243" HPOS="160" VPOS="1366" WIDTH="494" HEIGHT="40" WC="0.91" CONTENT="Tjänstgöringstraktamente"/><SP WIDTH="26" VPOS="1366" HPOS="654"/>
							<String ID="string_244" HPOS="680" VPOS="1368" WIDTH="102" HEIGHT="39" WC="0.96" CONTENT="utgår"/><SP WIDTH="26" VPOS="1368" HPOS="782"/>
							<String ID="string_245" HPOS="808" VPOS="1369" WIDTH="55" HEIGHT="31" WC="0.96" CONTENT="för"/><SP WIDTH="26" VPOS="1369" HPOS="863"/>
							<String ID="string_246" HPOS="889" VPOS="1371" WIDTH="219" HEIGHT="31" WC="0.95" CONTENT="närvarande"/><SP WIDTH="26" VPOS="1371" HPOS="1108"/>
							<String ID="string_247" HPOS="1134" VPOS="1371" WIDTH="51" HEIGHT="31" WC="0.92" CONTENT="till"/><SP WIDTH="28" VPOS="1371" HPOS="1185"/>
							<String ID="string_248" HPOS="1213" VPOS="1372" WIDTH="392" HEIGHT="37" WC="0.91" CONTENT="poststationsförestån-"/>
						</TextLine>
						<TextLine ID="line_27" HPOS="115" VPOS="1411" WIDTH="1490" HEIGHT="42">
							<String ID="string_249" HPOS="115" VPOS="1412" WIDTH="83" HEIGHT="29" WC="0.96" CONTENT="dare"/><SP WIDTH="15" VPOS="1412" HPOS="198"/>
							<String ID="string_250" HPOS="213" VPOS="1411" WIDTH="58" HEIGHT="30" WC="0.96" CONTENT="vid"/><SP WIDTH="15" VPOS="1411" HPOS="271"/>
							<String ID="string_251" HPOS="286" VPOS="1411" WIDTH="228" HEIGHT="40" WC="0.96" CONTENT="tjänstgöring"/><SP WIDTH="16" VPOS="1411" HPOS="514"/>
							<String ID="string_252" HPOS="530" VPOS="1412" WIDTH="114" HEIGHT="31" WC="0.96" CONTENT="såsom"/><SP WIDTH="17" VPOS="1412" HPOS="644"/>
							<String ID="string_253" HPOS="661" VPOS="1413" WIDTH="237" HEIGHT="32" WC="0.96" CONTENT="föreståndare"/><SP WIDTH="17" VPOS="1413" HPOS="898"/>
							<String ID="string_254" HPOS="915" VPOS="1414" WIDTH="55" HEIGHT="31" WC="0.96" CONTENT="för"/><SP WIDTH="15" VPOS="1414" HPOS="970"/>
							<String ID="string_255" HPOS="985" VPOS="1425" WIDTH="118" HEIGHT="21" WC="0.93" CONTENT="annan"/><SP WIDTH="15" VPOS="1425" HPOS="1103"/>
							<String ID="string_256" HPOS="1118" VPOS="1417" WIDTH="206" HEIGHT="36" WC="0.92" CONTENT="poststation"/><SP WIDTH="17" VPOS="1417" HPOS="1324"/>
							<String ID="string_257" HPOS="1341" VPOS="1418" WIDTH="10" HEIGHT="29" WC="0.96" CONTENT="i"/><SP WIDTH="17" VPOS="1418" HPOS="1351"/>
							<String ID="string_258" HPOS="1368" VPOS="1418" WIDTH="92" HEIGHT="30" WC="0.96" CONTENT="form"/><SP WIDTH="17" VPOS="1418" HPOS="1460"/>
							<String ID="string_259" HPOS="1477" VPOS="1428" WIDTH="43" HEIGHT="20" WC="0.93" CONTENT="av"/><SP WIDTH="17" VPOS="1428" HPOS="1520"/>
							<String ID="string_260" HPOS="1537" VPOS="1419" WIDTH="68" HEIGHT="29" WC="0.92" CONTENT="för-"/>
						</TextLine>
						<TextLine ID="line_28" HPOS="115" VPOS="1455" WIDTH="1490" HEIGHT="43">
							<String ID="string_261" HPOS="115" VPOS="1455" WIDTH="147" HEIGHT="39" WC="0.96" CONTENT="höjning"/><SP WIDTH="19" VPOS="1455" HPOS="262"/>
							<String ID="string_262" HPOS="281" VPOS="1465" WIDTH="43" HEIGHT="20" WC="0.93" CONTENT="av"/><SP WIDTH="18" VPOS="1465" HPOS="324"/>
							<String ID="string_263" HPOS="342" VPOS="1455" WIDTH="269" HEIGHT="31" WC="0.92" CONTENT="vikariatslönen"/><SP WIDTH="20" VPOS="1455" HPOS="611"/>
							<String ID="string_264" HPOS="631" VPOS="1458" WIDTH="80" HEIGHT="29" WC="0.96" CONTENT="med"/><SP WIDTH="20" VPOS="1458" HPOS="711"/>
							<String ID="string_265" HPOS="731" VPOS="1458" WIDTH="20" HEIGHT="29" WC="0.96" CONTENT="3"/><SP WIDTH="21" VPOS="1458" HPOS="751"/>
							<String ID="string_266" HPOS="772" VPOS="1459" WIDTH="128" HEIGHT="29" WC="0.96" CONTENT="kronor"/><SP WIDTH="20" VPOS="1459" HPOS="900"/>
							<String ID="string_267" HPOS="920" VPOS="1468" WIDTH="60" HEIGHT="29" WC="0.96" CONTENT="per"/><SP WIDTH="21" VPOS="1468" HPOS="980"/>
							<String ID="string_268" HPOS="1001" VPOS="1460" WIDTH="76" HEIGHT="37" WC="0.93" CONTENT="dag."/><SP WIDTH="23" VPOS="1460" HPOS="1077"/>
							<String ID="string_269" HPOS="1100" VPOS="1459" WIDTH="390" HEIGHT="39" WC="0.90" CONTENT="Generalpoststyrelsen"/><SP WIDTH="22" VPOS="1459" HPOS="1490"/>
							<String ID="string_270" HPOS="1512" VPOS="1463" WIDTH="93" HEIGHT="30" WC="0.92" CONTENT="över-"/>
						</TextLine>
						<TextLine ID="line_29" HPOS="115" VPOS="1499" WIDTH="1491" HEIGHT="42">
							<String ID="string_271" HPOS="115" VPOS="1500" WIDTH="103" HEIGHT="38" WC="0.96" CONTENT="väger"/><SP WIDTH="25" VPOS="1500" HPOS="218"/>
							<String ID="string_272" HPOS="243" VPOS="1499" WIDTH="189" HEIGHT="31" WC="0.94" CONTENT="emellertid"/><SP WIDTH="24" VPOS="1499" HPOS="432"/>
							<String ID="string_273" HPOS="456" VPOS="1504" WIDTH="48" HEIGHT="27" WC="0.96" CONTENT="att"/><SP WIDTH="24" VPOS="1504" HPOS="504"/>
							<String ID="string_274" HPOS="528" VPOS="1501" WIDTH="84" HEIGHT="38" WC="0.96" CONTENT="höja"/><SP WIDTH="25" VPOS="1501" HPOS="612"/>
							<String ID="string_275" HPOS="637" VPOS="1502" WIDTH="216" HEIGHT="31" WC="0.96" CONTENT="sistnämnda"/><SP WIDTH="24" VPOS="1502" HPOS="853"/>
							<String ID="string_276" HPOS="877" VPOS="1503" WIDTH="135" HEIGHT="38" WC="0.95" CONTENT="belopp."/><SP WIDTH="28" VPOS="1503" HPOS="1012"/>
							<String ID="string_277" HPOS="1040" VPOS="1504" WIDTH="188" HEIGHT="37" WC="0.96" CONTENT="Uppgiften"/><SP WIDTH="25" VPOS="1504" HPOS="1228"/>
							<String ID="string_278" HPOS="1253" VPOS="1508" WIDTH="48" HEIGHT="27" WC="0.93" CONTENT="att"/><SP WIDTH="24" VPOS="1508" HPOS="1301"/>
							<String ID="string_279" HPOS="1325" VPOS="1506" WIDTH="281" HEIGHT="31" WC="0.91" CONTENT="lantbrevbärare"/>
						</TextLine>
						<TextLine ID="line_30" HPOS="115" VPOS="1544" WIDTH="1492" HEIGHT="43">
							<String ID="string_280" HPOS="115" VPOS="1544" WIDTH="111" HEIGHT="31" WC="0.96" CONTENT="skulle"/><SP WIDTH="16" VPOS="1544" HPOS="226"/>
							<String ID="string_281" HPOS="242" VPOS="1545" WIDTH="63" HEIGHT="38" WC="0.96" CONTENT="äga"/><SP WIDTH="17" VPOS="1545" HPOS="305"/>
							<String ID="string_282" HPOS="322" VPOS="1545" WIDTH="157" HEIGHT="38" WC="0.93" CONTENT="uppbära"/><SP WIDTH="17" VPOS="1545" HPOS="479"/>
							<String ID="string_283" HPOS="496" VPOS="1545" WIDTH="478" HEIGHT="40" WC="0.92" CONTENT="tjänstgöringstraktamente"/><SP WIDTH="15" VPOS="1545" HPOS="974"/>
							<String ID="string_284" HPOS="989" VPOS="1549" WIDTH="80" HEIGHT="29" WC="0.96" CONTENT="med"/><SP WIDTH="19" VPOS="1549" HPOS="1069"/>
							<String ID="string_285" HPOS="1088" VPOS="1549" WIDTH="38" HEIGHT="29" WC="0.96" CONTENT="13"/><SP WIDTH="18" VPOS="1549" HPOS="1126"/>
							<String ID="string_286" HPOS="1144" VPOS="1549" WIDTH="129" HEIGHT="30" WC="0.96" CONTENT="kronor"/><SP WIDTH="16" VPOS="1549" HPOS="1273"/>
							<String ID="string_287" HPOS="1289" VPOS="1559" WIDTH="61" HEIGHT="28" WC="0.96" CONTENT="per"/><SP WIDTH="17" VPOS="1559" HPOS="1350"/>
							<String ID="string_288" HPOS="1367" VPOS="1551" WIDTH="93" HEIGHT="36" WC="0.96" CONTENT="dygn"/><SP WIDTH="16" VPOS="1551" HPOS="1460"/>
							<String ID="string_289" HPOS="1476" VPOS="1551" WIDTH="39" HEIGHT="29" WC="0.96" CONTENT="är"/><SP WIDTH="16" VPOS="1551" HPOS="1515"/>
							<String ID="string_290" HPOS="1531" VPOS="1552" WIDTH="76" HEIGHT="30" WC="0.96" CONTENT="icke"/>
						</TextLine>
						<TextLine ID="line_31" HPOS="114" VPOS="1589" WIDTH="1492" HEIGHT="42">
							<String ID="string_291" HPOS="114" VPOS="1589" WIDTH="105" HEIGHT="39" WC="0.96" CONTENT="riktig"/><SP WIDTH="18" VPOS="1589" HPOS="219"/>
							<String ID="string_292" HPOS="237" VPOS="1589" WIDTH="65" HEIGHT="29" WC="0.96" CONTENT="och"/><SP WIDTH="18" VPOS="1589" HPOS="302"/>
							<String ID="string_293" HPOS="320" VPOS="1590" WIDTH="98" HEIGHT="29" WC="0.96" CONTENT="torde"/><SP WIDTH="18" VPOS="1590" HPOS="418"/>
							<String ID="string_294" HPOS="436" VPOS="1590" WIDTH="174" HEIGHT="31" WC="0.96" CONTENT="sannolikt"/><SP WIDTH="17" VPOS="1590" HPOS="610"/>
							<String ID="string_295" HPOS="627" VPOS="1591" WIDTH="83" HEIGHT="30" WC="0.96" CONTENT="bero"/><SP WIDTH="18" VPOS="1591" HPOS="710"/>
							<String ID="string_296" HPOS="728" VPOS="1591" WIDTH="46" HEIGHT="39" WC="0.96" CONTENT="på"/><SP WIDTH="19" VPOS="1591" HPOS="774"/>
							<String ID="string_297" HPOS="793" VPOS="1601" WIDTH="42" HEIGHT="21" WC="0.96" CONTENT="en"/><SP WIDTH="19" VPOS="1601" HPOS="835"/>
							<String ID="string_298" HPOS="854" VPOS="1592" WIDTH="194" HEIGHT="38" WC="0.96" CONTENT="förväxling"/><SP WIDTH="20" VPOS="1592" HPOS="1048"/>
							<String ID="string_299" HPOS="1068" VPOS="1602" WIDTH="42" HEIGHT="21" WC="0.93" CONTENT="av"/><SP WIDTH="19" VPOS="1602" HPOS="1110"/>
							<String ID="string_300" HPOS="1129" VPOS="1593" WIDTH="477" HEIGHT="38" WC="0.91" CONTENT="tjänstgöringstraktamente"/>
						</TextLine>
						<TextLine ID="line_32" HPOS="115" VPOS="1633" WIDTH="1490" HEIGHT="44">
							<String ID="string_301" HPOS="115" VPOS="1634" WIDTH="66" HEIGHT="29" WC="0.93" CONTENT="och"/><SP WIDTH="18" VPOS="1634" HPOS="181"/>
							<String ID="string_302" HPOS="199" VPOS="1633" WIDTH="230" HEIGHT="31" WC="0.91" CONTENT="traktamente"/><SP WIDTH="16" VPOS="1633" HPOS="429"/>
							<String ID="string_303" HPOS="445" VPOS="1634" WIDTH="102" HEIGHT="38" WC="0.93" CONTENT="enligt"/><SP WIDTH="17" VPOS="1634" HPOS="547"/>
							<String ID="string_304" HPOS="564" VPOS="1637" WIDTH="304" HEIGHT="37" WC="0.92" CONTENT="resereglementet,"/><SP WIDTH="19" VPOS="1637" HPOS="868"/>
							<String ID="string_305" HPOS="887" VPOS="1637" WIDTH="103" HEIGHT="32" WC="0.96" CONTENT="vilket"/><SP WIDTH="18" VPOS="1637" HPOS="990"/>
							<String ID="string_306" HPOS="1008" VPOS="1638" WIDTH="75" HEIGHT="32" WC="0.96" CONTENT="före"/><SP WIDTH="18" VPOS="1638" HPOS="1083"/>
							<String ID="string_307" HPOS="1101" VPOS="1640" WIDTH="66" HEIGHT="29" WC="0.96" CONTENT="den"/><SP WIDTH="21" VPOS="1640" HPOS="1167"/>
							<String ID="string_308" HPOS="1188" VPOS="1640" WIDTH="13" HEIGHT="28" WC="0.96" CONTENT="1"/><SP WIDTH="21" VPOS="1640" HPOS="1201"/>
							<String ID="string_309" HPOS="1222" VPOS="1640" WIDTH="137" HEIGHT="37" WC="0.96" CONTENT="januari"/><SP WIDTH="21" VPOS="1640" HPOS="1359"/>
							<String ID="string_310" HPOS="1380" VPOS="1642" WIDTH="81" HEIGHT="29" WC="0.96" CONTENT="1947"/><SP WIDTH="21" VPOS="1642" HPOS="1461"/>
							<String ID="string_311" HPOS="1482" VPOS="1642" WIDTH="55" HEIGHT="30" WC="0.91" CONTENT="för"/><SP WIDTH="17" VPOS="1642" HPOS="1537"/>
							<String ID="string_312" HPOS="1554" VPOS="1642" WIDTH="51" HEIGHT="31" WC="0.91" CONTENT="så-"/>
						</TextLine>
						<TextLine ID="line_33" HPOS="115" VPOS="1678" WIDTH="1492" HEIGHT="46">
							<String ID="string_313" HPOS="115" VPOS="1678" WIDTH="55" HEIGHT="29" WC="0.93" CONTENT="väl"/><SP WIDTH="24" VPOS="1678" HPOS="170"/>
							<String ID="string_314" HPOS="194" VPOS="1678" WIDTH="280" HEIGHT="32" WC="0.91" CONTENT="lantbrevbärare"/><SP WIDTH="24" VPOS="1678" HPOS="474"/>
							<String ID="string_315" HPOS="498" VPOS="1689" WIDTH="74" HEIGHT="20" WC="0.93" CONTENT="som"/><SP WIDTH="22" VPOS="1689" HPOS="572"/>
							<String ID="string_316" HPOS="594" VPOS="1681" WIDTH="464" HEIGHT="37" WC="0.91" CONTENT="poststationsföreståndare"/><SP WIDTH="22" VPOS="1681" HPOS="1058"/>
							<String ID="string_317" HPOS="1080" VPOS="1684" WIDTH="152" HEIGHT="38" WC="0.95" CONTENT="uppgick"/><SP WIDTH="23" VPOS="1684" HPOS="1232"/>
							<String ID="string_318" HPOS="1255" VPOS="1685" WIDTH="50" HEIGHT="31" WC="0.96" CONTENT="till"/><SP WIDTH="26" VPOS="1685" HPOS="1305"/>
							<String ID="string_319" HPOS="1331" VPOS="1686" WIDTH="38" HEIGHT="29" WC="0.96" CONTENT="13"/><SP WIDTH="25" VPOS="1686" HPOS="1369"/>
							<String ID="string_320" HPOS="1394" VPOS="1686" WIDTH="130" HEIGHT="31" WC="0.96" CONTENT="kronor"/><SP WIDTH="22" VPOS="1686" HPOS="1524"/>
							<String ID="string_321" HPOS="1546" VPOS="1696" WIDTH="61" HEIGHT="28" WC="0.96" CONTENT="per"/>
						</TextLine>
						<TextLine ID="line_34" HPOS="116" VPOS="1723" WIDTH="954" HEIGHT="42">
							<String ID="string_322" HPOS="116" VPOS="1723" WIDTH="93" HEIGHT="39" WC="0.95" CONTENT="dygn"/><SP WIDTH="21" VPOS="1723" HPOS="209"/>
							<String ID="string_323" HPOS="230" VPOS="1731" WIDTH="79" HEIGHT="22" WC="0.96" CONTENT="men"/><SP WIDTH="20" VPOS="1731" HPOS="309"/>
							<String ID="string_324" HPOS="329" VPOS="1733" WIDTH="146" HEIGHT="21" WC="0.96" CONTENT="numera"/><SP WIDTH="21" VPOS="1733" HPOS="475"/>
							<String ID="string_325" HPOS="496" VPOS="1724" WIDTH="92" HEIGHT="39" WC="0.96" CONTENT="höjts"/><SP WIDTH="22" VPOS="1724" HPOS="588"/>
							<String ID="string_326" HPOS="610" VPOS="1725" WIDTH="49" HEIGHT="30" WC="0.96" CONTENT="till"/><SP WIDTH="24" VPOS="1725" HPOS="659"/>
							<String ID="string_327" HPOS="683" VPOS="1726" WIDTH="37" HEIGHT="29" WC="0.96" CONTENT="17"/><SP WIDTH="24" VPOS="1726" HPOS="720"/>
							<String ID="string_328" HPOS="744" VPOS="1726" WIDTH="129" HEIGHT="31" WC="0.96" CONTENT="kronor"/><SP WIDTH="19" VPOS="1726" HPOS="873"/>
							<String ID="string_329" HPOS="892" VPOS="1727" WIDTH="56" HEIGHT="30" WC="0.96" CONTENT="för"/><SP WIDTH="20" VPOS="1727" HPOS="948"/>
							<String ID="string_330" HPOS="968" VPOS="1728" WIDTH="102" HEIGHT="37" WC="0.96" CONTENT="dygn."/>
						</TextLine>
					</TextBlock>
				</ComposedBlock>
				<ComposedBlock ID="cblock_2" HPOS="115" VPOS="1801" WIDTH="1493" HEIGHT="405">
					<TextBlock ID="block_5" HPOS="115" VPOS="1801" WIDTH="1493" HEIGHT="405">
						<TextLine ID="line_35" HPOS="161" VPOS="1801" WIDTH="1447" HEIGHT="46">
							<String ID="string_331" HPOS="161" VPOS="1801" WIDTH="112" HEIGHT="31" WC="0.91" CONTENT="Sedan"/><SP WIDTH="15" VPOS="1801" HPOS="273"/>
							<String ID="string_332" HPOS="288" VPOS="1803" WIDTH="381" HEIGHT="38" WC="0.90" CONTENT="statstjänstemännens"/><SP WIDTH="15" VPOS="1803" HPOS="669"/>
							<String ID="string_333" HPOS="684" VPOS="1806" WIDTH="179" HEIGHT="39" WC="0.93" CONTENT="lönefråga"/><SP WIDTH="14" VPOS="1806" HPOS="863"/>
							<String ID="string_334" HPOS="877" VPOS="1817" WIDTH="144" HEIGHT="22" WC="0.96" CONTENT="numera"/><SP WIDTH="16" VPOS="1817" HPOS="1021"/>
							<String ID="string_335" HPOS="1037" VPOS="1809" WIDTH="9" HEIGHT="29" WC="0.96" CONTENT="i"/><SP WIDTH="15" VPOS="1809" HPOS="1046"/>
							<String ID="string_336" HPOS="1061" VPOS="1808" WIDTH="135" HEIGHT="38" WC="0.96" CONTENT="princip"/><SP WIDTH="16" VPOS="1808" HPOS="1196"/>
							<String ID="string_337" HPOS="1212" VPOS="1810" WIDTH="83" HEIGHT="30" WC="0.95" CONTENT="lösts"/><SP WIDTH="16" VPOS="1810" HPOS="1295"/>
							<String ID="string_338" HPOS="1311" VPOS="1818" WIDTH="123" HEIGHT="29" WC="0.96" CONTENT="genom"/><SP WIDTH="17" VPOS="1818" HPOS="1434"/>
							<String ID="string_339" HPOS="1451" VPOS="1811" WIDTH="84" HEIGHT="30" WC="0.96" CONTENT="1946"/><SP WIDTH="15" VPOS="1811" HPOS="1535"/>
							<String ID="string_340" HPOS="1550" VPOS="1811" WIDTH="58" HEIGHT="31" WC="0.96" CONTENT="års"/>
						</TextLine>
						<TextLine ID="line_36" HPOS="115" VPOS="1847" WIDTH="1489" HEIGHT="45">
							<String ID="string_341" HPOS="115" VPOS="1847" WIDTH="237" HEIGHT="39" WC="0.91" CONTENT="höstriksdags"/><SP WIDTH="19" VPOS="1847" HPOS="352"/>
							<String ID="string_342" HPOS="371" VPOS="1848" WIDTH="254" HEIGHT="38" WC="0.96" CONTENT="godkännande"/><SP WIDTH="17" VPOS="1848" HPOS="625"/>
							<String ID="string_343" HPOS="642" VPOS="1859" WIDTH="42" HEIGHT="21" WC="0.96" CONTENT="av"/><SP WIDTH="17" VPOS="1859" HPOS="684"/>
							<String ID="string_344" HPOS="701" VPOS="1850" WIDTH="163" HEIGHT="39" WC="0.96" CONTENT="förslaget"/><SP WIDTH="17" VPOS="1850" HPOS="864"/>
							<String ID="string_345" HPOS="881" VPOS="1852" WIDTH="49" HEIGHT="30" WC="0.96" CONTENT="till"/><SP WIDTH="17" VPOS="1852" HPOS="930"/>
							<String ID="string_346" HPOS="947" VPOS="1862" WIDTH="68" HEIGHT="28" WC="0.92" CONTENT="nya"/><SP WIDTH="18" VPOS="1862" HPOS="1015"/>
							<String ID="string_347" HPOS="1033" VPOS="1853" WIDTH="209" HEIGHT="38" WC="0.91" CONTENT="löneplaner,"/><SP WIDTH="19" VPOS="1853" HPOS="1242"/>
							<String ID="string_348" HPOS="1261" VPOS="1855" WIDTH="64" HEIGHT="29" WC="0.96" CONTENT="har"/><SP WIDTH="19" VPOS="1855" HPOS="1325"/>
							<String ID="string_349" HPOS="1344" VPOS="1854" WIDTH="152" HEIGHT="38" WC="0.93" CONTENT="Sveriges"/><SP WIDTH="17" VPOS="1854" HPOS="1496"/>
							<String ID="string_350" HPOS="1513" VPOS="1860" WIDTH="91" HEIGHT="32" WC="0.91" CONTENT="post-"/>
						</TextLine>
						<TextLine ID="line_37" HPOS="116" VPOS="1891" WIDTH="1491" HEIGHT="49">
							<String ID="string_351" HPOS="116" VPOS="1891" WIDTH="543" HEIGHT="41" WC="0.67" CONTENT="stationsföreståndareförening"/><SP WIDTH="15" VPOS="1891" HPOS="659"/>
							<String ID="string_352" HPOS="674" VPOS="1895" WIDTH="63" HEIGHT="30" WC="0.93" CONTENT="hos"/><SP WIDTH="16" VPOS="1895" HPOS="737"/>
							<String ID="string_353" HPOS="753" VPOS="1897" WIDTH="383" HEIGHT="38" WC="0.92" CONTENT="generalpoststyrelsen"/><SP WIDTH="15" VPOS="1897" HPOS="1136"/>
							<String ID="string_354" HPOS="1151" VPOS="1900" WIDTH="184" HEIGHT="38" WC="0.90" CONTENT="hemställt,"/><SP WIDTH="16" VPOS="1900" HPOS="1335"/>
							<String ID="string_355" HPOS="1351" VPOS="1905" WIDTH="49" HEIGHT="26" WC="0.96" CONTENT="att"/><SP WIDTH="13" VPOS="1905" HPOS="1400"/>
							<String ID="string_356" HPOS="1413" VPOS="1903" WIDTH="67" HEIGHT="29" WC="0.96" CONTENT="den"/><SP WIDTH="15" VPOS="1903" HPOS="1480"/>
							<String ID="string_357" HPOS="1495" VPOS="1910" WIDTH="112" HEIGHT="30" WC="0.96" CONTENT="grupp"/>
						</TextLine>
						<TextLine ID="line_38" HPOS="115" VPOS="1936" WIDTH="1491" HEIGHT="46">
							<String ID="string_358" HPOS="115" VPOS="1936" WIDTH="330" HEIGHT="38" WC="0.90" CONTENT="postfunktionärer,"/><SP WIDTH="18" VPOS="1936" HPOS="445"/>
							<String ID="string_359" HPOS="463" VPOS="1947" WIDTH="73" HEIGHT="20" WC="0.96" CONTENT="som"/><SP WIDTH="17" VPOS="1947" HPOS="536"/>
							<String ID="string_360" HPOS="553" VPOS="1938" WIDTH="203" HEIGHT="39" WC="0.96" CONTENT="föreningen"/><SP WIDTH="16" VPOS="1938" HPOS="756"/>
							<String ID="string_361" HPOS="772" VPOS="1944" WIDTH="261" HEIGHT="34" WC="0.95" CONTENT="representerar,"/><SP WIDTH="18" VPOS="1944" HPOS="1033"/>
							<String ID="string_362" HPOS="1051" VPOS="1942" WIDTH="88" HEIGHT="30" WC="0.95" CONTENT="skall"/><SP WIDTH="17" VPOS="1942" HPOS="1139"/>
							<String ID="string_363" HPOS="1156" VPOS="1944" WIDTH="141" HEIGHT="31" WC="0.96" CONTENT="komma"/><SP WIDTH="18" VPOS="1944" HPOS="1297"/>
							<String ID="string_364" HPOS="1315" VPOS="1945" WIDTH="10" HEIGHT="29" WC="0.96" CONTENT="i"/><SP WIDTH="18" VPOS="1945" HPOS="1325"/>
							<String ID="string_365" HPOS="1343" VPOS="1944" WIDTH="203" HEIGHT="38" WC="0.96" CONTENT="åtnjutande"/><SP WIDTH="18" VPOS="1944" HPOS="1546"/>
							<String ID="string_366" HPOS="1564" VPOS="1957" WIDTH="42" HEIGHT="21" WC="0.92" CONTENT="av"/>
						</TextLine>
						<TextLine ID="line_39" HPOS="115" VPOS="1981" WIDTH="1490" HEIGHT="43">
							<String ID="string_367" HPOS="115" VPOS="1981" WIDTH="243" HEIGHT="30" WC="0.92" CONTENT="motsvarande"/><SP WIDTH="19" VPOS="1981" HPOS="358"/>
							<String ID="string_368" HPOS="377" VPOS="1981" WIDTH="438" HEIGHT="41" WC="0.82" CONTENT="avlöningsförbättringar."/><SP WIDTH="21" VPOS="1981" HPOS="815"/>
							<String ID="string_369" HPOS="836" VPOS="1984" WIDTH="66" HEIGHT="31" WC="0.96" CONTENT="För"/><SP WIDTH="19" VPOS="1984" HPOS="902"/>
							<String ID="string_370" HPOS="921" VPOS="1987" WIDTH="217" HEIGHT="30" WC="0.95" CONTENT="närvarande"/><SP WIDTH="18" VPOS="1987" HPOS="1138"/>
							<String ID="string_371" HPOS="1156" VPOS="1987" WIDTH="108" HEIGHT="37" WC="0.96" CONTENT="pågår"/><SP WIDTH="19" VPOS="1987" HPOS="1264"/>
							<String ID="string_372" HPOS="1283" VPOS="1989" WIDTH="173" HEIGHT="30" WC="0.96" CONTENT="dessutom"/><SP WIDTH="19" VPOS="1989" HPOS="1456"/>
							<String ID="string_373" HPOS="1475" VPOS="1992" WIDTH="130" HEIGHT="30" WC="0.96" CONTENT="arbetet"/>
						</TextLine>
						<TextLine ID="line_40" HPOS="115" VPOS="2025" WIDTH="1489" HEIGHT="47">
							<String ID="string_374" HPOS="115" VPOS="2025" WIDTH="80" HEIGHT="29" WC="0.96" CONTENT="med"/><SP WIDTH="15" VPOS="2025" HPOS="195"/>
							<String ID="string_375" HPOS="210" VPOS="2034" WIDTH="42" HEIGHT="20" WC="0.93" CONTENT="en"/><SP WIDTH="13" VPOS="2034" HPOS="252"/>
							<String ID="string_376" HPOS="265" VPOS="2025" WIDTH="311" HEIGHT="39" WC="0.91" CONTENT="omklassificering"/><SP WIDTH="15" VPOS="2025" HPOS="576"/>
							<String ID="string_377" HPOS="591" VPOS="2037" WIDTH="42" HEIGHT="20" WC="0.93" CONTENT="av"/><SP WIDTH="14" VPOS="2037" HPOS="633"/>
							<String ID="string_378" HPOS="647" VPOS="2028" WIDTH="299" HEIGHT="37" WC="0.92" CONTENT="poststationerna,"/><SP WIDTH="16" VPOS="2028" HPOS="946"/>
							<String ID="string_379" HPOS="962" VPOS="2030" WIDTH="114" HEIGHT="30" WC="0.96" CONTENT="vilken"/><SP WIDTH="15" VPOS="2030" HPOS="1076"/>
							<String ID="string_380" HPOS="1091" VPOS="2041" WIDTH="97" HEIGHT="21" WC="0.96" CONTENT="avses"/><SP WIDTH="16" VPOS="2041" HPOS="1188"/>
							<String ID="string_381" HPOS="1204" VPOS="2033" WIDTH="98" HEIGHT="30" WC="0.96" CONTENT="skola"/><SP WIDTH="15" VPOS="2033" HPOS="1302"/>
							<String ID="string_382" HPOS="1317" VPOS="2034" WIDTH="98" HEIGHT="30" WC="0.96" CONTENT="träda"/><SP WIDTH="16" VPOS="2034" HPOS="1415"/>
							<String ID="string_383" HPOS="1431" VPOS="2034" WIDTH="8" HEIGHT="30" WC="0.93" CONTENT="i"/><SP WIDTH="18" VPOS="2034" HPOS="1439"/>
							<String ID="string_384" HPOS="1457" VPOS="2035" WIDTH="147" HEIGHT="37" WC="0.92" CONTENT="tillämp-"/>
						</TextLine>
						<TextLine ID="line_41" HPOS="116" VPOS="2069" WIDTH="1489" HEIGHT="42">
							<String ID="string_385" HPOS="116" VPOS="2069" WIDTH="83" HEIGHT="38" WC="0.96" CONTENT="ning"/><SP WIDTH="21" VPOS="2069" HPOS="199"/>
							<String ID="string_386" HPOS="220" VPOS="2069" WIDTH="68" HEIGHT="29" WC="0.96" CONTENT="den"/><SP WIDTH="23" VPOS="2069" HPOS="288"/>
							<String ID="string_387" HPOS="311" VPOS="2070" WIDTH="14" HEIGHT="27" WC="0.96" CONTENT="1"/><SP WIDTH="25" VPOS="2070" HPOS="325"/>
							<String ID="string_388" HPOS="350" VPOS="2069" WIDTH="138" HEIGHT="38" WC="0.96" CONTENT="januari"/><SP WIDTH="25" VPOS="2069" HPOS="488"/>
							<String ID="string_389" HPOS="513" VPOS="2071" WIDTH="91" HEIGHT="30" WC="0.96" CONTENT="1948."/><SP WIDTH="25" VPOS="2071" HPOS="604"/>
							<String ID="string_390" HPOS="629" VPOS="2072" WIDTH="75" HEIGHT="30" WC="0.96" CONTENT="Den"/><SP WIDTH="22" VPOS="2072" HPOS="704"/>
							<String ID="string_391" HPOS="726" VPOS="2074" WIDTH="148" HEIGHT="37" WC="0.96" CONTENT="stegring"/><SP WIDTH="22" VPOS="2074" HPOS="874"/>
							<String ID="string_392" HPOS="896" VPOS="2074" WIDTH="8" HEIGHT="30" WC="0.93" CONTENT="i"/><SP WIDTH="23" VPOS="2074" HPOS="904"/>
							<String ID="string_393" HPOS="927" VPOS="2076" WIDTH="240" HEIGHT="35" WC="0.90" CONTENT="poströrelsen,"/><SP WIDTH="24" VPOS="2076" HPOS="1167"/>
							<String ID="string_394" HPOS="1191" VPOS="2086" WIDTH="75" HEIGHT="20" WC="0.96" CONTENT="som"/><SP WIDTH="21" VPOS="2086" HPOS="1266"/>
							<String ID="string_395" HPOS="1287" VPOS="2077" WIDTH="118" HEIGHT="32" WC="0.96" CONTENT="inträtt"/><SP WIDTH="23" VPOS="2077" HPOS="1405"/>
							<String ID="string_396" HPOS="1428" VPOS="2080" WIDTH="105" HEIGHT="29" WC="0.91" CONTENT="sedan"/><SP WIDTH="24" VPOS="2080" HPOS="1533"/>
							<String ID="string_397" HPOS="1557" VPOS="2090" WIDTH="48" HEIGHT="20" WC="0.91" CONTENT="se-"/>
						</TextLine>
						<TextLine ID="line_42" HPOS="116" VPOS="2113" WIDTH="1490" HEIGHT="47">
							<String ID="string_398" HPOS="116" VPOS="2116" WIDTH="97" HEIGHT="27" WC="0.95" CONTENT="naste"/><SP WIDTH="15" VPOS="2116" HPOS="213"/>
							<String ID="string_399" HPOS="228" VPOS="2113" WIDTH="261" HEIGHT="40" WC="0.95" CONTENT="klassificering,"/><SP WIDTH="17" VPOS="2113" HPOS="489"/>
							<String ID="string_400" HPOS="506" VPOS="2116" WIDTH="64" HEIGHT="29" WC="0.96" CONTENT="och"/><SP WIDTH="16" VPOS="2116" HPOS="570"/>
							<String ID="string_401" HPOS="586" VPOS="2117" WIDTH="41" HEIGHT="29" WC="0.96" CONTENT="de"/><SP WIDTH="15" VPOS="2117" HPOS="627"/>
							<String ID="string_402" HPOS="642" VPOS="2126" WIDTH="68" HEIGHT="28" WC="0.96" CONTENT="nya"/><SP WIDTH="16" VPOS="2126" HPOS="710"/>
							<String ID="string_403" HPOS="726" VPOS="2118" WIDTH="299" HEIGHT="39" WC="0.96" CONTENT="arbetsuppgifter,"/><SP WIDTH="19" VPOS="2118" HPOS="1025"/>
							<String ID="string_404" HPOS="1044" VPOS="2130" WIDTH="73" HEIGHT="21" WC="0.96" CONTENT="som"/><SP WIDTH="17" VPOS="2130" HPOS="1117"/>
							<String ID="string_405" HPOS="1134" VPOS="2122" WIDTH="138" HEIGHT="31" WC="0.95" CONTENT="tillförts"/><SP WIDTH="16" VPOS="2122" HPOS="1272"/>
							<String ID="string_406" HPOS="1288" VPOS="2126" WIDTH="195" HEIGHT="34" WC="0.95" CONTENT="postverket"/><SP WIDTH="17" VPOS="2126" HPOS="1483"/>
							<String ID="string_407" HPOS="1500" VPOS="2128" WIDTH="106" HEIGHT="29" WC="0.96" CONTENT="sedan"/>
						</TextLine>
						<TextLine ID="line_43" HPOS="116" VPOS="2157" WIDTH="1488" HEIGHT="49">
							<String ID="string_408" HPOS="116" VPOS="2158" WIDTH="67" HEIGHT="29" WC="0.95" CONTENT="den"/><SP WIDTH="25" VPOS="2158" HPOS="183"/>
							<String ID="string_409" HPOS="208" VPOS="2157" WIDTH="95" HEIGHT="30" WC="0.95" CONTENT="förra"/><SP WIDTH="25" VPOS="2157" HPOS="303"/>
							<String ID="string_410" HPOS="328" VPOS="2158" WIDTH="306" HEIGHT="40" WC="0.95" CONTENT="klassificeringen,"/><SP WIDTH="26" VPOS="2158" HPOS="634"/>
							<String ID="string_411" HPOS="660" VPOS="2161" WIDTH="158" HEIGHT="31" WC="0.95" CONTENT="kommer"/><SP WIDTH="26" VPOS="2161" HPOS="818"/>
							<String ID="string_412" HPOS="844" VPOS="2163" WIDTH="139" HEIGHT="37" WC="0.95" CONTENT="givetvis"/><SP WIDTH="26" VPOS="2163" HPOS="983"/>
							<String ID="string_413" HPOS="1009" VPOS="2168" WIDTH="49" HEIGHT="27" WC="0.96" CONTENT="att"/><SP WIDTH="26" VPOS="2168" HPOS="1058"/>
							<String ID="string_414" HPOS="1084" VPOS="2167" WIDTH="167" HEIGHT="36" WC="0.96" CONTENT="medföra,"/><SP WIDTH="28" VPOS="2167" HPOS="1251"/>
							<String ID="string_415" HPOS="1279" VPOS="2171" WIDTH="48" HEIGHT="27" WC="0.93" CONTENT="att"/><SP WIDTH="26" VPOS="2171" HPOS="1327"/>
							<String ID="string_416" HPOS="1353" VPOS="2170" WIDTH="251" HEIGHT="36" WC="0.92" CONTENT="poststationer,"/>
						</TextLine>
					</TextBlock>
				</ComposedBlock>
				<ComposedBlock ID="cblock_3" HPOS="116" VPOS="2202" WIDTH="1489" HEIGHT="73">
					<TextBlock ID="block_6" HPOS="116" VPOS="2202" WIDTH="1489" HEIGHT="73">
						<TextLine ID="line_44" HPOS="116" VPOS="2202" WIDTH="1489" HEIGHT="49">
							<String ID="string_417" HPOS="116" VPOS="2211" WIDTH="78" HEIGHT="20" WC="0.96" CONTENT="vars"/><SP WIDTH="19" VPOS="2211" HPOS="194"/>
							<String ID="string_418" HPOS="213" VPOS="2202" WIDTH="124" HEIGHT="30" WC="0.96" CONTENT="rörelse"/><SP WIDTH="18" VPOS="2202" HPOS="337"/>
							<String ID="string_419" HPOS="355" VPOS="2202" WIDTH="100" HEIGHT="31" WC="0.96" CONTENT="ökats"/><SP WIDTH="18" VPOS="2202" HPOS="455"/>
							<String ID="string_420" HPOS="473" VPOS="2204" WIDTH="108" HEIGHT="29" WC="0.96" CONTENT="under"/><SP WIDTH="20" VPOS="2204" HPOS="581"/>
							<String ID="string_421" HPOS="601" VPOS="2205" WIDTH="64" HEIGHT="30" WC="0.93" CONTENT="den"/><SP WIDTH="21" VPOS="2205" HPOS="665"/>
							<String ID="string_422" HPOS="686" VPOS="2205" WIDTH="230" HEIGHT="33" WC="0.91" CONTENT="sistförflutna"/><SP WIDTH="21" VPOS="2205" HPOS="916"/>
							<String ID="string_423" HPOS="937" VPOS="2207" WIDTH="282" HEIGHT="39" WC="0.92" CONTENT="treårsperioden,"/><SP WIDTH="23" VPOS="2207" HPOS="1219"/>
							<String ID="string_424" HPOS="1242" VPOS="2212" WIDTH="117" HEIGHT="37" WC="0.96" CONTENT="flyttas"/><SP WIDTH="20" VPOS="2212" HPOS="1359"/>
							<String ID="string_425" HPOS="1379" VPOS="2223" WIDTH="70" HEIGHT="28" WC="0.96" CONTENT="upp"/><SP WIDTH="21" VPOS="2223" HPOS="1449"/>
							<String ID="string_426" HPOS="1470" VPOS="2215" WIDTH="8" HEIGHT="28" WC="0.96" CONTENT="i"/><SP WIDTH="22" VPOS="2215" HPOS="1478"/>
							<String ID="string_427" HPOS="1500" VPOS="2216" WIDTH="105" HEIGHT="35" WC="0.96" CONTENT="högre"/>
						</TextLine>
						<TextLine ID="line_45" HPOS="116" VPOS="2246" WIDTH="103" HEIGHT="29">
							<String ID="string_428" HPOS="116" VPOS="2246" WIDTH="103" HEIGHT="29" WC="0.95" CONTENT="klass."/>
						</TextLine>
					</TextBlock>
				</ComposedBlock>
				<ComposedBlock ID="cblock_4" HPOS="162" VPOS="2307" WIDTH="1295" HEIGHT="44">
					<TextBlock ID="block_7" HPOS="162" VPOS="2307" WIDTH="1295" HEIGHT="44">
						<TextLine ID="line_46" HPOS="162" VPOS="2307" WIDTH="1295" HEIGHT="44">
							<String ID="string_429" HPOS="162" VPOS="2307" WIDTH="215" HEIGHT="31" WC="0.91" CONTENT="Postverkets"/><SP WIDTH="20" VPOS="2307" HPOS="377"/>
							<String ID="string_430" HPOS="397" VPOS="2308" WIDTH="184" HEIGHT="31" WC="0.96" CONTENT="kostnader"/><SP WIDTH="20" VPOS="2308" HPOS="581"/>
							<String ID="string_431" HPOS="601" VPOS="2311" WIDTH="55" HEIGHT="29" WC="0.93" CONTENT="för"/><SP WIDTH="19" VPOS="2311" HPOS="656"/>
							<String ID="string_432" HPOS="675" VPOS="2313" WIDTH="288" HEIGHT="36" WC="0.89" CONTENT="poststationerna"/><SP WIDTH="23" VPOS="2313" HPOS="963"/>
							<String ID="string_433" HPOS="986" VPOS="2315" WIDTH="158" HEIGHT="36" WC="0.95" CONTENT="utgjorde"/><SP WIDTH="19" VPOS="2315" HPOS="1144"/>
							<String ID="string_434" HPOS="1163" VPOS="2317" WIDTH="9" HEIGHT="28" WC="0.96" CONTENT="i"/><SP WIDTH="21" VPOS="2317" HPOS="1172"/>
							<String ID="string_435" HPOS="1193" VPOS="2319" WIDTH="199" HEIGHT="29" WC="0.96" CONTENT="avrundade"/><SP WIDTH="23" VPOS="2319" HPOS="1392"/>
							<String ID="string_436" HPOS="1415" VPOS="2320" WIDTH="42" HEIGHT="29" WC="0.95" CONTENT="tal"/>
						</TextLine>
					</TextBlock>
				</ComposedBlock>
				<ComposedBlock ID="cblock_5" HPOS="436" VPOS="2370" WIDTH="542" HEIGHT="121">
					<TextBlock ID="block_8" HPOS="436" VPOS="2370" WIDTH="542" HEIGHT="121">
						<TextLine ID="line_47" HPOS="436" VPOS="2370" WIDTH="542" HEIGHT="35">
							<String ID="string_437" HPOS="436" VPOS="2370" WIDTH="38" HEIGHT="30" WC="0.96" CONTENT="år"/><SP WIDTH="26" VPOS="2370" HPOS="474"/>
							<String ID="string_438" HPOS="500" VPOS="2371" WIDTH="82" HEIGHT="29" WC="0.95" CONTENT="1935"/><SP WIDTH="70" VPOS="2371" HPOS="582"/>
							<String ID="string_439" HPOS="652" VPOS="2373" WIDTH="19" HEIGHT="28" WC="0.96" CONTENT="6"/><SP WIDTH="15" VPOS="2373" HPOS="671"/>
							<String ID="string_440" HPOS="686" VPOS="2373" WIDTH="63" HEIGHT="29" WC="0.96" CONTENT="300"/><SP WIDTH="14" VPOS="2373" HPOS="749"/>
							<String ID="string_441" HPOS="763" VPOS="2374" WIDTH="63" HEIGHT="29" WC="0.95" CONTENT="000"/><SP WIDTH="25" VPOS="2374" HPOS="826"/>
							<String ID="string_442" HPOS="851" VPOS="2375" WIDTH="127" HEIGHT="30" WC="0.95" CONTENT="kronor"/>
						</TextLine>
						<TextLine ID="line_48" HPOS="450" VPOS="2415" WIDTH="379" HEIGHT="31">
							<String ID="string_443" HPOS="450" VPOS="2424" WIDTH="11" HEIGHT="15" WC="0.89" CONTENT="»"/><SP WIDTH="44" VPOS="2424" HPOS="461"/>
							<String ID="string_444" HPOS="505" VPOS="2415" WIDTH="81" HEIGHT="29" WC="0.87" CONTENT="1940"/><SP WIDTH="69" VPOS="2415" HPOS="586"/>
							<String ID="string_445" HPOS="655" VPOS="2417" WIDTH="20" HEIGHT="28" WC="0.50" CONTENT="8"/><SP WIDTH="14" VPOS="2417" HPOS="675"/>
							<String ID="string_446" HPOS="689" VPOS="2417" WIDTH="63" HEIGHT="29" WC="0.70" CONTENT="500"/><SP WIDTH="14" VPOS="2417" HPOS="752"/>
							<String ID="string_447" HPOS="766" VPOS="2418" WIDTH="63" HEIGHT="28" WC="0.96" CONTENT="000"/>
						</TextLine>
						<TextLine ID="line_49" HPOS="450" VPOS="2460" WIDTH="379" HEIGHT="31">
							<String ID="string_448" HPOS="450" VPOS="2469" WIDTH="11" HEIGHT="14" WC="0.81" CONTENT="»"/><SP WIDTH="44" VPOS="2469" HPOS="461"/>
							<String ID="string_449" HPOS="505" VPOS="2460" WIDTH="80" HEIGHT="28" WC="0.73" CONTENT="1945"/><SP WIDTH="51" VPOS="2460" HPOS="585"/>
							<String ID="string_450" HPOS="636" VPOS="2461" WIDTH="38" HEIGHT="28" WC="0.49" CONTENT="13"/><SP WIDTH="16" VPOS="2461" HPOS="674"/>
							<String ID="string_451" HPOS="690" VPOS="2462" WIDTH="62" HEIGHT="28" WC="0.92" CONTENT="400"/><SP WIDTH="14" VPOS="2462" HPOS="752"/>
							<String ID="string_452" HPOS="766" VPOS="2462" WIDTH="63" HEIGHT="29" WC="0.96" CONTENT="000"/>
						</TextLine>
					</TextBlock>
				</ComposedBlock>
				<ComposedBlock ID="cblock_6" HPOS="151" VPOS="2523" WIDTH="242" HEIGHT="24">
					<TextBlock ID="block_9" HPOS="151" VPOS="2523" WIDTH="242" HEIGHT="24">
						<TextLine ID="line_50" HPOS="151" VPOS="2523" WIDTH="242" HEIGHT="24">
							<String ID="string_453" HPOS="151" VPOS="2524" WIDTH="4" HEIGHT="13" WC="0.15" CONTENT="1"/><SP WIDTH="21" VPOS="2524" HPOS="155"/>
							<String ID="string_454" HPOS="176" VPOS="2523" WIDTH="56" HEIGHT="23" WC="0.90" CONTENT="Här"/><SP WIDTH="21" VPOS="2523" HPOS="232"/>
							<String ID="string_455" HPOS="253" VPOS="2523" WIDTH="140" HEIGHT="24" WC="0.21" CONTENT="uvlesluten."/>
						</TextLine>
					</TextBlock>
				</ComposedBlock>
			</PrintSpace>
		</Page>
	</Layout>
</alto>
