2202 2652
416 185 42 31 34
871 185 236 41 Lagutskottets
1135 185 169 33 Utlåtande
1328 186 60 32 N:o
1411 186 52 32 35.

504 264 131 35 Denna
662 263 200 36 kvarlefva
889 264 86 36 från
1003 267 156 44 gångna
1186 265 103 35 tider
1315 265 176 36 försöker
1520 266 116 35 också
1663 268 103 34 sätta
1785 267 57 46 sig
1862 266 110 36 öfver

373 328 75 34 nya
476 315 302 47 lagstiftningar,
808 328 80 23 som
914 315 231 37 tillkommit
1172 316 60 36 för
1259 319 70 33 vår
1355 317 76 35 tids
1458 317 127 36 behof.

501 368 75 35 Det
610 366 121 37 första
758 366 107 36 fallet
893 373 43 30 är
965 368 83 35 dess
1077 368 152 44 konflikt
1257 369 80 35 med
1366 371 24 33 8
1417 368 23 46 $
1468 370 13 33 i
1509 370 154 43 stadgan
1692 381 53 23 om
1775 370 196 44 afvittring

373 420 13 33 i
420 419 263 35 Västerbottens
712 419 63 34 och
803 419 237 36 Norrbottens
1070 420 80 34 läns
1180 420 232 44 lappmarker
1440 421 70 34 den
1539 423 49 33 30
1611 422 76 41 maj
1705 423 113 34 1873.
1859 423 17 34 I
1895 422 74 35 den

372 472 241 44 bestämmes,
648 472 61 33 att
740 470 178 36 hemman
947 471 73 35 och
1047 472 206 46 nybyggen
1280 471 109 36 skola
1417 472 146 36 erhålla
1592 472 96 46 skog
1715 472 32 46 ej
1777 473 103 36 blott
1907 473 62 36 till

373 522 194 36 husbehof
589 525 96 32 utan
713 522 74 36 ock
814 522 60 35 till
902 522 138 46 afsalu;
1070 523 100 36 dock
1198 525 61 34 att
1286 529 115 40 ägare
1430 523 40 35 af
1490 524 132 36 frälse-
1642 524 72 35 och
1733 524 238 36 skattehem-

372 586 90 24 man
505 574 72 35 och
614 573 225 47 lägenheter
879 574 32 46 ej
949 577 64 33 må
1042 574 106 36 öfver
1175 575 73 35 den
1275 575 66 35 vid
1369 575 204 47 afvittring
1600 575 197 36 tilldelade
1824 576 145 46 skogen

373 632 73 41 äga
488 625 284 36 vidsträcktare
814 625 341 47 dispositionsrätt,
1199 632 48 30 än
1280 627 121 46 enligt
1429 627 18 45 $
1480 630 16 32 1
1529 627 42 36 af
1594 627 274 46 förordningen
1897 628 73 35 den

375 680 46 33 29
446 676 88 47 juni
566 679 108 43 1866,
704 678 198 45 angående
930 678 381 46 dispositionsrätten
1340 678 106 35 öfver
1474 679 147 47 skogen
1648 681 22 33 å
1696 679 100 35 vissa
1824 679 146 35 skatte-

372 729 192 44 hemman,
609 733 42 30 är
691 734 116 41 ägare
849 729 41 35 af
920 730 85 35 däri
1034 729 253 36 omförmälda
1314 730 179 35 hemman
1521 731 201 35 förunnad.
1779 730 75 36 Går
1880 742 90 24 man

374 781 115 35 sedan
517 780 62 35 till
619 780 237 36 sistnämnda
883 781 240 46 förordning,
1161 784 41 33 så
1229 781 123 36 finner
1378 794 101 34 man,
1510 785 60 33 att
1599 785 22 32 å
1648 782 320 45 skattehemman,

374 844 80 24 som
481 832 258 46 uppkommer
767 832 42 35 af
831 834 194 46 nybygge,
1052 833 150 36 hvilket
1229 833 229 36 hädanefter
1485 834 86 35 från
1599 834 152 35 kronan
1778 834 193 46 upplåtes,

374 889 92 41 äger
507 883 298 36 skattemannen
848 884 31 46 ej
924 897 129 23 annan
1080 888 80 32 rätt
1189 885 107 35 öfver
1323 885 238 36 hemmanets
1590 885 106 46 skog,
1727 891 49 30 än
1805 888 59 33 att
1891 885 78 36 han

374 935 172 36 därifrån
586 938 62 32 må
688 936 79 35 dels
795 939 95 32 utan
917 936 183 47 utsyning
1127 937 62 35 till
1216 937 192 35 husbehof
1431 937 136 36 hämta
1595 937 138 47 nödigt
1760 936 108 36 virke
1898 937 71 35 och

372 987 154 35 bränsle
570 987 71 35 och
670 987 79 35 dels
778 987 96 35 efter
901 988 185 46 utsyning
1114 988 72 36 och
1214 988 210 47 stämpling
1453 988 42 36 af
1517 989 287 35 vederbörande
1837 988 133 47 skogs-

372 1038 236 46 tjänstemän
634 1038 88 36 fritt
749 1042 93 43 taga
870 1039 92 35 eller
989 1039 156 46 försälja
1176 1040 103 35 hvad
1303 1040 224 35 därutöfver
1545 1040 90 46 kan,
1651 1041 87 35 med
1752 1040 217 36 bevarande

373 1090 60 36 för
459 1090 208 35 framtiden
696 1090 42 35 af
761 1090 163 47 skogens
951 1091 174 44 bestånd,
1156 1091 149 46 årligen
1332 1091 188 36 afverkas.

503 1142 75 35 Det
619 1147 42 30 är
701 1142 117 45 klart,
861 1145 60 32 att
948 1142 442 46 lappmarksböndernas
1417 1142 181 36 hemman
1624 1143 86 36 icke
1738 1143 75 35 fått
1842 1155 127 23 annan

373 1196 81 33 rätt
481 1193 63 35 till
572 1193 144 47 skogen
745 1199 49 29 än
824 1193 113 36 ofvan
966 1197 115 43 sagts.
1123 1194 74 35 Det
1224 1194 108 35 sades
1360 1194 116 35 också
1504 1194 264 47 uttryckligen
1787 1194 111 45 ifrån,
1920 1195 50 34 då

374 1244 389 47 afvittringsstadgan
791 1248 147 43 antogs.
994 1246 89 34 Men
1110 1257 91 23 man
1228 1246 152 46 glömde
1401 1245 156 36 alldeles
1575 1247 90 34 bort
1687 1248 68 33 101
1779 1246 18 45 8
1817 1246 151 36 skiftes-

374 1297 176 46 stadgan.
606 1296 103 36 Skall
755 1308 53 23 nu
844 1297 124 35 denna
997 1297 130 35 därför
1153 1296 88 36 fritt
1268 1296 38 36 få
1332 1298 114 45 bryta
1475 1298 138 35 sönder
1642 1300 20 33 8
1692 1297 18 46 $
1738 1298 13 34 i
1783 1300 94 33 1873
1908 1300 61 33 års

375 1348 371 47 afvittringsstadga,
788 1348 157 36 hvilken
973 1348 13 35 i
1015 1349 73 35 den
1128 1348 177 47 punkten
1344 1361 69 23 var
1450 1349 131 47 byggd
1614 1352 50 43 på
1692 1349 278 46 framsynthet?

375 1399 80 37 Och
494 1412 63 23 om
600 1400 167 46 anspråk
807 1400 120 46 därpå
971 1400 269 46 framställdes,
1284 1400 121 36 skulle
1446 1401 87 35 icke
1568 1401 300 47 skogsstyrelsen
1896 1401 72 35 och

373 1451 229 47 regeringen
628 1452 195 35 bestämdt
849 1454 163 33 motsatt
1036 1452 56 46 sig
1121 1452 96 45 dem,
1248 1452 84 45 och,
1362 1464 61 23 om
1452 1452 217 47 anspråken
1698 1453 150 35 ändock
1875 1453 94 46 god-

373 1503 117 35 känts
519 1502 41 36 af
584 1503 271 45 domstolarna,
884 1503 99 35 hade
1011 1504 81 34 inte
1121 1504 301 35 statsmakterna
1449 1507 51 43 på
1528 1505 247 46 regeringens
1798 1505 171 35 initiativ

373 1555 90 35 bort
491 1554 147 47 skynda
667 1557 59 33 att
754 1555 120 35 ändra
896 1555 173 46 lagarna,
1091 1557 39 33 så
1149 1558 60 33 att
1227 1558 121 44 något
1367 1556 286 35 åsidosättande
1674 1556 41 35 af
1731 1556 238 46 afvittrings-

374 1607 184 45 stadgans
584 1606 240 47 förståndiga
852 1606 162 36 afsikter
1042 1607 32 46 ej
1103 1607 132 35 vidare
1262 1607 83 35 blef
1367 1607 177 47 möjligt?

503 1658 89 35 Men
620 1659 65 35 det
713 1658 151 46 gjordes
893 1658 32 47 ej
955 1661 132 44 något.
1142 1659 91 35 Man
1260 1659 146 35 låtsade
1437 1671 62 24 om
1527 1660 101 34 intet
1652 1660 72 35 och
1743 1659 231 46 tillämpade:

375 1709 179 47 opåtaldt
590 1712 68 33 101
690 1710 19 45 $
738 1709 301 47 skiftesstadgan
1067 1710 64 35 vid
1158 1710 89 47 laga
1275 1710 143 36 skiften
1447 1711 72 35 och
1547 1710 424 47 hemmansklyfningar

374 1761 13 35 i
414 1761 311 46 lappmarkerna.
780 1761 189 47 Vanligen
1007 1762 71 35 har
1105 1762 66 35 det
1199 1762 152 46 tillgått
1376 1764 51 45 på
1455 1761 169 47 följande
1656 1765 89 33 sätt.
1800 1762 170 46 Bolagen

374 1813 49 35 ha
452 1815 174 33 närmast
653 1813 99 35 efter
780 1813 72 36 och
880 1813 112 36 äfven
1020 1814 80 35 före
1129 1813 297 47 afvittringarne
1445 1814 215 36 förvärfvat
1679 1814 290 47 utstämplings-

374 1867 131 33 rätten
554 1864 61 35 till
662 1867 139 33 nästan
850 1865 75 35 alla
974 1866 423 46 lappmarkshemmans
1450 1865 152 47 skogar,
1654 1869 100 32 samt
1803 1866 167 35 därefter

374 1916 62 36 till
480 1916 174 35 växande
700 1917 108 35 antal
853 1917 111 36 äfven
1014 1917 213 36 förvärfvat
1274 1917 133 47 själfva
1447 1918 242 35 hemmanen.
1758 1917 212 36 Merendels

374 1968 165 35 härskar
571 1968 13 34 i
612 1979 46 23 en
698 1968 52 45 by
791 1971 56 33 ett
887 1969 99 35 enda
1026 1969 127 46 bolag,
1197 1970 72 35 och
1311 1975 42 29 är
1386 1970 66 34 det
1479 1972 67 33 två
1575 1970 92 35 eller
1694 1969 93 36 flera
1814 1970 156 35 komma

375 2020 45 35 de
448 2020 77 35 lätt
554 2019 184 36 öfverens.
794 2019 128 36 Såsom
951 2026 116 41 ägare
1094 2021 61 35 till
1183 2033 47 23 en
1258 2021 261 35 hemmansdel
1547 2021 12 35 i
1588 2034 47 23 en
1662 2022 50 45 by
1732 2021 91 35 eller
1842 2021 12 35 i
1872 2021 99 47 brist

375 2071 114 35 däraf
512 2083 139 35 genom
680 2072 61 34 att
767 2070 144 48 inköpa
939 2075 130 43 någon
1096 2072 95 35 liten
1219 2073 78 35 lott
1323 2076 27 32 t.
1381 2085 57 23 ex.
1469 2072 42 35 af
1534 2076 129 43 någon
1687 2073 173 46 arfvinge
1880 2073 13 35 i
1913 2075 58 33 ett

374 2123 178 35 sterbhus
579 2123 167 46 begärde
774 2122 156 47 bolaget
959 2124 115 36 skifte
1102 2126 49 44 på
1180 2125 87 45 byn.
1315 2125 142 35 Därvid
1476 2136 148 24 vunnos
1643 2127 67 33 två
1729 2125 121 35 saker.
1894 2125 78 34 Var

375 2174 65 35 det
467 2175 149 35 bönder
642 2174 99 36 kvar
766 2173 13 35 i
798 2174 86 45 byn,
906 2178 40 32 så
966 2175 197 36 skrämdes
1181 2179 167 43 mången
1368 2179 59 32 att
1447 2175 95 46 sälja
1563 2176 58 35 sin
1639 2177 96 45 gård
1755 2176 41 35 af
1811 2176 159 35 fruktan

373 2224 62 35 för
476 2226 409 45 skifteskostnaderna,
928 2239 82 23 som
1050 2239 89 24 man
1181 2227 32 46 ej
1256 2228 130 35 kunde
1426 2227 131 35 betala
1597 2229 87 34 med
1719 2228 162 45 skogens
1909 2225 61 36 till

373 2276 159 46 bolaget
576 2277 61 36 för
680 2278 92 46 lång
819 2277 58 35 tid
921 2278 210 36 förskrifna
1174 2279 236 47 afkastning.
1479 2279 88 35 Men
1604 2280 130 35 vidare
1776 2277 140 37 erhölls
1958 2276 13 36 i
