1898 2840
528 146 307 32 Bankoutskottets
861 143 176 32 utlåtande
1062 143 49 31 Nr
1133 144 49 30 39.
1568 134 37 31 27

146 237 91 28 samt
264 236 49 28 att
342 233 69 30 han
439 232 55 30 för
521 230 218 32 närvarande
768 229 75 31 icke
871 227 154 37 åtnjuter
1053 236 116 22 annan
1197 225 142 38 pension
1371 225 44 30 än
1446 223 157 37 folkpen-

104 285 84 31 sion.

147 364 91 36 Över
262 366 265 37 ifrågavarande
551 365 132 31 motion
708 364 65 30 har
796 363 167 30 utskottet
987 362 11 30 i
1023 360 213 36 vederbörlig
1261 359 147 36 ordning
1432 358 172 30 inhämtat

102 418 179 32 utlåtande
305 428 42 21 av
372 418 255 34 statskontoret,
652 424 76 22 som
751 414 79 30 hört
853 412 309 37 domänstyrelsen.

147 469 306 36 Domänstyrelsen
479 468 75 35 har,
579 466 45 30 då
649 469 47 27 ett
720 464 100 31 bifall
844 464 50 30 till
920 463 178 30 motionen
1126 462 81 30 med
1232 462 125 29 största
1385 454 220 46 sannolikhet

103 521 111 31 skulle
238 519 158 31 medföra
419 517 166 32 liknande
608 515 297 36 framställningar
930 513 80 31 från
1035 513 110 31 andra
1170 510 247 32 förutvarande
1443 509 161 32 arrenda-

104 576 100 32 torer,
230 571 93 30 vilka
347 570 80 30 med
450 569 73 30 lika
549 569 67 29 rätt
640 570 116 34 syntes
782 567 118 29 kunna
927 566 84 35 göra
1037 562 151 38 anspråk
1215 561 45 39 på
1284 561 155 38 pension,
1468 560 66 31 och
1561 558 44 32 då

105 621 106 39 några
238 621 170 32 särskilda
433 618 305 36 omständigheter,
767 626 74 21 som
867 614 213 32 motiverade
1103 611 211 38 beviljandet
1339 622 41 20 av
1406 610 199 36 understöd,

104 674 75 30 icke
199 670 250 36 framkommit,
472 672 112 29 ansett
604 669 50 36 sig
675 669 85 29 böra
782 667 164 36 avstyrka
967 665 99 31 bifall
1085 665 52 30 till
1158 663 186 31 motionen.

148 723 253 31 Statskontoret
416 721 65 30 har
499 719 141 32 anslutit
658 719 50 36 sig
727 717 51 31 till
795 717 66 31 vad
878 715 299 37 domänstyrelsen
1196 714 12 30 i
1225 713 141 31 ärendet
1383 712 118 30 anfört
1518 714 89 28 samt

103 774 218 38 följaktligen
344 775 121 32 ansett,
489 774 50 28 att
561 769 177 31 motionen
763 768 74 30 icke
860 767 108 30 borde
993 765 181 31 föranleda
1198 763 112 37 någon
1334 762 203 36 riksdagens
1561 760 48 32 åt-

103 826 94 36 gärd.

150 926 116 35 Enligt
287 925 182 30 utskottets
493 922 139 36 mening
654 921 65 30 har
742 920 11 29 i
777 918 228 32 förevarande
1029 917 126 31 ärende
1180 916 74 31 icke
1279 914 192 36 förebragts
1494 913 112 31 utred-

106 977 82 37 ning
210 985 58 22 om
291 978 49 28 att
363 974 156 37 Bjurling
545 972 161 31 förrättat
728 970 116 31 arbete
866 969 11 30 i
902 971 130 28 statens
1056 966 107 38 tjänst
1186 967 12 29 i
1221 966 66 30 den
1312 964 220 36 omfattning,
1559 966 48 28 att

107 1027 194 31 detsamma
322 1025 62 30 bör
405 1023 182 31 föranleda
610 1022 113 30 beslut
744 1030 58 21 om
822 1020 156 37 pension.
1022 1017 48 31 På
1091 1017 112 37 grund
1224 1017 108 30 härav
1354 1015 180 37 avstyrker
1556 1017 51 27 ut-

108 1079 125 30 skottet
254 1076 121 37 åtgärd
395 1076 11 29 i
427 1073 187 37 anledning
635 1082 42 21 av
698 1071 177 31 motionen
897 1070 66 30 och
987 1068 209 35 hemställer,

461 1162 49 28 att
527 1156 229 32 förevarande
771 1154 131 31 motion
922 1154 44 29 II:
986 1153 42 30 43
1045 1153 75 30 icke
1136 1151 58 31 må
1211 1151 50 31 till
1278 1149 112 37 någon
1407 1149 202 36 riksdagens

416 1208 122 38 åtgärd
556 1206 191 33 föranleda.

150 1314 201 31 Stockholm
371 1313 66 30 den
462 1311 39 30 14
522 1310 88 36 april
632 1309 94 30 1939.

579 1408 47 32 På
647 1407 303 32 bankoutskottets
973 1405 142 36 vägnar:

628 1508 183 32 HARALD
836 1501 248 36 ÅKERBERG.

142 1796 54 26 Vid
216 1794 180 27 förestående
416 1793 120 25 ärendes
556 1790 232 31 slutbehandling
808 1789 78 24 inom
906 1788 139 24 utskottet
1065 1787 72 24 hava
1158 1785 137 26 närvarit:

143 1845 65 26 från
238 1846 134 25 första
398 1844 179 24 kammaren:
606 1841 100 24 herrar
731 1836 150 34 Åkerberg,
908 1837 122 32 Berling,
1058 1836 192 32 Friggeråker,
1278 1834 121 29 Sandén,
1427 1834 186 27 Holmström,

108 1888 117 25 Nilsson
244 1888 9 24 i
271 1886 134 28 Mölndal,
425 1885 162 31 Bjurström
606 1883 55 25 och
682 1881 163 31 Swartling;

144 1946 65 26 från
236 1946 125 24 andra
386 1944 178 24 kammaren:
591 1942 99 24 herrar
718 1939 164 31 Holmgren,
911 1937 106 30 Lovén,
1045 1936 130 29 Paulsen,
1203 1936 162 24 Andersson
1392 1935 8 24 i
1429 1929 184 40 Falkenberg,

109 1989 31 26 K.
164 1990 30 24 A.
219 1988 153 28 Westman,
395 1985 160 26 Gustavson
577 1983 9 24 i
608 1981 143 29 Västerås,
774 1980 105 31 Osberg
903 1979 55 25 och
981 1979 152 25 Svedman:
1156 1977 74 25 dock
1254 1979 40 22 ait
1316 1976 8 24 i
1347 1976 212 31 behandlingen
1580 1982 35 17 av

109 2031 91 32 punkt
221 2030 31 24 19
271 2030 7 24 i
298 2027 158 26 utlåtandet
475 2026 66 24 herr
559 2024 172 26 Sundström
749 2023 7 24 i
775 2021 241 31 Vikmanshyttan
1037 2019 114 31 deltagit
1170 2020 7 23 i
1198 2019 91 24 stöllet
1307 2018 46 24 för
1371 2018 65 24 herr
1456 2017 159 25 Gustavson

110 2074 7 23 i
139 2071 142 26 Västerås.

1658 914 127 26 Utskottet.
