1884 2840
515 160 306 31 Bankoutskottets
847 160 175 31 utlåtande
1047 160 50 31 Nr
1117 162 49 30 39.
1574 157 19 30 3

84 244 163 30 berkulos
275 262 45 4 —
349 244 203 37 entledigats
580 244 80 31 från
690 244 52 31 sin
770 245 220 37 anställning,
1020 245 106 30 vilket
1156 245 240 36 entledigande
1424 241 172 40 grundats

83 293 47 37 på
153 294 95 37 intyg
272 304 42 21 av
339 295 258 30 vederbörande
622 295 320 36 regementsläkare,
968 296 208 36 dagtecknat
1201 296 66 30 den
1295 296 19 30 9
1340 295 138 37 januari
1506 296 84 30 1936

83 345 67 30 och
173 354 42 21 av
237 344 166 37 innehåll,
426 346 106 30 bland
555 348 117 33 annat,
697 348 48 27 att
768 346 178 30 Petterson
969 346 80 29 med
1070 346 51 30 till
1143 346 128 30 visshet
1295 346 194 36 gränsande
1512 356 77 21 san-

84 395 156 31 nolikhet
268 396 76 30 icke
370 396 97 30 bleve
494 395 176 32 återställd
698 395 78 32 från
803 396 54 30 sin
887 395 165 37 sjukdom
1079 396 76 31 före
1182 397 65 31 den
1278 397 13 29 1
1323 396 64 37 juli
1418 397 92 36 1936,
1541 400 49 28 att

82 446 197 39 ytterligare
300 446 106 31 minst
428 455 57 22 sex
507 446 185 31 månaders
713 446 232 37 sjukledighet
967 447 126 31 räknat
1116 447 79 31 från
1217 448 66 30 och
1303 447 81 30 med
1406 447 183 32 sistnämn-

83 496 44 31 da
152 497 66 36 dag
240 500 116 33 syntes
379 497 56 30 för
458 497 176 30 Petterson
657 497 92 31 bliva
771 497 213 36 erforderlig,
1007 501 92 27 samt
1122 500 49 28 att
1197 498 187 36 Petterson,
1409 498 101 31 såvitt
1532 498 58 31 vid

83 546 147 38 intygets
256 547 210 31 utfärdande
492 548 117 30 kunde
632 547 175 37 bedömas,
834 548 76 30 icke
934 548 116 30 kunde
1075 558 99 21 anses
1200 548 56 31 för
1280 548 189 31 framtiden
1492 550 97 30 kom-

83 606 59 22 ma
165 601 48 27 att
237 598 94 30 bliva
354 597 204 38 oförmögen
582 601 50 28 att
655 597 46 38 på
723 598 319 31 tillfredsställande
1066 600 68 30 sätt
1157 599 117 31 utföra
1298 600 114 30 henne
1439 599 150 38 åliggan-

81 647 42 31 de
140 648 115 30 arbete
272 657 80 21 men
368 651 49 28 att
433 665 44 4 —
487 649 110 29 under
610 648 304 37 hänsynstagande
927 649 50 29 till
991 649 42 30 de
1047 649 171 31 tänkbara
1230 650 120 35 risker,
1365 650 56 31 för
1434 651 92 29 vilka
1538 650 51 31 så-

83 699 54 29 väl
159 699 70 29 hon
247 698 89 36 själv
355 708 75 21 som
449 700 283 35 medpersonalen
751 700 65 29 och
836 699 165 37 möjligen
1021 699 106 31 också
1145 703 147 34 truppen
1312 701 117 30 kunde
1448 702 142 30 komma

83 752 50 28 att
155 749 144 31 utsättas
320 767 46 4 —
386 751 56 29 det
464 750 75 30 icke
561 753 115 34 syntes
697 750 188 37 tillrådligt,
910 754 48 27 att
979 751 71 30 hon
1072 751 11 30 i
1106 751 268 37 fortsättningen
1395 752 92 36 finge
1510 752 79 30 full-

83 800 83 35 göra
184 799 56 31 sitt
258 800 116 30 arbete
393 800 56 30 vid
467 800 334 37 tvättinrättningen;

127 853 50 27 att
195 851 177 30 Petterson
391 851 104 36 enligt
513 850 39 32 år
576 851 83 31 1938
678 851 154 31 utfärdat
853 851 195 37 läkarintyg
1067 852 86 30 lider
1173 862 43 21 av
1235 853 130 30 allmän
1386 854 140 35 svaghet
1545 852 45 39 på

83 901 113 36 grund
213 911 41 20 av
271 902 286 35 lungtuberkulos
575 902 66 30 och
658 905 49 27 att
723 902 130 30 hennes
872 902 275 37 arbetsförmåga
1165 903 9 30 i
1193 904 186 36 anledning
1398 904 107 30 härav
1524 905 39 30 är
1581 904 9 30 i

83 952 167 36 väsentlig
266 953 85 35 grad
369 953 148 35 nedsatt;

128 1006 48 27 att
192 1003 186 36 Petterson,
396 1013 72 21 som
485 1002 78 31 från
582 1004 65 29 och
662 1004 78 30 med
756 1004 66 30 den
841 1005 13 29 1
872 1003 139 37 januari
1029 1005 84 30 1935
1130 1005 87 30 varit
1231 1005 237 31 underkastad
1483 1005 107 37 tjäns-

82 1053 419 37 lepensionsreglementet
523 1053 55 31 för
600 1054 164 36 arbetare,
788 1053 45 38 på
855 1055 112 36 grund
989 1064 43 21 av
1054 1055 42 30 de
1120 1055 10 30 i
1153 1055 92 31 detta
1267 1056 206 36 reglemente
1497 1056 93 30 inne-

79 1103 133 31 fattade
227 1104 306 32 bestämmelserna
550 1114 58 21 om
625 1104 68 31 viss
709 1105 186 30 reduktion
910 1115 43 21 av
970 1106 278 36 anställningstid
1266 1106 75 30 före
1353 1107 237 35 reglementets

85 1154 275 31 ikraftträdande
378 1156 80 35 äger
474 1158 47 28 att
538 1165 43 21 av
598 1155 230 32 förenämnda
845 1156 178 36 tjänstetid
1041 1166 57 21 om
1119 1158 36 28 11
1177 1156 38 31 år
1235 1158 36 29 11
1291 1156 169 32 månader
1477 1157 113 31 såsom

82 1204 148 37 tjänstår
248 1205 56 31 för
322 1206 144 36 pension
485 1206 252 36 tillgodoräkna
757 1207 146 30 allenast
921 1207 20 30 9
960 1206 39 31 år
1026 1208 10 29 9
1055 1206 168 32 månader
1244 1208 38 30 12
1303 1208 119 36 dagar;

127 1259 49 27 att
195 1258 127 28 statens
343 1257 291 36 pensionsanstalt
653 1257 10 30 i
683 1257 187 37 anledning
889 1267 43 21 av
952 1267 41 21 en
1013 1267 43 21 av
1076 1258 176 31 Petterson
1272 1258 101 37 gjord
1397 1259 193 37 ansökning

82 1316 58 21 om
155 1306 227 37 sjukpension
396 1307 170 31 förklarat
581 1308 60 36 sig,
656 1309 83 29 enär
753 1308 178 31 Petterson
946 1309 75 30 icke
1036 1309 117 30 kunde
1167 1309 110 31 räkna
1291 1309 108 31 minst
1416 1310 38 30 10
1469 1310 133 36 tjänst-:

83 1357 40 31 år
145 1358 56 30 för
225 1358 156 36 pension,
407 1358 138 37 jämlikt
572 1360 17 29 7
615 1360 19 36 $
659 1358 29 40 c)
717 1359 516 37 tjänstepensionsreglementet
1257 1360 57 31 för
1337 1361 156 30 arbetare
1520 1361 68 30 för-

83 1408 151 31 hindrad
258 1409 132 31 tilldela
414 1410 112 30 henne
550 1409 116 37 någon
692 1410 158 36 pension;

127 1462 49 27 att
201 1458 176 31 Petterson
403 1459 154 31 däremot
582 1459 105 37 enligt
711 1460 155 31 nämnda
890 1461 207 35 reglemente
1123 1462 38 29 är
1185 1461 238 32 tillförsäkrad
1448 1465 67 30 rätt
1538 1464 52 30 till

81 1509 214 37 uppskjuten
316 1509 147 31 livränta
485 1510 50 30 till
555 1510 127 37 belopp
701 1520 42 21 av
763 1511 161 36 omkring
945 1512 63 29 200
1029 1511 130 31 kronor
1178 1511 54 31 för
1252 1512 47 37 år,
1321 1512 170 37 utgående
1510 1513 80 32 från

82 1560 66 30 och
166 1560 79 30 med
263 1559 175 32 månaden
456 1562 77 29 näst
551 1561 88 30 efter
658 1561 74 36 den,
753 1562 175 29 varunder
946 1561 177 31 Petterson
1143 1561 137 38 uppnår
1299 1564 42 30 63
1361 1563 56 32 års
1437 1563 107 38 ålder;

127 1614 89 27 samt
238 1614 48 27 att
310 1611 187 36 Petterson,
520 1611 87 31 efter
630 1612 55 30 det
707 1612 69 30 hon
799 1612 203 36 entledigats
1026 1611 80 32 från
1130 1614 253 36 anställningen
1406 1615 57 30 vid
1488 1616 101 30 Norr-

82 1661 99 30 lands
200 1661 345 36 artilleriregemente,
565 1661 44 38 på
628 1663 110 35 grund
756 1672 43 21 av
817 1662 53 30 sin
890 1663 157 30 nedsatta
1068 1663 275 38 arbetsförmåga
1363 1665 76 31 icke
1456 1666 134 31 kunnat

82 1711 105 30 vinna
209 1711 149 36 förnyad
381 1712 209 37 anställning
612 1713 75 35 och,
711 1714 82 29 enär
815 1713 71 30 hon
910 1714 127 30 saknar
1060 1722 87 28 egna
1169 1714 192 38 tillgångar,
1385 1726 143 21 numera
1551 1718 39 29 är

82 1762 55 30 för
157 1762 56 30 sitt
231 1762 185 37 uppehälle
434 1763 170 30 hänvisad
624 1763 51 30 till
694 1764 189 30 understöd
903 1773 43 21 av
965 1764 241 37 fattigvården.

126 1861 264 37 Föredragande
417 1862 378 39 departementschefen
823 1864 65 30 har
915 1863 129 32 anfört:

126 1921 175 29 Petterson
327 1921 91 30 hade
442 1921 43 35 på
510 1923 112 34 grund
646 1931 43 21 av
714 1922 285 36 lungtuberkulos
1025 1925 65 28 och
1117 1924 142 30 därmed
1286 1925 146 30 förenad
1459 1926 129 30 smitto-

79 1963 73 30 risk
178 1961 202 37 entledigats
407 1962 77 31 från
511 1964 53 30 sin
585 1963 208 38 anställning
820 1965 79 30 kort
925 1964 107 31 innan
1059 1966 71 29 hon
1158 1966 147 36 uppnått
1332 1966 109 31 sådan
1467 1967 121 37 tjänst-

78 2005 106 35 ålder,
204 2009 47 26 att
270 2009 128 26 statens
417 2006 290 36 pensionsanstalt
726 2007 133 30 kunnat
879 2008 208 30 tillerkänna
1105 2008 113 31 henne
1237 2008 228 36 sjukpension
1483 2010 105 36 enligt

79 2047 307 31 bestämmelserna
410 2048 10 30 i
443 2046 513 39 tjänstepensionsreglementet
980 2049 55 30 för
1059 2051 166 29 arbetare.
1273 2051 79 30 Med
1377 2052 135 36 hänsyn
1537 2053 52 29 till

79 2089 342 36 omständigheterna
444 2090 9 30 i
477 2091 170 30 samband
671 2092 77 29 med
771 2091 255 36 entledigandet
1051 2093 164 30 ävensom
1238 2094 67 29 vad
1326 2094 10 29 i
1361 2095 140 30 ärendet
1525 2094 62 31 bli-

79 2132 47 29 vit
156 2132 140 36 upplyst
326 2133 148 29 rörande
503 2133 194 30 Pettersons
727 2134 203 30 nuvarande
960 2134 255 31 hälsotillstånd
1245 2136 66 29 och
1343 2135 244 38 försörjnings-

79 2173 216 37 möjligheter
317 2173 126 38 ansåge
465 2174 379 36 departementschefen
867 2175 188 31 emellertid
1078 2176 197 36 billigheten
1298 2176 120 37 bjuda,
1441 2180 49 28 att
1513 2179 73 29 Pet-

78 2219 116 27 terson
216 2233 44 3 —
283 2217 78 29 med
386 2216 250 31 frånträdande
660 2227 41 20 av
725 2218 113 30 henne
856 2218 266 30 tillkommande
1146 2220 66 29 rätt
1236 2222 48 27 att
1308 2219 87 30 efter
1420 2220 167 36 uppnådd

79 2257 96 31 ålder
196 2266 41 21 av
257 2258 42 30 63
320 2257 39 31 år
380 2259 158 35 uppbära
559 2258 212 37 uppskjuten
794 2259 148 30 livränta
962 2277 44 4 —
1026 2261 108 29 redan
1158 2270 46 20 nu
1227 2260 92 37 finge
1342 2262 141 29 komma
1506 2262 10 29 i
1537 2261 49 31 åt-

79 2300 168 35 njutande
271 2308 43 21 av
337 2300 188 30 understöd
550 2310 42 20 av
618 2301 195 30 statsmedel
839 2302 9 29 i
874 2301 91 30 form
991 2309 41 22 av
1053 2301 154 36 pension.

124 2341 328 37 Pensionsbeloppet
490 2345 115 32 syntes
643 2342 151 36 skäligen
834 2344 85 28 böra
957 2344 211 29 bestämmas
1205 2344 50 29 till
1294 2346 47 27 ett
1380 2344 124 38 belopp
1544 2354 42 21 av

80 2385 63 30 504
166 2384 127 29 kronor
315 2383 55 30 för
386 2382 49 37 år,
456 2386 48 28 att
525 2383 82 36 utgå
629 2383 76 31 från
728 2385 65 29 och
815 2385 80 30 med
916 2384 170 37 ingången
1109 2394 42 20 av
1174 2385 233 31 innevarande
1429 2385 47 31 år.
1522 2386 63 30 De-

80 2426 335 38 partementschefen
439 2425 77 31 ville
539 2425 123 31 härvid
685 2426 49 30 till
757 2425 201 37 jämförelse
980 2426 197 36 framhålla,
1202 2430 49 27 att
1275 2428 177 29 Petterson
1477 2429 110 29 skulle

79 2470 91 29 hava
196 2468 86 30 varit
310 2467 330 36 författningsenligt
667 2469 191 35 berättigad
886 2468 50 30 till
964 2468 227 36 sjukpension
1219 2469 50 29 till
1298 2470 126 36 belopp
1451 2479 42 21 av
1522 2471 65 29 600
