2256 2626
462 153 43 31 24
597 153 118 32 Andra
740 153 217 31 Kammarens
984 151 178 44 Tillfälliga
1191 152 141 32 Utskotts
1353 152 78 40 (N:o
1454 154 37 35 4)
1522 152 170 32 Utlåtande
1714 152 64 32 N:o
1802 153 53 31 24.

550 231 140 50 Någon
731 235 120 45 gräns
893 230 60 37 för
994 231 46 36 de
1080 233 48 46 på
1169 231 104 36 detta
1302 235 77 32 sätt
1407 230 196 36 utbildade
1631 231 244 36 officerarnes
1902 230 130 38 vidare

420 281 203 40 befordran
652 284 123 36 finnes
803 283 84 36 icke
916 283 184 48 angifven
1128 282 12 36 i
1168 281 369 50 befordringslagen.
1593 282 118 37 Deras
1739 283 167 36 militära
1933 282 97 37 bild-

419 336 97 49 ning
556 335 71 36 bör
662 335 57 48 ju,
763 334 231 36 åtminstone
1035 334 63 36 vid
1140 333 220 37 infanteriet
1388 333 71 36 och
1487 334 232 48 kavalleriet,
1748 348 92 23 vara
1867 334 165 48 ungefär

412 386 191 50 jämngod
632 386 87 36 med
748 385 127 49 öfriga
904 385 215 37 officerares
1148 386 70 35 och
1247 385 114 37 äfven
1389 385 109 36 deras
1527 385 321 50 allmänbildning
1875 391 42 31 är
1944 386 87 37 tack

418 451 91 24 vare
552 438 75 36 den
656 438 141 48 skarpa
824 437 219 49 gallringen
1071 437 148 48 ganska
1247 437 89 48 god.
1392 436 204 37 Dessutom
1625 439 59 34 må
1712 438 233 47 framhållas,
1975 443 56 31 att

418 488 75 48 det,
536 489 233 36 åtminstone
810 489 90 47 förr,
946 489 94 36 varit
1081 488 149 49 vanligt
1272 494 56 30 att
1368 501 103 36 unga
1499 493 90 31 män
1618 488 87 51 med
1731 490 79 48 god
1839 489 190 49 bildning,

417 554 88 23 men
534 554 84 23 som
647 541 99 36 dock
775 541 84 36 icke
887 540 100 49 tagit
1015 541 389 48 mogenhetsexamen
1432 540 93 36 eller
1554 553 82 23 som
1665 540 98 36 fallit
1790 540 156 49 igenom
1965 541 65 37 vid

417 591 334 38 inträdesexamen
780 592 58 36 till
867 592 264 49 krigsskolans
1158 592 254 47 normalkurs,
1441 594 87 46 gått
1554 591 413 50 underofficersvägen,
1988 597 42 33 så

417 644 152 50 vanligt
596 644 60 36 till
684 644 72 37 och
785 644 100 47 med,
914 649 57 32 att
1000 644 64 36 det
1092 643 244 37 förekommit
1365 646 52 45 år,
1447 644 47 35 då
1522 643 141 37 sådana
1691 643 168 37 element
1886 645 143 36 uteslu-

416 696 115 36 tande
561 696 94 36 eller
682 699 42 33 så
752 695 96 50 godt
876 709 82 23 som
988 696 240 36 uteslutande
1256 695 215 49 rekryterat
1499 694 296 50 specialkursen.

1141 794 163 46 Serbien.

548 876 281 37 Officerskåren
870 876 13 36 i
925 876 158 37 Serbien
1123 877 267 49 rekryterades
1432 877 81 36 före
1558 878 99 35 1904
1689 876 59 36 till
1776 877 182 49 omkring
1988 878 38 41 !/;

415 928 88 38 med
543 928 340 45 underofficerare;
915 928 84 36 från
1028 929 165 36 nämnda
1221 931 41 33 år
1290 934 159 43 utgöres
1478 928 145 37 antalet
1650 929 266 48 nyutnämnda
1944 929 83 36 offi-

414 992 131 25 cerare
573 980 58 36 till
660 980 182 49 omkring
869 980 149 36 hälften
1046 981 42 35 af
1112 981 26 35 f.
1168 980 34 36 d.
1232 980 331 37 underofficerare.

545 1031 289 49 Fordringarna
849 1032 60 36 för
924 1036 56 31 att
994 1032 253 37 underofficer
1262 1032 97 36 skall
1373 1032 130 36 kunna
1517 1032 197 37 befordras
1730 1032 60 36 till
1799 1032 131 37 officer
1941 1037 83 32 äro:

547 1086 60 34 1:o
663 1089 55 31 att
745 1083 117 37 hafva
890 1087 230 45 genomgått
1147 1084 365 37 underofficerskola
1540 1084 93 36 eller
1660 1083 204 48 realskola,

547 1138 60 34 2:o
662 1140 55 32 att
745 1136 116 36 hafva
888 1136 108 48 gjort
1023 1137 122 48 tjänst
1172 1136 119 36 minst
1319 1139 65 33 två
1411 1138 41 34 år
1480 1149 83 23 som
1593 1136 241 49 fanjunkare,

546 1189 60 34 3:0
661 1193 57 30 att
746 1192 76 44 äga
849 1187 205 49 »lämpliga
1082 1187 206 36 moraliska
1316 1187 272 49 egenskaper»,
1622 1192 98 31 samt

543 1240 63 35 4:0
662 1243 57 31 att
747 1239 116 36 hafva
890 1239 130 36 blifvit
1047 1239 184 48 godkänd
1260 1239 12 35 i
1302 1252 49 23 en
1379 1239 163 36 särskild
1570 1238 194 50 pröfning.

544 1290 162 38 Urvalet
746 1290 117 37 bland
904 1295 258 44 regementets
1203 1291 322 36 underofficerare
1567 1291 227 36 verkställes
1837 1291 42 35 af
1914 1304 111 36 rege-

413 1347 167 31 mentets
626 1342 235 47 officerskår,
904 1355 80 24 som
1029 1342 134 37 därvid
1206 1342 182 36 särskildt
1429 1347 95 44 äger
1565 1348 57 31 att
1663 1348 92 43 taga
1787 1343 152 48 hänsyn
1967 1343 58 36 till

412 1393 310 37 vederbörandes
750 1394 206 36 moraliska
985 1394 250 49 egenskaper.

543 1445 189 36 Närmare
760 1445 290 37 bestämmelser
1078 1445 149 36 saknas.

1138 1547 163 32 Turkiet.

542 1618 18 36 I
602 1617 162 37 Turkiet
808 1617 76 36 kan
917 1617 252 37 underofficer
1201 1617 202 36 befordras
1431 1616 55 36 till
1515 1617 143 36 officer.
1712 1616 163 37 Hälften
1903 1617 42 36 af
1967 1618 56 36 in-

412 1669 202 37 fanteriets
655 1669 72 36 och
769 1669 245 36 kavalleriets
1056 1669 197 36 officerare
1293 1673 158 44 utgöras
1494 1668 42 36 af
1559 1668 229 37 befordrade
1817 1669 207 37 underoffi-

411 1733 141 25 cerare.
624 1720 128 37 Sådan
794 1721 132 36 officer
953 1721 77 36 kan
1059 1721 98 36 dock
1186 1721 32 48 ej
1250 1723 49 33 nå
1329 1720 118 48 högre
1475 1720 100 48 grad
1604 1724 47 32 än
1680 1719 267 50 »vicemajor»,
1976 1734 48 24 en

411 1772 99 49 grad
538 1772 163 37 emellan
729 1772 144 49 kapten
902 1772 69 37 och
1000 1772 131 49 major.

541 1824 350 37 Underofficerares
919 1824 208 37 befordran
1154 1828 115 44 utgör
1297 1823 12 36 i
1328 1824 106 48 regel
1454 1836 47 24 en
1521 1823 183 49 belöning
1723 1823 61 37 för
1802 1824 221 49 personliga

410 1875 180 49 tjänster;
621 1875 74 37 den
724 1875 162 36 erhålles
915 1875 129 37 därför
1068 1875 12 36 1
1101 1876 206 36 allmänhet
1326 1888 139 36 genom
1484 1875 216 47 relationer,
1719 1880 96 31 utan
1835 1875 187 37 erforder-

412 1927 81 49 liga
521 1927 239 49 kunskaper;
783 1940 49 23 en
846 1927 95 49 följd
961 1927 113 36 häraf
1090 1933 52 43 är,
1165 1932 56 31 att
1241 1929 48 34 30
1310 1932 158 44 procent
1488 1927 42 36 af
1546 1926 283 38 offiicerskåren
1851 1927 171 36 hvarken

410 1979 78 36 kan
516 1980 81 35 läsa
625 1979 93 36 eller
746 1979 155 36 skrifva.

540 2031 184 36 Närmare
754 2030 286 37 bestämmelser
1069 2031 149 37 saknas.

1117 2125 197 32 Grekland.

539 2195 76 37 För
642 2195 275 37 underofficers
945 2195 204 37 befordran
1176 2195 56 37 till
1261 2195 132 37 officer
1420 2195 150 36 fordras
1598 2196 12 35 i
1639 2194 197 37 Grekland
1863 2207 158 36 genom-

408 2246 150 49 gående
587 2247 42 36 af
654 2260 47 24 en
730 2247 130 48 3-årig
888 2247 107 36 skola
1023 2247 60 37 för
1111 2247 218 36 erhållande
1359 2246 41 37 af
1425 2246 382 48 officersutbildning.
