2224 2612
649 133 113 31 Andra
785 130 210 43 lagutskottets
1017 129 163 31 utlåtande
1203 127 54 32 Nr
1279 127 51 31 21.
1747 123 17 30 1

927 524 62 40 Nr
1015 523 64 40 21.

783 680 118 28 Ankom
924 678 47 28 till
993 677 173 34 riksdagens
1189 675 98 29 kansli
1308 675 59 28 den
1391 676 37 26 28
1453 672 59 35 maj
1537 674 79 27 1923
1641 671 39 28 kl.
1706 672 39 27 12
1771 680 40 18 m.

405 827 191 37 Utlåtande
635 827 14 33 i
675 825 194 43 anledning
896 836 45 23 av
969 823 75 34 dels
1071 822 134 43 Kungl.
1234 820 124 44 Maj:ts
1382 818 223 45 proposition
1632 816 79 35 med
1738 816 77 43 för-

602 894 76 43 slag
718 893 56 34 till
813 891 211 44 förordning
1064 901 56 22 om
1158 887 242 44 motorfordon
1438 898 45 22 m.
1524 897 45 22 m.
1611 884 74 34 dels
1712 882 103 35 ock
1795 878 24 63 i

603 963 117 32 ämnet
747 959 126 36 väckta
899 958 182 34 motioner.

339 1115 141 35 Genom
508 1125 46 23 en
582 1112 72 35 den
683 1112 20 33 2
732 1122 100 23 mars
862 1109 94 35 1923
986 1106 236 46 dagtecknad
1250 1104 246 46 proposition,
1524 1115 45 22 nr
1590 1103 81 42 124,
1687 1102 126 34 vilken

202 1166 197 35 hänvisats
426 1166 57 33 till
510 1163 209 44 lagutskott
746 1161 70 35 och
843 1159 225 35 behandlats
1096 1169 47 23 av
1171 1156 119 35 andra
1308 1155 259 44 lagutskottet,
1587 1154 69 33 har
1673 1152 142 43 Kungl.

203 1217 124 43 Maj:t,
356 1215 119 35 under
489 1212 237 45 åberopande
746 1223 47 23 av
816 1210 283 44 propositionen
1118 1208 146 43 bifogat
1282 1206 138 43 utdrag
1438 1217 48 22 av
1505 1203 312 43 statsrådsproto-

204 1268 117 34 kollet
348 1269 87 31 över
461 1260 523 42 kommunikationsärenden,
1002 1258 159 35 anhållit
1188 1269 60 23 om
1276 1256 221 43 riksdagens
1524 1254 177 44 yttrande
1730 1256 88 31 över

204 1317 172 44 följande
403 1316 142 43 förslag
571 1314 57 34 till

583 1487 72 46 1:0)
708 1481 282 49 Förordning
1021 1490 74 30 om
1122 1476 324 43 motorfordon.

343 1594 230 43 Härigenom
600 1590 199 36 förordnas
828 1600 79 23 som
935 1586 128 44 följer:

924 1704 117 34 KAP.
1074 1704 31 32 1.

706 1791 244 36 Allmänna
971 1788 357 37 bestämmelser.

975 1867 23 45 $å
1029 1871 31 33 1.

348 1945 19 33 I
395 1944 124 34 denna
546 1941 222 43 förordning
794 1938 150 42 förstås,
975 1937 68 34 där
1070 1936 33 43 ej
1135 1934 239 36 annorlunda
1402 1937 42 31 är
1471 1933 163 43 angivet,
1663 1931 85 34 med

349 1992 257 44 motorfordon:
647 1991 107 42 varje
799 1990 58 33 för
896 1988 85 34 färd
1022 1987 49 44 på
1111 1986 154 34 marken
1307 1987 134 39 avsett,
1470 1983 58 34 för
1555 1993 153 32 person-
1737 1981 91 34 eller

214 2044 298 45 godsbefordran
540 2043 158 32 inrättat
725 2040 147 40 fordon,
902 2050 78 22 som
1008 2038 60 33 för
1090 2035 284 35 framdrivande
1394 2037 41 31 är
1453 2034 133 34 försett
1604 2032 85 34 med
1709 2031 119 34 kraft-

216 2095 148 34 maskin
393 2089 151 46 (motor)
574 2092 65 33 och
671 2090 80 34 icke
779 2090 105 42 löper
910 2087 49 44 på
987 2087 150 40 skenor;

352 2144 133 33 allmän
524 2146 84 38 väg:
648 2141 140 33 allmän
828 2141 74 40 väg
942 2137 21 34 å
1003 2135 273 44 landsbygden,
1319 2136 88 41 gata
1435 2133 68 34 och
1532 2143 125 22 annan
1687 2131 140 34 allmän

217 2196 101 43 plats
362 2194 12 33 i
418 2193 141 43 köping
603 2191 68 34 och
712 2187 403 45 municipalsamhälle,
1156 2186 57 34 till
1254 2183 180 35 körtrafik
1473 2182 181 44 upplåten
1695 2184 74 40 väg
1808 2179 22 34 å

261 2256 129 40 Bihang
416 2254 47 31 till
486 2254 181 40 riksdagens
689 2250 150 44 protokoll
863 2250 93 31 1923.
981 2251 19 27 9
1023 2248 88 31 saml.
1135 2248 21 29 2
1172 2248 67 29 avd.
1266 2247 40 30 18
1335 2245 82 42 häft.
1442 2244 67 39 (Nr
1531 2244 152 36 21—22.)
1771 2242 16 30 1
