2230 2616
776 144 250 33 Statsutskottets
1049 146 165 33 utlåtande
1237 147 53 32 Nr
1312 148 50 31 99.
1805 151 16 31 1

991 583 58 40 Nr
1076 583 64 41 99.

840 739 112 27 Ankom
973 740 39 27 till
1033 741 169 35 riksdagens
1222 741 93 28 kansli
1335 742 54 27 den
1408 743 33 26 13
1460 743 55 35 maj
1537 743 68 27 1916
1624 744 38 26 kl.
1681 745 17 26 3
1718 755 22 16 e.
1760 755 36 17 m.

471 879 201 44 Utlåtande,
704 882 11 33 i
743 882 200 45 anledning
986 894 43 24 av
1070 884 139 45 Kungl.
1252 885 130 44 Maj:ts
1416 887 230 43 proposition
1683 888 184 44 angående

664 950 127 45 bidrag
820 952 56 34 till
904 952 162 45 Sveriges
1094 953 188 36 allmänna
1311 954 305 45 exportförening.

1532 1056 73 48 (3:e
1635 1056 100 50 avd.)

391 1150 18 35 I
450 1150 72 36 den
562 1152 70 51 till
658 1154 204 48 riksdagen
905 1154 72 36 den
1017 1157 46 34 14
1090 1156 154 48 januari
1275 1159 96 35 1916
1402 1158 151 38 avlåtna
1580 1161 285 48 propositionen

263 1202 196 48 angående
487 1204 245 37 statsverkets
761 1206 169 35 tillstånd
960 1206 69 36 och
1059 1207 123 36 behov
1210 1209 68 35 har
1306 1209 141 48 Kungl.
1477 1211 107 49 Maj:t
1602 1213 121 35 under
1742 1213 123 48 punkt

264 1256 46 33 32
351 1267 46 22 av
438 1253 134 49 sjunde
614 1256 241 37 huvudtiteln
896 1257 194 50 föreslagit
1131 1259 206 50 riksdagen
1379 1267 65 42 att,
1473 1263 12 35 i
1514 1263 163 36 avbidan
1713 1270 49 42 på
1792 1264 73 36 den

261 1305 235 49 proposition
538 1319 60 23 om
641 1308 207 37 anvisande
890 1322 47 23 av
980 1311 123 36 medel
1145 1311 59 36 för
1241 1312 225 49 ändamålet,
1496 1327 81 24 som
1606 1315 128 36 kunde
1763 1315 102 36 bliva

264 1357 169 48 förelagd
460 1357 218 49 riksdagen,
708 1363 124 33 såsom
860 1361 138 48 bidrag
1026 1361 56 37 till
1111 1362 175 50 Sveriges
1315 1365 189 36 allmänna
1533 1367 333 48 exportförenings

261 1408 240 37 verksamhet
528 1410 118 36 under
673 1412 257 37 innevarande
959 1416 40 33 år
1027 1413 114 37 bland
1171 1414 46 37 de
1246 1421 105 31 extra
1379 1416 182 49 anslagen
1588 1418 121 36 under
1733 1419 133 48 sjunde

261 1460 240 37 huvudtiteln
529 1462 58 36 för
616 1465 42 33 år
686 1465 96 34 1917
812 1464 165 37 beräkna
1006 1470 53 31 ett
1086 1466 138 50 belopp
1254 1481 47 23 av
1330 1469 137 45 26,000
1497 1469 149 36 kronor.

392 1511 220 39 Sedermera
653 1515 68 36 har
748 1515 141 49 Kungl.
921 1516 106 49 Maj:t
1054 1517 12 36 i
1094 1531 47 23 en
1170 1518 72 37 den
1273 1522 18 32 7
1324 1520 93 48 april
1448 1523 97 34 1916
1575 1521 59 36 till
1661 1522 206 48 riksdagen

262 1564 159 47 avlåten,
464 1565 56 36 till
549 1568 281 36 statsutskottet
858 1568 59 36 för
946 1568 271 38 förberedande
1247 1571 233 50 behandling
1509 1574 242 36 överlämnad
1779 1587 88 36 pro-

261 1616 164 48 position
464 1616 58 48 (nr
551 1618 102 48 206),
682 1619 119 36 under
826 1620 237 48 åberopande
1091 1635 47 22 av
1166 1621 121 49 bilagt
1315 1623 136 48 utdrag
1480 1638 45 22 av
1554 1625 312 49 statsrådsproto-

260 1667 115 35 kollet
403 1671 91 32 över
520 1669 289 37 finansärenden
839 1671 57 35 för
924 1684 143 35 samma
1096 1673 87 47 dag,
1213 1674 195 47 föreslagit
1436 1675 205 49 riksdagen
1662 1681 65 42 att,
1748 1677 120 35 under

260 1717 138 36 villkor
426 1723 55 31 att
515 1719 176 49 Sveriges
719 1721 191 37 allmänna
938 1723 314 49 exportförening
1280 1726 120 36 under
1428 1729 39 33 år
1492 1728 96 35 1916
1610 1727 178 36 bedriver
1808 1728 59 35 sin

261 1769 241 37 verksamhet
530 1771 11 35 i
570 1772 305 48 huvudsakligen
917 1773 72 37 den
1035 1775 233 49 omfattning
1305 1777 70 36 och
1410 1778 107 47 form,
1546 1791 80 23 som
1656 1779 12 35 i
1696 1779 170 36 företedd

260 1820 242 49 förslagsstat
527 1823 57 36 för
604 1836 143 24 samma
767 1827 40 33 år
826 1825 172 48 angives,
1020 1832 96 30 samt
1136 1832 56 31 att
1211 1828 12 35 i
1244 1829 288 49 granskningen
1553 1843 46 23 av
1620 1830 246 48 föreningens

260 1872 257 50 räkenskaper
536 1875 70 36 och
625 1876 244 37 verksamhet
889 1876 172 50 deltager
1084 1891 46 23 en
1150 1893 47 21 av
1211 1879 141 49 Kungl.
1369 1881 107 48 Maj:t
1494 1881 201 37 förordnad
1710 1882 155 47 revisor,

260 1927 122 33 såsom
424 1925 136 50 bidrag
587 1927 57 36 till
674 1928 243 48 föreningens
945 1929 242 37 verksamhet
1215 1931 118 37 under
1360 1933 255 36 innevarande
1645 1936 39 33 år
1713 1936 20 33 å
1762 1940 105 29 extra

260 1981 73 30 stat
365 1976 56 36 för
450 1980 41 33 år
521 1980 109 44 1917,
660 1984 135 31 utöver
825 1993 46 22 av
900 1980 140 49 Kungl.
1070 1981 109 48 Maj:t
1206 1995 45 23 ur
1279 1983 173 37 handels-
1477 1984 69 36 och
1567 1984 298 49 sjöfartsfonden

260 2027 70 35 och
372 2028 619 50 manufakturförlagslånefonden
1028 2032 58 36 för
1124 2046 145 23 samma
1301 2035 173 36 ändamål
1509 2036 178 37 anvisade
1715 2035 150 49 belopp,

260 2077 131 36 anvisa
431 2079 222 48 ytterligare
695 2086 56 31 ett
793 2082 135 48 belopp
972 2096 46 21 av
1061 2085 139 45 25,700
1233 2085 151 47 kronor,
1418 2087 85 35 med
1532 2091 75 32 rätt
1635 2087 58 35 för
1722 2086 142 48 Kungl.

259 2127 109 49 Maj:t
398 2135 53 30 att
478 2130 117 36 redan
623 2131 121 36 under
771 2133 259 36 innevarande
1058 2137 39 32 år
1125 2134 201 49 disponera
1355 2137 218 36 detsamma.

404 2180 225 38 Beträffande
670 2184 257 48 utredningen
955 2184 11 36 i
996 2186 155 36 ärendet
1194 2186 55 36 får
1290 2188 185 36 utskottet
1507 2188 157 37 hänvisa
1693 2189 57 35 till
1779 2188 87 36 åbe-

259 2231 142 48 ropade
430 2233 424 49 statsrådsprotokollet.

346 2291 129 42 Bihang
498 2293 48 30 till
569 2293 186 42 riksdagens
774 2295 159 41 protokoll
958 2297 93 30 1916.
1099 2297 20 30 6
1143 2298 88 31 saml.
1279 2300 40 29 61
1343 2298 79 41 häft.
1468 2300 67 38 (Nr
1559 2300 68 40 99)
1806 2300 12 30 1
