2222 2680
471 209 40 31 80
924 200 263 34 Statsutskottets
1217 196 176 35 Utlåtande
1417 196 63 33 N:o
1505 197 27 30 6.

432 310 102 24 mera
563 294 189 51 mognade
781 291 296 51 uppfattningen
1106 302 59 23 om
1197 285 299 51 olämpligheten
1521 283 58 37 för
1599 285 89 33 våra
1706 278 264 39 förhållanden
1989 277 41 37 af

434 355 54 33 att
515 350 61 36 för
603 346 249 53 personalens
881 343 164 38 öfvande
1073 342 130 49 bygga
1231 340 141 48 fartyg,
1401 335 243 39 modifierade
1673 334 61 36 för
1754 331 273 50 öfningsända-

434 403 74 37 mål
535 401 58 37 till
621 400 118 38 sådan
767 398 108 49 grad,
905 401 55 32 att
988 396 46 37 de
1064 395 156 36 förlorat
1248 392 225 37 karakteren
1500 389 41 37 af
1558 387 255 48 stridsfartyg.
1857 385 87 36 Men
1964 383 64 37 det

432 469 91 24 vore
563 454 85 37 icke
691 452 134 37 endast
852 449 13 37 i
893 449 103 37 detta
1023 446 193 47 afseende,
1247 458 83 23 som
1359 443 193 49 åsigterna
1581 441 13 36 i
1622 440 125 37 denna
1774 439 109 47 fråga
1911 436 117 37 sedan

434 513 40 32 år
519 509 97 36 1882
659 505 205 48 undergått
904 500 237 49 förändring.
1197 498 73 36 Vid
1311 497 74 36 den
1422 495 104 37 tiden
1554 493 142 37 befann
1724 504 86 23 man
1840 490 61 49 sig
1929 494 99 31 ännu

434 561 121 37 under
595 558 193 49 intrycket
828 555 40 38 af
904 555 72 36 den
1018 551 185 38 nedärfda
1230 548 298 52 uppfattningen
1557 559 61 23 om
1646 544 182 38 behofvet
1857 545 40 34 at
1923 541 103 49 segel

435 614 70 37 och
543 611 179 38 rundhult
749 610 61 37 för
839 612 54 33 att
921 608 97 36 dana
1048 604 133 51 duglig
1209 600 321 52 örlogspersonal.
1588 596 246 39 Sistnämnda
1861 594 168 51 uppfatt-

436 667 94 48 ning
569 665 109 36 torde
719 676 50 23 nu
810 662 39 36 få
890 673 110 25 anses
1043 659 112 35 hafva
1184 657 140 36 lemnat
1352 668 80 23 rum
1462 653 59 36 för
1549 666 47 22 en
1626 650 85 36 med
1739 648 289 49 verklighetens

436 719 89 36 kraf
565 730 102 23 mera
709 711 424 45 öfverensstämmande,
1169 709 91 36 eller
1288 712 54 31 att
1370 705 228 50 personalen
1625 703 118 36 borde
1772 701 108 37 öfvas
1909 702 48 47 på
1984 699 45 36 de

436 771 143 49 fartyg,
612 771 48 48 på
688 766 130 38 hvilka
848 765 74 37 den
950 763 120 38 skulle
1100 761 130 37 strida.
1285 759 95 37 Rika
1422 757 174 37 nationer
1625 754 91 38 eller
1744 753 173 37 nationer
1945 750 85 37 med

436 825 91 47 lång
568 820 197 51 tjenstetid
807 819 60 36 för
907 814 228 53 personalen
1176 813 126 37 kunde
1344 810 186 38 måhända
1570 813 91 31 utan
1698 805 205 50 olägenhet
1932 809 99 31 ännu

438 876 169 49 tillämpa
648 874 63 36 det
752 871 103 37 äldre
898 868 438 48 utbfidningssystemet;
1379 877 85 23 men
1506 862 58 46 då,
1600 860 121 48 enligt
1749 858 99 37 hvad
1875 856 157 49 upplyst

438 928 138 47 blifvit,
617 927 113 36 äfven
772 924 64 37 det
877 921 185 50 engelska
1102 918 241 38 amiralitetet
1370 915 127 37 funnit
1525 913 58 49 sig
1611 911 205 39 föranlåtet
1845 914 54 32 att
1926 909 107 49 gifva

438 981 88 37 vika
558 980 58 36 för
643 991 117 37 nyare
790 975 256 48 strömningar
1075 972 71 37 och
1173 971 83 36 låtit
1285 974 141 32 ersätta
1454 967 72 37 den
1555 965 182 50 engelska
1765 962 266 49 öfningseska-

440 1034 113 37 derns
594 1030 160 51 riggade
797 1028 274 50 ångkorvetter
1108 1024 85 37 med
1223 1023 179 36 moderna
1431 1021 191 48 kryssare,
1652 1020 40 34 så
1721 1016 109 37 torde
1860 1015 63 36 det
1950 1014 82 36 icke

440 1100 91 23 vara
573 1082 255 49 oberättigadt
870 1085 54 32 att
963 1078 125 38 häruti
1126 1091 39 22 se
1195 1090 47 23 en
1270 1073 290 51 fingervisning,
1589 1071 92 36 värd
1710 1074 54 32 att
1792 1068 240 47 tillvarataga

442 1139 115 36 äfven
586 1138 58 36 för
674 1135 164 38 svenska
866 1133 145 36 flottan.
1067 1130 158 37 Direkta
1252 1126 218 38 uttalanden
1500 1125 9 36 i
1541 1136 143 24 samma
1714 1121 100 50 syfte
1845 1119 187 37 saknades

440 1192 60 35 för
541 1190 118 48 öfrigt
699 1188 84 36 icke
824 1187 104 35 inom
968 1187 66 33 vår
1075 1183 118 45 fotta,
1237 1181 70 35 och
1341 1178 87 37 ville
1457 1174 406 47 marinförvaltningen
1891 1172 12 36 1
1932 1172 102 36 detta

442 1241 276 48 sammanhang
760 1238 122 37 erinra
923 1250 60 23 om
1024 1234 100 37 hvad
1159 1233 137 36 chefen
1325 1234 20 33 å
1373 1231 202 35 korvetten
1605 1226 101 50 Saga
1733 1226 12 36 1
1774 1226 58 35 sin
1861 1223 173 50 general-

441 1300 157 44 rapport
627 1296 39 33 år
697 1293 97 35 1900
824 1290 125 36 anfört
978 1286 197 49 angående
1210 1283 296 50 olämpligheten
1535 1280 42 37 af
1601 1284 56 32 att
1684 1278 121 36 under
1835 1279 19 34 6
1886 1278 21 34 å
1932 1278 18 33 7
1975 1278 59 34 års

442 1348 55 36 tid
539 1349 20 34 å
599 1344 336 38 kadettkorvetten
977 1338 172 39 meddela
1176 1336 230 48 utbildning,
1435 1333 58 37 till
1521 1330 272 49 hufvudsaklig
1821 1329 60 36 del
1909 1328 126 48 rigtad

444 1403 38 33 åt
522 1403 54 32 ett
618 1397 87 48 håll,
748 1409 81 24 som
872 1398 130 45 syntes
1038 1390 217 38 föråldradt.
1312 1387 171 37 Nämnde
1513 1384 88 38 chef
1625 1383 109 47 hade,
1763 1381 116 38 bland
1908 1385 126 41 annat,

443 1452 138 45 anfört,
624 1455 55 31 att
720 1449 46 36 då
807 1446 326 48 öfningsfartyget
1173 1441 133 37 hittills
1353 1439 133 37 endast
1530 1437 96 37 varit
1668 1435 145 37 försedt
1854 1433 86 36 med
1975 1446 60 22 ur-

444 1504 156 48 modigt,
635 1500 230 38 medelsvårt
906 1496 166 47 artilleri,
1114 1493 213 49 obetydligt
1368 1492 71 36 och
1480 1489 144 38 mindre
1667 1488 105 49 godt,
1801 1486 70 36 lätt
1900 1484 136 37 snabb-

446 1555 200 48 skjutande
679 1552 158 38 artilleri
878 1551 70 36 och
977 1548 154 37 alldeles
1159 1546 98 37 varit
1283 1547 13 34 i
1325 1543 143 38 saknad
1496 1542 41 36 af
1561 1540 191 50 torpeder,
1782 1537 253 46 strålkastare,

445 1608 181 37 moderna
662 1604 257 48 anordningar
959 1602 60 36 för
1047 1595 454 50 ammunitionslangning
1530 1607 47 23 m.
1607 1607 61 32 m.,
1702 1591 109 37 deraf
1837 1589 124 37 blefve
1991 1601 44 24 en

444 1660 109 50 följd,
596 1664 54 31 att
691 1657 192 45 kadetten,
934 1655 46 35 då
1021 1654 74 35 han
1136 1651 175 49 fullgjort
1356 1649 45 36 de
1448 1648 59 36 för
1547 1645 227 47 utnämning
1814 1642 56 36 till
1914 1641 124 36 officer

445 1712 209 47 fastslagna
695 1709 278 46 fordringarna,
1016 1705 133 37 endast
1189 1701 200 38 teoretiskt
1429 1700 74 36 fått
1540 1703 94 43 göra
1673 1695 237 48 bekantskap
1954 1692 84 37 med

446 1765 46 36 de
533 1762 175 49 verkliga
748 1773 163 37 vapnen,
946 1771 88 24 men
1074 1756 81 37 haft
1195 1755 91 49 föga
1326 1751 148 38 tillfälle
1510 1755 54 33 att
1592 1748 190 52 praktiskt
1808 1746 79 37 lära
1915 1746 124 36 känna

447 1817 203 45 desamma,
680 1819 97 32 samt
805 1817 55 32 att
888 1812 64 36 det
979 1825 44 21 ur
1051 1805 433 50 utbildningssynpunkt
1520 1816 89 23 vore
1647 1806 54 32 att
1734 1800 212 46 föredraga,
1984 1801 56 32 att

447 1868 264 47 kadettfartyg
747 1878 91 23 vore
873 1864 40 36 af
948 1866 39 33 så
1023 1861 156 37 modern
1211 1865 81 43 typ,
1322 1871 78 24 som
1430 1856 124 47 öfriga
1582 1852 327 48 omständigheter
1937 1849 103 37 med-

447 1921 126 49 gåfve,
615 1919 150 36 hvadan
806 1917 105 36 tiden
953 1920 130 43 syntes
1124 1926 90 23 vara
1258 1912 89 35 inne
1389 1914 55 32 att
1484 1906 200 38 förbereda
1726 1905 140 36 sådana
1907 1902 132 37 anord-

447 1973 149 49 ningar,
635 1970 249 49 hvarigenom
913 1968 63 36 det
1004 1965 193 50 egentliga
1225 1962 304 48 kadettfartyget
1557 1959 125 37 blefve
1712 1962 54 32 ett
1794 1956 130 49 fartyg
1951 1960 89 30 utan

448 2026 104 48 rigg:
583 2037 48 23 en
658 2023 188 48 kryssare.

552 2075 195 38 Ehuruväl
776 2074 45 35 de
851 2073 41 36 af
918 2071 137 37 chefen
1084 2073 20 33 å
1131 2069 204 36 korvetten
1364 2066 101 48 Saga
1494 2063 160 38 anförda
1682 2060 82 38 skäl
1791 2060 60 36 för
1879 2059 64 36 det
1970 2058 70 36 hit-

450 2128 245 38 tillsvarande
739 2125 321 47 kadettfartygets
1101 2120 210 50 utbytande
1353 2123 78 32 mot
1465 2130 47 23 en
1540 2115 158 37 modern
1735 2114 175 47 kryssare
1945 2110 96 37 före-

449 2180 190 38 trädesvis
681 2192 90 23 vore
812 2175 227 50 tillämpliga
1078 2174 65 36 vid
1185 2170 235 39 bedömande
1450 2170 41 35 af
1517 2168 64 37 det
1610 2165 218 38 nuvarande
1859 2168 183 45 systemet

449 2234 61 36 för
551 2230 423 48 officersutbildningen,
1018 2231 131 44 syntes
1192 2225 44 36 de
1274 2223 86 36 med
1387 2222 86 37 hela
1502 2221 59 36 sin
1588 2218 123 50 tyngd
1740 2217 143 37 drabba
1911 2215 130 48 hvarje

452 2291 113 31 annat
604 2283 154 37 militärt
786 2281 394 47 utbildningssystem,
1210 2290 80 23 som
1320 2275 109 37 sökte
1457 2273 114 36 vinna
1601 2272 74 36 den
1704 2269 174 49 åsyftade
1906 2266 137 37 utbild-

451 2338 145 48 ningen
625 2349 138 36 genom
794 2334 117 36 andra
939 2332 123 36 medel
1091 2336 47 31 än
1167 2329 151 46 sådana,
1348 2326 129 37 hvilka
1506 2324 124 37 kunde
1659 2322 135 36 tänkas
1817 2322 149 35 komma
1986 2318 57 36 till
