<?xml version="1.0" encoding="UTF-8"?>
<alto xmlns="http://www.loc.gov/standards/alto/ns-v3#" xmlns:xlink="http://www.w3.org/1999/xlink" xmlns:xsi="http://www.w3.org/2001/XMLSchema-instance" xsi:schemaLocation="http://www.loc.gov/standards/alto/ns-v3# http://www.loc.gov/alto/v3/alto-3-0.xsd">
	<Description>
		<MeasurementUnit>pixel</MeasurementUnit>
		<sourceImageInformation>
			<fileName>/tmp/tess_e0gc4moc_input.PNG</fileName>
		</sourceImageInformation>
		<OCRProcessing ID="OCR_0">
			<ocrProcessingStep>
				<processingSoftware>
					<softwareName>tesseract 5.3.0</softwareName>
				</processingSoftware>
			</ocrProcessingStep>
		</OCRProcessing>
	</Description>
	<Layout>
		<Page WIDTH="2225" HEIGHT="2679" PHYSICAL_IMG_NR="0" ID="page_0">
			<PrintSpace HPOS="0" VPOS="0" WIDTH="2225" HEIGHT="2679">
				<ComposedBlock ID="cblock_0" HPOS="429" VPOS="223" WIDTH="1055" HEIGHT="35">
					<TextBlock ID="block_0" HPOS="429" VPOS="223" WIDTH="1055" HEIGHT="35">
						<TextLine ID="line_0" HPOS="429" VPOS="223" WIDTH="1055" HEIGHT="35">
							<String ID="string_0" HPOS="429" VPOS="226" WIDTH="33" HEIGHT="32" WC="0.60" CONTENT="(0"/><SP WIDTH="415" VPOS="226" HPOS="462"/>
							<String ID="string_1" HPOS="877" VPOS="224" WIDTH="261" HEIGHT="33" WC="0.82" CONTENT="Statsutskottets"/><SP WIDTH="31" VPOS="224" HPOS="1138"/>
							<String ID="string_2" HPOS="1169" VPOS="223" WIDTH="175" HEIGHT="33" WC="0.95" CONTENT="Utlåtande"/><SP WIDTH="24" VPOS="223" HPOS="1344"/>
							<String ID="string_3" HPOS="1368" VPOS="223" WIDTH="64" HEIGHT="33" WC="0.95" CONTENT="N:o"/><SP WIDTH="25" VPOS="223" HPOS="1432"/>
							<String ID="string_4" HPOS="1457" VPOS="226" WIDTH="27" HEIGHT="28" WC="0.93" CONTENT="6."/>
						</TextLine>
					</TextBlock>
				</ComposedBlock>
				<ComposedBlock ID="cblock_1" HPOS="378" VPOS="314" WIDTH="1599" HEIGHT="1465">
					<TextBlock ID="block_1" HPOS="378" VPOS="314" WIDTH="1195" HEIGHT="154">
						<TextLine ID="line_1" HPOS="378" VPOS="314" WIDTH="638" HEIGHT="38">
							<String ID="string_5" HPOS="378" VPOS="315" WIDTH="93" HEIGHT="37" WC="0.96" CONTENT="eller"/><SP WIDTH="28" VPOS="315" HPOS="471"/>
							<String ID="string_6" HPOS="499" VPOS="315" WIDTH="194" HEIGHT="36" WC="0.96" CONTENT="distriktet"/><SP WIDTH="27" VPOS="315" HPOS="693"/>
							<String ID="string_7" HPOS="720" VPOS="314" WIDTH="11" HEIGHT="36" WC="0.96" CONTENT="i"/><SP WIDTH="28" VPOS="314" HPOS="731"/>
							<String ID="string_8" HPOS="759" VPOS="314" WIDTH="87" HEIGHT="37" WC="0.96" CONTENT="dess"/><SP WIDTH="28" VPOS="314" HPOS="846"/>
							<String ID="string_9" HPOS="874" VPOS="314" WIDTH="142" HEIGHT="36" WC="0.96" CONTENT="helhet:"/>
						</TextLine>
						<TextLine ID="line_2" HPOS="804" VPOS="366" WIDTH="769" HEIGHT="50">
							<String ID="string_10" HPOS="804" VPOS="369" WIDTH="47" HEIGHT="35" WC="0.95" CONTENT="54"/><SP WIDTH="30" VPOS="369" HPOS="851"/>
							<String ID="string_11" HPOS="881" VPOS="367" WIDTH="206" HEIGHT="49" WC="0.94" CONTENT="ångfartyg"/><SP WIDTH="29" VPOS="367" HPOS="1087"/>
							<String ID="string_12" HPOS="1116" VPOS="380" WIDTH="60" HEIGHT="23" WC="0.93" CONTENT="om"/><SP WIDTH="56" VPOS="380" HPOS="1176"/>
							<String ID="string_13" HPOS="1232" VPOS="366" WIDTH="135" HEIGHT="47" WC="0.76" CONTENT="53,461"/><SP WIDTH="31" VPOS="366" HPOS="1367"/>
							<String ID="string_14" HPOS="1398" VPOS="378" WIDTH="79" HEIGHT="35" WC="0.94" CONTENT="reg."/><SP WIDTH="30" VPOS="378" HPOS="1477"/>
							<String ID="string_15" HPOS="1507" VPOS="369" WIDTH="66" HEIGHT="32" WC="0.96" CONTENT="ton"/>
						</TextLine>
						<TextLine ID="line_3" HPOS="686" VPOS="419" WIDTH="860" HEIGHT="49">
							<String ID="string_16" HPOS="686" VPOS="420" WIDTH="69" HEIGHT="36" WC="0.96" CONTENT="och"/><SP WIDTH="29" VPOS="420" HPOS="755"/>
							<String ID="string_17" HPOS="784" VPOS="422" WIDTH="72" HEIGHT="34" WC="0.95" CONTENT="223"/><SP WIDTH="31" VPOS="422" HPOS="856"/>
							<String ID="string_18" HPOS="887" VPOS="419" WIDTH="235" HEIGHT="49" WC="0.96" CONTENT="segelfartyg"/><SP WIDTH="20" VPOS="419" HPOS="1122"/>
							<String ID="string_19" HPOS="1142" VPOS="432" WIDTH="58" HEIGHT="23" WC="0.92" CONTENT="om"/><SP WIDTH="31" VPOS="432" HPOS="1200"/>
							<String ID="string_20" HPOS="1231" VPOS="419" WIDTH="138" HEIGHT="46" WC="0.88" CONTENT="35,990"/><SP WIDTH="54" VPOS="419" HPOS="1369"/>
							<String ID="string_21" HPOS="1423" VPOS="430" WIDTH="17" HEIGHT="23" WC="0.13" CONTENT="&gt;»"/><SP WIDTH="90" VPOS="430" HPOS="1440"/>
							<String ID="string_22" HPOS="1530" VPOS="430" WIDTH="16" HEIGHT="22" WC="0.0" CONTENT="—»"/>
						</TextLine>
					</TextBlock>
					<TextBlock ID="block_2" HPOS="380" VPOS="468" WIDTH="1590" HEIGHT="107">
						<TextLine ID="line_4" HPOS="483" VPOS="468" WIDTH="1487" HEIGHT="54">
							<String ID="string_23" HPOS="483" VPOS="472" WIDTH="71" HEIGHT="38" WC="0.96" CONTENT="Vid"/><SP WIDTH="37" VPOS="472" HPOS="554"/>
							<String ID="string_24" HPOS="591" VPOS="472" WIDTH="279" HEIGHT="50" WC="0.93" CONTENT="Helsingborgs"/><SP WIDTH="36" VPOS="472" HPOS="870"/>
							<String ID="string_25" HPOS="906" VPOS="473" WIDTH="240" HEIGHT="49" WC="0.91" CONTENT="sjömanshus"/><SP WIDTH="28" VPOS="473" HPOS="1146"/>
							<String ID="string_26" HPOS="1174" VPOS="484" WIDTH="94" HEIGHT="24" WC="0.96" CONTENT="voro"/><SP WIDTH="29" VPOS="484" HPOS="1268"/>
							<String ID="string_27" HPOS="1297" VPOS="470" WIDTH="63" HEIGHT="37" WC="0.96" CONTENT="vid"/><SP WIDTH="30" VPOS="470" HPOS="1360"/>
							<String ID="string_28" HPOS="1390" VPOS="483" WIDTH="142" HEIGHT="24" WC="0.96" CONTENT="samma"/><SP WIDTH="29" VPOS="483" HPOS="1532"/>
							<String ID="string_29" HPOS="1561" VPOS="469" WIDTH="55" HEIGHT="37" WC="0.93" CONTENT="tid"/><SP WIDTH="27" VPOS="469" HPOS="1616"/>
							<String ID="string_30" HPOS="1643" VPOS="468" WIDTH="187" HEIGHT="38" WC="0.53" CONTENT="inskritna"/><SP WIDTH="29" VPOS="468" HPOS="1830"/>
							<String ID="string_31" HPOS="1859" VPOS="470" WIDTH="111" HEIGHT="46" WC="0.92" CONTENT="2,048"/>
						</TextLine>
						<TextLine ID="line_5" HPOS="380" VPOS="540" WIDTH="158" HEIGHT="35">
							<String ID="string_32" HPOS="380" VPOS="540" WIDTH="158" HEIGHT="35" WC="0.95" CONTENT="sjömän."/>
						</TextLine>
					</TextBlock>
					<TextBlock ID="block_3" HPOS="380" VPOS="574" WIDTH="1593" HEIGHT="210">
						<TextLine ID="line_6" HPOS="482" VPOS="574" WIDTH="1490" HEIGHT="53">
							<String ID="string_33" HPOS="482" VPOS="578" WIDTH="228" HEIGHT="49" WC="0.94" CONTENT="Besättning"/><SP WIDTH="33" VPOS="578" HPOS="710"/>
							<String ID="string_34" HPOS="743" VPOS="579" WIDTH="103" HEIGHT="36" WC="0.96" CONTENT="såväl"/><SP WIDTH="33" VPOS="579" HPOS="846"/>
							<String ID="string_35" HPOS="879" VPOS="591" WIDTH="80" HEIGHT="24" WC="0.96" CONTENT="som"/><SP WIDTH="33" VPOS="591" HPOS="959"/>
							<String ID="string_36" HPOS="992" VPOS="577" WIDTH="100" HEIGHT="38" WC="0.93" CONTENT="befäl"/><SP WIDTH="28" VPOS="577" HPOS="1092"/>
							<String ID="string_37" HPOS="1120" VPOS="580" WIDTH="21" HEIGHT="34" WC="0.92" CONTENT="å"/><SP WIDTH="28" VPOS="580" HPOS="1141"/>
							<String ID="string_38" HPOS="1169" VPOS="577" WIDTH="123" HEIGHT="37" WC="0.96" CONTENT="denna"/><SP WIDTH="28" VPOS="577" HPOS="1292"/>
							<String ID="string_39" HPOS="1320" VPOS="576" WIDTH="105" HEIGHT="37" WC="0.96" CONTENT="flotta"/><SP WIDTH="28" VPOS="576" HPOS="1425"/>
							<String ID="string_40" HPOS="1453" VPOS="576" WIDTH="218" HEIGHT="48" WC="0.96" CONTENT="rekryteras"/><SP WIDTH="30" VPOS="576" HPOS="1671"/>
							<String ID="string_41" HPOS="1701" VPOS="577" WIDTH="41" HEIGHT="34" WC="0.96" CONTENT="så"/><SP WIDTH="28" VPOS="577" HPOS="1742"/>
							<String ID="string_42" HPOS="1770" VPOS="574" WIDTH="94" HEIGHT="49" WC="0.95" CONTENT="godt"/><SP WIDTH="28" VPOS="574" HPOS="1864"/>
							<String ID="string_43" HPOS="1892" VPOS="587" WIDTH="80" HEIGHT="24" WC="0.96" CONTENT="som"/>
						</TextLine>
						<TextLine ID="line_7" HPOS="381" VPOS="627" WIDTH="1591" HEIGHT="53">
							<String ID="string_44" HPOS="381" VPOS="631" WIDTH="234" HEIGHT="38" WC="0.92" CONTENT="ateslutande"/><SP WIDTH="41" VPOS="631" HPOS="615"/>
							<String ID="string_45" HPOS="656" VPOS="646" WIDTH="43" HEIGHT="22" WC="0.92" CONTENT="ur"/><SP WIDTH="41" VPOS="646" HPOS="699"/>
							<String ID="string_46" HPOS="740" VPOS="631" WIDTH="366" HEIGHT="49" WC="0.91" CONTENT="kustbefolkningen"/><SP WIDTH="29" VPOS="631" HPOS="1106"/>
							<String ID="string_47" HPOS="1135" VPOS="630" WIDTH="12" HEIGHT="36" WC="0.82" CONTENT="i"/><SP WIDTH="28" VPOS="630" HPOS="1147"/>
							<String ID="string_48" HPOS="1175" VPOS="629" WIDTH="205" HEIGHT="47" WC="0.96" CONTENT="distriktet,"/><SP WIDTH="44" VPOS="629" HPOS="1380"/>
							<String ID="string_49" HPOS="1424" VPOS="629" WIDTH="70" HEIGHT="37" WC="0.96" CONTENT="och"/><SP WIDTH="42" VPOS="629" HPOS="1494"/>
							<String ID="string_50" HPOS="1536" VPOS="628" WIDTH="63" HEIGHT="37" WC="0.96" CONTENT="det"/><SP WIDTH="36" VPOS="628" HPOS="1599"/>
							<String ID="string_51" HPOS="1635" VPOS="627" WIDTH="155" HEIGHT="50" WC="0.96" CONTENT="dugliga"/><SP WIDTH="30" VPOS="627" HPOS="1790"/>
							<String ID="string_52" HPOS="1820" VPOS="627" WIDTH="152" HEIGHT="50" WC="0.96" CONTENT="sjöfolk,"/>
						</TextLine>
						<TextLine ID="line_8" HPOS="380" VPOS="680" WIDTH="1593" HEIGHT="52">
							<String ID="string_53" HPOS="380" VPOS="686" WIDTH="124" HEIGHT="36" WC="0.95" CONTENT="denna"/><SP WIDTH="42" VPOS="686" HPOS="504"/>
							<String ID="string_54" HPOS="546" VPOS="685" WIDTH="86" HEIGHT="35" WC="0.95" CONTENT="kust"/><SP WIDTH="27" VPOS="685" HPOS="632"/>
							<String ID="string_55" HPOS="659" VPOS="684" WIDTH="151" HEIGHT="46" WC="0.95" CONTENT="fostrar,"/><SP WIDTH="43" VPOS="684" HPOS="810"/>
							<String ID="string_56" HPOS="853" VPOS="689" WIDTH="114" HEIGHT="43" WC="0.96" CONTENT="utgör"/><SP WIDTH="28" VPOS="689" HPOS="967"/>
							<String ID="string_57" HPOS="995" VPOS="697" WIDTH="48" HEIGHT="23" WC="0.96" CONTENT="en"/><SP WIDTH="28" VPOS="697" HPOS="1043"/>
							<String ID="string_58" HPOS="1071" VPOS="682" WIDTH="162" HEIGHT="37" WC="0.93" CONTENT="särskild"/><SP WIDTH="28" VPOS="682" HPOS="1233"/>
							<String ID="string_59" HPOS="1261" VPOS="682" WIDTH="213" HEIGHT="48" WC="0.90" CONTENT="betingelse"/><SP WIDTH="28" VPOS="682" HPOS="1474"/>
							<String ID="string_60" HPOS="1502" VPOS="681" WIDTH="59" HEIGHT="37" WC="0.96" CONTENT="för"/><SP WIDTH="29" VPOS="681" HPOS="1561"/>
							<String ID="string_61" HPOS="1590" VPOS="681" WIDTH="204" HEIGHT="49" WC="0.93" CONTENT="sjöfartens"/><SP WIDTH="29" VPOS="681" HPOS="1794"/>
							<String ID="string_62" HPOS="1823" VPOS="680" WIDTH="150" HEIGHT="36" WC="0.91" CONTENT="trefnad"/>
						</TextLine>
						<TextLine ID="line_9" HPOS="381" VPOS="731" WIDTH="1525" HEIGHT="53">
							<String ID="string_63" HPOS="381" VPOS="737" WIDTH="69" HEIGHT="36" WC="0.96" CONTENT="och"/><SP WIDTH="29" VPOS="737" HPOS="450"/>
							<String ID="string_64" HPOS="479" VPOS="749" WIDTH="47" HEIGHT="23" WC="0.93" CONTENT="en"/><SP WIDTH="28" VPOS="749" HPOS="526"/>
							<String ID="string_65" HPOS="554" VPOS="735" WIDTH="179" HEIGHT="49" WC="0.92" CONTENT="häfstång"/><SP WIDTH="27" VPOS="735" HPOS="733"/>
							<String ID="string_66" HPOS="760" VPOS="736" WIDTH="60" HEIGHT="35" WC="0.96" CONTENT="för"/><SP WIDTH="29" VPOS="736" HPOS="820"/>
							<String ID="string_67" HPOS="849" VPOS="736" WIDTH="87" HEIGHT="35" WC="0.96" CONTENT="dess"/><SP WIDTH="28" VPOS="736" HPOS="936"/>
							<String ID="string_68" HPOS="964" VPOS="735" WIDTH="203" HEIGHT="48" WC="0.96" CONTENT="framgång"/><SP WIDTH="26" VPOS="735" HPOS="1167"/>
							<String ID="string_69" HPOS="1193" VPOS="734" WIDTH="13" HEIGHT="35" WC="0.96" CONTENT="i"/><SP WIDTH="29" VPOS="734" HPOS="1206"/>
							<String ID="string_70" HPOS="1235" VPOS="733" WIDTH="261" HEIGHT="48" WC="0.96" CONTENT="Helsingborg"/><SP WIDTH="29" VPOS="733" HPOS="1496"/>
							<String ID="string_71" HPOS="1525" VPOS="733" WIDTH="71" HEIGHT="35" WC="0.96" CONTENT="och"/><SP WIDTH="29" VPOS="733" HPOS="1596"/>
							<String ID="string_72" HPOS="1625" VPOS="733" WIDTH="87" HEIGHT="35" WC="0.96" CONTENT="dess"/><SP WIDTH="30" VPOS="733" HPOS="1712"/>
							<String ID="string_73" HPOS="1742" VPOS="731" WIDTH="164" HEIGHT="49" WC="0.95" CONTENT="omnejd."/>
						</TextLine>
					</TextBlock>
					<TextBlock ID="block_4" HPOS="380" VPOS="783" WIDTH="1594" HEIGHT="210">
						<TextLine ID="line_10" HPOS="484" VPOS="783" WIDTH="1488" HEIGHT="54">
							<String ID="string_74" HPOS="484" VPOS="788" WIDTH="73" HEIGHT="37" WC="0.96" CONTENT="Det"/><SP WIDTH="40" VPOS="788" HPOS="557"/>
							<String ID="string_75" HPOS="597" VPOS="788" WIDTH="109" HEIGHT="36" WC="0.96" CONTENT="torde"/><SP WIDTH="43" VPOS="788" HPOS="706"/>
							<String ID="string_76" HPOS="749" VPOS="787" WIDTH="70" HEIGHT="38" WC="0.96" CONTENT="ock"/><SP WIDTH="33" VPOS="787" HPOS="819"/>
							<String ID="string_77" HPOS="852" VPOS="787" WIDTH="85" HEIGHT="38" WC="0.96" CONTENT="med"/><SP WIDTH="30" VPOS="787" HPOS="937"/>
							<String ID="string_78" HPOS="967" VPOS="787" WIDTH="69" HEIGHT="50" WC="0.96" CONTENT="fog"/><SP WIDTH="28" VPOS="787" HPOS="1036"/>
							<String ID="string_79" HPOS="1064" VPOS="788" WIDTH="127" HEIGHT="36" WC="0.96" CONTENT="kunna"/><SP WIDTH="29" VPOS="788" HPOS="1191"/>
							<String ID="string_80" HPOS="1220" VPOS="791" WIDTH="125" HEIGHT="44" WC="0.95" CONTENT="sägas,"/><SP WIDTH="29" VPOS="791" HPOS="1345"/>
							<String ID="string_81" HPOS="1374" VPOS="789" WIDTH="54" HEIGHT="33" WC="0.93" CONTENT="att"/><SP WIDTH="27" VPOS="789" HPOS="1428"/>
							<String ID="string_82" HPOS="1455" VPOS="783" WIDTH="249" HEIGHT="52" WC="0.91" CONTENT="ingenstädes"/><SP WIDTH="28" VPOS="783" HPOS="1704"/>
							<String ID="string_83" HPOS="1732" VPOS="784" WIDTH="13" HEIGHT="36" WC="0.89" CONTENT="i"/><SP WIDTH="27" VPOS="784" HPOS="1745"/>
							<String ID="string_84" HPOS="1772" VPOS="786" WIDTH="84" HEIGHT="34" WC="0.96" CONTENT="vårt"/><SP WIDTH="27" VPOS="786" HPOS="1856"/>
							<String ID="string_85" HPOS="1883" VPOS="783" WIDTH="89" HEIGHT="37" WC="0.96" CONTENT="land"/>
						</TextLine>
						<TextLine ID="line_11" HPOS="380" VPOS="837" WIDTH="1593" HEIGHT="52">
							<String ID="string_86" HPOS="380" VPOS="842" WIDTH="69" HEIGHT="35" WC="0.95" CONTENT="har"/><SP WIDTH="40" VPOS="842" HPOS="449"/>
							<String ID="string_87" HPOS="489" VPOS="841" WIDTH="277" HEIGHT="48" WC="0.95" CONTENT="befolkningen"/><SP WIDTH="41" VPOS="841" HPOS="766"/>
							<String ID="string_88" HPOS="807" VPOS="853" WIDTH="138" HEIGHT="36" WC="0.96" CONTENT="genom"/><SP WIDTH="43" VPOS="853" HPOS="945"/>
							<String ID="string_89" HPOS="988" VPOS="841" WIDTH="160" HEIGHT="35" WC="0.95" CONTENT="intresse"/><SP WIDTH="37" VPOS="841" HPOS="1148"/>
							<String ID="string_90" HPOS="1185" VPOS="839" WIDTH="58" HEIGHT="36" WC="0.96" CONTENT="för"/><SP WIDTH="38" VPOS="839" HPOS="1243"/>
							<String ID="string_91" HPOS="1281" VPOS="839" WIDTH="69" HEIGHT="36" WC="0.96" CONTENT="och"/><SP WIDTH="28" VPOS="839" HPOS="1350"/>
							<String ID="string_92" HPOS="1378" VPOS="838" WIDTH="213" HEIGHT="48" WC="0.96" CONTENT="kunnighet"/><SP WIDTH="26" VPOS="838" HPOS="1591"/>
							<String ID="string_93" HPOS="1617" VPOS="838" WIDTH="13" HEIGHT="35" WC="0.96" CONTENT="i"/><SP WIDTH="29" VPOS="838" HPOS="1630"/>
							<String ID="string_94" HPOS="1659" VPOS="837" WIDTH="147" HEIGHT="50" WC="0.94" CONTENT="sjöfart,"/><SP WIDTH="28" VPOS="837" HPOS="1806"/>
							<String ID="string_95" HPOS="1834" VPOS="849" WIDTH="139" HEIGHT="35" WC="0.96" CONTENT="genom"/>
						</TextLine>
						<TextLine ID="line_12" HPOS="381" VPOS="888" WIDTH="1593" HEIGHT="53">
							<String ID="string_96" HPOS="381" VPOS="893" WIDTH="301" HEIGHT="48" WC="0.95" CONTENT="företagsamhet"/><SP WIDTH="28" VPOS="893" HPOS="682"/>
							<String ID="string_97" HPOS="710" VPOS="892" WIDTH="70" HEIGHT="38" WC="0.96" CONTENT="och"/><SP WIDTH="27" VPOS="892" HPOS="780"/>
							<String ID="string_98" HPOS="807" VPOS="893" WIDTH="107" HEIGHT="36" WC="0.96" CONTENT="klokt"/><SP WIDTH="28" VPOS="893" HPOS="914"/>
							<String ID="string_99" HPOS="942" VPOS="892" WIDTH="87" HEIGHT="37" WC="0.93" CONTENT="ledd"/><SP WIDTH="29" VPOS="892" HPOS="1029"/>
							<String ID="string_100" HPOS="1058" VPOS="891" WIDTH="372" HEIGHT="37" WC="0.90" CONTENT="rederiverksamhet"/><SP WIDTH="34" VPOS="891" HPOS="1430"/>
							<String ID="string_101" HPOS="1464" VPOS="891" WIDTH="104" HEIGHT="49" WC="0.96" CONTENT="gjort"/><SP WIDTH="29" VPOS="891" HPOS="1568"/>
							<String ID="string_102" HPOS="1597" VPOS="890" WIDTH="59" HEIGHT="48" WC="0.96" CONTENT="sig"/><SP WIDTH="29" VPOS="890" HPOS="1656"/>
							<String ID="string_103" HPOS="1685" VPOS="902" WIDTH="102" HEIGHT="24" WC="0.92" CONTENT="mera"/><SP WIDTH="28" VPOS="902" HPOS="1787"/>
							<String ID="string_104" HPOS="1815" VPOS="888" WIDTH="159" HEIGHT="49" WC="0.91" CONTENT="förtjent"/>
						</TextLine>
						<TextLine ID="line_13" HPOS="382" VPOS="944" WIDTH="877" HEIGHT="49">
							<String ID="string_105" HPOS="382" VPOS="946" WIDTH="42" HEIGHT="37" WC="0.96" CONTENT="af"/><SP WIDTH="26" VPOS="946" HPOS="424"/>
							<String ID="string_106" HPOS="450" VPOS="948" WIDTH="64" HEIGHT="34" WC="0.93" CONTENT="vår"/><SP WIDTH="28" VPOS="948" HPOS="514"/>
							<String ID="string_107" HPOS="542" VPOS="945" WIDTH="286" HEIGHT="38" WC="0.91" CONTENT="handelsflottas"/><SP WIDTH="27" VPOS="945" HPOS="828"/>
							<String ID="string_108" HPOS="855" VPOS="944" WIDTH="222" HEIGHT="49" WC="0.96" CONTENT="utveckling"/><SP WIDTH="28" VPOS="944" HPOS="1077"/>
							<String ID="string_109" HPOS="1105" VPOS="949" WIDTH="46" HEIGHT="32" WC="0.96" CONTENT="än"/><SP WIDTH="29" VPOS="949" HPOS="1151"/>
							<String ID="string_110" HPOS="1180" VPOS="944" WIDTH="79" HEIGHT="36" WC="0.96" CONTENT="här."/>
						</TextLine>
					</TextBlock>
					<TextBlock ID="block_5" HPOS="381" VPOS="994" WIDTH="1595" HEIGHT="303">
						<TextLine ID="line_14" HPOS="485" VPOS="994" WIDTH="1489" HEIGHT="53">
							<String ID="string_111" HPOS="485" VPOS="998" WIDTH="85" HEIGHT="36" WC="0.96" CONTENT="Men"/><SP WIDTH="31" VPOS="998" HPOS="570"/>
							<String ID="string_112" HPOS="601" VPOS="998" WIDTH="63" HEIGHT="37" WC="0.96" CONTENT="det"/><SP WIDTH="28" VPOS="998" HPOS="664"/>
							<String ID="string_113" HPOS="692" VPOS="998" WIDTH="67" HEIGHT="37" WC="0.96" CONTENT="har"/><SP WIDTH="29" VPOS="998" HPOS="759"/>
							<String ID="string_114" HPOS="788" VPOS="998" WIDTH="150" HEIGHT="49" WC="0.93" CONTENT="mycket"/><SP WIDTH="28" VPOS="998" HPOS="938"/>
							<String ID="string_115" HPOS="966" VPOS="997" WIDTH="149" HEIGHT="49" WC="0.91" CONTENT="klagats"/><SP WIDTH="29" VPOS="997" HPOS="1115"/>
							<String ID="string_116" HPOS="1144" VPOS="997" WIDTH="118" HEIGHT="45" WC="0.95" CONTENT="öfver,"/><SP WIDTH="29" VPOS="997" HPOS="1262"/>
							<String ID="string_117" HPOS="1291" VPOS="1000" WIDTH="56" HEIGHT="32" WC="0.96" CONTENT="att"/><SP WIDTH="27" VPOS="1000" HPOS="1347"/>
							<String ID="string_118" HPOS="1374" VPOS="996" WIDTH="69" HEIGHT="36" WC="0.96" CONTENT="här"/><SP WIDTH="28" VPOS="996" HPOS="1443"/>
							<String ID="string_119" HPOS="1471" VPOS="995" WIDTH="138" HEIGHT="37" WC="0.94" CONTENT="saknas"/><SP WIDTH="27" VPOS="995" HPOS="1609"/>
							<String ID="string_120" HPOS="1636" VPOS="994" WIDTH="228" HEIGHT="49" WC="0.95" CONTENT="någonting,"/><SP WIDTH="31" VPOS="994" HPOS="1864"/>
							<String ID="string_121" HPOS="1895" VPOS="1006" WIDTH="79" HEIGHT="23" WC="0.96" CONTENT="som"/>
						</TextLine>
						<TextLine ID="line_15" HPOS="381" VPOS="1045" WIDTH="1593" HEIGHT="55">
							<String ID="string_122" HPOS="381" VPOS="1055" WIDTH="20" HEIGHT="33" WC="0.93" CONTENT="å"/><SP WIDTH="29" VPOS="1055" HPOS="401"/>
							<String ID="string_123" HPOS="430" VPOS="1065" WIDTH="47" HEIGHT="23" WC="0.96" CONTENT="en"/><SP WIDTH="29" VPOS="1065" HPOS="477"/>
							<String ID="string_124" HPOS="506" VPOS="1050" WIDTH="105" HEIGHT="50" WC="0.96" CONTENT="dylik"/><SP WIDTH="28" VPOS="1050" HPOS="611"/>
							<String ID="string_125" HPOS="639" VPOS="1057" WIDTH="59" HEIGHT="30" WC="0.96" CONTENT="ort"/><SP WIDTH="27" VPOS="1057" HPOS="698"/>
							<String ID="string_126" HPOS="725" VPOS="1064" WIDTH="80" HEIGHT="23" WC="0.96" CONTENT="mer"/><SP WIDTH="28" VPOS="1064" HPOS="805"/>
							<String ID="string_127" HPOS="833" VPOS="1055" WIDTH="46" HEIGHT="32" WC="0.96" CONTENT="än"/><SP WIDTH="30" VPOS="1055" HPOS="879"/>
							<String ID="string_128" HPOS="909" VPOS="1050" WIDTH="247" HEIGHT="37" WC="0.96" CONTENT="annorstädes"/><SP WIDTH="29" VPOS="1050" HPOS="1156"/>
							<String ID="string_129" HPOS="1185" VPOS="1054" WIDTH="41" HEIGHT="31" WC="0.93" CONTENT="är"/><SP WIDTH="28" VPOS="1054" HPOS="1226"/>
							<String ID="string_130" HPOS="1254" VPOS="1048" WIDTH="185" HEIGHT="49" WC="0.91" CONTENT="behöfligt"/><SP WIDTH="42" VPOS="1048" HPOS="1439"/>
							<String ID="string_131" HPOS="1481" VPOS="1048" WIDTH="71" HEIGHT="36" WC="0.96" CONTENT="och"/><SP WIDTH="38" VPOS="1048" HPOS="1552"/>
							<String ID="string_132" HPOS="1590" VPOS="1061" WIDTH="81" HEIGHT="23" WC="0.96" CONTENT="som"/><SP WIDTH="29" VPOS="1061" HPOS="1671"/>
							<String ID="string_133" HPOS="1700" VPOS="1046" WIDTH="125" HEIGHT="37" WC="0.96" CONTENT="säkert"/><SP WIDTH="28" VPOS="1046" HPOS="1825"/>
							<String ID="string_134" HPOS="1853" VPOS="1045" WIDTH="121" HEIGHT="37" WC="0.96" CONTENT="skulle"/>
						</TextLine>
						<TextLine ID="line_16" HPOS="382" VPOS="1099" WIDTH="1593" HEIGHT="54">
							<String ID="string_135" HPOS="382" VPOS="1109" WIDTH="93" HEIGHT="44" WC="0.96" CONTENT="göra"/><SP WIDTH="29" VPOS="1109" HPOS="475"/>
							<String ID="string_136" HPOS="504" VPOS="1109" WIDTH="79" HEIGHT="31" WC="0.96" CONTENT="stor"/><SP WIDTH="27" VPOS="1109" HPOS="583"/>
							<String ID="string_137" HPOS="610" VPOS="1108" WIDTH="120" HEIGHT="45" WC="0.93" CONTENT="nytta,"/><SP WIDTH="29" VPOS="1108" HPOS="730"/>
							<String ID="string_138" HPOS="759" VPOS="1103" WIDTH="194" HEIGHT="48" WC="0.90" CONTENT="nemligen"/><SP WIDTH="29" VPOS="1103" HPOS="953"/>
							<String ID="string_139" HPOS="982" VPOS="1116" WIDTH="47" HEIGHT="23" WC="0.93" CONTENT="en"/><SP WIDTH="27" VPOS="1116" HPOS="1029"/>
							<String ID="string_140" HPOS="1056" VPOS="1100" WIDTH="439" HEIGHT="50" WC="0.92" CONTENT="undervisningsanstalt"/><SP WIDTH="28" VPOS="1100" HPOS="1495"/>
							<String ID="string_141" HPOS="1523" VPOS="1100" WIDTH="60" HEIGHT="37" WC="0.96" CONTENT="för"/><SP WIDTH="29" VPOS="1100" HPOS="1583"/>
							<String ID="string_142" HPOS="1612" VPOS="1100" WIDTH="104" HEIGHT="37" WC="0.96" CONTENT="detta"/><SP WIDTH="29" VPOS="1100" HPOS="1716"/>
							<String ID="string_143" HPOS="1745" VPOS="1099" WIDTH="149" HEIGHT="49" WC="0.96" CONTENT="sjöfolk,"/><SP WIDTH="26" VPOS="1099" HPOS="1894"/>
							<String ID="string_144" HPOS="1920" VPOS="1102" WIDTH="55" HEIGHT="33" WC="0.96" CONTENT="att"/>
						</TextLine>
						<TextLine ID="line_17" HPOS="381" VPOS="1151" WIDTH="1593" HEIGHT="54">
							<String ID="string_145" HPOS="381" VPOS="1157" WIDTH="64" HEIGHT="36" WC="0.96" CONTENT="det"/><SP WIDTH="42" VPOS="1157" HPOS="445"/>
							<String ID="string_146" HPOS="487" VPOS="1157" WIDTH="137" HEIGHT="36" WC="0.96" CONTENT="saknas"/><SP WIDTH="43" VPOS="1157" HPOS="624"/>
							<String ID="string_147" HPOS="667" VPOS="1169" WIDTH="47" HEIGHT="24" WC="0.92" CONTENT="en"/><SP WIDTH="41" VPOS="1169" HPOS="714"/>
							<String ID="string_148" HPOS="755" VPOS="1156" WIDTH="336" HEIGHT="49" WC="0.89" CONTENT="navigationsskola,"/><SP WIDTH="43" VPOS="1156" HPOS="1091"/>
							<String ID="string_149" HPOS="1134" VPOS="1155" WIDTH="66" HEIGHT="36" WC="0.96" CONTENT="der"/><SP WIDTH="42" VPOS="1155" HPOS="1200"/>
							<String ID="string_150" HPOS="1242" VPOS="1154" WIDTH="73" HEIGHT="37" WC="0.96" CONTENT="den"/><SP WIDTH="27" VPOS="1154" HPOS="1315"/>
							<String ID="string_151" HPOS="1342" VPOS="1153" WIDTH="206" HEIGHT="37" WC="0.95" CONTENT="teoretiska"/><SP WIDTH="28" VPOS="1153" HPOS="1548"/>
							<String ID="string_152" HPOS="1576" VPOS="1152" WIDTH="269" HEIGHT="48" WC="0.96" CONTENT="utbildningen"/><SP WIDTH="28" VPOS="1152" HPOS="1845"/>
							<String ID="string_153" HPOS="1873" VPOS="1151" WIDTH="101" HEIGHT="49" WC="0.96" CONTENT="finge"/>
						</TextLine>
						<TextLine ID="line_18" HPOS="383" VPOS="1205" WIDTH="1593" HEIGHT="52">
							<String ID="string_154" HPOS="383" VPOS="1208" WIDTH="96" HEIGHT="37" WC="0.95" CONTENT="sluta"/><SP WIDTH="29" VPOS="1208" HPOS="479"/>
							<String ID="string_155" HPOS="508" VPOS="1208" WIDTH="61" HEIGHT="49" WC="0.95" CONTENT="sig"/><SP WIDTH="27" VPOS="1208" HPOS="569"/>
							<String ID="string_156" HPOS="596" VPOS="1208" WIDTH="57" HEIGHT="36" WC="0.95" CONTENT="till"/><SP WIDTH="29" VPOS="1208" HPOS="653"/>
							<String ID="string_157" HPOS="682" VPOS="1208" WIDTH="70" HEIGHT="36" WC="0.96" CONTENT="och"/><SP WIDTH="29" VPOS="1208" HPOS="752"/>
							<String ID="string_158" HPOS="781" VPOS="1207" WIDTH="133" HEIGHT="50" WC="0.95" CONTENT="åtfölja"/><SP WIDTH="28" VPOS="1207" HPOS="914"/>
							<String ID="string_159" HPOS="942" VPOS="1208" WIDTH="74" HEIGHT="36" WC="0.96" CONTENT="den"/><SP WIDTH="27" VPOS="1208" HPOS="1016"/>
							<String ID="string_160" HPOS="1043" VPOS="1206" WIDTH="208" HEIGHT="50" WC="0.96" CONTENT="praktiska,"/><SP WIDTH="43" VPOS="1206" HPOS="1251"/>
							<String ID="string_161" HPOS="1294" VPOS="1206" WIDTH="58" HEIGHT="36" WC="0.96" CONTENT="för"/><SP WIDTH="36" VPOS="1206" HPOS="1352"/>
							<String ID="string_162" HPOS="1388" VPOS="1205" WIDTH="155" HEIGHT="37" WC="0.96" CONTENT="hvilken"/><SP WIDTH="36" VPOS="1205" HPOS="1543"/>
							<String ID="string_163" HPOS="1579" VPOS="1205" WIDTH="119" HEIGHT="36" WC="0.96" CONTENT="redan"/><SP WIDTH="28" VPOS="1205" HPOS="1698"/>
							<String ID="string_164" HPOS="1726" VPOS="1208" WIDTH="55" HEIGHT="32" WC="0.96" CONTENT="ett"/><SP WIDTH="28" VPOS="1208" HPOS="1781"/>
							<String ID="string_165" HPOS="1809" VPOS="1206" WIDTH="41" HEIGHT="34" WC="0.96" CONTENT="så"/><SP WIDTH="29" VPOS="1206" HPOS="1850"/>
							<String ID="string_166" HPOS="1879" VPOS="1207" WIDTH="97" HEIGHT="32" WC="0.96" CONTENT="stort"/>
						</TextLine>
						<TextLine ID="line_19" HPOS="382" VPOS="1260" WIDTH="314" HEIGHT="37">
							<String ID="string_167" HPOS="382" VPOS="1261" WIDTH="70" HEIGHT="36" WC="0.93" CONTENT="fält"/><SP WIDTH="27" VPOS="1261" HPOS="452"/>
							<String ID="string_168" HPOS="479" VPOS="1260" WIDTH="217" HEIGHT="37" WC="0.90" CONTENT="förefinnes."/>
						</TextLine>
					</TextBlock>
					<TextBlock ID="block_6" HPOS="383" VPOS="1308" WIDTH="1593" HEIGHT="146">
						<TextLine ID="line_20" HPOS="486" VPOS="1308" WIDTH="1489" HEIGHT="53">
							<String ID="string_169" HPOS="486" VPOS="1312" WIDTH="289" HEIGHT="49" WC="0.92" CONTENT="Förläggandet"/><SP WIDTH="29" VPOS="1312" HPOS="775"/>
							<String ID="string_170" HPOS="804" VPOS="1312" WIDTH="40" HEIGHT="36" WC="0.96" CONTENT="af"/><SP WIDTH="25" VPOS="1312" HPOS="844"/>
							<String ID="string_171" HPOS="869" VPOS="1325" WIDTH="46" HEIGHT="23" WC="0.93" CONTENT="en"/><SP WIDTH="29" VPOS="1325" HPOS="915"/>
							<String ID="string_172" HPOS="944" VPOS="1311" WIDTH="349" HEIGHT="49" WC="0.91" CONTENT="navigationsskola"/><SP WIDTH="27" VPOS="1311" HPOS="1293"/>
							<String ID="string_173" HPOS="1320" VPOS="1310" WIDTH="57" HEIGHT="36" WC="0.96" CONTENT="till"/><SP WIDTH="28" VPOS="1310" HPOS="1377"/>
							<String ID="string_174" HPOS="1405" VPOS="1309" WIDTH="262" HEIGHT="49" WC="0.95" CONTENT="Helsingborg"/><SP WIDTH="25" VPOS="1309" HPOS="1667"/>
							<String ID="string_175" HPOS="1692" VPOS="1308" WIDTH="120" HEIGHT="37" WC="0.93" CONTENT="skulle"/><SP WIDTH="20" VPOS="1308" HPOS="1812"/>
							<String ID="string_176" HPOS="1832" VPOS="1321" WIDTH="143" HEIGHT="36" WC="0.91" CONTENT="uppen-"/>
						</TextLine>
						<TextLine ID="line_21" HPOS="386" VPOS="1360" WIDTH="1590" HEIGHT="53">
							<String ID="string_177" HPOS="386" VPOS="1366" WIDTH="170" HEIGHT="47" WC="0.91" CONTENT="barligen"/><SP WIDTH="27" VPOS="1366" HPOS="556"/>
							<String ID="string_178" HPOS="583" VPOS="1378" WIDTH="91" HEIGHT="23" WC="0.96" CONTENT="vara"/><SP WIDTH="29" VPOS="1378" HPOS="674"/>
							<String ID="string_179" HPOS="703" VPOS="1365" WIDTH="40" HEIGHT="36" WC="0.96" CONTENT="af"/><SP WIDTH="26" VPOS="1365" HPOS="743"/>
							<String ID="string_180" HPOS="769" VPOS="1364" WIDTH="91" HEIGHT="37" WC="0.96" CONTENT="allra"/><SP WIDTH="29" VPOS="1364" HPOS="860"/>
							<String ID="string_181" HPOS="889" VPOS="1369" WIDTH="138" HEIGHT="31" WC="0.96" CONTENT="största"/><SP WIDTH="28" VPOS="1369" HPOS="1027"/>
							<String ID="string_182" HPOS="1055" VPOS="1363" WIDTH="196" HEIGHT="49" WC="0.95" CONTENT="betydelse"/><SP WIDTH="29" VPOS="1363" HPOS="1251"/>
							<String ID="string_183" HPOS="1280" VPOS="1363" WIDTH="60" HEIGHT="36" WC="0.96" CONTENT="för"/><SP WIDTH="28" VPOS="1363" HPOS="1340"/>
							<String ID="string_184" HPOS="1368" VPOS="1362" WIDTH="205" HEIGHT="48" WC="0.96" CONTENT="sjöfartens"/><SP WIDTH="30" VPOS="1362" HPOS="1573"/>
							<String ID="string_185" HPOS="1603" VPOS="1361" WIDTH="128" HEIGHT="36" WC="0.96" CONTENT="vidare"/><SP WIDTH="23" VPOS="1361" HPOS="1731"/>
							<String ID="string_186" HPOS="1754" VPOS="1360" WIDTH="222" HEIGHT="48" WC="0.96" CONTENT="utveckling"/>
						</TextLine>
						<TextLine ID="line_22" HPOS="383" VPOS="1418" WIDTH="159" HEIGHT="36">
							<String ID="string_187" HPOS="383" VPOS="1418" WIDTH="11" HEIGHT="35" WC="0.96" CONTENT="i"/><SP WIDTH="30" VPOS="1418" HPOS="394"/>
							<String ID="string_188" HPOS="424" VPOS="1423" WIDTH="118" HEIGHT="31" WC="0.96" CONTENT="orten."/>
						</TextLine>
					</TextBlock>
					<TextBlock ID="block_7" HPOS="384" VPOS="1464" WIDTH="1593" HEIGHT="315">
						<TextLine ID="line_23" HPOS="488" VPOS="1464" WIDTH="1489" HEIGHT="49">
							<String ID="string_189" HPOS="488" VPOS="1469" WIDTH="56" HEIGHT="37" WC="0.96" CONTENT="Då"/><SP WIDTH="42" VPOS="1469" HPOS="544"/>
							<String ID="string_190" HPOS="586" VPOS="1469" WIDTH="122" HEIGHT="36" WC="0.95" CONTENT="denna"/><SP WIDTH="42" VPOS="1469" HPOS="708"/>
							<String ID="string_191" HPOS="750" VPOS="1469" WIDTH="58" HEIGHT="36" WC="0.96" CONTENT="för"/><SP WIDTH="40" VPOS="1469" HPOS="808"/>
							<String ID="string_192" HPOS="848" VPOS="1473" WIDTH="85" HEIGHT="32" WC="0.96" CONTENT="vårt"/><SP WIDTH="36" VPOS="1473" HPOS="933"/>
							<String ID="string_193" HPOS="969" VPOS="1467" WIDTH="89" HEIGHT="37" WC="0.95" CONTENT="land"/><SP WIDTH="33" VPOS="1467" HPOS="1058"/>
							<String ID="string_194" HPOS="1091" VPOS="1468" WIDTH="86" HEIGHT="36" WC="0.96" CONTENT="med"/><SP WIDTH="29" VPOS="1468" HPOS="1177"/>
							<String ID="string_195" HPOS="1206" VPOS="1467" WIDTH="88" HEIGHT="37" WC="0.96" CONTENT="dess"/><SP WIDTH="27" VPOS="1467" HPOS="1294"/>
							<String ID="string_196" HPOS="1321" VPOS="1466" WIDTH="211" HEIGHT="37" WC="0.96" CONTENT="utsträckta"/><SP WIDTH="29" VPOS="1466" HPOS="1532"/>
							<String ID="string_197" HPOS="1561" VPOS="1466" WIDTH="130" HEIGHT="36" WC="0.96" CONTENT="kuster"/><SP WIDTH="29" VPOS="1466" HPOS="1691"/>
							<String ID="string_198" HPOS="1720" VPOS="1468" WIDTH="41" HEIGHT="33" WC="0.96" CONTENT="så"/><SP WIDTH="28" VPOS="1468" HPOS="1761"/>
							<String ID="string_199" HPOS="1789" VPOS="1464" WIDTH="188" HEIGHT="49" WC="0.96" CONTENT="naturliga"/>
						</TextLine>
						<TextLine ID="line_24" HPOS="384" VPOS="1517" WIDTH="1593" HEIGHT="54">
							<String ID="string_200" HPOS="384" VPOS="1522" WIDTH="256" HEIGHT="49" WC="0.95" CONTENT="näringsgren"/><SP WIDTH="27" VPOS="1522" HPOS="640"/>
							<String ID="string_201" HPOS="667" VPOS="1524" WIDTH="48" HEIGHT="46" WC="0.96" CONTENT="på"/><SP WIDTH="28" VPOS="1524" HPOS="715"/>
							<String ID="string_202" HPOS="743" VPOS="1521" WIDTH="46" HEIGHT="37" WC="0.96" CONTENT="de"/><SP WIDTH="30" VPOS="1521" HPOS="789"/>
							<String ID="string_203" HPOS="819" VPOS="1534" WIDTH="132" HEIGHT="23" WC="0.96" CONTENT="senare"/><SP WIDTH="30" VPOS="1534" HPOS="951"/>
							<String ID="string_204" HPOS="981" VPOS="1527" WIDTH="88" HEIGHT="30" WC="0.93" CONTENT="åren"/><SP WIDTH="28" VPOS="1527" HPOS="1069"/>
							<String ID="string_205" HPOS="1097" VPOS="1519" WIDTH="193" HEIGHT="37" WC="0.91" CONTENT="tillvunnit"/><SP WIDTH="28" VPOS="1519" HPOS="1290"/>
							<String ID="string_206" HPOS="1318" VPOS="1519" WIDTH="59" HEIGHT="49" WC="0.96" CONTENT="sig"/><SP WIDTH="29" VPOS="1519" HPOS="1377"/>
							<String ID="string_207" HPOS="1406" VPOS="1523" WIDTH="54" HEIGHT="32" WC="0.93" CONTENT="ett"/><SP WIDTH="29" VPOS="1523" HPOS="1460"/>
							<String ID="string_208" HPOS="1489" VPOS="1518" WIDTH="117" HEIGHT="36" WC="0.92" CONTENT="ökadt"/><SP WIDTH="26" VPOS="1518" HPOS="1606"/>
							<String ID="string_209" HPOS="1632" VPOS="1518" WIDTH="159" HEIGHT="36" WC="0.96" CONTENT="intresse"/><SP WIDTH="20" VPOS="1518" HPOS="1791"/>
							<String ID="string_210" HPOS="1811" VPOS="1517" WIDTH="83" HEIGHT="36" WC="0.96" CONTENT="från"/><SP WIDTH="20" VPOS="1517" HPOS="1894"/>
							<String ID="string_211" HPOS="1914" VPOS="1517" WIDTH="63" HEIGHT="36" WC="0.96" CONTENT="det"/>
						</TextLine>
						<TextLine ID="line_25" HPOS="386" VPOS="1569" WIDTH="1590" HEIGHT="50">
							<String ID="string_212" HPOS="386" VPOS="1574" WIDTH="207" HEIGHT="36" WC="0.95" CONTENT="allmännas"/><SP WIDTH="29" VPOS="1574" HPOS="593"/>
							<String ID="string_213" HPOS="622" VPOS="1574" WIDTH="80" HEIGHT="35" WC="0.96" CONTENT="sida"/><SP WIDTH="30" VPOS="1574" HPOS="702"/>
							<String ID="string_214" HPOS="732" VPOS="1573" WIDTH="70" HEIGHT="36" WC="0.96" CONTENT="och"/><SP WIDTH="29" VPOS="1573" HPOS="802"/>
							<String ID="string_215" HPOS="831" VPOS="1573" WIDTH="63" HEIGHT="36" WC="0.96" CONTENT="det"/><SP WIDTH="30" VPOS="1573" HPOS="894"/>
							<String ID="string_216" HPOS="924" VPOS="1573" WIDTH="154" HEIGHT="35" WC="0.96" CONTENT="erkänts"/><SP WIDTH="30" VPOS="1573" HPOS="1078"/>
							<String ID="string_217" HPOS="1108" VPOS="1575" WIDTH="124" HEIGHT="33" WC="0.96" CONTENT="såsom"/><SP WIDTH="21" VPOS="1575" HPOS="1232"/>
							<String ID="string_218" HPOS="1253" VPOS="1585" WIDTH="45" HEIGHT="22" WC="0.91" CONTENT="en"/><SP WIDTH="19" VPOS="1585" HPOS="1298"/>
							<String ID="string_219" HPOS="1317" VPOS="1571" WIDTH="128" HEIGHT="48" WC="0.91" CONTENT="vigtig"/><SP WIDTH="20" VPOS="1571" HPOS="1445"/>
							<String ID="string_220" HPOS="1465" VPOS="1569" WIDTH="337" HEIGHT="49" WC="0.92" CONTENT="samhällsuppgift"/><SP WIDTH="20" VPOS="1569" HPOS="1802"/>
							<String ID="string_221" HPOS="1822" VPOS="1573" WIDTH="66" HEIGHT="39" WC="0.96" CONTENT="att,"/><SP WIDTH="22" VPOS="1573" HPOS="1888"/>
							<String ID="string_222" HPOS="1910" VPOS="1569" WIDTH="66" HEIGHT="35" WC="0.96" CONTENT="der"/>
						</TextLine>
						<TextLine ID="line_26" HPOS="385" VPOS="1620" WIDTH="1590" HEIGHT="54">
							<String ID="string_223" HPOS="385" VPOS="1625" WIDTH="233" HEIGHT="48" WC="0.91" CONTENT="lifskraftiga"/><SP WIDTH="41" VPOS="1625" HPOS="618"/>
							<String ID="string_224" HPOS="659" VPOS="1625" WIDTH="241" HEIGHT="49" WC="0.96" CONTENT="möjligheter"/><SP WIDTH="28" VPOS="1625" HPOS="900"/>
							<String ID="string_225" HPOS="928" VPOS="1624" WIDTH="60" HEIGHT="37" WC="0.96" CONTENT="för"/><SP WIDTH="28" VPOS="1624" HPOS="988"/>
							<String ID="string_226" HPOS="1016" VPOS="1624" WIDTH="125" HEIGHT="37" WC="0.96" CONTENT="denna"/><SP WIDTH="28" VPOS="1624" HPOS="1141"/>
							<String ID="string_227" HPOS="1169" VPOS="1623" WIDTH="156" HEIGHT="49" WC="0.96" CONTENT="närings"/><SP WIDTH="29" VPOS="1623" HPOS="1325"/>
							<String ID="string_228" HPOS="1354" VPOS="1623" WIDTH="128" HEIGHT="37" WC="0.96" CONTENT="vidare"/><SP WIDTH="28" VPOS="1623" HPOS="1482"/>
							<String ID="string_229" HPOS="1510" VPOS="1621" WIDTH="223" HEIGHT="49" WC="0.93" CONTENT="utveckling"/><SP WIDTH="28" VPOS="1621" HPOS="1733"/>
							<String ID="string_230" HPOS="1761" VPOS="1620" WIDTH="214" HEIGHT="49" WC="0.91" CONTENT="förefinnas,"/>
						</TextLine>
						<TextLine ID="line_27" HPOS="385" VPOS="1673" WIDTH="1591" HEIGHT="55">
							<String ID="string_231" HPOS="385" VPOS="1682" WIDTH="230" HEIGHT="46" WC="0.95" CONTENT="uppmuntra"/><SP WIDTH="38" VPOS="1682" HPOS="615"/>
							<String ID="string_232" HPOS="653" VPOS="1677" WIDTH="69" HEIGHT="37" WC="0.96" CONTENT="och"/><SP WIDTH="31" VPOS="1677" HPOS="722"/>
							<String ID="string_233" HPOS="753" VPOS="1677" WIDTH="124" HEIGHT="49" WC="0.96" CONTENT="stödja"/><SP WIDTH="29" VPOS="1677" HPOS="877"/>
							<String ID="string_234" HPOS="906" VPOS="1677" WIDTH="122" HEIGHT="47" WC="0.96" CONTENT="dessa,"/><SP WIDTH="32" VPOS="1677" HPOS="1028"/>
							<String ID="string_235" HPOS="1060" VPOS="1679" WIDTH="40" HEIGHT="34" WC="0.96" CONTENT="så"/><SP WIDTH="28" VPOS="1679" HPOS="1100"/>
							<String ID="string_236" HPOS="1128" VPOS="1679" WIDTH="118" HEIGHT="46" WC="0.96" CONTENT="vågar"/><SP WIDTH="23" VPOS="1679" HPOS="1246"/>
							<String ID="string_237" HPOS="1269" VPOS="1677" WIDTH="69" HEIGHT="48" WC="0.96" CONTENT="jag"/><SP WIDTH="28" VPOS="1677" HPOS="1338"/>
							<String ID="string_238" HPOS="1366" VPOS="1675" WIDTH="59" HEIGHT="37" WC="0.96" CONTENT="för"/><SP WIDTH="28" VPOS="1675" HPOS="1425"/>
							<String ID="string_239" HPOS="1453" VPOS="1675" WIDTH="124" HEIGHT="37" WC="0.96" CONTENT="denna"/><SP WIDTH="28" VPOS="1675" HPOS="1577"/>
							<String ID="string_240" HPOS="1605" VPOS="1673" WIDTH="281" HEIGHT="50" WC="0.92" CONTENT="angelägenhet"/><SP WIDTH="28" VPOS="1673" HPOS="1886"/>
							<String ID="string_241" HPOS="1914" VPOS="1676" WIDTH="62" HEIGHT="47" WC="0.92" CONTENT="på-"/>
						</TextLine>
						<TextLine ID="line_28" HPOS="386" VPOS="1729" WIDTH="761" HEIGHT="50">
							<String ID="string_242" HPOS="386" VPOS="1730" WIDTH="100" HEIGHT="37" WC="0.95" CONTENT="kalla"/><SP WIDTH="27" VPOS="1730" HPOS="486"/>
							<String ID="string_243" HPOS="513" VPOS="1730" WIDTH="240" HEIGHT="49" WC="0.96" CONTENT="Riksdagens"/><SP WIDTH="29" VPOS="1730" HPOS="753"/>
							<String ID="string_244" HPOS="782" VPOS="1729" WIDTH="365" HEIGHT="50" WC="0.95" CONTENT="uppmärksamhet.»"/>
						</TextLine>
					</TextBlock>
				</ComposedBlock>
				<ComposedBlock ID="cblock_2" HPOS="386" VPOS="1827" WIDTH="1593" HEIGHT="576">
					<TextBlock ID="block_8" HPOS="386" VPOS="1827" WIDTH="1593" HEIGHT="576">
						<TextLine ID="line_29" HPOS="488" VPOS="1827" WIDTH="1489" HEIGHT="53">
							<String ID="string_245" HPOS="488" VPOS="1833" WIDTH="196" HEIGHT="37" WC="0.96" CONTENT="Utskottet"/><SP WIDTH="41" VPOS="1833" HPOS="684"/>
							<String ID="string_246" HPOS="725" VPOS="1846" WIDTH="112" HEIGHT="23" WC="0.96" CONTENT="anser"/><SP WIDTH="41" VPOS="1846" HPOS="837"/>
							<String ID="string_247" HPOS="878" VPOS="1832" WIDTH="65" HEIGHT="36" WC="0.96" CONTENT="det"/><SP WIDTH="33" VPOS="1832" HPOS="943"/>
							<String ID="string_248" HPOS="976" VPOS="1831" WIDTH="226" HEIGHT="49" WC="0.96" CONTENT="visserligen"/><SP WIDTH="28" VPOS="1831" HPOS="1202"/>
							<String ID="string_249" HPOS="1230" VPOS="1844" WIDTH="90" HEIGHT="23" WC="0.96" CONTENT="vara"/><SP WIDTH="28" VPOS="1844" HPOS="1320"/>
							<String ID="string_250" HPOS="1348" VPOS="1830" WIDTH="42" HEIGHT="37" WC="0.96" CONTENT="af"/><SP WIDTH="25" VPOS="1830" HPOS="1390"/>
							<String ID="string_251" HPOS="1415" VPOS="1835" WIDTH="79" HEIGHT="31" WC="0.96" CONTENT="stor"/><SP WIDTH="29" VPOS="1835" HPOS="1494"/>
							<String ID="string_252" HPOS="1523" VPOS="1830" WIDTH="93" HEIGHT="49" WC="0.96" CONTENT="vigt,"/><SP WIDTH="29" VPOS="1830" HPOS="1616"/>
							<String ID="string_253" HPOS="1645" VPOS="1833" WIDTH="55" HEIGHT="33" WC="0.95" CONTENT="att"/><SP WIDTH="26" VPOS="1833" HPOS="1700"/>
							<String ID="string_254" HPOS="1726" VPOS="1828" WIDTH="149" HEIGHT="38" WC="0.93" CONTENT="landets"/><SP WIDTH="29" VPOS="1828" HPOS="1875"/>
							<String ID="string_255" HPOS="1904" VPOS="1827" WIDTH="73" HEIGHT="49" WC="0.92" CONTENT="sjö-"/>
						</TextLine>
						<TextLine ID="line_30" HPOS="387" VPOS="1880" WIDTH="1591" HEIGHT="54">
							<String ID="string_256" HPOS="387" VPOS="1885" WIDTH="235" HEIGHT="49" WC="0.90" CONTENT="fartsnäring"/><SP WIDTH="40" VPOS="1885" HPOS="622"/>
							<String ID="string_257" HPOS="662" VPOS="1884" WIDTH="204" HEIGHT="48" WC="0.90" CONTENT="befrämjas"/><SP WIDTH="41" VPOS="1884" HPOS="866"/>
							<String ID="string_258" HPOS="907" VPOS="1884" WIDTH="70" HEIGHT="36" WC="0.96" CONTENT="och"/><SP WIDTH="36" VPOS="1884" HPOS="977"/>
							<String ID="string_259" HPOS="1013" VPOS="1889" WIDTH="46" HEIGHT="31" WC="0.95" CONTENT="än"/><SP WIDTH="29" VPOS="1889" HPOS="1059"/>
							<String ID="string_260" HPOS="1088" VPOS="1884" WIDTH="127" HEIGHT="36" WC="0.96" CONTENT="vidare"/><SP WIDTH="28" VPOS="1884" HPOS="1215"/>
							<String ID="string_261" HPOS="1243" VPOS="1882" WIDTH="207" HEIGHT="48" WC="0.96" CONTENT="utvecklas,"/><SP WIDTH="31" VPOS="1882" HPOS="1450"/>
							<String ID="string_262" HPOS="1481" VPOS="1886" WIDTH="96" HEIGHT="32" WC="0.90" CONTENT="samt"/><SP WIDTH="29" VPOS="1886" HPOS="1577"/>
							<String ID="string_263" HPOS="1606" VPOS="1881" WIDTH="160" HEIGHT="37" WC="0.90" CONTENT="förbiser"/><SP WIDTH="26" VPOS="1881" HPOS="1766"/>
							<String ID="string_264" HPOS="1792" VPOS="1880" WIDTH="85" HEIGHT="38" WC="0.96" CONTENT="icke"/><SP WIDTH="28" VPOS="1880" HPOS="1877"/>
							<String ID="string_265" HPOS="1905" VPOS="1881" WIDTH="73" HEIGHT="36" WC="0.96" CONTENT="den"/>
						</TextLine>
						<TextLine ID="line_31" HPOS="387" VPOS="1933" WIDTH="1591" HEIGHT="54">
							<String ID="string_266" HPOS="387" VPOS="1938" WIDTH="209" HEIGHT="49" WC="0.96" CONTENT="betydelse,"/><SP WIDTH="31" VPOS="1938" HPOS="596"/>
							<String ID="string_267" HPOS="627" VPOS="1950" WIDTH="81" HEIGHT="23" WC="0.95" CONTENT="som"/><SP WIDTH="29" VPOS="1950" HPOS="708"/>
							<String ID="string_268" HPOS="737" VPOS="1937" WIDTH="163" HEIGHT="48" WC="0.95" CONTENT="tillgång"/><SP WIDTH="27" VPOS="1937" HPOS="900"/>
							<String ID="string_269" HPOS="927" VPOS="1936" WIDTH="57" HEIGHT="36" WC="0.95" CONTENT="till"/><SP WIDTH="28" VPOS="1936" HPOS="984"/>
							<String ID="string_270" HPOS="1012" VPOS="1935" WIDTH="102" HEIGHT="50" WC="0.93" CONTENT="goda"/><SP WIDTH="27" VPOS="1935" HPOS="1114"/>
							<String ID="string_271" HPOS="1141" VPOS="1934" WIDTH="485" HEIGHT="50" WC="0.90" CONTENT="undervisningsanstalter"/><SP WIDTH="28" VPOS="1934" HPOS="1626"/>
							<String ID="string_272" HPOS="1654" VPOS="1933" WIDTH="60" HEIGHT="37" WC="0.96" CONTENT="för"/><SP WIDTH="28" VPOS="1933" HPOS="1714"/>
							<String ID="string_273" HPOS="1742" VPOS="1933" WIDTH="136" HEIGHT="50" WC="0.96" CONTENT="sjöfart"/><SP WIDTH="27" VPOS="1933" HPOS="1878"/>
							<String ID="string_274" HPOS="1905" VPOS="1933" WIDTH="73" HEIGHT="36" WC="0.96" CONTENT="kan"/>
						</TextLine>
						<TextLine ID="line_32" HPOS="386" VPOS="1985" WIDTH="1592" HEIGHT="50">
							<String ID="string_275" HPOS="386" VPOS="1991" WIDTH="12" HEIGHT="35" WC="0.96" CONTENT="i"/><SP WIDTH="29" VPOS="1991" HPOS="398"/>
							<String ID="string_276" HPOS="427" VPOS="1990" WIDTH="133" HEIGHT="36" WC="0.96" CONTENT="sådant"/><SP WIDTH="28" VPOS="1990" HPOS="560"/>
							<String ID="string_277" HPOS="588" VPOS="1989" WIDTH="180" HEIGHT="37" WC="0.93" CONTENT="afseende"/><SP WIDTH="27" VPOS="1989" HPOS="768"/>
							<String ID="string_278" HPOS="795" VPOS="1989" WIDTH="142" HEIGHT="36" WC="0.92" CONTENT="utöfva."/><SP WIDTH="47" VPOS="1989" HPOS="937"/>
							<String ID="string_279" HPOS="984" VPOS="1988" WIDTH="58" HEIGHT="37" WC="0.96" CONTENT="Då"/><SP WIDTH="28" VPOS="1988" HPOS="1042"/>
							<String ID="string_280" HPOS="1070" VPOS="1987" WIDTH="211" HEIGHT="37" WC="0.94" CONTENT="emellertid"/><SP WIDTH="20" VPOS="1987" HPOS="1281"/>
							<String ID="string_281" HPOS="1301" VPOS="1987" WIDTH="136" HEIGHT="48" WC="0.96" CONTENT="frågan"/><SP WIDTH="19" VPOS="1987" HPOS="1437"/>
							<String ID="string_282" HPOS="1456" VPOS="2000" WIDTH="60" HEIGHT="23" WC="0.92" CONTENT="om"/><SP WIDTH="19" VPOS="2000" HPOS="1516"/>
							<String ID="string_283" HPOS="1535" VPOS="1985" WIDTH="443" HEIGHT="50" WC="0.89" CONTENT="navigationsskolornas"/>
						</TextLine>
						<TextLine ID="line_33" HPOS="387" VPOS="2037" WIDTH="1591" HEIGHT="52">
							<String ID="string_284" HPOS="387" VPOS="2041" WIDTH="321" HEIGHT="48" WC="0.95" CONTENT="omorganisation"/><SP WIDTH="27" VPOS="2041" HPOS="708"/>
							<String ID="string_285" HPOS="735" VPOS="2042" WIDTH="13" HEIGHT="35" WC="0.95" CONTENT="i"/><SP WIDTH="28" VPOS="2042" HPOS="748"/>
							<String ID="string_286" HPOS="776" VPOS="2041" WIDTH="100" HEIGHT="36" WC="0.96" CONTENT="vissa"/><SP WIDTH="40" VPOS="2041" HPOS="876"/>
							<String ID="string_287" HPOS="916" VPOS="2040" WIDTH="245" HEIGHT="37" WC="0.96" CONTENT="hänseenden"/><SP WIDTH="30" VPOS="2040" HPOS="1161"/>
							<String ID="string_288" HPOS="1191" VPOS="2043" WIDTH="41" HEIGHT="34" WC="0.96" CONTENT="så"/><SP WIDTH="27" VPOS="2043" HPOS="1232"/>
							<String ID="string_289" HPOS="1259" VPOS="2039" WIDTH="156" HEIGHT="50" WC="0.95" CONTENT="nyligen"/><SP WIDTH="29" VPOS="2039" HPOS="1415"/>
							<String ID="string_290" HPOS="1444" VPOS="2052" WIDTH="82" HEIGHT="23" WC="0.96" CONTENT="som"/><SP WIDTH="29" VPOS="2052" HPOS="1526"/>
							<String ID="string_291" HPOS="1555" VPOS="2041" WIDTH="40" HEIGHT="34" WC="0.95" CONTENT="år"/><SP WIDTH="31" VPOS="2041" HPOS="1595"/>
							<String ID="string_292" HPOS="1626" VPOS="2040" WIDTH="96" HEIGHT="35" WC="0.96" CONTENT="1901"/><SP WIDTH="30" VPOS="2040" HPOS="1722"/>
							<String ID="string_293" HPOS="1752" VPOS="2037" WIDTH="98" HEIGHT="37" WC="0.93" CONTENT="varit"/><SP WIDTH="28" VPOS="2037" HPOS="1850"/>
							<String ID="string_294" HPOS="1878" VPOS="2037" WIDTH="100" HEIGHT="37" WC="0.91" CONTENT="före-"/>
						</TextLine>
						<TextLine ID="line_34" HPOS="387" VPOS="2090" WIDTH="1592" HEIGHT="52">
							<String ID="string_295" HPOS="387" VPOS="2094" WIDTH="75" HEIGHT="37" WC="0.95" CONTENT="mål"/><SP WIDTH="40" VPOS="2094" HPOS="462"/>
							<String ID="string_296" HPOS="502" VPOS="2094" WIDTH="60" HEIGHT="36" WC="0.95" CONTENT="för"/><SP WIDTH="40" VPOS="2094" HPOS="562"/>
							<String ID="string_297" HPOS="602" VPOS="2093" WIDTH="237" HEIGHT="49" WC="0.93" CONTENT="Riksdagens"/><SP WIDTH="42" VPOS="2093" HPOS="839"/>
							<String ID="string_298" HPOS="881" VPOS="2093" WIDTH="182" HEIGHT="48" WC="0.92" CONTENT="pröfning"/><SP WIDTH="32" VPOS="2093" HPOS="1063"/>
							<String ID="string_299" HPOS="1095" VPOS="2097" WIDTH="96" HEIGHT="32" WC="0.96" CONTENT="samt"/><SP WIDTH="29" VPOS="2097" HPOS="1191"/>
							<String ID="string_300" HPOS="1220" VPOS="2092" WIDTH="64" HEIGHT="36" WC="0.96" CONTENT="det"/><SP WIDTH="26" VPOS="2092" HPOS="1284"/>
							<String ID="string_301" HPOS="1310" VPOS="2091" WIDTH="108" HEIGHT="37" WC="0.96" CONTENT="torde"/><SP WIDTH="28" VPOS="2091" HPOS="1418"/>
							<String ID="string_302" HPOS="1446" VPOS="2104" WIDTH="91" HEIGHT="23" WC="0.96" CONTENT="vara"/><SP WIDTH="29" VPOS="2104" HPOS="1537"/>
							<String ID="string_303" HPOS="1566" VPOS="2090" WIDTH="253" HEIGHT="49" WC="0.95" CONTENT="erforderligt,"/><SP WIDTH="30" VPOS="2090" HPOS="1819"/>
							<String ID="string_304" HPOS="1849" VPOS="2094" WIDTH="55" HEIGHT="32" WC="0.96" CONTENT="att"/><SP WIDTH="29" VPOS="2094" HPOS="1904"/>
							<String ID="string_305" HPOS="1933" VPOS="2102" WIDTH="46" HEIGHT="23" WC="0.95" CONTENT="en"/>
						</TextLine>
						<TextLine ID="line_35" HPOS="387" VPOS="2141" WIDTH="1592" HEIGHT="52">
							<String ID="string_306" HPOS="387" VPOS="2145" WIDTH="286" HEIGHT="48" WC="0.90" CONTENT="fullständigare"/><SP WIDTH="29" VPOS="2145" HPOS="673"/>
							<String ID="string_307" HPOS="702" VPOS="2145" WIDTH="204" HEIGHT="48" WC="0.96" CONTENT="utredning"/><SP WIDTH="28" VPOS="2145" HPOS="906"/>
							<String ID="string_308" HPOS="934" VPOS="2144" WIDTH="196" HEIGHT="49" WC="0.96" CONTENT="angående"/><SP WIDTH="29" VPOS="2144" HPOS="1130"/>
							<String ID="string_309" HPOS="1159" VPOS="2144" WIDTH="63" HEIGHT="36" WC="0.96" CONTENT="det"/><SP WIDTH="27" VPOS="2144" HPOS="1222"/>
							<String ID="string_310" HPOS="1249" VPOS="2143" WIDTH="57" HEIGHT="37" WC="0.93" CONTENT="till"/><SP WIDTH="20" VPOS="2143" HPOS="1306"/>
							<String ID="string_311" HPOS="1326" VPOS="2144" WIDTH="198" HEIGHT="48" WC="0.91" CONTENT="äfventyrs"/><SP WIDTH="24" VPOS="2144" HPOS="1524"/>
							<String ID="string_312" HPOS="1548" VPOS="2142" WIDTH="233" HEIGHT="49" WC="0.93" CONTENT="förefintliga"/><SP WIDTH="19" VPOS="2142" HPOS="1781"/>
							<String ID="string_313" HPOS="1800" VPOS="2141" WIDTH="179" HEIGHT="37" WC="0.92" CONTENT="behofvet"/>
						</TextLine>
						<TextLine ID="line_36" HPOS="388" VPOS="2193" WIDTH="1591" HEIGHT="54">
							<String ID="string_314" HPOS="388" VPOS="2199" WIDTH="41" HEIGHT="36" WC="0.96" CONTENT="af"/><SP WIDTH="25" VPOS="2199" HPOS="429"/>
							<String ID="string_315" HPOS="454" VPOS="2212" WIDTH="45" HEIGHT="23" WC="0.97" CONTENT="en"/><SP WIDTH="30" VPOS="2212" HPOS="499"/>
							<String ID="string_316" HPOS="529" VPOS="2197" WIDTH="145" HEIGHT="50" WC="0.95" CONTENT="ökning"/><SP WIDTH="26" VPOS="2197" HPOS="674"/>
							<String ID="string_317" HPOS="700" VPOS="2198" WIDTH="12" HEIGHT="36" WC="0.96" CONTENT="i"/><SP WIDTH="30" VPOS="2198" HPOS="712"/>
							<String ID="string_318" HPOS="742" VPOS="2197" WIDTH="111" HEIGHT="38" WC="0.96" CONTENT="dessa"/><SP WIDTH="41" VPOS="2197" HPOS="853"/>
							<String ID="string_319" HPOS="894" VPOS="2196" WIDTH="147" HEIGHT="37" WC="0.96" CONTENT="skolors"/><SP WIDTH="30" VPOS="2196" HPOS="1041"/>
							<String ID="string_320" HPOS="1071" VPOS="2196" WIDTH="102" HEIGHT="37" WC="0.96" CONTENT="antal"/><SP WIDTH="29" VPOS="2196" HPOS="1173"/>
							<String ID="string_321" HPOS="1202" VPOS="2196" WIDTH="92" HEIGHT="37" WC="0.96" CONTENT="eller"/><SP WIDTH="28" VPOS="2196" HPOS="1294"/>
							<String ID="string_322" HPOS="1322" VPOS="2196" WIDTH="40" HEIGHT="36" WC="0.95" CONTENT="af"/><SP WIDTH="25" VPOS="2196" HPOS="1362"/>
							<String ID="string_323" HPOS="1387" VPOS="2195" WIDTH="205" HEIGHT="49" WC="0.96" CONTENT="ändringar"/><SP WIDTH="28" VPOS="2195" HPOS="1592"/>
							<String ID="string_324" HPOS="1620" VPOS="2194" WIDTH="12" HEIGHT="37" WC="0.58" CONTENT="i"/><SP WIDTH="29" VPOS="2194" HPOS="1632"/>
							<String ID="string_325" HPOS="1661" VPOS="2194" WIDTH="108" HEIGHT="37" WC="0.93" CONTENT="deras"/><SP WIDTH="41" VPOS="2194" HPOS="1769"/>
							<String ID="string_326" HPOS="1810" VPOS="2193" WIDTH="169" HEIGHT="49" WC="0.92" CONTENT="förlägg-"/>
						</TextLine>
						<TextLine ID="line_37" HPOS="387" VPOS="2246" WIDTH="1591" HEIGHT="52">
							<String ID="string_327" HPOS="387" VPOS="2251" WIDTH="105" HEIGHT="47" WC="0.95" CONTENT="ning,"/><SP WIDTH="29" VPOS="2251" HPOS="492"/>
							<String ID="string_328" HPOS="521" VPOS="2255" WIDTH="47" HEIGHT="31" WC="0.96" CONTENT="än"/><SP WIDTH="30" VPOS="2255" HPOS="568"/>
							<String ID="string_329" HPOS="598" VPOS="2263" WIDTH="81" HEIGHT="23" WC="0.96" CONTENT="som"/><SP WIDTH="29" VPOS="2263" HPOS="679"/>
							<String ID="string_330" HPOS="708" VPOS="2263" WIDTH="49" HEIGHT="23" WC="0.95" CONTENT="nu"/><SP WIDTH="29" VPOS="2263" HPOS="757"/>
							<String ID="string_331" HPOS="786" VPOS="2249" WIDTH="144" HEIGHT="37" WC="0.96" CONTENT="kunnat"/><SP WIDTH="28" VPOS="2249" HPOS="930"/>
							<String ID="string_332" HPOS="958" VPOS="2248" WIDTH="294" HEIGHT="47" WC="0.95" CONTENT="åstadkommas,"/><SP WIDTH="29" VPOS="2248" HPOS="1252"/>
							<String ID="string_333" HPOS="1281" VPOS="2251" WIDTH="115" HEIGHT="34" WC="0.93" CONTENT="måtte"/><SP WIDTH="29" VPOS="2251" HPOS="1396"/>
							<String ID="string_334" HPOS="1425" VPOS="2261" WIDTH="72" HEIGHT="35" WC="0.92" CONTENT="ega"/><SP WIDTH="22" VPOS="2261" HPOS="1497"/>
							<String ID="string_335" HPOS="1519" VPOS="2261" WIDTH="94" HEIGHT="33" WC="0.94" CONTENT="rum,"/><SP WIDTH="19" VPOS="2261" HPOS="1613"/>
							<String ID="string_336" HPOS="1632" VPOS="2247" WIDTH="116" HEIGHT="36" WC="0.91" CONTENT="innan"/><SP WIDTH="26" VPOS="2247" HPOS="1748"/>
							<String ID="string_337" HPOS="1774" VPOS="2246" WIDTH="125" HEIGHT="36" WC="0.96" CONTENT="beslut"/><SP WIDTH="20" VPOS="2246" HPOS="1899"/>
							<String ID="string_338" HPOS="1919" VPOS="2258" WIDTH="59" HEIGHT="23" WC="0.96" CONTENT="om"/>
						</TextLine>
						<TextLine ID="line_38" HPOS="388" VPOS="2297" WIDTH="1591" HEIGHT="53">
							<String ID="string_339" HPOS="388" VPOS="2316" WIDTH="48" HEIGHT="23" WC="0.96" CONTENT="en"/><SP WIDTH="27" VPOS="2316" HPOS="436"/>
							<String ID="string_340" HPOS="463" VPOS="2316" WIDTH="51" HEIGHT="34" WC="0.96" CONTENT="ny"/><SP WIDTH="29" VPOS="2316" HPOS="514"/>
							<String ID="string_341" HPOS="543" VPOS="2302" WIDTH="127" HEIGHT="37" WC="0.96" CONTENT="skolas"/><SP WIDTH="27" VPOS="2302" HPOS="670"/>
							<String ID="string_342" HPOS="697" VPOS="2301" WIDTH="214" HEIGHT="37" WC="0.96" CONTENT="inrättande"/><SP WIDTH="29" VPOS="2301" HPOS="911"/>
							<String ID="string_343" HPOS="940" VPOS="2304" WIDTH="60" HEIGHT="33" WC="0.95" CONTENT="må"/><SP WIDTH="28" VPOS="2304" HPOS="1000"/>
							<String ID="string_344" HPOS="1028" VPOS="2301" WIDTH="127" HEIGHT="36" WC="0.96" CONTENT="kunna"/><SP WIDTH="28" VPOS="2301" HPOS="1155"/>
							<String ID="string_345" HPOS="1183" VPOS="2300" WIDTH="127" HEIGHT="48" WC="0.96" CONTENT="fattas,"/><SP WIDTH="43" VPOS="2300" HPOS="1310"/>
							<String ID="string_346" HPOS="1353" VPOS="2300" WIDTH="76" HEIGHT="36" WC="0.96" CONTENT="kan"/><SP WIDTH="31" VPOS="2300" HPOS="1429"/>
							<String ID="string_347" HPOS="1460" VPOS="2299" WIDTH="187" HEIGHT="38" WC="0.95" CONTENT="utskottet"/><SP WIDTH="32" VPOS="2299" HPOS="1647"/>
							<String ID="string_348" HPOS="1679" VPOS="2299" WIDTH="82" HEIGHT="37" WC="0.96" CONTENT="icke"/><SP WIDTH="29" VPOS="2299" HPOS="1761"/>
							<String ID="string_349" HPOS="1790" VPOS="2297" WIDTH="189" HEIGHT="50" WC="0.96" CONTENT="tillstyrka"/>
						</TextLine>
						<TextLine ID="line_39" HPOS="387" VPOS="2352" WIDTH="553" HEIGHT="51">
							<String ID="string_350" HPOS="387" VPOS="2368" WIDTH="50" HEIGHT="23" WC="0.94" CONTENT="nu"/><SP WIDTH="42" VPOS="2368" HPOS="437"/>
							<String ID="string_351" HPOS="479" VPOS="2353" WIDTH="265" HEIGHT="50" WC="0.94" CONTENT="föreliggande"/><SP WIDTH="41" VPOS="2353" HPOS="744"/>
							<String ID="string_352" HPOS="785" VPOS="2352" WIDTH="155" HEIGHT="50" WC="0.95" CONTENT="förslag."/>
						</TextLine>
					</TextBlock>
				</ComposedBlock>
			</PrintSpace>
		</Page>
	</Layout>
</alto>
