<?xml version="1.0" encoding="UTF-8"?>
<alto xmlns="http://www.loc.gov/standards/alto/ns-v3#" xmlns:xlink="http://www.w3.org/1999/xlink" xmlns:xsi="http://www.w3.org/2001/XMLSchema-instance" xsi:schemaLocation="http://www.loc.gov/standards/alto/ns-v3# http://www.loc.gov/alto/v3/alto-3-0.xsd">
	<Description>
		<MeasurementUnit>pixel</MeasurementUnit>
		<sourceImageInformation>
			<fileName>/tmp/tess_rv2_fmkd_input.PNG</fileName>
		</sourceImageInformation>
		<OCRProcessing ID="OCR_0">
			<ocrProcessingStep>
				<processingSoftware>
					<softwareName>tesseract 5.3.0</softwareName>
				</processingSoftware>
			</ocrProcessingStep>
		</OCRProcessing>
	</Description>
	<Layout>
		<Page WIDTH="2199" HEIGHT="2678" PHYSICAL_IMG_NR="0" ID="page_0">
			<PrintSpace HPOS="0" VPOS="0" WIDTH="2199" HEIGHT="2678">
				<ComposedBlock ID="cblock_0" HPOS="440" VPOS="235" WIDTH="1059" HEIGHT="38">
					<TextBlock ID="block_0" HPOS="440" VPOS="235" WIDTH="1059" HEIGHT="38">
						<TextLine ID="line_0" HPOS="440" VPOS="235" WIDTH="1059" HEIGHT="38">
							<String ID="string_0" HPOS="440" VPOS="243" WIDTH="58" HEIGHT="30" WC="0.95" CONTENT="146"/><SP WIDTH="392" VPOS="243" HPOS="498"/>
							<String ID="string_1" HPOS="890" VPOS="237" WIDTH="264" HEIGHT="33" WC="0.87" CONTENT="Statsutskottets"/><SP WIDTH="30" VPOS="237" HPOS="1154"/>
							<String ID="string_2" HPOS="1184" VPOS="236" WIDTH="175" HEIGHT="33" WC="0.96" CONTENT="Utlåtande"/><SP WIDTH="23" VPOS="236" HPOS="1359"/>
							<String ID="string_3" HPOS="1382" VPOS="235" WIDTH="64" HEIGHT="34" WC="0.96" CONTENT="N:o"/><SP WIDTH="26" VPOS="235" HPOS="1446"/>
							<String ID="string_4" HPOS="1472" VPOS="238" WIDTH="27" HEIGHT="29" WC="0.87" CONTENT="6."/>
						</TextLine>
					</TextBlock>
				</ComposedBlock>
				<ComposedBlock ID="cblock_1" HPOS="396" VPOS="322" WIDTH="1601" HEIGHT="581">
					<TextBlock ID="block_1" HPOS="396" VPOS="322" WIDTH="1595" HEIGHT="159">
						<TextLine ID="line_1" HPOS="396" VPOS="322" WIDTH="1595" HEIGHT="57">
							<String ID="string_5" HPOS="396" VPOS="329" WIDTH="250" HEIGHT="50" WC="0.96" CONTENT="hvarigenom"/><SP WIDTH="30" VPOS="329" HPOS="646"/>
							<String ID="string_6" HPOS="676" VPOS="327" WIDTH="284" HEIGHT="50" WC="0.96" CONTENT="sammanlagda"/><SP WIDTH="27" VPOS="327" HPOS="960"/>
							<String ID="string_7" HPOS="987" VPOS="326" WIDTH="213" HEIGHT="38" WC="0.95" CONTENT="kostnaden"/><SP WIDTH="30" VPOS="326" HPOS="1200"/>
							<String ID="string_8" HPOS="1230" VPOS="325" WIDTH="121" HEIGHT="37" WC="0.96" CONTENT="skulle"/><SP WIDTH="28" VPOS="325" HPOS="1351"/>
							<String ID="string_9" HPOS="1379" VPOS="327" WIDTH="131" HEIGHT="48" WC="0.96" CONTENT="uppgå"/><SP WIDTH="27" VPOS="327" HPOS="1510"/>
							<String ID="string_10" HPOS="1537" VPOS="323" WIDTH="58" HEIGHT="38" WC="0.92" CONTENT="till"/><SP WIDTH="22" VPOS="323" HPOS="1595"/>
							<String ID="string_11" HPOS="1617" VPOS="324" WIDTH="203" HEIGHT="47" WC="0.62" CONTENT="1,277,000"/><SP WIDTH="20" VPOS="324" HPOS="1820"/>
							<String ID="string_12" HPOS="1840" VPOS="322" WIDTH="151" HEIGHT="47" WC="0.95" CONTENT="kronor,"/>
						</TextLine>
						<TextLine ID="line_2" HPOS="398" VPOS="376" WIDTH="1593" HEIGHT="52">
							<String ID="string_13" HPOS="398" VPOS="383" WIDTH="91" HEIGHT="37" WC="0.96" CONTENT="eller"/><SP WIDTH="28" VPOS="383" HPOS="489"/>
							<String ID="string_14" HPOS="517" VPOS="382" WIDTH="56" HEIGHT="37" WC="0.95" CONTENT="till"/><SP WIDTH="19" VPOS="382" HPOS="573"/>
							<String ID="string_15" HPOS="592" VPOS="383" WIDTH="12" HEIGHT="36" WC="0.95" CONTENT="i"/><SP WIDTH="20" VPOS="383" HPOS="604"/>
							<String ID="string_16" HPOS="624" VPOS="382" WIDTH="113" HEIGHT="37" WC="0.96" CONTENT="rundt"/><SP WIDTH="27" VPOS="382" HPOS="737"/>
							<String ID="string_17" HPOS="764" VPOS="381" WIDTH="53" HEIGHT="37" WC="0.93" CONTENT="tal"/><SP WIDTH="29" VPOS="381" HPOS="817"/>
							<String ID="string_18" HPOS="846" VPOS="382" WIDTH="164" HEIGHT="46" WC="0.90" CONTENT="225,000"/><SP WIDTH="29" VPOS="382" HPOS="1010"/>
							<String ID="string_19" HPOS="1039" VPOS="379" WIDTH="140" HEIGHT="37" WC="0.96" CONTENT="kronor"/><SP WIDTH="30" VPOS="379" HPOS="1179"/>
							<String ID="string_20" HPOS="1209" VPOS="392" WIDTH="101" HEIGHT="24" WC="0.96" CONTENT="mera"/><SP WIDTH="28" VPOS="392" HPOS="1310"/>
							<String ID="string_21" HPOS="1338" VPOS="383" WIDTH="46" HEIGHT="31" WC="0.96" CONTENT="än"/><SP WIDTH="31" VPOS="383" HPOS="1384"/>
							<String ID="string_22" HPOS="1415" VPOS="378" WIDTH="120" HEIGHT="48" WC="0.96" CONTENT="enligt"/><SP WIDTH="20" VPOS="378" HPOS="1535"/>
							<String ID="string_23" HPOS="1555" VPOS="376" WIDTH="46" HEIGHT="38" WC="0.96" CONTENT="de"/><SP WIDTH="20" VPOS="376" HPOS="1601"/>
							<String ID="string_24" HPOS="1621" VPOS="376" WIDTH="270" HEIGHT="49" WC="0.95" CONTENT="beräkningar,"/><SP WIDTH="22" VPOS="376" HPOS="1891"/>
							<String ID="string_25" HPOS="1913" VPOS="389" WIDTH="78" HEIGHT="23" WC="0.96" CONTENT="som"/>
						</TextLine>
						<TextLine ID="line_3" HPOS="401" VPOS="432" WIDTH="713" HEIGHT="49">
							<String ID="string_26" HPOS="401" VPOS="435" WIDTH="202" HEIGHT="38" WC="0.96" CONTENT="framlades"/><SP WIDTH="28" VPOS="435" HPOS="603"/>
							<String ID="string_27" HPOS="631" VPOS="435" WIDTH="60" HEIGHT="37" WC="0.96" CONTENT="för"/><SP WIDTH="31" VPOS="435" HPOS="691"/>
							<String ID="string_28" HPOS="722" VPOS="435" WIDTH="96" HEIGHT="36" WC="0.96" CONTENT="1901"/><SP WIDTH="31" VPOS="435" HPOS="818"/>
							<String ID="string_29" HPOS="849" VPOS="437" WIDTH="59" HEIGHT="34" WC="0.96" CONTENT="års"/><SP WIDTH="28" VPOS="437" HPOS="908"/>
							<String ID="string_30" HPOS="936" VPOS="432" WIDTH="178" HEIGHT="49" WC="0.96" CONTENT="Riksdag."/>
						</TextLine>
					</TextBlock>
					<TextBlock ID="block_2" HPOS="396" VPOS="480" WIDTH="1601" HEIGHT="423">
						<TextLine ID="line_4" HPOS="500" VPOS="480" WIDTH="1494" HEIGHT="53">
							<String ID="string_31" HPOS="500" VPOS="488" WIDTH="241" HEIGHT="37" WC="0.96" CONTENT="Beträffande"/><SP WIDTH="42" VPOS="488" HPOS="741"/>
							<String ID="string_32" HPOS="783" VPOS="491" WIDTH="115" HEIGHT="33" WC="0.96" CONTENT="sättet"/><SP WIDTH="36" VPOS="491" HPOS="898"/>
							<String ID="string_33" HPOS="934" VPOS="491" WIDTH="55" HEIGHT="32" WC="0.96" CONTENT="att"/><SP WIDTH="36" VPOS="491" HPOS="989"/>
							<String ID="string_34" HPOS="1025" VPOS="486" WIDTH="109" HEIGHT="36" WC="0.96" CONTENT="täcka"/><SP WIDTH="29" VPOS="486" HPOS="1134"/>
							<String ID="string_35" HPOS="1163" VPOS="485" WIDTH="111" HEIGHT="36" WC="0.96" CONTENT="dessa"/><SP WIDTH="28" VPOS="485" HPOS="1274"/>
							<String ID="string_36" HPOS="1302" VPOS="484" WIDTH="159" HEIGHT="49" WC="0.95" CONTENT="utgifter"/><SP WIDTH="28" VPOS="484" HPOS="1461"/>
							<String ID="string_37" HPOS="1489" VPOS="482" WIDTH="68" HEIGHT="37" WC="0.93" CONTENT="har"/><SP WIDTH="28" VPOS="482" HPOS="1557"/>
							<String ID="string_38" HPOS="1585" VPOS="480" WIDTH="409" HEIGHT="49" WC="0.91" CONTENT="marinförvaltningen"/>
						</TextLine>
						<TextLine ID="line_5" HPOS="396" VPOS="533" WIDTH="1599" HEIGHT="58">
							<String ID="string_39" HPOS="396" VPOS="541" WIDTH="209" HEIGHT="50" WC="0.96" CONTENT="föreslagit,"/><SP WIDTH="31" VPOS="541" HPOS="605"/>
							<String ID="string_40" HPOS="636" VPOS="540" WIDTH="79" HEIGHT="38" WC="0.96" CONTENT="dels"/><SP WIDTH="33" VPOS="540" HPOS="715"/>
							<String ID="string_41" HPOS="748" VPOS="545" WIDTH="55" HEIGHT="32" WC="0.96" CONTENT="att"/><SP WIDTH="26" VPOS="545" HPOS="803"/>
							<String ID="string_42" HPOS="829" VPOS="539" WIDTH="235" HEIGHT="50" WC="0.96" CONTENT="proposition"/><SP WIDTH="30" VPOS="539" HPOS="1064"/>
							<String ID="string_43" HPOS="1094" VPOS="541" WIDTH="114" HEIGHT="33" WC="0.93" CONTENT="måtte"/><SP WIDTH="30" VPOS="541" HPOS="1208"/>
							<String ID="string_44" HPOS="1238" VPOS="537" WIDTH="129" HEIGHT="37" WC="0.92" CONTENT="aflåtas"/><SP WIDTH="28" VPOS="537" HPOS="1367"/>
							<String ID="string_45" HPOS="1395" VPOS="535" WIDTH="57" HEIGHT="37" WC="0.96" CONTENT="till"/><SP WIDTH="28" VPOS="535" HPOS="1452"/>
							<String ID="string_46" HPOS="1480" VPOS="534" WIDTH="315" HEIGHT="38" WC="0.96" CONTENT="nästkommande"/><SP WIDTH="29" VPOS="534" HPOS="1795"/>
							<String ID="string_47" HPOS="1824" VPOS="533" WIDTH="171" HEIGHT="49" WC="0.94" CONTENT="Riksdag"/>
						</TextLine>
						<TextLine ID="line_6" HPOS="398" VPOS="586" WIDTH="1597" HEIGHT="57">
							<String ID="string_48" HPOS="398" VPOS="595" WIDTH="144" HEIGHT="47" WC="0.95" CONTENT="derom,"/><SP WIDTH="26" VPOS="595" HPOS="542"/>
							<String ID="string_49" HPOS="568" VPOS="599" WIDTH="55" HEIGHT="32" WC="0.96" CONTENT="att"/><SP WIDTH="17" VPOS="599" HPOS="623"/>
							<String ID="string_50" HPOS="640" VPOS="593" WIDTH="299" HEIGHT="50" WC="0.93" CONTENT="besparingarna"/><SP WIDTH="20" VPOS="593" HPOS="939"/>
							<String ID="string_51" HPOS="959" VPOS="595" WIDTH="20" HEIGHT="33" WC="0.92" CONTENT="å"/><SP WIDTH="18" VPOS="595" HPOS="979"/>
							<String ID="string_52" HPOS="997" VPOS="589" WIDTH="429" HEIGHT="50" WC="0.91" CONTENT="reservationsanslaget"/><SP WIDTH="18" VPOS="589" HPOS="1426"/>
							<String ID="string_53" HPOS="1444" VPOS="588" WIDTH="58" HEIGHT="37" WC="0.96" CONTENT="till"/><SP WIDTH="19" VPOS="588" HPOS="1502"/>
							<String ID="string_54" HPOS="1521" VPOS="587" WIDTH="229" HEIGHT="38" WC="0.96" CONTENT="Carlskrona"/><SP WIDTH="19" VPOS="587" HPOS="1750"/>
							<String ID="string_55" HPOS="1769" VPOS="586" WIDTH="226" HEIGHT="38" WC="0.96" CONTENT="artillerikår"/>
						</TextLine>
						<TextLine ID="line_7" HPOS="398" VPOS="638" WIDTH="1598" HEIGHT="53">
							<String ID="string_56" HPOS="398" VPOS="651" WIDTH="118" HEIGHT="33" WC="0.96" CONTENT="måtte"/><SP WIDTH="42" VPOS="651" HPOS="516"/>
							<String ID="string_57" HPOS="558" VPOS="647" WIDTH="38" HEIGHT="37" WC="0.96" CONTENT="få"/><SP WIDTH="41" VPOS="647" HPOS="596"/>
							<String ID="string_58" HPOS="637" VPOS="646" WIDTH="193" HEIGHT="37" WC="0.96" CONTENT="användas"/><SP WIDTH="38" VPOS="646" HPOS="830"/>
							<String ID="string_59" HPOS="868" VPOS="646" WIDTH="60" HEIGHT="37" WC="0.96" CONTENT="för"/><SP WIDTH="33" VPOS="646" HPOS="928"/>
							<String ID="string_60" HPOS="961" VPOS="643" WIDTH="306" HEIGHT="38" WC="0.93" CONTENT="kustartilleriets"/><SP WIDTH="27" VPOS="643" HPOS="1267"/>
							<String ID="string_61" HPOS="1294" VPOS="642" WIDTH="128" HEIGHT="49" WC="0.92" CONTENT="behof,"/><SP WIDTH="31" VPOS="642" HPOS="1422"/>
							<String ID="string_62" HPOS="1453" VPOS="642" WIDTH="80" HEIGHT="36" WC="0.96" CONTENT="dels"/><SP WIDTH="31" VPOS="642" HPOS="1533"/>
							<String ID="string_63" HPOS="1564" VPOS="641" WIDTH="70" HEIGHT="37" WC="0.96" CONTENT="ock"/><SP WIDTH="30" VPOS="641" HPOS="1634"/>
							<String ID="string_64" HPOS="1664" VPOS="644" WIDTH="55" HEIGHT="33" WC="0.92" CONTENT="att"/><SP WIDTH="28" VPOS="644" HPOS="1719"/>
							<String ID="string_65" HPOS="1747" VPOS="638" WIDTH="249" HEIGHT="38" WC="0.92" CONTENT="omförmälda"/>
						</TextLine>
						<TextLine ID="line_8" HPOS="399" VPOS="692" WIDTH="1597" HEIGHT="54">
							<String ID="string_66" HPOS="399" VPOS="700" WIDTH="95" HEIGHT="35" WC="0.94" CONTENT="brist"/><SP WIDTH="40" VPOS="700" HPOS="494"/>
							<String ID="string_67" HPOS="534" VPOS="699" WIDTH="9" HEIGHT="35" WC="0.96" CONTENT="i"/><SP WIDTH="44" VPOS="699" HPOS="543"/>
							<String ID="string_68" HPOS="587" VPOS="699" WIDTH="117" HEIGHT="47" WC="0.95" CONTENT="öfrigt"/><SP WIDTH="40" VPOS="699" HPOS="704"/>
							<String ID="string_69" HPOS="744" VPOS="701" WIDTH="115" HEIGHT="32" WC="0.96" CONTENT="måtte"/><SP WIDTH="41" VPOS="701" HPOS="859"/>
							<String ID="string_70" HPOS="900" VPOS="698" WIDTH="37" HEIGHT="35" WC="0.93" CONTENT="få"/><SP WIDTH="35" VPOS="698" HPOS="937"/>
							<String ID="string_71" HPOS="972" VPOS="697" WIDTH="181" HEIGHT="35" WC="0.91" CONTENT="betäckas"/><SP WIDTH="37" VPOS="697" HPOS="1153"/>
							<String ID="string_72" HPOS="1190" VPOS="696" WIDTH="41" HEIGHT="36" WC="0.96" CONTENT="af"/><SP WIDTH="25" VPOS="696" HPOS="1231"/>
							<String ID="string_73" HPOS="1256" VPOS="695" WIDTH="260" HEIGHT="48" WC="0.96" CONTENT="besparingar,"/><SP WIDTH="31" VPOS="695" HPOS="1516"/>
							<String ID="string_74" HPOS="1547" VPOS="707" WIDTH="80" HEIGHT="22" WC="0.96" CONTENT="som"/><SP WIDTH="28" VPOS="707" HPOS="1627"/>
							<String ID="string_75" HPOS="1655" VPOS="693" WIDTH="120" HEIGHT="36" WC="0.96" CONTENT="under"/><SP WIDTH="27" VPOS="693" HPOS="1775"/>
							<String ID="string_76" HPOS="1802" VPOS="692" WIDTH="106" HEIGHT="36" WC="0.96" CONTENT="tiden"/><SP WIDTH="28" VPOS="692" HPOS="1908"/>
							<String ID="string_77" HPOS="1936" VPOS="692" WIDTH="60" HEIGHT="35" WC="0.96" CONTENT="för"/>
						</TextLine>
						<TextLine ID="line_9" HPOS="399" VPOS="743" WIDTH="1597" HEIGHT="56">
							<String ID="string_78" HPOS="399" VPOS="749" WIDTH="305" HEIGHT="39" WC="0.96" CONTENT="kustartilleriets"/><SP WIDTH="29" VPOS="749" HPOS="704"/>
							<String ID="string_79" HPOS="733" VPOS="749" WIDTH="254" HEIGHT="50" WC="0.93" CONTENT="uppsättning"/><SP WIDTH="27" VPOS="749" HPOS="987"/>
							<String ID="string_80" HPOS="1014" VPOS="747" WIDTH="230" HEIGHT="51" WC="0.91" CONTENT="uppkomme"/><SP WIDTH="29" VPOS="747" HPOS="1244"/>
							<String ID="string_81" HPOS="1273" VPOS="750" WIDTH="20" HEIGHT="33" WC="0.91" CONTENT="å"/><SP WIDTH="29" VPOS="750" HPOS="1293"/>
							<String ID="string_82" HPOS="1322" VPOS="746" WIDTH="175" HEIGHT="48" WC="0.96" CONTENT="anslaget"/><SP WIDTH="26" VPOS="746" HPOS="1497"/>
							<String ID="string_83" HPOS="1523" VPOS="745" WIDTH="57" HEIGHT="35" WC="0.93" CONTENT="till"/><SP WIDTH="28" VPOS="745" HPOS="1580"/>
							<String ID="string_84" HPOS="1608" VPOS="744" WIDTH="169" HEIGHT="48" WC="0.47" CONTENT="alöning"/><SP WIDTH="29" VPOS="744" HPOS="1777"/>
							<String ID="string_85" HPOS="1806" VPOS="743" WIDTH="60" HEIGHT="36" WC="0.91" CONTENT="för"/><SP WIDTH="28" VPOS="743" HPOS="1866"/>
							<String ID="string_86" HPOS="1894" VPOS="743" WIDTH="102" HEIGHT="35" WC="0.91" CONTENT="kust-"/>
						</TextLine>
						<TextLine ID="line_10" HPOS="400" VPOS="795" WIDTH="1597" HEIGHT="57">
							<String ID="string_87" HPOS="400" VPOS="803" WIDTH="216" HEIGHT="37" WC="0.91" CONTENT="artilleriets"/><SP WIDTH="28" VPOS="803" HPOS="616"/>
							<String ID="string_88" HPOS="644" VPOS="802" WIDTH="190" HEIGHT="50" WC="0.96" CONTENT="personal;"/><SP WIDTH="31" VPOS="802" HPOS="834"/>
							<String ID="string_89" HPOS="865" VPOS="802" WIDTH="70" HEIGHT="37" WC="0.96" CONTENT="och"/><SP WIDTH="28" VPOS="802" HPOS="935"/>
							<String ID="string_90" HPOS="963" VPOS="802" WIDTH="68" HEIGHT="36" WC="0.96" CONTENT="har"/><SP WIDTH="23" VPOS="802" HPOS="1031"/>
							<String ID="string_91" HPOS="1054" VPOS="801" WIDTH="69" HEIGHT="47" WC="0.96" CONTENT="jag"/><SP WIDTH="27" VPOS="801" HPOS="1123"/>
							<String ID="string_92" HPOS="1150" VPOS="800" WIDTH="116" HEIGHT="36" WC="0.96" CONTENT="redan"/><SP WIDTH="29" VPOS="800" HPOS="1266"/>
							<String ID="string_93" HPOS="1295" VPOS="799" WIDTH="12" HEIGHT="36" WC="0.96" CONTENT="i"/><SP WIDTH="30" VPOS="799" HPOS="1307"/>
							<String ID="string_94" HPOS="1337" VPOS="799" WIDTH="64" HEIGHT="36" WC="0.96" CONTENT="det"/><SP WIDTH="28" VPOS="799" HPOS="1401"/>
							<String ID="string_95" HPOS="1429" VPOS="797" WIDTH="232" HEIGHT="50" WC="0.96" CONTENT="föregående"/><SP WIDTH="25" VPOS="797" HPOS="1661"/>
							<String ID="string_96" HPOS="1686" VPOS="797" WIDTH="119" HEIGHT="36" WC="0.95" CONTENT="under"/><SP WIDTH="19" VPOS="797" HPOS="1805"/>
							<String ID="string_97" HPOS="1824" VPOS="795" WIDTH="173" HEIGHT="50" WC="0.95" CONTENT="punkten"/>
						</TextLine>
						<TextLine ID="line_11" HPOS="402" VPOS="848" WIDTH="1481" HEIGHT="55">
							<String ID="string_98" HPOS="402" VPOS="857" WIDTH="80" HEIGHT="46" WC="0.96" CONTENT="[11]"/><SP WIDTH="30" VPOS="857" HPOS="482"/>
							<String ID="string_99" HPOS="512" VPOS="855" WIDTH="133" HEIGHT="37" WC="0.96" CONTENT="uttalat"/><SP WIDTH="27" VPOS="855" HPOS="645"/>
							<String ID="string_100" HPOS="672" VPOS="855" WIDTH="77" HEIGHT="36" WC="0.96" CONTENT="min"/><SP WIDTH="28" VPOS="855" HPOS="749"/>
							<String ID="string_101" HPOS="777" VPOS="854" WIDTH="221" HEIGHT="48" WC="0.96" CONTENT="anslutning"/><SP WIDTH="27" VPOS="854" HPOS="998"/>
							<String ID="string_102" HPOS="1025" VPOS="852" WIDTH="57" HEIGHT="37" WC="0.96" CONTENT="till"/><SP WIDTH="29" VPOS="852" HPOS="1082"/>
							<String ID="string_103" HPOS="1111" VPOS="852" WIDTH="100" HEIGHT="36" WC="0.96" CONTENT="hvad"/><SP WIDTH="28" VPOS="852" HPOS="1211"/>
							<String ID="string_104" HPOS="1239" VPOS="852" WIDTH="12" HEIGHT="35" WC="0.96" CONTENT="i"/><SP WIDTH="29" VPOS="852" HPOS="1251"/>
							<String ID="string_105" HPOS="1280" VPOS="851" WIDTH="134" HEIGHT="37" WC="0.95" CONTENT="sådant"/><SP WIDTH="28" VPOS="851" HPOS="1414"/>
							<String ID="string_106" HPOS="1442" VPOS="850" WIDTH="179" HEIGHT="37" WC="0.96" CONTENT="afseende"/><SP WIDTH="29" VPOS="850" HPOS="1621"/>
							<String ID="string_107" HPOS="1650" VPOS="848" WIDTH="233" HEIGHT="49" WC="0.96" CONTENT="föreslagits."/>
						</TextLine>
					</TextBlock>
				</ComposedBlock>
				<ComposedBlock ID="cblock_2" HPOS="403" VPOS="953" WIDTH="1602" HEIGHT="943">
					<TextBlock ID="block_3" HPOS="403" VPOS="953" WIDTH="1600" HEIGHT="369">
						<TextLine ID="line_12" HPOS="506" VPOS="953" WIDTH="1491" HEIGHT="56">
							<String ID="string_108" HPOS="506" VPOS="960" WIDTH="57" HEIGHT="36" WC="0.95" CONTENT="Då"/><SP WIDTH="36" VPOS="960" HPOS="563"/>
							<String ID="string_109" HPOS="599" VPOS="960" WIDTH="70" HEIGHT="49" WC="0.95" CONTENT="jag"/><SP WIDTH="42" VPOS="960" HPOS="669"/>
							<String ID="string_110" HPOS="711" VPOS="959" WIDTH="59" HEIGHT="36" WC="0.95" CONTENT="för"/><SP WIDTH="41" VPOS="959" HPOS="770"/>
							<String ID="string_111" HPOS="811" VPOS="959" WIDTH="77" HEIGHT="36" WC="0.96" CONTENT="min"/><SP WIDTH="29" VPOS="959" HPOS="888"/>
							<String ID="string_112" HPOS="917" VPOS="957" WIDTH="60" HEIGHT="38" WC="0.96" CONTENT="del"/><SP WIDTH="28" VPOS="957" HPOS="977"/>
							<String ID="string_113" HPOS="1005" VPOS="958" WIDTH="122" HEIGHT="36" WC="0.96" CONTENT="finner"/><SP WIDTH="28" VPOS="958" HPOS="1127"/>
							<String ID="string_114" HPOS="1155" VPOS="957" WIDTH="45" HEIGHT="36" WC="0.96" CONTENT="de"/><SP WIDTH="29" VPOS="957" HPOS="1200"/>
							<String ID="string_115" HPOS="1229" VPOS="955" WIDTH="219" HEIGHT="49" WC="0.96" CONTENT="föreslagna"/><SP WIDTH="29" VPOS="955" HPOS="1448"/>
							<String ID="string_116" HPOS="1477" VPOS="954" WIDTH="257" HEIGHT="48" WC="0.95" CONTENT="ändringarna"/><SP WIDTH="28" VPOS="954" HPOS="1734"/>
							<String ID="string_117" HPOS="1762" VPOS="953" WIDTH="10" HEIGHT="35" WC="0.93" CONTENT="i"/><SP WIDTH="28" VPOS="953" HPOS="1772"/>
							<String ID="string_118" HPOS="1800" VPOS="953" WIDTH="109" HEIGHT="47" WC="0.96" CONTENT="fråga"/><SP WIDTH="28" VPOS="953" HPOS="1909"/>
							<String ID="string_119" HPOS="1937" VPOS="965" WIDTH="60" HEIGHT="22" WC="0.96" CONTENT="om"/>
						</TextLine>
						<TextLine ID="line_13" HPOS="403" VPOS="1004" WIDTH="1595" HEIGHT="54">
							<String ID="string_120" HPOS="403" VPOS="1012" WIDTH="263" HEIGHT="38" WC="0.90" CONTENT="anordnandet"/><SP WIDTH="27" VPOS="1012" HPOS="666"/>
							<String ID="string_121" HPOS="693" VPOS="1011" WIDTH="41" HEIGHT="37" WC="0.96" CONTENT="af"/><SP WIDTH="25" VPOS="1011" HPOS="734"/>
							<String ID="string_122" HPOS="759" VPOS="1010" WIDTH="303" HEIGHT="38" WC="0.93" CONTENT="kustartilleriets"/><SP WIDTH="29" VPOS="1010" HPOS="1062"/>
							<String ID="string_123" HPOS="1091" VPOS="1008" WIDTH="248" HEIGHT="50" WC="0.96" CONTENT="förläggning"/><SP WIDTH="27" VPOS="1008" HPOS="1339"/>
							<String ID="string_124" HPOS="1366" VPOS="1007" WIDTH="181" HEIGHT="50" WC="0.96" CONTENT="lämpliga"/><SP WIDTH="29" VPOS="1007" HPOS="1547"/>
							<String ID="string_125" HPOS="1576" VPOS="1006" WIDTH="69" HEIGHT="37" WC="0.96" CONTENT="och"/><SP WIDTH="30" VPOS="1006" HPOS="1645"/>
							<String ID="string_126" HPOS="1675" VPOS="1004" WIDTH="323" HEIGHT="48" WC="0.96" CONTENT="ändamålsenliga"/>
						</TextLine>
						<TextLine ID="line_14" HPOS="403" VPOS="1056" WIDTH="1596" HEIGHT="57">
							<String ID="string_127" HPOS="403" VPOS="1066" WIDTH="73" HEIGHT="36" WC="0.96" CONTENT="och"/><SP WIDTH="29" VPOS="1066" HPOS="476"/>
							<String ID="string_128" HPOS="505" VPOS="1065" WIDTH="46" HEIGHT="36" WC="0.96" CONTENT="då"/><SP WIDTH="29" VPOS="1065" HPOS="551"/>
							<String ID="string_129" HPOS="580" VPOS="1065" WIDTH="72" HEIGHT="36" WC="0.95" CONTENT="den"/><SP WIDTH="29" VPOS="1065" HPOS="652"/>
							<String ID="string_130" HPOS="681" VPOS="1064" WIDTH="218" HEIGHT="49" WC="0.96" CONTENT="föreslagna"/><SP WIDTH="28" VPOS="1064" HPOS="899"/>
							<String ID="string_131" HPOS="927" VPOS="1062" WIDTH="277" HEIGHT="49" WC="0.96" CONTENT="förändringen"/><SP WIDTH="34" VPOS="1062" HPOS="1204"/>
							<String ID="string_132" HPOS="1238" VPOS="1060" WIDTH="231" HEIGHT="38" WC="0.93" CONTENT="beträffande"/><SP WIDTH="43" VPOS="1060" HPOS="1469"/>
							<String ID="string_133" HPOS="1512" VPOS="1058" WIDTH="298" HEIGHT="50" WC="0.91" CONTENT="förläggningen"/><SP WIDTH="28" VPOS="1058" HPOS="1810"/>
							<String ID="string_134" HPOS="1838" VPOS="1057" WIDTH="12" HEIGHT="36" WC="0.80" CONTENT="1"/><SP WIDTH="29" VPOS="1057" HPOS="1850"/>
							<String ID="string_135" HPOS="1879" VPOS="1056" WIDTH="120" HEIGHT="37" WC="0.91" CONTENT="Carls-"/>
						</TextLine>
						<TextLine ID="line_15" HPOS="405" VPOS="1109" WIDTH="1598" HEIGHT="53">
							<String ID="string_136" HPOS="405" VPOS="1119" WIDTH="119" HEIGHT="36" WC="0.96" CONTENT="krona"/><SP WIDTH="28" VPOS="1119" HPOS="524"/>
							<String ID="string_137" HPOS="552" VPOS="1122" WIDTH="41" HEIGHT="32" WC="0.92" CONTENT="är"/><SP WIDTH="27" VPOS="1122" HPOS="593"/>
							<String ID="string_138" HPOS="620" VPOS="1116" WIDTH="199" HEIGHT="38" WC="0.92" CONTENT="föranledd"/><SP WIDTH="30" VPOS="1116" HPOS="819"/>
							<String ID="string_139" HPOS="849" VPOS="1116" WIDTH="41" HEIGHT="36" WC="0.96" CONTENT="af"/><SP WIDTH="25" VPOS="1116" HPOS="890"/>
							<String ID="string_140" HPOS="915" VPOS="1116" WIDTH="71" HEIGHT="36" WC="0.96" CONTENT="den"/><SP WIDTH="29" VPOS="1116" HPOS="986"/>
							<String ID="string_141" HPOS="1015" VPOS="1115" WIDTH="84" HEIGHT="37" WC="0.96" CONTENT="utaf"/><SP WIDTH="28" VPOS="1115" HPOS="1099"/>
							<String ID="string_142" HPOS="1127" VPOS="1114" WIDTH="217" HEIGHT="48" WC="0.93" CONTENT="Riksdagen"/><SP WIDTH="28" VPOS="1114" HPOS="1344"/>
							<String ID="string_143" HPOS="1372" VPOS="1112" WIDTH="226" HEIGHT="37" WC="0.90" CONTENT="framhållna"/><SP WIDTH="29" VPOS="1112" HPOS="1598"/>
							<String ID="string_144" HPOS="1627" VPOS="1110" WIDTH="308" HEIGHT="38" WC="0.92" CONTENT="önskvärdheten"/><SP WIDTH="28" VPOS="1110" HPOS="1935"/>
							<String ID="string_145" HPOS="1963" VPOS="1109" WIDTH="40" HEIGHT="36" WC="0.96" CONTENT="af"/>
						</TextLine>
						<TextLine ID="line_16" HPOS="404" VPOS="1161" WIDTH="1597" HEIGHT="57">
							<String ID="string_146" HPOS="404" VPOS="1170" WIDTH="455" HEIGHT="48" WC="0.92" CONTENT="beväringsmanskapets"/><SP WIDTH="24" VPOS="1170" HPOS="859"/>
							<String ID="string_147" HPOS="883" VPOS="1168" WIDTH="262" HEIGHT="49" WC="0.92" CONTENT="inrymmande"/><SP WIDTH="20" VPOS="1168" HPOS="1145"/>
							<String ID="string_148" HPOS="1165" VPOS="1167" WIDTH="11" HEIGHT="36" WC="0.93" CONTENT="i"/><SP WIDTH="22" VPOS="1167" HPOS="1176"/>
							<String ID="string_149" HPOS="1198" VPOS="1165" WIDTH="321" HEIGHT="50" WC="0.91" CONTENT="kasernbyggnad"/><SP WIDTH="22" VPOS="1165" HPOS="1519"/>
							<String ID="string_150" HPOS="1541" VPOS="1164" WIDTH="40" HEIGHT="37" WC="0.96" CONTENT="af"/><SP WIDTH="17" VPOS="1164" HPOS="1581"/>
							<String ID="string_151" HPOS="1598" VPOS="1169" WIDTH="95" HEIGHT="42" WC="0.93" CONTENT="sten,"/><SP WIDTH="21" VPOS="1169" HPOS="1693"/>
							<String ID="string_152" HPOS="1714" VPOS="1162" WIDTH="150" HEIGHT="37" WC="0.91" CONTENT="hvadan"/><SP WIDTH="20" VPOS="1162" HPOS="1864"/>
							<String ID="string_153" HPOS="1884" VPOS="1161" WIDTH="117" HEIGHT="37" WC="0.92" CONTENT="ökadt"/>
						</TextLine>
						<TextLine ID="line_17" HPOS="405" VPOS="1214" WIDTH="1596" HEIGHT="57">
							<String ID="string_154" HPOS="405" VPOS="1222" WIDTH="133" HEIGHT="49" WC="0.96" CONTENT="anslag"/><SP WIDTH="37" VPOS="1222" HPOS="538"/>
							<String ID="string_155" HPOS="575" VPOS="1222" WIDTH="59" HEIGHT="36" WC="0.96" CONTENT="för"/><SP WIDTH="28" VPOS="1222" HPOS="634"/>
							<String ID="string_156" HPOS="662" VPOS="1221" WIDTH="102" HEIGHT="36" WC="0.96" CONTENT="detta"/><SP WIDTH="30" VPOS="1221" HPOS="764"/>
							<String ID="string_157" HPOS="794" VPOS="1220" WIDTH="174" HEIGHT="36" WC="0.91" CONTENT="ändamål"/><SP WIDTH="28" VPOS="1220" HPOS="968"/>
							<String ID="string_158" HPOS="996" VPOS="1219" WIDTH="208" HEIGHT="49" WC="0.96" CONTENT="lämpligen"/><SP WIDTH="28" VPOS="1219" HPOS="1204"/>
							<String ID="string_159" HPOS="1232" VPOS="1217" WIDTH="108" HEIGHT="37" WC="0.96" CONTENT="torde"/><SP WIDTH="29" VPOS="1217" HPOS="1340"/>
							<String ID="string_160" HPOS="1369" VPOS="1218" WIDTH="90" HEIGHT="35" WC="0.96" CONTENT="böra"/><SP WIDTH="28" VPOS="1218" HPOS="1459"/>
							<String ID="string_161" HPOS="1487" VPOS="1217" WIDTH="173" HEIGHT="48" WC="0.96" CONTENT="begäras,"/><SP WIDTH="30" VPOS="1217" HPOS="1660"/>
							<String ID="string_162" HPOS="1690" VPOS="1214" WIDTH="218" HEIGHT="38" WC="0.95" CONTENT="hemställer"/><SP WIDTH="23" VPOS="1214" HPOS="1908"/>
							<String ID="string_163" HPOS="1931" VPOS="1214" WIDTH="70" HEIGHT="48" WC="0.96" CONTENT="jag"/>
						</TextLine>
						<TextLine ID="line_18" HPOS="403" VPOS="1267" WIDTH="1498" HEIGHT="55">
							<String ID="string_164" HPOS="403" VPOS="1276" WIDTH="13" HEIGHT="35" WC="0.93" CONTENT="i"/><SP WIDTH="28" VPOS="1276" HPOS="416"/>
							<String ID="string_165" HPOS="444" VPOS="1274" WIDTH="319" HEIGHT="48" WC="0.89" CONTENT="underdånighet,"/><SP WIDTH="30" VPOS="1274" HPOS="763"/>
							<String ID="string_166" HPOS="793" VPOS="1273" WIDTH="64" HEIGHT="36" WC="0.96" CONTENT="det"/><SP WIDTH="28" VPOS="1273" HPOS="857"/>
							<String ID="string_167" HPOS="885" VPOS="1273" WIDTH="146" HEIGHT="36" WC="0.90" CONTENT="täcktes"/><SP WIDTH="29" VPOS="1273" HPOS="1031"/>
							<String ID="string_168" HPOS="1060" VPOS="1272" WIDTH="120" HEIGHT="36" WC="0.87" CONTENT="Eders"/><SP WIDTH="29" VPOS="1272" HPOS="1180"/>
							<String ID="string_169" HPOS="1209" VPOS="1269" WIDTH="140" HEIGHT="48" WC="0.94" CONTENT="Kongl."/><SP WIDTH="30" VPOS="1269" HPOS="1349"/>
							<String ID="string_170" HPOS="1379" VPOS="1270" WIDTH="108" HEIGHT="47" WC="0.96" CONTENT="Maj:t"/><SP WIDTH="26" VPOS="1270" HPOS="1487"/>
							<String ID="string_171" HPOS="1513" VPOS="1268" WIDTH="140" HEIGHT="37" WC="0.96" CONTENT="föreslå"/><SP WIDTH="27" VPOS="1268" HPOS="1653"/>
							<String ID="string_172" HPOS="1680" VPOS="1267" WIDTH="221" HEIGHT="47" WC="0.96" CONTENT="Riksdagen"/>
						</TextLine>
					</TextBlock>
					<TextBlock ID="block_4" HPOS="407" VPOS="1318" WIDTH="1594" HEIGHT="110">
						<TextLine ID="line_19" HPOS="511" VPOS="1318" WIDTH="1490" HEIGHT="57">
							<String ID="string_173" HPOS="511" VPOS="1328" WIDTH="74" HEIGHT="35" WC="0.96" CONTENT="dels"/><SP WIDTH="29" VPOS="1328" HPOS="585"/>
							<String ID="string_174" HPOS="614" VPOS="1330" WIDTH="55" HEIGHT="32" WC="0.96" CONTENT="att"/><SP WIDTH="27" VPOS="1330" HPOS="669"/>
							<String ID="string_175" HPOS="696" VPOS="1325" WIDTH="58" HEIGHT="37" WC="0.96" CONTENT="till"/><SP WIDTH="19" VPOS="1325" HPOS="754"/>
							<String ID="string_176" HPOS="773" VPOS="1324" WIDTH="280" HEIGHT="51" WC="0.96" CONTENT="nybyggnader"/><SP WIDTH="15" VPOS="1324" HPOS="1053"/>
							<String ID="string_177" HPOS="1068" VPOS="1325" WIDTH="59" HEIGHT="36" WC="0.96" CONTENT="för"/><SP WIDTH="15" VPOS="1325" HPOS="1127"/>
							<String ID="string_178" HPOS="1142" VPOS="1321" WIDTH="303" HEIGHT="39" WC="0.96" CONTENT="kustartilleriets"/><SP WIDTH="18" VPOS="1321" HPOS="1445"/>
							<String ID="string_179" HPOS="1463" VPOS="1321" WIDTH="249" HEIGHT="49" WC="0.93" CONTENT="förläggning"/><SP WIDTH="15" VPOS="1321" HPOS="1712"/>
							<String ID="string_180" HPOS="1727" VPOS="1334" WIDTH="47" HEIGHT="22" WC="0.90" CONTENT="m."/><SP WIDTH="18" VPOS="1334" HPOS="1774"/>
							<String ID="string_181" HPOS="1792" VPOS="1333" WIDTH="47" HEIGHT="22" WC="0.91" CONTENT="m."/><SP WIDTH="21" VPOS="1333" HPOS="1839"/>
							<String ID="string_182" HPOS="1860" VPOS="1318" WIDTH="141" HEIGHT="49" WC="0.95" CONTENT="bevilja"/>
						</TextLine>
						<TextLine ID="line_20" HPOS="407" VPOS="1374" WIDTH="1261" HEIGHT="54">
							<String ID="string_183" HPOS="407" VPOS="1382" WIDTH="47" HEIGHT="46" WC="0.96" CONTENT="på"/><SP WIDTH="30" VPOS="1382" HPOS="454"/>
							<String ID="string_184" HPOS="484" VPOS="1385" WIDTH="105" HEIGHT="30" WC="0.96" CONTENT="extra"/><SP WIDTH="30" VPOS="1385" HPOS="589"/>
							<String ID="string_185" HPOS="619" VPOS="1383" WIDTH="75" HEIGHT="31" WC="0.96" CONTENT="stat"/><SP WIDTH="27" VPOS="1383" HPOS="694"/>
							<String ID="string_186" HPOS="721" VPOS="1377" WIDTH="60" HEIGHT="37" WC="0.96" CONTENT="för"/><SP WIDTH="30" VPOS="1377" HPOS="781"/>
							<String ID="string_187" HPOS="811" VPOS="1381" WIDTH="40" HEIGHT="33" WC="0.96" CONTENT="år"/><SP WIDTH="32" VPOS="1381" HPOS="851"/>
							<String ID="string_188" HPOS="883" VPOS="1379" WIDTH="97" HEIGHT="34" WC="0.95" CONTENT="1903"/><SP WIDTH="29" VPOS="1379" HPOS="980"/>
							<String ID="string_189" HPOS="1009" VPOS="1381" WIDTH="55" HEIGHT="32" WC="0.96" CONTENT="ett"/><SP WIDTH="29" VPOS="1381" HPOS="1064"/>
							<String ID="string_190" HPOS="1093" VPOS="1376" WIDTH="134" HEIGHT="47" WC="0.96" CONTENT="anslag"/><SP WIDTH="30" VPOS="1376" HPOS="1227"/>
							<String ID="string_191" HPOS="1257" VPOS="1376" WIDTH="40" HEIGHT="35" WC="0.92" CONTENT="af"/><SP WIDTH="26" VPOS="1376" HPOS="1297"/>
							<String ID="string_192" HPOS="1323" VPOS="1376" WIDTH="163" HEIGHT="46" WC="0.87" CONTENT="588,078"/><SP WIDTH="29" VPOS="1376" HPOS="1486"/>
							<String ID="string_193" HPOS="1515" VPOS="1374" WIDTH="153" HEIGHT="46" WC="0.95" CONTENT="kronor,"/>
						</TextLine>
					</TextBlock>
					<TextBlock ID="block_5" HPOS="405" VPOS="1422" WIDTH="1600" HEIGHT="474">
						<TextLine ID="line_21" HPOS="511" VPOS="1422" WIDTH="1491" HEIGHT="55">
							<String ID="string_194" HPOS="511" VPOS="1432" WIDTH="75" HEIGHT="35" WC="0.96" CONTENT="dels"/><SP WIDTH="28" VPOS="1432" HPOS="586"/>
							<String ID="string_195" HPOS="614" VPOS="1432" WIDTH="60" HEIGHT="35" WC="0.96" CONTENT="ock"/><SP WIDTH="29" VPOS="1432" HPOS="674"/>
							<String ID="string_196" HPOS="703" VPOS="1434" WIDTH="55" HEIGHT="32" WC="0.93" CONTENT="att"/><SP WIDTH="19" VPOS="1434" HPOS="758"/>
							<String ID="string_197" HPOS="777" VPOS="1430" WIDTH="205" HEIGHT="47" WC="0.92" CONTENT="medgifva,"/><SP WIDTH="17" VPOS="1430" HPOS="982"/>
							<String ID="string_198" HPOS="999" VPOS="1434" WIDTH="55" HEIGHT="31" WC="0.96" CONTENT="att"/><SP WIDTH="20" VPOS="1434" HPOS="1054"/>
							<String ID="string_199" HPOS="1074" VPOS="1428" WIDTH="56" HEIGHT="37" WC="0.96" CONTENT="till"/><SP WIDTH="20" VPOS="1428" HPOS="1130"/>
							<String ID="string_200" HPOS="1150" VPOS="1427" WIDTH="244" HEIGHT="37" WC="0.96" CONTENT="bestridande"/><SP WIDTH="20" VPOS="1427" HPOS="1394"/>
							<String ID="string_201" HPOS="1414" VPOS="1426" WIDTH="40" HEIGHT="36" WC="0.96" CONTENT="af"/><SP WIDTH="16" VPOS="1426" HPOS="1454"/>
							<String ID="string_202" HPOS="1470" VPOS="1425" WIDTH="204" HEIGHT="37" WC="0.96" CONTENT="kostnader"/><SP WIDTH="20" VPOS="1425" HPOS="1674"/>
							<String ID="string_203" HPOS="1694" VPOS="1424" WIDTH="60" HEIGHT="37" WC="0.93" CONTENT="för"/><SP WIDTH="19" VPOS="1424" HPOS="1754"/>
							<String ID="string_204" HPOS="1773" VPOS="1422" WIDTH="229" HEIGHT="38" WC="0.92" CONTENT="kustartille-"/>
						</TextLine>
						<TextLine ID="line_22" HPOS="405" VPOS="1475" WIDTH="1599" HEIGHT="56">
							<String ID="string_205" HPOS="405" VPOS="1484" WIDTH="94" HEIGHT="36" WC="0.93" CONTENT="riets"/><SP WIDTH="29" VPOS="1484" HPOS="499"/>
							<String ID="string_206" HPOS="528" VPOS="1482" WIDTH="247" HEIGHT="49" WC="0.93" CONTENT="förläggning"/><SP WIDTH="28" VPOS="1482" HPOS="775"/>
							<String ID="string_207" HPOS="803" VPOS="1485" WIDTH="20" HEIGHT="32" WC="0.91" CONTENT="å"/><SP WIDTH="28" VPOS="1485" HPOS="823"/>
							<String ID="string_208" HPOS="851" VPOS="1481" WIDTH="209" HEIGHT="37" WC="0.94" CONTENT="Vaxholms"/><SP WIDTH="30" VPOS="1481" HPOS="1060"/>
							<String ID="string_209" HPOS="1090" VPOS="1481" WIDTH="70" HEIGHT="36" WC="0.93" CONTENT="och"/><SP WIDTH="30" VPOS="1481" HPOS="1160"/>
							<String ID="string_210" HPOS="1190" VPOS="1478" WIDTH="434" HEIGHT="48" WC="0.91" CONTENT="Oscar-Fredriksborgs"/><SP WIDTH="30" VPOS="1478" HPOS="1624"/>
							<String ID="string_211" HPOS="1654" VPOS="1476" WIDTH="172" HEIGHT="47" WC="0.93" CONTENT="fästning"/><SP WIDTH="28" VPOS="1476" HPOS="1826"/>
							<String ID="string_212" HPOS="1854" VPOS="1475" WIDTH="150" HEIGHT="36" WC="0.92" CONTENT="utöfver"/>
						</TextLine>
						<TextLine ID="line_23" HPOS="407" VPOS="1527" WIDTH="1594" HEIGHT="53">
							<String ID="string_213" HPOS="407" VPOS="1536" WIDTH="101" HEIGHT="36" WC="0.96" CONTENT="hvad"/><SP WIDTH="45" VPOS="1536" HPOS="508"/>
							<String ID="string_214" HPOS="553" VPOS="1535" WIDTH="128" HEIGHT="36" WC="0.95" CONTENT="derför"/><SP WIDTH="45" VPOS="1535" HPOS="681"/>
							<String ID="string_215" HPOS="726" VPOS="1534" WIDTH="204" HEIGHT="37" WC="0.96" CONTENT="beräknats"/><SP WIDTH="44" VPOS="1534" HPOS="930"/>
							<String ID="string_216" HPOS="974" VPOS="1534" WIDTH="12" HEIGHT="35" WC="0.95" CONTENT="i"/><SP WIDTH="46" VPOS="1534" HPOS="986"/>
							<String ID="string_217" HPOS="1032" VPOS="1533" WIDTH="64" HEIGHT="36" WC="0.96" CONTENT="det"/><SP WIDTH="44" VPOS="1533" HPOS="1096"/>
							<String ID="string_218" HPOS="1140" VPOS="1533" WIDTH="65" HEIGHT="36" WC="0.93" CONTENT="vid"/><SP WIDTH="49" VPOS="1533" HPOS="1205"/>
							<String ID="string_219" HPOS="1254" VPOS="1530" WIDTH="502" HEIGHT="50" WC="0.90" CONTENT="statsverkspropositionen"/><SP WIDTH="45" VPOS="1530" HPOS="1756"/>
							<String ID="string_220" HPOS="1801" VPOS="1527" WIDTH="57" HEIGHT="37" WC="0.92" CONTENT="till"/><SP WIDTH="48" VPOS="1527" HPOS="1858"/>
							<String ID="string_221" HPOS="1906" VPOS="1528" WIDTH="95" HEIGHT="35" WC="0.96" CONTENT="1901"/>
						</TextLine>
						<TextLine ID="line_24" HPOS="409" VPOS="1580" WIDTH="1595" HEIGHT="55">
							<String ID="string_222" HPOS="409" VPOS="1592" WIDTH="60" HEIGHT="32" WC="0.93" CONTENT="års"/><SP WIDTH="47" VPOS="1592" HPOS="469"/>
							<String ID="string_223" HPOS="516" VPOS="1586" WIDTH="168" HEIGHT="49" WC="0.95" CONTENT="Riksdag"/><SP WIDTH="45" VPOS="1586" HPOS="684"/>
							<String ID="string_224" HPOS="729" VPOS="1586" WIDTH="138" HEIGHT="48" WC="0.95" CONTENT="fogade"/><SP WIDTH="41" VPOS="1586" HPOS="867"/>
							<String ID="string_225" HPOS="908" VPOS="1586" WIDTH="141" HEIGHT="46" WC="0.96" CONTENT="utdrag"/><SP WIDTH="40" VPOS="1586" HPOS="1049"/>
							<String ID="string_226" HPOS="1089" VPOS="1586" WIDTH="41" HEIGHT="35" WC="0.88" CONTENT="af"/><SP WIDTH="38" VPOS="1586" HPOS="1130"/>
							<String ID="string_227" HPOS="1168" VPOS="1582" WIDTH="414" HEIGHT="49" WC="0.88" CONTENT="statsrådsprotokollet"/><SP WIDTH="41" VPOS="1582" HPOS="1582"/>
							<String ID="string_228" HPOS="1623" VPOS="1582" WIDTH="107" HEIGHT="36" WC="0.93" CONTENT="öfver"/><SP WIDTH="29" VPOS="1582" HPOS="1730"/>
							<String ID="string_229" HPOS="1759" VPOS="1580" WIDTH="245" HEIGHT="48" WC="0.90" CONTENT="sjöförsvars-"/>
						</TextLine>
						<TextLine ID="line_25" HPOS="408" VPOS="1632" WIDTH="1596" HEIGHT="55">
							<String ID="string_230" HPOS="408" VPOS="1639" WIDTH="168" HEIGHT="37" WC="0.96" CONTENT="ärenden"/><SP WIDTH="29" VPOS="1639" HPOS="576"/>
							<String ID="string_231" HPOS="605" VPOS="1639" WIDTH="71" HEIGHT="36" WC="0.96" CONTENT="den"/><SP WIDTH="33" VPOS="1639" HPOS="676"/>
							<String ID="string_232" HPOS="709" VPOS="1640" WIDTH="43" HEIGHT="33" WC="0.96" CONTENT="11"/><SP WIDTH="27" VPOS="1640" HPOS="752"/>
							<String ID="string_233" HPOS="779" VPOS="1638" WIDTH="151" HEIGHT="49" WC="0.96" CONTENT="januari"/><SP WIDTH="30" VPOS="1638" HPOS="930"/>
							<String ID="string_234" HPOS="960" VPOS="1650" WIDTH="143" HEIGHT="24" WC="0.96" CONTENT="samma"/><SP WIDTH="28" VPOS="1650" HPOS="1103"/>
							<String ID="string_235" HPOS="1131" VPOS="1640" WIDTH="39" HEIGHT="33" WC="0.96" CONTENT="år"/><SP WIDTH="28" VPOS="1640" HPOS="1170"/>
							<String ID="string_236" HPOS="1198" VPOS="1638" WIDTH="61" HEIGHT="34" WC="0.95" CONTENT="må"/><SP WIDTH="37" VPOS="1638" HPOS="1259"/>
							<String ID="string_237" HPOS="1296" VPOS="1634" WIDTH="193" HEIGHT="37" WC="0.96" CONTENT="användas"/><SP WIDTH="30" VPOS="1634" HPOS="1489"/>
							<String ID="string_238" HPOS="1519" VPOS="1635" WIDTH="33" HEIGHT="48" WC="0.96" CONTENT="ej"/><SP WIDTH="32" VPOS="1635" HPOS="1552"/>
							<String ID="string_239" HPOS="1584" VPOS="1634" WIDTH="146" HEIGHT="36" WC="0.96" CONTENT="mindre"/><SP WIDTH="29" VPOS="1634" HPOS="1730"/>
							<String ID="string_240" HPOS="1759" VPOS="1632" WIDTH="46" HEIGHT="36" WC="0.93" CONTENT="de"/><SP WIDTH="30" VPOS="1632" HPOS="1805"/>
							<String ID="string_241" HPOS="1835" VPOS="1634" WIDTH="20" HEIGHT="34" WC="0.90" CONTENT="å"/><SP WIDTH="27" VPOS="1634" HPOS="1855"/>
							<String ID="string_242" HPOS="1882" VPOS="1644" WIDTH="122" HEIGHT="23" WC="0.92" CONTENT="reser-"/>
						</TextLine>
						<TextLine ID="line_26" HPOS="409" VPOS="1684" WIDTH="1596" HEIGHT="54">
							<String ID="string_243" HPOS="409" VPOS="1690" WIDTH="327" HEIGHT="48" WC="0.91" CONTENT="vationsanslaget"/><SP WIDTH="41" VPOS="1690" HPOS="736"/>
							<String ID="string_244" HPOS="777" VPOS="1690" WIDTH="57" HEIGHT="36" WC="0.96" CONTENT="till"/><SP WIDTH="42" VPOS="1690" HPOS="834"/>
							<String ID="string_245" HPOS="876" VPOS="1689" WIDTH="229" HEIGHT="38" WC="0.86" CONTENT="Carlskrona"/><SP WIDTH="42" VPOS="1689" HPOS="1105"/>
							<String ID="string_246" HPOS="1147" VPOS="1687" WIDTH="226" HEIGHT="38" WC="0.93" CONTENT="artillerikår"/><SP WIDTH="41" VPOS="1687" HPOS="1373"/>
							<String ID="string_247" HPOS="1414" VPOS="1686" WIDTH="218" HEIGHT="50" WC="0.96" CONTENT="uppkomna"/><SP WIDTH="41" VPOS="1686" HPOS="1632"/>
							<String ID="string_248" HPOS="1673" VPOS="1684" WIDTH="251" HEIGHT="50" WC="0.91" CONTENT="besparingar"/><SP WIDTH="34" VPOS="1684" HPOS="1924"/>
							<String ID="string_249" HPOS="1958" VPOS="1687" WIDTH="47" HEIGHT="32" WC="0.96" CONTENT="än"/>
						</TextLine>
						<TextLine ID="line_27" HPOS="410" VPOS="1734" WIDTH="1594" HEIGHT="56">
							<String ID="string_250" HPOS="410" VPOS="1743" WIDTH="125" HEIGHT="47" WC="0.96" CONTENT="äfven,"/><SP WIDTH="30" VPOS="1743" HPOS="535"/>
							<String ID="string_251" HPOS="565" VPOS="1743" WIDTH="12" HEIGHT="36" WC="0.96" CONTENT="i"/><SP WIDTH="28" VPOS="1743" HPOS="577"/>
							<String ID="string_252" HPOS="605" VPOS="1745" WIDTH="87" HEIGHT="34" WC="0.96" CONTENT="mån"/><SP WIDTH="28" VPOS="1745" HPOS="692"/>
							<String ID="string_253" HPOS="720" VPOS="1742" WIDTH="41" HEIGHT="36" WC="0.93" CONTENT="af"/><SP WIDTH="26" VPOS="1742" HPOS="761"/>
							<String ID="string_254" HPOS="787" VPOS="1741" WIDTH="125" HEIGHT="47" WC="0.91" CONTENT="behof,"/><SP WIDTH="31" VPOS="1741" HPOS="912"/>
							<String ID="string_255" HPOS="943" VPOS="1742" WIDTH="45" HEIGHT="37" WC="0.96" CONTENT="de"/><SP WIDTH="28" VPOS="1742" HPOS="988"/>
							<String ID="string_256" HPOS="1016" VPOS="1741" WIDTH="251" HEIGHT="49" WC="0.96" CONTENT="besparingar"/><SP WIDTH="29" VPOS="1741" HPOS="1267"/>
							<String ID="string_257" HPOS="1296" VPOS="1752" WIDTH="80" HEIGHT="23" WC="0.96" CONTENT="som"/><SP WIDTH="28" VPOS="1752" HPOS="1376"/>
							<String ID="string_258" HPOS="1404" VPOS="1739" WIDTH="122" HEIGHT="36" WC="0.96" CONTENT="under"/><SP WIDTH="29" VPOS="1739" HPOS="1526"/>
							<String ID="string_259" HPOS="1555" VPOS="1738" WIDTH="103" HEIGHT="36" WC="0.96" CONTENT="tiden"/><SP WIDTH="28" VPOS="1738" HPOS="1658"/>
							<String ID="string_260" HPOS="1686" VPOS="1738" WIDTH="60" HEIGHT="35" WC="0.93" CONTENT="för"/><SP WIDTH="28" VPOS="1738" HPOS="1746"/>
							<String ID="string_261" HPOS="1774" VPOS="1734" WIDTH="230" HEIGHT="38" WC="0.92" CONTENT="kustartille-"/>
						</TextLine>
						<TextLine ID="line_28" HPOS="411" VPOS="1786" WIDTH="1593" HEIGHT="58">
							<String ID="string_262" HPOS="411" VPOS="1795" WIDTH="90" HEIGHT="37" WC="0.92" CONTENT="riets"/><SP WIDTH="28" VPOS="1795" HPOS="501"/>
							<String ID="string_263" HPOS="529" VPOS="1794" WIDTH="251" HEIGHT="50" WC="0.95" CONTENT="uppsättning"/><SP WIDTH="28" VPOS="1794" HPOS="780"/>
							<String ID="string_264" HPOS="808" VPOS="1797" WIDTH="59" HEIGHT="33" WC="0.96" CONTENT="må"/><SP WIDTH="28" VPOS="1797" HPOS="867"/>
							<String ID="string_265" HPOS="895" VPOS="1794" WIDTH="231" HEIGHT="50" WC="0.93" CONTENT="uppkomma"/><SP WIDTH="28" VPOS="1794" HPOS="1126"/>
							<String ID="string_266" HPOS="1154" VPOS="1796" WIDTH="20" HEIGHT="33" WC="0.90" CONTENT="å"/><SP WIDTH="28" VPOS="1796" HPOS="1174"/>
							<String ID="string_267" HPOS="1202" VPOS="1791" WIDTH="173" HEIGHT="49" WC="0.95" CONTENT="anslaget"/><SP WIDTH="27" VPOS="1791" HPOS="1375"/>
							<String ID="string_268" HPOS="1402" VPOS="1791" WIDTH="57" HEIGHT="36" WC="0.93" CONTENT="till"/><SP WIDTH="29" VPOS="1791" HPOS="1459"/>
							<String ID="string_269" HPOS="1488" VPOS="1790" WIDTH="169" HEIGHT="48" WC="0.90" CONTENT="aflöning"/><SP WIDTH="29" VPOS="1790" HPOS="1657"/>
							<String ID="string_270" HPOS="1686" VPOS="1790" WIDTH="57" HEIGHT="36" WC="0.91" CONTENT="för"/><SP WIDTH="30" VPOS="1790" HPOS="1743"/>
							<String ID="string_271" HPOS="1773" VPOS="1786" WIDTH="231" HEIGHT="39" WC="0.91" CONTENT="kustartille-"/>
						</TextLine>
						<TextLine ID="line_29" HPOS="411" VPOS="1846" WIDTH="329" HEIGHT="50">
							<String ID="string_272" HPOS="411" VPOS="1848" WIDTH="92" HEIGHT="36" WC="0.53" CONTENT="riets"/><SP WIDTH="29" VPOS="1848" HPOS="503"/>
							<String ID="string_273" HPOS="532" VPOS="1846" WIDTH="208" HEIGHT="50" WC="0.94" CONTENT="personal.»"/>
						</TextLine>
					</TextBlock>
				</ComposedBlock>
				<ComposedBlock ID="cblock_3" HPOS="410" VPOS="1943" WIDTH="1601" HEIGHT="474">
					<TextBlock ID="block_6" HPOS="410" VPOS="1943" WIDTH="1601" HEIGHT="474">
						<TextLine ID="line_30" HPOS="516" VPOS="1943" WIDTH="1490" HEIGHT="55">
							<String ID="string_274" HPOS="516" VPOS="1951" WIDTH="196" HEIGHT="37" WC="0.96" CONTENT="Utskottet"/><SP WIDTH="28" VPOS="1951" HPOS="712"/>
							<String ID="string_275" HPOS="740" VPOS="1951" WIDTH="68" HEIGHT="35" WC="0.95" CONTENT="har"/><SP WIDTH="28" VPOS="1951" HPOS="808"/>
							<String ID="string_276" HPOS="836" VPOS="1950" WIDTH="12" HEIGHT="36" WC="0.96" CONTENT="i"/><SP WIDTH="30" VPOS="1950" HPOS="848"/>
							<String ID="string_277" HPOS="878" VPOS="1948" WIDTH="180" HEIGHT="38" WC="0.96" CONTENT="afseende"/><SP WIDTH="29" VPOS="1948" HPOS="1058"/>
							<String ID="string_278" HPOS="1087" VPOS="1951" WIDTH="47" HEIGHT="47" WC="0.96" CONTENT="på"/><SP WIDTH="27" VPOS="1951" HPOS="1134"/>
							<String ID="string_279" HPOS="1161" VPOS="1948" WIDTH="188" HEIGHT="48" WC="0.96" CONTENT="förslaget"/><SP WIDTH="29" VPOS="1948" HPOS="1349"/>
							<String ID="string_280" HPOS="1378" VPOS="1946" WIDTH="198" HEIGHT="49" WC="0.96" CONTENT="angående"/><SP WIDTH="31" VPOS="1946" HPOS="1576"/>
							<String ID="string_281" HPOS="1607" VPOS="1944" WIDTH="304" HEIGHT="38" WC="0.93" CONTENT="kustartilleriets"/><SP WIDTH="21" VPOS="1944" HPOS="1911"/>
							<String ID="string_282" HPOS="1932" VPOS="1943" WIDTH="74" HEIGHT="37" WC="0.92" CONTENT="för-"/>
						</TextLine>
						<TextLine ID="line_31" HPOS="410" VPOS="1996" WIDTH="1598" HEIGHT="57">
							<String ID="string_283" HPOS="410" VPOS="2004" WIDTH="191" HEIGHT="49" WC="0.96" CONTENT="läggning"/><SP WIDTH="31" VPOS="2004" HPOS="601"/>
							<String ID="string_284" HPOS="632" VPOS="2003" WIDTH="12" HEIGHT="36" WC="0.96" CONTENT="i"/><SP WIDTH="30" VPOS="2003" HPOS="644"/>
							<String ID="string_285" HPOS="674" VPOS="2003" WIDTH="232" HEIGHT="36" WC="0.96" CONTENT="Karlskrona"/><SP WIDTH="27" VPOS="2003" HPOS="906"/>
							<String ID="string_286" HPOS="933" VPOS="2001" WIDTH="126" HEIGHT="37" WC="0.95" CONTENT="funnit"/><SP WIDTH="29" VPOS="2001" HPOS="1059"/>
							<String ID="string_287" HPOS="1088" VPOS="2001" WIDTH="58" HEIGHT="48" WC="0.96" CONTENT="sig"/><SP WIDTH="28" VPOS="2001" HPOS="1146"/>
							<String ID="string_288" HPOS="1174" VPOS="2000" WIDTH="91" HEIGHT="37" WC="0.96" CONTENT="böra"/><SP WIDTH="29" VPOS="2000" HPOS="1265"/>
							<String ID="string_289" HPOS="1294" VPOS="2000" WIDTH="134" HEIGHT="46" WC="0.96" CONTENT="erinra,"/><SP WIDTH="30" VPOS="2000" HPOS="1428"/>
							<String ID="string_290" HPOS="1458" VPOS="2003" WIDTH="66" HEIGHT="42" WC="0.96" CONTENT="att,"/><SP WIDTH="30" VPOS="2003" HPOS="1524"/>
							<String ID="string_291" HPOS="1554" VPOS="1998" WIDTH="46" HEIGHT="36" WC="0.96" CONTENT="då"/><SP WIDTH="29" VPOS="1998" HPOS="1600"/>
							<String ID="string_292" HPOS="1629" VPOS="1997" WIDTH="64" HEIGHT="37" WC="0.89" CONTENT="det"/><SP WIDTH="15" VPOS="1997" HPOS="1693"/>
							<String ID="string_293" HPOS="1708" VPOS="1996" WIDTH="225" HEIGHT="50" WC="0.89" CONTENT="uppgifvits,"/><SP WIDTH="21" VPOS="1996" HPOS="1933"/>
							<String ID="string_294" HPOS="1954" VPOS="2000" WIDTH="54" HEIGHT="31" WC="0.96" CONTENT="att"/>
						</TextLine>
						<TextLine ID="line_32" HPOS="413" VPOS="2048" WIDTH="1594" HEIGHT="55">
							<String ID="string_295" HPOS="413" VPOS="2070" WIDTH="47" HEIGHT="23" WC="0.96" CONTENT="en"/><SP WIDTH="43" VPOS="2070" HPOS="460"/>
							<String ID="string_296" HPOS="503" VPOS="2056" WIDTH="60" HEIGHT="36" WC="0.96" CONTENT="del"/><SP WIDTH="40" VPOS="2056" HPOS="563"/>
							<String ID="string_297" HPOS="603" VPOS="2055" WIDTH="41" HEIGHT="37" WC="0.96" CONTENT="af"/><SP WIDTH="37" VPOS="2055" HPOS="644"/>
							<String ID="string_298" HPOS="681" VPOS="2054" WIDTH="291" HEIGHT="49" WC="0.96" CONTENT="ifrågavarande"/><SP WIDTH="42" VPOS="2054" HPOS="972"/>
							<String ID="string_299" HPOS="1014" VPOS="2053" WIDTH="183" HEIGHT="49" WC="0.96" CONTENT="manskap"/><SP WIDTH="39" VPOS="2053" HPOS="1197"/>
							<String ID="string_300" HPOS="1236" VPOS="2052" WIDTH="97" HEIGHT="37" WC="0.96" CONTENT="skall"/><SP WIDTH="32" VPOS="2052" HPOS="1333"/>
							<String ID="string_301" HPOS="1365" VPOS="2051" WIDTH="198" HEIGHT="48" WC="0.93" CONTENT="förläggas"/><SP WIDTH="28" VPOS="2051" HPOS="1563"/>
							<String ID="string_302" HPOS="1591" VPOS="2053" WIDTH="20" HEIGHT="33" WC="0.89" CONTENT="å"/><SP WIDTH="28" VPOS="2053" HPOS="1611"/>
							<String ID="string_303" HPOS="1639" VPOS="2050" WIDTH="139" HEIGHT="45" WC="0.91" CONTENT="forten,"/><SP WIDTH="31" VPOS="2050" HPOS="1778"/>
							<String ID="string_304" HPOS="1809" VPOS="2050" WIDTH="63" HEIGHT="36" WC="0.96" CONTENT="det"/><SP WIDTH="27" VPOS="2050" HPOS="1872"/>
							<String ID="string_305" HPOS="1899" VPOS="2048" WIDTH="108" HEIGHT="37" WC="0.96" CONTENT="torde"/>
						</TextLine>
						<TextLine ID="line_33" HPOS="412" VPOS="2101" WIDTH="1595" HEIGHT="53">
							<String ID="string_306" HPOS="412" VPOS="2109" WIDTH="92" HEIGHT="36" WC="0.88" CONTENT="böra"/><SP WIDTH="37" VPOS="2109" HPOS="504"/>
							<String ID="string_307" HPOS="541" VPOS="2107" WIDTH="132" HEIGHT="47" WC="0.88" CONTENT="tillses,"/><SP WIDTH="31" VPOS="2107" HPOS="673"/>
							<String ID="string_308" HPOS="704" VPOS="2112" WIDTH="54" HEIGHT="31" WC="0.96" CONTENT="att"/><SP WIDTH="29" VPOS="2112" HPOS="758"/>
							<String ID="string_309" HPOS="787" VPOS="2107" WIDTH="45" HEIGHT="35" WC="0.96" CONTENT="de"/><SP WIDTH="28" VPOS="2107" HPOS="832"/>
							<String ID="string_310" HPOS="860" VPOS="2106" WIDTH="205" HEIGHT="48" WC="0.95" CONTENT="logement,"/><SP WIDTH="32" VPOS="2106" HPOS="1065"/>
							<String ID="string_311" HPOS="1097" VPOS="2118" WIDTH="79" HEIGHT="23" WC="0.92" CONTENT="som"/><SP WIDTH="31" VPOS="2118" HPOS="1176"/>
							<String ID="string_312" HPOS="1207" VPOS="2104" WIDTH="197" HEIGHT="37" WC="0.90" CONTENT="derstädes"/><SP WIDTH="28" VPOS="2104" HPOS="1404"/>
							<String ID="string_313" HPOS="1432" VPOS="2103" WIDTH="172" HEIGHT="47" WC="0.96" CONTENT="beredas,"/><SP WIDTH="30" VPOS="2103" HPOS="1604"/>
							<String ID="string_314" HPOS="1634" VPOS="2107" WIDTH="63" HEIGHT="32" WC="0.93" CONTENT="äro"/><SP WIDTH="29" VPOS="2107" HPOS="1697"/>
							<String ID="string_315" HPOS="1726" VPOS="2101" WIDTH="157" HEIGHT="36" WC="0.92" CONTENT="fuktfria"/><SP WIDTH="29" VPOS="2101" HPOS="1883"/>
							<String ID="string_316" HPOS="1912" VPOS="2106" WIDTH="95" HEIGHT="31" WC="0.96" CONTENT="samt"/>
						</TextLine>
						<TextLine ID="line_34" HPOS="411" VPOS="2153" WIDTH="1596" HEIGHT="56">
							<String ID="string_317" HPOS="411" VPOS="2161" WIDTH="13" HEIGHT="35" WC="0.96" CONTENT="i"/><SP WIDTH="42" VPOS="2161" HPOS="424"/>
							<String ID="string_318" HPOS="466" VPOS="2160" WIDTH="117" HEIGHT="49" WC="0.96" CONTENT="öfrigt"/><SP WIDTH="37" VPOS="2160" HPOS="583"/>
							<String ID="string_319" HPOS="620" VPOS="2162" WIDTH="40" HEIGHT="34" WC="0.93" CONTENT="så"/><SP WIDTH="34" VPOS="2162" HPOS="660"/>
							<String ID="string_320" HPOS="694" VPOS="2158" WIDTH="231" HEIGHT="46" WC="0.91" CONTENT="beskaffade,"/><SP WIDTH="31" VPOS="2158" HPOS="925"/>
							<String ID="string_321" HPOS="956" VPOS="2163" WIDTH="55" HEIGHT="31" WC="0.96" CONTENT="att"/><SP WIDTH="29" VPOS="2163" HPOS="1011"/>
							<String ID="string_322" HPOS="1040" VPOS="2158" WIDTH="45" HEIGHT="35" WC="0.96" CONTENT="de"/><SP WIDTH="29" VPOS="2158" HPOS="1085"/>
							<String ID="string_323" HPOS="1114" VPOS="2157" WIDTH="82" HEIGHT="36" WC="0.96" CONTENT="icke"/><SP WIDTH="28" VPOS="2157" HPOS="1196"/>
							<String ID="string_324" HPOS="1224" VPOS="2157" WIDTH="170" HEIGHT="36" WC="0.96" CONTENT="medföra"/><SP WIDTH="28" VPOS="2157" HPOS="1394"/>
							<String ID="string_325" HPOS="1422" VPOS="2155" WIDTH="79" HEIGHT="36" WC="0.96" CONTENT="fara"/><SP WIDTH="30" VPOS="2155" HPOS="1501"/>
							<String ID="string_326" HPOS="1531" VPOS="2155" WIDTH="58" HEIGHT="36" WC="0.92" CONTENT="för"/><SP WIDTH="29" VPOS="2155" HPOS="1589"/>
							<String ID="string_327" HPOS="1618" VPOS="2154" WIDTH="243" HEIGHT="48" WC="0.91" CONTENT="manskapets"/><SP WIDTH="29" VPOS="2154" HPOS="1861"/>
							<String ID="string_328" HPOS="1890" VPOS="2153" WIDTH="117" HEIGHT="43" WC="0.92" CONTENT="helsa,"/>
						</TextLine>
						<TextLine ID="line_35" HPOS="414" VPOS="2205" WIDTH="1594" HEIGHT="55">
							<String ID="string_329" HPOS="414" VPOS="2218" WIDTH="96" HEIGHT="31" WC="0.96" CONTENT="samt"/><SP WIDTH="42" VPOS="2218" HPOS="510"/>
							<String ID="string_330" HPOS="552" VPOS="2217" WIDTH="54" HEIGHT="31" WC="0.96" CONTENT="att"/><SP WIDTH="41" VPOS="2217" HPOS="606"/>
							<String ID="string_331" HPOS="647" VPOS="2211" WIDTH="153" HEIGHT="49" WC="0.96" CONTENT="ombyte"/><SP WIDTH="43" VPOS="2211" HPOS="800"/>
							<String ID="string_332" HPOS="843" VPOS="2211" WIDTH="41" HEIGHT="36" WC="0.93" CONTENT="af"/><SP WIDTH="33" VPOS="2211" HPOS="884"/>
							<String ID="string_333" HPOS="917" VPOS="2209" WIDTH="425" HEIGHT="49" WC="0.90" CONTENT="besättningsmanskap"/><SP WIDTH="36" VPOS="2209" HPOS="1342"/>
							<String ID="string_334" HPOS="1378" VPOS="2211" WIDTH="20" HEIGHT="34" WC="0.90" CONTENT="å"/><SP WIDTH="28" VPOS="2211" HPOS="1398"/>
							<String ID="string_335" HPOS="1426" VPOS="2208" WIDTH="111" HEIGHT="36" WC="0.96" CONTENT="dessa"/><SP WIDTH="27" VPOS="2208" HPOS="1537"/>
							<String ID="string_336" HPOS="1564" VPOS="2207" WIDTH="76" HEIGHT="36" WC="0.96" CONTENT="fort"/><SP WIDTH="27" VPOS="2207" HPOS="1640"/>
							<String ID="string_337" HPOS="1667" VPOS="2208" WIDTH="60" HEIGHT="34" WC="0.96" CONTENT="må"/><SP WIDTH="28" VPOS="2208" HPOS="1727"/>
							<String ID="string_338" HPOS="1755" VPOS="2206" WIDTH="79" HEIGHT="46" WC="0.96" CONTENT="ske,"/><SP WIDTH="30" VPOS="2206" HPOS="1834"/>
							<String ID="string_339" HPOS="1864" VPOS="2207" WIDTH="39" HEIGHT="34" WC="0.96" CONTENT="så"/><SP WIDTH="28" VPOS="2207" HPOS="1903"/>
							<String ID="string_340" HPOS="1931" VPOS="2205" WIDTH="77" HEIGHT="36" WC="0.96" CONTENT="ofta"/>
						</TextLine>
						<TextLine ID="line_36" HPOS="414" VPOS="2257" WIDTH="1594" HEIGHT="55">
							<String ID="string_341" HPOS="414" VPOS="2265" WIDTH="65" HEIGHT="36" WC="0.96" CONTENT="det"/><SP WIDTH="36" VPOS="2265" HPOS="479"/>
							<String ID="string_342" HPOS="515" VPOS="2268" WIDTH="93" HEIGHT="32" WC="0.95" CONTENT="utan"/><SP WIDTH="33" VPOS="2268" HPOS="608"/>
							<String ID="string_343" HPOS="641" VPOS="2263" WIDTH="205" HEIGHT="49" WC="0.96" CONTENT="olägenhet"/><SP WIDTH="41" VPOS="2263" HPOS="846"/>
							<String ID="string_344" HPOS="887" VPOS="2263" WIDTH="59" HEIGHT="36" WC="0.92" CONTENT="för"/><SP WIDTH="29" VPOS="2263" HPOS="946"/>
							<String ID="string_345" HPOS="975" VPOS="2262" WIDTH="248" HEIGHT="48" WC="0.92" CONTENT="öfningarnas"/><SP WIDTH="30" VPOS="2262" HPOS="1223"/>
							<String ID="string_346" HPOS="1253" VPOS="2261" WIDTH="71" HEIGHT="36" WC="0.93" CONTENT="och"/><SP WIDTH="27" VPOS="2261" HPOS="1324"/>
							<String ID="string_347" HPOS="1351" VPOS="2259" WIDTH="334" HEIGHT="50" WC="0.90" CONTENT="tjenstgöringens"/><SP WIDTH="29" VPOS="2259" HPOS="1685"/>
							<String ID="string_348" HPOS="1714" VPOS="2258" WIDTH="182" HEIGHT="47" WC="0.93" CONTENT="behöriga"/><SP WIDTH="29" VPOS="2258" HPOS="1896"/>
							<String ID="string_349" HPOS="1925" VPOS="2257" WIDTH="83" HEIGHT="36" WC="0.92" CONTENT="ord-"/>
						</TextLine>
						<TextLine ID="line_37" HPOS="414" VPOS="2308" WIDTH="1593" HEIGHT="56">
							<String ID="string_350" HPOS="414" VPOS="2317" WIDTH="123" HEIGHT="36" WC="0.96" CONTENT="nande"/><SP WIDTH="41" VPOS="2317" HPOS="537"/>
							<String ID="string_351" HPOS="578" VPOS="2316" WIDTH="75" HEIGHT="36" WC="0.92" CONTENT="kan"/><SP WIDTH="42" VPOS="2316" HPOS="653"/>
							<String ID="string_352" HPOS="695" VPOS="2328" WIDTH="72" HEIGHT="36" WC="0.91" CONTENT="ega"/><SP WIDTH="41" VPOS="2328" HPOS="767"/>
							<String ID="string_353" HPOS="808" VPOS="2328" WIDTH="93" HEIGHT="23" WC="0.93" CONTENT="rum."/><SP WIDTH="56" VPOS="2328" HPOS="901"/>
							<String ID="string_354" HPOS="957" VPOS="2314" WIDTH="193" HEIGHT="47" WC="0.91" CONTENT="Derjemte"/><SP WIDTH="42" VPOS="2314" HPOS="1150"/>
							<String ID="string_355" HPOS="1192" VPOS="2313" WIDTH="67" HEIGHT="36" WC="0.95" CONTENT="har"/><SP WIDTH="40" VPOS="2313" HPOS="1259"/>
							<String ID="string_356" HPOS="1299" VPOS="2313" WIDTH="199" HEIGHT="46" WC="0.95" CONTENT="utskottet,"/><SP WIDTH="42" VPOS="2313" HPOS="1498"/>
							<String ID="string_357" HPOS="1540" VPOS="2312" WIDTH="12" HEIGHT="35" WC="0.96" CONTENT="i"/><SP WIDTH="41" VPOS="2312" HPOS="1552"/>
							<String ID="string_358" HPOS="1593" VPOS="2310" WIDTH="180" HEIGHT="37" WC="0.93" CONTENT="afseende"/><SP WIDTH="43" VPOS="2310" HPOS="1773"/>
							<String ID="string_359" HPOS="1816" VPOS="2313" WIDTH="20" HEIGHT="32" WC="0.91" CONTENT="å"/><SP WIDTH="36" VPOS="2313" HPOS="1836"/>
							<String ID="string_360" HPOS="1872" VPOS="2308" WIDTH="135" HEIGHT="50" WC="0.95" CONTENT="sjelfva"/>
						</TextLine>
						<TextLine ID="line_38" HPOS="414" VPOS="2362" WIDTH="1597" HEIGHT="55">
							<String ID="string_361" HPOS="414" VPOS="2368" WIDTH="376" HEIGHT="49" WC="0.90" CONTENT="kasernbyggnaden"/><SP WIDTH="41" VPOS="2368" HPOS="790"/>
							<String ID="string_362" HPOS="831" VPOS="2367" WIDTH="10" HEIGHT="35" WC="0.96" CONTENT="i"/><SP WIDTH="43" VPOS="2367" HPOS="841"/>
							<String ID="string_363" HPOS="884" VPOS="2366" WIDTH="233" HEIGHT="36" WC="0.95" CONTENT="Karlskrona"/><SP WIDTH="47" VPOS="2366" HPOS="1117"/>
							<String ID="string_364" HPOS="1164" VPOS="2365" WIDTH="101" HEIGHT="36" WC="0.96" CONTENT="velat"/><SP WIDTH="40" VPOS="2365" HPOS="1265"/>
							<String ID="string_365" HPOS="1305" VPOS="2364" WIDTH="209" HEIGHT="47" WC="0.96" CONTENT="framhålla,"/><SP WIDTH="43" VPOS="2364" HPOS="1514"/>
							<String ID="string_366" HPOS="1557" VPOS="2368" WIDTH="56" HEIGHT="31" WC="0.96" CONTENT="att"/><SP WIDTH="41" VPOS="2368" HPOS="1613"/>
							<String ID="string_367" HPOS="1654" VPOS="2362" WIDTH="65" HEIGHT="36" WC="0.96" CONTENT="det"/><SP WIDTH="41" VPOS="2362" HPOS="1719"/>
							<String ID="string_368" HPOS="1760" VPOS="2375" WIDTH="114" HEIGHT="35" WC="0.96" CONTENT="synes"/><SP WIDTH="47" VPOS="2375" HPOS="1874"/>
							<String ID="string_369" HPOS="1921" VPOS="2373" WIDTH="90" HEIGHT="24" WC="0.96" CONTENT="vara"/>
						</TextLine>
					</TextBlock>
				</ComposedBlock>
			</PrintSpace>
		</Page>
	</Layout>
</alto>
