2221 2669
720 191 260 32 Statsutskottets
1010 192 177 32 Utlåtande
1211 193 64 33 N:o
1301 195 27 30 6.
1734 195 39 31 ö7

1304 356 70 32 Dag-
1473 326 114 65 "kCker
1665 383 3 2 |

1115 378 67 41 Lön.
1467 384 119 31 terings-
1657 384 124 24 Summa.

1273 404 131 41 aflönivg.
1497 435 5 4 .

1475 435 107 32 bidrag.

1200 510 3 34 |
1576 506 6 27 [1

247 547 143 32 Sergeant,
421 547 262 33 stabstrumpetare,
712 548 152 25 maskinist
891 548 53 25 och
972 549 71 24 rust-

1272 588 22 25 (å
1309 590 55 23 1,50)

349 617 123 24 mästare
491 616 9 24 i
520 616 164 26 Stockholm
704 617 67 24 eller
791 616 143 32 Göteborg
957 638 84 4 .........
1147 612 93 44 720/—
1337 616 93 26 547150
1527 612 92 44 240/—
1690 617 75 32 1,507
1776 616 39 36 50!

247 688 144 32 Sergeant,
423 687 262 33 stabstrumpetare,
716 687 152 26 maskinist
895 688 54 25 och
976 689 69 24 rust-
1391 672 2 16 |

349 758 123 24 mästare
492 756 16 25 å
526 756 196 32 kustfästning
809 777 232 5 RN
1148 755 92 26 720/—
1337 754 93 28 54750
1527 756 93 26 180l—
1691 755 119 32 1,447150

1269 797 22 25 (hå
1305 799 11 18 5
1330 798 44 22 kr.)
1581 792 2 16 I

247 825 270 32 Regementslakare
536 824 16 25 å
570 825 266 32 kustfästning......
880 846 81 4 PTE
992 847 48 4 RV
1122 825 118 31 3,400]—
1312 824 118 31 1,825/—
1527 825 93 26 600/—
1691 825 119 32 5,825)—

1269 867 22 24 (å
1304 868 13 18 4
1331 867 43 23 kr.)

247 896 99 25 Förste
365 896 240 32 bataljonsläkare
624 896 16 25 å
659 896 195 32 kustfästning
878 919 61 3 ......
959 890 83 42 ........
1123 894 117 32 2,400/—
1312 893 75 32 1,460
1398 910 32 2 —
1526 894 94 26 400—
1691 894 118 32 4,260/—

1089 964 126 26 Ärfvode

247 1034 121 25 ÅUCdItÖL
372 1055 27 5 soo
407 1055 612 6 roreeresersrerrssesr
649 1030 88 42 orerrer
749 1030 56 42 soker
810 1030 61 42 sererk
880 1030 17 42 so
901 1030 41 42 ieer
949 1030 37 42 osar
991 1030 32 42 rea
1038 1057 3 4 .
1148 1029 50 43 300
1717 1033 93 26 800!—

247 1102 271 33 Regementspastor
626 1125 4 4 Tr
706 1124 61 4 RAN
798 1125 118 4 TT
934 1125 17 4 od
992 1126 16 2 ITA
1124 1102 124 32 1,200-—]
1321 1117 32 3 —
1400 1117 31 3 =
1511 1117 32 3 —
1588 1117 32 3 —
1692 1102 118 27 1.200/—

328 1266 16 36 I
382 1267 274 49 sammanhang
689 1267 86 36 med
804 1267 123 36 denna
954 1267 287 49 lönereglering
1269 1267 121 37 skulle
1419 1267 46 36 de
1494 1267 133 37 hittills
1654 1268 12 36 i
1695 1272 125 33 staten

225 1319 60 36 för
326 1319 289 37 kustartilleriet
655 1319 189 50 uppförda
884 1319 499 50 kompanichefsarfvodena
1423 1320 172 49 upphöra
1628 1325 55 32 att
1716 1323 102 46 utgå.

330 1372 56 36 Då
415 1371 120 49 enligt
564 1371 71 37 den
664 1372 59 36 för
751 1371 308 38 kustartilleriets
1085 1372 256 49 uppsättning
1359 1372 202 49 godkända
1579 1371 140 50 planen
1737 1386 83 36 per-

225 1424 159 36 sonalen
416 1424 63 36 vid
513 1423 289 37 kustartilleriet
835 1423 121 38 skulle
988 1424 120 37 under
1136 1428 40 33 år
1207 1426 96 35 1903
1334 1424 116 37 blifva
1478 1424 229 48 densamma,
1738 1438 82 23 som

224 1481 190 44 upptages
441 1476 13 36 i
483 1481 123 31 staten
632 1476 61 36 för
721 1479 40 33 år
793 1478 109 44 1902,
932 1476 190 37 erfordras
1150 1477 85 36 icke
1263 1477 60 36 för
1351 1480 40 33 år
1422 1478 97 35 1903
1548 1479 128 46 någon
1695 1490 125 23 annan

224 1528 161 50 höjning
426 1528 42 36 af
506 1528 175 49 anslaget
720 1528 57 36 till
818 1529 169 48 aflöning
1024 1529 58 36 för
1118 1529 305 36 kustartilleriets
1451 1528 178 50 personal
1658 1534 48 31 än
1734 1529 85 48 den,

226 1593 81 24 som
349 1580 177 49 betingas
563 1580 42 36 af
639 1580 74 36 den
746 1594 50 22 nu
825 1581 156 48 angifna
1008 1581 273 47 förändringen
1309 1581 42 36 af
1375 1581 443 48 aflöningsförmånerna.

330 1632 85 36 Den
442 1632 132 36 härför
603 1632 250 49 erforderliga
880 1632 210 49 höjningen
1119 1633 39 36 af
1183 1633 175 48 anslaget
1376 1636 148 46 uppgår
1544 1633 119 48 enligt
1682 1633 138 36 marin-

225 1684 306 48 förvaltningens
559 1685 213 48 beräkning
799 1684 56 36 till
883 1687 138 45 48,785
1052 1685 153 36 kronor.

332 1735 126 38 Sedan
500 1736 287 36 kustartilleriet
826 1737 124 36 blifvit
991 1736 86 37 fullt
1117 1741 167 45 uppsatt,
1326 1740 47 46 på
1414 1742 75 31 sätt
1528 1737 12 35 i
1580 1737 240 48 Riksdagens

228 1787 202 37 skrifvelse
463 1788 74 36 den
573 1790 17 34 1
621 1788 85 50 juni
742 1790 94 35 1901
868 1789 118 36 under
1017 1790 81 35 10:e
1127 1789 170 49 punkten
1324 1790 120 36 finnes
1473 1789 183 49 angifvet,
1687 1789 133 48 skulle,

228 1840 86 36 med
354 1839 264 38 bibehållande
660 1840 40 36 af
738 1840 46 37 de
825 1841 12 36 i
878 1845 123 32 staten
1034 1841 61 36 för
1128 1844 40 33 år
1203 1843 97 35 1902
1329 1846 196 44 upptagna
1554 1840 267 50 aflöningsför-

228 1895 181 33 månerna
451 1892 263 47 oförändrade,
758 1893 334 48 anslagsbehofvet
1132 1893 60 36 för
1234 1893 168 49 aflöning
1441 1896 37 33 åt
1514 1893 307 37 kustartilleriets

228 1944 179 49 personal
435 1947 128 47 uppgå
590 1945 58 35 till
680 1946 198 45 1,009,847
900 1945 152 48 kronor,
1074 1958 86 23 men
1180 1946 85 36 med
1285 1946 46 36 de
1350 1960 50 22 nu
1420 1945 218 49 föreslagna
1657 1946 165 37 ändrade

230 1996 436 53 aflöningsförmånerna
693 1997 57 36 till
781 1999 200 46 1,080,040
1010 1998 151 36 kronor.

332 2050 35 34 A
396 2049 63 36 det
487 2049 85 36 från
601 2049 70 36 och
699 2049 86 36 med
812 2049 256 37 innevarande
1097 2053 61 33 års
1186 2050 136 49 början
1345 2064 44 22 ur
1407 2050 205 36 riksstaten
1631 2050 191 37 uteslutna

228 2101 435 49 reservationsanslaget
691 2101 57 37 till
776 2102 234 36 Karlskrona
1039 2102 224 36 artillerikår
1290 2102 138 37 funnos
1457 2102 63 37 vid
1551 2104 95 35 1901
1678 2105 59 34 års
1764 2108 58 30 ut-

229 2156 107 46 gång
363 2153 85 37 icke
478 2153 220 50 obetydliga
725 2154 262 50 besparingar,
1017 2154 147 37 hvilkas
1192 2154 140 50 belopp
1362 2154 95 38 dock
1487 2159 101 32 ännu
1607 2155 82 36 icke
1706 2160 41 31 är
1765 2154 57 37 till

231 2205 130 37 siffran
398 2206 129 36 kändt.
585 2206 201 49 Antagligt
814 2220 115 35 synes
958 2207 114 36 äfven
1100 2220 102 34 vara,
1232 2211 55 33 att
1315 2210 20 34 å
1363 2207 175 48 anslaget
1565 2207 60 37 för
1653 2207 170 48 aflöning

231 2261 35 33 åt
308 2258 307 37 kustartilleriets
658 2259 177 49 personal
873 2258 152 37 komma
1052 2263 56 32 att
1135 2259 121 37 under
1284 2259 376 50 uppsättningstiden
1687 2262 136 47 uppstå
