<?xml version="1.0" encoding="UTF-8"?>
<alto xmlns="http://www.loc.gov/standards/alto/ns-v3#" xmlns:xlink="http://www.w3.org/1999/xlink" xmlns:xsi="http://www.w3.org/2001/XMLSchema-instance" xsi:schemaLocation="http://www.loc.gov/standards/alto/ns-v3# http://www.loc.gov/alto/v3/alto-3-0.xsd">
	<Description>
		<MeasurementUnit>pixel</MeasurementUnit>
		<sourceImageInformation>
			<fileName>/tmp/tess_zg26bkv0_input.PNG</fileName>
		</sourceImageInformation>
		<OCRProcessing ID="OCR_0">
			<ocrProcessingStep>
				<processingSoftware>
					<softwareName>tesseract 5.3.0</softwareName>
				</processingSoftware>
			</ocrProcessingStep>
		</OCRProcessing>
	</Description>
	<Layout>
		<Page WIDTH="2216" HEIGHT="2634" PHYSICAL_IMG_NR="0" ID="page_0">
			<PrintSpace HPOS="0" VPOS="0" WIDTH="2216" HEIGHT="2634">
				<ComposedBlock ID="cblock_0" HPOS="453" VPOS="176" WIDTH="1068" HEIGHT="39">
					<TextBlock ID="block_0" HPOS="453" VPOS="176" WIDTH="1068" HEIGHT="39">
						<TextLine ID="line_0" HPOS="453" VPOS="176" WIDTH="1068" HEIGHT="39">
							<String ID="string_0" HPOS="453" VPOS="176" WIDTH="19" HEIGHT="29" WC="0.96" CONTENT="4"/><SP WIDTH="437" VPOS="176" HPOS="472"/>
							<String ID="string_1" HPOS="909" VPOS="178" WIDTH="248" HEIGHT="35" WC="0.91" CONTENT="Statsutskottets"/><SP WIDTH="30" VPOS="178" HPOS="1157"/>
							<String ID="string_2" HPOS="1187" VPOS="181" WIDTH="170" HEIGHT="34" WC="0.96" CONTENT="Utlåtande"/><SP WIDTH="22" VPOS="181" HPOS="1357"/>
							<String ID="string_3" HPOS="1379" VPOS="183" WIDTH="64" HEIGHT="32" WC="0.95" CONTENT="N:o"/><SP WIDTH="26" VPOS="183" HPOS="1443"/>
							<String ID="string_4" HPOS="1469" VPOS="185" WIDTH="52" HEIGHT="30" WC="0.66" CONTENT="78."/>
						</TextLine>
					</TextBlock>
				</ComposedBlock>
				<ComposedBlock ID="cblock_1" HPOS="399" VPOS="253" WIDTH="1610" HEIGHT="1983">
					<TextBlock ID="block_1" HPOS="405" VPOS="253" WIDTH="1604" HEIGHT="452">
						<TextLine ID="line_1" HPOS="413" VPOS="253" WIDTH="1596" HEIGHT="61">
							<String ID="string_5" HPOS="413" VPOS="253" WIDTH="166" HEIGHT="47" WC="0.96" CONTENT="område,"/><SP WIDTH="28" VPOS="253" HPOS="579"/>
							<String ID="string_6" HPOS="607" VPOS="253" WIDTH="181" HEIGHT="50" WC="0.95" CONTENT="liggande"/><SP WIDTH="28" VPOS="253" HPOS="788"/>
							<String ID="string_7" HPOS="816" VPOS="257" WIDTH="13" HEIGHT="36" WC="0.96" CONTENT="i"/><SP WIDTH="28" VPOS="257" HPOS="829"/>
							<String ID="string_8" HPOS="857" VPOS="257" WIDTH="171" HEIGHT="38" WC="0.96" CONTENT="Klosters"/><SP WIDTH="29" VPOS="257" HPOS="1028"/>
							<String ID="string_9" HPOS="1057" VPOS="260" WIDTH="144" HEIGHT="37" WC="0.96" CONTENT="socken"/><SP WIDTH="27" VPOS="260" HPOS="1201"/>
							<String ID="string_10" HPOS="1228" VPOS="260" WIDTH="106" HEIGHT="38" WC="0.96" CONTENT="invid"/><SP WIDTH="29" VPOS="260" HPOS="1334"/>
							<String ID="string_11" HPOS="1363" VPOS="275" WIDTH="112" HEIGHT="24" WC="0.96" CONTENT="norra"/><SP WIDTH="20" VPOS="275" HPOS="1475"/>
							<String ID="string_12" HPOS="1495" VPOS="262" WIDTH="323" HEIGHT="39" WC="0.93" CONTENT="Södermanlands"/><SP WIDTH="14" VPOS="262" HPOS="1818"/>
							<String ID="string_13" HPOS="1832" VPOS="265" WIDTH="177" HEIGHT="49" WC="0.92" CONTENT="jernväg,"/>
						</TextLine>
						<TextLine ID="line_2" HPOS="413" VPOS="302" WIDTH="1596" HEIGHT="61">
							<String ID="string_14" HPOS="413" VPOS="303" WIDTH="70" HEIGHT="37" WC="0.93" CONTENT="och"/><SP WIDTH="26" VPOS="303" HPOS="483"/>
							<String ID="string_15" HPOS="509" VPOS="302" WIDTH="75" HEIGHT="49" WC="0.80" CONTENT="4:0)"/><SP WIDTH="30" VPOS="302" HPOS="584"/>
							<String ID="string_16" HPOS="614" VPOS="305" WIDTH="72" HEIGHT="37" WC="0.96" CONTENT="den"/><SP WIDTH="26" VPOS="305" HPOS="686"/>
							<String ID="string_17" HPOS="712" VPOS="306" WIDTH="12" HEIGHT="36" WC="0.96" CONTENT="i"/><SP WIDTH="27" VPOS="306" HPOS="724"/>
							<String ID="string_18" HPOS="751" VPOS="307" WIDTH="95" HEIGHT="37" WC="0.96" CONTENT="Fors"/><SP WIDTH="29" VPOS="307" HPOS="846"/>
							<String ID="string_19" HPOS="875" VPOS="309" WIDTH="142" HEIGHT="36" WC="0.96" CONTENT="socken"/><SP WIDTH="28" VPOS="309" HPOS="1017"/>
							<String ID="string_20" HPOS="1045" VPOS="309" WIDTH="165" HEIGHT="50" WC="0.96" CONTENT="belägna"/><SP WIDTH="19" VPOS="309" HPOS="1210"/>
							<String ID="string_21" HPOS="1229" VPOS="314" WIDTH="41" HEIGHT="34" WC="0.96" CONTENT="så"/><SP WIDTH="19" VPOS="314" HPOS="1270"/>
							<String ID="string_22" HPOS="1289" VPOS="312" WIDTH="149" HEIGHT="37" WC="0.93" CONTENT="kallade"/><SP WIDTH="20" VPOS="312" HPOS="1438"/>
							<String ID="string_23" HPOS="1458" VPOS="313" WIDTH="245" HEIGHT="50" WC="0.92" CONTENT="Kronhagen,"/><SP WIDTH="22" VPOS="313" HPOS="1703"/>
							<String ID="string_24" HPOS="1725" VPOS="328" WIDTH="82" HEIGHT="24" WC="0.92" CONTENT="som"/><SP WIDTH="21" VPOS="328" HPOS="1807"/>
							<String ID="string_25" HPOS="1828" VPOS="316" WIDTH="181" HEIGHT="37" WC="0.91" CONTENT="omslötes"/>
						</TextLine>
						<TextLine ID="line_3" HPOS="413" VPOS="353" WIDTH="1595" HEIGHT="62">
							<String ID="string_26" HPOS="413" VPOS="353" WIDTH="40" HEIGHT="37" WC="0.96" CONTENT="af"/><SP WIDTH="22" VPOS="353" HPOS="453"/>
							<String ID="string_27" HPOS="475" VPOS="354" WIDTH="47" HEIGHT="37" WC="0.96" CONTENT="de"/><SP WIDTH="28" VPOS="354" HPOS="522"/>
							<String ID="string_28" HPOS="550" VPOS="356" WIDTH="13" HEIGHT="35" WC="0.96" CONTENT="i"/><SP WIDTH="28" VPOS="356" HPOS="563"/>
							<String ID="string_29" HPOS="591" VPOS="368" WIDTH="144" HEIGHT="25" WC="0.96" CONTENT="samma"/><SP WIDTH="28" VPOS="368" HPOS="735"/>
							<String ID="string_30" HPOS="763" VPOS="358" WIDTH="145" HEIGHT="37" WC="0.96" CONTENT="socken"/><SP WIDTH="26" VPOS="358" HPOS="908"/>
							<String ID="string_31" HPOS="934" VPOS="359" WIDTH="183" HEIGHT="49" WC="0.93" CONTENT="liggande"/><SP WIDTH="28" VPOS="359" HPOS="1117"/>
							<String ID="string_32" HPOS="1145" VPOS="362" WIDTH="350" HEIGHT="38" WC="0.91" CONTENT="kronohemmanen"/><SP WIDTH="30" VPOS="362" HPOS="1495"/>
							<String ID="string_33" HPOS="1525" VPOS="364" WIDTH="158" HEIGHT="50" WC="0.92" CONTENT="Gredby"/><SP WIDTH="26" VPOS="364" HPOS="1683"/>
							<String ID="string_34" HPOS="1709" VPOS="366" WIDTH="72" HEIGHT="36" WC="0.90" CONTENT="n:is"/><SP WIDTH="37" VPOS="366" HPOS="1781"/>
							<String ID="string_35" HPOS="1818" VPOS="369" WIDTH="15" HEIGHT="33" WC="0.95" CONTENT="1"/><SP WIDTH="37" VPOS="369" HPOS="1833"/>
							<String ID="string_36" HPOS="1870" VPOS="367" WIDTH="72" HEIGHT="37" WC="0.95" CONTENT="och"/><SP WIDTH="32" VPOS="367" HPOS="1942"/>
							<String ID="string_37" HPOS="1974" VPOS="370" WIDTH="34" HEIGHT="45" WC="0.96" CONTENT="2,"/>
						</TextLine>
						<TextLine ID="line_4" HPOS="412" VPOS="404" WIDTH="1597" HEIGHT="56">
							<String ID="string_38" HPOS="412" VPOS="404" WIDTH="82" HEIGHT="37" WC="0.96" CONTENT="dels"/><SP WIDTH="29" VPOS="404" HPOS="494"/>
							<String ID="string_39" HPOS="523" VPOS="406" WIDTH="73" HEIGHT="36" WC="0.96" CONTENT="ock"/><SP WIDTH="29" VPOS="406" HPOS="596"/>
							<String ID="string_40" HPOS="625" VPOS="412" WIDTH="53" HEIGHT="31" WC="0.96" CONTENT="att"/><SP WIDTH="26" VPOS="412" HPOS="678"/>
							<String ID="string_41" HPOS="704" VPOS="407" WIDTH="57" HEIGHT="36" WC="0.96" CONTENT="till"/><SP WIDTH="29" VPOS="407" HPOS="761"/>
							<String ID="string_42" HPOS="790" VPOS="409" WIDTH="135" HEIGHT="37" WC="0.96" CONTENT="staden"/><SP WIDTH="27" VPOS="409" HPOS="925"/>
							<String ID="string_43" HPOS="952" VPOS="414" WIDTH="116" HEIGHT="33" WC="0.93" CONTENT="måtte"/><SP WIDTH="30" VPOS="414" HPOS="1068"/>
							<String ID="string_44" HPOS="1098" VPOS="411" WIDTH="174" HEIGHT="49" WC="0.91" CONTENT="försäljas"/><SP WIDTH="21" VPOS="411" HPOS="1272"/>
							<String ID="string_45" HPOS="1293" VPOS="413" WIDTH="233" HEIGHT="39" WC="0.92" CONTENT="sistberörda"/><SP WIDTH="20" VPOS="413" HPOS="1526"/>
							<String ID="string_46" HPOS="1546" VPOS="416" WIDTH="312" HEIGHT="38" WC="0.93" CONTENT="kronohemman."/><SP WIDTH="54" VPOS="416" HPOS="1858"/>
							<String ID="string_47" HPOS="1912" VPOS="418" WIDTH="97" HEIGHT="37" WC="0.91" CONTENT="Här-"/>
						</TextLine>
						<TextLine ID="line_5" HPOS="408" VPOS="454" WIDTH="1600" HEIGHT="56">
							<String ID="string_48" HPOS="408" VPOS="454" WIDTH="119" HEIGHT="48" WC="0.94" CONTENT="jemte"/><SP WIDTH="41" VPOS="454" HPOS="527"/>
							<String ID="string_49" HPOS="568" VPOS="456" WIDTH="97" HEIGHT="38" WC="0.92" CONTENT="hade"/><SP WIDTH="30" VPOS="456" HPOS="665"/>
							<String ID="string_50" HPOS="695" VPOS="457" WIDTH="347" HEIGHT="53" WC="0.90" CONTENT="stadsfullmägtige"/><SP WIDTH="28" VPOS="457" HPOS="1042"/>
							<String ID="string_51" HPOS="1070" VPOS="461" WIDTH="191" HEIGHT="48" WC="0.91" CONTENT="hemstält,"/><SP WIDTH="29" VPOS="461" HPOS="1261"/>
							<String ID="string_52" HPOS="1290" VPOS="469" WIDTH="55" HEIGHT="32" WC="0.96" CONTENT="att"/><SP WIDTH="27" VPOS="469" HPOS="1345"/>
							<String ID="string_53" HPOS="1372" VPOS="478" WIDTH="50" HEIGHT="23" WC="0.93" CONTENT="nu"/><SP WIDTH="28" VPOS="478" HPOS="1422"/>
							<String ID="string_54" HPOS="1450" VPOS="466" WIDTH="248" HEIGHT="38" WC="0.92" CONTENT="omförmälda"/><SP WIDTH="27" VPOS="466" HPOS="1698"/>
							<String ID="string_55" HPOS="1725" VPOS="467" WIDTH="179" HEIGHT="37" WC="0.95" CONTENT="hemman"/><SP WIDTH="32" VPOS="467" HPOS="1904"/>
							<String ID="string_56" HPOS="1936" VPOS="469" WIDTH="72" HEIGHT="36" WC="0.95" CONTENT="och"/>
						</TextLine>
						<TextLine ID="line_6" HPOS="412" VPOS="506" WIDTH="1595" HEIGHT="61">
							<String ID="string_57" HPOS="412" VPOS="506" WIDTH="256" HEIGHT="46" WC="0.92" CONTENT="egoområden"/><SP WIDTH="39" VPOS="506" HPOS="668"/>
							<String ID="string_58" HPOS="707" VPOS="508" WIDTH="201" HEIGHT="38" WC="0.96" CONTENT="äfvensom"/><SP WIDTH="40" VPOS="508" HPOS="908"/>
							<String ID="string_59" HPOS="948" VPOS="511" WIDTH="45" HEIGHT="37" WC="0.96" CONTENT="de"/><SP WIDTH="42" VPOS="511" HPOS="993"/>
							<String ID="string_60" HPOS="1035" VPOS="512" WIDTH="128" HEIGHT="48" WC="0.96" CONTENT="öfriga"/><SP WIDTH="35" VPOS="512" HPOS="1163"/>
							<String ID="string_61" HPOS="1198" VPOS="513" WIDTH="107" HEIGHT="38" WC="0.96" CONTENT="delar"/><SP WIDTH="40" VPOS="513" HPOS="1305"/>
							<String ID="string_62" HPOS="1345" VPOS="515" WIDTH="41" HEIGHT="36" WC="0.96" CONTENT="af"/><SP WIDTH="23" VPOS="515" HPOS="1386"/>
							<String ID="string_63" HPOS="1409" VPOS="516" WIDTH="373" HEIGHT="50" WC="0.92" CONTENT="kungsladugården,"/><SP WIDTH="30" VPOS="516" HPOS="1782"/>
							<String ID="string_64" HPOS="1812" VPOS="532" WIDTH="81" HEIGHT="23" WC="0.93" CONTENT="som"/><SP WIDTH="28" VPOS="532" HPOS="1893"/>
							<String ID="string_65" HPOS="1921" VPOS="519" WIDTH="86" HEIGHT="48" WC="0.91" CONTENT="låge"/>
						</TextLine>
						<TextLine ID="line_7" HPOS="412" VPOS="556" WIDTH="1595" HEIGHT="54">
							<String ID="string_66" HPOS="412" VPOS="556" WIDTH="138" HEIGHT="39" WC="0.96" CONTENT="mellan"/><SP WIDTH="29" VPOS="556" HPOS="550"/>
							<String ID="string_67" HPOS="579" VPOS="558" WIDTH="154" HEIGHT="37" WC="0.96" CONTENT="stadens"/><SP WIDTH="30" VPOS="558" HPOS="733"/>
							<String ID="string_68" HPOS="763" VPOS="561" WIDTH="218" HEIGHT="37" WC="0.95" CONTENT="nuvarande"/><SP WIDTH="28" VPOS="561" HPOS="981"/>
							<String ID="string_69" HPOS="1009" VPOS="567" WIDTH="118" HEIGHT="43" WC="0.96" CONTENT="gräns"/><SP WIDTH="28" VPOS="567" HPOS="1127"/>
							<String ID="string_70" HPOS="1155" VPOS="564" WIDTH="68" HEIGHT="37" WC="0.96" CONTENT="och"/><SP WIDTH="30" VPOS="564" HPOS="1223"/>
							<String ID="string_71" HPOS="1253" VPOS="578" WIDTH="48" HEIGHT="24" WC="0.90" CONTENT="en"/><SP WIDTH="29" VPOS="578" HPOS="1301"/>
							<String ID="string_72" HPOS="1330" VPOS="568" WIDTH="20" HEIGHT="34" WC="0.90" CONTENT="å"/><SP WIDTH="28" VPOS="568" HPOS="1350"/>
							<String ID="string_73" HPOS="1378" VPOS="565" WIDTH="111" HEIGHT="38" WC="0.93" CONTENT="ofvan"/><SP WIDTH="29" VPOS="565" HPOS="1489"/>
							<String ID="string_74" HPOS="1518" VPOS="568" WIDTH="249" HEIGHT="37" WC="0.92" CONTENT="omförmälda"/><SP WIDTH="29" VPOS="568" HPOS="1767"/>
							<String ID="string_75" HPOS="1796" VPOS="569" WIDTH="106" HEIGHT="37" WC="0.96" CONTENT="karta"/><SP WIDTH="19" VPOS="569" HPOS="1902"/>
							<String ID="string_76" HPOS="1921" VPOS="570" WIDTH="86" HEIGHT="36" WC="0.96" CONTENT="med"/>
						</TextLine>
						<TextLine ID="line_8" HPOS="410" VPOS="606" WIDTH="1597" HEIGHT="60">
							<String ID="string_77" HPOS="410" VPOS="606" WIDTH="95" HEIGHT="37" WC="0.96" CONTENT="brun"/><SP WIDTH="30" VPOS="606" HPOS="505"/>
							<String ID="string_78" HPOS="535" VPOS="608" WIDTH="83" HEIGHT="48" WC="0.96" CONTENT="färg"/><SP WIDTH="25" VPOS="608" HPOS="618"/>
							<String ID="string_79" HPOS="643" VPOS="609" WIDTH="227" HEIGHT="50" WC="0.93" CONTENT="uppdragen"/><SP WIDTH="26" VPOS="609" HPOS="870"/>
							<String ID="string_80" HPOS="896" VPOS="613" WIDTH="221" HEIGHT="48" WC="0.91" CONTENT="gränslinie,"/><SP WIDTH="28" VPOS="613" HPOS="1117"/>
							<String ID="string_81" HPOS="1145" VPOS="618" WIDTH="115" HEIGHT="34" WC="0.96" CONTENT="måtte"/><SP WIDTH="29" VPOS="618" HPOS="1260"/>
							<String ID="string_82" HPOS="1289" VPOS="616" WIDTH="13" HEIGHT="36" WC="0.96" CONTENT="i"/><SP WIDTH="24" VPOS="616" HPOS="1302"/>
							<String ID="string_83" HPOS="1326" VPOS="616" WIDTH="306" HEIGHT="50" WC="0.93" CONTENT="administrativt,"/><SP WIDTH="20" VPOS="616" HPOS="1632"/>
							<String ID="string_84" HPOS="1652" VPOS="619" WIDTH="264" HEIGHT="38" WC="0.91" CONTENT="ecklesiastikt"/><SP WIDTH="18" VPOS="619" HPOS="1916"/>
							<String ID="string_85" HPOS="1934" VPOS="621" WIDTH="73" HEIGHT="37" WC="0.96" CONTENT="och"/>
						</TextLine>
						<TextLine ID="line_9" HPOS="405" VPOS="657" WIDTH="893" HEIGHT="48">
							<String ID="string_86" HPOS="405" VPOS="657" WIDTH="179" HEIGHT="48" WC="0.84" CONTENT="judicielt"/><SP WIDTH="27" VPOS="657" HPOS="584"/>
							<String ID="string_87" HPOS="611" VPOS="659" WIDTH="218" HEIGHT="39" WC="0.66" CONTENT="hänseende"/><SP WIDTH="28" VPOS="659" HPOS="829"/>
							<String ID="string_88" HPOS="857" VPOS="662" WIDTH="149" HEIGHT="38" WC="0.96" CONTENT="förenas"/><SP WIDTH="29" VPOS="662" HPOS="1006"/>
							<String ID="string_89" HPOS="1035" VPOS="664" WIDTH="88" HEIGHT="37" WC="0.96" CONTENT="med"/><SP WIDTH="28" VPOS="664" HPOS="1123"/>
							<String ID="string_90" HPOS="1151" VPOS="666" WIDTH="147" HEIGHT="37" WC="0.96" CONTENT="staden."/>
						</TextLine>
					</TextBlock>
					<TextBlock ID="block_2" HPOS="407" VPOS="709" WIDTH="1598" HEIGHT="460">
						<TextLine ID="line_10" HPOS="542" VPOS="709" WIDTH="1463" HEIGHT="59">
							<String ID="string_91" HPOS="542" VPOS="709" WIDTH="110" HEIGHT="37" WC="0.96" CONTENT="Efter"/><SP WIDTH="39" VPOS="709" HPOS="652"/>
							<String ID="string_92" HPOS="691" VPOS="711" WIDTH="170" HEIGHT="38" WC="0.95" CONTENT="erhållen"/><SP WIDTH="38" VPOS="711" HPOS="861"/>
							<String ID="string_93" HPOS="899" VPOS="713" WIDTH="212" HEIGHT="50" WC="0.96" CONTENT="befallning"/><SP WIDTH="40" VPOS="713" HPOS="1111"/>
							<String ID="string_94" HPOS="1151" VPOS="721" WIDTH="53" HEIGHT="32" WC="0.96" CONTENT="att"/><SP WIDTH="39" VPOS="721" HPOS="1204"/>
							<String ID="string_95" HPOS="1243" VPOS="717" WIDTH="12" HEIGHT="36" WC="0.96" CONTENT="i"/><SP WIDTH="38" VPOS="717" HPOS="1255"/>
							<String ID="string_96" HPOS="1293" VPOS="718" WIDTH="157" HEIGHT="37" WC="0.93" CONTENT="ärendet"/><SP WIDTH="41" VPOS="718" HPOS="1450"/>
							<String ID="string_97" HPOS="1491" VPOS="718" WIDTH="142" HEIGHT="50" WC="0.92" CONTENT="afgifva"/><SP WIDTH="40" VPOS="718" HPOS="1633"/>
							<String ID="string_98" HPOS="1673" VPOS="720" WIDTH="195" HEIGHT="38" WC="0.96" CONTENT="utlåtande"/><SP WIDTH="39" VPOS="720" HPOS="1868"/>
							<String ID="string_99" HPOS="1907" VPOS="722" WIDTH="98" HEIGHT="37" WC="0.95" CONTENT="hade"/>
						</TextLine>
						<TextLine ID="line_11" HPOS="409" VPOS="758" WIDTH="1596" HEIGHT="60">
							<String ID="string_100" HPOS="409" VPOS="758" WIDTH="331" HEIGHT="51" WC="0.91" CONTENT="domänstyrelsen"/><SP WIDTH="29" VPOS="758" HPOS="740"/>
							<String ID="string_101" HPOS="769" VPOS="763" WIDTH="180" HEIGHT="38" WC="0.92" CONTENT="anmodat"/><SP WIDTH="26" VPOS="763" HPOS="949"/>
							<String ID="string_102" HPOS="975" VPOS="765" WIDTH="142" HEIGHT="49" WC="0.94" CONTENT="Kongl."/><SP WIDTH="29" VPOS="765" HPOS="1117"/>
							<String ID="string_103" HPOS="1146" VPOS="767" WIDTH="126" HEIGHT="48" WC="0.93" CONTENT="Maj:ts"/><SP WIDTH="19" VPOS="767" HPOS="1272"/>
							<String ID="string_104" HPOS="1291" VPOS="768" WIDTH="434" HEIGHT="50" WC="0.35" CONTENT=".befallningshafvande"/><SP WIDTH="23" VPOS="768" HPOS="1725"/>
							<String ID="string_105" HPOS="1748" VPOS="771" WIDTH="12" HEIGHT="37" WC="0.93" CONTENT="i"/><SP WIDTH="19" VPOS="771" HPOS="1760"/>
							<String ID="string_106" HPOS="1779" VPOS="771" WIDTH="226" HEIGHT="38" WC="0.92" CONTENT="Söderman-"/>
						</TextLine>
						<TextLine ID="line_12" HPOS="409" VPOS="809" WIDTH="1596" HEIGHT="63">
							<String ID="string_107" HPOS="409" VPOS="809" WIDTH="107" HEIGHT="37" WC="0.95" CONTENT="lands"/><SP WIDTH="41" VPOS="809" HPOS="516"/>
							<String ID="string_108" HPOS="557" VPOS="810" WIDTH="64" HEIGHT="37" WC="0.96" CONTENT="län"/><SP WIDTH="40" VPOS="810" HPOS="621"/>
							<String ID="string_109" HPOS="661" VPOS="817" WIDTH="53" HEIGHT="31" WC="0.93" CONTENT="att"/><SP WIDTH="39" VPOS="817" HPOS="714"/>
							<String ID="string_110" HPOS="753" VPOS="813" WIDTH="170" HEIGHT="38" WC="0.92" CONTENT="infordra"/><SP WIDTH="31" VPOS="813" HPOS="923"/>
							<String ID="string_111" HPOS="954" VPOS="816" WIDTH="179" HEIGHT="47" WC="0.95" CONTENT="yttrande"/><SP WIDTH="32" VPOS="816" HPOS="1133"/>
							<String ID="string_112" HPOS="1165" VPOS="817" WIDTH="81" HEIGHT="37" WC="0.96" CONTENT="från"/><SP WIDTH="33" VPOS="817" HPOS="1246"/>
							<String ID="string_113" HPOS="1279" VPOS="819" WIDTH="289" HEIGHT="38" WC="0.96" CONTENT="vederbörande"/><SP WIDTH="30" VPOS="819" HPOS="1568"/>
							<String ID="string_114" HPOS="1598" VPOS="822" WIDTH="196" HEIGHT="37" WC="0.96" CONTENT="äfvensom"/><SP WIDTH="29" VPOS="822" HPOS="1794"/>
							<String ID="string_115" HPOS="1823" VPOS="822" WIDTH="57" HEIGHT="38" WC="0.96" CONTENT="för"/><SP WIDTH="27" VPOS="822" HPOS="1880"/>
							<String ID="string_116" HPOS="1907" VPOS="836" WIDTH="98" HEIGHT="36" WC="0.96" CONTENT="egen"/>
						</TextLine>
						<TextLine ID="line_13" HPOS="409" VPOS="860" WIDTH="1596" HEIGHT="61">
							<String ID="string_117" HPOS="409" VPOS="860" WIDTH="60" HEIGHT="37" WC="0.88" CONTENT="del"/><SP WIDTH="40" VPOS="860" HPOS="469"/>
							<String ID="string_118" HPOS="509" VPOS="861" WIDTH="147" HEIGHT="48" WC="0.88" CONTENT="afgifva"/><SP WIDTH="39" VPOS="861" HPOS="656"/>
							<String ID="string_119" HPOS="695" VPOS="862" WIDTH="64" HEIGHT="37" WC="0.96" CONTENT="det"/><SP WIDTH="40" VPOS="862" HPOS="759"/>
							<String ID="string_120" HPOS="799" VPOS="864" WIDTH="206" HEIGHT="49" WC="0.93" CONTENT="utlåtande,"/><SP WIDTH="41" VPOS="864" HPOS="1005"/>
							<String ID="string_121" HPOS="1046" VPOS="867" WIDTH="154" HEIGHT="37" WC="0.91" CONTENT="hvartill"/><SP WIDTH="39" VPOS="867" HPOS="1200"/>
							<String ID="string_122" HPOS="1239" VPOS="869" WIDTH="142" HEIGHT="49" WC="0.95" CONTENT="Kongl."/><SP WIDTH="38" VPOS="869" HPOS="1381"/>
							<String ID="string_123" HPOS="1419" VPOS="870" WIDTH="128" HEIGHT="49" WC="0.93" CONTENT="Maj:ts"/><SP WIDTH="34" VPOS="870" HPOS="1547"/>
							<String ID="string_124" HPOS="1581" VPOS="872" WIDTH="424" HEIGHT="49" WC="0.89" CONTENT="befallningshafvande"/>
						</TextLine>
						<TextLine ID="line_14" HPOS="409" VPOS="911" WIDTH="1595" HEIGHT="67">
							<String ID="string_125" HPOS="409" VPOS="911" WIDTH="126" HEIGHT="37" WC="0.96" CONTENT="kunde"/><SP WIDTH="41" VPOS="911" HPOS="535"/>
							<String ID="string_126" HPOS="576" VPOS="912" WIDTH="101" HEIGHT="38" WC="0.93" CONTENT="finna"/><SP WIDTH="40" VPOS="912" HPOS="677"/>
							<String ID="string_127" HPOS="717" VPOS="914" WIDTH="225" HEIGHT="50" WC="0.96" CONTENT="anledning;"/><SP WIDTH="40" VPOS="914" HPOS="942"/>
							<String ID="string_128" HPOS="982" VPOS="917" WIDTH="73" HEIGHT="37" WC="0.96" CONTENT="och"/><SP WIDTH="41" VPOS="917" HPOS="1055"/>
							<String ID="string_129" HPOS="1096" VPOS="918" WIDTH="98" HEIGHT="37" WC="0.96" CONTENT="hade"/><SP WIDTH="29" VPOS="918" HPOS="1194"/>
							<String ID="string_130" HPOS="1223" VPOS="919" WIDTH="88" HEIGHT="37" WC="0.96" CONTENT="med"/><SP WIDTH="28" VPOS="919" HPOS="1311"/>
							<String ID="string_131" HPOS="1339" VPOS="920" WIDTH="209" HEIGHT="51" WC="0.96" CONTENT="anledning"/><SP WIDTH="26" VPOS="920" HPOS="1548"/>
							<String ID="string_132" HPOS="1574" VPOS="922" WIDTH="111" HEIGHT="38" WC="0.96" CONTENT="häraf"/><SP WIDTH="22" VPOS="922" HPOS="1685"/>
							<String ID="string_133" HPOS="1707" VPOS="924" WIDTH="141" HEIGHT="48" WC="0.95" CONTENT="Kongl."/><SP WIDTH="30" VPOS="924" HPOS="1848"/>
							<String ID="string_134" HPOS="1878" VPOS="920" WIDTH="126" HEIGHT="58" WC="0.95" CONTENT="Maj:ts"/>
						</TextLine>
						<TextLine ID="line_15" HPOS="407" VPOS="961" WIDTH="1595" HEIGHT="61">
							<String ID="string_135" HPOS="407" VPOS="961" WIDTH="422" HEIGHT="50" WC="0.90" CONTENT="befallningshafvande"/><SP WIDTH="28" VPOS="961" HPOS="829"/>
							<String ID="string_136" HPOS="857" VPOS="966" WIDTH="57" HEIGHT="37" WC="0.93" CONTENT="till"/><SP WIDTH="16" VPOS="966" HPOS="914"/>
							<String ID="string_137" HPOS="930" VPOS="967" WIDTH="332" HEIGHT="51" WC="0.91" CONTENT="domänstyrelsen"/><SP WIDTH="21" VPOS="967" HPOS="1262"/>
							<String ID="string_138" HPOS="1283" VPOS="970" WIDTH="260" HEIGHT="49" WC="0.91" CONTENT="öfverlemnat,"/><SP WIDTH="15" VPOS="970" HPOS="1543"/>
							<String ID="string_139" HPOS="1558" VPOS="973" WIDTH="120" HEIGHT="48" WC="0.96" CONTENT="jemte"/><SP WIDTH="21" VPOS="973" HPOS="1678"/>
							<String ID="string_140" HPOS="1699" VPOS="980" WIDTH="91" HEIGHT="42" WC="0.96" CONTENT="eget"/><SP WIDTH="18" VPOS="980" HPOS="1790"/>
							<String ID="string_141" HPOS="1808" VPOS="975" WIDTH="194" HEIGHT="37" WC="0.96" CONTENT="utlåtande"/>
						</TextLine>
						<TextLine ID="line_16" HPOS="408" VPOS="1011" WIDTH="1596" HEIGHT="60">
							<String ID="string_142" HPOS="408" VPOS="1011" WIDTH="40" HEIGHT="37" WC="0.96" CONTENT="af"/><SP WIDTH="23" VPOS="1011" HPOS="448"/>
							<String ID="string_143" HPOS="471" VPOS="1012" WIDTH="75" HEIGHT="37" WC="0.96" CONTENT="den"/><SP WIDTH="30" VPOS="1012" HPOS="546"/>
							<String ID="string_144" HPOS="576" VPOS="1015" WIDTH="21" HEIGHT="34" WC="0.96" CONTENT="9"/><SP WIDTH="28" VPOS="1015" HPOS="597"/>
							<String ID="string_145" HPOS="625" VPOS="1015" WIDTH="210" HEIGHT="37" WC="0.96" CONTENT="november"/><SP WIDTH="30" VPOS="1015" HPOS="835"/>
							<String ID="string_146" HPOS="865" VPOS="1019" WIDTH="106" HEIGHT="45" WC="0.95" CONTENT="1899,"/><SP WIDTH="28" VPOS="1019" HPOS="971"/>
							<String ID="string_147" HPOS="999" VPOS="1018" WIDTH="84" HEIGHT="37" WC="0.96" CONTENT="dels"/><SP WIDTH="28" VPOS="1018" HPOS="1083"/>
							<String ID="string_148" HPOS="1111" VPOS="1021" WIDTH="204" HEIGHT="47" WC="0.96" CONTENT="yttranden"/><SP WIDTH="24" VPOS="1021" HPOS="1315"/>
							<String ID="string_149" HPOS="1339" VPOS="1021" WIDTH="93" HEIGHT="49" WC="0.96" CONTENT="från,"/><SP WIDTH="23" VPOS="1021" HPOS="1432"/>
							<String ID="string_150" HPOS="1455" VPOS="1022" WIDTH="117" HEIGHT="39" WC="0.96" CONTENT="bland"/><SP WIDTH="20" VPOS="1022" HPOS="1572"/>
							<String ID="string_151" HPOS="1592" VPOS="1024" WIDTH="127" HEIGHT="47" WC="0.93" CONTENT="andra,"/><SP WIDTH="21" VPOS="1024" HPOS="1719"/>
							<String ID="string_152" HPOS="1740" VPOS="1025" WIDTH="264" HEIGHT="38" WC="0.91" CONTENT="domäninten-"/>
						</TextLine>
						<TextLine ID="line_17" HPOS="408" VPOS="1062" WIDTH="1595" HEIGHT="58">
							<String ID="string_153" HPOS="408" VPOS="1062" WIDTH="139" HEIGHT="38" WC="0.91" CONTENT="denten"/><SP WIDTH="28" VPOS="1062" HPOS="547"/>
							<String ID="string_154" HPOS="575" VPOS="1064" WIDTH="13" HEIGHT="36" WC="0.96" CONTENT="i"/><SP WIDTH="27" VPOS="1064" HPOS="588"/>
							<String ID="string_155" HPOS="615" VPOS="1064" WIDTH="102" HEIGHT="38" WC="0.96" CONTENT="länet"/><SP WIDTH="40" VPOS="1064" HPOS="717"/>
							<String ID="string_156" HPOS="757" VPOS="1066" WIDTH="73" HEIGHT="37" WC="0.96" CONTENT="och"/><SP WIDTH="40" VPOS="1066" HPOS="830"/>
							<String ID="string_157" HPOS="870" VPOS="1069" WIDTH="248" HEIGHT="48" WC="0.96" CONTENT="magistraten"/><SP WIDTH="27" VPOS="1069" HPOS="1118"/>
							<String ID="string_158" HPOS="1145" VPOS="1070" WIDTH="12" HEIGHT="36" WC="0.96" CONTENT="i"/><SP WIDTH="27" VPOS="1070" HPOS="1157"/>
							<String ID="string_159" HPOS="1184" VPOS="1071" WIDTH="235" HEIGHT="49" WC="0.96" CONTENT="Eskilstuna,"/><SP WIDTH="41" VPOS="1071" HPOS="1419"/>
							<String ID="string_160" HPOS="1460" VPOS="1073" WIDTH="84" HEIGHT="37" WC="0.96" CONTENT="dels"/><SP WIDTH="39" VPOS="1073" HPOS="1544"/>
							<String ID="string_161" HPOS="1583" VPOS="1075" WIDTH="71" HEIGHT="36" WC="0.96" CONTENT="ock"/><SP WIDTH="37" VPOS="1075" HPOS="1654"/>
							<String ID="string_162" HPOS="1691" VPOS="1075" WIDTH="83" HEIGHT="37" WC="0.93" CONTENT="från"/><SP WIDTH="38" VPOS="1075" HPOS="1774"/>
							<String ID="string_163" HPOS="1812" VPOS="1076" WIDTH="191" HEIGHT="38" WC="0.90" CONTENT="stadsfull-"/>
						</TextLine>
						<TextLine ID="line_18" HPOS="407" VPOS="1114" WIDTH="1187" HEIGHT="55">
							<String ID="string_164" HPOS="407" VPOS="1114" WIDTH="169" HEIGHT="48" WC="0.90" CONTENT="mägtige"/><SP WIDTH="29" VPOS="1114" HPOS="576"/>
							<String ID="string_165" HPOS="605" VPOS="1114" WIDTH="11" HEIGHT="37" WC="0.96" CONTENT="i"/><SP WIDTH="28" VPOS="1114" HPOS="616"/>
							<String ID="string_166" HPOS="644" VPOS="1115" WIDTH="223" HEIGHT="39" WC="0.96" CONTENT="Eskilstuna"/><SP WIDTH="26" VPOS="1115" HPOS="867"/>
							<String ID="string_167" HPOS="893" VPOS="1118" WIDTH="182" HEIGHT="39" WC="0.96" CONTENT="inkomna"/><SP WIDTH="27" VPOS="1118" HPOS="1075"/>
							<String ID="string_168" HPOS="1102" VPOS="1121" WIDTH="257" HEIGHT="48" WC="0.96" CONTENT="påminnelser"/><SP WIDTH="26" VPOS="1121" HPOS="1359"/>
							<String ID="string_169" HPOS="1385" VPOS="1123" WIDTH="12" HEIGHT="36" WC="0.96" CONTENT="i"/><SP WIDTH="27" VPOS="1123" HPOS="1397"/>
							<String ID="string_170" HPOS="1424" VPOS="1124" WIDTH="170" HEIGHT="37" WC="0.96" CONTENT="ärendet."/>
						</TextLine>
					</TextBlock>
					<TextBlock ID="block_3" HPOS="399" VPOS="1165" WIDTH="1602" HEIGHT="1071">
						<TextLine ID="line_19" HPOS="539" VPOS="1165" WIDTH="1461" HEIGHT="61">
							<String ID="string_171" HPOS="539" VPOS="1165" WIDTH="398" HEIGHT="40" WC="0.92" CONTENT="Domänintendenten"/><SP WIDTH="39" VPOS="1165" HPOS="937"/>
							<String ID="string_172" HPOS="976" VPOS="1169" WIDTH="99" HEIGHT="38" WC="0.96" CONTENT="hade"/><SP WIDTH="36" VPOS="1169" HPOS="1075"/>
							<String ID="string_173" HPOS="1111" VPOS="1171" WIDTH="134" HEIGHT="47" WC="0.96" CONTENT="anfört,"/><SP WIDTH="42" VPOS="1171" HPOS="1245"/>
							<String ID="string_174" HPOS="1287" VPOS="1178" WIDTH="66" HEIGHT="41" WC="0.95" CONTENT="att,"/><SP WIDTH="41" VPOS="1178" HPOS="1353"/>
							<String ID="string_175" HPOS="1394" VPOS="1174" WIDTH="117" HEIGHT="37" WC="0.96" CONTENT="sedan"/><SP WIDTH="28" VPOS="1174" HPOS="1511"/>
							<String ID="string_176" HPOS="1539" VPOS="1175" WIDTH="74" HEIGHT="37" WC="0.96" CONTENT="han"/><SP WIDTH="29" VPOS="1175" HPOS="1613"/>
							<String ID="string_177" HPOS="1642" VPOS="1176" WIDTH="40" HEIGHT="36" WC="0.96" CONTENT="af"/><SP WIDTH="22" VPOS="1176" HPOS="1682"/>
							<String ID="string_178" HPOS="1704" VPOS="1176" WIDTH="141" HEIGHT="50" WC="0.91" CONTENT="Kongl."/><SP WIDTH="29" VPOS="1176" HPOS="1845"/>
							<String ID="string_179" HPOS="1874" VPOS="1178" WIDTH="126" HEIGHT="48" WC="0.96" CONTENT="Maj:ts"/>
						</TextLine>
						<TextLine ID="line_20" HPOS="407" VPOS="1214" WIDTH="1594" HEIGHT="63">
							<String ID="string_180" HPOS="407" VPOS="1214" WIDTH="425" HEIGHT="50" WC="0.91" CONTENT="befallningshafvande"/><SP WIDTH="41" VPOS="1214" HPOS="832"/>
							<String ID="string_181" HPOS="873" VPOS="1220" WIDTH="198" HEIGHT="37" WC="0.92" CONTENT="anmodats"/><SP WIDTH="42" VPOS="1220" HPOS="1071"/>
							<String ID="string_182" HPOS="1113" VPOS="1227" WIDTH="65" HEIGHT="42" WC="0.93" CONTENT="att,"/><SP WIDTH="35" VPOS="1227" HPOS="1178"/>
							<String ID="string_183" HPOS="1213" VPOS="1223" WIDTH="126" HEIGHT="37" WC="0.92" CONTENT="såvidt"/><SP WIDTH="26" VPOS="1223" HPOS="1339"/>
							<String ID="string_184" HPOS="1365" VPOS="1224" WIDTH="168" HEIGHT="49" WC="0.91" CONTENT="anginge"/><SP WIDTH="28" VPOS="1224" HPOS="1533"/>
							<String ID="string_185" HPOS="1561" VPOS="1225" WIDTH="200" HEIGHT="49" WC="0.96" CONTENT="ifrågasatt"/><SP WIDTH="26" VPOS="1225" HPOS="1761"/>
							<String ID="string_186" HPOS="1787" VPOS="1228" WIDTH="214" HEIGHT="49" WC="0.95" CONTENT="upplåtelse"/>
						</TextLine>
						<TextLine ID="line_21" HPOS="406" VPOS="1264" WIDTH="1564" HEIGHT="60">
							<String ID="string_187" HPOS="406" VPOS="1264" WIDTH="40" HEIGHT="37" WC="0.96" CONTENT="af"/><SP WIDTH="18" VPOS="1264" HPOS="446"/>
							<String ID="string_188" HPOS="464" VPOS="1266" WIDTH="108" HEIGHT="37" WC="0.96" CONTENT="mark"/><SP WIDTH="27" VPOS="1266" HPOS="572"/>
							<String ID="string_189" HPOS="599" VPOS="1266" WIDTH="83" HEIGHT="37" WC="0.96" CONTENT="från"/><SP WIDTH="26" VPOS="1266" HPOS="682"/>
							<String ID="string_190" HPOS="708" VPOS="1268" WIDTH="224" HEIGHT="39" WC="0.93" CONTENT="Eskilstuna"/><SP WIDTH="27" VPOS="1268" HPOS="932"/>
							<String ID="string_191" HPOS="959" VPOS="1270" WIDTH="325" HEIGHT="51" WC="0.91" CONTENT="kungsladugård,"/><SP WIDTH="31" VPOS="1270" HPOS="1284"/>
							<String ID="string_192" HPOS="1315" VPOS="1273" WIDTH="142" HEIGHT="50" WC="0.92" CONTENT="afgifva"/><SP WIDTH="25" VPOS="1273" HPOS="1457"/>
							<String ID="string_193" HPOS="1482" VPOS="1277" WIDTH="179" HEIGHT="47" WC="0.96" CONTENT="yttrande"/><SP WIDTH="28" VPOS="1277" HPOS="1661"/>
							<String ID="string_194" HPOS="1689" VPOS="1277" WIDTH="12" HEIGHT="37" WC="0.93" CONTENT="i"/><SP WIDTH="23" VPOS="1277" HPOS="1701"/>
							<String ID="string_195" HPOS="1724" VPOS="1279" WIDTH="246" HEIGHT="37" WC="0.90" CONTENT="sammanhan"/>
						</TextLine>
						<TextLine ID="line_22" HPOS="406" VPOS="1316" WIDTH="1594" HEIGHT="55">
							<String ID="string_196" HPOS="406" VPOS="1316" WIDTH="85" HEIGHT="36" WC="0.96" CONTENT="med"/><SP WIDTH="40" VPOS="1316" HPOS="491"/>
							<String ID="string_197" HPOS="531" VPOS="1316" WIDTH="75" HEIGHT="37" WC="0.92" CONTENT="den"/><SP WIDTH="40" VPOS="1316" HPOS="606"/>
							<String ID="string_198" HPOS="646" VPOS="1319" WIDTH="377" HEIGHT="52" WC="0.92" CONTENT="arrendevärdering,"/><SP WIDTH="30" VPOS="1319" HPOS="1023"/>
							<String ID="string_199" HPOS="1053" VPOS="1335" WIDTH="79" HEIGHT="24" WC="0.95" CONTENT="som"/><SP WIDTH="29" VPOS="1335" HPOS="1132"/>
							<String ID="string_200" HPOS="1161" VPOS="1323" WIDTH="125" HEIGHT="38" WC="0.95" CONTENT="blifvit"/><SP WIDTH="27" VPOS="1323" HPOS="1286"/>
							<String ID="string_201" HPOS="1313" VPOS="1330" WIDTH="118" HEIGHT="32" WC="0.96" CONTENT="utsatt"/><SP WIDTH="26" VPOS="1330" HPOS="1431"/>
							<String ID="string_202" HPOS="1457" VPOS="1331" WIDTH="54" HEIGHT="32" WC="0.96" CONTENT="att"/><SP WIDTH="26" VPOS="1331" HPOS="1511"/>
							<String ID="string_203" HPOS="1537" VPOS="1327" WIDTH="123" HEIGHT="37" WC="0.96" CONTENT="under"/><SP WIDTH="27" VPOS="1327" HPOS="1660"/>
							<String ID="string_204" HPOS="1687" VPOS="1331" WIDTH="40" HEIGHT="34" WC="0.96" CONTENT="år"/><SP WIDTH="29" VPOS="1331" HPOS="1727"/>
							<String ID="string_205" HPOS="1756" VPOS="1331" WIDTH="95" HEIGHT="35" WC="0.96" CONTENT="1899"/><SP WIDTH="29" VPOS="1331" HPOS="1851"/>
							<String ID="string_206" HPOS="1880" VPOS="1330" WIDTH="120" HEIGHT="37" WC="0.96" CONTENT="hållas"/>
						</TextLine>
						<TextLine ID="line_23" HPOS="407" VPOS="1366" WIDTH="1594" HEIGHT="64">
							<String ID="string_207" HPOS="407" VPOS="1369" WIDTH="20" HEIGHT="34" WC="0.91" CONTENT="å"/><SP WIDTH="36" VPOS="1369" HPOS="427"/>
							<String ID="string_208" HPOS="463" VPOS="1366" WIDTH="376" HEIGHT="51" WC="0.92" CONTENT="kungsladugården,"/><SP WIDTH="42" VPOS="1366" HPOS="839"/>
							<String ID="string_209" HPOS="881" VPOS="1372" WIDTH="103" HEIGHT="37" WC="0.93" CONTENT="såväl"/><SP WIDTH="41" VPOS="1372" HPOS="984"/>
							<String ID="string_210" HPOS="1025" VPOS="1372" WIDTH="391" HEIGHT="40" WC="0.91" CONTENT="domänintendenten"/><SP WIDTH="42" VPOS="1372" HPOS="1416"/>
							<String ID="string_211" HPOS="1458" VPOS="1390" WIDTH="82" HEIGHT="24" WC="0.96" CONTENT="som"/><SP WIDTH="38" VPOS="1390" HPOS="1540"/>
							<String ID="string_212" HPOS="1578" VPOS="1378" WIDTH="71" HEIGHT="37" WC="0.96" CONTENT="ock"/><SP WIDTH="27" VPOS="1378" HPOS="1649"/>
							<String ID="string_213" HPOS="1676" VPOS="1379" WIDTH="48" HEIGHT="37" WC="0.96" CONTENT="de"/><SP WIDTH="29" VPOS="1379" HPOS="1724"/>
							<String ID="string_214" HPOS="1753" VPOS="1379" WIDTH="100" HEIGHT="38" WC="0.96" CONTENT="båda"/><SP WIDTH="26" VPOS="1379" HPOS="1853"/>
							<String ID="string_215" HPOS="1879" VPOS="1380" WIDTH="122" HEIGHT="50" WC="0.95" CONTENT="öfriga"/>
						</TextLine>
						<TextLine ID="line_24" HPOS="405" VPOS="1416" WIDTH="1596" HEIGHT="62">
							<String ID="string_216" HPOS="405" VPOS="1416" WIDTH="416" HEIGHT="51" WC="0.90" CONTENT="förrättningsmännen"/><SP WIDTH="27" VPOS="1416" HPOS="821"/>
							<String ID="string_217" HPOS="848" VPOS="1421" WIDTH="12" HEIGHT="36" WC="0.96" CONTENT="i"/><SP WIDTH="27" VPOS="1421" HPOS="860"/>
							<String ID="string_218" HPOS="887" VPOS="1422" WIDTH="269" HEIGHT="39" WC="0.96" CONTENT="instrumentet"/><SP WIDTH="27" VPOS="1422" HPOS="1156"/>
							<String ID="string_219" HPOS="1183" VPOS="1425" WIDTH="108" HEIGHT="37" WC="0.96" CONTENT="öfver"/><SP WIDTH="26" VPOS="1425" HPOS="1291"/>
							<String ID="string_220" HPOS="1317" VPOS="1427" WIDTH="253" HEIGHT="49" WC="0.91" CONTENT="värderingen"/><SP WIDTH="28" VPOS="1427" HPOS="1570"/>
							<String ID="string_221" HPOS="1598" VPOS="1429" WIDTH="124" HEIGHT="37" WC="0.91" CONTENT="utlåtit"/><SP WIDTH="27" VPOS="1429" HPOS="1722"/>
							<String ID="string_222" HPOS="1749" VPOS="1430" WIDTH="61" HEIGHT="48" WC="0.96" CONTENT="sig"/><SP WIDTH="26" VPOS="1430" HPOS="1810"/>
							<String ID="string_223" HPOS="1836" VPOS="1431" WIDTH="12" HEIGHT="36" WC="0.95" CONTENT="1"/><SP WIDTH="27" VPOS="1431" HPOS="1848"/>
							<String ID="string_224" HPOS="1875" VPOS="1430" WIDTH="126" HEIGHT="38" WC="0.96" CONTENT="denna"/>
						</TextLine>
						<TextLine ID="line_25" HPOS="404" VPOS="1467" WIDTH="1596" HEIGHT="58">
							<String ID="string_225" HPOS="404" VPOS="1467" WIDTH="118" HEIGHT="49" WC="0.89" CONTENT="fråga."/><SP WIDTH="56" VPOS="1467" HPOS="522"/>
							<String ID="string_226" HPOS="578" VPOS="1469" WIDTH="140" HEIGHT="38" WC="0.86" CONTENT="Dervid"/><SP WIDTH="41" VPOS="1469" HPOS="718"/>
							<String ID="string_227" HPOS="759" VPOS="1471" WIDTH="101" HEIGHT="37" WC="0.96" CONTENT="hade"/><SP WIDTH="39" VPOS="1471" HPOS="860"/>
							<String ID="string_228" HPOS="899" VPOS="1473" WIDTH="56" HEIGHT="36" WC="0.96" CONTENT="till"/><SP WIDTH="40" VPOS="1473" HPOS="955"/>
							<String ID="string_229" HPOS="995" VPOS="1487" WIDTH="47" HEIGHT="23" WC="0.96" CONTENT="en"/><SP WIDTH="41" VPOS="1487" HPOS="1042"/>
							<String ID="string_230" HPOS="1083" VPOS="1474" WIDTH="133" HEIGHT="49" WC="0.96" CONTENT="början"/><SP WIDTH="39" VPOS="1474" HPOS="1216"/>
							<String ID="string_231" HPOS="1255" VPOS="1482" WIDTH="227" HEIGHT="43" WC="0.95" CONTENT="omnämnts,"/><SP WIDTH="28" VPOS="1482" HPOS="1482"/>
							<String ID="string_232" HPOS="1510" VPOS="1484" WIDTH="56" HEIGHT="32" WC="0.96" CONTENT="att"/><SP WIDTH="32" VPOS="1484" HPOS="1566"/>
							<String ID="string_233" HPOS="1598" VPOS="1493" WIDTH="48" HEIGHT="23" WC="0.96" CONTENT="en"/><SP WIDTH="23" VPOS="1493" HPOS="1646"/>
							<String ID="string_234" HPOS="1669" VPOS="1485" WIDTH="79" HEIGHT="32" WC="0.96" CONTENT="stor"/><SP WIDTH="23" VPOS="1485" HPOS="1748"/>
							<String ID="string_235" HPOS="1771" VPOS="1481" WIDTH="64" HEIGHT="37" WC="0.96" CONTENT="del"/><SP WIDTH="27" VPOS="1481" HPOS="1835"/>
							<String ID="string_236" HPOS="1862" VPOS="1481" WIDTH="41" HEIGHT="37" WC="0.96" CONTENT="af"/><SP WIDTH="23" VPOS="1481" HPOS="1903"/>
							<String ID="string_237" HPOS="1926" VPOS="1482" WIDTH="74" HEIGHT="37" WC="0.96" CONTENT="den"/>
						</TextLine>
						<TextLine ID="line_26" HPOS="406" VPOS="1518" WIDTH="1592" HEIGHT="60">
							<String ID="string_238" HPOS="406" VPOS="1518" WIDTH="189" HEIGHT="49" WC="0.91" CONTENT="åkerjord,"/><SP WIDTH="29" VPOS="1518" HPOS="595"/>
							<String ID="string_239" HPOS="624" VPOS="1533" WIDTH="79" HEIGHT="24" WC="0.93" CONTENT="som"/><SP WIDTH="28" VPOS="1533" HPOS="703"/>
							<String ID="string_240" HPOS="731" VPOS="1521" WIDTH="161" HEIGHT="50" WC="0.91" CONTENT="inginge"/><SP WIDTH="27" VPOS="1521" HPOS="892"/>
							<String ID="string_241" HPOS="919" VPOS="1524" WIDTH="12" HEIGHT="36" WC="0.96" CONTENT="i"/><SP WIDTH="27" VPOS="1524" HPOS="931"/>
							<String ID="string_242" HPOS="958" VPOS="1524" WIDTH="76" HEIGHT="37" WC="0.96" CONTENT="den"/><SP WIDTH="24" VPOS="1524" HPOS="1034"/>
							<String ID="string_243" HPOS="1058" VPOS="1525" WIDTH="169" HEIGHT="49" WC="0.96" CONTENT="begärda"/><SP WIDTH="26" VPOS="1525" HPOS="1227"/>
							<String ID="string_244" HPOS="1253" VPOS="1528" WIDTH="170" HEIGHT="47" WC="0.96" CONTENT="marken,"/><SP WIDTH="28" VPOS="1528" HPOS="1423"/>
							<String ID="string_245" HPOS="1451" VPOS="1529" WIDTH="229" HEIGHT="49" WC="0.96" CONTENT="visserligen"/><SP WIDTH="28" VPOS="1529" HPOS="1680"/>
							<String ID="string_246" HPOS="1708" VPOS="1531" WIDTH="129" HEIGHT="38" WC="0.96" CONTENT="kunde"/><SP WIDTH="23" VPOS="1531" HPOS="1837"/>
							<String ID="string_247" HPOS="1860" VPOS="1533" WIDTH="138" HEIGHT="37" WC="0.96" CONTENT="räknas"/>
						</TextLine>
						<TextLine ID="line_27" HPOS="404" VPOS="1568" WIDTH="1596" HEIGHT="64">
							<String ID="string_248" HPOS="404" VPOS="1568" WIDTH="55" HEIGHT="37" WC="0.93" CONTENT="till"/><SP WIDTH="27" VPOS="1568" HPOS="459"/>
							<String ID="string_249" HPOS="486" VPOS="1569" WIDTH="387" HEIGHT="51" WC="0.92" CONTENT="kungsladugårdens"/><SP WIDTH="28" VPOS="1569" HPOS="873"/>
							<String ID="string_250" HPOS="901" VPOS="1574" WIDTH="118" HEIGHT="48" WC="0.95" CONTENT="bästa,"/><SP WIDTH="30" VPOS="1574" HPOS="1019"/>
							<String ID="string_251" HPOS="1049" VPOS="1589" WIDTH="87" HEIGHT="24" WC="0.96" CONTENT="men"/><SP WIDTH="28" VPOS="1589" HPOS="1136"/>
							<String ID="string_252" HPOS="1164" VPOS="1583" WIDTH="66" HEIGHT="41" WC="0.96" CONTENT="att,"/><SP WIDTH="28" VPOS="1583" HPOS="1230"/>
							<String ID="string_253" HPOS="1258" VPOS="1577" WIDTH="49" HEIGHT="37" WC="0.96" CONTENT="då"/><SP WIDTH="23" VPOS="1577" HPOS="1307"/>
							<String ID="string_254" HPOS="1330" VPOS="1578" WIDTH="123" HEIGHT="38" WC="0.96" CONTENT="denna"/><SP WIDTH="23" VPOS="1578" HPOS="1453"/>
							<String ID="string_255" HPOS="1476" VPOS="1580" WIDTH="92" HEIGHT="37" WC="0.96" CONTENT="åker"/><SP WIDTH="18" VPOS="1580" HPOS="1568"/>
							<String ID="string_256" HPOS="1586" VPOS="1581" WIDTH="87" HEIGHT="48" WC="0.92" CONTENT="låge"/><SP WIDTH="18" VPOS="1581" HPOS="1673"/>
							<String ID="string_257" HPOS="1691" VPOS="1582" WIDTH="185" HEIGHT="49" WC="0.92" CONTENT="temligen"/><SP WIDTH="16" VPOS="1582" HPOS="1876"/>
							<String ID="string_258" HPOS="1892" VPOS="1583" WIDTH="108" HEIGHT="49" WC="0.96" CONTENT="långt"/>
						</TextLine>
						<TextLine ID="line_28" HPOS="404" VPOS="1619" WIDTH="1595" HEIGHT="58">
							<String ID="string_259" HPOS="404" VPOS="1619" WIDTH="80" HEIGHT="37" WC="0.95" CONTENT="från"/><SP WIDTH="40" VPOS="1619" HPOS="484"/>
							<String ID="string_260" HPOS="524" VPOS="1621" WIDTH="167" HEIGHT="47" WC="0.95" CONTENT="gårdens"/><SP WIDTH="41" VPOS="1621" HPOS="691"/>
							<String ID="string_261" HPOS="732" VPOS="1623" WIDTH="408" HEIGHT="51" WC="0.96" CONTENT="ekonomibyggnader"/><SP WIDTH="39" VPOS="1623" HPOS="1140"/>
							<String ID="string_262" HPOS="1179" VPOS="1629" WIDTH="70" HEIGHT="36" WC="0.87" CONTENT="och"/><SP WIDTH="42" VPOS="1629" HPOS="1249"/>
							<String ID="string_263" HPOS="1291" VPOS="1642" WIDTH="143" HEIGHT="35" WC="0.87" CONTENT="egorna"/><SP WIDTH="39" VPOS="1642" HPOS="1434"/>
							<String ID="string_264" HPOS="1473" VPOS="1630" WIDTH="168" HEIGHT="38" WC="0.88" CONTENT="derintill"/><SP WIDTH="37" VPOS="1630" HPOS="1641"/>
							<String ID="string_265" HPOS="1678" VPOS="1638" WIDTH="99" HEIGHT="31" WC="0.96" CONTENT="samt"/><SP WIDTH="27" VPOS="1638" HPOS="1777"/>
							<String ID="string_266" HPOS="1804" VPOS="1633" WIDTH="195" HEIGHT="39" WC="0.95" CONTENT="dessutom"/>
						</TextLine>
						<TextLine ID="line_29" HPOS="403" VPOS="1672" WIDTH="1597" HEIGHT="60">
							<String ID="string_267" HPOS="403" VPOS="1683" WIDTH="143" HEIGHT="24" WC="0.94" CONTENT="samma"/><SP WIDTH="35" VPOS="1683" HPOS="546"/>
							<String ID="string_268" HPOS="581" VPOS="1672" WIDTH="228" HEIGHT="49" WC="0.94" CONTENT="byggnader"/><SP WIDTH="36" VPOS="1672" HPOS="809"/>
							<String ID="string_269" HPOS="845" VPOS="1688" WIDTH="88" HEIGHT="24" WC="0.96" CONTENT="vore"/><SP WIDTH="41" VPOS="1688" HPOS="933"/>
							<String ID="string_270" HPOS="974" VPOS="1679" WIDTH="41" HEIGHT="34" WC="0.96" CONTENT="så"/><SP WIDTH="36" VPOS="1679" HPOS="1015"/>
							<String ID="string_271" HPOS="1051" VPOS="1677" WIDTH="267" HEIGHT="50" WC="0.96" CONTENT="otillräckliga,"/><SP WIDTH="37" VPOS="1677" HPOS="1318"/>
							<String ID="string_272" HPOS="1355" VPOS="1685" WIDTH="54" HEIGHT="32" WC="0.96" CONTENT="att"/><SP WIDTH="37" VPOS="1685" HPOS="1409"/>
							<String ID="string_273" HPOS="1446" VPOS="1681" WIDTH="46" HEIGHT="37" WC="0.96" CONTENT="de"/><SP WIDTH="40" VPOS="1681" HPOS="1492"/>
							<String ID="string_274" HPOS="1532" VPOS="1683" WIDTH="33" HEIGHT="47" WC="0.96" CONTENT="ej"/><SP WIDTH="35" VPOS="1683" HPOS="1565"/>
							<String ID="string_275" HPOS="1600" VPOS="1685" WIDTH="49" HEIGHT="46" WC="0.96" CONTENT="på"/><SP WIDTH="26" VPOS="1685" HPOS="1649"/>
							<String ID="string_276" HPOS="1675" VPOS="1683" WIDTH="108" HEIGHT="49" WC="0.96" CONTENT="långt"/><SP WIDTH="26" VPOS="1683" HPOS="1783"/>
							<String ID="string_277" HPOS="1809" VPOS="1689" WIDTH="69" HEIGHT="32" WC="0.93" CONTENT="när"/><SP WIDTH="27" VPOS="1689" HPOS="1878"/>
							<String ID="string_278" HPOS="1905" VPOS="1691" WIDTH="95" HEIGHT="31" WC="0.91" CONTENT="mot-"/>
						</TextLine>
						<TextLine ID="line_30" HPOS="403" VPOS="1722" WIDTH="1596" HEIGHT="60">
							<String ID="string_279" HPOS="403" VPOS="1722" WIDTH="158" HEIGHT="36" WC="0.95" CONTENT="svarade"/><SP WIDTH="30" VPOS="1722" HPOS="561"/>
							<String ID="string_280" HPOS="591" VPOS="1722" WIDTH="86" HEIGHT="38" WC="0.93" CONTENT="hela"/><SP WIDTH="22" VPOS="1722" HPOS="677"/>
							<String ID="string_281" HPOS="699" VPOS="1725" WIDTH="260" HEIGHT="47" WC="0.92" CONTENT="egendomens"/><SP WIDTH="28" VPOS="1725" HPOS="959"/>
							<String ID="string_282" HPOS="987" VPOS="1726" WIDTH="132" HEIGHT="49" WC="0.92" CONTENT="behof,"/><SP WIDTH="29" VPOS="1726" HPOS="1119"/>
							<String ID="string_283" HPOS="1148" VPOS="1729" WIDTH="73" HEIGHT="37" WC="0.96" CONTENT="den"/><SP WIDTH="28" VPOS="1729" HPOS="1221"/>
							<String ID="string_284" HPOS="1249" VPOS="1730" WIDTH="224" HEIGHT="48" WC="0.93" CONTENT="ifrågasatta"/><SP WIDTH="18" VPOS="1730" HPOS="1473"/>
							<String ID="string_285" HPOS="1491" VPOS="1732" WIDTH="287" HEIGHT="50" WC="0.91" CONTENT="afsöndringen,"/><SP WIDTH="22" VPOS="1732" HPOS="1778"/>
							<String ID="string_286" HPOS="1800" VPOS="1735" WIDTH="95" HEIGHT="37" WC="0.96" CONTENT="sedd"/><SP WIDTH="20" VPOS="1735" HPOS="1895"/>
							<String ID="string_287" HPOS="1915" VPOS="1736" WIDTH="84" HEIGHT="37" WC="0.96" CONTENT="från"/>
						</TextLine>
						<TextLine ID="line_31" HPOS="403" VPOS="1771" WIDTH="1594" HEIGHT="68">
							<String ID="string_288" HPOS="403" VPOS="1771" WIDTH="264" HEIGHT="39" WC="0.91" CONTENT="landtbrukets"/><SP WIDTH="41" VPOS="1771" HPOS="667"/>
							<String ID="string_289" HPOS="708" VPOS="1776" WIDTH="207" HEIGHT="47" WC="0.96" CONTENT="synpunkt,"/><SP WIDTH="41" VPOS="1776" HPOS="915"/>
							<String ID="string_290" HPOS="956" VPOS="1777" WIDTH="161" HEIGHT="38" WC="0.96" CONTENT="alldeles"/><SP WIDTH="41" VPOS="1777" HPOS="1117"/>
							<String ID="string_291" HPOS="1158" VPOS="1779" WIDTH="83" HEIGHT="38" WC="0.96" CONTENT="icke"/><SP WIDTH="31" VPOS="1779" HPOS="1241"/>
							<String ID="string_292" HPOS="1272" VPOS="1781" WIDTH="123" HEIGHT="37" WC="0.96" CONTENT="skulle"/><SP WIDTH="28" VPOS="1781" HPOS="1395"/>
							<String ID="string_293" HPOS="1423" VPOS="1782" WIDTH="171" HEIGHT="38" WC="0.96" CONTENT="medföra"/><SP WIDTH="27" VPOS="1782" HPOS="1594"/>
							<String ID="string_294" HPOS="1621" VPOS="1787" WIDTH="126" HEIGHT="45" WC="0.96" CONTENT="någon"/><SP WIDTH="30" VPOS="1787" HPOS="1747"/>
							<String ID="string_295" HPOS="1777" VPOS="1782" WIDTH="220" HEIGHT="57" WC="0.96" CONTENT="olägenhet;"/>
						</TextLine>
						<TextLine ID="line_32" HPOS="403" VPOS="1821" WIDTH="1596" HEIGHT="62">
							<String ID="string_296" HPOS="403" VPOS="1821" WIDTH="69" HEIGHT="37" WC="0.96" CONTENT="och"/><SP WIDTH="26" VPOS="1821" HPOS="472"/>
							<String ID="string_297" HPOS="498" VPOS="1822" WIDTH="99" HEIGHT="38" WC="0.92" CONTENT="hade"/><SP WIDTH="28" VPOS="1822" HPOS="597"/>
							<String ID="string_298" HPOS="625" VPOS="1824" WIDTH="413" HEIGHT="50" WC="0.92" CONTENT="förrättningsmännen"/><SP WIDTH="30" VPOS="1824" HPOS="1038"/>
							<String ID="string_299" HPOS="1068" VPOS="1829" WIDTH="175" HEIGHT="39" WC="0.96" CONTENT="värderat"/><SP WIDTH="28" VPOS="1829" HPOS="1243"/>
							<String ID="string_300" HPOS="1271" VPOS="1831" WIDTH="114" HEIGHT="37" WC="0.93" CONTENT="ofvan"/><SP WIDTH="27" VPOS="1831" HPOS="1385"/>
							<String ID="string_301" HPOS="1412" VPOS="1833" WIDTH="252" HEIGHT="38" WC="0.92" CONTENT="omförmälda"/><SP WIDTH="26" VPOS="1833" HPOS="1664"/>
							<String ID="string_302" HPOS="1690" VPOS="1836" WIDTH="123" HEIGHT="36" WC="0.95" CONTENT="under"/><SP WIDTH="23" VPOS="1836" HPOS="1813"/>
							<String ID="string_303" HPOS="1836" VPOS="1834" WIDTH="70" HEIGHT="49" WC="0.92" CONTENT="1:0)"/><SP WIDTH="21" VPOS="1834" HPOS="1906"/>
							<String ID="string_304" HPOS="1927" VPOS="1838" WIDTH="72" HEIGHT="36" WC="0.96" CONTENT="och"/>
						</TextLine>
						<TextLine ID="line_33" HPOS="401" VPOS="1869" WIDTH="1599" HEIGHT="63">
							<String ID="string_305" HPOS="401" VPOS="1869" WIDTH="73" HEIGHT="50" WC="0.78" CONTENT="4:0)"/><SP WIDTH="42" VPOS="1869" HPOS="474"/>
							<String ID="string_306" HPOS="516" VPOS="1879" WIDTH="198" HEIGHT="44" WC="0.96" CONTENT="upptagna"/><SP WIDTH="40" VPOS="1879" HPOS="714"/>
							<String ID="string_307" HPOS="754" VPOS="1878" WIDTH="193" HEIGHT="47" WC="0.96" CONTENT="områden,"/><SP WIDTH="40" VPOS="1878" HPOS="947"/>
							<String ID="string_308" HPOS="987" VPOS="1879" WIDTH="253" HEIGHT="39" WC="0.93" CONTENT="tillsammans"/><SP WIDTH="44" VPOS="1879" HPOS="1240"/>
							<String ID="string_309" HPOS="1284" VPOS="1884" WIDTH="119" HEIGHT="46" WC="0.86" CONTENT="70,742"/><SP WIDTH="41" VPOS="1884" HPOS="1403"/>
							<String ID="string_310" HPOS="1444" VPOS="1883" WIDTH="148" HEIGHT="49" WC="0.95" CONTENT="hektar,"/><SP WIDTH="41" VPOS="1883" HPOS="1592"/>
							<String ID="string_311" HPOS="1633" VPOS="1885" WIDTH="96" HEIGHT="37" WC="0.96" CONTENT="efter"/><SP WIDTH="39" VPOS="1885" HPOS="1729"/>
							<String ID="string_312" HPOS="1768" VPOS="1888" WIDTH="49" HEIGHT="35" WC="0.96" CONTENT="44"/><SP WIDTH="33" VPOS="1888" HPOS="1817"/>
							<String ID="string_313" HPOS="1850" VPOS="1892" WIDTH="63" HEIGHT="33" WC="0.95" CONTENT="öre"/><SP WIDTH="28" VPOS="1892" HPOS="1913"/>
							<String ID="string_314" HPOS="1941" VPOS="1888" WIDTH="59" HEIGHT="37" WC="0.96" CONTENT="för"/>
						</TextLine>
						<TextLine ID="line_34" HPOS="402" VPOS="1922" WIDTH="1596" HEIGHT="61">
							<String ID="string_315" HPOS="402" VPOS="1922" WIDTH="281" HEIGHT="50" WC="0.92" CONTENT="qvadratmeter"/><SP WIDTH="39" VPOS="1922" HPOS="683"/>
							<String ID="string_316" HPOS="722" VPOS="1926" WIDTH="94" HEIGHT="37" WC="0.93" CONTENT="eller"/><SP WIDTH="39" VPOS="1926" HPOS="816"/>
							<String ID="string_317" HPOS="855" VPOS="1929" WIDTH="110" HEIGHT="47" WC="0.92" CONTENT="4,400"/><SP WIDTH="33" VPOS="1929" HPOS="965"/>
							<String ID="string_318" HPOS="998" VPOS="1929" WIDTH="142" HEIGHT="38" WC="0.96" CONTENT="kronor"/><SP WIDTH="33" VPOS="1929" HPOS="1140"/>
							<String ID="string_319" HPOS="1173" VPOS="1931" WIDTH="55" HEIGHT="37" WC="0.96" CONTENT="för"/><SP WIDTH="27" VPOS="1931" HPOS="1228"/>
							<String ID="string_320" HPOS="1255" VPOS="1933" WIDTH="138" HEIGHT="37" WC="0.96" CONTENT="hektar"/><SP WIDTH="25" VPOS="1933" HPOS="1393"/>
							<String ID="string_321" HPOS="1418" VPOS="1934" WIDTH="56" HEIGHT="36" WC="0.92" CONTENT="till"/><SP WIDTH="29" VPOS="1934" HPOS="1474"/>
							<String ID="string_322" HPOS="1503" VPOS="1937" WIDTH="161" HEIGHT="46" WC="0.91" CONTENT="311,264"/><SP WIDTH="28" VPOS="1937" HPOS="1664"/>
							<String ID="string_323" HPOS="1692" VPOS="1936" WIDTH="140" HEIGHT="38" WC="0.96" CONTENT="kronor"/><SP WIDTH="27" VPOS="1936" HPOS="1832"/>
							<String ID="string_324" HPOS="1859" VPOS="1940" WIDTH="47" HEIGHT="35" WC="0.96" CONTENT="80"/><SP WIDTH="28" VPOS="1940" HPOS="1906"/>
							<String ID="string_325" HPOS="1934" VPOS="1944" WIDTH="64" HEIGHT="32" WC="0.96" CONTENT="öre"/>
						</TextLine>
						<TextLine ID="line_35" HPOS="401" VPOS="1973" WIDTH="1598" HEIGHT="58">
							<String ID="string_326" HPOS="401" VPOS="1973" WIDTH="71" HEIGHT="37" WC="0.96" CONTENT="och"/><SP WIDTH="41" VPOS="1973" HPOS="472"/>
							<String ID="string_327" HPOS="513" VPOS="1976" WIDTH="171" HEIGHT="37" WC="0.96" CONTENT="området"/><SP WIDTH="38" VPOS="1976" HPOS="684"/>
							<String ID="string_328" HPOS="722" VPOS="1977" WIDTH="123" HEIGHT="38" WC="0.93" CONTENT="under"/><SP WIDTH="41" VPOS="1977" HPOS="845"/>
							<String ID="string_329" HPOS="886" VPOS="1976" WIDTH="71" HEIGHT="50" WC="0.88" CONTENT="3:0)"/><SP WIDTH="42" VPOS="1976" HPOS="957"/>
							<String ID="string_330" HPOS="999" VPOS="1980" WIDTH="87" HEIGHT="37" WC="0.96" CONTENT="med"/><SP WIDTH="33" VPOS="1980" HPOS="1086"/>
							<String ID="string_331" HPOS="1119" VPOS="1994" WIDTH="45" HEIGHT="24" WC="0.96" CONTENT="en"/><SP WIDTH="29" VPOS="1994" HPOS="1164"/>
							<String ID="string_332" HPOS="1193" VPOS="1983" WIDTH="101" HEIGHT="36" WC="0.96" CONTENT="areal"/><SP WIDTH="29" VPOS="1983" HPOS="1294"/>
							<String ID="string_333" HPOS="1323" VPOS="1984" WIDTH="41" HEIGHT="37" WC="0.96" CONTENT="af"/><SP WIDTH="23" VPOS="1984" HPOS="1364"/>
							<String ID="string_334" HPOS="1387" VPOS="1987" WIDTH="73" HEIGHT="44" WC="0.86" CONTENT="8,37"/><SP WIDTH="31" VPOS="1987" HPOS="1460"/>
							<String ID="string_335" HPOS="1491" VPOS="1985" WIDTH="136" HEIGHT="38" WC="0.96" CONTENT="hektar"/><SP WIDTH="23" VPOS="1985" HPOS="1627"/>
							<String ID="string_336" HPOS="1650" VPOS="1988" WIDTH="94" HEIGHT="36" WC="0.95" CONTENT="efter"/><SP WIDTH="28" VPOS="1988" HPOS="1744"/>
							<String ID="string_337" HPOS="1772" VPOS="1990" WIDTH="49" HEIGHT="35" WC="0.96" CONTENT="24"/><SP WIDTH="28" VPOS="1990" HPOS="1821"/>
							<String ID="string_338" HPOS="1849" VPOS="1993" WIDTH="63" HEIGHT="33" WC="0.96" CONTENT="öre"/><SP WIDTH="29" VPOS="1993" HPOS="1912"/>
							<String ID="string_339" HPOS="1941" VPOS="1990" WIDTH="58" HEIGHT="37" WC="0.96" CONTENT="för"/>
						</TextLine>
						<TextLine ID="line_36" HPOS="401" VPOS="2025" WIDTH="1598" HEIGHT="59">
							<String ID="string_340" HPOS="401" VPOS="2025" WIDTH="283" HEIGHT="48" WC="0.87" CONTENT="qvadratmeter"/><SP WIDTH="40" VPOS="2025" HPOS="684"/>
							<String ID="string_341" HPOS="724" VPOS="2028" WIDTH="94" HEIGHT="37" WC="0.93" CONTENT="eller"/><SP WIDTH="27" VPOS="2028" HPOS="818"/>
							<String ID="string_342" HPOS="845" VPOS="2031" WIDTH="110" HEIGHT="45" WC="0.93" CONTENT="2,400"/><SP WIDTH="28" VPOS="2031" HPOS="955"/>
							<String ID="string_343" HPOS="983" VPOS="2031" WIDTH="142" HEIGHT="37" WC="0.96" CONTENT="kronor"/><SP WIDTH="27" VPOS="2031" HPOS="1125"/>
							<String ID="string_344" HPOS="1152" VPOS="2032" WIDTH="59" HEIGHT="37" WC="0.96" CONTENT="för"/><SP WIDTH="26" VPOS="2032" HPOS="1211"/>
							<String ID="string_345" HPOS="1237" VPOS="2034" WIDTH="136" HEIGHT="38" WC="0.96" CONTENT="hektar"/><SP WIDTH="26" VPOS="2034" HPOS="1373"/>
							<String ID="string_346" HPOS="1399" VPOS="2035" WIDTH="55" HEIGHT="37" WC="0.93" CONTENT="till"/><SP WIDTH="28" VPOS="2035" HPOS="1454"/>
							<String ID="string_347" HPOS="1482" VPOS="2038" WIDTH="136" HEIGHT="46" WC="0.92" CONTENT="20,088"/><SP WIDTH="29" VPOS="2038" HPOS="1618"/>
							<String ID="string_348" HPOS="1647" VPOS="2038" WIDTH="152" HEIGHT="37" WC="0.95" CONTENT="kronor."/><SP WIDTH="54" VPOS="2038" HPOS="1799"/>
							<String ID="string_349" HPOS="1853" VPOS="2039" WIDTH="56" HEIGHT="37" WC="0.95" CONTENT="Då"/><SP WIDTH="33" VPOS="2039" HPOS="1909"/>
							<String ID="string_350" HPOS="1942" VPOS="2041" WIDTH="57" HEIGHT="36" WC="0.96" CONTENT="till"/>
						</TextLine>
						<TextLine ID="line_37" HPOS="401" VPOS="2075" WIDTH="1596" HEIGHT="55">
							<String ID="string_351" HPOS="401" VPOS="2075" WIDTH="102" HEIGHT="37" WC="0.96" CONTENT="detta"/><SP WIDTH="38" VPOS="2075" HPOS="503"/>
							<String ID="string_352" HPOS="541" VPOS="2077" WIDTH="140" HEIGHT="50" WC="0.96" CONTENT="belopp"/><SP WIDTH="40" VPOS="2077" HPOS="681"/>
							<String ID="string_353" HPOS="721" VPOS="2078" WIDTH="101" HEIGHT="49" WC="0.96" CONTENT="lagts"/><SP WIDTH="41" VPOS="2078" HPOS="822"/>
							<String ID="string_354" HPOS="863" VPOS="2081" WIDTH="256" HEIGHT="49" WC="0.96" CONTENT="uppskattade"/><SP WIDTH="40" VPOS="2081" HPOS="1119"/>
							<String ID="string_355" HPOS="1159" VPOS="2084" WIDTH="135" HEIGHT="37" WC="0.96" CONTENT="värdet"/><SP WIDTH="40" VPOS="2084" HPOS="1294"/>
							<String ID="string_356" HPOS="1334" VPOS="2085" WIDTH="42" HEIGHT="37" WC="0.96" CONTENT="af"/><SP WIDTH="36" VPOS="2085" HPOS="1376"/>
							<String ID="string_357" HPOS="1412" VPOS="2086" WIDTH="74" HEIGHT="37" WC="0.90" CONTENT="den"/><SP WIDTH="37" VPOS="2086" HPOS="1486"/>
							<String ID="string_358" HPOS="1523" VPOS="2091" WIDTH="21" HEIGHT="33" WC="0.55" CONTENT="&amp;å"/><SP WIDTH="38" VPOS="2091" HPOS="1544"/>
							<String ID="string_359" HPOS="1582" VPOS="2088" WIDTH="235" HEIGHT="38" WC="0.88" CONTENT="sistberörda"/><SP WIDTH="28" VPOS="2088" HPOS="1817"/>
							<String ID="string_360" HPOS="1845" VPOS="2091" WIDTH="152" HEIGHT="37" WC="0.96" CONTENT="område"/>
						</TextLine>
						<TextLine ID="line_38" HPOS="399" VPOS="2127" WIDTH="1598" HEIGHT="60">
							<String ID="string_361" HPOS="399" VPOS="2127" WIDTH="174" HEIGHT="36" WC="0.93" CONTENT="växande"/><SP WIDTH="30" VPOS="2127" HPOS="573"/>
							<String ID="string_362" HPOS="603" VPOS="2129" WIDTH="274" HEIGHT="49" WC="0.91" CONTENT="ståndskogen,"/><SP WIDTH="27" VPOS="2129" HPOS="877"/>
							<String ID="string_363" HPOS="904" VPOS="2133" WIDTH="73" HEIGHT="36" WC="0.96" CONTENT="440"/><SP WIDTH="28" VPOS="2133" HPOS="977"/>
							<String ID="string_364" HPOS="1005" VPOS="2133" WIDTH="153" HEIGHT="47" WC="0.96" CONTENT="kronor,"/><SP WIDTH="28" VPOS="2133" HPOS="1158"/>
							<String ID="string_365" HPOS="1186" VPOS="2134" WIDTH="98" HEIGHT="37" WC="0.93" CONTENT="hade"/><SP WIDTH="36" VPOS="2134" HPOS="1284"/>
							<String ID="string_366" HPOS="1320" VPOS="2136" WIDTH="218" HEIGHT="38" WC="0.92" CONTENT="saluvärdet"/><SP WIDTH="28" VPOS="2136" HPOS="1538"/>
							<String ID="string_367" HPOS="1566" VPOS="2141" WIDTH="21" HEIGHT="33" WC="0.92" CONTENT="å"/><SP WIDTH="31" VPOS="2141" HPOS="1587"/>
							<String ID="string_368" HPOS="1618" VPOS="2138" WIDTH="290" HEIGHT="49" WC="0.95" CONTENT="ifrågavarande"/><SP WIDTH="33" VPOS="2138" HPOS="1908"/>
							<String ID="string_369" HPOS="1941" VPOS="2147" WIDTH="56" HEIGHT="32" WC="0.96" CONTENT="tre"/>
						</TextLine>
						<TextLine ID="line_39" HPOS="400" VPOS="2177" WIDTH="1597" HEIGHT="59">
							<String ID="string_370" HPOS="400" VPOS="2177" WIDTH="182" HEIGHT="37" WC="0.96" CONTENT="områden"/><SP WIDTH="32" VPOS="2177" HPOS="582"/>
							<String ID="string_371" HPOS="614" VPOS="2179" WIDTH="253" HEIGHT="39" WC="0.95" CONTENT="tillsammans"/><SP WIDTH="32" VPOS="2179" HPOS="867"/>
							<String ID="string_372" HPOS="899" VPOS="2183" WIDTH="196" HEIGHT="49" WC="0.95" CONTENT="upptagits"/><SP WIDTH="32" VPOS="2183" HPOS="1095"/>
							<String ID="string_373" HPOS="1127" VPOS="2184" WIDTH="57" HEIGHT="37" WC="0.96" CONTENT="till"/><SP WIDTH="26" VPOS="2184" HPOS="1184"/>
							<String ID="string_374" HPOS="1210" VPOS="2185" WIDTH="13" HEIGHT="37" WC="0.92" CONTENT="i"/><SP WIDTH="21" VPOS="2185" HPOS="1223"/>
							<String ID="string_375" HPOS="1244" VPOS="2185" WIDTH="177" HEIGHT="49" WC="0.84" CONTENT="jemnadt"/><SP WIDTH="27" VPOS="2185" HPOS="1421"/>
							<String ID="string_376" HPOS="1448" VPOS="2188" WIDTH="52" HEIGHT="36" WC="0.93" CONTENT="tal"/><SP WIDTH="29" VPOS="2188" HPOS="1500"/>
							<String ID="string_377" HPOS="1529" VPOS="2190" WIDTH="159" HEIGHT="46" WC="0.92" CONTENT="331,800"/><SP WIDTH="29" VPOS="2190" HPOS="1688"/>
							<String ID="string_378" HPOS="1717" VPOS="2190" WIDTH="152" HEIGHT="37" WC="0.93" CONTENT="kronor."/><SP WIDTH="57" VPOS="2190" HPOS="1869"/>
							<String ID="string_379" HPOS="1926" VPOS="2192" WIDTH="71" HEIGHT="37" WC="0.89" CONTENT="Be-"/>
						</TextLine>
					</TextBlock>
				</ComposedBlock>
			</PrintSpace>
		</Page>
	</Layout>
</alto>
