2168 2604
420 141 20 28 4
884 143 232 43 Lagutskottets
1138 148 163 33 utlåtande
1322 154 50 28 Nr
1394 152 53 31 54.

356 228 145 45 flottan,
538 242 81 23 som
651 233 43 32 är
731 232 50 43 på
820 233 137 45 sjötåg,
996 235 144 43 jämväl
1173 248 126 24 annan
1326 239 159 46 lämplig
1510 253 148 34 person,
1687 255 80 24 som
1793 247 176 45 fullgjort

355 278 123 44 dylikt
516 292 105 32 prov,
662 281 198 37 förordnas
900 287 57 32 att
988 285 68 35 där
1081 298 93 23 vara
1200 288 226 44 krigsfiskal.
1479 291 181 37 Närmare
1687 290 282 55 bestämmelser

355 340 61 24 om
456 341 51 23 nu
548 330 248 37 omförmälda
823 345 95 32 prov
945 339 98 31 samt
1070 348 60 23 om
1158 338 232 44 krigsfiskals
1417 341 257 48 tjänstgöring
1700 345 192 37 meddelas
1919 359 49 24 av

352 379 228 45 Konungen.

488 430 217 46 Konungen
745 433 72 43 må,
859 435 69 34 där
955 436 42 34 så
1024 448 110 24 ansés
1162 439 249 45 erforderligt,
1439 441 178 37 förordna
1643 445 82 35 vice
1748 442 217 54 krigsfiskal

354 483 68 38 att,
464 479 48 35 då
547 480 224 47 krigsfiskal,
799 495 81 24 som
908 497 98 23 ovan
1035 490 96 41 sägs,
1160 492 43 31 är
1229 490 223 36 förhindrad
1479 496 56 32 att
1562 494 223 45 tjänstgöra,
1812 498 152 35 inträda

354 529 12 33 i
406 530 97 34 hans
543 532 119 35 ställe.
716 533 80 35 Har
823 535 34 44 ej
887 537 82 34 vice
996 537 212 45 krigsfiskal
1235 540 226 46 förordnats,
1490 544 89 34 eller
1604 544 200 47 föreligger
1830 548 135 36 hinder

354 582 111 32 även"
491 580 81 36 för
567 576 16 59 '
590 581 133 46 denne,
755 584 199 38 förordnas
982 598 126 25 annan
1135 590 320 37 ställföreträdare
1482 605 48 23 av
1554 594 338 44 Justitiekanslern.
1947 600 18 33 I

354 629 80 43 fall,
463 630 68 36 där
557 632 271 39 förordnandet
854 637 35 43 ej
920 641 92 32 utan
1039 640 201 44 olägenhet
1265 642 74 35 kan
1368 644 194 45 avvaktas,
1590 645 63 36 må
1680 646 94 36 dock
1800 648 73 35 den
1901 650 63 34 be-

352 680 208 46 fälhavare,
602 695 80 24 som
722 688 42 31 är
802 687 156 45 behörig
996 692 56 32 att
1090 691 224 36 föranstalta
1349 705 62 23 om
1439 694 246 45 krigsrättens
1712 699 253 35 sammankal-

349 729 129 45 lande,
512 729 83 39 tills
634 733 130 36 vidare
798 736 181 36 förordna
1006 740 328 37 ställföreträdare.
1389 745 193 35 Meddelar
1610 747 266 37 befälhavaren
1904 749 59 36 så-

353 780 98 36 dant
485 782 279 50 förordnande,
784 786 143 45 åligger
954 788 63 35 det
1044 790 138 35 honom
1210 795 55 32 att
1292 793 131 36 därom
1451 796 126 34 lämna
1604 798 273 37 underrättelse
1904 801 58 34 till

351 830 336 43 justitiekanslern.
897 872 2 3 .

484 882 60 36 Då
583 884 133 36 målets
756 887 263 38 beskaffenhet
1058 891 63 35 det
1155 892 158 45 fordrar,
1342 895 63 35 må
1430 895 324 44 Justitiekanslern
1780 900 60 35 för
1866 901 96 36 visst

352 932 73 34 mål
453 932 180 37 förordna
660 936 158 36 särskild
846 938 178 46 åklagare
1051 942 64 34 vid
1142 943 237 45 krigsrätten.

484 1084 136 46 Denna
658 1088 64 43 lag
759 1089 128 34 träder
926 1090 11 33 i
977 1091 101 36 kraft
1112 1094 122 44 dagen
1262 1095 95 36 efter
1384 1097 85 43 den,
1497 1098 48 35 då
1572 1100 122 44 lagen,
1723 1102 118 44 enligt
1867 1103 92 35 därå

351 1134 198 36 meddelad
590 1137 162 43 uppgift,
793 1138 84 35 från
919 1142 145 43 trycket
1103 1144 237 36 utkommit
1327 1130 24 59 i
1372 1148 138 34 svensk
1535 1145 422 57 författningssamling.

480 1277 244 37 Beträffande
751 1281 46 34 de
823 1283 93 43 skäl,
945 1295 81 24 som
1053 1286 101 44 ligga
1181 1288 56 34 till
1265 1290 124 43 grund
1416 1290 60 35 för
1496 1292 290 44 ifrågavarande
1803 1295 153 46 förslag,

347 1326 59 36 får
432 1327 182 37 utskottet
639 1329 160 37 hänvisa
825 1333 58 34 till
910 1336 293 42 propositionen.

478 1377 193 38 Utskottet
710 1381 69 35 har
803 1383 65 35 vid
896 1386 233 45 granskning
1155 1400 49 23 av
1230 1389 182 46 förslaget
1437 1392 79 35 icke
1543 1393 129 36 funnit
1698 1394 80 35 skäl
1805 1396 57 35 till
1890 1408 67 23 an-

345 1427 201 46 märkning
572 1433 78 32 mot
677 1430 209 38 detsamma
914 1435 70 34 och
1011 1436 59 35 får
1096 1439 112 34 alltså
1234 1436 211 54 hemställa,

879 1538 56 33 att
962 1537 290 45 ifrågavarande
1275 1543 233 43 proposition
1536 1544 115 36 måtte
1679 1557 49 23 av
1753 1547 201 46 riksdagen

748 1583 159 36 bifallas.

479 1672 218 37 Stockholm
725 1674 72 36 den
826 1677 20 35 6
876 1679 76 43 maj
987 1681 105 35 1918.

881 1789 55 35 På
963 1791 265 43 lagutskottets
1255 1797 159 41 vägnar:

882 1899 167 36 JAKOB
1076 1901 338 38 PETTERSSON.
