1918 2840
64 1930 66 26 Väg-
151 1931 50 22 och

76 1966 108 22 vatten-

53 2000 156 26 byggnads-

52 2035 153 25 styrelsens

35 2070 185 22 verksamhet.

71 2111 107 49 [3.]”)

60 2234 67 26 Väg-
147 2235 49 21 och

75 2270 107 21 vatten-

51 2303 154 26 byggnads-

52 2338 153 26 styrelsens

60 2372 140 23 distrikts-

37 2406 179 26 tjänstemän.

90 2450 67 47 [4.]

258 164 19 30 6
733 169 228 29 Statsutskottets
985 172 147 27 utlåtande
1154 173 48 27 Nr
1224 170 52 32 30.

256 242 75 40 ring
352 246 60 30 750
433 245 123 32 kronor
573 248 85 30 samt
679 248 18 30 6
719 246 341 40 distriktsingenjörer
1078 260 99 21 envar
1196 249 55 32 lön
1274 251 94 37 1,500
1387 251 121 32 kronor
1527 252 60 32 och
1606 252 156 38 tillfällig

256 295 278 39 löneförbättring
555 298 60 31 375
636 298 122 32 kronor
777 303 152 28 ävensom
949 299 257 40 dyrtidstillägg
1225 302 60 31 och
1305 301 68 33 viss
1391 303 203 37 gottgörelse
1613 304 53 32 för
1685 304 75 32 mis-

255 347 75 32 tade
355 348 329 40 arvodesinkomster,
711 349 114 33 vilken
849 350 207 34 sistnämnda
1079 352 185 38 ersättning
1288 353 109 33 skulle
1420 355 83 37 utgå
1528 355 85 32 efter
1637 367 125 21 samma

254 397 312 40 beräkningsgrund
588 400 52 32 för
661 401 231 33 distriktschef
915 403 60 32 och
997 403 315 39 distriktsingenjör.
1346 405 18 31 I
1386 405 195 34 förberörda
1603 407 158 32 motioner

255 450 60 31 har
336 451 104 37 gjorts
463 452 164 38 gällande,
651 455 50 30 att
723 465 39 20 en
785 454 101 32 sådan
908 454 311 39 beräkningsgrund
1242 456 129 33 komme
1395 460 50 29 att
1467 458 101 32 ställa
1590 458 51 38 sig
1662 459 11 31 i
1694 460 67 31 viss

255 502 76 31 mån
356 502 156 33 orättvist
536 503 259 39 missgynnande
819 505 53 32 för
895 508 50 30 tre
969 506 12 31 i
1005 506 204 33 motionerna
1234 508 145 38 angivna
1403 509 165 33 ordinarie
1594 509 166 34 distrikts-

255 553 195 40 ingenjörer,
475 554 93 33 vilka
590 555 163 33 alltsedan
776 557 37 31 år
838 558 82 31 1922
943 558 187 38 uppehållit
1152 558 231 40 befattningar
1405 573 69 20 som
1497 563 23 30 t.
1545 562 25 31 f.
1594 562 166 33 distrikts-

254 605 120 32 chefer.
406 606 114 32 Såsom
540 619 42 20 av
600 608 429 39 statsverkspropositionen
1047 609 175 40 inhämtas,
1243 611 61 32 har
1322 612 182 33 emellertid
1525 613 236 33 statskontoret

254 668 41 19 av
314 656 210 39 principiella
545 659 71 31 skäl
637 660 157 38 avstyrkt
813 663 49 29 att
880 660 257 38 ifrågavarande
1156 664 50 31 tre
1225 662 333 39 befattningshavare
1577 666 73 32 med
1670 678 89 20 avse-

254 708 82 32 ende
374 710 19 30 å
431 709 157 33 blivande
627 711 240 32 löneförmåner
906 714 20 30 å
964 713 288 39 indragningsstat
1278 715 186 37 jämställas
1493 717 73 32 med
1596 717 163 33 ordinarie

254 758 240 35 distriktschef.
533 761 171 34 Utskottet
728 764 104 31 måste
857 764 195 38 visserligen
1079 766 74 31 dela
1177 766 39 32 de
1243 767 142 32 sålunda
1409 768 142 32 anförda
1574 768 185 39 betänklig-

255 811 144 37 heterna,
419 824 73 20 men
512 825 95 19 anser
624 814 82 32 dock
726 815 140 37 förtjänt
884 827 41 21 av
944 818 239 38 övervägande,
1203 818 167 33 huruvida
1388 819 39 32 de
1445 821 24 30 t.
1488 819 25 32 f.
1533 820 227 33 distriktsche-

255 861 94 33 ferna
370 863 40 38 ej,
432 864 75 31 med
530 864 130 38 hänsyn
681 864 55 33 till
758 865 73 32 sina
849 866 144 38 tidigare
1014 868 467 40 anställningsförhållanden,
1503 870 94 33 vilka
1618 872 87 32 lärer
1725 872 36 32 få

255 912 167 34 betraktas
440 926 70 20 som
527 914 159 39 tämligen
703 917 345 39 undantagsmässiga,
1066 918 11 31 i
1092 919 61 31 allt
1168 918 64 32 fall
1248 919 109 33 skulle
1371 920 115 33 kunna
1500 921 136 33 beredas
1653 923 107 37 någon

254 963 155 39 lämpligt
429 966 131 36 avvägd
583 966 143 32 särskild
746 968 199 37 gottgörelse
964 967 119 33 liksom
1104 969 60 32 ock
1185 969 168 33 huruvida
1372 971 28 37 ej
1421 971 95 33 deras
1537 972 223 39 tjänstgöring

253 1025 68 21 som
358 1013 269 35 distriktschefer
661 1016 100 33 borde
797 1018 157 32 motivera
990 1020 48 30 ett
1072 1019 101 37 högre
1209 1020 318 39 pensionsunderlag
1563 1027 41 27 än
1629 1023 55 32 det
1708 1024 52 31 för

254 1064 306 40 distriktsingenjör
582 1067 164 37 gällande.

308 1115 111 34 Under
445 1117 206 39 åberopande
678 1131 42 19 av
744 1120 64 32 vad
834 1120 141 32 sålunda
999 1121 139 38 anförts,
1164 1121 54 32 får
1244 1122 162 32 utskottet
1430 1122 176 39 tillstyrka
1632 1124 124 38 Kungl.

251 1167 116 39 Maj:ts
389 1168 218 34 förevarande
630 1170 128 38 förslag
778 1170 53 33 till
845 1172 264 37 genomförande
1131 1184 41 20 av
1193 1185 47 26 ny
1261 1174 293 38 vägorganisation
1575 1176 59 31 och
1658 1176 101 32 därav

251 1218 176 39 betingade
445 1221 182 37 ändringar
645 1222 12 31 i
675 1227 78 32 väg-
774 1223 59 31 och
852 1223 614 38 vattenbyggnadsadministrationen.

306 1270 49 33 De
376 1283 42 20 av
438 1272 363 38 departementschefen
820 1274 188 38 uppgjorda
1028 1275 402 40 anslagsberäkningarna
1448 1278 87 32 hava
1554 1279 29 38 ej
1604 1278 86 38 givit
1708 1282 50 29 ut-

251 1322 123 33 skottet
394 1323 182 39 anledning
593 1324 54 32 till
667 1324 141 33 erinran.
839 1325 17 31 I
875 1327 325 32 överensstämmelse
1218 1328 135 32 härmed
1373 1329 206 33 framställer
1597 1331 162 33 utskottet

250 1374 106 32 under
374 1386 45 20 nu
440 1375 219 33 förevarande
679 1377 61 30 och
760 1376 148 38 följande
927 1377 145 38 punkter
1091 1378 128 38 förslag
1239 1391 52 20 om
1313 1382 59 36 att,
1394 1381 73 32 med
1489 1382 211 33 uteslutande
1719 1395 39 20 ur

250 1425 178 33 riksstaten
452 1439 42 19 av
514 1426 90 41 vissa
629 1427 55 32 till
707 1432 79 34 väg-
811 1429 58 31 och
893 1429 453 38 vattenbyggnadsväsendet
1370 1443 44 20 nu
1439 1433 170 38 uppförda
1632 1435 125 37 anslag,

250 1477 123 39 bevilja
398 1478 54 31 för
478 1479 188 32 ändamålet
691 1479 219 39 erforderliga
933 1480 130 39 belopp,
1092 1481 61 32 allt
1176 1481 13 32 i
1216 1482 146 38 enlighet
1387 1484 74 32 med
1487 1484 128 39 Kungl.
1641 1486 116 38 Maj:ts

250 1528 299 40 framställningar.

306 1580 171 33 Utskottet
493 1582 191 32 hemställer
699 1583 100 32 alltså
813 1584 103 32 under
931 1596 45 20 nu
991 1585 218 33 förevarande
1223 1586 117 38 punkt,

559 1670 48 30 att
629 1668 179 38 riksdagen
833 1670 52 31 må
907 1669 12 31 i
943 1669 179 33 riksstaten
1145 1671 54 32 för
1221 1671 197 38 budgetåret
1444 1670 183 37 1930/1931
1653 1676 104 31 under

517 1720 97 37 sjätte
634 1720 215 32 huvudtiteln
867 1721 145 38 uppföra
1031 1722 54 32 det
1106 1722 165 33 ordinarie
1291 1724 297 39 förslagsanslaget
1607 1726 52 32 till
1679 1729 77 35 väg-

516 1770 60 31 och
616 1771 457 38 vattenbyggnadsstyrelsen
1112 1773 72 32 med
1225 1774 194 32 oförändrat
1457 1775 119 39 belopp
1618 1778 138 36 167,500

514 1821 127 31 kronor.

308 1919 67 40 2:0)
406 1923 111 32 Under
534 1923 200 39 hänvisning
750 1924 52 32 till
819 1925 62 32 vad
898 1925 93 33 förut
1007 1927 103 32 under
1126 1927 108 37 punkt
1253 1924 67 41 1:0)
1340 1928 140 39 anförts,
1497 1930 190 33 hemställer
1705 1934 49 29 ut-

248 1973 132 38 skottet,

558 2029 49 29 att
630 2026 178 39 riksdagen
831 2029 52 30 må
907 2028 50 31 till
985 2032 74 34 väg-
1082 2029 59 32 och
1168 2030 472 40 vattenbyggnadsstyrelsens
1664 2034 90 31 verk-

513 2077 127 32 samhet
657 2079 52 31 för
726 2078 196 38 budgetåret
940 2077 183 36 1930/1931
1141 2081 115 32 anvisa
1274 2084 47 30 ett
1336 2084 94 31 extra
1446 2084 117 38 anslag
1579 2096 40 20 av
1636 2086 118 37 50,000

512 2129 127 32 kronor.

303 2228 68 35 3:0)
399 2228 220 42 Åberopande
642 2234 62 31 vad
725 2233 11 31 i
756 2235 55 31 det
832 2234 198 38 föregående
1049 2236 104 32 under
1172 2237 108 37 punkt
1302 2234 67 41 1:0)
1392 2239 129 32 anförts
1541 2239 212 34 beträffande

249 2287 75 32 väg-
348 2284 58 31 och
429 2284 473 39 vattenbyggnadsstyrelsens
926 2286 366 41 distriktstjänstemän,
1316 2289 191 33 hemställer
1528 2291 171 39 utskottet,

558 2340 32 40 a)
618 2346 49 30 att
686 2344 177 38 riksdagen
880 2346 62 38 må,
961 2347 74 31 med
1052 2347 212 33 uteslutande
1281 2360 39 19 ur
1337 2348 180 33 riksstaten
1535 2361 42 20 av
1595 2351 55 32 det
1668 2351 84 33 ordi-

513 2395 90 32 narie
630 2396 150 38 anslaget
807 2396 53 32 till
888 2402 78 32 väg-
996 2398 59 31 och
1083 2399 474 39 vattenbyggnadsstyrelsens
1586 2401 166 34 distrikts-

513 2447 209 38 tjänstemän,
744 2448 176 37 godkänna
941 2449 41 33 de
1003 2461 41 20 av
1065 2450 362 38 departementschefen
1447 2452 11 31 i
1481 2453 271 40 statsrådsproto-

300 2537 19 31 ')
338 2538 146 26 Hänvisar
503 2539 44 26 till
564 2540 93 31 punkt
675 2540 9 24 i
705 2541 325 32 statsrådsprotokollet.
