2196 2646
747 201 261 32 Bankoutskottets
1031 200 162 33 Memorial
1215 200 66 33 N:o
1304 203 27 29 I.
1832 204 17 28 3

253 663 254 42 Berättelse
534 664 79 41 till
640 663 370 42 bankoutskottet
1037 663 225 50 angående
1288 662 296 42 riksbankens
1610 661 223 51 tillstånd,

742 730 170 42 rörelse
939 730 85 41 och
1050 729 296 51 förvaltning.

342 886 16 36 I
386 887 70 61 den
484 887 196 36 berättelse
706 886 190 48 angående
918 886 244 36 riksbankens
1181 886 178 45 tillstånd,
1378 886 137 36 rörelse
1535 886 68 36 och
1621 885 228 47 förvaltning

239 937 121 36 under
398 936 40 37 år
480 939 107 42 1906,
629 950 79 23 som
746 936 236 48 fullmäktige
1017 937 152 46 jämlikt
1206 915 188 58 föreskrift
1420 937 12 35 i
1458 933 19 49 $
1506 938 44 34 32
1581 935 41 37 af
1646 937 108 45 lagen
1789 935 60 37 för

242 986 168 49 Sveriges
456 989 178 36 riksbank
681 988 153 36 härmed
874 968 84 55 till
975 988 306 36 bankoutskottet
1332 986 149 49 afgifva,
1535 986 157 37 omfatta
1738 985 114 38 siffer-

240 1038 304 46 redogörelserna
569 1040 13 34 i
609 1039 203 36 allmänhet
850 1038 84 36 hela
973 1038 164 36 nämnda
1177 1038 49 44 ir,
1264 1018 193 56 hvaremot
1484 1036 230 38 beträffande
1741 1037 45 36 de
1812 1036 41 36 af

241 1088 235 47 fullmäktige
502 1089 178 46 vidtagna
706 1090 121 36 beslut
854 1089 68 36 och
950 1088 173 47 åtgärder
1150 1088 130 37 endast
1303 1088 138 37 sådana
1459 1094 195 41 upptagas,
1673 1101 78 23 som
1770 1088 80 36 icke

241 1140 122 36 finnas
391 1139 245 37 omförmälda
662 1141 13 35 i
701 1140 71 36 den
805 1139 40 37 af
872 1146 122 30 senast
1021 1139 224 37 församlade
1272 1140 180 36 revisorer
1478 1140 58 35 till
1563 1139 210 46 Riksdagen
1801 1137 50 37 af-

242 1189 105 47 gifna
374 1191 194 36 berättelse
595 1191 189 45 angående
810 1191 235 36 riksbanken.

469 1457 70 37 Om
566 1457 239 48 grundfond,
832 1458 237 36 reservfond
1101 1458 75 36 och
1201 1459 262 36 reserverade
1489 1458 145 36 medel.

1008 1573 18 49 $
1056 1578 32 34 1.

341 1660 258 37 Riksbankens
625 1660 201 62 tillgångar
852 1661 69 35 och
947 1661 214 46 fordringar
1187 1659 146 37 utöfver
1353 1659 79 37 dess
1452 1660 152 35 skulder
1623 1660 149 35 komma
1791 1664 54 31 att
1864 1654 177 62 ”tsbankens

241 1712 12 34 i
280 1711 165 36 bankens
471 1711 153 36 bokslut
649 1710 58 37 för
734 1711 40 35 år
803 1713 94 34 1906
927 1692 188 66 upptagas
1138 1710 170 37 sålunda:
1976 1700 14 16 "

342 1760 215 48 ZTUNdfÉONA
567 1793 60 4 susse
636 1792 58 5 sseser
702 1792 25 5 ass
737 1793 24 4 rer
772 1792 90 6 srsrrsrr
873 1793 56 4 snaran
937 1792 27 4 sar
982 1793 48 4 baser
1039 1793 59 4 saras
1108 1793 57 4 sensns
1174 1793 81 4 renarna
1262 1792 72 5 nian
1364 1760 53 36 kr.
1447 1761 229 45 30,000,000:
1703 1779 50 5 —

341 1811 216 36 PKT
429 1807 39 55 116
477 1807 32 55 (6)
515 1807 32 55 66
567 1841 767 7 UR
1383 1825 11 15 »
1471 1812 205 44 8,735,000:
1703 1830 49 3 —

343 1862 232 36 reserverade
600 1862 119 36 medel
747 1862 58 36 till
832 1841 189 57 framtida
1034 1844 223 64 förfogande
1274 1893 60 4 en
1380 1875 14 15 >
1470 1862 205 45 8,978,091:
1705 1862 44 34 19

1186 1928 152 37 Summa
1365 1929 52 35 kr.
1446 1930 229 43 67,313,091:
1706 1930 43 34 19

341 1996 16 36 I
385 1996 279 37 ofvannämnda
690 1997 233 36 reserverade
950 1996 120 36 medel
1098 1996 105 46 ingår
1229 1996 242 36 riksbankens
1494 1996 99 36 vinst
1611 1995 59 36 för
1688 1995 40 36 år
1744 1997 106 43 1906,

240 2047 205 44 utgörande
475 2048 190 44 7,133,396
695 2047 138 36 kronor
862 2049 19 33 7
911 2054 70 28 öre.

339 2096 157 37 Jämlikt
523 2094 18 49 $
571 2099 45 33 25
645 2098 12 34 i
684 2098 108 44 lagen
820 2096 57 36 för
904 2096 166 46 Sveriges
1098 2097 177 35 riksbank
1301 2096 95 36 skall
1414 2096 58 35 till
1492 2096 242 35 riksbankens
1753 2096 99 35 vinst

237 2146 109 36 äfven
387 2148 133 35 räknas
561 2147 71 36 den
671 2148 98 35 vinst
804 2146 57 36 för
897 2147 87 44 året,
1020 2159 80 23 som
1134 2146 152 46 uppstår
1314 2146 20 35 å
1361 2145 488 46 afbetalningslånefonden.

236 2195 86 37 Med
358 2197 203 46 anledning
596 2196 109 36 häraf
736 2197 67 35 har
840 2198 145 35 vinsten
1014 2196 21 36 å
1062 2197 157 35 berörda
1246 2195 93 37 fond
1366 2196 120 47 ingått
1513 2197 11 34 i
1552 2196 62 36 det
1641 2196 68 35 här
1737 2194 112 37 ofvan

237 2252 193 42 upptagna
456 2247 184 48 beloppet,
668 2248 68 35 och
764 2247 171 47 utgjorde
963 2247 215 36 densamma
1196 2246 59 36 för
1274 2246 40 36 år
1336 2248 94 34 1906
1451 2246 140 36 kronor
1607 2247 169 44 571,010:
1794 2247 56 33 92.
