2176 2648
700 211 255 30 Bankoutskottets
978 209 152 29 Memorial
1152 208 58 29 N:o
1233 209 25 27 1.
1739 202 39 30 29

170 289 323 47 hufvudsakligast
532 289 85 37 med
653 287 146 49 uppgift
830 293 54 31 att
910 287 176 37 bearbeta
1112 284 82 37 från
1222 283 392 47 afdelningskontoren
1639 282 140 36 inkom-

171 341 136 36 mande
346 346 194 42 rapporter
580 339 190 47 angående
809 339 45 37 de
894 339 101 36 olika
1032 337 213 37 kundernas
1284 334 364 37 växelförbindelser.
1704 332 76 36 Vid

172 391 184 37 årsskiftet
382 391 136 38 funnos
546 391 157 38 sålunda
720 390 64 37 vid
802 389 320 37 hufvudkontoret
1141 386 214 38 anordnade
1373 385 103 37 öfver
1496 389 73 33 stat
1588 386 20 34 3
1628 385 153 46 tjänster

171 442 13 36 i
213 443 102 36 2:dra
342 443 68 36 och
439 444 19 35 6
488 444 10 35 i
529 445 93 34 1:sta
648 441 152 47 graden.

928 556 18 49 $
975 559 56 36 38.

280 646 146 37 Vården
466 646 41 36 af
542 646 242 36 riksbankens
822 649 120 44 mynt-
982 643 69 36 och
1090 640 297 48 medaljsamling
1426 639 69 36 har
1527 637 90 38 efter
1642 637 138 44 inflytt-
1810 630 56 67 a
1863 631 43 59 Ho
1930 631 30 59 er

177 697 136 47 ningen
339 698 13 35 i
378 711 75 31 nya
479 698 210 35 bankhuset
714 696 219 47 uppdragits
961 695 37 36 åt
1024 706 45 24 en
1096 694 222 45 tjänsteman
1343 691 13 36 i
1385 690 101 37 2:dra
1513 688 139 48 graden
1665 689 116 46 jämte
1798 699 163 32 meda/jsam-

177 748 217 37 arkivarien.
1837 732 93 34 lingen.

930 810 19 50 $
978 814 56 35 39.

279 900 201 47 Angående
520 900 97 37 vissa
657 899 200 46 ändringar
894 898 13 36 i
939 897 366 46 bankoreglementet
1332 896 68 35 och
1426 890 360 50 tjänstgöringsstad-
1805 880 66 66 Ändr
1872 885 78 33 ingar
1967 885 11 25 i

563 951 6 7 :
921 949 12 10 a
1081 948 7 7 .
1152 947 7 7 .
1277 920 11 38 MÅ
1839 921 131 32 glemente

179 965 126 32 garna,
332 951 324 46 hufvudsakligast
682 950 182 36 beroende
889 963 49 33 på
962 952 299 42 organisationen
1278 960 13 22 i
1309 959 75 32 nya
1402 946 149 36 lokalen
1570 942 41 38 af
1624 942 164 37 förvaret
1809 955 47 40 och
1874 953 97 39 tjänst-

181 1002 41 36 af
245 1002 206 47 dagkassan
479 1007 95 31 samt
600 1001 95 36 låne-
722 1001 68 36 och
813 998 463 46 säkerhetshandlingarna
1301 997 151 36 komma
1477 994 234 46 fullmäktige
1732 998 54 31 att
1821 994 124 27 Sifs

403 1054 7 7 :
717 1052 7 7 .
1844 1021 100 29 tadgar,

181 1060 91 40 göra
298 1053 180 37 särskilda
504 1052 326 46 framställningar.
1828 1028 109 26 SI

931 1166 18 49 $
965 1163 69 42 40.

283 1256 16 35 I
340 1256 163 46 enlighet
541 1256 85 35 med
665 1255 227 46 Riksdagens
932 1254 130 35 därom
1101 1251 140 37 fattade
1269 1251 121 35 beslut
1416 1249 113 36 hafva
1554 1247 233 46 fullmäktige,
1796 1243 195 60 Unforms'var

184 1307 117 36 under
340 1306 40 36 år
421 1308 94 34 1906
557 1306 79 46 gått
674 1307 13 35 i
725 1305 222 45 författning
974 1317 60 22 om
1061 1301 243 38 anskaffande
1332 1300 40 36 af
1394 1297 393 39 uniformsbeklädnad
1798 1311 182 26 pvaktmästare.

183 1358 116 46 enligt
337 1356 185 37 fastställd
560 1357 139 36 modell
739 1356 58 36 för
836 1355 172 45 samtliga
1035 1354 249 36 vaktmästare
1310 1351 64 36 vid
1400 1350 158 37 hufvud-
1586 1349 66 36 och
1681 1348 110 36 afdel-

182 1409 301 46 ningskontoren.

936 1470 18 49 $
981 1475 58 34 41.

286 1560 154 37 Utöfver
467 1560 98 37 hvad
592 1561 9 34 i
638 1557 17 49 $
679 1562 47 33 44
746 1559 40 36 af
801 1564 122 31 senast
941 1556 141 48 afgifna
1100 1555 374 37 revisionsberättelse
1493 1552 188 47 angående
1699 1552 87 36 riks-
1811 1547 161 60 Afdelnings-

386 1613 5 7 >
603 1610 5 7 ,
807 1611 7 6 .
896 1609 11 11 o
1378 1603 3 2 :
1508 1605 7 7 é
1699 1603 7 7 s
1842 1583 118 24 ontorens

184 1614 147 35 banken
370 1612 117 36 finnes
528 1610 239 37 omförmäldt
805 1624 12 22 i
856 1609 105 46 fråga
993 1621 61 23 om
1081 1607 373 46 styrelsepersonalen
1480 1605 65 36 vid
1572 1603 218 45 afdelnings-
1825 1616 136 32 styrelser.

184 1666 184 34 kontoren
406 1663 68 35 har
513 1662 119 36 under
672 1661 40 36 år
753 1662 94 35 1906
880 1660 130 36 endast
1038 1658 71 36 den
1135 1657 265 45 förändringen
1425 1654 179 46 inträffat,
1631 1659 55 31 att
1712 1653 82 36 ord-

185 1714 182 37 föranden
405 1714 13 35 i
450 1714 180 43 styrelsen
660 1711 59 36 för
746 1710 383 46 afdelningskontoret
1154 1709 13 35 i
1193 1707 207 46 Halmstad,
1427 1707 122 35 lektor
1575 1705 36 36 F.
1639 1704 156 36 Anders-

187 1779 77 32 son,
304 1764 117 36 aflidit
460 1769 96 30 samt
596 1767 54 31 att
677 1761 364 45 styrelseledamoten
1068 1759 64 36 vid
1158 1759 173 35 kontoret
1356 1758 13 35 i
1397 1750 213 50 Östersund,
1639 1754 157 37 öfverste

187 1815 36 37 C.
252 1814 40 38 G.
321 1814 139 45 Skytte,
488 1827 80 22 som
594 1812 82 37 från
704 1817 105 31 orten
836 1811 172 45 afflyttat,
1037 1809 120 45 afsagt
1183 1810 54 44 sig
1263 1808 163 36 nämnda
1452 1807 180 47 uppdrag.

288 1866 75 36 Till
402 1864 360 45 styrelseledamöter
802 1863 67 36 och
905 1862 239 46 suppleanter
1170 1860 63 36 vid
1260 1858 391 46 afdelningskontoren
1680 1856 116 36 under

188 1917 40 36 år
258 1918 93 35 1907
380 1915 114 36 hafva
520 1920 131 31 utsetts
676 1927 141 23 samma
834 1925 185 35 personer,
1039 1925 78 22 som
1136 1910 63 36 vid
1224 1912 91 34 1906
1336 1909 57 36 års
1413 1910 75 35 slut
1506 1921 90 23 voro
1615 1908 58 35 till
1692 1907 104 36 dessa

186 1967 252 45 befattningar
462 1965 225 37 förordnade
711 1965 85 35 med
814 1964 207 44 undantag:
1039 1960 231 38 beträffande
1288 1961 174 35 kontoret
1479 1960 12 35 i
1509 1958 206 44 Halmstad,
1733 1958 63 35 vid

189 2018 142 36 hvilket
370 2016 90 37 efter
501 2016 135 36 aflidne
676 2015 377 44 styrelseledamoten,
1092 2012 121 36 lektor
1252 2010 223 45 Andersson,
1503 2010 148 43 nyvalts
1678 2008 118 36 lands-

188 2070 236 35 kamreraren
464 2066 125 47 grefve
629 2066 140 36 Henrik
808 2065 182 36 Malkolm
1030 2063 129 46 Spens;
1200 2060 229 37 beträffande
1464 2061 174 35 kontoret
1671 2060 13 34 i
1715 2058 81 36 Lin-

189 2119 150 46 köping,
365 2118 63 35 vid
456 2118 142 35 hvilket
624 2117 58 35 till
711 2116 92 45 3:dje
830 2116 197 45 suppleant
1052 2113 149 44 nyvalts
1230 2112 223 46 apotekaren
1478 2110 41 37 G.
1543 2110 38 35 'T.
1602 2108 194 47 Carpelan;

187 2168 231 38 beträffande
454 2169 174 34 kontoret
659 2167 12 35 i
697 2166 123 43 Luleå,
847 2165 64 36 vid
937 2164 143 36 hvilket
1106 2163 58 35 till
1193 2162 93 45 3:dje
1314 2162 196 46 suppleant
1537 2161 147 48 nyvalts
1712 2160 86 35 kon-

188 2218 313 37 sistorienotarien
529 2218 133 35 Albert
687 2216 76 35 Elis
793 2215 176 46 Carlgren
997 2214 67 35 och
1093 2212 229 37 beträffande
1349 2212 174 35 kontoret
1548 2211 12 35 i
1584 2203 213 51 Östersund,

186 2270 63 36 vid
289 2269 141 36 hvilket
470 2269 58 35 till
570 2266 319 46 styrelseledamot
930 2265 90 36 efter
1058 2262 274 38 ofvannämnde
1359 2261 36 37 C.
1424 2260 41 37 G.
1494 2260 128 45 Skytte
1650 2261 147 43 nyvalts
