1896 2784
277 167 37 29 10
714 169 287 31 Statsutskottets
1028 172 179 30 utlåtande
1234 182 42 20 nr
1304 173 48 29 13.

325 252 97 29 Inom
450 261 157 32 gruppen
633 254 95 30 vissa
753 255 323 39 domstolstjänster
1102 257 143 30 märkas
1274 257 518 40 häradshövdingetjänsterna.

281 302 108 30 Dessa
415 302 194 31 bibehöllos
635 304 57 29 vid
721 304 161 39 fjolårets
909 306 357 40 chefslönereglering
1292 307 11 29 i
1331 307 45 30 Co
1406 307 40 29 14
1474 309 64 28 och
1567 309 148 31 föreslås
1744 318 48 20 nu

282 352 97 30 skola
402 353 178 30 definitivt
603 354 158 39 placeras
785 357 10 28 i
819 356 115 29 denna
959 357 175 38 lönegrad.
1159 357 13 29 I
1196 357 221 31 motionerna
1443 359 28 28 I:
1489 358 63 29 248
1577 360 64 28 och
1665 360 46 29 II:
1729 359 63 30 328

280 402 105 38 yrkas
405 404 50 28 att
476 403 374 41 häradshövdingarna
870 406 198 40 uppflyttas
1086 407 52 29 till
1158 407 46 30 Co
1228 408 50 29 15.

320 451 77 30 Med
418 454 170 28 avseende
609 454 44 39 på
674 455 67 29 den
762 455 9 29 i
793 456 155 29 nämnda
969 456 171 30 motioner
1162 457 199 38 förebragta
1385 458 251 39 motiveringen
1658 460 59 29 vill
1740 462 52 28 ut-

276 501 128 30 skottet
425 502 52 30 till
499 513 42 19 en
562 504 125 38 början
709 505 135 34 anföra,
867 508 50 28 att
937 506 205 39 påståendet
1164 510 51 29 att
1236 508 375 40 häradshövdingarna
1632 519 48 20 nu
1701 511 90 30 hade

276 551 133 31 tillhört
436 553 166 38 lönegrad
630 554 45 30 Co
705 555 49 34 15,
783 565 57 20 om
867 557 41 28 de
934 557 112 38 regler
1073 567 75 19 som
1176 558 113 38 gällde
1317 559 54 28 för
1401 559 81 29 1951
1512 560 56 29 års
1597 560 195 31 chefslöne-

276 602 149 30 revision
448 604 90 29 hade
561 604 193 40 tillämpats
778 606 44 39 på
845 607 88 34 dem,
958 608 80 38 äger
1061 608 55 29 sin
1139 608 87 30 fulla
1250 608 167 39 riktighet
1440 610 124 29 endast
1587 611 112 29 under
1723 611 69 30 för-

276 653 196 40 utsättning
501 657 49 27 att
576 655 166 39 samtliga
771 656 150 39 tjänster
948 658 12 29 i
993 657 38 29 14
1060 658 212 38 lönegraden
1301 659 20 29 å
1351 660 162 39 löneplan
1544 661 18 29 2
1590 661 58 30 vid
1678 662 113 29 chefs-

276 702 296 41 löneregleringen
588 706 162 30 hänförts
768 707 52 29 till
839 707 37 29 15
894 708 221 38 lönegraden.
1133 709 102 30 Detta
1252 711 38 28 är
1307 709 192 31 emellertid
1516 710 75 30 icke
1609 711 107 30 fallet.
1735 712 56 29 Vi-

275 753 80 30 dare
376 754 57 29 må
454 756 9 28 i
486 755 189 39 anledning
697 766 42 20 av
760 758 184 38 uppgiften
967 760 50 28 att
1037 759 508 40 häradshövdingetjänsterna
1567 762 109 29 sedan
1697 762 94 30 löne-

274 803 216 39 regleringen
516 805 38 30 år
582 805 82 30 1942
691 807 76 29 icke
792 807 99 31 blivit
916 808 147 30 föremål
1089 809 55 30 för
1169 810 117 39 någon
1311 811 230 29 lönerevision
1568 812 144 34 erinras,
1740 814 51 28 att

274 854 65 30 den
357 855 11 29 i
389 855 64 39 fjol
474 856 229 38 genomförda
724 857 194 40 ändringen
939 868 42 20 av
1001 860 162 39 löneplan
1184 860 18 29 2
1223 861 152 29 medfört
1397 871 42 19 en
1460 862 331 40 grundlöneökning

274 904 55 29 för
347 905 375 41 häradshövdingarna
742 917 42 20 av
803 908 62 30 900
886 909 131 29 kronor
1035 910 55 29 för
1108 910 48 29 år.

318 955 64 30 Vid
416 956 234 30 bedömandet
685 967 42 20 av
763 958 124 40 frågan
923 969 56 20 om
1014 960 393 40 häradshövdingarnas
1444 962 249 40 löneställning
1727 964 63 29 bör

272 1005 143 30 beaktas
442 1008 50 27 att
517 1007 123 30 endast
668 1008 38 29 13
732 1018 42 20 av
799 1009 136 30 landets
964 1010 59 30 117
1047 1011 331 39 häradshövdingar
1402 1012 44 30 ha
1472 1022 43 20 en
1540 1013 250 40 löneställning

274 1056 246 30 motsvarande
549 1057 67 29 den
645 1057 56 29 för
730 1058 46 30 Co
805 1058 39 29 14
873 1059 160 39 gällande
1062 1060 113 30 lönen.
1205 1061 78 30 Alla
1312 1061 119 39 övriga
1461 1063 328 39 häradshövdingar

272 1104 45 31 ha
341 1114 125 30 genom
491 1107 159 39 gällande
675 1109 347 40 lönegruppssystem
1047 1120 42 20 en
1113 1112 250 40 löneställning
1388 1122 75 20 som
1488 1114 108 29 delvis
1620 1114 170 40 betydligt

272 1156 190 40 överstiger
485 1158 307 39 lönegradslönen;
818 1160 116 30 såsom
957 1162 155 39 exempel
1135 1162 44 39 på
1202 1162 158 30 effekten
1383 1164 109 29 härav
1515 1164 140 30 anföres
1679 1164 10 29 i
1711 1174 80 30 pro-

273 1207 208 38 positionen,
516 1210 50 28 att
599 1211 47 27 ett
680 1210 225 31 hovrättsråd
938 1213 79 29 med
1051 1213 131 29 slutlön
1215 1213 19 29 å
1268 1213 89 30 5-ort
1389 1214 151 29 erhåller
1573 1224 42 20 en
1649 1215 142 30 löneök-

272 1256 84 40 ning
379 1267 42 21 av
446 1258 19 29 4
481 1259 63 29 200
569 1259 131 30 kronor
725 1260 55 30 för
805 1261 38 30 år
866 1261 58 30 vid
949 1262 174 39 övergång
1146 1263 52 29 till
1224 1263 421 41 häradshövdingetjänst
1670 1265 10 28 i
1705 1266 85 29 mel-

273 1307 104 31 lersta
405 1309 250 40 lönegruppen.
684 1311 119 39 Enligt
831 1312 190 30 utskottets
1049 1313 142 40 mening
1219 1313 147 31 innebär
1394 1315 394 40 häradshövdingarnas

271 1357 178 40 placering
469 1360 11 29 i
504 1360 45 29 Co
575 1360 38 29 14
635 1361 10 28 i
669 1360 162 40 förening
853 1363 79 29 med
956 1363 159 39 gällande
1138 1365 132 38 system
1294 1374 42 20 av
1358 1365 431 40 avlöningsförstärkning

271 1417 42 20 en
335 1409 65 39 god
422 1409 258 41 löneställning,
703 1411 66 30 och
791 1413 278 30 motionärernas
1092 1414 168 39 farhågor
1281 1415 56 29 för
1358 1424 42 20 en
1424 1415 187 39 försvagad
1633 1416 156 40 rekryte-

271 1458 77 40 ring
372 1468 105 30 synas
503 1461 170 30 utskottet
698 1462 218 30 överdrivna.
942 1463 166 31 Däremot
1132 1465 63 30 bör
1219 1464 59 31 vid
1304 1465 143 39 frågans
1472 1466 219 30 bedömande
1716 1468 73 29 sär-

272 1509 82 30 skilt
383 1511 170 29 avseende
582 1511 110 30 fästas
720 1512 59 30 vid
806 1514 67 29 vad
902 1514 388 39 departementschefen
1318 1516 119 29 anfört
1466 1525 56 20 om
1551 1518 50 28 att
1630 1526 43 20 en
1702 1526 87 31 upp-

272 1558 167 41 flyttning
459 1571 43 19 av
523 1562 100 30 dessa
644 1562 152 39 tjänster
817 1563 113 30 skulle
950 1564 153 40 påverka
1125 1566 56 29 det
1203 1566 179 30 allmänna
1404 1567 172 38 löneläget
1597 1567 56 30 för
1675 1568 114 29 chefs-

271 1610 228 38 tjänstemän.
529 1612 48 29 På
605 1614 114 37 grund
749 1622 42 21 av
819 1614 56 29 det
904 1614 148 31 anförda
1080 1615 197 40 tillstyrker
1305 1617 172 29 utskottet
1505 1617 127 39 Kungl.
1663 1618 124 38 Maj:ts

272 1660 130 40 förslag
420 1662 65 29 och
504 1663 182 38 avstyrker
704 1664 42 29 de
765 1665 155 30 nämnda
938 1666 230 30 motionerna.

315 1711 74 29 Vad
411 1711 11 28 i
444 1712 265 38 propositionen
732 1712 10 29 i
765 1713 112 39 övrigt
901 1714 199 40 föreslagits
1123 1715 224 32 beträffande
1371 1717 326 39 domstolstjänster
1722 1717 65 30 har

271 1761 75 29 icke
372 1761 84 39 givit
482 1762 172 30 utskottet
681 1763 191 40 anledning
896 1764 53 30 till
976 1765 152 31 erinran.

315 1811 178 30 Utskottet
516 1812 194 40 tillstyrker
733 1814 43 29 de
799 1814 10 28 i
833 1814 100 39 fråga
957 1824 57 20 om
1038 1816 118 39 övriga
1181 1816 103 30 civila
1309 1817 252 40 chefstjänster
1586 1818 201 39 föreslagna

270 1861 465 40 lönegradsplaceringarna.
768 1864 75 29 Den
875 1865 187 31 förordade
1092 1866 244 40 anordningen
1366 1868 225 29 beträffande
1621 1868 59 31 två
1710 1878 77 31 per-

271 1912 132 39 sonliga
424 1912 152 39 tjänster
596 1913 10 29 i
627 1914 80 38 väg-
728 1914 65 31 och
814 1915 487 41 vattenbyggnadsstyrelsen,
1323 1917 114 31 vilkas
1459 1918 214 30 innehavare
1696 1919 91 30 före-

272 1962 70 30 slås
363 1962 185 39 placerade
572 1963 10 28 i
606 1964 48 39 Cp
680 1964 39 30 13
745 1974 75 20 som
842 1974 58 21 om
923 1966 42 29 de
989 1966 89 30 varit
1102 1967 273 39 vägdirektörer,
1401 1968 63 30 bör
1488 1968 196 31 emellertid
1708 1968 79 30 icke

270 2021 101 21 anses
388 2013 170 30 innebära
574 2014 105 38 något
698 2014 338 40 ställningstagande
1053 2016 52 30 till
1123 2016 126 40 frågan
1267 2027 57 20 om
1343 2018 41 29 de
1402 2027 48 20 nu
1469 2018 10 28 i
1498 2018 48 39 Cp
1564 2018 19 30 9
1601 2019 185 39 placerade

269 2063 329 38 vägdirektörernas
629 2064 171 31 framtida
831 2065 375 41 lönegradsplacering,
1238 2067 108 31 vilket
1379 2068 174 40 spörsmål
1584 2070 128 38 prövas
1744 2077 40 22 av

272 2113 82 29 1949
377 2113 58 30 års
457 2114 576 40 tjänsteförtecekningskommitté.

314 2163 13 29 I
353 2163 100 38 fråga
478 2173 58 20 om
562 2165 153 30 militära
741 2166 253 39 beställningar
1021 2168 78 29 med
1126 2168 155 31 överstes
1308 2168 303 40 tjänsteställning
1638 2169 148 31 innebär

269 2213 124 39 Kungl.
414 2214 127 38 Maj:ts
561 2215 141 39 förslag,
723 2217 51 29 att
794 2216 76 29 icke
889 2216 138 30 mindre
1048 2218 44 29 än
1113 2217 78 40 fyra
1211 2218 206 39 lönegrader
1439 2219 113 32 skulle
1572 2222 100 36 tagas
1692 2219 11 30 i
1725 2229 61 21 an-

270 2264 115 39 språk,
409 2265 179 38 nämligen
609 2265 57 30 Ma
690 2266 51 33 12,
762 2266 56 29 Mo
842 2266 49 34 13,
914 2267 56 29 Mo
995 2267 39 29 14
1058 2268 64 29 och
1145 2269 57 29 Mo
1227 2269 50 29 15.
1301 2269 178 30 Utskottet
1501 2270 65 29 har
1590 2269 195 32 emellertid

268 2314 45 39 på
340 2324 43 20 av
412 2315 391 39 departementschefen
834 2317 150 30 anförda
1014 2318 75 29 skäl
1119 2318 120 30 funnit
1272 2319 51 38 sig
1352 2319 122 30 kunna
1505 2320 179 38 tillstyrka
1714 2321 71 30 för-

270 2364 117 39 slaget.

313 2415 73 31 Vad
407 2415 391 40 departementschefen
819 2417 10 28 i
850 2417 112 39 övrigt
982 2418 111 29 under
1112 2419 94 30 detta
1227 2419 130 30 avsnitt
1378 2420 119 30 anfört
1518 2421 64 29 har
1602 2420 77 31 icke
1701 2420 84 40 givit

269 2465 170 29 utskottet
459 2465 190 40 anledning
667 2466 53 30 till
742 2466 152 31 erinran.
