1924 2840
479 181 395 37 Bevillningsutskottets
900 180 217 32 betänkande
1154 180 48 30 Nr
1232 181 50 30 14.
1626 174 19 31 d

837 266 20 29 3
883 265 29 37 8.

183 334 229 37 Uppgifterna
429 333 55 30 för
502 333 42 31 de
564 332 21 31 å
604 342 134 21 samma
759 332 164 36 fastighet
941 331 134 31 boende
1095 331 82 31 eller
1197 330 98 37 eljest
1313 331 63 30 där
1397 330 242 39 uppgiftsplik-

140 384 67 37 tiga
226 385 99 31 skola
344 385 11 30 i
375 384 123 36 städer,
518 384 172 36 köpingar
707 383 65 30 och
791 382 384 38 municipalsamhällen
1196 381 166 31 insamlas
1381 391 42 21 av
1445 380 194 38 fastighets-

140 437 125 35 ägaren
284 436 83 30 eller
387 435 65 30 den
473 434 88 31 hans
582 434 167 36 egendom
768 433 132 31 brukar
918 433 81 30 eller
1018 431 158 37 förestår,
1195 432 115 31 vilken
1331 432 56 30 det
1407 431 130 38 jämväl
1559 430 81 38 ålig-

135 492 58 30 ger
214 489 49 28 att
283 486 99 36 tillse,
406 488 49 28 att
475 484 178 37 uppgifter
674 484 180 31 avlämnas
878 483 56 31 för
956 483 159 36 samtliga
1138 482 310 37 uppgiftspliktiga,
1473 484 90 29 samt
1584 484 58 33 att,

138 538 114 30 därest
269 536 139 38 uppgift
423 536 273 37 uppenbarligen
714 536 39 29 är
769 535 126 37 oriktig
913 534 82 31 eller
1011 533 237 37 ofullständig,
1268 533 205 31 föranstalta
1490 542 58 21 om
1567 533 76 31 dess

140 588 159 31 rättande
321 588 83 30 eller
424 586 304 37 fullständigande.

840 671 18 29 4
886 670 29 37 8.

184 739 229 37 Uppgifterna
430 739 97 30 skola
543 738 11 30 i
571 738 125 36 städer,
713 737 172 37 köpingar
903 737 65 30 och
984 736 387 37 municipalsamhällen
1391 744 42 22 av
1449 735 195 36 fastighets-

139 791 126 35 ägaren
286 790 83 30 eller
389 790 66 30 den
474 790 89 30 hans
584 788 168 37 egendom
771 788 133 31 brukar
924 788 82 30 eller
1025 786 149 31 förestår
1195 789 90 28 samt
1306 786 21 31 å
1349 786 109 31 andra
1478 789 93 28 orter
1591 794 53 28 ge-

140 850 81 21 nom
248 842 67 29 den
343 840 319 37 uppegiftspliktiges
688 839 136 37 försorg
854 839 179 31 avlämnas
1060 838 51 31 till
1141 837 258 31 vederbörande
1425 836 220 31 kommunal-

140 892 129 30 ombud
289 892 82 30 eller
388 892 50 30 till
457 890 377 38 granskningsnämnd,
854 899 75 21 som
948 889 225 30 omförmäles
1194 889 10 30 i
1225 889 17 29 7
1265 888 30 38 8,
1315 891 114 28 senast
1449 887 72 32 åtta
1540 887 107 37 dagar

141 943 73 31 före
240 942 251 37 för-skrivning
526 940 229 41 (husförhör),
784 950 120 21 varom
933 940 139 36 stadgas
1099 940 10 30 i
1138 940 19 37 8
1185 940 41 30 34
1254 938 248 37 förordningen
1529 938 68 31 den
1626 938 19 30 3

141 994 181 31 december
349 994 82 30 1915
458 992 179 37 angående
662 992 259 37 kyrkoböckers
947 991 157 31 förande.

186 1044 225 31 Försummar
433 1042 114 37 någon
569 1046 49 28 att
642 1042 149 37 fullgöra
813 1042 66 31 vad
901 1042 130 30 honom
1056 1040 105 38 enligt
1183 1041 114 30 denna
1320 1040 162 38 paragraf
1506 1039 137 37 åligger,

140 1104 80 23 vare
236 1094 148 37 påföljd,
405 1103 73 22 som
496 1094 11 30 i
536 1094 9 37 $
566 1094 42 30 35
629 1102 103 21 mom.
756 1094 14 28 1
794 1092 216 31 sistnämnda
1029 1091 205 38 förordning
1253 1092 91 36 sägs;
1364 1091 88 30 dock
1473 1090 87 31 skall
1580 1089 67 31 vad

144 1145 63 31 där
224 1146 140 36 stadgas
382 1144 178 38 angående
577 1144 207 36 befogenhet
803 1144 55 30 för
875 1146 117 35 pastor
1010 1143 11 30 i
1041 1143 112 30 stället
1173 1151 79 22 avse
1270 1140 373 38 granskningsnämnd.

844 1245 19 30 5
889 1244 30 38 8.

189 1313 64 31 Det
274 1312 129 38 åligger
426 1315 118 35 pastor
564 1315 50 28 att
636 1312 105 30 minst
764 1311 132 38 fjorton
918 1311 107 37 dagar
1048 1310 75 31 före
1148 1309 249 37 för-skrivning
1428 1307 213 41 (husförhör)

146 1365 156 36 kungöra
323 1363 52 31 tid
395 1364 65 30 och
484 1363 90 37 plats
596 1362 56 31 för
674 1362 263 37 förrättningen.

845 1463 20 30 6
890 1462 30 37 8.

190 1531 259 37 Länsstyrelsen
481 1530 90 30 skall
602 1529 54 31 för
686 1528 97 38 varje
813 1530 170 29 kommun
1015 1528 172 30 fastställa
1219 1527 130 31 antalet
1382 1536 42 21 av
1457 1526 43 31 de
1534 1525 11 31 i
1578 1526 19 37 8
1629 1526 16 29 7

144 1591 103 22 mom.
270 1583 14 29 1
310 1579 600 38 mantalsskrivningsförordningen
930 1578 235 31 omförmälda
1184 1576 382 32 kommunalombuden
1588 1585 62 21 un-

145 1633 59 30 der
223 1632 222 37 iakttagande
463 1641 42 21 av
526 1634 49 28 att
594 1631 104 30 minst
719 1634 47 27 ett
784 1630 131 31 ombud
934 1630 65 30 bör
1016 1629 118 31 finnas
1152 1628 56 31 för
1226 1627 97 37 varje
1342 1626 161 38 påbörjat
1522 1625 128 32 500-tal

145 1693 41 21 av
205 1684 232 30 kommunens
455 1682 255 36 invånarantal,
729 1681 116 31 därest
864 1681 76 31 icke
957 1680 245 39 länsstyrelsen
1222 1678 46 38 på
1285 1678 113 37 grund
1416 1687 42 22 av
1479 1676 172 32 särskilda

146 1733 293 37 omständigheter
464 1742 102 22 anser
592 1733 128 31 antalet
745 1732 87 31 böra
857 1732 212 30 bestämmas
1095 1730 87 31 efter
1209 1738 117 23 annan
1351 1729 121 37 grund.
1522 1728 15 31 I
1565 1728 84 30 intet

147 1784 61 31 fall
227 1783 59 32 må
305 1784 89 31 dock
414 1783 193 31 ombudens
628 1783 94 31 antal
742 1782 55 31 för
816 1781 114 37 någon
952 1782 171 30 kommun
1146 1780 198 36 understiga
1366 1779 66 31 två.

191 1834 111 31 Innan
325 1834 56 31 val
401 1844 41 21 av
463 1834 132 30 ombud
618 1834 88 35 sker,
731 1833 99 36 skall,
854 1832 114 31 därest
989 1832 76 31 icke
1085 1831 80 31 med
1186 1831 137 37 hänsyn
1344 1830 52 31 till
1417 1831 232 29 kommunens

147 1884 242 32 invånarantal
413 1883 335 36 distriktsindelning
776 1892 100 22 anses
902 1882 192 36 obehövlig,
1122 1881 66 30 den
1214 1879 163 37 väljande
1403 1879 246 38 myndigheten

147 1936 89 30 hava
259 1935 150 30 beslutat
431 1944 57 20 om
513 1935 233 30 kommunens
773 1932 184 31 indelande
982 1932 11 30 i
1020 1930 391 37 folkräkningsdistrikt.
1459 1928 190 32 Distrikten

148 1986 97 31 skola
268 1985 53 31 till
346 1985 95 31 antal
465 1985 66 30 och
555 1983 211 36 omfattning
791 1982 38 31 så
854 1982 221 35 bestämmas,
1102 1984 49 28 att
1176 1981 57 31 det
1257 1981 126 35 arbete,
1409 1989 75 21 som
1511 1978 140 38 jämlikt

148 2037 19 29 8
189 2036 19 37 8
229 2034 110 32 åvilar
359 2034 373 37 granskningsnämnd,
753 2034 71 30 kan
846 2032 158 31 bedrivas
1024 2031 45 38 på
1090 2030 288 37 ändamålsenligt
1399 2031 76 30 sätt.
1519 2030 73 30 Där
1613 2028 38 32 så

148 2087 69 30 kan
235 2086 61 31 ske
315 2088 85 28 utan
421 2088 49 28 att
492 2085 155 31 nämnda
669 2084 88 36 syfte
779 2083 202 35 eftersättes,
1001 2082 64 31 bör
1085 2082 57 30 vid
1165 2081 221 36 indelningen
1407 2081 137 37 hänsyn
1564 2079 86 38 jäm-

148 2137 55 30 väl
228 2139 97 33 tagas
349 2136 52 30 till
425 2138 49 28 att
498 2135 182 31 distrikten
705 2135 143 30 komma
873 2136 49 28 att
948 2134 123 35 utgöra
1096 2132 165 37 lämpliga
1288 2130 283 33 arbetsområden
1597 2129 54 31 för

148 2186 270 31 verkställandet
441 2195 42 21 av
507 2184 133 32 sådana
664 2184 169 37 åtgärder,
860 2193 75 21 som
959 2184 121 29 kunna
1106 2183 190 30 ankomma
1322 2181 45 38 på
1393 2180 259 31 vederbörande

148 2236 275 31 kristidsnämnd
449 2239 48 27 att
525 2235 139 36 vidtaga
693 2235 10 30 i
730 2233 171 32 samband
928 2233 79 30 med
1036 2232 179 36 utdelning
1244 2241 43 21 av
1317 2231 334 36 ransoneringskort,

150 2287 185 35 insamling
352 2296 43 20 av
409 2284 174 40 uppgifter
598 2284 147 31 rörande
761 2283 247 36 befolkningen
1027 2292 45 21 m.
1090 2292 45 20 m.
1162 2278 90 34 Över
1268 2282 130 35 förslag
1413 2281 51 30 till
1481 2280 170 31 distrikts-

150 2336 177 36 indelning
348 2335 58 31 må
427 2338 117 34 pastor
565 2335 66 30 och
653 2333 275 31 kristidsnämnd
951 2332 145 31 beredas
1119 2332 135 30 tillfälle
1276 2334 91 34 yttra
1389 2330 59 37 sig.

194 2386 123 31 Pastor
341 2386 9 30 i
378 2395 41 21 en
446 2394 61 21 var
532 2385 50 30 till
608 2385 214 29 kommunen
847 2383 155 30 hörande
1030 2382 205 35 församling
1261 2381 88 31 skall
1374 2381 11 30 i
1410 2380 67 37 god
1502 2380 50 31 tid
1579 2379 74 31 före

147 2437 88 30 valet
254 2436 123 36 avgiva
398 2435 128 37 förslag
546 2433 20 32 å
586 2443 173 28 personer,
781 2433 164 37 lämpliga
966 2435 48 28 att
1035 2435 93 27 utses
1148 2432 50 30 till
1219 2431 141 30 ombud.

194 2487 98 30 Valet
312 2495 42 21 av
376 2485 129 30 ombud
525 2485 87 30 skall
634 2485 89 30 hava
742 2485 57 35 ägt
819 2493 78 21 rum
917 2483 73 30 före
1010 2483 66 30 den
1099 2484 14 28 1
1135 2482 144 30 oktober
1300 2482 94 30 1940.
