1880 2784
390 154 405 39 Bevillningsutskottets
816 153 218 30 betänkande
1054 163 43 21 nr
1114 154 26 29 B
1162 154 15 28 1
1199 154 39 29 år
1258 153 84 30 1958
1556 153 60 31 213

158 240 11 28 I
195 238 177 29 motionen
400 239 44 28 II:
461 239 25 28 B
514 238 58 29 157
605 239 62 31 (II:
686 237 78 33 486)
795 237 140 30 anföres
960 237 44 29 bl.
1031 247 29 20 a.
1087 237 127 38 Odling
1239 246 42 20 av
1306 236 211 39 färkpotatis
1542 237 37 28 är
1605 236 9 29 i

113 290 72 28 stor
207 288 213 39 omfattning
442 298 43 19 en
507 288 329 38 småbrukarodling
859 297 42 20 av
924 289 71 28 stor
1017 287 208 29 ekonomisk
1247 287 176 39 betydelse
1446 286 54 30 för
1522 287 94 39 jord-

114 339 124 29 bruket
261 339 11 28 i
296 339 41 29 de
361 339 139 39 bygder,
525 339 62 29 där
611 339 66 29 den
700 338 169 30 bedrives.
896 338 183 38 Samtidigt
1104 339 38 28 är
1166 338 66 28 den
1257 338 138 38 mycket
1420 337 196 29 arbetskrä-

113 390 110 29 vande
245 389 65 29 och
331 389 128 39 dyrbar
482 391 89 27 samt
594 391 108 27 utsatt
725 389 54 29 för
802 389 87 29 hård
912 389 222 29 konkurrens
1157 388 79 29 från
1259 388 122 30 länder
1403 389 79 29 med
1504 388 111 29 bättre

113 440 204 29 klimaliska
335 440 255 29 förhållanden.
609 440 65 29 Det
692 441 38 28 är
748 439 120 30 därför
887 439 179 39 angeläget
1085 441 49 27 att
1153 439 255 39 gränsskyddet
1429 439 54 29 för
1502 439 113 29 denna

114 490 117 39 odling
247 491 176 29 anordnas
441 490 86 30 efter
544 492 48 27 ett
609 492 141 37 system,
768 499 75 20 som
861 491 139 38 medger
1017 489 100 30 bästa
1135 489 142 39 möjliga
1295 489 215 41 anpassning
1528 489 87 30 efter

113 541 41 28 de
172 541 153 29 aktuella
342 541 88 39 pris-
447 541 64 29 och
528 540 466 39 avsättningsförhållanden
1012 540 44 39 på
1074 540 361 39 potatismarknaden,
1453 549 75 20 som
1546 540 68 29 kan

114 591 135 39 uppstå.
269 591 104 29 Detta
391 592 85 29 krav
497 591 197 39 tillgodoses
714 591 112 29 bättre
846 600 57 19 om
922 591 285 39 färskpotatisen,
1228 591 10 28 i
1259 591 115 29 stället
1394 590 54 30 för
1468 592 49 28 att
1538 590 78 29 tull-

113 641 170 39 beläggas,
305 642 166 29 hänföres
494 642 50 28 till
566 641 351 39 jordbruksreglerad
938 650 93 20 vara.
1054 642 73 28 Den
1152 641 219 39 fältmässiga
1393 641 222 38 omfattning,

113 692 73 29 vari
210 692 162 38 odlingen
399 701 144 20 numera
569 692 168 33 bedrives,
763 693 60 37 gör
849 692 56 29 det
931 692 118 29 vidare
1075 691 81 29 fullt
1180 691 186 39 berättigat
1392 693 49 27 att
1466 691 150 30 hänföra

115 742 274 39 färskpotatisen
420 742 52 29 till
501 742 434 40 jordbruksprodukterna
963 742 11 29 i
1006 742 149 39 egentlig
1185 742 151 39 mening.
1368 742 128 29 Härför
1528 742 87 29 talar

113 792 105 30 också
238 793 57 29 det
317 792 246 34 förhållandet,
585 794 50 28 atl
656 793 114 38 någon
791 793 160 29 bestämd
973 793 103 38 gräns
1100 792 171 39 svårligen
1294 793 70 28 kan
1386 793 125 38 dragas
1534 792 82 29 mel-

113 844 58 28 lan
192 842 230 40 färskpotatis
443 843 64 29 och
528 852 116 20 annan
665 843 139 39 potatis.

158 893 126 29 Mellan
303 893 382 39 jordbruksnämnden,
706 894 112 29 under
838 893 253 39 förutsättning
1111 902 42 21 av
1172 893 126 39 Kungl.
1319 894 123 38 Maj:ts
1463 894 153 38 godkän-

114 944 123 34 nande,
254 944 65 29 och
335 944 378 39 färskpotatisodlarna
730 944 64 29 och
811 944 101 29 deras
929 944 277 38 organisationer
1222 944 63 28 har
1303 944 142 29 träffats
1462 952 42 21 en
1521 945 95 29 över-

113 994 265 35 enskommelse,
399 994 106 39 enligt
524 994 116 30 vilken
661 994 276 39 färskpotatisen
957 994 112 30 skulle
1089 994 168 29 hänföras
1279 994 51 29 till
1349 994 267 39 jordbruksreg-

113 1044 222 37 leringsvara.
364 1045 116 38 Enligt
507 1045 365 29 överenskommelsen
900 1044 112 29 skulle
1041 1045 299 39 skyddsperioden
1368 1044 148 30 omfatta
1545 1045 69 29 fem

113 1094 295 30 kalenderveckor
427 1095 64 29 och
510 1104 84 20 vara
613 1095 105 38 rörlig
738 1095 112 29 under
872 1095 94 29 tiden
990 1095 191 35 1/6—12/7
1204 1095 78 29 med
1303 1095 196 30 beaktande
1518 1095 97 39 varje

113 1145 38 29 år
170 1154 42 20 av
229 1145 213 40 tidpunkten
460 1145 54 29 för
533 1146 65 28 den
618 1145 186 29 inhemska
824 1145 169 29 skördens
1013 1145 351 30 marknadsförande.
1385 1146 116 39 Enligt
1521 1147 95 28 över-

111 1196 280 29 enskommelsen
413 1196 111 29 skulle
544 1195 285 39 importavgiften
851 1195 111 30 under
982 1195 40 30 de
1043 1196 94 29 olika
1156 1196 174 29 veckorna
1349 1205 84 20 vara
1452 1205 89 30 resp.
1565 1196 49 34 10,

113 1245 52 33 20,
186 1245 50 35 29,
258 1246 41 29 29
320 1246 65 29 och
408 1246 37 29 15
466 1247 58 28 öre
544 1255 60 30 per
625 1246 55 39 kg.
700 1246 65 29 Det
785 1246 62 29 bör
871 1246 147 29 sålunda
1039 1246 232 34 konstateras,
1292 1248 50 27 alt
1363 1247 182 39 principen
1565 1248 50 28 att

112 1296 58 29 vid
191 1296 274 39 gränsskyddets
487 1296 219 39 utformning
726 1296 175 30 behandla
922 1296 275 40 färskpotatisen
1220 1306 75 20 som
1316 1297 300 39 jordbruksregle-

113 1346 179 39 ringsvara
313 1346 173 39 godtagits
507 1356 41 20 av
568 1347 66 29 den
656 1346 139 39 statliga
816 1347 249 38 myndigheten
1085 1347 44 39 på
1150 1347 168 30 området.

156 1396 64 29 Det
240 1397 10 28 i
271 1397 264 39 propositionen
556 1397 197 38 föreslagna
774 1397 256 39 gränsskyddet
1051 1399 38 28 är
1110 1406 41 20 ur
1172 1397 87 29 flera
1282 1398 219 39 synpunkter
1521 1407 95 20 avse-

113 1448 75 28 värt
212 1455 141 30 svagare
378 1448 44 28 än
445 1448 64 29 vad
533 1456 74 20 som
631 1447 126 39 ansågs
780 1456 84 20 vara
887 1449 47 27 ett
958 1447 127 40 skäligt
1109 1448 111 38 skydd
1245 1448 54 29 för
1323 1448 162 39 odlingen
1509 1448 106 39 enligt

113 1497 66 29 den
200 1497 126 29 mellan
346 1497 372 39 jordbruksnämnden
738 1498 64 28 och
823 1497 146 30 odlarna
989 1498 152 29 träffade
1162 1498 375 31 överenskommelsen.
1558 1499 57 29 Ett

114 1547 156 29 starkare
289 1548 220 38 gränsskydd
527 1548 54 29 för
598 1548 161 38 odlingen
779 1549 45 28 än
841 1548 66 29 vad
926 1557 75 20 som
1019 1548 197 39 föreslagits
1234 1558 41 20 av
1294 1549 125 39 Kungl.
1438 1549 104 39 Maj:t
1561 1548 54 30 får

113 1597 119 30 därför
253 1607 102 20 anses
378 1598 223 38 nödvändigt.
623 1599 125 29 Därest
770 1607 81 20 man
874 1598 142 39 frångår
1038 1600 165 37 systemet
1226 1599 78 29 med
1326 1601 48 27 ett
1396 1599 10 29 i
1428 1599 95 30 tiden
1544 1600 72 29 rör-

113 1647 61 39 ligt
193 1648 231 39 gränsskydd,
444 1657 74 20 som
537 1648 69 29 kan
626 1657 169 31 anpassas
815 1648 89 31 efter
922 1649 42 29 de
984 1648 153 31 rådande
1157 1649 268 30 förhållandena
1445 1650 55 30 för
1519 1650 97 39 varje

113 1698 49 33 år,
187 1707 101 30 synes
312 1698 149 29 sålunda
484 1699 255 39 gränsskyddet
763 1699 242 39 ovillkorligen
1029 1699 83 30 böra
1137 1700 100 29 träda
1261 1700 11 28 i
1296 1700 96 29 kraft
1416 1701 108 29 redan
1549 1701 66 29 den

116 1748 12 28 1
148 1748 79 39 juni
244 1748 64 29 och
326 1748 76 29 icke
419 1748 79 30 från
516 1749 10 28 i
543 1749 262 39 propositionen
824 1749 185 39 föreslaget
1027 1750 121 29 datum
1166 1750 19 29 6
1202 1750 89 39 juni.
1310 1750 13 29 I
1341 1752 108 28 annat
1467 1751 61 29 fall
1546 1751 69 29 kan

114 1798 175 39 nämligen
306 1798 139 30 befaras
462 1800 49 28 att
528 1800 214 38 importvara
759 1800 76 29 icke
854 1799 109 30 sällan
982 1800 158 29 kommer
1158 1802 50 27 att
1225 1801 196 29 förefinnas
1439 1801 45 39 på
1501 1801 116 29 mark-

114 1849 113 28 naden
249 1849 10 28 i
282 1848 38 30 så
342 1850 72 28 stor
436 1849 212 39 omfattning
670 1849 56 29 vid
749 1850 95 29 tiden
869 1849 54 29 för
945 1850 66 29 den
1035 1850 149 29 svenska
1208 1851 294 39 färskpotatisens
1525 1851 91 30 salu-

114 1898 154 34 förande,
291 1900 50 27 att
364 1899 127 38 skäligt
511 1899 72 39 pris
605 1900 75 29 icke
701 1899 69 29 kan
793 1899 138 39 uppnås
952 1899 55 30 för
1029 1900 65 29 den
1116 1900 185 29 inhemska
1323 1910 119 23 varan,
1464 1901 60 29 Att
1546 1901 68 30 låta

113 1948 255 39 gränsskyddet
390 1949 123 29 endast
534 1949 148 29 omfatta
704 1958 42 20 en
768 1950 127 29 månad
919 1950 69 28 kan
1009 1950 76 29 icke
1107 1950 107 29 heller
1236 1960 102 20 anses
1360 1951 167 30 innebära
1550 1952 66 28 till-

114 1998 144 38 räckligt
280 1999 112 38 skydd
415 1999 54 30 för
489 1999 65 29 den
577 1999 183 29 inhemska
783 1999 406 40 färskpotatisodlingen.

157 2074 11 28 I
193 2073 176 29 motionen
395 2074 28 29 I:
440 2074 24 28 B
491 2074 56 28 141
580 2075 45 31 (I:
643 2074 79 32 359)
752 2074 215 35 framhålles,
992 2077 49 27 att
1065 2076 356 30 tulltaxekommittén
1446 2077 10 28 i
1480 2077 135 39 princip

113 2123 74 28 icke
209 2124 90 28 velat
323 2123 117 30 införa
463 2123 103 39 något
591 2124 141 29 särskilt
756 2124 248 40 primörskydd
1029 2125 55 28 för
1107 2126 191 37 grönsaker
1321 2127 64 28 och
1410 2126 107 30 heller
1541 2127 74 29 icke

112 2173 171 29 redovisat
308 2173 108 38 några
439 2174 172 29 särskilda
634 2174 257 33 förhållanden,
915 2184 72 19 som
1013 2174 111 30 skulle
1148 2183 38 30 ge
1210 2176 188 38 anledning
1420 2176 51 29 till
1495 2186 40 19 en
1560 2186 56 19 av-

112 2223 128 28 vikelse
264 2223 78 29 från
367 2223 114 29 denna
503 2223 136 39 princip
662 2224 64 28 vad
751 2224 171 29 beträffar
945 2224 164 29 blomkål.
1134 2225 121 29 Likväl
1280 2225 150 39 föreslog
1453 2226 163 29 kommit-

114 2272 67 35 tén,
210 2273 114 28 såsom
353 2282 45 19 nu
427 2273 105 29 också
561 2273 145 29 föreslås
735 2273 8 29 i
770 2274 274 38 propositionen,
1073 2284 40 19 en
1145 2274 140 39 förhöjd
1315 2276 61 27 tull
1406 2285 54 18 om
1490 2276 40 28 35
1557 2277 58 28 öre

111 2331 62 29 per
192 2322 45 38 kg
258 2322 111 29 under
390 2322 94 29 tiden
508 2323 203 34 1/5--31/7.
734 2323 57 29 Alt
814 2323 126 29 bereda
960 2333 42 19 en
1024 2324 156 28 kostsam
1202 2324 119 38 odling
1342 2325 110 28 under
1474 2326 72 37 glas
1568 2327 47 27 ett

113 2372 150 38 speciellt
288 2372 246 39 primörskydd
559 2373 66 28 kan
649 2373 174 38 knappast
847 2383 81 19 vara
950 2373 10 28 i
983 2373 272 30 folkhushållets
1278 2374 156 29 intresse.
1457 2375 159 38 Tillgång

112 2422 50 28 till
188 2421 94 29 färsk
308 2422 152 29 blomkål
488 2422 49 29 till
562 2423 178 28 moderata
764 2423 111 38 priser
899 2424 83 28 även
1010 2424 109 28 under
1143 2423 103 30 våren
1271 2424 63 28 och
1361 2424 253 30 försommaren

114 2472 107 29 måste
248 2472 105 29 innan
382 2473 65 28 den
474 2473 147 29 svenska
649 2473 219 38 fältmässiga
894 2473 255 39 produktionen
1178 2474 158 29 konumer
1364 2474 7 29 i
1400 2475 213 29 marknaden
