1906 2782
278 158 39 30 10

271 1034 30 30 3.

550 158 407 39 Bevillningsutskottets
977 159 218 30 betänkande
1215 169 43 20 nr
1276 160 26 29 B
1323 160 15 29 1
1358 159 40 30 år
1418 160 84 29 1958

503 354 226 38 Allmänna
763 355 130 50 regler
922 354 67 39 för
1020 355 233 38 tulltaxans
1285 356 269 50 tillämpning

320 475 66 29 Vid
406 475 191 30 tulltaxans
618 475 224 40 tillämpning
865 476 98 29 skola
985 476 157 39 följande
1163 476 111 40 regler
1295 477 183 39 iakttagas.

299 556 6 6 .
329 533 173 30 Rubriker
519 534 52 29 till
589 534 237 39 avdelningar,
845 534 131 40 kapitel
994 535 66 29 och
1077 535 340 39 underavdelningar
1434 545 42 20 av
1493 536 129 39 kapitel
1642 537 61 29 äro
1721 545 58 20 en-

329 583 78 30 dast
429 584 229 39 vägledande;
684 584 271 39 tulltaxeringen
978 585 210 29 bestämmes
1211 585 74 30 dels
1309 595 41 20 av
1372 585 156 40 lydelsen
1552 595 42 20 av
1617 586 162 30 tulltaxe-

330 642 162 21 nummer
511 635 65 29 och
595 635 277 39 anmärkningar
892 635 53 29 till
965 635 226 39 avdelningar
1210 636 84 29 eller
1313 635 141 40 kapitel,
1476 636 83 34 dels,
1581 636 55 30 för
1656 636 38 30 så
1713 637 65 29 vitt

328 684 76 29 icke
429 687 108 27 annat
563 684 140 40 stadgas
729 685 11 29 i
765 685 154 30 nämnda
944 694 162 21 nummer
1131 686 83 29 eller
1240 686 286 39 anmärkningar,
1552 695 42 21 av
1619 686 158 40 följande

330 734 230 30 föreskrifter.

297 806 6 6 .
329 784 46 29 Är
393 785 11 28 i
425 787 48 27 ett
494 785 312 30 tulltaxenummer
826 786 86 30 visst
932 787 102 29 ämne
1055 786 148 40 angivet,
1226 796 99 20 avses
1346 787 144 29 därmed
1511 788 118 29 ämnet
1650 787 96 30 såväl
1766 787 11 30 i

328 837 77 27 rent
426 835 160 30 tillstånd
608 844 75 21 som
704 836 11 29 i
736 836 192 40 blandning
947 837 85 29 eller
1053 836 160 40 förening
1234 837 80 29 med
1336 837 109 29 andra
1468 838 136 29 ämnen.
1627 838 72 29 Där
1718 847 59 20 va-

328 893 57 21 ror
403 894 42 20 av
460 886 87 29 visst
565 887 102 28 ämne
687 887 60 29 äro
766 887 159 38 angivna,
944 896 98 20 avses
1060 896 111 25 varor,
1190 887 73 29 helt
1281 887 83 29 eller
1382 887 108 30 delvis
1510 887 206 30 tillverkade
1735 896 42 21 av

328 934 94 30 detta
445 936 112 29 ämne.
582 936 286 40 Tulltaxeringen
891 946 42 20 av
955 937 233 39 blandningar
1211 938 66 28 och
1301 939 254 28 sammansatta
1576 946 103 21 varor
1702 945 75 32 reg-

328 985 88 30 leras
439 986 162 30 närmare
622 995 43 21 av
685 987 12 28 i
719 989 155 27 moment
895 988 18 29 3
937 989 179 38 upptagna
1137 987 273 31 bestämmelser.

327 1034 124 31 Därest
473 1036 58 29 vid
554 1035 224 41 tillämpning
801 1046 42 20 av
865 1039 156 27 moment
1045 1039 18 29 2
1087 1037 83 29 eller
1192 1037 102 39 eljest
1316 1037 58 30 två
1397 1037 82 30 eller
1503 1037 88 30 flera
1614 1038 161 29 tulltaxe-

328 1094 163 21 nummer
511 1086 112 30 skulle
642 1087 123 29 kunna
784 1087 258 39 ifrågakomma
1060 1088 58 29 vid
1137 1088 271 39 tulltaxeringen
1428 1097 43 21 av
1491 1096 42 21 en
1553 1097 93 25 vara,
1669 1088 107 39 gäller

327 1134 172 40 följande:

325 1184 36 33 a)
391 1187 49 28 ett
461 1186 312 30 tulltaxenummer
796 1187 78 29 med
897 1197 97 20 mera
1016 1188 159 30 bestämd
1196 1188 315 40 varubeskrivning
1535 1189 89 30 skall
1647 1189 128 30 tilläm-

391 1245 63 30 pas
476 1237 74 29 före
571 1239 47 27 ett
640 1237 311 30 tulltaxenummer
971 1238 80 29 med
1072 1247 95 21 mera
1188 1239 132 29 allmän
1340 1239 328 40 varubeskrivning;

392 1285 233 40 blandningar
645 1289 92 27 samt
755 1296 111 25 varor,
887 1296 76 21 som
981 1287 97 31 bestå
1097 1297 42 21 av
1157 1288 94 30 olika
1270 1290 128 28 ämnen
1416 1289 83 29 eller
1518 1291 60 28 äro
1597 1298 177 21 samman-

391 1338 91 28 satta
508 1345 43 21 av
577 1337 95 29 olika
696 1336 275 36 beståndsdelar,
1000 1338 107 35 skola,
1134 1338 11 29 i
1172 1338 42 30 de
1241 1338 62 30 fall
1328 1339 46 29 då
1399 1340 272 39 tulltaxeringen
1696 1340 77 29 icke

390 1386 71 29 kan
481 1386 61 30 ske
561 1387 11 28 i
591 1386 154 40 enlighet
764 1387 79 29 med
862 1388 114 38 punkt
996 1397 29 25 a,
1045 1388 205 30 tulltaxeras
1271 1389 114 30 såsom
1405 1389 57 30 det
1482 1391 101 28 ämne
1603 1390 83 29 eller
1705 1390 68 29 den

389 1436 234 36 beståndsdel,
644 1446 76 20 som
739 1438 94 39 giver
851 1437 239 41 blandningen
1108 1439 83 29 eller
1209 1448 110 20 varan
1338 1439 79 30 dess
1435 1440 259 40 huvudsakliga
1712 1440 61 29 ka-

387 1487 136 36 raktär;

323 1536 34 33 c)
385 1536 11 29 i
419 1537 42 29 de
484 1536 72 35 fall,
581 1536 43 31 då
647 1537 227 40 tulltaxering
896 1538 109 40 enligt
1028 1538 311 31 bestämmelserna
1361 1540 11 29 i
1396 1540 200 39 punkterna
1620 1549 20 21 a
1663 1540 66 30 och
1751 1540 21 29 b

389 1586 76 30 icke
482 1588 39 29 är
538 1587 131 40 möjlig,
688 1588 89 30 skall
796 1588 56 29 det
868 1588 311 30 tulltaxenummer
1196 1589 187 40 tillämpas,
1403 1599 74 21 som
1494 1591 137 30 medför
1647 1591 125 39 högsta

389 1637 121 30 tullen.

325 1285 20 29 b

352 1285 10 33 Ne

275 1694 53 30 "3:
346 1695 27 29 1.
399 1695 91 30 Vara
510 1695 252 31 inkommande
783 1697 10 29 i
815 1696 96 30 delar
931 1697 216 35 tulltaxeras,
1169 1700 87 27 utan
1277 1698 124 30 hinder
1422 1708 42 21 av
1486 1701 51 28 att
1558 1699 137 31 mindre
1715 1701 59 28 vä-

323 1745 147 39 sentliga
489 1745 266 30 beståndsdelar
776 1746 138 35 saknas,
935 1747 89 30 efter
1042 1748 67 29 vad
1129 1748 55 30 för
1202 1758 110 20 varan
1332 1758 75 21 som
1427 1750 117 30 helhet
1564 1752 37 28 är
1622 1751 148 39 stadgat,

322 1794 111 30 under
456 1795 255 41 förutsättning
733 1799 50 27 att
806 1796 143 31 delarna
970 1798 181 30 inkomma
1175 1799 190 40 samtidigt.

290 1867 5 6 «
321 1844 52 30 Då
393 1845 11 29 i
425 1845 236 41 anmärkning
683 1847 52 29 till
758 1847 185 40 avdelning
964 1848 83 29 eller
1069 1848 130 40 kapitel
1222 1849 221 35 föreskrives,
1466 1852 51 28 att
1539 1851 231 40 avdelningen

321 1894 83 30 eller
424 1895 147 40 kapitlet
592 1896 77 30 icke
691 1896 169 31 omfattar
881 1898 94 30 vissa
996 1907 111 26 varor,
1130 1899 66 30 och
1218 1899 123 30 därvid
1363 1900 211 40 hänvisning
1596 1902 99 39 göres
1717 1901 53 30 till

321 1945 110 30 andra
451 1946 228 39 avdelningar
700 1947 83 29 eller
804 1947 130 40 kapitel
957 1948 83 30 eller
1060 1948 53 30 till
1133 1948 182 31 bestämda
1336 1950 320 36 tulltaxenummer,
1679 1951 90 30 skall

322 1995 289 40 anmärkningen,
639 1996 105 31 såvitt
769 1998 31 39 ej
829 2000 108 28 annat
963 1998 150 40 stadgas,
1140 2008 80 21 avse
1247 2000 162 39 samtliga
1433 2010 112 26 varor,
1571 2001 200 40 hänförliga

321 2045 52 29 till
397 2045 221 32 sistnämnda
641 2047 237 40 avdelningar,
903 2048 132 40 kapitel
1058 2049 83 30 eller
1164 2050 321 36 tulltaxenummer,
1510 2053 88 28 även
1621 2061 57 20 om
1703 2052 66 29 den

320 2096 11 29 i
357 2096 280 40 anmärkningen
665 2097 289 31 förekommande
981 2100 270 39 uppräkningen
1277 2110 43 20 av
1344 2110 150 21 varorna
1519 2102 77 29 icke
1623 2104 38 28 är
1689 2102 81 29 full-

324 2146 147 40 ständig.

291 2217 6 7 .
323 2196 120 35 Varor,
463 2206 75 20 som
556 2197 75 30 icke
649 2200 178 28 motsvara
845 2199 155 39 lydelsen
1018 2209 43 20 av
1078 2200 104 39 något
1200 2210 162 20 nummer
1367 2192 17 51 i
1407 2202 183 34 tulltaxan,
1610 2202 162 30 tulltaxe-

320 2254 57 21 ras
398 2246 107 40 enligt
527 2247 57 30 det
604 2248 312 30 tulltaxenummer
938 2259 76 20 som
1035 2259 99 21 avser
1155 2252 159 29 närmast
1335 2251 166 31 liknande
1524 2252 157 30 artiklar.

267 2295 53 29 "5:
340 2296 26 29 1.
391 2296 79 30 Tull
494 2297 102 39 utgår
620 2298 80 29 med
725 2299 11 29 i
763 2300 105 29 taxan
893 2300 148 39 angiven
1066 2303 144 37 procent
1235 2310 43 20 av
1302 2302 120 29 värdet
1448 2303 82 29 eller
1555 2303 11 29 i
1592 2302 174 30 förekom-

319 2347 126 30 mande
469 2347 62 30 fall
555 2348 138 39 angivet
717 2348 125 42 belopp
867 2350 54 30 för
944 2351 173 30 kvantitet
1141 2361 75 21 som
1241 2354 39 28 är
1304 2355 109 28 utsatt
1439 2354 149 30 framför
1611 2355 156 29 tullsats-

323 2397 206 37 kolumnen;
552 2398 176 31 tullfrihet
748 2400 180 30 utmärkes
950 2401 80 29 med
1049 2402 98 29 ordet
1170 2402 98 31 »fri».
