1892 2774
260 186 58 30 176
529 184 406 40 Bevillningsutskottets
956 184 219 30 betänkande
1196 193 42 20 nr
1257 185 26 28 B
1305 185 15 28 1
1342 184 39 29 år
1402 184 83 29 1958

1315 270 112 30 Förslag
1446 270 85 30 enligt

1267 300 122 38 proposi-
1453 303 131 24 tulltaxe-

1280 338 95 23 tionen
1436 337 168 23 kommittén

256 389 77 24 59.07
371 389 157 28 Vävnader,
547 389 173 29 överdragna
738 388 62 23 med
819 388 106 30 gummi
942 388 141 23 arabicum
1101 387 65 23 eller
1184 387 64 24 med

370 422 230 25 stärkelseklister
620 421 65 24 eller
702 422 132 23 liknande
855 424 90 25 ämne,
965 422 43 22 för
1026 421 166 29 inbindning
1212 427 36 17 av

370 456 102 23 böcker
488 455 64 24 eller
567 456 43 23 för
625 455 181 30 tillverkning
822 461 36 17 av
875 455 87 23 etuier
978 454 64 24 eller
1058 455 43 23 för
1115 454 133 24 liknande

371 489 140 28 ändamål;
536 489 162 28 kalkerväv;
725 488 151 28 vävnader,
902 488 120 23 beredda
1046 488 43 23 för
1114 487 132 30 målning;

369 523 101 23 kanfas
483 523 51 23 och
545 522 134 24 liknande
691 522 143 24 vävnader
847 521 42 24 för
900 521 180 30 tillverkning
1093 528 37 17 av
1142 522 104 23 hattar:

372 557 31 23 B.
424 556 87 24 andra
530 556 58 30 Slag
603 572 638 7 ...ssses=-.eeserssser
935 552 79 38 setet
1021 552 65 38 rer
1101 552 49 38 Kr
1166 552 8 38 K
1182 552 63 38 ARKA
1285 554 33 23 12
1338 555 28 28 2,
1481 554 32 23 14
1534 555 27 29 2»,

255 589 78 25 59.08
370 590 157 27 Vävnader,
542 589 209 30 impregnerade
764 588 65 24 eller
842 589 172 30 överdragna
1028 588 63 24 med
1106 588 141 24 cellulosa-

370 623 110 23 derivat
498 622 64 24 eller
581 623 88 23 andra
688 623 111 29 plaster:

371 657 31 23 B.
424 656 86 24 andra
530 656 57 30 slaåg
602 673 640 7 ss.s.s.ssrercsssssrrorr
969 651 54 39 rss
1042 651 8 39 s
1059 651 25 39 rr
1095 651 26 39 tr
1139 651 35 39 Kr
1183 651 62 39 resa
1287 654 32 24 12
1339 656 27 28 2,
1482 655 32 23 14
1534 655 28 28 4,

255 690 78 24 59.09
370 690 121 24 Vaxduk
511 690 50 23 och
582 690 88 23 andra
689 689 151 28 vävnader,
860 689 207 29 impregnerade
1087 688 64 24 eller
1171 690 77 22 över-

371 724 103 29 dragna
489 723 62 23 med
565 723 56 29 olja
635 723 66 23 eller
713 724 130 28 preparat
857 721 36 31 på
906 723 74 23 basis
994 729 35 17 av
1042 722 137 23 torkande
1193 722 56 29 olja
1287 721 32 24 12
1339 722 28 28 94,
1482 721 32 23 14
1534 722 28 28 2,

256 757 75 24 59.11
370 757 158 28 Vävnader,
553 756 217 30 impregnerade,
795 756 172 30 överdragna
991 756 64 23 eller
1078 755 170 24 laminerade

371 790 63 24 med
454 790 113 30 gummi,
587 790 88 23 andra
696 792 34 23 än
749 789 140 24 trikåväv:

370 825 33 22 A.
424 824 121 23 cordväv
565 830 36 17 av
621 823 115 24 ändlösa
756 823 155 30 syntetiska
930 822 167 24 textilfibrer
1111 840 130 6 ........
1285 822 33 23 12
1338 822 38 28 90
1481 822 33 23 20
1534 821 38 29 91

371 857 28 24 C.
424 857 87 24 andra
530 857 57 30 slag
602 873 639 7 sscsssreserrsrsrer
900 852 26 39 rr
934 852 62 39 orre
1005 852 28 39 rr
1042 852 42 39 ers
1093 852 62 39 KRKA
1173 852 35 39 rr
1215 852 30 39 Ks
1285 855 33 23 12
1338 856 27 29 «4
1481 855 32 23 14
1533 856 28 28 Y

256 890 78 25 59.12
371 891 149 23 Vävnader
532 890 63 23 med
608 897 94 17 annan
714 890 202 30 impregnering
928 889 64 24 eller
1004 891 87 22 annat
1104 889 143 29 överdrag;

372 924 109 24 målade
499 924 217 27 teaterkulisser,
736 923 182 30 ateljéfonder
937 930 22 16 e.
980 923 26 23 d.
1024 940 218 6 ..........-..«
1287 922 32 23 12
1339 923 28 28 «4,
1482 922 32 23 14

257 957 77 25 59.13
372 958 141 23 Elastiska
525 957 152 28 vävnader,
691 957 87 24 andra
791 960 34 20 än
839 956 139 28 trikåväv,
991 963 36 17 av
1038 956 212 24 textilmaterial

370 991 9 23 i
399 991 124 30 förening
543 991 63 23 med
626 990 178 30 gummitråd:

371 1025 33 23 A.
425 1031 37 17 av
481 1024 113 24 ändlösa
615 1024 156 29 syntetiska
790 1023 168 24 textilfibrer
971 1040 272 7 .............«.-.s
1287 1022 32 23 14
1339 1023 39 28 90?
1483 1022 32 23 18
1536 1023 37 28 9;

372 1058 28 23 C.
426 1065 36 16 av
481 1059 86 22 annat
585 1057 213 24 textilmaterial
812 1074 432 7 ........-.....setsccsa
1204 1053 44 39 0
1288 1056 32 23 12
1340 1056 28 29 «
1483 1056 32 23 14
1535 1056 28 29 Y,

256 1091 78 24 59.14
372 1091 92 23 Vekar
484 1098 35 17 av
539 1091 221 28 textilmaterial,
781 1090 102 28 vävda,
904 1090 105 24 flätade
1029 1090 65 23 eller
1114 1090 135 27 stickade,

371 1125 44 23 för
439 1125 117 29 lampor,
582 1125 135 27 kaminer,
743 1124 53 29 ljus
822 1130 24 17 o.
874 1124 36 28 d.;
937 1123 214 30 glödstrumpor,
1178 1124 71 23 även

372 1158 217 29 impregnerade,
610 1159 74 22 samt
704 1157 195 30 slangformiga
919 1158 99 24 ämnen
1038 1156 95 24 därtill
1150 1175 94 5 ......
1288 1156 33 24 12
1340 1157 28 28 4,
1483 1156 33 23 13
1535 1156 28 29 4

257 1191 77 25 59.13
373 1192 205 29 Brandslangar
603 1191 52 24 och
678 1191 132 23 liknande
835 1191 109 29 slangar
969 1197 36 17 av
1028 1190 222 28 textilmaterial,

373 1228 71 21 även
457 1225 141 23 armerade
611 1225 65 23 eller
687 1225 129 23 försedda
828 1224 63 23 med
904 1224 93 29 beslag
1009 1224 64 23 eller
1085 1223 166 30 kopplingar

372 1265 37 17 av
428 1260 87 22 annat
534 1258 128 24 material
676 1275 568 7 ..........-..se-s->sssers
1062 1253 62 39 sees
1133 1253 42 39 tor
1184 1253 64 39 era
1288 1256 32 24 10
1340 1257 28 29 9

258 1292 78 24 59.15
374 1292 205 29 Brandslangar
603 1292 53 22 och
679 1291 132 23 liknande
836 1291 109 29 slangar
970 1297 35 17 av
1029 1290 221 28 textilmaterial,

372 1332 72 17 även
457 1325 141 24 armerade
611 1324 65 24 eller
687 1325 127 23 försedda
828 1324 63 23 med
904 1324 93 30 beslag
1009 1323 64 24 eller
1085 1324 166 29 kopplingar

372 1365 37 17 av
428 1358 104 24 metall:

373 1393 33 23 A.
427 1392 146 29 invändigt
590 1391 119 30 belagda
726 1391 62 23 med
805 1392 42 22 ett
863 1391 82 29 högst
962 1390 16 24 2
995 1397 57 16 mm
1068 1390 93 30 tjockt
1177 1390 75 30 lager

427 1432 35 17 av
482 1425 104 30 gummi
605 1425 65 23 eller
689 1424 159 30 konstplast
866 1442 378 5 .........s.s,s.osseortes
1483 1423 35 24 fri

375 1459 31 24 B.
428 1459 86 23 andra
534 1459 58 29 slag
606 1475 639 7 s..ss.ossssesersers
884 1454 48 38 ers
938 1454 8 38 s
955 1454 27 38 rs
990 1454 37 38 rr
1043 1454 27 38 rr
1078 1454 27 38 re
1114 1454 27 38 rr
1150 1454 27 38 RK
1195 1454 53 38 Rss
1485 1457 32 23 14
1537 1457 28 29 2,

258 1492 77 24 59.17
373 1492 96 24 Andra
487 1492 167 24 textilvaror
672 1492 43 23 för
733 1491 126 24 tekniskt
878 1491 71 23 bruk
968 1509 278 5 ...............>
1290 1490 32 24 10
1342 1491 27 28 2,
1485 1490 32 24 12
1538 1491 27 29 2»

258 1526 76 24 60.01
373 1525 150 28 Trikåväv,
542 1526 60 23 icke
622 1524 194 24 innehållande
836 1525 113 29 gummi:

372 1560 33 23 A.
427 1566 36 17 av
482 1559 114 25 ändlösa
616 1559 157 29 syntetiska
791 1558 169 23 textilfibrer
973 1575 272 6 .............«.-.
1289 1557 32 23 14
1341 1558 38 28 90
1483 1557 34 23 20
1536 1558 39 28 905

374 1593 27 23 C.
427 1599 36 17 av
483 1594 86 22 annat
588 1592 213 23 textilmaterial
815 1609 431 6 ..............s.osscosecca
1291 1591 31 23 14
1343 1592 27 28 9,
1485 1590 33 24 15
1538 1592 28 28 «4

258 1626 78 24 60.02
373 1626 108 23 Vantar
500 1632 35 17 av
553 1625 84 28 trikå,
656 1625 61 23 icke
736 1624 193 24 innehållande
949 1625 113 30 gummi:

372 1660 33 23 A.
427 1666 35 17 av
482 1659 114 24 ändlösa
616 1659 157 29 syntetiska
791 1658 168 24 textilfibrer
972 1676 272 5 ................
1289 1657 31 23 14
1341 1658 38 28 9
1484 1657 33 23 20
1537 1658 38 28 95

373 1693 28 24 C.
427 1700 36 16 av
482 1694 86 22 annat
587 1692 211 24 textilmaterial
812 1709 432 6 .........--.s-s-sosserer
1219 1687 28 39 ra
1288 1691 33 23 14
1341 1692 27 27 &
1484 1691 32 23 15

258 1726 77 24 60.03
373 1727 156 29 Strumpor,
548 1726 239 29 understrumpor,
807 1725 106 28 sockor,
932 1725 249 30 strumpskyddare
1200 1725 52 23 och

370 1760 134 23 liknande
522 1759 115 24 artiklar
656 1766 36 17 av
709 1759 83 28 trikå,
810 1759 60 23 icke
887 1757 195 25 innehållande
1100 1758 115 30 gummi:
1538 1775 38 13 Ojå
1632 1776 2 2 I

373 1795 33 22 A.
427 1800 36 17 av
483 1793 113 24 ändlösa
616 1793 158 29 syntetiska
792 1792 169 24 textilfibrer
975 1810 272 6 ...........s.so>-
1291 1791 32 24 18
1343 1792 37 28 9
1468 1772 50 66 (20
1538 1776 39 61 Li
1595 1774 173 62 EEE

374 1860 28 24 C.
428 1867 36 17 av
483 1861 86 22 annat
588 1859 212 24 textilmaterial
814 1876 432 7 .............scscoccesere0s
1290 1858 33 23 14
1343 1859 27 28 Y,
1487 1858 31 23 15
1538 1859 28 28 4

259 1893 77 25 60.04
375 1894 191 23 Underkläder
586 1900 35 17 av
640 1892 84 29 trikå,
744 1893 60 23 icke
822 1892 194 24 innehållande
1036 1892 114 30 gummi:

373 1928 32 22 A.
427 1934 36 17 av
483 1927 113 25 ändlösa
616 1926 157 30 syntetiska
792 1926 168 23 textilfibrer
973 1943 272 6 ..............--
1289 1925 32 23 14
1341 1926 39 27 90
1484 1925 34 23 20
1538 1926 38 28 945

374 1961 28 23 C.
427 1967 36 17 av
482 1962 87 22 annat
587 1959 213 24 textilmaterial
813 1977 431 6 ...........ssersrssesr
1203 1955 45 39 res
1289 1959 31 23 14
1341 1960 27 28 Y
1484 1958 32 24 15
1537 1959 27 29 »

259 1994 77 24 60.05
377 1990 169 28 Överkläder
565 2000 36 17 av
619 1993 77 24 trikå
716 1995 73 22 samt
808 1993 86 24 andra
912 1992 167 29 trikåvaror,
1098 1992 61 24 icke
1177 1993 76 23 inne-

373 2026 130 25 hållande
523 2027 113 30 gummi:

375 2061 31 23 A.
428 2068 36 17 av
484 2061 113 23 ändlösa
617 2060 157 30 syntetiska
792 2059 168 24 textilfibrer
974 2077 272 6 .............«+>
1290 2059 32 23 14
1342 2060 38 28 9
1486 2059 31 23 17
1538 2060 39 28 9;

375 2094 28 24 C.
428 2101 36 17 av
483 2096 87 22 annat
588 2093 212 24 textilmaterial
814 2111 431 6 .............s.soscr.cocsoct
1291 2093 31 23 14
1342 2093 28 28 4
1486 2093 32 23 15
1539 2094 27 28 Y

260 2128 77 24 60.06
374 2127 141 24 Trikåväv
541 2128 51 23 och
618 2127 89 25 andra
731 2126 166 29 trikåvaror,
923 2126 148 30 knäskydd
1097 2127 52 23 och
1176 2125 76 24 åder-

374 2162 243 29 brocksstrumpor
661 2161 139 23 härunder
843 2160 172 30 inbegripna,
1059 2159 197 24 innehållande

374 2195 114 30 gummi:

373 2229 33 23 A.
428 2235 36 16 av
483 2228 114 24 ändlösa
617 2227 157 30 syntetiska
792 2227 169 24 textilfibrer
975 2244 273 6 .............seo-
1291 2226 32 23 14
1343 2227 39 28 9
1487 2226 31 23 18
1539 2226 37 29 Yr

374 2262 28 24 C.
427 2268 37 17 av
483 2263 86 22 annat
588 2261 211 24 textilmaterial
813 2278 432 6 ............s.esccseraras
1289 2260 32 23 12
1342 2261 27 28 24,
1485 2259 33 24 14
1538 2260 28 28 Y,

262 2295 75 24 61.01
380 2291 169 28 Överkläder
567 2295 43 23 för
628 2301 66 17 män
714 2294 63 23 eller
796 2300 101 24 gossar:

374 2329 32 23 A.
428 2335 36 17 av
483 2328 113 24 ändlösa
617 2328 156 29 syntetiska
792 2327 169 24 textilfibrer
974 2345 272 6 ................
1291 2326 31 23 14
1342 2327 39 29 97
1486 2326 33 24 17
1539 2327 39 28 9?

374 2362 28 24 C.
428 2369 36 17 av
483 2363 86 23 annat
588 2361 213 24 textilmaterial
814 2378 433 7 ..........s.ssceossssoserrece
1290 2360 33 24 12
1343 2361 28 28 Y
1486 2360 33 23 13
1539 2361 28 28 Y

293 2455 8 13 1
320 2452 29 24 T.
363 2459 27 17 v.
410 2453 198 30 suspenderad,
645 2454 9 13 ?
673 2453 31 23 T.
718 2459 28 17 v.
767 2452 74 25 10».
879 2453 9 13 ?
907 2452 70 24 T.v.
999 2452 31 24 14
1043 2455 24 24 x.
1104 2453 9 13 +
1131 2452 72 23 T.v.
1224 2452 59 25 824.
1317 2453 9 13 5
1345 2451 31 24 T.
1391 2458 26 17 v.
1439 2452 68 25 112.
1544 2453 9 13 »
1572 2451 31 24 T.
1617 2458 27 17 v.
1666 2451 31 23 16
1710 2454 24 20 4.

297 2487 8 14 7
320 2486 71 24 Tv.
413 2486 84 27 124.
534 2488 9 14 3
561 2487 72 23 T.
609 2481 33 39 v.
656 2486 31 24 15
705 2489 37 24 24.
777 2488 9 13 »
805 2486 30 23 T.
851 2491 25 18 v.
898 2485 31 24 10
946 2488 37 25 «£.
