1910 2782
266 157 61 30 276
556 156 405 39 Bevillningsutskottets
980 156 219 29 betänkande
1216 165 42 20 nr
1272 157 26 28 B
1317 158 15 28 1
1350 156 39 30 år
1407 157 83 29 1958

266 240 72 30 sive
361 241 62 29 allt
445 241 178 29 närmaste
647 240 200 39 emballage,
873 240 115 29 såsom
1012 239 114 39 baljor
1149 240 83 29 eller
1255 240 133 28 krukor
1413 239 78 29 med
1515 239 90 39 jord,
1631 239 136 39 korgar,

266 290 208 30 bastmattor
496 300 44 20 m.
563 300 45 20 m.
631 290 92 30 Från
746 290 189 30 utskottets
959 290 75 30 sida
1056 291 38 29 är
1117 290 76 30 icke
1216 292 107 27 annat
1346 292 50 27 att
1419 290 116 29 erinra
1558 291 72 28 mot
1654 290 115 29 denna

266 350 42 20 av
329 341 183 39 praktiska
533 341 77 30 skäl
631 340 183 40 betingade
837 342 92 38 regel
950 342 43 28 än
1016 342 50 28 att
1089 340 171 30 utskottet
1283 340 204 29 förutsätter
1509 342 51 28 att
1582 340 185 39 begreppet

267 392 190 39 emballage
474 392 72 29 inte
565 392 95 39 gives
676 400 42 20 en
738 392 37 29 så
793 391 193 30 vidsträckt
1003 390 171 30 innebörd
1193 392 51 28 att
1261 391 75 29 däri
1355 390 196 41 inbegripes
1571 400 25 20 s.
1616 391 33 31 k.
1669 390 100 39 gods-

266 442 176 29 behållare
464 441 247 34 (containers).

309 492 49 29 Nr
378 492 95 30 06.03
493 493 24 28 A
545 493 28 30 1.
596 492 147 30 Mimosa
764 492 65 29 och
852 492 99 39 ljung
973 493 36 28 är
1031 492 23 29 f.
1078 501 33 20 n.
1134 491 110 29 under
1264 492 77 29 hela
1364 491 73 29 året
1458 491 145 39 belagda
1626 491 79 29 med
1726 500 43 20 en

266 542 65 30 tull
355 551 42 20 av
419 544 18 29 5
461 542 41 29 kr
525 551 61 30 per
610 543 55 39 kg.
689 542 372 30 Tulltaxekommittén
1084 542 64 29 har
1173 541 178 40 föreslagit
1376 543 50 28 att
1448 542 110 29 tullen
1582 541 186 30 reduceras

268 593 51 29 till
340 593 20 29 4
381 593 41 29 kr
442 603 60 29 per
523 594 45 38 kg
595 593 60 33 (en
675 593 152 29 ledamot
847 593 64 29 har
932 595 192 28 reserverat
1146 593 50 39 sig
1217 594 64 29 och
1303 592 179 39 föreslagit
1503 594 50 28 att
1574 592 67 30 den
1663 601 107 20 nuva-

269 644 109 29 rande
410 645 111 28 tullen
553 643 191 30 bibehålles
778 643 247 34 oförändrad).
1056 642 398 40 Departementschefen
1485 642 155 30 biträder
1672 642 98 29 kom-

267 693 276 40 mittéförslaget.
572 696 6 28 I
601 694 132 29 motion
754 694 45 29 II:
816 695 26 28 B
865 694 60 29 116
946 693 147 30 föreslås
1114 695 52 28 att
1186 694 108 28 tullen
1315 693 189 29 bibehålles
1525 692 57 30 vid
1605 693 18 29 5
1645 692 42 29 kr
1707 701 61 31 per

266 745 55 39 kg,
340 746 11 28 i
371 745 177 29 motionen
568 746 28 29 I:
613 746 26 29 B
660 745 57 29 141
739 746 50 28 att
808 744 68 30 den
896 745 125 29 sänkes
1041 744 53 30 till
1113 744 19 30 2
1152 744 42 29 kr
1212 753 60 30 per
1291 744 55 39 kg.

311 796 13 29 I
343 795 229 30 betraktande
593 804 43 21 av
655 797 51 28 att
724 795 101 30 dessa
843 795 148 30 artiklar
1010 794 160 39 betingar
1189 796 48 28 ett
1257 795 158 29 avsevärt
1435 794 93 39 lägre
1549 794 72 39 pris
1642 795 45 28 än
1705 794 64 29 im-

266 846 183 38 porterade
467 846 173 29 blommor
657 846 12 29 i
688 846 192 29 allmänhet
899 845 115 29 finner
1032 845 172 29 utskottet
1223 854 42 20 en
1284 845 174 39 sänkning
1476 844 193 30 motiverad
1688 853 80 20 men

266 896 71 30 kan
353 897 73 29 inte
442 896 139 31 tillråda
600 906 43 20 en
661 896 37 30 så
715 896 132 40 kraftig
864 896 225 39 nedsättning
1108 905 75 20 som
1202 895 66 30 den
1284 895 12 29 i
1312 895 178 29 motionen
1508 896 29 28 I:
1553 896 26 28 B
1601 894 58 30 141
1679 894 90 30 före-

267 948 121 39 slagna
406 950 84 28 utan
508 948 158 30 ansluter
684 948 50 39 sig
752 948 52 29 till
822 947 126 39 Kungl.
967 947 125 39 Maj:ts
1110 946 141 39 förslag.

309 999 50 29 Nr
378 999 96 29 06.03
495 999 24 28 A
544 999 29 28 2.
596 999 68 28 För
684 998 177 29 avskurna
882 997 172 30 blommor
1074 997 11 29 i
1107 997 190 29 allmänhet
1319 996 100 40 utgår
1441 997 109 29 tullen
1572 996 107 39 enligt
1700 996 70 39 gäl-

268 1049 103 30 lande
391 1051 80 27 taxa
491 1049 80 29 med
594 1048 39 29 10
655 1049 41 28 kr
717 1057 60 31 per
798 1048 45 39 kg
865 1048 111 29 under
996 1048 96 29 tiden
1116 1047 211 35 1/3—30/11
1352 1047 64 29 och
1438 1047 78 29 med
1539 1046 17 29 5
1579 1047 42 28 kr
1643 1055 60 30 per
1724 1046 45 38 kg

267 1099 112 30 under
397 1109 116 20 annan
531 1099 61 30 tid.
606 1098 372 30 Tulltaxekommittén
996 1098 64 29 har
1079 1097 179 39 föreslagit
1277 1100 49 27 att
1345 1097 110 29 tullen
1474 1097 127 29 sänkes
1620 1096 51 29 till
1692 1096 16 29 7
1728 1096 42 29 kr

266 1149 40 30 50
330 1150 59 29 öre
412 1158 60 31 per
495 1149 45 40 kg
563 1148 113 30 under
698 1148 303 40 högtullperioden
1024 1148 65 29 och
1113 1147 189 30 bibehålles
1326 1146 214 30 oförändrad
1564 1146 112 29 under
1700 1146 69 39 låg-

267 1200 231 39 tullperioden
523 1201 60 33 (en
602 1199 152 30 ledamot
772 1199 65 29 har
856 1201 190 27 reserverat
1067 1198 51 39 sig
1137 1198 66 29 och
1222 1197 177 40 föreslagit
1420 1199 48 27 att
1488 1197 110 29 tullen
1617 1196 153 30 bibehål-

266 1250 48 30 les
336 1249 213 30 oförändrad
571 1249 114 29 under
704 1248 302 41 högtullperioden
1027 1249 65 29 och
1113 1248 100 39 höjes
1236 1248 52 30 till
1312 1248 16 29 7
1351 1248 42 28 kr
1414 1248 41 29 50
1476 1248 58 30 öre
1556 1256 61 30 per
1638 1247 46 39 kg
1706 1256 63 19 un-

265 1299 60 31 der
350 1299 322 40 lågtullperioden).
695 1298 395 41 Departementschefen
1114 1308 102 20 anser
1240 1298 40 30 de
1304 1308 43 20 av
1370 1298 208 29 kommittén
1604 1297 165 39 föreslag-

265 1359 45 22 na
336 1351 224 29 tullsatserna
587 1350 157 39 lämpligt
770 1350 155 38 avvägda
950 1350 64 29 och
1040 1349 154 29 biträder
1220 1348 119 31 därför
1364 1348 363 39 kommittéförslaget.
1755 1348 13 29 I

266 1400 219 31 motionerna
507 1401 27 29 I:
551 1402 26 29 B
599 1401 39 29 61
664 1401 64 29 och
751 1401 44 28 II:
812 1401 26 29 B
862 1400 41 30 64
924 1400 105 39 yrkas
1054 1402 49 27 att
1126 1400 110 29 tullen
1260 1399 111 29 under
1394 1398 305 40 högtullperioden
1720 1398 49 29 bi-

265 1451 153 30 behålles
437 1452 57 29 vid
517 1452 39 30 10
577 1452 42 28 kr
639 1460 61 31 per
720 1452 54 38 kg.
804 1451 6 29 I
832 1451 218 29 motionerna
1072 1451 28 28 I:
1117 1451 26 28 B
1165 1450 39 30 57
1226 1450 64 29 och
1312 1450 44 29 II:
1373 1451 25 28 B
1421 1450 39 29 66
1483 1451 91 28 samt
1596 1449 44 29 II:
1657 1450 25 28 B
1707 1449 60 29 116

265 1501 187 31 framföres
478 1502 186 29 enahanda
689 1501 141 40 förslag,
856 1501 172 39 varjämte
1052 1501 107 39 yrkas
1185 1502 50 28 att
1261 1501 109 29 tullen
1397 1500 110 29 under
1534 1499 235 40 lågtullperio-

266 1552 67 30 den
353 1552 107 30 måtte
480 1552 102 39 höjas
603 1553 54 30 till
677 1553 16 29 7
715 1552 41 29 kr
776 1553 41 29 50
837 1553 58 29 öre
916 1561 60 30 per
996 1552 55 39 kg.
1074 1552 12 29 I
1109 1552 132 28 motion
1263 1551 28 29 I:
1307 1552 26 28 B
1356 1550 57 30 141
1437 1550 151 40 påyrkas
1611 1550 157 30 däremot

265 1611 42 21 en
331 1603 174 40 sänkning
529 1613 42 19 av
593 1603 111 29 tullen
726 1603 53 29 till
802 1603 19 29 6
844 1603 43 28 kr
908 1611 60 30 per
991 1603 45 38 kg
1060 1602 112 29 under
1195 1601 302 40 högtullperioden
1520 1601 63 29 och
1606 1601 55 29 till
1685 1601 18 29 2
1726 1601 42 28 kr

265 1663 60 30 per
342 1655 46 39 kg
405 1655 109 29 under
532 1653 301 40 lågtullperioden.

309 1704 95 30 Även
427 1714 56 20 om
505 1703 346 40 prisförhållandena
872 1703 119 30 växlar
1015 1703 105 39 något
1143 1703 38 29 år
1205 1702 79 30 från
1307 1702 39 30 år
1369 1702 110 29 måste
1504 1702 67 29 den
1595 1711 174 20 nuvaran-

265 1754 42 31 de
325 1756 112 29 tullen
454 1764 101 21 anses
576 1755 91 39 ligga
685 1755 44 39 på
747 1764 43 20 en
807 1755 69 38 hög
894 1754 89 29 nivå.
1011 1754 6 29 I
1036 1753 214 40 genomsnitt
1268 1753 64 29 har
1351 1752 335 40 importincidensen
1705 1761 64 20 un-

265 1805 60 29 der
350 1805 304 39 högtullperioden
679 1805 74 29 ofta
778 1806 139 28 närmat
944 1805 50 38 sig
1019 1805 41 29 50
1091 1804 47 33 9.
1165 1803 98 30 Efter
1287 1813 44 20 en
1356 1803 159 39 nedgång
1541 1803 38 30 år
1606 1803 83 29 1956
1715 1803 53 29 till

266 1856 105 39 något
388 1857 79 29 över
484 1857 40 29 30
547 1856 32 34 2
599 1856 65 29 har
679 1855 205 30 incidensen
902 1855 37 29 år
959 1855 80 29 1957
1059 1854 91 39 ånyo
1169 1854 93 39 stigit
1279 1854 53 30 till
1350 1853 40 30 40
1413 1854 32 33 2
1466 1862 43 21 av
1524 1853 132 32 värdet.
1674 1853 95 29 Tull-

266 1905 106 30 nivån
394 1905 97 31 torde
514 1906 71 30 inte
608 1906 123 30 kunna
752 1905 167 30 bedömas
942 1904 88 30 efter
1055 1905 83 30 1956
1162 1904 56 29 års
1243 1903 111 37 siffra,
1378 1903 118 30 vilken
1518 1903 24 30 f.
1565 1904 30 29 ö.
1620 1912 58 21 om
1701 1903 66 30 den

266 1967 79 20 vore
371 1957 217 39 signifikativ
612 1957 112 30 skulle
748 1956 83 40 tyda
855 1956 45 40 på
921 1965 43 20 en
988 1955 109 29 sådan
1123 1954 152 40 stegring
1298 1964 42 20 av
1363 1954 41 29 de
1430 1954 188 29 utländska
1642 1954 126 39 priser-

266 2017 54 26 na,
348 2010 50 27 att
422 2007 316 38 konkurrensläget
763 2006 54 30 för
844 2006 67 29 den
935 2005 185 30 inhemska
1146 2005 260 40 produktionen
1433 2005 112 29 skulle
1571 2005 46 29 ha
1642 2004 126 29 under-

266 2058 72 39 gått
365 2067 43 20 en
435 2058 167 29 avsevärd
630 2056 220 40 förbättring.
879 2057 74 29 Inte
979 2056 109 29 heller
1115 2056 71 29 kan
1213 2056 58 29 det
1296 2064 102 21 anses
1424 2055 122 39 riktigt
1573 2057 50 28 att
1652 2055 116 29 såsom

266 2108 92 30 skett
380 2109 11 29 i
413 2109 92 29 vissa
526 2117 43 20 av
592 2107 219 30 motionerna
834 2106 136 39 grunda
990 2106 256 39 bedömningen
1269 2106 44 39 på
1336 2108 48 27 ett
1406 2106 213 38 genomsnitt
1642 2114 42 21 av
1705 2105 63 29 im-

265 2161 124 37 porten
411 2159 110 29 under
542 2159 80 29 hela
643 2157 83 36 året,
748 2157 43 31 då
813 2157 67 30 den
901 2157 140 29 alldeles
1062 2156 238 39 övervägande
1324 2156 99 29 delen
1444 2165 43 20 av
1507 2156 261 39 produktionen

268 2209 172 30 saluföres
467 2209 112 29 under
607 2208 314 39 högtullperioden.
950 2207 116 39 Enligt
1094 2207 189 30 utskottets
1312 2206 227 40 uppfattning
1567 2206 107 39 ligger
1703 2206 66 29 den

265 2259 203 30 nuvarande
489 2259 121 34 tullen,
636 2258 212 30 åtminstone
874 2258 110 29 under
1006 2257 314 40 högtullperioden,
1344 2257 45 39 på
1412 2266 42 20 en
1479 2256 109 30 sådan
1613 2256 80 30 nivå
1717 2258 51 27 att

265 2319 43 20 en
327 2310 223 39 nedsättning
569 2319 43 20 av
630 2309 206 29 densamma
855 2310 39 28 är
913 2308 202 30 motiverad.
1136 2308 52 29 En
1208 2308 37 29 så
1263 2307 131 39 kraftig
1412 2307 174 39 sänkning
1607 2316 75 20 som
1700 2306 68 30 den

266 2361 9 28 i
301 2360 179 29 motionen
506 2360 28 29 I:
551 2361 26 28 B
606 2359 58 30 141
694 2358 198 39 föreslagna
918 2359 70 29 kan
1014 2358 171 29 utskottet
1211 2357 88 30 dock
1324 2357 72 30 inte
1421 2357 149 30 tillråda.
1598 2358 74 29 Vad
1699 2357 69 39 låg-

265 2410 232 39 tullperioden
516 2409 173 31 beträffar
707 2410 72 29 kan
797 2409 235 39 ifrågasättas,
1052 2408 177 30 huruvida
1246 2408 343 39 importincidensen,
1610 2417 75 20 som
1705 2417 63 20 un-

266 2460 60 30 der
351 2469 121 21 senare
496 2460 37 30 år
557 2459 147 40 uppgått
726 2460 53 29 till
805 2460 38 30 16
869 2460 20 29 å
915 2460 38 29 18
983 2459 46 35 2,
1055 2467 58 31 ger
1138 2461 48 27 ett
1210 2459 120 39 riktigt
1354 2458 139 39 uttryck
1518 2458 54 30 för
1597 2458 170 39 tullskyd-
