1894 2780
413 187 406 40 Bevillningsutskottets
841 190 218 32 betänkande
1080 202 43 20 nr
1141 194 27 28 B
1190 194 15 29 1
1227 194 40 30 år
1288 195 84 29 1958
1589 197 58 30 173

723 437 337 43 Motionsyrkanden

184 511 65 30 Till
271 513 171 30 utskottet
462 514 65 29 har
547 514 181 32 hänvisats
750 517 158 39 följande
929 518 10 29 i
961 519 188 40 anledning
1171 530 43 20 av
1234 522 263 39 propositionen
1519 524 124 30 väckta

141 561 273 37 motioner!,
446 564 176 40 nämligen

185 612 34 32 1)
248 613 221 30 motionerna
488 616 28 28 I:
533 615 26 29 B
579 615 40 30 32
644 616 46 34 (I:
707 616 81 35 358)
812 626 43 21 av
873 617 80 31 herr
971 620 113 30 Domö
1104 620 64 30 och
1189 622 45 29 II:
1251 623 26 29 B
1297 621 42 31 44
1359 623 64 30 och
1443 625 25 29 B
1492 624 60 30 118
1579 625 62 33 (I:

140 660 80 34 450)
246 671 43 20 av
309 662 82 30 herr
411 664 163 30 Hansson
595 665 11 29 i
628 666 140 39 Skegrie
789 677 46 20 m.
857 668 49 39 fl.,
928 670 74 29 vari
1025 669 209 36 hemställts,
1257 673 49 28 att
1328 673 187 40 riksdagen
1536 675 107 30 måtte

137 710 145 37 besluta,
301 715 51 28 att
370 714 215 40 tullskyddet
603 716 55 30 för
674 718 259 38 porslinsvaror
956 719 59 34 (nr
1032 721 258 35 69.11—69.13)
1313 723 173 31 utformas
1505 734 75 20 som
1598 735 43 20 en

139 761 172 30 värdetull
331 772 43 21 av
394 763 37 30 15
457 765 31 33 7
512 765 10 28 i
542 765 243 32 kombination
805 768 79 30 med
904 778 43 21 en
966 770 282 31 minimivikttull
1269 782 42 21 av
1335 774 88 30 1:25
1444 774 52 32 kr.
1517 784 62 31 per
1598 776 45 40 kg

140 811 57 29 vid
214 820 42 21 nr
274 812 93 31 69.11
389 814 65 29 och
472 814 95 31 69.13
587 819 91 28 samt
696 817 34 30 0:
747 818 40 30 60
806 818 53 29 kr.
877 828 61 30 per
955 820 45 39 kg
1017 821 58 30 vid
1093 830 41 21 nr
1153 822 113 37 69.12;

182 862 34 33 2)
244 863 217 32 motionerna
484 866 29 29 I:
530 867 25 29 B
579 866 40 30 33
648 867 46 34 (I:
711 867 81 37 387)
822 878 42 20 av
887 869 80 31 herr
991 871 143 30 Gunnar
1157 873 89 40 Berg
1269 883 45 22 m.
1338 874 39 40 fl.
1401 875 65 30 och
1490 877 45 29 II:
1551 878 26 29 B
1601 876 40 31 42

143 911 61 33 (11:
221 911 80 35 457)
327 922 43 22 av
387 914 80 30 herr
487 916 201 30 Andersson
708 918 11 29 i
739 919 168 40 Ronneby
926 930 45 20 m.
993 921 49 39 fl.,
1062 923 74 29 vari
1156 923 209 36 hemställts,
1386 927 50 29 att
1455 926 186 41 riksdagen

138 962 107 29 måtte
273 962 138 31 besluta
440 964 156 40 följande
626 968 190 40 ändringar
845 971 12 29 i
886 970 66 30 den
981 980 44 21 av
1053 973 125 39 Kungl.
1210 974 106 39 Maj:t
1346 975 198 41 föreslagna
1574 987 67 30 nya

137 1011 182 38 tulltaxan,
340 1014 176 40 nämligen
535 1018 50 28 att
605 1017 185 31 tullsatsen
811 1019 55 30 för
885 1020 276 32 huvudbonader
1185 1024 125 38 (65.01,
1330 1026 113 37 65.03)
1468 1027 173 31 utformas

138 1070 74 21 som
233 1071 41 21 en
295 1064 172 30 värdetull
490 1075 42 20 av
553 1067 39 29 14
617 1067 47 34 2,
685 1069 50 30 att
757 1078 75 21 som
853 1070 205 32 minimitull
1079 1074 41 29 de
1141 1075 204 30 nuvarande
1366 1077 275 39 stycketullarna

137 1111 54 30 för
208 1112 149 31 berörda
374 1115 162 40 varuslag
554 1116 189 33 bibehålles
762 1119 246 36 oförändrade,
1028 1125 90 27 samt
1137 1126 50 28 att
1206 1125 110 30 tullen
1335 1127 45 39 på
1398 1129 242 30 svettremmar

137 1162 94 30 65.07
259 1163 115 40 slopas
401 1165 83 30 eller
509 1166 201 31 alternativt
738 1169 114 31 denna
881 1172 124 29 artikel
1032 1173 199 32 kvarhålles
1258 1176 11 29 i
1296 1176 344 43 lädervarugruppen

136 1220 41 21 nr
194 1212 112 37 42.05;

179 1263 35 32 3)
244 1264 220 31 motionerna
480 1267 29 29 I:
525 1268 25 29 B
567 1267 40 30 34
628 1267 45 34 (1:
690 1269 80 34 372)
791 1279 42 21 av
848 1270 80 31 herr
943 1273 159 31 Schmidt
1116 1284 45 20 m.
1176 1276 38 39 fl.
1230 1277 66 29 och
1312 1278 44 30 II:
1373 1280 25 29 B
1415 1279 39 30 70
1476 1280 62 33 (II:
1554 1281 80 34 471)

134 1321 42 21 av
202 1313 81 31 herr
311 1316 194 39 Bengtsson
535 1318 11 28 i
576 1318 179 41 Göteborg,
784 1322 74 29 vari
887 1323 208 36 hemställts,
1128 1328 70 28 »att
1228 1327 189 41 riksdagen
1445 1331 107 30 måtte
1582 1332 56 30 be-

135 1362 102 34 sluta,
262 1366 50 28 att
336 1365 110 29 tullen
470 1366 53 30 för
548 1368 52 29 till
624 1369 153 38 position
802 1380 41 19 nr
867 1371 95 31 59.05
988 1373 198 41 hänförliga
1211 1377 135 31 fisknät
1372 1379 189 32 fastställes
1587 1382 51 30 till

137 1413 38 29 10
200 1413 31 33 Z
255 1422 43 20 av
315 1414 158 38 värdet»;

179 1463 34 32 4)
241 1465 217 31 motionerna
474 1467 28 28 I:
518 1467 25 29 B
559 1467 39 30 35
617 1468 46 34 (1:
679 1469 77 35 368)
776 1479 42 21 av
832 1470 81 31 herr
927 1474 111 30 Svärd
1052 1484 45 20 m.
1113 1475 38 39 fl.
1168 1477 64 29 och
1249 1478 46 30 II:
1311 1480 26 29 B
1354 1478 40 32 43
1417 1480 62 34 (II:
1496 1481 79 35 458)
1598 1491 42 22 av

134 1512 80 29 herr
230 1513 142 31 Nilsson
390 1516 10 29 i
420 1515 123 31 Svalöv
559 1527 45 21 m.
622 1518 49 40 fl.,
689 1520 75 29 vari
781 1521 208 40 hemställts,
1009 1526 50 28 att
1077 1526 188 41 riksdagen
1285 1529 73 30 dels
1377 1531 107 30 måtte
1502 1532 136 31 besluta

178 1564 50 29 att
248 1564 194 39 uppskjuta
461 1566 60 30 sitt
540 1567 140 40 slutliga
700 1570 336 41 ställningstagande
1056 1575 51 30 till
1126 1578 263 38 propositionen
1409 1582 79 29 med
1508 1582 130 41 förslag

135 1612 50 29 till
203 1622 47 31 ny
268 1614 147 30 tulltaxa
433 1616 51 29 till
502 1616 261 33 höstsessionen
780 1622 237 32 innevarande
1035 1625 37 29 år
1091 1629 91 27 samt

178 1665 49 27 att
248 1664 10 29 i
279 1665 167 31 skrivelse
467 1667 51 29 till
539 1668 125 40 Kungl.
686 1671 107 39 Maj:t
813 1672 186 32 hemställa
1019 1677 51 28 att
1090 1677 125 40 Kungl.
1238 1679 106 40 Maj:t

178 1713 73 30 dels
270 1715 108 30 måtte
399 1717 168 39 överväga
587 1721 50 28 att
654 1720 141 40 vidtaga
815 1723 190 40 ändringar
1023 1726 11 29 i
1053 1726 166 41 förslaget
1237 1729 11 29 i
1267 1731 153 39 enlighet
1438 1735 78 29 med
1536 1735 41 29 de
1596 1745 42 20 av

133 1763 261 32 motionärerna
414 1768 206 39 uppdragna
639 1770 226 40 riktlinjerna
886 1776 91 27 samt
996 1777 51 28 att
1066 1777 194 41 framlägga
1280 1781 356 43 tilläggsproposition

133 1813 122 29 därom
273 1815 52 29 till
343 1815 279 42 höstriksdagen,

177 1863 72 29 dels
270 1864 107 30 måtte
398 1867 213 30 omedelbart
630 1869 198 40 igångsätta
847 1873 66 29 den
934 1883 42 21 av
995 1876 386 39 departementschefen
1401 1883 10 28 i
1430 1885 207 38 propositio-

135 1920 65 21 nen
226 1913 10 29 i
263 1915 111 29 utsikt
401 1916 125 30 ställda
553 1918 193 40 översynen
773 1930 43 20 av
841 1922 125 40 Kungl.
993 1925 123 40 Maj:ts
1143 1927 246 41 befogenheter
1415 1935 50 28 att
1491 1935 144 40 pålägga

134 1962 173 31 särskilda
334 1965 104 31 tullar
462 1967 65 29 och
552 1969 366 41 antidumpingtullar,
943 1976 121 29 varvid
1088 1977 131 38 jämväl
1246 1980 125 40 frågan
1395 1992 57 20 om
1477 1994 43 20 en
1545 1986 89 30 ökad

133 2013 226 40 användning
386 2024 42 21 av
455 2017 322 33 minimivikttullar
804 2023 99 37 göres
931 2024 52 29 till
1012 2025 147 32 föremål
1186 2029 55 30 för
1269 2031 273 41 överväganden,
1571 2037 64 29 och

133 2061 139 31 bedriva
293 2065 114 30 denna
428 2067 147 39 översyn
596 2069 38 29 så
655 2070 218 39 skyndsamt,
895 2075 50 28 att
965 2077 217 38 proposition
1204 2080 122 30 därom
1350 2082 69 30 kan
1441 2084 194 42 föreläggas

133 2112 205 40 riksdagens
357 2115 230 37 höstsession;

176 2162 33 32 5)
239 2163 219 30 motionerna
481 2167 28 29 I:
526 2168 25 29 B
574 2167 40 30 36
642 2169 46 33 (I:
705 2169 81 37 381)
815 2180 42 20 av
878 2172 79 30 herr
981 2175 173 40 Källqvist
1176 2187 45 22 m.
1243 2179 39 39 fl.
1305 2181 64 29 och
1392 2182 45 30 II:
1454 2184 25 29 B
1502 2185 38 29 41
1572 2186 62 33 (II:

132 2210 79 30 462)
237 2221 43 20 av
298 2213 80 30 herr
397 2214 100 31 Ståhl
515 2225 45 21 m.
580 2218 49 38 fl.,
649 2220 74 29 vari
746 2220 208 36 hemställts,
975 2226 50 28 att
1046 2225 10 28 i
1077 2226 172 31 tulltaxan
1271 2231 110 30 under
1402 2242 41 19 nr
1464 2234 92 31 51.01
1582 2236 54 29 för

133 2261 198 37 rayonsilke
359 2263 64 29 och
450 2267 199 36 syntetcord
677 2269 191 31 fastställes
896 2281 43 19 en
966 2274 63 28 tull
1057 2284 42 20 av
1127 2276 39 29 20
1194 2282 144 34 procent
1364 2281 109 38 jämte
1503 2294 42 19 en
1573 2286 62 29 mi-

135 2310 153 31 nimitull
308 2321 43 20 av
370 2315 17 28 2
407 2313 51 30 kr.
478 2324 60 30 per
558 2316 44 39 kg
622 2317 70 30 lika
713 2321 78 28 med
812 2330 45 19 nu
880 2322 181 39 utgående,
1083 2329 90 27 samt
1193 2330 50 28 att
1264 2331 109 29 tullen
1394 2333 43 38 på
1457 2335 175 31 vävnader

134 2360 64 28 och
218 2361 91 29 trikå
329 2372 43 19 av
389 2365 198 37 rayonsilke
607 2368 64 29 och
690 2370 152 29 cordväv
859 2381 42 20 av
920 2375 205 36 syntetsilke
1145 2377 192 33 fastställes
1359 2381 49 30 till
1429 2384 40 29 20
1489 2389 143 35 procent

132 2410 109 37 jämte
268 2411 187 33 därutöver
481 2424 46 20 nu
556 2417 170 39 utgående
753 2420 337 40 minimivikttullar;

172 2479 6 13 !
202 2478 78 24 Inom
301 2483 128 26 parentes
448 2489 82 24 anges
550 2484 7 23 i
577 2485 226 27 förekommande
817 2489 47 24 fall
878 2494 110 22 numret
1001 2492 35 29 på
1051 2496 196 24 motsvarande
1261 2499 105 24 motion
1380 2501 46 23 vid
1442 2502 193 33 A-riksdagen.
