2131 2659
322 236 39 32 I2
784 234 250 43 Lag-Utskottets
1060 234 165 32 Utlåtande
1247 234 61 31 N:o
1331 234 46 30 II.

279 316 116 38 hafva
421 316 123 37 blifvit
572 315 170 50 lagligen
769 315 209 49 bedragen,
996 315 71 37 och
1096 318 42 34 så
1164 314 113 50 länge
1307 314 104 37 detta
1439 313 237 38 förhållande
1704 314 84 37 icke
1808 313 72 37 till-

279 368 163 49 räckligt
481 368 160 37 beaktas
684 368 72 36 och
797 367 12 36 i
849 367 216 49 möjligaste
1107 370 87 34 mån
1233 380 140 35 genom
1406 365 241 50 lagstiftning
1675 365 206 50 afhjelpes,

280 420 98 37 skall
418 420 123 48 aldrig
580 419 372 48 förlagsinteckning
991 418 116 37 varda
1149 418 40 37 af
1226 417 197 50 synnerlig
1449 422 107 44 nytta
1583 417 59 37 för
1669 417 212 36 industrien

280 472 95 37 eller
414 471 56 37 till
512 471 63 37 det
616 484 114 36 gagn,
772 483 81 24 som
891 470 86 47 den,
1005 475 91 31 utan
1123 475 53 31 att
1205 469 88 37 dess
1321 474 111 32 natur
1458 468 187 37 behöfrer
1671 468 209 47 förändras,

279 523 201 49 verkligen
507 525 70 34 kan
604 522 128 37 blifva.

411 575 75 36 För
527 579 53 31 att
621 573 170 50 afhjelpa
833 573 124 36 denna
997 573 194 49 påtagliga
1234 572 92 37 brist
1353 572 13 36 i
1394 571 64 37 det
1485 571 139 49 Kongl.
1652 571 146 49 förslag
1824 571 56 36 till

278 626 225 49 förordning
530 625 199 50 angående
756 624 382 50 förlagsinteckning,
1168 637 80 23 som
1278 623 107 37 afläts
1413 623 57 36 till
1500 625 93 35 1882
1623 626 59 34 års
1696 623 183 49 Riksdag,

278 678 126 35 insköt
433 677 298 48 Lag-Utskottet
761 679 42 32 11
833 673 30 48 $.
919 676 133 35 Denna
1079 675 177 36 bestreds
1283 674 65 36 vid
1374 674 205 47 förslagets
1606 674 236 46 behandling
1868 674 12 35 i

280 727 221 49 Riksdagen
541 726 83 37 från
650 725 362 50 regeringens
927 719 89 61 sida
1041 725 72 37 och
1141 724 78 48 föll,
1249 724 228 37 åtminstone
1505 724 13 36 1
1545 724 134 36 Första
1702 723 178 37 Kammar-

278 792 79 34 ren,
386 778 56 36 till
484 792 47 23 en
572 777 62 38 del
675 777 127 37 derför
829 782 53 32 att
910 790 88 23 man
1024 777 85 37 icke
1138 776 89 37 ville
1257 775 199 50 äfventyra
1482 775 89 37 hela
1597 775 115 49 lagen
1737 788 142 35 genom

279 835 53 31 att
374 835 138 43 antaga
553 829 238 49 paragrafen.
846 829 77 35 Der
955 828 137 48 höjdes
1120 827 117 36 likväl
1264 830 137 45 många
1429 831 124 32 röster
1573 828 68 48 för
1668 839 48 23 en
1741 829 138 45 någor-

278 881 114 36 lunda
421 880 266 50 betryggande
716 879 242 49 lagstiftning
984 879 12 36 i
1025 878 248 38 omförmälda
1300 877 76 37 fall.

413 932 15 36 I
456 932 64 36 det
548 931 138 49 Kongl.
715 930 156 49 förslag,
900 944 82 23 som
1009 930 298 49 Lag-Utskottet
1333 929 64 36 vid
1415 927 258 38 innevarande
1696 931 58 33 års
1782 927 96 36 riks-

278 983 76 49 dag
394 983 80 36 haft
515 988 54 31 att
609 982 177 49 granska,
828 982 68 36 har
936 981 105 37 detta
1071 980 237 37 förhållande
1336 979 127 38 blifvit
1488 978 389 51 uppmärksammadt,

277 1035 56 49 ity
374 1040 53 31 att
469 1034 113 37 äfven
622 1034 67 37 der
722 1047 48 23 en
813 1036 42 34 11
885 1030 20 50 $
946 1032 124 38 blifvit
1097 1033 158 48 intagen
1281 1032 12 36 i
1321 1031 175 38 ändamål
1523 1036 54 31 att
1605 1030 172 49 afhjelpa
1806 1029 74 37 den

277 1086 163 36 nämnda
481 1086 156 36 bristen.
692 1085 133 36 Denna
866 1084 183 49 paragraf
1083 1084 243 45 bestämmer,
1368 1088 53 31 att
1462 1082 64 36 vid
1567 1081 243 37 öfverlåtelse
1844 1080 41 37 af

278 1137 203 49 egendom,
521 1136 59 37 för
620 1137 112 36 hvars
774 1135 196 37 drifvande
1013 1135 371 48 förlagsinteckning
1422 1133 125 37 blifvit
1573 1132 181 49 beviljad,
1783 1131 97 38 skall

277 1188 310 48 förlagsskulden
627 1192 79 31 mot
746 1186 304 49 förlagstagaren
1090 1191 135 43 genast
1266 1198 90 23 vara
1383 1185 57 36 till
1465 1184 200 49 betalning
1691 1183 186 36 förfallen.

277 1238 171 37 Härmed
475 1238 68 37 har
571 1238 304 49 uppenbarligen
904 1237 133 37 afsetts
1066 1242 53 31 att
1146 1236 141 37 bereda
1316 1235 320 49 förlagsgifvaren
1655 1234 76 37 den
1750 1234 129 36 säker-

276 1290 79 47 het,
371 1295 53 31 att
452 1290 76 36 han
555 1289 64 36 vid
648 1289 117 36 sådan
792 1288 227 49 försäljning
1047 1288 40 36 af
1109 1293 143 44 panten
1280 1287 122 36 skulle
1432 1287 127 35 kunna
1585 1290 137 44 genast
1749 1284 130 37 indrif-

279 1354 46 23 va
352 1341 104 36 lånet
484 1341 93 36 eller
604 1340 175 48 förlaget.
834 1340 89 36 Men
950 1339 310 46 bestämmelsen,
1290 1341 41 33 så
1357 1337 185 49 gagnelig
1556 1336 75 37 den
1647 1336 121 36 skulle
1785 1336 94 36 kun-

277 1405 47 23 na
365 1391 114 36 hafva
519 1392 108 43 varit,
667 1391 73 36 blir
781 1391 99 35 dock
921 1393 13 34 i
969 1392 55 35 och
1055 1392 60 44 för
1140 1391 53 47 sig
1219 1394 92 31 utan
1338 1388 173 50 praktisk
1537 1387 213 49 betydelse.
1804 1387 74 35 Det

279 1442 106 37 torde
426 1442 196 47 nemligen
661 1455 89 23 vara
787 1442 110 46 klart,
926 1446 53 31 att
1007 1441 69 36 här
1103 1440 138 36 saknas
1268 1443 64 33 två
1360 1439 116 36 andra
1502 1438 293 37 bestämmelser
1822 1437 59 37 för

278 1499 53 31 att
372 1493 229 50 paragrafen
629 1493 97 36 skall
753 1493 127 36 kunna
907 1491 173 50 uppfylla
1109 1491 64 36 sitt
1201 1490 186 47 ändamål,
1415 1490 195 48 nemligen
1638 1494 53 31 att
1718 1488 162 49 förlags-

276 1544 175 49 gifvaren
492 1544 95 36 skall
629 1545 136 35 erhålla
806 1544 254 36 underrättelse
1099 1542 130 36 derom
1271 1546 53 31 att
1351 1541 227 48 försäljning
1606 1545 65 43 egt
1697 1553 82 22 rum
1808 1539 72 36 och

279 1597 134 35 lemnas
453 1597 53 35 tid
546 1600 53 31 att
642 1594 227 37 åtminstone
902 1594 142 47 begära
1074 1592 179 49 qvarstad
1280 1595 50 46 på
1358 1595 41 33 så
1426 1597 79 31 stor
1532 1591 63 36 del
1622 1590 41 37 af
1685 1590 195 49 köpeskil-

278 1646 142 48 lingen,
458 1659 82 23 som
568 1651 212 31 motsvarar
807 1645 95 36 hans
929 1643 311 48 förlagsfordran,
1267 1643 116 36 innan
1411 1642 75 37 den
1513 1641 41 37 af
1575 1641 306 49 förlagstagaren

278 1697 193 49 uppbäres
513 1697 72 36 och
613 1696 169 49 lagligen
809 1696 248 45 förskingras.
1112 1694 16 36 I
1155 1694 186 48 förslaget
1366 1693 207 36 företinnes
1602 1692 150 37 således
1781 1696 100 31 ännu

280 1761 143 23 samma
464 1747 215 49 väsentliga
720 1747 94 36 brist
842 1746 59 37 för
927 1746 69 36 här
1024 1745 230 37 afhandlade
1282 1744 65 37 fall
1376 1744 73 37 och
1475 1744 13 36 i
1515 1743 105 37 detta
1648 1743 108 36 skick
1785 1745 96 34 åter-

280 1799 173 36 kommer
493 1799 185 47 förslaget
718 1798 83 36 från
828 1798 197 35 Utskottet
1055 1796 55 36 till
1137 1796 231 48 Riksdagen.
1426 1795 105 36 Inom
1558 1794 198 37 Utskottet
1782 1793 99 36 före-

280 1849 85 49 slog
395 1850 71 48 jag
505 1849 64 36 vid
609 1849 117 36 första
769 1848 202 49 läsningen
1012 1847 41 37 af
1075 1846 289 49 ifrågavarande
1392 1846 139 48 Kongl.
1560 1844 239 50 proposition
1828 1849 52 31 ett

279 1902 126 47 tillägg
444 1900 58 36 till
545 1902 42 34 11
631 1897 31 49 3,
705 1900 249 48 hvarigenom
995 1898 219 37 densamma
1244 1897 121 36 skulle
1394 1897 126 36 hafva-
1536 1896 149 37 erhållit
1717 1894 162 50 följande

278 1951 159 49 lydelse:

478 2002 215 37 Ofverlåter
719 2004 128 46 någon
873 2001 56 36 till
958 2014 124 23 annan
1108 2000 108 46 bruk,
1244 1999 146 49 grufva,
1413 1998 124 37 fabrik
1553 1998 93 36 eller
1659 1997 220 48 inrättning,

378 2053 58 36 för
475 2053 114 36 hvars
618 2052 196 37 drifvande
843 2051 370 48 förlagsinteckning
1241 2055 41 31 är
1307 2049 180 49 beviljad,
1515 2062 89 23 vare
1632 2047 248 49 förlagsskul-

379 2104 75 36 den
488 2109 102 31 emot
622 2104 306 48 förlagstagaren
955 2107 138 43 genast
1119 2101 58 36 till
1204 2101 198 48 betalning
1428 2099 187 45 förfallen;
1645 2100 153 36 börande
1825 2100 54 48 ör-

379 2156 204 36 verlåtelsen
624 2156 82 35 3:ne
729 2168 135 34 ganger
891 2155 13 35 i
930 2154 190 35 allmänna
1149 2154 240 46 tidningarne,
1418 2153 108 34 minst
1553 2165 41 22 en
1622 2151 99 36 vecka
1749 2150 131 35 mellan

381 2208 122 47 hvarje
526 2220 108 34 gång,
663 2207 178 47 kungöras
870 2206 115 35 innan
1015 2205 113 47 liqvid
1154 2217 75 34 eger
1256 2217 91 30 rum,
1376 2203 62 35 vid
1465 2203 168 48 äfventyr
1646 2209 50 28 att
1716 2202 163 46 köparen,

381 2259 99 35 intill
520 2258 74 36 dess
620 2257 131 36 sådant
778 2256 230 48 kungörande
1033 2255 93 44 skett,
1155 2255 127 36 varder
1310 2254 72 36 lika
1409 2254 77 35 med
1506 2253 286 49 förlagstagaren
1816 2251 66 49 för

381 2309 283 48 förlagsskulden
693 2308 179 46 ansvarig,
900 2307 83 35 dock
1010 2306 31 47 ej
1067 2306 140 48 utöfver
1234 2305 290 47 köpeskillingens
1551 2304 129 47 belopp.
