<?xml version="1.0" encoding="UTF-8"?>
<alto xmlns="http://www.loc.gov/standards/alto/ns-v3#" xmlns:xlink="http://www.w3.org/1999/xlink" xmlns:xsi="http://www.w3.org/2001/XMLSchema-instance" xsi:schemaLocation="http://www.loc.gov/standards/alto/ns-v3# http://www.loc.gov/alto/v3/alto-3-0.xsd">
	<Description>
		<MeasurementUnit>pixel</MeasurementUnit>
		<sourceImageInformation>
			<fileName>/tmp/tess_sxbs0atu_input.PNG</fileName>
		</sourceImageInformation>
		<OCRProcessing ID="OCR_0">
			<ocrProcessingStep>
				<processingSoftware>
					<softwareName>tesseract 5.3.0</softwareName>
				</processingSoftware>
			</ocrProcessingStep>
		</OCRProcessing>
	</Description>
	<Layout>
		<Page WIDTH="1904" HEIGHT="2827" PHYSICAL_IMG_NR="0" ID="page_0">
			<PrintSpace HPOS="0" VPOS="0" WIDTH="1904" HEIGHT="2827">
				<ComposedBlock ID="cblock_0" HPOS="476" VPOS="164" WIDTH="1180" HEIGHT="45">
					<TextBlock ID="block_0" HPOS="476" VPOS="164" WIDTH="1180" HEIGHT="45">
						<TextLine ID="line_0" HPOS="476" VPOS="164" WIDTH="1180" HEIGHT="45">
							<String ID="string_0" HPOS="476" VPOS="164" WIDTH="405" HEIGHT="41" WC="0.91" CONTENT="Bevillningsutskottets"/><SP WIDTH="16" VPOS="164" HPOS="881"/>
							<String ID="string_1" HPOS="897" VPOS="169" WIDTH="219" HEIGHT="31" WC="0.96" CONTENT="betänkande"/><SP WIDTH="14" VPOS="169" HPOS="1116"/>
							<String ID="string_2" HPOS="1130" VPOS="180" WIDTH="43" HEIGHT="20" WC="0.96" CONTENT="nr"/><SP WIDTH="13" VPOS="180" HPOS="1173"/>
							<String ID="string_3" HPOS="1186" VPOS="172" WIDTH="20" HEIGHT="29" WC="0.96" CONTENT="2"/><SP WIDTH="15" VPOS="172" HPOS="1206"/>
							<String ID="string_4" HPOS="1221" VPOS="172" WIDTH="39" HEIGHT="30" WC="0.95" CONTENT="år"/><SP WIDTH="15" VPOS="172" HPOS="1260"/>
							<String ID="string_5" HPOS="1275" VPOS="172" WIDTH="84" HEIGHT="31" WC="0.96" CONTENT="1968"/><SP WIDTH="284" VPOS="172" HPOS="1359"/>
							<String ID="string_6" HPOS="1643" VPOS="179" WIDTH="13" HEIGHT="30" WC="0.96" CONTENT="1"/>
						</TextLine>
					</TextBlock>
				</ComposedBlock>
				<ComposedBlock ID="cblock_1" HPOS="873" VPOS="462" WIDTH="85" HEIGHT="33">
					<TextBlock ID="block_1" HPOS="873" VPOS="462" WIDTH="85" HEIGHT="33">
						<TextLine ID="line_1" HPOS="873" VPOS="462" WIDTH="85" HEIGHT="33">
							<String ID="string_7" HPOS="873" VPOS="462" WIDTH="85" HEIGHT="33" WC="0.94" CONTENT="Nr"/><SP WIDTH="-22" VPOS="462" HPOS="958"/>
							<String ID="string_8" HPOS="936" VPOS="458" WIDTH="25" HEIGHT="47" WC="0.96" CONTENT="2"/>
						</TextLine>
					</TextBlock>
				</ComposedBlock>
				<ComposedBlock ID="cblock_2" HPOS="393" VPOS="561" WIDTH="1262" HEIGHT="195">
					<TextBlock ID="block_2" HPOS="393" VPOS="561" WIDTH="1262" HEIGHT="195">
						<TextLine ID="line_2" HPOS="393" VPOS="561" WIDTH="1262" HEIGHT="49">
							<String ID="string_9" HPOS="393" VPOS="561" WIDTH="404" HEIGHT="41" WC="0.91" CONTENT="Bevillningsutskottets"/><SP WIDTH="26" VPOS="561" HPOS="797"/>
							<String ID="string_10" HPOS="823" VPOS="565" WIDTH="219" HEIGHT="32" WC="0.96" CONTENT="betänkande"/><SP WIDTH="25" VPOS="565" HPOS="1042"/>
							<String ID="string_11" HPOS="1067" VPOS="567" WIDTH="11" HEIGHT="30" WC="0.96" CONTENT="i"/><SP WIDTH="23" VPOS="567" HPOS="1078"/>
							<String ID="string_12" HPOS="1101" VPOS="568" WIDTH="190" HEIGHT="41" WC="0.96" CONTENT="anledning"/><SP WIDTH="23" VPOS="568" HPOS="1291"/>
							<String ID="string_13" HPOS="1314" VPOS="579" WIDTH="41" HEIGHT="21" WC="0.96" CONTENT="av"/><SP WIDTH="23" VPOS="579" HPOS="1355"/>
							<String ID="string_14" HPOS="1378" VPOS="570" WIDTH="127" HEIGHT="40" WC="0.95" CONTENT="Kungl."/><SP WIDTH="24" VPOS="570" HPOS="1505"/>
							<String ID="string_15" HPOS="1529" VPOS="572" WIDTH="126" HEIGHT="38" WC="0.96" CONTENT="Maj:ts"/>
						</TextLine>
						<TextLine ID="line_3" HPOS="613" VPOS="618" WIDTH="1042" HEIGHT="47">
							<String ID="string_16" HPOS="613" VPOS="618" WIDTH="217" HEIGHT="39" WC="0.96" CONTENT="proposition"/><SP WIDTH="20" VPOS="618" HPOS="830"/>
							<String ID="string_17" HPOS="850" VPOS="629" WIDTH="43" HEIGHT="19" WC="0.96" CONTENT="nr"/><SP WIDTH="22" VPOS="629" HPOS="893"/>
							<String ID="string_18" HPOS="915" VPOS="621" WIDTH="27" HEIGHT="36" WC="0.96" CONTENT="1,"/><SP WIDTH="22" VPOS="621" HPOS="942"/>
							<String ID="string_19" HPOS="964" VPOS="621" WIDTH="106" HEIGHT="30" WC="0.96" CONTENT="såvitt"/><SP WIDTH="18" VPOS="621" HPOS="1070"/>
							<String ID="string_20" HPOS="1088" VPOS="622" WIDTH="261" HEIGHT="39" WC="0.96" CONTENT="propositionen"/><SP WIDTH="22" VPOS="622" HPOS="1349"/>
							<String ID="string_21" HPOS="1371" VPOS="625" WIDTH="109" HEIGHT="38" WC="0.96" CONTENT="angår"/><SP WIDTH="20" VPOS="625" HPOS="1480"/>
							<String ID="string_22" HPOS="1500" VPOS="625" WIDTH="56" HEIGHT="30" WC="0.91" CONTENT="det"/><SP WIDTH="20" VPOS="625" HPOS="1556"/>
							<String ID="string_23" HPOS="1576" VPOS="635" WIDTH="79" HEIGHT="30" WC="0.91" CONTENT="pro-"/>
						</TextLine>
						<TextLine ID="line_4" HPOS="613" VPOS="670" WIDTH="1041" HEIGHT="49">
							<String ID="string_24" HPOS="613" VPOS="670" WIDTH="155" HEIGHT="39" WC="0.90" CONTENT="milletal,"/><SP WIDTH="32" VPOS="670" HPOS="768"/>
							<String ID="string_25" HPOS="800" VPOS="673" WIDTH="142" HEIGHT="30" WC="0.93" CONTENT="varmed"/><SP WIDTH="27" VPOS="673" HPOS="942"/>
							<String ID="string_26" HPOS="969" VPOS="674" WIDTH="366" HEIGHT="42" WC="0.90" CONTENT="skogsvårdsavgiften"/><SP WIDTH="31" VPOS="674" HPOS="1335"/>
							<String ID="string_27" HPOS="1366" VPOS="677" WIDTH="92" HEIGHT="31" WC="0.95" CONTENT="skall"/><SP WIDTH="29" VPOS="677" HPOS="1458"/>
							<String ID="string_28" HPOS="1487" VPOS="679" WIDTH="82" HEIGHT="39" WC="0.96" CONTENT="utgå"/><SP WIDTH="28" VPOS="679" HPOS="1569"/>
							<String ID="string_29" HPOS="1597" VPOS="679" WIDTH="57" HEIGHT="40" WC="0.96" CONTENT="för"/>
						</TextLine>
						<TextLine ID="line_5" HPOS="614" VPOS="725" WIDTH="149" HEIGHT="31">
							<String ID="string_30" HPOS="614" VPOS="725" WIDTH="39" HEIGHT="29" WC="0.96" CONTENT="år"/><SP WIDTH="15" VPOS="725" HPOS="653"/>
							<String ID="string_31" HPOS="668" VPOS="725" WIDTH="95" HEIGHT="31" WC="0.95" CONTENT="1968."/>
						</TextLine>
					</TextBlock>
				</ComposedBlock>
				<ComposedBlock ID="cblock_3" HPOS="168" VPOS="829" WIDTH="1485" HEIGHT="623">
					<TextBlock ID="block_3" HPOS="169" VPOS="829" WIDTH="1484" HEIGHT="375">
						<TextLine ID="line_6" HPOS="216" VPOS="829" WIDTH="1437" HEIGHT="52">
							<String ID="string_32" HPOS="216" VPOS="829" WIDTH="49" HEIGHT="30" WC="0.96" CONTENT="På"/><SP WIDTH="18" VPOS="829" HPOS="265"/>
							<String ID="string_33" HPOS="283" VPOS="830" WIDTH="67" HEIGHT="30" WC="0.96" CONTENT="sätt"/><SP WIDTH="18" VPOS="830" HPOS="350"/>
							<String ID="string_34" HPOS="368" VPOS="831" WIDTH="155" HEIGHT="40" WC="0.96" CONTENT="framgår"/><SP WIDTH="19" VPOS="831" HPOS="523"/>
							<String ID="string_35" HPOS="542" VPOS="842" WIDTH="42" HEIGHT="20" WC="0.96" CONTENT="av"/><SP WIDTH="17" VPOS="842" HPOS="584"/>
							<String ID="string_36" HPOS="601" VPOS="833" WIDTH="57" HEIGHT="30" WC="0.96" CONTENT="det"/><SP WIDTH="15" VPOS="833" HPOS="658"/>
							<String ID="string_37" HPOS="673" VPOS="834" WIDTH="59" HEIGHT="29" WC="0.96" CONTENT="vid"/><SP WIDTH="18" VPOS="834" HPOS="732"/>
							<String ID="string_38" HPOS="750" VPOS="834" WIDTH="91" HEIGHT="31" WC="0.93" CONTENT="årets"/><SP WIDTH="19" VPOS="834" HPOS="841"/>
							<String ID="string_39" HPOS="860" VPOS="837" WIDTH="411" HEIGHT="41" WC="0.92" CONTENT="statsverksproposition"/><SP WIDTH="18" VPOS="837" HPOS="1271"/>
							<String ID="string_40" HPOS="1289" VPOS="839" WIDTH="124" HEIGHT="40" WC="0.96" CONTENT="fogade"/><SP WIDTH="18" VPOS="839" HPOS="1413"/>
							<String ID="string_41" HPOS="1431" VPOS="841" WIDTH="160" HEIGHT="40" WC="0.96" CONTENT="utdraget"/><SP WIDTH="19" VPOS="841" HPOS="1591"/>
							<String ID="string_42" HPOS="1610" VPOS="851" WIDTH="43" HEIGHT="21" WC="0.96" CONTENT="av"/>
						</TextLine>
						<TextLine ID="line_7" HPOS="173" VPOS="884" WIDTH="1478" HEIGHT="51">
							<String ID="string_43" HPOS="173" VPOS="884" WIDTH="382" HEIGHT="40" WC="0.90" CONTENT="statsrådsprotokollet"/><SP WIDTH="18" VPOS="884" HPOS="555"/>
							<String ID="string_44" HPOS="573" VPOS="887" WIDTH="79" HEIGHT="30" WC="0.92" CONTENT="över"/><SP WIDTH="16" VPOS="887" HPOS="652"/>
							<String ID="string_45" HPOS="668" VPOS="887" WIDTH="275" HEIGHT="32" WC="0.88" CONTENT="finansärenden"/><SP WIDTH="17" VPOS="887" HPOS="943"/>
							<String ID="string_46" HPOS="960" VPOS="890" WIDTH="54" HEIGHT="30" WC="0.96" CONTENT="för"/><SP WIDTH="18" VPOS="890" HPOS="1014"/>
							<String ID="string_47" HPOS="1032" VPOS="891" WIDTH="66" HEIGHT="30" WC="0.95" CONTENT="den"/><SP WIDTH="17" VPOS="891" HPOS="1098"/>
							<String ID="string_48" HPOS="1115" VPOS="891" WIDTH="18" HEIGHT="30" WC="0.95" CONTENT="3"/><SP WIDTH="16" VPOS="891" HPOS="1133"/>
							<String ID="string_49" HPOS="1149" VPOS="892" WIDTH="141" HEIGHT="37" WC="0.96" CONTENT="januari"/><SP WIDTH="21" VPOS="892" HPOS="1290"/>
							<String ID="string_50" HPOS="1311" VPOS="893" WIDTH="82" HEIGHT="31" WC="0.96" CONTENT="1968"/><SP WIDTH="23" VPOS="893" HPOS="1393"/>
							<String ID="string_51" HPOS="1416" VPOS="894" WIDTH="129" HEIGHT="41" WC="0.95" CONTENT="(bilaga"/><SP WIDTH="19" VPOS="894" HPOS="1545"/>
							<String ID="string_52" HPOS="1564" VPOS="895" WIDTH="15" HEIGHT="30" WC="0.92" CONTENT="1"/><SP WIDTH="19" VPOS="895" HPOS="1579"/>
							<String ID="string_53" HPOS="1598" VPOS="896" WIDTH="53" HEIGHT="30" WC="0.92" CONTENT="till"/>
						</TextLine>
						<TextLine ID="line_8" HPOS="172" VPOS="938" WIDTH="1479" HEIGHT="55">
							<String ID="string_54" HPOS="172" VPOS="938" WIDTH="456" HEIGHT="41" WC="0.91" CONTENT="statsverkspropositionen"/><SP WIDTH="22" VPOS="938" HPOS="628"/>
							<String ID="string_55" HPOS="650" VPOS="941" WIDTH="97" HEIGHT="31" WC="0.93" CONTENT="1968:"/><SP WIDTH="22" VPOS="941" HPOS="747"/>
							<String ID="string_56" HPOS="769" VPOS="942" WIDTH="279" HEIGHT="41" WC="0.91" CONTENT="Finansplanen)"/><SP WIDTH="24" VPOS="942" HPOS="1048"/>
							<String ID="string_57" HPOS="1072" VPOS="945" WIDTH="64" HEIGHT="30" WC="0.96" CONTENT="har"/><SP WIDTH="20" VPOS="945" HPOS="1136"/>
							<String ID="string_58" HPOS="1156" VPOS="946" WIDTH="124" HEIGHT="30" WC="0.95" CONTENT="chefen"/><SP WIDTH="19" VPOS="946" HPOS="1280"/>
							<String ID="string_59" HPOS="1299" VPOS="947" WIDTH="55" HEIGHT="31" WC="0.96" CONTENT="för"/><SP WIDTH="20" VPOS="947" HPOS="1354"/>
							<String ID="string_60" HPOS="1374" VPOS="944" WIDTH="277" HEIGHT="49" WC="0.91" CONTENT="finansdeparte-"/>
						</TextLine>
						<TextLine ID="line_9" HPOS="170" VPOS="993" WIDTH="1482" HEIGHT="48">
							<String ID="string_61" HPOS="170" VPOS="993" WIDTH="132" HEIGHT="28" WC="0.96" CONTENT="mentet"/><SP WIDTH="19" VPOS="993" HPOS="302"/>
							<String ID="string_62" HPOS="321" VPOS="993" WIDTH="155" HEIGHT="29" WC="0.96" CONTENT="nämnda"/><SP WIDTH="20" VPOS="993" HPOS="476"/>
							<String ID="string_63" HPOS="496" VPOS="994" WIDTH="66" HEIGHT="39" WC="0.95" CONTENT="dag"/><SP WIDTH="18" VPOS="994" HPOS="562"/>
							<String ID="string_64" HPOS="580" VPOS="995" WIDTH="210" HEIGHT="30" WC="0.95" CONTENT="underställt"/><SP WIDTH="18" VPOS="995" HPOS="790"/>
							<String ID="string_65" HPOS="808" VPOS="996" WIDTH="126" HEIGHT="40" WC="0.95" CONTENT="Kungl."/><SP WIDTH="21" VPOS="996" HPOS="934"/>
							<String ID="string_66" HPOS="955" VPOS="998" WIDTH="124" HEIGHT="37" WC="0.96" CONTENT="Maj:ts"/><SP WIDTH="20" VPOS="998" HPOS="1079"/>
							<String ID="string_67" HPOS="1099" VPOS="1000" WIDTH="171" HEIGHT="40" WC="0.93" CONTENT="prövning"/><SP WIDTH="19" VPOS="1000" HPOS="1270"/>
							<String ID="string_68" HPOS="1289" VPOS="1001" WIDTH="204" HEIGHT="40" WC="0.91" CONTENT="finansplan"/><SP WIDTH="20" VPOS="1001" HPOS="1493"/>
							<String ID="string_69" HPOS="1513" VPOS="1004" WIDTH="64" HEIGHT="29" WC="0.93" CONTENT="och"/><SP WIDTH="19" VPOS="1004" HPOS="1577"/>
							<String ID="string_70" HPOS="1596" VPOS="1004" WIDTH="56" HEIGHT="29" WC="0.93" CONTENT="be-"/>
						</TextLine>
						<TextLine ID="line_10" HPOS="169" VPOS="1044" WIDTH="1482" HEIGHT="57">
							<String ID="string_71" HPOS="169" VPOS="1044" WIDTH="151" HEIGHT="41" WC="0.96" CONTENT="räkning"/><SP WIDTH="14" VPOS="1044" HPOS="320"/>
							<String ID="string_72" HPOS="334" VPOS="1055" WIDTH="42" HEIGHT="21" WC="0.96" CONTENT="av"/><SP WIDTH="13" VPOS="1055" HPOS="376"/>
							<String ID="string_73" HPOS="389" VPOS="1046" WIDTH="194" HEIGHT="31" WC="0.95" CONTENT="inkomster"/><SP WIDTH="15" VPOS="1046" HPOS="583"/>
							<String ID="string_74" HPOS="598" VPOS="1048" WIDTH="54" HEIGHT="30" WC="0.96" CONTENT="för"/><SP WIDTH="14" VPOS="1048" HPOS="652"/>
							<String ID="string_75" HPOS="666" VPOS="1049" WIDTH="204" HEIGHT="40" WC="0.91" CONTENT="budgetåret"/><SP WIDTH="18" VPOS="1049" HPOS="870"/>
							<String ID="string_76" HPOS="888" VPOS="1051" WIDTH="148" HEIGHT="36" WC="0.91" CONTENT="1968/69"/><SP WIDTH="15" VPOS="1051" HPOS="1036"/>
							<String ID="string_77" HPOS="1051" VPOS="1052" WIDTH="110" HEIGHT="38" WC="0.96" CONTENT="jämte"/><SP WIDTH="15" VPOS="1052" HPOS="1161"/>
							<String ID="string_78" HPOS="1176" VPOS="1054" WIDTH="143" HEIGHT="31" WC="0.96" CONTENT="därmed"/><SP WIDTH="16" VPOS="1054" HPOS="1319"/>
							<String ID="string_79" HPOS="1335" VPOS="1051" WIDTH="316" HEIGHT="50" WC="0.90" CONTENT="sammanhängan-"/>
						</TextLine>
						<TextLine ID="line_11" HPOS="171" VPOS="1098" WIDTH="1479" HEIGHT="43">
							<String ID="string_80" HPOS="171" VPOS="1098" WIDTH="40" HEIGHT="30" WC="0.95" CONTENT="de"/><SP WIDTH="17" VPOS="1098" HPOS="211"/>
							<String ID="string_81" HPOS="228" VPOS="1099" WIDTH="128" HEIGHT="39" WC="0.93" CONTENT="frågor."/><SP WIDTH="19" VPOS="1099" HPOS="356"/>
							<String ID="string_82" HPOS="375" VPOS="1100" WIDTH="393" HEIGHT="40" WC="0.92" CONTENT="Departementschefen"/><SP WIDTH="17" VPOS="1100" HPOS="768"/>
							<String ID="string_83" HPOS="785" VPOS="1104" WIDTH="64" HEIGHT="29" WC="0.96" CONTENT="har"/><SP WIDTH="19" VPOS="1104" HPOS="849"/>
							<String ID="string_84" HPOS="868" VPOS="1104" WIDTH="122" HEIGHT="31" WC="0.96" CONTENT="därvid"/><SP WIDTH="18" VPOS="1104" HPOS="990"/>
							<String ID="string_85" HPOS="1008" VPOS="1107" WIDTH="132" HEIGHT="30" WC="0.93" CONTENT="anmält"/><SP WIDTH="17" VPOS="1107" HPOS="1140"/>
							<String ID="string_86" HPOS="1157" VPOS="1107" WIDTH="386" HEIGHT="33" WC="0.92" CONTENT="riksrevisionsverkets"/><SP WIDTH="20" VPOS="1107" HPOS="1543"/>
							<String ID="string_87" HPOS="1563" VPOS="1111" WIDTH="87" HEIGHT="30" WC="0.92" CONTENT="skri-"/>
						</TextLine>
						<TextLine ID="line_12" HPOS="169" VPOS="1153" WIDTH="1436" HEIGHT="55">
							<String ID="string_88" HPOS="169" VPOS="1153" WIDTH="91" HEIGHT="29" WC="0.92" CONTENT="velse"/><SP WIDTH="18" VPOS="1153" HPOS="260"/>
							<String ID="string_89" HPOS="278" VPOS="1153" WIDTH="66" HEIGHT="30" WC="0.96" CONTENT="den"/><SP WIDTH="20" VPOS="1153" HPOS="344"/>
							<String ID="string_90" HPOS="364" VPOS="1154" WIDTH="37" HEIGHT="29" WC="0.96" CONTENT="11"/><SP WIDTH="20" VPOS="1154" HPOS="401"/>
							<String ID="string_91" HPOS="421" VPOS="1154" WIDTH="179" HEIGHT="31" WC="0.96" CONTENT="december"/><SP WIDTH="20" VPOS="1154" HPOS="600"/>
							<String ID="string_92" HPOS="620" VPOS="1156" WIDTH="82" HEIGHT="30" WC="0.96" CONTENT="1967"/><SP WIDTH="18" VPOS="1156" HPOS="702"/>
							<String ID="string_93" HPOS="720" VPOS="1158" WIDTH="79" HEIGHT="29" WC="0.93" CONTENT="med"/><SP WIDTH="16" VPOS="1158" HPOS="799"/>
							<String ID="string_94" HPOS="815" VPOS="1158" WIDTH="351" HEIGHT="42" WC="0.92" CONTENT="inkomstberäkning"/><SP WIDTH="17" VPOS="1158" HPOS="1166"/>
							<String ID="string_95" HPOS="1183" VPOS="1162" WIDTH="54" HEIGHT="29" WC="0.95" CONTENT="för"/><SP WIDTH="18" VPOS="1162" HPOS="1237"/>
							<String ID="string_96" HPOS="1255" VPOS="1163" WIDTH="155" HEIGHT="30" WC="0.96" CONTENT="nämnda"/><SP WIDTH="15" VPOS="1163" HPOS="1410"/>
							<String ID="string_97" HPOS="1425" VPOS="1160" WIDTH="180" HEIGHT="48" WC="0.95" CONTENT="budgetår."/>
						</TextLine>
					</TextBlock>
					<TextBlock ID="block_4" HPOS="170" VPOS="1206" WIDTH="1480" HEIGHT="155">
						<TextLine ID="line_13" HPOS="214" VPOS="1206" WIDTH="1436" HEIGHT="52">
							<String ID="string_98" HPOS="214" VPOS="1206" WIDTH="14" HEIGHT="29" WC="0.93" CONTENT="I"/><SP WIDTH="20" VPOS="1206" HPOS="228"/>
							<String ID="string_99" HPOS="248" VPOS="1208" WIDTH="456" HEIGHT="41" WC="0.91" CONTENT="statsverkspropositionen"/><SP WIDTH="19" VPOS="1208" HPOS="704"/>
							<String ID="string_100" HPOS="723" VPOS="1211" WIDTH="64" HEIGHT="30" WC="0.96" CONTENT="har"/><SP WIDTH="19" VPOS="1211" HPOS="787"/>
							<String ID="string_101" HPOS="806" VPOS="1211" WIDTH="126" HEIGHT="41" WC="0.92" CONTENT="Kungl."/><SP WIDTH="20" VPOS="1211" HPOS="932"/>
							<String ID="string_102" HPOS="952" VPOS="1213" WIDTH="106" HEIGHT="37" WC="0.96" CONTENT="Maj:t"/><SP WIDTH="18" VPOS="1213" HPOS="1058"/>
							<String ID="string_103" HPOS="1076" VPOS="1215" WIDTH="45" HEIGHT="29" WC="0.96" CONTENT="bl."/><SP WIDTH="20" VPOS="1215" HPOS="1121"/>
							<String ID="string_104" HPOS="1141" VPOS="1225" WIDTH="30" HEIGHT="20" WC="0.96" CONTENT="a."/><SP WIDTH="19" VPOS="1225" HPOS="1171"/>
							<String ID="string_105" HPOS="1190" VPOS="1215" WIDTH="180" HEIGHT="41" WC="0.96" CONTENT="föreslagit"/><SP WIDTH="18" VPOS="1215" HPOS="1370"/>
							<String ID="string_106" HPOS="1388" VPOS="1217" WIDTH="188" HEIGHT="41" WC="0.92" CONTENT="riksdagen"/><SP WIDTH="18" VPOS="1217" HPOS="1576"/>
							<String ID="string_107" HPOS="1594" VPOS="1219" WIDTH="56" HEIGHT="30" WC="0.92" CONTENT="be-"/>
						</TextLine>
						<TextLine ID="line_14" HPOS="171" VPOS="1260" WIDTH="1474" HEIGHT="48">
							<String ID="string_108" HPOS="171" VPOS="1260" WIDTH="100" HEIGHT="35" WC="0.96" CONTENT="sluta,"/><SP WIDTH="24" VPOS="1260" HPOS="271"/>
							<String ID="string_109" HPOS="295" VPOS="1263" WIDTH="50" HEIGHT="27" WC="0.91" CONTENT="alt"/><SP WIDTH="24" VPOS="1263" HPOS="345"/>
							<String ID="string_110" HPOS="369" VPOS="1262" WIDTH="320" HEIGHT="41" WC="0.91" CONTENT="skogsvårdsavgift"/><SP WIDTH="23" VPOS="1262" HPOS="689"/>
							<String ID="string_111" HPOS="712" VPOS="1265" WIDTH="106" HEIGHT="40" WC="0.95" CONTENT="enligt"/><SP WIDTH="22" VPOS="1265" HPOS="818"/>
							<String ID="string_112" HPOS="840" VPOS="1266" WIDTH="252" HEIGHT="41" WC="0.96" CONTENT="förordningen"/><SP WIDTH="23" VPOS="1266" HPOS="1092"/>
							<String ID="string_113" HPOS="1115" VPOS="1269" WIDTH="67" HEIGHT="29" WC="0.96" CONTENT="den"/><SP WIDTH="22" VPOS="1269" HPOS="1182"/>
							<String ID="string_114" HPOS="1204" VPOS="1270" WIDTH="41" HEIGHT="29" WC="0.96" CONTENT="28"/><SP WIDTH="22" VPOS="1270" HPOS="1245"/>
							<String ID="string_115" HPOS="1267" VPOS="1270" WIDTH="79" HEIGHT="37" WC="0.96" CONTENT="juni"/><SP WIDTH="26" VPOS="1270" HPOS="1346"/>
							<String ID="string_116" HPOS="1372" VPOS="1271" WIDTH="83" HEIGHT="31" WC="0.96" CONTENT="1946"/><SP WIDTH="28" VPOS="1271" HPOS="1455"/>
							<String ID="string_117" HPOS="1483" VPOS="1271" WIDTH="59" HEIGHT="35" WC="0.96" CONTENT="(nr"/><SP WIDTH="22" VPOS="1271" HPOS="1542"/>
							<String ID="string_118" HPOS="1564" VPOS="1272" WIDTH="81" HEIGHT="36" WC="0.95" CONTENT="324)"/>
						</TextLine>
						<TextLine ID="line_15" HPOS="170" VPOS="1315" WIDTH="1193" HEIGHT="46">
							<String ID="string_119" HPOS="170" VPOS="1322" WIDTH="56" HEIGHT="21" WC="0.92" CONTENT="om"/><SP WIDTH="17" VPOS="1322" HPOS="226"/>
							<String ID="string_120" HPOS="243" VPOS="1315" WIDTH="321" HEIGHT="41" WC="0.92" CONTENT="skogsvårdsavgift"/><SP WIDTH="18" VPOS="1315" HPOS="564"/>
							<String ID="string_121" HPOS="582" VPOS="1318" WIDTH="89" HEIGHT="30" WC="0.96" CONTENT="skall"/><SP WIDTH="17" VPOS="1318" HPOS="671"/>
							<String ID="string_122" HPOS="688" VPOS="1319" WIDTH="82" HEIGHT="39" WC="0.96" CONTENT="utgå"/><SP WIDTH="16" VPOS="1319" HPOS="770"/>
							<String ID="string_123" HPOS="786" VPOS="1320" WIDTH="79" HEIGHT="29" WC="0.95" CONTENT="med"/><SP WIDTH="31" VPOS="1320" HPOS="865"/>
							<String ID="string_124" HPOS="896" VPOS="1320" WIDTH="51" HEIGHT="35" WC="0.95" CONTENT="0,9"/><SP WIDTH="17" VPOS="1320" HPOS="947"/>
							<String ID="string_125" HPOS="964" VPOS="1322" WIDTH="160" HEIGHT="39" WC="0.96" CONTENT="promille"/><SP WIDTH="16" VPOS="1322" HPOS="1124"/>
							<String ID="string_126" HPOS="1140" VPOS="1323" WIDTH="55" HEIGHT="30" WC="0.96" CONTENT="för"/><SP WIDTH="17" VPOS="1323" HPOS="1195"/>
							<String ID="string_127" HPOS="1212" VPOS="1323" WIDTH="38" HEIGHT="30" WC="0.96" CONTENT="år"/><SP WIDTH="19" VPOS="1323" HPOS="1250"/>
							<String ID="string_128" HPOS="1269" VPOS="1324" WIDTH="94" HEIGHT="30" WC="0.96" CONTENT="1968."/>
						</TextLine>
					</TextBlock>
					<TextBlock ID="block_5" HPOS="168" VPOS="1367" WIDTH="1481" HEIGHT="85">
						<TextLine ID="line_16" HPOS="214" VPOS="1367" WIDTH="1435" HEIGHT="57">
							<String ID="string_129" HPOS="214" VPOS="1367" WIDTH="461" HEIGHT="43" WC="0.90" CONTENT="Statsverkspropositionen"/><SP WIDTH="29" VPOS="1367" HPOS="675"/>
							<String ID="string_130" HPOS="704" VPOS="1372" WIDTH="64" HEIGHT="30" WC="0.96" CONTENT="har"/><SP WIDTH="29" VPOS="1372" HPOS="768"/>
							<String ID="string_131" HPOS="797" VPOS="1374" WIDTH="11" HEIGHT="29" WC="0.96" CONTENT="i"/><SP WIDTH="27" VPOS="1374" HPOS="808"/>
							<String ID="string_132" HPOS="835" VPOS="1373" WIDTH="149" HEIGHT="31" WC="0.96" CONTENT="berörda"/><SP WIDTH="29" VPOS="1373" HPOS="984"/>
							<String ID="string_133" HPOS="1013" VPOS="1375" WIDTH="54" HEIGHT="30" WC="0.96" CONTENT="del"/><SP WIDTH="29" VPOS="1375" HPOS="1067"/>
							<String ID="string_134" HPOS="1096" VPOS="1376" WIDTH="180" HEIGHT="31" WC="0.96" CONTENT="hänvisats"/><SP WIDTH="29" VPOS="1376" HPOS="1276"/>
							<String ID="string_135" HPOS="1305" VPOS="1378" WIDTH="53" HEIGHT="30" WC="0.96" CONTENT="till"/><SP WIDTH="29" VPOS="1378" HPOS="1358"/>
							<String ID="string_136" HPOS="1387" VPOS="1375" WIDTH="262" HEIGHT="49" WC="0.89" CONTENT="bevillningsut-"/>
						</TextLine>
						<TextLine ID="line_17" HPOS="168" VPOS="1421" WIDTH="139" HEIGHT="31">
							<String ID="string_137" HPOS="168" VPOS="1421" WIDTH="139" HEIGHT="31" WC="0.96" CONTENT="skottet."/>
						</TextLine>
					</TextBlock>
				</ComposedBlock>
				<ComposedBlock ID="cblock_4" HPOS="161" VPOS="1529" WIDTH="1487" HEIGHT="1053">
					<TextBlock ID="block_6" HPOS="166" VPOS="1529" WIDTH="1482" HEIGHT="145">
						<TextLine ID="line_18" HPOS="212" VPOS="1529" WIDTH="1436" HEIGHT="47">
							<String ID="string_138" HPOS="212" VPOS="1529" WIDTH="51" HEIGHT="30" WC="0.93" CONTENT="Av"/><SP WIDTH="18" VPOS="1529" HPOS="263"/>
							<String ID="string_139" HPOS="281" VPOS="1530" WIDTH="385" HEIGHT="33" WC="0.91" CONTENT="riksrevisionsverkets"/><SP WIDTH="18" VPOS="1530" HPOS="666"/>
							<String ID="string_140" HPOS="684" VPOS="1535" WIDTH="241" HEIGHT="38" WC="0.96" CONTENT="nyssnämnda"/><SP WIDTH="19" VPOS="1535" HPOS="925"/>
							<String ID="string_141" HPOS="944" VPOS="1536" WIDTH="166" HEIGHT="31" WC="0.96" CONTENT="skrivelse"/><SP WIDTH="19" VPOS="1536" HPOS="1110"/>
							<String ID="string_142" HPOS="1129" VPOS="1538" WIDTH="66" HEIGHT="30" WC="0.96" CONTENT="den"/><SP WIDTH="21" VPOS="1538" HPOS="1195"/>
							<String ID="string_143" HPOS="1216" VPOS="1538" WIDTH="37" HEIGHT="30" WC="0.96" CONTENT="11"/><SP WIDTH="22" VPOS="1538" HPOS="1253"/>
							<String ID="string_144" HPOS="1275" VPOS="1539" WIDTH="179" HEIGHT="31" WC="0.96" CONTENT="december"/><SP WIDTH="21" VPOS="1539" HPOS="1454"/>
							<String ID="string_145" HPOS="1475" VPOS="1540" WIDTH="93" HEIGHT="36" WC="0.93" CONTENT="1967,"/><SP WIDTH="19" VPOS="1540" HPOS="1568"/>
							<String ID="string_146" HPOS="1587" VPOS="1541" WIDTH="61" HEIGHT="31" WC="0.92" CONTENT="vil-"/>
						</TextLine>
						<TextLine ID="line_19" HPOS="168" VPOS="1582" WIDTH="1479" HEIGHT="47">
							<String ID="string_147" HPOS="168" VPOS="1582" WIDTH="68" HEIGHT="30" WC="0.96" CONTENT="ken"/><SP WIDTH="18" VPOS="1582" HPOS="236"/>
							<String ID="string_148" HPOS="254" VPOS="1583" WIDTH="114" HEIGHT="40" WC="0.96" CONTENT="fogats"/><SP WIDTH="18" VPOS="1583" HPOS="368"/>
							<String ID="string_149" HPOS="386" VPOS="1584" WIDTH="115" HEIGHT="31" WC="0.96" CONTENT="såsom"/><SP WIDTH="18" VPOS="1584" HPOS="501"/>
							<String ID="string_150" HPOS="519" VPOS="1586" WIDTH="114" HEIGHT="40" WC="0.96" CONTENT="bilaga"/><SP WIDTH="18" VPOS="1586" HPOS="633"/>
							<String ID="string_151" HPOS="651" VPOS="1587" WIDTH="18" HEIGHT="30" WC="0.96" CONTENT="2"/><SP WIDTH="19" VPOS="1587" HPOS="669"/>
							<String ID="string_152" HPOS="688" VPOS="1587" WIDTH="52" HEIGHT="30" WC="0.93" CONTENT="till"/><SP WIDTH="19" VPOS="1587" HPOS="740"/>
							<String ID="string_153" HPOS="759" VPOS="1589" WIDTH="381" HEIGHT="40" WC="0.91" CONTENT="statsrådsprotokollet"/><SP WIDTH="17" VPOS="1589" HPOS="1140"/>
							<String ID="string_154" HPOS="1157" VPOS="1592" WIDTH="12" HEIGHT="30" WC="0.96" CONTENT="i"/><SP WIDTH="19" VPOS="1592" HPOS="1169"/>
							<String ID="string_155" HPOS="1188" VPOS="1592" WIDTH="152" HEIGHT="36" WC="0.96" CONTENT="ärendet,"/><SP WIDTH="19" VPOS="1592" HPOS="1340"/>
							<String ID="string_156" HPOS="1359" VPOS="1594" WIDTH="177" HEIGHT="31" WC="0.95" CONTENT="inhämtas"/><SP WIDTH="18" VPOS="1594" HPOS="1536"/>
							<String ID="string_157" HPOS="1554" VPOS="1595" WIDTH="45" HEIGHT="30" WC="0.96" CONTENT="bl."/><SP WIDTH="19" VPOS="1595" HPOS="1599"/>
							<String ID="string_158" HPOS="1618" VPOS="1605" WIDTH="29" HEIGHT="21" WC="0.96" CONTENT="a."/>
						</TextLine>
						<TextLine ID="line_20" HPOS="166" VPOS="1637" WIDTH="169" HEIGHT="37">
							<String ID="string_159" HPOS="166" VPOS="1637" WIDTH="169" HEIGHT="37" WC="0.96" CONTENT="följande."/>
						</TextLine>
					</TextBlock>
					<TextBlock ID="block_7" HPOS="167" VPOS="1691" WIDTH="1480" HEIGHT="101">
						<TextLine ID="line_21" HPOS="212" VPOS="1691" WIDTH="1435" HEIGHT="49">
							<String ID="string_160" HPOS="212" VPOS="1691" WIDTH="364" HEIGHT="42" WC="0.90" CONTENT="Skogsvårdsavgifter"/><SP WIDTH="21" VPOS="1691" HPOS="576"/>
							<String ID="string_161" HPOS="597" VPOS="1695" WIDTH="104" HEIGHT="30" WC="0.91" CONTENT="inflöt"/><SP WIDTH="21" VPOS="1695" HPOS="701"/>
							<String ID="string_162" HPOS="722" VPOS="1696" WIDTH="111" HEIGHT="30" WC="0.96" CONTENT="under"/><SP WIDTH="21" VPOS="1696" HPOS="833"/>
							<String ID="string_163" HPOS="854" VPOS="1697" WIDTH="205" HEIGHT="40" WC="0.93" CONTENT="budgetåret"/><SP WIDTH="23" VPOS="1697" HPOS="1059"/>
							<String ID="string_164" HPOS="1082" VPOS="1699" WIDTH="147" HEIGHT="36" WC="0.92" CONTENT="1966/67"/><SP WIDTH="23" VPOS="1699" HPOS="1229"/>
							<String ID="string_165" HPOS="1252" VPOS="1701" WIDTH="80" HEIGHT="30" WC="0.95" CONTENT="med"/><SP WIDTH="24" VPOS="1701" HPOS="1332"/>
							<String ID="string_166" HPOS="1356" VPOS="1701" WIDTH="71" HEIGHT="35" WC="0.95" CONTENT="10,4"/><SP WIDTH="22" VPOS="1701" HPOS="1427"/>
							<String ID="string_167" HPOS="1449" VPOS="1702" WIDTH="88" HEIGHT="38" WC="0.95" CONTENT="milj."/><SP WIDTH="22" VPOS="1702" HPOS="1537"/>
							<String ID="string_168" HPOS="1559" VPOS="1703" WIDTH="52" HEIGHT="31" WC="0.96" CONTENT="kr."/><SP WIDTH="23" VPOS="1703" HPOS="1611"/>
							<String ID="string_169" HPOS="1634" VPOS="1704" WIDTH="13" HEIGHT="29" WC="0.96" CONTENT="I"/>
						</TextLine>
						<TextLine ID="line_22" HPOS="167" VPOS="1744" WIDTH="1335" HEIGHT="48">
							<String ID="string_170" HPOS="167" VPOS="1744" WIDTH="191" HEIGHT="31" WC="0.92" CONTENT="riksstaten"/><SP WIDTH="14" VPOS="1744" HPOS="358"/>
							<String ID="string_171" HPOS="372" VPOS="1746" WIDTH="55" HEIGHT="30" WC="0.96" CONTENT="för"/><SP WIDTH="14" VPOS="1746" HPOS="427"/>
							<String ID="string_172" HPOS="441" VPOS="1747" WIDTH="205" HEIGHT="40" WC="0.91" CONTENT="budgetåret"/><SP WIDTH="17" VPOS="1747" HPOS="646"/>
							<String ID="string_173" HPOS="663" VPOS="1749" WIDTH="149" HEIGHT="36" WC="0.91" CONTENT="1967/68"/><SP WIDTH="15" VPOS="1749" HPOS="812"/>
							<String ID="string_174" HPOS="827" VPOS="1751" WIDTH="39" HEIGHT="29" WC="0.96" CONTENT="är"/><SP WIDTH="14" VPOS="1751" HPOS="866"/>
							<String ID="string_175" HPOS="880" VPOS="1750" WIDTH="102" HEIGHT="31" WC="0.96" CONTENT="titeln"/><SP WIDTH="13" VPOS="1750" HPOS="982"/>
							<String ID="string_176" HPOS="995" VPOS="1752" WIDTH="179" HEIGHT="31" WC="0.96" CONTENT="beräknad"/><SP WIDTH="14" VPOS="1752" HPOS="1174"/>
							<String ID="string_177" HPOS="1188" VPOS="1753" WIDTH="52" HEIGHT="31" WC="0.96" CONTENT="till"/><SP WIDTH="18" VPOS="1753" HPOS="1240"/>
							<String ID="string_178" HPOS="1258" VPOS="1754" WIDTH="72" HEIGHT="35" WC="0.95" CONTENT="10,2"/><SP WIDTH="14" VPOS="1754" HPOS="1330"/>
							<String ID="string_179" HPOS="1344" VPOS="1755" WIDTH="90" HEIGHT="37" WC="0.96" CONTENT="milj."/><SP WIDTH="14" VPOS="1755" HPOS="1434"/>
							<String ID="string_180" HPOS="1448" VPOS="1756" WIDTH="54" HEIGHT="30" WC="0.96" CONTENT="kr."/>
						</TextLine>
					</TextBlock>
					<TextBlock ID="block_8" HPOS="162" VPOS="1798" WIDTH="1485" HEIGHT="424">
						<TextLine ID="line_23" HPOS="212" VPOS="1798" WIDTH="1434" HEIGHT="52">
							<String ID="string_181" HPOS="212" VPOS="1798" WIDTH="13" HEIGHT="29" WC="0.96" CONTENT="I"/><SP WIDTH="21" VPOS="1798" HPOS="225"/>
							<String ID="string_182" HPOS="246" VPOS="1799" WIDTH="166" HEIGHT="31" WC="0.96" CONTENT="skrivelse"/><SP WIDTH="20" VPOS="1799" HPOS="412"/>
							<String ID="string_183" HPOS="432" VPOS="1800" WIDTH="53" HEIGHT="30" WC="0.93" CONTENT="till"/><SP WIDTH="19" VPOS="1800" HPOS="485"/>
							<String ID="string_184" HPOS="504" VPOS="1801" WIDTH="367" HEIGHT="33" WC="0.91" CONTENT="riksrevisionsverket"/><SP WIDTH="20" VPOS="1801" HPOS="871"/>
							<String ID="string_185" HPOS="891" VPOS="1805" WIDTH="66" HEIGHT="30" WC="0.96" CONTENT="den"/><SP WIDTH="21" VPOS="1805" HPOS="957"/>
							<String ID="string_186" HPOS="978" VPOS="1805" WIDTH="18" HEIGHT="30" WC="0.96" CONTENT="9"/><SP WIDTH="21" VPOS="1805" HPOS="996"/>
							<String ID="string_187" HPOS="1017" VPOS="1806" WIDTH="143" HEIGHT="31" WC="0.96" CONTENT="oktober"/><SP WIDTH="22" VPOS="1806" HPOS="1160"/>
							<String ID="string_188" HPOS="1182" VPOS="1806" WIDTH="82" HEIGHT="32" WC="0.96" CONTENT="1967"/><SP WIDTH="21" VPOS="1806" HPOS="1264"/>
							<String ID="string_189" HPOS="1285" VPOS="1808" WIDTH="65" HEIGHT="30" WC="0.96" CONTENT="har"/><SP WIDTH="20" VPOS="1808" HPOS="1350"/>
							<String ID="string_190" HPOS="1370" VPOS="1809" WIDTH="276" HEIGHT="41" WC="0.91" CONTENT="skogsstyrelsen"/>
						</TextLine>
						<TextLine ID="line_24" HPOS="167" VPOS="1852" WIDTH="1480" HEIGHT="47">
							<String ID="string_191" HPOS="167" VPOS="1852" WIDTH="131" HEIGHT="31" WC="0.90" CONTENT="erinrat"/><SP WIDTH="19" VPOS="1852" HPOS="298"/>
							<String ID="string_192" HPOS="317" VPOS="1863" WIDTH="56" HEIGHT="20" WC="0.96" CONTENT="om"/><SP WIDTH="22" VPOS="1863" HPOS="373"/>
							<String ID="string_193" HPOS="395" VPOS="1856" WIDTH="50" HEIGHT="28" WC="0.96" CONTENT="att"/><SP WIDTH="20" VPOS="1856" HPOS="445"/>
							<String ID="string_194" HPOS="465" VPOS="1855" WIDTH="126" HEIGHT="40" WC="0.95" CONTENT="Kungl."/><SP WIDTH="20" VPOS="1855" HPOS="591"/>
							<String ID="string_195" HPOS="611" VPOS="1856" WIDTH="106" HEIGHT="37" WC="0.96" CONTENT="Maj:t"/><SP WIDTH="21" VPOS="1856" HPOS="717"/>
							<String ID="string_196" HPOS="738" VPOS="1865" WIDTH="123" HEIGHT="31" WC="0.96" CONTENT="genom"/><SP WIDTH="20" VPOS="1865" HPOS="861"/>
							<String ID="string_197" HPOS="881" VPOS="1859" WIDTH="251" HEIGHT="40" WC="0.96" CONTENT="förordningen"/><SP WIDTH="20" VPOS="1859" HPOS="1132"/>
							<String ID="string_198" HPOS="1152" VPOS="1861" WIDTH="67" HEIGHT="30" WC="0.96" CONTENT="den"/><SP WIDTH="20" VPOS="1861" HPOS="1219"/>
							<String ID="string_199" HPOS="1239" VPOS="1861" WIDTH="41" HEIGHT="30" WC="0.96" CONTENT="24"/><SP WIDTH="21" VPOS="1861" HPOS="1280"/>
							<String ID="string_200" HPOS="1301" VPOS="1862" WIDTH="155" HEIGHT="31" WC="0.96" CONTENT="februari"/><SP WIDTH="23" VPOS="1862" HPOS="1456"/>
							<String ID="string_201" HPOS="1479" VPOS="1863" WIDTH="82" HEIGHT="31" WC="0.96" CONTENT="1967"/><SP WIDTH="27" VPOS="1863" HPOS="1561"/>
							<String ID="string_202" HPOS="1588" VPOS="1865" WIDTH="59" HEIGHT="34" WC="0.95" CONTENT="(nr"/>
						</TextLine>
						<TextLine ID="line_25" HPOS="165" VPOS="1906" WIDTH="1481" HEIGHT="49">
							<String ID="string_203" HPOS="165" VPOS="1906" WIDTH="59" HEIGHT="34" WC="0.95" CONTENT="93)"/><SP WIDTH="27" VPOS="1906" HPOS="224"/>
							<String ID="string_204" HPOS="251" VPOS="1907" WIDTH="13" HEIGHT="29" WC="0.96" CONTENT="i"/><SP WIDTH="24" VPOS="1907" HPOS="264"/>
							<String ID="string_205" HPOS="288" VPOS="1907" WIDTH="347" HEIGHT="33" WC="0.95" CONTENT="överensstämmelse"/><SP WIDTH="24" VPOS="1907" HPOS="635"/>
							<String ID="string_206" HPOS="659" VPOS="1911" WIDTH="79" HEIGHT="29" WC="0.96" CONTENT="med"/><SP WIDTH="24" VPOS="1911" HPOS="738"/>
							<String ID="string_207" HPOS="762" VPOS="1911" WIDTH="206" HEIGHT="40" WC="0.96" CONTENT="riksdagens"/><SP WIDTH="24" VPOS="1911" HPOS="968"/>
							<String ID="string_208" HPOS="992" VPOS="1913" WIDTH="115" HEIGHT="31" WC="0.96" CONTENT="beslut"/><SP WIDTH="23" VPOS="1913" HPOS="1107"/>
							<String ID="string_209" HPOS="1130" VPOS="1915" WIDTH="119" HEIGHT="30" WC="0.96" CONTENT="funnit"/><SP WIDTH="26" VPOS="1915" HPOS="1249"/>
							<String ID="string_210" HPOS="1275" VPOS="1918" WIDTH="71" HEIGHT="37" WC="0.96" CONTENT="gott"/><SP WIDTH="24" VPOS="1918" HPOS="1346"/>
							<String ID="string_211" HPOS="1370" VPOS="1917" WIDTH="195" HEIGHT="31" WC="0.96" CONTENT="bestämma"/><SP WIDTH="25" VPOS="1917" HPOS="1565"/>
							<String ID="string_212" HPOS="1590" VPOS="1919" WIDTH="56" HEIGHT="29" WC="0.96" CONTENT="det"/>
						</TextLine>
						<TextLine ID="line_26" HPOS="164" VPOS="1961" WIDTH="1481" HEIGHT="48">
							<String ID="string_213" HPOS="164" VPOS="1961" WIDTH="210" HEIGHT="39" WC="0.92" CONTENT="promilletal"/><SP WIDTH="28" VPOS="1961" HPOS="374"/>
							<String ID="string_214" HPOS="402" VPOS="1962" WIDTH="80" HEIGHT="30" WC="0.96" CONTENT="med"/><SP WIDTH="27" VPOS="1962" HPOS="482"/>
							<String ID="string_215" HPOS="509" VPOS="1963" WIDTH="107" HEIGHT="30" WC="0.93" CONTENT="vilket"/><SP WIDTH="29" VPOS="1963" HPOS="616"/>
							<String ID="string_216" HPOS="645" VPOS="1964" WIDTH="320" HEIGHT="42" WC="0.92" CONTENT="skogsvårdsavgift"/><SP WIDTH="26" VPOS="1964" HPOS="965"/>
							<String ID="string_217" HPOS="991" VPOS="1967" WIDTH="106" HEIGHT="40" WC="0.96" CONTENT="enligt"/><SP WIDTH="27" VPOS="1967" HPOS="1097"/>
							<String ID="string_218" HPOS="1124" VPOS="1968" WIDTH="251" HEIGHT="41" WC="0.96" CONTENT="förordningen"/><SP WIDTH="29" VPOS="1968" HPOS="1375"/>
							<String ID="string_219" HPOS="1404" VPOS="1971" WIDTH="67" HEIGHT="29" WC="0.96" CONTENT="den"/><SP WIDTH="28" VPOS="1971" HPOS="1471"/>
							<String ID="string_220" HPOS="1499" VPOS="1971" WIDTH="41" HEIGHT="31" WC="0.96" CONTENT="28"/><SP WIDTH="27" VPOS="1971" HPOS="1540"/>
							<String ID="string_221" HPOS="1567" VPOS="1971" WIDTH="78" HEIGHT="38" WC="0.96" CONTENT="juni"/>
						</TextLine>
						<TextLine ID="line_27" HPOS="168" VPOS="2013" WIDTH="1477" HEIGHT="57">
							<String ID="string_222" HPOS="168" VPOS="2013" WIDTH="83" HEIGHT="31" WC="0.96" CONTENT="1946"/><SP WIDTH="21" VPOS="2013" HPOS="251"/>
							<String ID="string_223" HPOS="272" VPOS="2014" WIDTH="59" HEIGHT="34" WC="0.96" CONTENT="(nr"/><SP WIDTH="16" VPOS="2014" HPOS="331"/>
							<String ID="string_224" HPOS="347" VPOS="2014" WIDTH="80" HEIGHT="35" WC="0.95" CONTENT="324)"/><SP WIDTH="22" VPOS="2014" HPOS="427"/>
							<String ID="string_225" HPOS="449" VPOS="2016" WIDTH="89" HEIGHT="30" WC="0.96" CONTENT="skall"/><SP WIDTH="16" VPOS="2016" HPOS="538"/>
							<String ID="string_226" HPOS="554" VPOS="2017" WIDTH="83" HEIGHT="39" WC="0.93" CONTENT="utgå"/><SP WIDTH="15" VPOS="2017" HPOS="637"/>
							<String ID="string_227" HPOS="652" VPOS="2018" WIDTH="55" HEIGHT="30" WC="0.96" CONTENT="för"/><SP WIDTH="16" VPOS="2018" HPOS="707"/>
							<String ID="string_228" HPOS="723" VPOS="2018" WIDTH="38" HEIGHT="30" WC="0.96" CONTENT="år"/><SP WIDTH="19" VPOS="2018" HPOS="761"/>
							<String ID="string_229" HPOS="780" VPOS="2019" WIDTH="81" HEIGHT="30" WC="0.96" CONTENT="1967"/><SP WIDTH="16" VPOS="2019" HPOS="861"/>
							<String ID="string_230" HPOS="877" VPOS="2020" WIDTH="54" HEIGHT="30" WC="0.96" CONTENT="till"/><SP WIDTH="17" VPOS="2020" HPOS="931"/>
							<String ID="string_231" HPOS="948" VPOS="2020" WIDTH="51" HEIGHT="35" WC="0.96" CONTENT="0,9"/><SP WIDTH="16" VPOS="2020" HPOS="999"/>
							<String ID="string_232" HPOS="1015" VPOS="2022" WIDTH="170" HEIGHT="39" WC="0.95" CONTENT="promille."/><SP WIDTH="17" VPOS="2022" HPOS="1185"/>
							<String ID="string_233" HPOS="1202" VPOS="2023" WIDTH="117" HEIGHT="40" WC="0.96" CONTENT="Enligt"/><SP WIDTH="15" VPOS="2023" HPOS="1319"/>
							<String ID="string_234" HPOS="1334" VPOS="2024" WIDTH="67" HEIGHT="30" WC="0.96" CONTENT="vad"/><SP WIDTH="18" VPOS="2024" HPOS="1401"/>
							<String ID="string_235" HPOS="1419" VPOS="2021" WIDTH="226" HEIGHT="49" WC="0.92" CONTENT="skogsstyrel-"/>
						</TextLine>
						<TextLine ID="line_28" HPOS="167" VPOS="2068" WIDTH="1479" HEIGHT="50">
							<String ID="string_236" HPOS="167" VPOS="2077" WIDTH="60" HEIGHT="21" WC="0.96" CONTENT="sen"/><SP WIDTH="18" VPOS="2077" HPOS="227"/>
							<String ID="string_237" HPOS="245" VPOS="2068" WIDTH="175" HEIGHT="31" WC="0.95" CONTENT="inhämtat"/><SP WIDTH="18" VPOS="2068" HPOS="420"/>
							<String ID="string_238" HPOS="438" VPOS="2070" WIDTH="81" HEIGHT="30" WC="0.95" CONTENT="från"/><SP WIDTH="19" VPOS="2070" HPOS="519"/>
							<String ID="string_239" HPOS="538" VPOS="2071" WIDTH="196" HEIGHT="31" WC="0.96" CONTENT="statistiska"/><SP WIDTH="18" VPOS="2071" HPOS="734"/>
							<String ID="string_240" HPOS="752" VPOS="2074" WIDTH="244" HEIGHT="40" WC="0.96" CONTENT="centralbyrån"/><SP WIDTH="19" VPOS="2074" HPOS="996"/>
							<String ID="string_241" HPOS="1015" VPOS="2075" WIDTH="222" HEIGHT="31" WC="0.93" CONTENT="beträffande"/><SP WIDTH="18" VPOS="2075" HPOS="1237"/>
							<String ID="string_242" HPOS="1255" VPOS="2078" WIDTH="317" HEIGHT="40" WC="0.91" CONTENT="taxeringsutfallet"/><SP WIDTH="19" VPOS="2078" HPOS="1572"/>
							<String ID="string_243" HPOS="1591" VPOS="2080" WIDTH="55" HEIGHT="30" WC="0.96" CONTENT="för"/>
						</TextLine>
						<TextLine ID="line_29" HPOS="165" VPOS="2121" WIDTH="1479" HEIGHT="50">
							<String ID="string_244" HPOS="165" VPOS="2121" WIDTH="38" HEIGHT="30" WC="0.96" CONTENT="år"/><SP WIDTH="25" VPOS="2121" HPOS="203"/>
							<String ID="string_245" HPOS="228" VPOS="2121" WIDTH="82" HEIGHT="31" WC="0.96" CONTENT="1967"/><SP WIDTH="24" VPOS="2121" HPOS="310"/>
							<String ID="string_246" HPOS="334" VPOS="2123" WIDTH="134" HEIGHT="39" WC="0.96" CONTENT="uppgår"/><SP WIDTH="23" VPOS="2123" HPOS="468"/>
							<String ID="string_247" HPOS="491" VPOS="2124" WIDTH="204" HEIGHT="40" WC="0.96" CONTENT="underlaget"/><SP WIDTH="22" VPOS="2124" HPOS="695"/>
							<String ID="string_248" HPOS="717" VPOS="2126" WIDTH="55" HEIGHT="30" WC="0.96" CONTENT="för"/><SP WIDTH="22" VPOS="2126" HPOS="772"/>
							<String ID="string_249" HPOS="794" VPOS="2126" WIDTH="195" HEIGHT="41" WC="0.96" CONTENT="beräkning"/><SP WIDTH="21" VPOS="2126" HPOS="989"/>
							<String ID="string_250" HPOS="1010" VPOS="2138" WIDTH="43" HEIGHT="20" WC="0.93" CONTENT="av"/><SP WIDTH="23" VPOS="2138" HPOS="1053"/>
							<String ID="string_251" HPOS="1076" VPOS="2129" WIDTH="320" HEIGHT="42" WC="0.91" CONTENT="skogsvårdsavgift"/><SP WIDTH="22" VPOS="2129" HPOS="1396"/>
							<String ID="string_252" HPOS="1418" VPOS="2132" WIDTH="53" HEIGHT="30" WC="0.95" CONTENT="till"/><SP WIDTH="25" VPOS="2132" HPOS="1471"/>
							<String ID="string_253" HPOS="1496" VPOS="2133" WIDTH="39" HEIGHT="30" WC="0.96" CONTENT="10"/><SP WIDTH="15" VPOS="2133" HPOS="1535"/>
							<String ID="string_254" HPOS="1550" VPOS="2133" WIDTH="94" HEIGHT="35" WC="0.96" CONTENT="680,5"/>
						</TextLine>
						<TextLine ID="line_30" HPOS="162" VPOS="2175" WIDTH="1276" HEIGHT="47">
							<String ID="string_255" HPOS="162" VPOS="2175" WIDTH="86" HEIGHT="37" WC="0.95" CONTENT="milj."/><SP WIDTH="15" VPOS="2175" HPOS="248"/>
							<String ID="string_256" HPOS="263" VPOS="2175" WIDTH="51" HEIGHT="30" WC="0.96" CONTENT="kr."/><SP WIDTH="15" VPOS="2175" HPOS="314"/>
							<String ID="string_257" HPOS="329" VPOS="2177" WIDTH="243" HEIGHT="30" WC="0.96" CONTENT="Motsvarande"/><SP WIDTH="14" VPOS="2177" HPOS="572"/>
							<String ID="string_258" HPOS="586" VPOS="2179" WIDTH="169" HEIGHT="39" WC="0.96" CONTENT="underlag"/><SP WIDTH="14" VPOS="2179" HPOS="755"/>
							<String ID="string_259" HPOS="769" VPOS="2180" WIDTH="208" HEIGHT="39" WC="0.96" CONTENT="föregående"/><SP WIDTH="15" VPOS="2180" HPOS="977"/>
							<String ID="string_260" HPOS="992" VPOS="2181" WIDTH="37" HEIGHT="30" WC="0.96" CONTENT="år"/><SP WIDTH="13" VPOS="2181" HPOS="1029"/>
							<String ID="string_261" HPOS="1042" VPOS="2192" WIDTH="61" HEIGHT="20" WC="0.96" CONTENT="var"/><SP WIDTH="17" VPOS="2192" HPOS="1103"/>
							<String ID="string_262" HPOS="1120" VPOS="2182" WIDTH="39" HEIGHT="31" WC="0.95" CONTENT="10"/><SP WIDTH="14" VPOS="2182" HPOS="1159"/>
							<String ID="string_263" HPOS="1173" VPOS="2183" WIDTH="96" HEIGHT="35" WC="0.96" CONTENT="945,6"/><SP WIDTH="14" VPOS="2183" HPOS="1269"/>
							<String ID="string_264" HPOS="1283" VPOS="2184" WIDTH="89" HEIGHT="38" WC="0.95" CONTENT="milj."/><SP WIDTH="15" VPOS="2184" HPOS="1372"/>
							<String ID="string_265" HPOS="1387" VPOS="2186" WIDTH="51" HEIGHT="29" WC="0.96" CONTENT="kr."/>
						</TextLine>
					</TextBlock>
					<TextBlock ID="block_9" HPOS="161" VPOS="2229" WIDTH="1484" HEIGHT="353">
						<TextLine ID="line_31" HPOS="209" VPOS="2229" WIDTH="1436" HEIGHT="51">
							<String ID="string_266" HPOS="209" VPOS="2229" WIDTH="78" HEIGHT="30" WC="0.96" CONTENT="Med"/><SP WIDTH="19" VPOS="2229" HPOS="287"/>
							<String ID="string_267" HPOS="306" VPOS="2230" WIDTH="265" HEIGHT="41" WC="0.96" CONTENT="utgångspunkt"/><SP WIDTH="18" VPOS="2230" HPOS="571"/>
							<String ID="string_268" HPOS="589" VPOS="2232" WIDTH="81" HEIGHT="30" WC="0.96" CONTENT="från"/><SP WIDTH="18" VPOS="2232" HPOS="670"/>
							<String ID="string_269" HPOS="688" VPOS="2234" WIDTH="246" HEIGHT="31" WC="0.93" CONTENT="ovannämnda"/><SP WIDTH="18" VPOS="2234" HPOS="934"/>
							<String ID="string_270" HPOS="952" VPOS="2235" WIDTH="210" HEIGHT="40" WC="0.92" CONTENT="promilletal"/><SP WIDTH="20" VPOS="2235" HPOS="1162"/>
							<String ID="string_271" HPOS="1182" VPOS="2237" WIDTH="64" HEIGHT="30" WC="0.97" CONTENT="och"/><SP WIDTH="18" VPOS="2237" HPOS="1246"/>
							<String ID="string_272" HPOS="1264" VPOS="2238" WIDTH="79" HEIGHT="30" WC="0.96" CONTENT="med"/><SP WIDTH="19" VPOS="2238" HPOS="1343"/>
							<String ID="string_273" HPOS="1362" VPOS="2238" WIDTH="223" HEIGHT="42" WC="0.95" CONTENT="tillämpning"/><SP WIDTH="18" VPOS="2238" HPOS="1585"/>
							<String ID="string_274" HPOS="1603" VPOS="2251" WIDTH="42" HEIGHT="20" WC="0.95" CONTENT="av"/>
						</TextLine>
						<TextLine ID="line_32" HPOS="165" VPOS="2283" WIDTH="1480" HEIGHT="51">
							<String ID="string_275" HPOS="165" VPOS="2283" WIDTH="106" HEIGHT="38" WC="0.96" CONTENT="sagda"/><SP WIDTH="24" VPOS="2283" HPOS="271"/>
							<String ID="string_276" HPOS="295" VPOS="2284" WIDTH="169" HEIGHT="40" WC="0.96" CONTENT="underlag"/><SP WIDTH="27" VPOS="2284" HPOS="464"/>
							<String ID="string_277" HPOS="491" VPOS="2284" WIDTH="38" HEIGHT="30" WC="0.96" CONTENT="10"/><SP WIDTH="16" VPOS="2284" HPOS="529"/>
							<String ID="string_278" HPOS="545" VPOS="2285" WIDTH="94" HEIGHT="35" WC="0.96" CONTENT="680,5"/><SP WIDTH="25" VPOS="2285" HPOS="639"/>
							<String ID="string_279" HPOS="664" VPOS="2286" WIDTH="89" HEIGHT="37" WC="0.95" CONTENT="milj."/><SP WIDTH="24" VPOS="2286" HPOS="753"/>
							<String ID="string_280" HPOS="777" VPOS="2287" WIDTH="52" HEIGHT="30" WC="0.95" CONTENT="kr."/><SP WIDTH="27" VPOS="2287" HPOS="829"/>
							<String ID="string_281" HPOS="856" VPOS="2288" WIDTH="112" HEIGHT="30" WC="0.96" CONTENT="skulle"/><SP WIDTH="25" VPOS="2288" HPOS="968"/>
							<String ID="string_282" HPOS="993" VPOS="2289" WIDTH="200" HEIGHT="31" WC="0.96" CONTENT="inkomsten"/><SP WIDTH="26" VPOS="2289" HPOS="1193"/>
							<String ID="string_283" HPOS="1219" VPOS="2300" WIDTH="42" HEIGHT="21" WC="0.96" CONTENT="av"/><SP WIDTH="26" VPOS="2300" HPOS="1261"/>
							<String ID="string_284" HPOS="1287" VPOS="2292" WIDTH="358" HEIGHT="42" WC="0.92" CONTENT="skogsvårdsavgifter"/>
						</TextLine>
						<TextLine ID="line_33" HPOS="163" VPOS="2335" WIDTH="1481" HEIGHT="48">
							<String ID="string_285" HPOS="163" VPOS="2335" WIDTH="56" HEIGHT="31" WC="0.96" CONTENT="för"/><SP WIDTH="13" VPOS="2335" HPOS="219"/>
							<String ID="string_286" HPOS="232" VPOS="2336" WIDTH="201" HEIGHT="38" WC="0.93" CONTENT="budgetåret"/><SP WIDTH="16" VPOS="2336" HPOS="433"/>
							<String ID="string_287" HPOS="449" VPOS="2338" WIDTH="141" HEIGHT="35" WC="0.92" CONTENT="1967/68"/><SP WIDTH="14" VPOS="2338" HPOS="590"/>
							<String ID="string_288" HPOS="604" VPOS="2340" WIDTH="119" HEIGHT="30" WC="0.96" CONTENT="kunna"/><SP WIDTH="14" VPOS="2340" HPOS="723"/>
							<String ID="string_289" HPOS="737" VPOS="2340" WIDTH="179" HEIGHT="32" WC="0.96" CONTENT="förväntas"/><SP WIDTH="14" VPOS="2340" HPOS="916"/>
							<String ID="string_290" HPOS="930" VPOS="2342" WIDTH="49" HEIGHT="30" WC="0.96" CONTENT="bli"/><SP WIDTH="13" VPOS="2342" HPOS="979"/>
							<String ID="string_291" HPOS="992" VPOS="2343" WIDTH="50" HEIGHT="34" WC="0.96" CONTENT="9,6"/><SP WIDTH="13" VPOS="2343" HPOS="1042"/>
							<String ID="string_292" HPOS="1055" VPOS="2343" WIDTH="87" HEIGHT="37" WC="0.94" CONTENT="milj."/><SP WIDTH="15" VPOS="2343" HPOS="1142"/>
							<String ID="string_293" HPOS="1157" VPOS="2344" WIDTH="50" HEIGHT="30" WC="0.95" CONTENT="kr."/><SP WIDTH="15" VPOS="2344" HPOS="1207"/>
							<String ID="string_294" HPOS="1222" VPOS="2345" WIDTH="78" HEIGHT="30" WC="0.96" CONTENT="Med"/><SP WIDTH="14" VPOS="2345" HPOS="1300"/>
							<String ID="string_295" HPOS="1314" VPOS="2346" WIDTH="136" HEIGHT="37" WC="0.96" CONTENT="hänsyn"/><SP WIDTH="13" VPOS="2346" HPOS="1450"/>
							<String ID="string_296" HPOS="1463" VPOS="2347" WIDTH="53" HEIGHT="30" WC="0.94" CONTENT="till"/><SP WIDTH="15" VPOS="2347" HPOS="1516"/>
							<String ID="string_297" HPOS="1531" VPOS="2350" WIDTH="48" HEIGHT="28" WC="0.93" CONTENT="att"/><SP WIDTH="15" VPOS="2350" HPOS="1579"/>
							<String ID="string_298" HPOS="1594" VPOS="2349" WIDTH="50" HEIGHT="29" WC="0.92" CONTENT="in-"/>
						</TextLine>
						<TextLine ID="line_34" HPOS="162" VPOS="2389" WIDTH="1482" HEIGHT="50">
							<String ID="string_299" HPOS="162" VPOS="2389" WIDTH="253" HEIGHT="32" WC="0.91" CONTENT="komstutfallet"/><SP WIDTH="15" VPOS="2389" HPOS="415"/>
							<String ID="string_300" HPOS="430" VPOS="2391" WIDTH="130" HEIGHT="31" WC="0.96" CONTENT="brukar"/><SP WIDTH="17" VPOS="2391" HPOS="560"/>
							<String ID="string_301" HPOS="577" VPOS="2393" WIDTH="124" HEIGHT="31" WC="0.96" CONTENT="avvika"/><SP WIDTH="15" VPOS="2393" HPOS="701"/>
							<String ID="string_302" HPOS="716" VPOS="2394" WIDTH="103" HEIGHT="37" WC="0.95" CONTENT="något"/><SP WIDTH="16" VPOS="2394" HPOS="819"/>
							<String ID="string_303" HPOS="835" VPOS="2395" WIDTH="79" HEIGHT="30" WC="0.95" CONTENT="från"/><SP WIDTH="16" VPOS="2395" HPOS="914"/>
							<String ID="string_304" HPOS="930" VPOS="2396" WIDTH="55" HEIGHT="30" WC="0.95" CONTENT="det"/><SP WIDTH="15" VPOS="2396" HPOS="985"/>
							<String ID="string_305" HPOS="1000" VPOS="2396" WIDTH="132" HEIGHT="31" WC="0.96" CONTENT="utifrån"/><SP WIDTH="14" VPOS="2396" HPOS="1132"/>
							<String ID="string_306" HPOS="1146" VPOS="2398" WIDTH="187" HEIGHT="32" WC="0.96" CONTENT="teoretiska"/><SP WIDTH="15" VPOS="2398" HPOS="1333"/>
							<String ID="string_307" HPOS="1348" VPOS="2400" WIDTH="296" HEIGHT="39" WC="0.96" CONTENT="utgångspunkter"/>
						</TextLine>
						<TextLine ID="line_35" HPOS="163" VPOS="2443" WIDTH="1481" HEIGHT="48">
							<String ID="string_308" HPOS="163" VPOS="2443" WIDTH="199" HEIGHT="31" WC="0.96" CONTENT="beräknade"/><SP WIDTH="19" VPOS="2443" HPOS="362"/>
							<String ID="string_309" HPOS="381" VPOS="2445" WIDTH="169" HEIGHT="41" WC="0.96" CONTENT="beloppet,"/><SP WIDTH="21" VPOS="2445" HPOS="550"/>
							<String ID="string_310" HPOS="571" VPOS="2456" WIDTH="102" HEIGHT="21" WC="0.95" CONTENT="anser"/><SP WIDTH="19" VPOS="2456" HPOS="673"/>
							<String ID="string_311" HPOS="692" VPOS="2449" WIDTH="192" HEIGHT="30" WC="0.93" CONTENT="emellertid"/><SP WIDTH="20" VPOS="2449" HPOS="884"/>
							<String ID="string_312" HPOS="904" VPOS="2450" WIDTH="276" HEIGHT="41" WC="0.91" CONTENT="skogsstyrelsen"/><SP WIDTH="20" VPOS="2450" HPOS="1180"/>
							<String ID="string_313" HPOS="1200" VPOS="2452" WIDTH="54" HEIGHT="30" WC="0.96" CONTENT="för"/><SP WIDTH="20" VPOS="2452" HPOS="1254"/>
							<String ID="string_314" HPOS="1274" VPOS="2452" WIDTH="54" HEIGHT="31" WC="0.96" CONTENT="sin"/><SP WIDTH="20" VPOS="2452" HPOS="1328"/>
							<String ID="string_315" HPOS="1348" VPOS="2453" WIDTH="54" HEIGHT="31" WC="0.96" CONTENT="del"/><SP WIDTH="19" VPOS="2453" HPOS="1402"/>
							<String ID="string_316" HPOS="1421" VPOS="2456" WIDTH="50" HEIGHT="28" WC="0.93" CONTENT="att"/><SP WIDTH="17" VPOS="2456" HPOS="1471"/>
							<String ID="string_317" HPOS="1488" VPOS="2455" WIDTH="156" HEIGHT="31" WC="0.92" CONTENT="inkoms-"/>
						</TextLine>
						<TextLine ID="line_36" HPOS="163" VPOS="2499" WIDTH="1480" HEIGHT="48">
							<String ID="string_318" HPOS="163" VPOS="2499" WIDTH="59" HEIGHT="28" WC="0.96" CONTENT="ten"/><SP WIDTH="19" VPOS="2499" HPOS="222"/>
							<String ID="string_319" HPOS="241" VPOS="2507" WIDTH="42" HEIGHT="21" WC="0.93" CONTENT="av"/><SP WIDTH="20" VPOS="2507" HPOS="283"/>
							<String ID="string_320" HPOS="303" VPOS="2499" WIDTH="359" HEIGHT="41" WC="0.91" CONTENT="skogsvårdsavgifter"/><SP WIDTH="19" VPOS="2499" HPOS="662"/>
							<String ID="string_321" HPOS="681" VPOS="2502" WIDTH="54" HEIGHT="29" WC="0.96" CONTENT="för"/><SP WIDTH="20" VPOS="2502" HPOS="735"/>
							<String ID="string_322" HPOS="755" VPOS="2503" WIDTH="155" HEIGHT="30" WC="0.96" CONTENT="nämnda"/><SP WIDTH="17" VPOS="2503" HPOS="910"/>
							<String ID="string_323" HPOS="927" VPOS="2504" WIDTH="169" HEIGHT="40" WC="0.96" CONTENT="budgetår"/><SP WIDTH="19" VPOS="2504" HPOS="1096"/>
							<String ID="string_324" HPOS="1115" VPOS="2505" WIDTH="63" HEIGHT="30" WC="0.96" CONTENT="bör"/><SP WIDTH="18" VPOS="2505" HPOS="1178"/>
							<String ID="string_325" HPOS="1196" VPOS="2506" WIDTH="173" HEIGHT="31" WC="0.95" CONTENT="beräknas"/><SP WIDTH="20" VPOS="2506" HPOS="1369"/>
							<String ID="string_326" HPOS="1389" VPOS="2508" WIDTH="51" HEIGHT="30" WC="0.95" CONTENT="till"/><SP WIDTH="23" VPOS="2508" HPOS="1440"/>
							<String ID="string_327" HPOS="1463" VPOS="2508" WIDTH="71" HEIGHT="35" WC="0.96" CONTENT="10,2"/><SP WIDTH="21" VPOS="2508" HPOS="1534"/>
							<String ID="string_328" HPOS="1555" VPOS="2510" WIDTH="88" HEIGHT="37" WC="0.96" CONTENT="milj."/>
						</TextLine>
						<TextLine ID="line_37" HPOS="161" VPOS="2551" WIDTH="53" HEIGHT="31">
							<String ID="string_329" HPOS="161" VPOS="2551" WIDTH="53" HEIGHT="31" WC="0.95" CONTENT="kr."/>
						</TextLine>
					</TextBlock>
				</ComposedBlock>
				<ComposedBlock ID="cblock_5" HPOS="192" VPOS="2623" WIDTH="904" HEIGHT="34">
					<TextBlock ID="block_10" HPOS="192" VPOS="2623" WIDTH="904" HEIGHT="34">
						<TextLine ID="line_38" HPOS="192" VPOS="2623" WIDTH="904" HEIGHT="34">
							<String ID="string_330" HPOS="192" VPOS="2625" WIDTH="16" HEIGHT="26" WC="0.92" CONTENT="1"/><SP WIDTH="40" VPOS="2625" HPOS="208"/>
							<String ID="string_331" HPOS="248" VPOS="2623" WIDTH="112" HEIGHT="32" WC="0.90" CONTENT="Bihang"/><SP WIDTH="19" VPOS="2623" HPOS="360"/>
							<String ID="string_332" HPOS="379" VPOS="2624" WIDTH="48" HEIGHT="26" WC="0.95" CONTENT="till"/><SP WIDTH="15" VPOS="2624" HPOS="427"/>
							<String ID="string_333" HPOS="442" VPOS="2625" WIDTH="170" HEIGHT="31" WC="0.96" CONTENT="riksdagens"/><SP WIDTH="17" VPOS="2625" HPOS="612"/>
							<String ID="string_334" HPOS="629" VPOS="2627" WIDTH="148" HEIGHT="30" WC="0.96" CONTENT="protokoll"/><SP WIDTH="18" VPOS="2627" HPOS="777"/>
							<String ID="string_335" HPOS="795" VPOS="2628" WIDTH="77" HEIGHT="24" WC="0.93" CONTENT="1968."/><SP WIDTH="16" VPOS="2628" HPOS="872"/>
							<String ID="string_336" HPOS="888" VPOS="2628" WIDTH="16" HEIGHT="25" WC="0.93" CONTENT="7"/><SP WIDTH="17" VPOS="2628" HPOS="904"/>
							<String ID="string_337" HPOS="921" VPOS="2629" WIDTH="84" HEIGHT="24" WC="0.93" CONTENT="saml."/><SP WIDTH="17" VPOS="2629" HPOS="1005"/>
							<String ID="string_338" HPOS="1022" VPOS="2629" WIDTH="39" HEIGHT="25" WC="0.96" CONTENT="Nr"/><SP WIDTH="19" VPOS="2629" HPOS="1061"/>
							<String ID="string_339" HPOS="1080" VPOS="2633" WIDTH="16" HEIGHT="22" WC="0.96" CONTENT="2"/>
						</TextLine>
					</TextBlock>
				</ComposedBlock>
			</PrintSpace>
		</Page>
	</Layout>
</alto>
