2212 2624
716 196 248 34 Statsutskottets
995 193 166 34 Utlåtande
1186 193 60 32 N:o
1269 196 50 29 85.
1731 191 38 30 59

223 278 125 51 grund
389 278 139 36 hvaraf
565 277 46 37 de
644 276 35 37 få
712 280 75 33 rätt
815 275 159 37 framför
1002 272 255 54 hypotekslån
1286 271 69 37 och
1386 270 120 37 andra
1534 269 282 49 inteckningar,

209 331 162 36 "hvilkas
398 335 77 32 rätt
503 329 70 37 och
601 328 177 38 säkerhet
806 327 158 37 sålunda
987 326 128 38 kunna
1143 324 137 36 tänkas
1310 322 119 38 blifva
1458 322 163 37 kränkta
1650 322 72 36 och
1743 322 73 36 för-

213 383 188 48 'svagade.
457 381 239 49 Visserligen
736 381 121 36 finnes
894 393 48 23 en
971 378 118 37 sådan
1117 381 78 46 tyst
1224 376 248 36 förmånsrätt
1500 374 118 39 redan
1647 374 58 36 för
1734 377 84 32 när-

223 435 164 37 varande
417 434 162 49 stadgad
606 434 69 36 och
704 438 41 31 är
773 431 146 38 således
947 430 82 37 ieke
1050 443 47 23 en
1123 428 135 50 nyhet;
1281 441 86 22 men
1387 426 136 37 härvid
1543 431 41 31 är
1604 431 53 31 ait
1677 425 142 47 märka,

224 492 53 32 att
305 488 46 36 då
379 487 74 37 den
482 489 40 33 år
553 487 95 35 1883
678 484 169 37 infördes
875 484 59 36 för
962 482 62 37 lån
1053 482 83 36 från
1166 478 395 48 odlingslånefonden,
1591 478 137 36 väckte
1748 477 72 36 den

225 542 41 34 så
299 544 104 31 stora
435 537 319 50 betänkligheter,
785 541 53 31 att
867 533 215 38 dåvarande
1111 532 136 37 chefen
1270 510 65 57 för
1358 530 462 49 justitiedepartementet

223 591 59 37 till
311 589 419 51 statsrådsprotokollet
758 586 244 39 reserverade
1031 586 61 49 sig
1120 584 179 47 deremot,
1332 582 70 37 och
1418 588 56 31 att
1494 582 84 37 hela
1598 582 136 49 frågan
1753 594 67 23 var

224 648 92 32 nära
344 648 55 31 att
427 642 91 37 falla
552 642 5 36 i
586 641 220 49 Riksdagen
835 642 48 47 på
912 638 127 51 grund
1068 638 42 36 af
1134 636 111 39 dessa
1272 634 317 49 betänkligheter.

353 694 365 48 Betänkligheterna
747 695 118 35 måste
895 689 213 39 emellertid
1136 702 48 23 nu
1216 691 40 34 så
1284 687 152 49 mycket
1465 700 79 24 mer
1572 684 208 39 framträda
1808 684 12 36 i

225 748 179 37 afseende
446 750 21 34 å
508 744 139 51 Kongl.
692 745 127 49 Maj:ts
847 742 265 49 föreliggande
1143 741 155 47 förslag,
1329 752 82 24 som
1440 739 213 36 detsamma
1681 750 138 36 genom

226 800 288 36 annuiteternas
543 797 222 37 minskande
794 796 157 36 innebär
980 808 47 23 en
1055 792 249 52 förlängning
1331 791 12 35 i
1371 791 204 37 lånetiden.

354 852 16 36 I
399 851 66 37 sitt
493 850 57 37 till
576 847 419 51 statsrådsprotokollet
1014 846 12 36 i
1046 844 248 42 förevarande
1315 843 140 37 ärende
1476 842 146 49 afgifna
1641 840 179 50 yttrande

227 904 68 36 har
335 902 423 51 departementschefen
799 899 219 46 framhållit,
1061 902 55 32 att
1157 896 65 37 det
1263 901 40 31 är
1345 895 42 37 af
1414 894 198 49 synnerlig
1640 893 94 48 vigt,
1764 897 56 31 att

227 956 199 49 möjlighet
468 955 123 36 finnes
619 953 58 37 till
705 966 44 23 en
778 951 262 37 kombination
1069 950 41 36 af
1133 949 62 35 lån
1224 948 83 36 från
1337 945 385 51 odlingslånefonden
1751 944 69 37 och

227 1008 134 49 anslag
401 1008 85 36 från
528 1002 493 51 frostminskningsfonden,
1064 1006 98 32 samt
1203 999 135 37 uttalat
1379 999 72 36 den
1482 998 168 49 mening,
1681 1002 52 31 att
1761 996 57 36 in-

226 1060 183 49 tagandet
436 1058 116 38 bland
580 1058 170 36 vilkoren
778 1057 59 35 för
864 1055 62 37 lån
955 1055 84 36 från
1069 1052 262 38 förstnämnda
1362 1050 88 37 fond
1479 1051 41 36 af
1545 1064 47 23 en
1610 1047 212 50 förklaring

226 1112 11 36 i
266 1114 109 47 fråga
414 1125 61 23 om
504 1110 250 49 möjligheten
785 1109 41 36 af
851 1121 46 23 en
927 1107 115 36 sådan
1072 1104 261 37 kombination
1362 1103 83 36 icke
1475 1107 41 32 är
1544 1102 42 37 af
1609 1101 120 38 behof
1754 1103 65 46 på-

226 1164 153 37 kalladt.
436 1163 135 49 Enligt
610 1162 97 36 hvad
751 1161 41 37 af
817 1156 415 51 statsrådsprotokoöllet
1265 1156 181 49 framgår,
1475 1154 68 37 har
1571 1152 210 39 emellertid
1809 1151 12 37 i

226 1217 104 36 detta
371 1221 109 31 ämne
523 1214 80 37 dels
633 1218 90 44 väg-
754 1213 69 36 och
851 1208 529 51 vattenbyggnadsstyrelsen
1409 1206 166 48 förmält,
1605 1211 56 31 att
1689 1204 132 37 hinder

225 1268 61 37 för
312 1267 107 37 bifall
448 1267 57 36 till
534 1266 260 47 ansökningar
822 1277 61 23 om
912 1261 219 49 odlingslån
1160 1260 71 37 och
1259 1257 477 50 frostminskningsanslag
1762 1256 58 37 för

226 1319 201 37 utförande
465 1319 41 36 af
531 1332 47 23 en
607 1317 70 37 och
706 1329 143 24 samma
877 1314 219 49 arbetsplan
1125 1317 119 31 mötte
1272 1312 11 35 i
1312 1311 104 36 vissa
1441 1310 42 36 af
1507 1310 45 36 de
1581 1310 58 36 för
1668 1308 45 37 de
1742 1312 77 31 sär-

227 1371 122 37 skilda
392 1371 184 36 fonderna
604 1369 178 49 gällande
810 1366 352 45 bestämmelserna,
1192 1364 80 36 dels
1301 1361 416 49 landtbruksstyrelsen
1745 1360 74 36 för-

226 1424 122 36 klarat
376 1423 60 48 sig
464 1435 103 34 anse,
598 1426 55 32 att
682 1420 141 37 sådana
848 1417 330 48 omständigheter
1208 1415 179 49 förelåge,
1418 1418 57 32 att
1509 1414 5 35 i
1543 1411 278 49 sammanhang

226 1476 86 36 med
347 1474 262 38 fastställande
638 1473 40 37 af
702 1485 76 37 nya
805 1471 126 36 vilkor
960 1471 57 35 för
1047 1468 216 37 erhållande
1293 1468 41 35 af
1358 1466 60 36 lån
1449 1466 84 36 från
1563 1464 256 49 odlingslåne-

226 1528 140 36 fonden
397 1532 54 32 ett
480 1525 243 38 förklarande
751 1524 12 36 i
791 1526 127 46 någon
946 1522 99 36 form
1073 1520 116 37 borde
1210 1520 139 49 gifvas,
1370 1524 52 31 att
1444 1517 133 37 binder
1596 1517 85 37 icke
1702 1520 118 32 mötte

226 1581 58 35 för
325 1579 231 49 beviljandet
598 1577 40 37 af
675 1576 104 38 såväl
820 1575 63 37 lån
925 1587 82 23 som
1044 1572 135 48 anslag
1207 1571 57 37 till
1293 1584 144 24 samma
1465 1570 159 48 företag.
1655 1591 49 4 —
1733 1567 87 37 Med

227 1631 176 37 afseende
432 1634 21 33 å
481 1630 101 37 hvad
617 1628 173 38 bemälda
819 1626 270 50 myndigheter
1118 1623 158 38 sålunda
1305 1623 138 45 anfört,
1473 1623 122 35 finner
1622 1620 196 44 utskottet,

226 1689 55 30 att
308 1684 62 35 vid
399 1683 108 48 fråga
536 1696 59 22 om
624 1680 164 48 ändring
816 1680 11 35 i
856 1678 172 37 vilkoren
1058 1676 69 36 och
1155 1675 339 37 bestämmelserna
1522 1674 59 35 för
1601 1671 218 49 odlingslån

226 1736 68 35 bör
321 1740 110 41 tagas
461 1735 11 35 1
502 1732 295 49 öfvervägande,
825 1729 188 37 huruvida
1037 1728 83 36 icke
1149 1726 241 49 stadganden
1419 1726 10 35 i
1460 1739 49 21 nu
1533 1724 157 49 angifna
1711 1728 109 31 ämne

226 1786 115 38 borde
374 1786 113 37 bland
517 1786 192 35 desamma
738 1784 161 47 intagas.

354 1832 127 42 Äfven
522 1838 9 35 i
571 1842 54 31 ett
663 1840 114 32 annat
805 1833 179 38 afseende
1013 1832 67 35 har
1109 1831 188 35 utskottet
1325 1829 128 36 funnit
1481 1841 46 23 en
1555 1826 225 47 förändring
1809 1838 11 22 1

226 1891 174 36 vilkoren
428 1890 59 36 för
511 1890 61 35 lån
601 1889 85 36 från
711 1884 381 50 odlingslånefonden
1112 1883 91 36 böra
1224 1880 304 38 sammanbindas
1549 1879 85 37 med
1654 1877 166 37 ändrade

226 1942 287 38 bestämmelser
541 1941 102 36 inom
673 1946 114 30 annat
816 1934 434 51 lagstiftningsområde.
1294 1934 51 35 På
1366 1938 76 31 sätt
1463 1932 40 36 af
1520 1932 300 48 departements-

227 1995 133 36 chefen
390 1993 222 39 meddelats,
641 1992 114 35 hafva
784 1989 239 48 svårigheter
1052 1986 85 37 med
1167 1986 176 36 afseende
1373 1987 19 33 å
1421 1985 109 35 dessa
1551 1984 59 35 lån
1633 1982 187 49 uppkom-

228 2047 66 35 mit
335 2047 10 34 i
387 2045 95 48 följd
525 2045 39 35 af
600 2043 194 36 bristande
832 2037 397 40 öfverensstämmelse
1264 2036 138 37 mellan
1432 2035 100 36 vissa
1560 2033 261 50 paragrafer
1800 2029 22 68 i

228 2097 296 48 dikningslagen
553 2095 69 36 och
652 2095 45 35 de
727 2094 58 35 för
804 2093 140 36 fonden
965 2089 175 48 gällande
1161 2088 139 44 vilkor;
1322 2101 87 22 men
1432 2087 67 35 har
1519 2087 300 47 departementis-

228 2150 134 35 chefen
391 2148 11 35 i
431 2146 178 37 afseende
639 2146 89 35 härå
757 2144 132 36 endast
918 2141 197 46 förklarat,
1146 2144 56 32 att
1222 2138 422 50 deparlementschefen
1665 2138 153 44 ansåge,

228 2205 55 32 att
311 2200 63 36 vid
404 2197 360 48 slutbehandlingen
785 2196 40 36 af
840 2193 250 39 förevarande
1112 2191 149 45 ärende,
1283 2194 39 33 så
1343 2190 80 35 vidt
1439 2188 382 50 jordbruksdeparte-

228 2256 144 32 mentet
402 2250 180 49 anginge,
611 2249 117 36 borde
749 2253 110 42 tagas
879 2247 11 35 i
911 2244 299 47 öfvervägande,
1232 2241 187 37 huruvida
1439 2240 81 36 icke
1543 2240 279 47 handlingarna

228 2305 10 35 i
268 2304 209 36 detsamma
506 2301 114 37 borde
650 2300 55 36 till
733 2298 457 51 justitiedepartementet
1219 2294 256 37 öfverlemnas
1505 2293 56 35 för
1590 2292 74 36 den
1694 2290 127 36 vidare
