2210 2624
733 219 247 33 Statsutskottets
1011 218 167 33 Utlåtande
1203 218 60 32 N:o
1286 221 50 30 88.
1746 217 39 31 13

235 300 189 36 utskottet
458 298 161 37 hänvisa
645 298 58 37 till
732 297 416 51 statsrådsprotokollet
1176 298 12 36 i
1217 297 100 37 hvad
1346 297 237 37 sistnämnda
1610 297 109 48 fråga
1748 295 80 37 vid-

236 352 180 37 kommer.

365 394 264 57 Öfvergående
663 408 54 31 att
748 403 185 48 redogöra
967 403 59 36 för
1053 401 207 37 innehållet
1289 401 41 37 af
1355 400 287 48 ofvanberörda,
1671 400 42 37 af
1739 405 90 43 väg-

237 456 70 37 och
334 454 526 50 vattenbyggnadsstyrelsen
889 459 99 32 samt
1014 453 408 46 landtbruksstyrelsen
1453 452 281 37 öfverlemnade
1754 457 75 44 ytt-

235 507 144 38 randen
420 507 82 36 från
544 506 455 50 hushållningssällskaps
1028 505 402 50 förvaltningsutskott
1458 510 99 31 samt
1589 503 240 38 landtbruks-

236 560 225 48 ingeniörer,
504 558 89 37 ville
635 559 416 49 departementschefen
1093 557 55 37 till
1177 570 45 23 en
1251 558 134 48 början
1412 550 209 53 frarntfhålla,
1651 556 179 36 hurusom

237 612 55 37 uti
327 611 176 48 samtliga
530 611 110 37 dessa
667 611 217 50 yttranden,
915 611 85 36 med
1028 609 196 49 undantag
1253 609 158 37 allenast
1439 608 43 37 af
1506 609 45 37 de
1581 609 84 36 från
1694 607 136 38 Söder-

237 664 198 37 manlands
464 663 84 36 läns
576 663 455 50 hushållningssällskaps
1052 661 401 50 förvaltningsutskott
1472 666 98 31 samt
1587 660 244 37 landtbruks-

236 716 224 49 ingeniören
501 716 12 36 i
544 715 288 37 Vesterbottens
859 715 74 48 län,
963 715 175 49 åtgärder
1166 713 12 37 i
1205 714 98 49 syfte
1333 718 54 32 att
1413 713 216 37 underlätta
1657 712 171 49 odlings-

238 768 249 37 lånefondens
512 768 246 48 användning
786 767 127 37 blifvit
940 767 228 48 föreslagna.

368 819 319 38 Södermanlands
715 819 85 37 läns
828 818 457 50 hushållningssällskaps
1312 817 409 49 förvaltningsutskott
1736 816 97 37 hade

241 873 57 36 för
338 873 59 36 sin
439 871 61 38 del
539 877 139 42 ansett,
721 876 56 32 att
818 872 173 47 orsaken,
1020 870 153 37 hvarför
1201 870 140 37 fonden
1369 869 82 37 icke
1479 869 12 36 i
1520 868 188 38 önskvärd
1737 868 95 49 grad

241 925 118 48 tagits
387 924 12 36 i
427 924 177 49 anspråk,
632 937 158 24 numera
817 924 84 37 icke
929 923 126 37 kunde
1084 922 175 37 härledas
1288 922 82 36 från
1397 920 312 38 beskaffenheten
1731 921 41 35 af
1788 919 45 37 de

241 976 201 37 faststälda
469 976 274 47 lånevilkoren,
773 981 89 31 utan
894 989 90 24 vore
1015 980 55 32 att
1098 974 93 37 söka
1210 973 266 49 förnämligast
1494 973 13 36 i
1523 972 45 37 de
1585 985 250 37 ogynsamma

240 1028 289 50 konjunkturer,
559 1028 120 37 under
699 1027 128 38 hvilka
855 1031 84 34 vårt
959 1027 110 37 lands
1085 1025 251 51 jordbrukare
1353 1025 44 37 de
1414 1038 132 24 senare
1563 1027 90 34 åren
1670 1024 162 45 arbetat;

240 1081 71 37 och
344 1080 95 37 hade
467 1080 189 37 utskottet
684 1080 62 37 vid
775 1080 134 37 sådant
937 1079 234 38 förhållande
1199 1078 83 37 icke
1311 1082 122 32 ansett
1460 1077 62 49 sig
1549 1077 128 36 kunna
1706 1076 129 37 anvisa

240 1136 125 46 någon
395 1132 135 50 åtgärd
558 1136 125 33 såsom
712 1132 124 50 egnad
866 1138 52 31 att
945 1131 240 49 undanrödja
1213 1129 165 37 nämnda
1410 1128 251 38 förhållande.

368 1184 464 48 Landtbruksingeniören
860 1185 11 36 i
901 1184 290 37 Vesterbottens
1218 1182 63 36 län
1309 1182 95 36 hade
1425 1180 201 49 meddelat,
1648 1186 68 42 att,
1737 1180 98 37 hvad

239 1237 165 36 nämnda
444 1236 64 37 län
550 1236 217 48 beträffade,
811 1236 117 37 under
970 1236 45 36 de
1058 1240 150 31 senaste
1243 1237 78 33 åtta
1349 1237 88 33 åren
1464 1236 129 45 någon
1621 1232 215 48 ansökning

240 1289 33 48 ej
316 1288 199 37 inkommit
552 1287 195 50 angående
782 1288 121 49 dylikt
934 1287 85 37 låns
1047 1286 227 46 erhållande,
1304 1284 183 38 beroende
1516 1284 79 37 dels
1623 1284 129 48 derpå,
1781 1288 55 31 att

238 1341 102 36 inom
382 1340 104 37 länet
527 1343 119 46 några
688 1345 120 32 större
851 1339 232 49 egendomar
1124 1339 33 48 ej
1201 1338 147 45 funnes,
1390 1336 81 37 dels
1514 1336 69 37 ock
1625 1336 126 49 derpå,
1781 1340 55 31 att

240 1393 12 35 i
281 1393 46 36 de
354 1392 78 48 fall,
462 1392 66 37 der
554 1392 106 49 fråga
689 1405 60 23 om
778 1391 208 37 understöd
1015 1391 59 36 för
1101 1389 375 48 utdikningsföretag
1494 1388 101 36 inom
1616 1387 102 37 länet
1736 1387 98 37 före-

239 1444 162 48 komme,
444 1444 193 37 desamma
677 1444 11 36 i
730 1444 204 37 allmänhet
974 1456 89 24 vore
1106 1442 41 37 af
1174 1440 265 39 beskaffenhet
1481 1445 57 32 att
1571 1440 125 36 kunna
1724 1439 112 36 vinna

244 1497 137 49 anslag
408 1496 82 37 från
518 1495 489 50 frostminskningsfonden.

372 1548 151 38 Jemväl
564 1548 57 37 uti
663 1548 192 49 åtskilliga
896 1548 119 36 andra
1048 1547 41 36 af
1112 1547 46 36 de
1186 1546 180 36 inkomna
1393 1544 229 50 yttrandena
1649 1548 48 32 än
1725 1556 110 36 nyss-

240 1601 166 36 nämnda
434 1600 423 49 förvaltningsutskotts
886 1600 97 36 hade
1012 1602 125 34 såsom
1167 1611 48 24 en
1242 1597 41 37 af
1304 1596 350 38 hufvudorsakerna
1674 1595 58 37 till
1751 1595 83 36 fon-

242 1652 93 37 dens
375 1652 111 49 ringa
532 1652 246 49 användning
813 1652 179 49 angifvits
1028 1651 45 36 de
1102 1651 58 36 för
1188 1649 233 37 närvarande
1449 1647 168 38 rådande
1644 1646 191 49 konjunk-

242 1710 114 30 turer.
411 1704 16 36 I
469 1703 114 48 öfrigt
623 1703 96 37 hade
755 1717 45 23 en
832 1703 142 49 mängd
1003 1702 100 37 olika
1130 1701 168 49 grunder
1325 1700 57 37 till
1410 1700 160 37 berörda
1598 1697 237 38 förhållande

244 1762 100 31 samt
373 1756 147 49 förslag
547 1755 11 36 i
588 1755 99 49 syfte
713 1760 59 31 att
799 1755 79 37 deri
907 1754 119 37 verka
1055 1753 164 49 ändring
1247 1752 125 37 blifvit
1398 1751 234 37 framstälda.

372 1807 184 48 Samtliga
583 1807 295 49 anmärkningar
907 1806 67 37 och
1000 1805 328 49 ändringsförslag
1348 1804 40 36 af
1403 1803 83 48 vigt
1506 1802 129 48 afsåge
1655 1801 180 49 antingen

242 1860 46 37 de
330 1860 57 36 för
427 1859 64 37 lån
533 1872 44 23 ur
617 1859 142 37 fonden
800 1858 177 50 gällande
1019 1857 122 37 vilkor
1168 1856 91 38 eller
1288 1856 69 37 ock
1384 1854 102 38 vissa
1515 1853 237 50 stadganden
1783 1852 54 36 uti

242 1911 175 50 gällande
446 1910 263 49 dikningslag;
752 1912 70 36 och
851 1910 88 37 ville
970 1909 419 50 departementschefen
1417 1907 69 36 här
1504 1906 126 37 lemna
1649 1919 46 23 en
1716 1905 120 36 öfver-

243 1964 76 48 sigt
348 1963 42 36 af
415 1963 99 36 hvad
543 1962 11 36 i
583 1963 110 36 dessa
722 1963 243 36 hänseenden
994 1961 262 47 förnämligast
1285 1960 154 36 anförts.

349 2014 171 38 Svenska
557 2019 124 31 staten
714 2014 96 37 hade
836 2015 32 48 ej
902 2014 100 36 visat
1030 2013 62 48 sig
1121 2012 107 48 villig
1255 2011 57 37 till
1339 2013 119 46 några
1485 2009 266 50 uppoffringar
1780 2008 57 36 för

244 2067 65 36 det
339 2067 83 35 med
453 2066 383 48 odlingslånefonden
865 2065 155 37 afsedda
1049 2063 228 37 ändamålet.
1321 2063 79 35 Mot
1428 2062 73 35 den
1530 2061 105 36 bästa
1660 2059 177 37 säkerhet

244 2117 226 37 försträckte
505 2122 122 31 staten
659 2117 73 36 den
767 2116 170 37 enskilde
967 2115 121 37 medel
1117 2115 57 35 till
1202 2114 306 48 odlingsföretag
1537 2117 77 31 mot
1641 2124 48 24 en
1718 2115 118 42 ränta,

245 2182 79 24 som
355 2168 297 37 understundom
681 2168 218 49 öfverstigit
924 2172 145 32 statens
1089 2179 97 35 egen
1207 2165 306 48 inlåningsränta
1534 2163 70 37 och
1624 2166 46 45 på
1690 2162 11 36 i
1722 2162 117 46 öfrigt

244 2221 245 48 betungande
519 2219 133 48 vilkor,
683 2220 69 36 och
781 2220 114 47 detta,
926 2219 119 37 ehuru
1075 2223 147 31 statens
1252 2230 97 36 egen
1378 2215 122 37 fördel
1530 2228 88 23 vore
1646 2219 93 31 nära
1764 2214 74 35 för-

246 2272 156 37 bunden
431 2271 85 37 med
546 2271 131 48 dylika
707 2272 160 48 företag,
897 2272 46 35 då
972 2283 137 36 genom
1136 2268 330 49 vattenreglering
1495 2267 70 36 och
1586 2264 253 50 odlingsföre-

244 2330 69 43 tag
341 2329 124 32 staten
496 2323 143 37 erhölle
669 2337 73 35 nya
772 2324 91 37 eller
891 2321 232 39 förbättrade
1153 2319 268 50 skattcobjekt,
1452 2331 79 24 som
1563 2318 56 36 för
1648 2317 47 37 all
1727 2317 112 36 fram-
