<?xml version="1.0" encoding="UTF-8"?>
<alto xmlns="http://www.loc.gov/standards/alto/ns-v3#" xmlns:xlink="http://www.w3.org/1999/xlink" xmlns:xsi="http://www.w3.org/2001/XMLSchema-instance" xsi:schemaLocation="http://www.loc.gov/standards/alto/ns-v3# http://www.loc.gov/alto/v3/alto-3-0.xsd">
	<Description>
		<MeasurementUnit>pixel</MeasurementUnit>
		<sourceImageInformation>
			<fileName>/tmp/tess_fa76g_14_input.PNG</fileName>
		</sourceImageInformation>
		<OCRProcessing ID="OCR_0">
			<ocrProcessingStep>
				<processingSoftware>
					<softwareName>tesseract 5.3.0</softwareName>
				</processingSoftware>
			</ocrProcessingStep>
		</OCRProcessing>
	</Description>
	<Layout>
		<Page WIDTH="1858" HEIGHT="2792" PHYSICAL_IMG_NR="0" ID="page_0">
			<PrintSpace HPOS="0" VPOS="0" WIDTH="1858" HEIGHT="2792">
				<ComposedBlock ID="cblock_0" HPOS="316" VPOS="158" WIDTH="1304" HEIGHT="35">
					<TextBlock ID="block_0" HPOS="316" VPOS="158" WIDTH="1304" HEIGHT="35">
						<TextLine ID="line_0" HPOS="316" VPOS="158" WIDTH="1304" HEIGHT="35">
							<String ID="string_0" HPOS="316" VPOS="158" WIDTH="105" HEIGHT="27" WC="0.93" CONTENT="Andra"/><SP WIDTH="15" VPOS="158" HPOS="421"/>
							<String ID="string_1" HPOS="436" VPOS="158" WIDTH="201" HEIGHT="27" WC="0.95" CONTENT="kammarens"/><SP WIDTH="17" VPOS="158" HPOS="637"/>
							<String ID="string_2" HPOS="654" VPOS="158" WIDTH="161" HEIGHT="28" WC="0.93" CONTENT="allmänna"/><SP WIDTH="17" VPOS="158" HPOS="815"/>
							<String ID="string_3" HPOS="832" VPOS="158" WIDTH="321" HEIGHT="35" WC="0.90" CONTENT="beredningsutskotts"/><SP WIDTH="17" VPOS="158" HPOS="1153"/>
							<String ID="string_4" HPOS="1170" VPOS="159" WIDTH="157" HEIGHT="27" WC="0.95" CONTENT="utlåtande"/><SP WIDTH="18" VPOS="159" HPOS="1327"/>
							<String ID="string_5" HPOS="1345" VPOS="168" WIDTH="37" HEIGHT="18" WC="0.94" CONTENT="nr"/><SP WIDTH="20" VPOS="168" HPOS="1382"/>
							<String ID="string_6" HPOS="1402" VPOS="160" WIDTH="24" HEIGHT="26" WC="0.96" CONTENT="1."/><SP WIDTH="181" VPOS="160" HPOS="1426"/>
							<String ID="string_7" HPOS="1607" VPOS="162" WIDTH="13" HEIGHT="29" WC="0.96" CONTENT="1"/>
						</TextLine>
					</TextBlock>
				</ComposedBlock>
				<ComposedBlock ID="cblock_1" HPOS="811" VPOS="636" WIDTH="124" HEIGHT="35">
					<TextBlock ID="block_1" HPOS="811" VPOS="636" WIDTH="124" HEIGHT="35">
						<TextLine ID="line_1" HPOS="811" VPOS="636" WIDTH="124" HEIGHT="35">
							<String ID="string_8" HPOS="811" VPOS="636" WIDTH="58" HEIGHT="35" WC="0.95" CONTENT="Nr"/><SP WIDTH="30" VPOS="636" HPOS="869"/>
							<String ID="string_9" HPOS="899" VPOS="636" WIDTH="36" HEIGHT="35" WC="0.93" CONTENT="1."/>
						</TextLine>
					</TextBlock>
				</ComposedBlock>
				<ComposedBlock ID="cblock_2" HPOS="329" VPOS="777" WIDTH="1290" HEIGHT="147">
					<TextBlock ID="block_2" HPOS="329" VPOS="777" WIDTH="1290" HEIGHT="147">
						<TextLine ID="line_2" HPOS="329" VPOS="777" WIDTH="1290" HEIGHT="39">
							<String ID="string_10" HPOS="329" VPOS="778" WIDTH="116" HEIGHT="30" WC="0.95" CONTENT="Andra"/><SP WIDTH="32" VPOS="778" HPOS="445"/>
							<String ID="string_11" HPOS="477" VPOS="777" WIDTH="222" HEIGHT="31" WC="0.96" CONTENT="kammarens"/><SP WIDTH="31" VPOS="777" HPOS="699"/>
							<String ID="string_12" HPOS="730" VPOS="778" WIDTH="178" HEIGHT="30" WC="0.93" CONTENT="allmänna"/><SP WIDTH="35" VPOS="778" HPOS="908"/>
							<String ID="string_13" HPOS="943" VPOS="777" WIDTH="354" HEIGHT="39" WC="0.90" CONTENT="beredningsutskotts"/><SP WIDTH="33" VPOS="777" HPOS="1297"/>
							<String ID="string_14" HPOS="1330" VPOS="777" WIDTH="176" HEIGHT="30" WC="0.95" CONTENT="utlåtande"/><SP WIDTH="33" VPOS="777" HPOS="1506"/>
							<String ID="string_15" HPOS="1539" VPOS="778" WIDTH="80" HEIGHT="29" WC="0.95" CONTENT="över"/>
						</TextLine>
						<TextLine ID="line_3" HPOS="524" VPOS="831" WIDTH="1093" HEIGHT="39">
							<String ID="string_16" HPOS="524" VPOS="833" WIDTH="132" HEIGHT="29" WC="0.96" CONTENT="motion"/><SP WIDTH="25" VPOS="833" HPOS="656"/>
							<String ID="string_17" HPOS="681" VPOS="841" WIDTH="56" HEIGHT="21" WC="0.96" CONTENT="om"/><SP WIDTH="23" VPOS="841" HPOS="737"/>
							<String ID="string_18" HPOS="760" VPOS="833" WIDTH="67" HEIGHT="29" WC="0.96" CONTENT="viss"/><SP WIDTH="23" VPOS="833" HPOS="827"/>
							<String ID="string_19" HPOS="850" VPOS="831" WIDTH="148" HEIGHT="39" WC="0.96" CONTENT="ändring"/><SP WIDTH="27" VPOS="831" HPOS="998"/>
							<String ID="string_20" HPOS="1025" VPOS="833" WIDTH="10" HEIGHT="29" WC="0.96" CONTENT="i"/><SP WIDTH="24" VPOS="833" HPOS="1035"/>
							<String ID="string_21" HPOS="1059" VPOS="831" WIDTH="167" HEIGHT="30" WC="0.96" CONTENT="villkoren"/><SP WIDTH="24" VPOS="831" HPOS="1226"/>
							<String ID="string_22" HPOS="1250" VPOS="831" WIDTH="55" HEIGHT="38" WC="0.96" CONTENT="för"/><SP WIDTH="22" VPOS="831" HPOS="1305"/>
							<String ID="string_23" HPOS="1327" VPOS="834" WIDTH="128" HEIGHT="27" WC="0.93" CONTENT="statens"/><SP WIDTH="25" VPOS="834" HPOS="1455"/>
							<String ID="string_24" HPOS="1480" VPOS="832" WIDTH="137" HEIGHT="37" WC="0.91" CONTENT="järnvä-"/>
						</TextLine>
						<TextLine ID="line_4" HPOS="526" VPOS="885" WIDTH="484" HEIGHT="39">
							<String ID="string_25" HPOS="526" VPOS="895" WIDTH="78" HEIGHT="29" WC="0.86" CONTENT="gars"/><SP WIDTH="25" VPOS="895" HPOS="604"/>
							<String ID="string_26" HPOS="629" VPOS="896" WIDTH="25" HEIGHT="20" WC="0.91" CONTENT="s."/><SP WIDTH="22" VPOS="896" HPOS="654"/>
							<String ID="string_27" HPOS="676" VPOS="886" WIDTH="33" HEIGHT="30" WC="0.92" CONTENT="k."/><SP WIDTH="25" VPOS="886" HPOS="709"/>
							<String ID="string_28" HPOS="734" VPOS="885" WIDTH="276" HEIGHT="39" WC="0.91" CONTENT="billighetsresor."/>
						</TextLine>
					</TextBlock>
				</ComposedBlock>
				<ComposedBlock ID="cblock_3" HPOS="127" VPOS="993" WIDTH="1490" HEIGHT="1486">
					<TextBlock ID="block_3" HPOS="128" VPOS="993" WIDTH="1489" HEIGHT="201">
						<TextLine ID="line_5" HPOS="173" VPOS="993" WIDTH="1443" HEIGHT="31">
							<String ID="string_29" HPOS="173" VPOS="994" WIDTH="13" HEIGHT="28" WC="0.96" CONTENT="I"/><SP WIDTH="22" VPOS="994" HPOS="186"/>
							<String ID="string_30" HPOS="208" VPOS="1002" WIDTH="43" HEIGHT="21" WC="0.96" CONTENT="en"/><SP WIDTH="20" VPOS="1002" HPOS="251"/>
							<String ID="string_31" HPOS="271" VPOS="993" WIDTH="97" HEIGHT="30" WC="0.96" CONTENT="inom"/><SP WIDTH="22" VPOS="993" HPOS="368"/>
							<String ID="string_32" HPOS="390" VPOS="994" WIDTH="111" HEIGHT="29" WC="0.96" CONTENT="andra"/><SP WIDTH="20" VPOS="994" HPOS="501"/>
							<String ID="string_33" HPOS="521" VPOS="994" WIDTH="208" HEIGHT="30" WC="0.95" CONTENT="kammaren"/><SP WIDTH="21" VPOS="994" HPOS="729"/>
							<String ID="string_34" HPOS="750" VPOS="994" WIDTH="104" HEIGHT="29" WC="0.96" CONTENT="väckt"/><SP WIDTH="21" VPOS="994" HPOS="854"/>
							<String ID="string_35" HPOS="875" VPOS="994" WIDTH="136" HEIGHT="30" WC="0.96" CONTENT="motion"/><SP WIDTH="21" VPOS="994" HPOS="1011"/>
							<String ID="string_36" HPOS="1032" VPOS="1002" WIDTH="44" HEIGHT="21" WC="0.96" CONTENT="nr"/><SP WIDTH="21" VPOS="1002" HPOS="1076"/>
							<String ID="string_37" HPOS="1097" VPOS="994" WIDTH="41" HEIGHT="29" WC="0.96" CONTENT="58"/><SP WIDTH="22" VPOS="994" HPOS="1138"/>
							<String ID="string_38" HPOS="1160" VPOS="994" WIDTH="67" HEIGHT="30" WC="0.96" CONTENT="har"/><SP WIDTH="19" VPOS="994" HPOS="1227"/>
							<String ID="string_39" HPOS="1246" VPOS="994" WIDTH="82" HEIGHT="29" WC="0.93" CONTENT="herr"/><SP WIDTH="19" VPOS="994" HPOS="1328"/>
							<String ID="string_40" HPOS="1347" VPOS="993" WIDTH="102" HEIGHT="30" WC="0.91" CONTENT="Birke"/><SP WIDTH="21" VPOS="993" HPOS="1449"/>
							<String ID="string_41" HPOS="1470" VPOS="993" WIDTH="65" HEIGHT="30" WC="0.96" CONTENT="och"/><SP WIDTH="25" VPOS="993" HPOS="1535"/>
							<String ID="string_42" HPOS="1560" VPOS="993" WIDTH="56" HEIGHT="30" WC="0.95" CONTENT="fru"/>
						</TextLine>
						<TextLine ID="line_6" HPOS="130" VPOS="1046" WIDTH="1486" HEIGHT="40">
							<String ID="string_43" HPOS="130" VPOS="1046" WIDTH="132" HEIGHT="31" WC="0.93" CONTENT="Boman"/><SP WIDTH="20" VPOS="1046" HPOS="262"/>
							<String ID="string_44" HPOS="282" VPOS="1048" WIDTH="189" HEIGHT="35" WC="0.91" CONTENT="hemställt,"/><SP WIDTH="22" VPOS="1048" HPOS="471"/>
							<String ID="string_45" HPOS="493" VPOS="1051" WIDTH="50" HEIGHT="26" WC="0.96" CONTENT="att"/><SP WIDTH="23" VPOS="1051" HPOS="543"/>
							<String ID="string_46" HPOS="566" VPOS="1047" WIDTH="190" HEIGHT="39" WC="0.96" CONTENT="riksdagen"/><SP WIDTH="20" VPOS="1047" HPOS="756"/>
							<String ID="string_47" HPOS="776" VPOS="1047" WIDTH="10" HEIGHT="30" WC="0.96" CONTENT="i"/><SP WIDTH="23" VPOS="1047" HPOS="786"/>
							<String ID="string_48" HPOS="809" VPOS="1047" WIDTH="170" HEIGHT="30" WC="0.96" CONTENT="skrivelse"/><SP WIDTH="20" VPOS="1047" HPOS="979"/>
							<String ID="string_49" HPOS="999" VPOS="1048" WIDTH="53" HEIGHT="30" WC="0.96" CONTENT="till"/><SP WIDTH="22" VPOS="1048" HPOS="1052"/>
							<String ID="string_50" HPOS="1074" VPOS="1048" WIDTH="124" HEIGHT="38" WC="0.94" CONTENT="Kungl."/><SP WIDTH="25" VPOS="1048" HPOS="1198"/>
							<String ID="string_51" HPOS="1223" VPOS="1047" WIDTH="101" HEIGHT="39" WC="0.96" CONTENT="Maj:t"/><SP WIDTH="22" VPOS="1047" HPOS="1324"/>
							<String ID="string_52" HPOS="1346" VPOS="1046" WIDTH="110" HEIGHT="31" WC="0.96" CONTENT="måtte"/><SP WIDTH="20" VPOS="1046" HPOS="1456"/>
							<String ID="string_53" HPOS="1476" VPOS="1046" WIDTH="140" HEIGHT="36" WC="0.96" CONTENT="föreslå,"/>
						</TextLine>
						<TextLine ID="line_7" HPOS="128" VPOS="1100" WIDTH="1489" HEIGHT="40">
							<String ID="string_54" HPOS="128" VPOS="1103" WIDTH="49" HEIGHT="27" WC="0.96" CONTENT="alt"/><SP WIDTH="20" VPOS="1103" HPOS="177"/>
							<String ID="string_55" HPOS="197" VPOS="1101" WIDTH="58" HEIGHT="29" WC="0.96" CONTENT="vid"/><SP WIDTH="15" VPOS="1101" HPOS="255"/>
							<String ID="string_56" HPOS="270" VPOS="1110" WIDTH="43" HEIGHT="20" WC="0.96" CONTENT="av"/><SP WIDTH="17" VPOS="1110" HPOS="313"/>
							<String ID="string_57" HPOS="330" VPOS="1100" WIDTH="43" HEIGHT="31" WC="0.96" CONTENT="SJ"/><SP WIDTH="17" VPOS="1100" HPOS="373"/>
							<String ID="string_58" HPOS="390" VPOS="1101" WIDTH="207" HEIGHT="30" WC="0.92" CONTENT="anordnade"/><SP WIDTH="15" VPOS="1101" HPOS="597"/>
							<String ID="string_59" HPOS="612" VPOS="1112" WIDTH="24" HEIGHT="20" WC="0.89" CONTENT="s."/><SP WIDTH="21" VPOS="1112" HPOS="636"/>
							<String ID="string_60" HPOS="657" VPOS="1102" WIDTH="32" HEIGHT="29" WC="0.93" CONTENT="k."/><SP WIDTH="18" VPOS="1102" HPOS="689"/>
							<String ID="string_61" HPOS="707" VPOS="1101" WIDTH="278" HEIGHT="39" WC="0.91" CONTENT="billighetsresor"/><SP WIDTH="17" VPOS="1101" HPOS="985"/>
							<String ID="string_62" HPOS="1002" VPOS="1104" WIDTH="48" HEIGHT="27" WC="0.96" CONTENT="ett"/><SP WIDTH="18" VPOS="1104" HPOS="1050"/>
							<String ID="string_63" HPOS="1068" VPOS="1101" WIDTH="167" HEIGHT="39" WC="0.96" CONTENT="uppehåll"/><SP WIDTH="17" VPOS="1101" HPOS="1235"/>
							<String ID="string_64" HPOS="1252" VPOS="1102" WIDTH="64" HEIGHT="29" WC="0.93" CONTENT="bör"/><SP WIDTH="15" VPOS="1102" HPOS="1316"/>
							<String ID="string_65" HPOS="1331" VPOS="1101" WIDTH="179" HEIGHT="39" WC="0.92" CONTENT="medgivas"/><SP WIDTH="19" VPOS="1101" HPOS="1510"/>
							<String ID="string_66" HPOS="1529" VPOS="1102" WIDTH="88" HEIGHT="29" WC="0.96" CONTENT="även"/>
						</TextLine>
						<TextLine ID="line_8" HPOS="131" VPOS="1154" WIDTH="1236" HEIGHT="40">
							<String ID="string_67" HPOS="131" VPOS="1154" WIDTH="111" HEIGHT="30" WC="0.90" CONTENT="under"/><SP WIDTH="18" VPOS="1154" HPOS="242"/>
							<String ID="string_68" HPOS="260" VPOS="1154" WIDTH="209" HEIGHT="38" WC="0.90" CONTENT="framresan,"/><SP WIDTH="20" VPOS="1154" HPOS="469"/>
							<String ID="string_69" HPOS="489" VPOS="1155" WIDTH="11" HEIGHT="29" WC="0.96" CONTENT="i"/><SP WIDTH="19" VPOS="1155" HPOS="500"/>
							<String ID="string_70" HPOS="519" VPOS="1155" WIDTH="42" HEIGHT="30" WC="0.96" CONTENT="de"/><SP WIDTH="18" VPOS="1155" HPOS="561"/>
							<String ID="string_71" HPOS="579" VPOS="1155" WIDTH="64" HEIGHT="30" WC="0.96" CONTENT="fall"/><SP WIDTH="18" VPOS="1155" HPOS="643"/>
							<String ID="string_72" HPOS="661" VPOS="1154" WIDTH="44" HEIGHT="31" WC="0.96" CONTENT="då"/><SP WIDTH="20" VPOS="1154" HPOS="705"/>
							<String ID="string_73" HPOS="725" VPOS="1156" WIDTH="115" HEIGHT="29" WC="0.96" CONTENT="denna"/><SP WIDTH="21" VPOS="1156" HPOS="840"/>
							<String ID="string_74" HPOS="861" VPOS="1154" WIDTH="138" HEIGHT="40" WC="0.96" CONTENT="uppgår"/><SP WIDTH="17" VPOS="1154" HPOS="999"/>
							<String ID="string_75" HPOS="1016" VPOS="1155" WIDTH="52" HEIGHT="30" WC="0.95" CONTENT="till"/><SP WIDTH="20" VPOS="1155" HPOS="1068"/>
							<String ID="string_76" HPOS="1088" VPOS="1155" WIDTH="106" HEIGHT="30" WC="0.96" CONTENT="minst"/><SP WIDTH="19" VPOS="1155" HPOS="1194"/>
							<String ID="string_77" HPOS="1213" VPOS="1156" WIDTH="63" HEIGHT="29" WC="0.96" CONTENT="500"/><SP WIDTH="21" VPOS="1156" HPOS="1276"/>
							<String ID="string_78" HPOS="1297" VPOS="1156" WIDTH="70" HEIGHT="29" WC="0.96" CONTENT="km."/>
						</TextLine>
					</TextBlock>
					<TextBlock ID="block_4" HPOS="127" VPOS="1207" WIDTH="1489" HEIGHT="524">
						<TextLine ID="line_9" HPOS="175" VPOS="1207" WIDTH="1440" HEIGHT="41">
							<String ID="string_79" HPOS="175" VPOS="1207" WIDTH="178" HEIGHT="31" WC="0.95" CONTENT="Utskottet."/><SP WIDTH="26" VPOS="1207" HPOS="353"/>
							<String ID="string_80" HPOS="379" VPOS="1208" WIDTH="182" HEIGHT="31" WC="0.96" CONTENT="Motionen"/><SP WIDTH="24" VPOS="1208" HPOS="561"/>
							<String ID="string_81" HPOS="585" VPOS="1218" WIDTH="100" HEIGHT="21" WC="0.96" CONTENT="avser"/><SP WIDTH="23" VPOS="1218" HPOS="685"/>
							<String ID="string_82" HPOS="708" VPOS="1209" WIDTH="45" HEIGHT="30" WC="0.93" CONTENT="de"/><SP WIDTH="23" VPOS="1209" HPOS="753"/>
							<String ID="string_83" HPOS="776" VPOS="1218" WIDTH="24" HEIGHT="21" WC="0.87" CONTENT="s."/><SP WIDTH="27" VPOS="1218" HPOS="800"/>
							<String ID="string_84" HPOS="827" VPOS="1209" WIDTH="33" HEIGHT="30" WC="0.91" CONTENT="k."/><SP WIDTH="27" VPOS="1209" HPOS="860"/>
							<String ID="string_85" HPOS="887" VPOS="1209" WIDTH="332" HEIGHT="39" WC="0.91" CONTENT="semesterbiljetter,"/><SP WIDTH="26" VPOS="1209" HPOS="1219"/>
							<String ID="string_86" HPOS="1245" VPOS="1219" WIDTH="74" HEIGHT="20" WC="0.93" CONTENT="som"/><SP WIDTH="25" VPOS="1219" HPOS="1319"/>
							<String ID="string_87" HPOS="1344" VPOS="1208" WIDTH="194" HEIGHT="31" WC="0.92" CONTENT="försöksvis"/><SP WIDTH="29" VPOS="1208" HPOS="1538"/>
							<String ID="string_88" HPOS="1567" VPOS="1209" WIDTH="48" HEIGHT="29" WC="0.93" CONTENT="in-"/>
						</TextLine>
						<TextLine ID="line_10" HPOS="129" VPOS="1261" WIDTH="1487" HEIGHT="41">
							<String ID="string_89" HPOS="129" VPOS="1261" WIDTH="90" HEIGHT="31" WC="0.96" CONTENT="förts"/><SP WIDTH="20" VPOS="1261" HPOS="219"/>
							<String ID="string_90" HPOS="239" VPOS="1262" WIDTH="57" HEIGHT="30" WC="0.96" CONTENT="vid"/><SP WIDTH="19" VPOS="1262" HPOS="296"/>
							<String ID="string_91" HPOS="315" VPOS="1266" WIDTH="132" HEIGHT="26" WC="0.96" CONTENT="statens"/><SP WIDTH="17" VPOS="1266" HPOS="447"/>
							<String ID="string_92" HPOS="464" VPOS="1263" WIDTH="190" HEIGHT="39" WC="0.95" CONTENT="järnvägar"/><SP WIDTH="16" VPOS="1263" HPOS="654"/>
							<String ID="string_93" HPOS="670" VPOS="1263" WIDTH="80" HEIGHT="30" WC="0.96" CONTENT="med"/><SP WIDTH="18" VPOS="1263" HPOS="750"/>
							<String ID="string_94" HPOS="768" VPOS="1263" WIDTH="126" HEIGHT="39" WC="0.96" CONTENT="början"/><SP WIDTH="21" VPOS="1263" HPOS="894"/>
							<String ID="string_95" HPOS="915" VPOS="1264" WIDTH="69" HEIGHT="29" WC="0.96" CONTENT="den"/><SP WIDTH="21" VPOS="1264" HPOS="984"/>
							<String ID="string_96" HPOS="1005" VPOS="1264" WIDTH="13" HEIGHT="29" WC="0.96" CONTENT="1"/><SP WIDTH="23" VPOS="1264" HPOS="1018"/>
							<String ID="string_97" HPOS="1041" VPOS="1263" WIDTH="71" HEIGHT="39" WC="0.95" CONTENT="maj"/><SP WIDTH="23" VPOS="1263" HPOS="1112"/>
							<String ID="string_98" HPOS="1135" VPOS="1264" WIDTH="92" HEIGHT="29" WC="0.95" CONTENT="1952."/><SP WIDTH="21" VPOS="1264" HPOS="1227"/>
							<String ID="string_99" HPOS="1248" VPOS="1263" WIDTH="161" HEIGHT="39" WC="0.96" CONTENT="Avgiften"/><SP WIDTH="22" VPOS="1263" HPOS="1409"/>
							<String ID="string_100" HPOS="1431" VPOS="1263" WIDTH="58" HEIGHT="30" WC="0.96" CONTENT="för"/><SP WIDTH="18" VPOS="1263" HPOS="1489"/>
							<String ID="string_101" HPOS="1507" VPOS="1263" WIDTH="109" HEIGHT="30" WC="0.96" CONTENT="sådan"/>
						</TextLine>
						<TextLine ID="line_11" HPOS="127" VPOS="1315" WIDTH="1489" HEIGHT="41">
							<String ID="string_102" HPOS="127" VPOS="1315" WIDTH="113" HEIGHT="39" WC="0.96" CONTENT="biljett"/><SP WIDTH="18" VPOS="1315" HPOS="240"/>
							<String ID="string_103" HPOS="258" VPOS="1316" WIDTH="156" HEIGHT="38" WC="0.96" CONTENT="erlägges"/><SP WIDTH="17" VPOS="1316" HPOS="414"/>
							<String ID="string_104" HPOS="431" VPOS="1317" WIDTH="82" HEIGHT="30" WC="0.96" CONTENT="med"/><SP WIDTH="16" VPOS="1317" HPOS="513"/>
							<String ID="string_105" HPOS="529" VPOS="1326" WIDTH="135" HEIGHT="21" WC="0.96" CONTENT="samma"/><SP WIDTH="17" VPOS="1326" HPOS="664"/>
							<String ID="string_106" HPOS="681" VPOS="1317" WIDTH="129" HEIGHT="38" WC="0.96" CONTENT="belopp"/><SP WIDTH="20" VPOS="1317" HPOS="810"/>
							<String ID="string_107" HPOS="830" VPOS="1326" WIDTH="75" HEIGHT="21" WC="0.96" CONTENT="som"/><SP WIDTH="18" VPOS="1326" HPOS="905"/>
							<String ID="string_108" HPOS="923" VPOS="1317" WIDTH="59" HEIGHT="30" WC="0.96" CONTENT="för"/><SP WIDTH="15" VPOS="1317" HPOS="982"/>
							<String ID="string_109" HPOS="997" VPOS="1317" WIDTH="120" HEIGHT="39" WC="0.96" CONTENT="vanlig"/><SP WIDTH="17" VPOS="1317" HPOS="1117"/>
							<String ID="string_110" HPOS="1134" VPOS="1321" WIDTH="58" HEIGHT="26" WC="0.96" CONTENT="tur"/><SP WIDTH="16" VPOS="1321" HPOS="1192"/>
							<String ID="string_111" HPOS="1208" VPOS="1318" WIDTH="65" HEIGHT="29" WC="0.93" CONTENT="och"/><SP WIDTH="19" VPOS="1318" HPOS="1273"/>
							<String ID="string_112" HPOS="1292" VPOS="1317" WIDTH="226" HEIGHT="38" WC="0.91" CONTENT="retur-biljett"/><SP WIDTH="19" VPOS="1317" HPOS="1518"/>
							<String ID="string_113" HPOS="1537" VPOS="1317" WIDTH="79" HEIGHT="30" WC="0.95" CONTENT="med"/>
						</TextLine>
						<TextLine ID="line_12" HPOS="128" VPOS="1369" WIDTH="1488" HEIGHT="40">
							<String ID="string_114" HPOS="128" VPOS="1369" WIDTH="40" HEIGHT="30" WC="0.94" CONTENT="25"/><SP WIDTH="18" VPOS="1369" HPOS="168"/>
							<String ID="string_115" HPOS="186" VPOS="1373" WIDTH="165" HEIGHT="34" WC="0.96" CONTENT="procents"/><SP WIDTH="16" VPOS="1373" HPOS="351"/>
							<String ID="string_116" HPOS="367" VPOS="1370" WIDTH="236" HEIGHT="39" WC="0.95" CONTENT="nedsättning."/><SP WIDTH="22" VPOS="1370" HPOS="603"/>
							<String ID="string_117" HPOS="625" VPOS="1370" WIDTH="128" HEIGHT="30" WC="0.96" CONTENT="Minsta"/><SP WIDTH="20" VPOS="1370" HPOS="753"/>
							<String ID="string_118" HPOS="773" VPOS="1370" WIDTH="110" HEIGHT="39" WC="0.95" CONTENT="avgift"/><SP WIDTH="19" VPOS="1370" HPOS="883"/>
							<String ID="string_119" HPOS="902" VPOS="1371" WIDTH="91" HEIGHT="30" WC="0.96" CONTENT="skall"/><SP WIDTH="19" VPOS="1371" HPOS="993"/>
							<String ID="string_120" HPOS="1012" VPOS="1372" WIDTH="91" HEIGHT="29" WC="0.96" CONTENT="dock"/><SP WIDTH="22" VPOS="1372" HPOS="1103"/>
							<String ID="string_121" HPOS="1125" VPOS="1372" WIDTH="158" HEIGHT="37" WC="0.96" CONTENT="erläggas"/><SP WIDTH="17" VPOS="1372" HPOS="1283"/>
							<String ID="string_122" HPOS="1300" VPOS="1380" WIDTH="75" HEIGHT="21" WC="0.95" CONTENT="som"/><SP WIDTH="24" VPOS="1380" HPOS="1375"/>
							<String ID="string_123" HPOS="1399" VPOS="1371" WIDTH="57" HEIGHT="30" WC="0.95" CONTENT="för"/><SP WIDTH="18" VPOS="1371" HPOS="1456"/>
							<String ID="string_124" HPOS="1474" VPOS="1374" WIDTH="58" HEIGHT="26" WC="0.96" CONTENT="tur"/><SP WIDTH="18" VPOS="1374" HPOS="1532"/>
							<String ID="string_125" HPOS="1550" VPOS="1371" WIDTH="66" HEIGHT="30" WC="0.96" CONTENT="och"/>
						</TextLine>
						<TextLine ID="line_13" HPOS="127" VPOS="1422" WIDTH="1488" HEIGHT="41">
							<String ID="string_126" HPOS="127" VPOS="1422" WIDTH="225" HEIGHT="39" WC="0.91" CONTENT="retur-biljett"/><SP WIDTH="23" VPOS="1422" HPOS="352"/>
							<String ID="string_127" HPOS="375" VPOS="1423" WIDTH="58" HEIGHT="30" WC="0.96" CONTENT="för"/><SP WIDTH="22" VPOS="1423" HPOS="433"/>
							<String ID="string_128" HPOS="455" VPOS="1424" WIDTH="63" HEIGHT="29" WC="0.96" CONTENT="500"/><SP WIDTH="27" VPOS="1424" HPOS="518"/>
							<String ID="string_129" HPOS="545" VPOS="1425" WIDTH="63" HEIGHT="29" WC="0.96" CONTENT="km"/><SP WIDTH="23" VPOS="1425" HPOS="608"/>
							<String ID="string_130" HPOS="631" VPOS="1427" WIDTH="84" HEIGHT="27" WC="0.96" CONTENT="utan"/><SP WIDTH="23" VPOS="1427" HPOS="715"/>
							<String ID="string_131" HPOS="738" VPOS="1424" WIDTH="228" HEIGHT="39" WC="0.96" CONTENT="nedsättning"/><SP WIDTH="22" VPOS="1424" HPOS="966"/>
							<String ID="string_132" HPOS="988" VPOS="1425" WIDTH="86" HEIGHT="29" WC="0.91" CONTENT="eller"/><SP WIDTH="23" VPOS="1425" HPOS="1074"/>
							<String ID="string_133" HPOS="1097" VPOS="1424" WIDTH="58" HEIGHT="30" WC="0.96" CONTENT="för"/><SP WIDTH="21" VPOS="1424" HPOS="1155"/>
							<String ID="string_134" HPOS="1176" VPOS="1425" WIDTH="222" HEIGHT="30" WC="0.96" CONTENT="närvarande"/><SP WIDTH="22" VPOS="1425" HPOS="1398"/>
							<String ID="string_135" HPOS="1420" VPOS="1425" WIDTH="58" HEIGHT="29" WC="0.96" CONTENT="för"/><SP WIDTH="24" VPOS="1425" HPOS="1478"/>
							<String ID="string_136" HPOS="1502" VPOS="1434" WIDTH="113" HEIGHT="20" WC="0.95" CONTENT="vuxen"/>
						</TextLine>
						<TextLine ID="line_14" HPOS="127" VPOS="1476" WIDTH="1488" HEIGHT="41">
							<String ID="string_137" HPOS="127" VPOS="1484" WIDTH="127" HEIGHT="30" WC="0.94" CONTENT="person"/><SP WIDTH="20" VPOS="1484" HPOS="254"/>
							<String ID="string_138" HPOS="274" VPOS="1476" WIDTH="11" HEIGHT="30" WC="0.96" CONTENT="i"/><SP WIDTH="20" VPOS="1476" HPOS="285"/>
							<String ID="string_139" HPOS="305" VPOS="1478" WIDTH="17" HEIGHT="28" WC="0.96" CONTENT="2"/><SP WIDTH="22" VPOS="1478" HPOS="322"/>
							<String ID="string_140" HPOS="344" VPOS="1477" WIDTH="45" HEIGHT="29" WC="0.94" CONTENT="kl."/><SP WIDTH="20" VPOS="1477" HPOS="389"/>
							<String ID="string_141" HPOS="409" VPOS="1477" WIDTH="52" HEIGHT="30" WC="0.95" CONTENT="kr."/><SP WIDTH="25" VPOS="1477" HPOS="461"/>
							<String ID="string_142" HPOS="486" VPOS="1478" WIDTH="74" HEIGHT="29" WC="0.93" CONTENT="103:"/><SP WIDTH="16" VPOS="1478" HPOS="560"/>
							<String ID="string_143" HPOS="576" VPOS="1478" WIDTH="42" HEIGHT="29" WC="0.93" CONTENT="50"/><SP WIDTH="18" VPOS="1478" HPOS="618"/>
							<String ID="string_144" HPOS="636" VPOS="1478" WIDTH="66" HEIGHT="29" WC="0.96" CONTENT="och"/><SP WIDTH="24" VPOS="1478" HPOS="702"/>
							<String ID="string_145" HPOS="726" VPOS="1477" WIDTH="10" HEIGHT="30" WC="0.95" CONTENT="i"/><SP WIDTH="21" VPOS="1477" HPOS="736"/>
							<String ID="string_146" HPOS="757" VPOS="1479" WIDTH="19" HEIGHT="29" WC="0.95" CONTENT="3"/><SP WIDTH="21" VPOS="1479" HPOS="776"/>
							<String ID="string_147" HPOS="797" VPOS="1478" WIDTH="46" HEIGHT="30" WC="0.95" CONTENT="kl."/><SP WIDTH="23" VPOS="1478" HPOS="843"/>
							<String ID="string_148" HPOS="866" VPOS="1478" WIDTH="51" HEIGHT="30" WC="0.92" CONTENT="kr."/><SP WIDTH="21" VPOS="1478" HPOS="917"/>
							<String ID="string_149" HPOS="938" VPOS="1479" WIDTH="55" HEIGHT="29" WC="0.68" CONTENT="69:"/><SP WIDTH="14" VPOS="1479" HPOS="993"/>
							<String ID="string_150" HPOS="1007" VPOS="1496" WIDTH="53" HEIGHT="12" WC="0.68" CONTENT="—."/><SP WIDTH="22" VPOS="1496" HPOS="1060"/>
							<String ID="string_151" HPOS="1082" VPOS="1478" WIDTH="75" HEIGHT="30" WC="0.96" CONTENT="Den"/><SP WIDTH="22" VPOS="1478" HPOS="1157"/>
							<String ID="string_152" HPOS="1179" VPOS="1478" WIDTH="189" HEIGHT="30" WC="0.92" CONTENT="maximala"/><SP WIDTH="21" VPOS="1478" HPOS="1368"/>
							<String ID="string_153" HPOS="1389" VPOS="1479" WIDTH="226" HEIGHT="38" WC="0.91" CONTENT="prisnedsätt-"/>
						</TextLine>
						<TextLine ID="line_15" HPOS="130" VPOS="1530" WIDTH="1484" HEIGHT="40">
							<String ID="string_154" HPOS="130" VPOS="1530" WIDTH="130" HEIGHT="38" WC="0.96" CONTENT="ningen"/><SP WIDTH="21" VPOS="1530" HPOS="260"/>
							<String ID="string_155" HPOS="281" VPOS="1540" WIDTH="44" HEIGHT="20" WC="0.96" CONTENT="av"/><SP WIDTH="24" VPOS="1540" HPOS="325"/>
							<String ID="string_156" HPOS="349" VPOS="1531" WIDTH="40" HEIGHT="29" WC="0.96" CONTENT="25"/><SP WIDTH="22" VPOS="1531" HPOS="389"/>
							<String ID="string_157" HPOS="411" VPOS="1534" WIDTH="147" HEIGHT="35" WC="0.96" CONTENT="procent"/><SP WIDTH="22" VPOS="1534" HPOS="558"/>
							<String ID="string_158" HPOS="580" VPOS="1530" WIDTH="140" HEIGHT="40" WC="0.96" CONTENT="uppnås"/><SP WIDTH="20" VPOS="1530" HPOS="720"/>
							<String ID="string_159" HPOS="740" VPOS="1531" WIDTH="80" HEIGHT="31" WC="0.96" CONTENT="icke"/><SP WIDTH="22" VPOS="1531" HPOS="820"/>
							<String ID="string_160" HPOS="842" VPOS="1531" WIDTH="122" HEIGHT="30" WC="0.96" CONTENT="förrän"/><SP WIDTH="23" VPOS="1531" HPOS="964"/>
							<String ID="string_161" HPOS="987" VPOS="1532" WIDTH="59" HEIGHT="30" WC="0.96" CONTENT="vid"/><SP WIDTH="23" VPOS="1532" HPOS="1046"/>
							<String ID="string_162" HPOS="1069" VPOS="1542" WIDTH="42" HEIGHT="20" WC="0.96" CONTENT="en"/><SP WIDTH="27" VPOS="1542" HPOS="1111"/>
							<String ID="string_163" HPOS="1138" VPOS="1533" WIDTH="137" HEIGHT="29" WC="0.96" CONTENT="sträcka"/><SP WIDTH="24" VPOS="1533" HPOS="1275"/>
							<String ID="string_164" HPOS="1299" VPOS="1542" WIDTH="58" HEIGHT="20" WC="0.95" CONTENT="om"/><SP WIDTH="23" VPOS="1542" HPOS="1357"/>
							<String ID="string_165" HPOS="1380" VPOS="1533" WIDTH="62" HEIGHT="29" WC="0.96" CONTENT="872"/><SP WIDTH="23" VPOS="1533" HPOS="1442"/>
							<String ID="string_166" HPOS="1465" VPOS="1533" WIDTH="71" HEIGHT="29" WC="0.93" CONTENT="km."/><SP WIDTH="24" VPOS="1533" HPOS="1536"/>
							<String ID="string_167" HPOS="1560" VPOS="1532" WIDTH="54" HEIGHT="30" WC="0.81" CONTENT="Se-"/>
						</TextLine>
						<TextLine ID="line_16" HPOS="128" VPOS="1583" WIDTH="1487" HEIGHT="39">
							<String ID="string_168" HPOS="128" VPOS="1583" WIDTH="242" HEIGHT="39" WC="0.91" CONTENT="mesterbiljett"/><SP WIDTH="23" VPOS="1583" HPOS="370"/>
							<String ID="string_169" HPOS="393" VPOS="1584" WIDTH="110" HEIGHT="38" WC="0.96" CONTENT="gäller"/><SP WIDTH="22" VPOS="1584" HPOS="503"/>
							<String ID="string_170" HPOS="525" VPOS="1584" WIDTH="58" HEIGHT="30" WC="0.96" CONTENT="för"/><SP WIDTH="22" VPOS="1584" HPOS="583"/>
							<String ID="string_171" HPOS="605" VPOS="1595" WIDTH="42" HEIGHT="20" WC="0.96" CONTENT="en"/><SP WIDTH="23" VPOS="1595" HPOS="647"/>
							<String ID="string_172" HPOS="670" VPOS="1585" WIDTH="50" HEIGHT="30" WC="0.95" CONTENT="tid"/><SP WIDTH="25" VPOS="1585" HPOS="720"/>
							<String ID="string_173" HPOS="745" VPOS="1595" WIDTH="42" HEIGHT="20" WC="0.96" CONTENT="av"/><SP WIDTH="24" VPOS="1595" HPOS="787"/>
							<String ID="string_174" HPOS="811" VPOS="1588" WIDTH="51" HEIGHT="27" WC="0.96" CONTENT="tre"/><SP WIDTH="24" VPOS="1588" HPOS="862"/>
							<String ID="string_175" HPOS="886" VPOS="1584" WIDTH="180" HEIGHT="38" WC="0.96" CONTENT="månader,"/><SP WIDTH="26" VPOS="1584" HPOS="1066"/>
							<String ID="string_176" HPOS="1092" VPOS="1586" WIDTH="66" HEIGHT="29" WC="0.93" CONTENT="och"/><SP WIDTH="27" VPOS="1586" HPOS="1158"/>
							<String ID="string_177" HPOS="1185" VPOS="1585" WIDTH="153" HEIGHT="31" WC="0.91" CONTENT="återresa"/><SP WIDTH="25" VPOS="1585" HPOS="1338"/>
							<String ID="string_178" HPOS="1363" VPOS="1585" WIDTH="80" HEIGHT="31" WC="0.92" CONTENT="från"/><SP WIDTH="23" VPOS="1585" HPOS="1443"/>
							<String ID="string_179" HPOS="1466" VPOS="1586" WIDTH="149" HEIGHT="29" WC="0.90" CONTENT="bestäm-"/>
						</TextLine>
						<TextLine ID="line_17" HPOS="129" VPOS="1637" WIDTH="1485" HEIGHT="41">
							<String ID="string_180" HPOS="129" VPOS="1637" WIDTH="208" HEIGHT="30" WC="0.92" CONTENT="melseorten"/><SP WIDTH="22" VPOS="1637" HPOS="337"/>
							<String ID="string_181" HPOS="359" VPOS="1637" WIDTH="57" HEIGHT="30" WC="0.92" CONTENT="får"/><SP WIDTH="18" VPOS="1637" HPOS="416"/>
							<String ID="string_182" HPOS="434" VPOS="1639" WIDTH="170" HEIGHT="29" WC="0.92" CONTENT="anträdas"/><SP WIDTH="18" VPOS="1639" HPOS="604"/>
							<String ID="string_183" HPOS="622" VPOS="1638" WIDTH="141" HEIGHT="39" WC="0.96" CONTENT="tidigast"/><SP WIDTH="21" VPOS="1638" HPOS="763"/>
							<String ID="string_184" HPOS="784" VPOS="1639" WIDTH="105" HEIGHT="38" WC="0.96" CONTENT="sjätte"/><SP WIDTH="19" VPOS="1639" HPOS="889"/>
							<String ID="string_185" HPOS="908" VPOS="1640" WIDTH="115" HEIGHT="38" WC="0.96" CONTENT="dagen"/><SP WIDTH="23" VPOS="1640" HPOS="1023"/>
							<String ID="string_186" HPOS="1046" VPOS="1639" WIDTH="82" HEIGHT="30" WC="0.93" CONTENT="från"/><SP WIDTH="20" VPOS="1639" HPOS="1128"/>
							<String ID="string_187" HPOS="1148" VPOS="1640" WIDTH="215" HEIGHT="30" WC="0.92" CONTENT="framresans"/><SP WIDTH="22" VPOS="1640" HPOS="1363"/>
							<String ID="string_188" HPOS="1385" VPOS="1640" WIDTH="229" HEIGHT="30" WC="0.91" CONTENT="anträdande."/>
						</TextLine>
						<TextLine ID="line_18" HPOS="130" VPOS="1690" WIDTH="1483" HEIGHT="41">
							<String ID="string_189" HPOS="130" VPOS="1691" WIDTH="88" HEIGHT="29" WC="0.96" CONTENT="Intet"/><SP WIDTH="16" VPOS="1691" HPOS="218"/>
							<String ID="string_190" HPOS="234" VPOS="1690" WIDTH="168" HEIGHT="39" WC="0.96" CONTENT="uppehåll"/><SP WIDTH="16" VPOS="1690" HPOS="402"/>
							<String ID="string_191" HPOS="418" VPOS="1691" WIDTH="58" HEIGHT="31" WC="0.96" CONTENT="får"/><SP WIDTH="13" VPOS="1691" HPOS="476"/>
							<String ID="string_192" HPOS="489" VPOS="1693" WIDTH="104" HEIGHT="38" WC="0.96" CONTENT="göras"/><SP WIDTH="15" VPOS="1693" HPOS="593"/>
							<String ID="string_193" HPOS="608" VPOS="1693" WIDTH="112" HEIGHT="29" WC="0.93" CONTENT="under"/><SP WIDTH="17" VPOS="1693" HPOS="720"/>
							<String ID="string_194" HPOS="737" VPOS="1692" WIDTH="200" HEIGHT="31" WC="0.91" CONTENT="framresan"/><SP WIDTH="15" VPOS="1692" HPOS="937"/>
							<String ID="string_195" HPOS="952" VPOS="1702" WIDTH="82" HEIGHT="21" WC="0.96" CONTENT="men"/><SP WIDTH="16" VPOS="1702" HPOS="1034"/>
							<String ID="string_196" HPOS="1050" VPOS="1694" WIDTH="159" HEIGHT="30" WC="0.96" CONTENT="däremot"/><SP WIDTH="17" VPOS="1694" HPOS="1209"/>
							<String ID="string_197" HPOS="1226" VPOS="1693" WIDTH="55" HEIGHT="31" WC="0.96" CONTENT="två"/><SP WIDTH="17" VPOS="1693" HPOS="1281"/>
							<String ID="string_198" HPOS="1298" VPOS="1694" WIDTH="111" HEIGHT="29" WC="0.93" CONTENT="under"/><SP WIDTH="16" VPOS="1694" HPOS="1409"/>
							<String ID="string_199" HPOS="1425" VPOS="1694" WIDTH="188" HEIGHT="30" WC="0.90" CONTENT="återresan."/>
						</TextLine>
					</TextBlock>
					<TextBlock ID="block_5" HPOS="129" VPOS="1746" WIDTH="1486" HEIGHT="99">
						<TextLine ID="line_19" HPOS="173" VPOS="1746" WIDTH="1442" HEIGHT="40">
							<String ID="string_200" HPOS="173" VPOS="1749" WIDTH="64" HEIGHT="30" WC="0.96" CONTENT="Det"/><SP WIDTH="22" VPOS="1749" HPOS="237"/>
							<String ID="string_201" HPOS="259" VPOS="1750" WIDTH="40" HEIGHT="28" WC="0.96" CONTENT="är"/><SP WIDTH="23" VPOS="1750" HPOS="299"/>
							<String ID="string_202" HPOS="322" VPOS="1752" WIDTH="72" HEIGHT="26" WC="0.96" CONTENT="mot"/><SP WIDTH="22" VPOS="1752" HPOS="394"/>
							<String ID="string_203" HPOS="416" VPOS="1748" WIDTH="271" HEIGHT="30" WC="0.96" CONTENT="bestämmelsen"/><SP WIDTH="23" VPOS="1748" HPOS="687"/>
							<String ID="string_204" HPOS="710" VPOS="1751" WIDTH="50" HEIGHT="27" WC="0.96" CONTENT="att"/><SP WIDTH="23" VPOS="1751" HPOS="760"/>
							<String ID="string_205" HPOS="783" VPOS="1746" WIDTH="167" HEIGHT="39" WC="0.96" CONTENT="uppehåll"/><SP WIDTH="23" VPOS="1746" HPOS="950"/>
							<String ID="string_206" HPOS="973" VPOS="1747" WIDTH="79" HEIGHT="30" WC="0.96" CONTENT="icke"/><SP WIDTH="23" VPOS="1747" HPOS="1052"/>
							<String ID="string_207" HPOS="1075" VPOS="1746" WIDTH="58" HEIGHT="31" WC="0.96" CONTENT="får"/><SP WIDTH="22" VPOS="1746" HPOS="1133"/>
							<String ID="string_208" HPOS="1155" VPOS="1749" WIDTH="101" HEIGHT="37" WC="0.96" CONTENT="göras"/><SP WIDTH="24" VPOS="1749" HPOS="1256"/>
							<String ID="string_209" HPOS="1280" VPOS="1748" WIDTH="111" HEIGHT="29" WC="0.93" CONTENT="under"/><SP WIDTH="26" VPOS="1748" HPOS="1391"/>
							<String ID="string_210" HPOS="1417" VPOS="1747" WIDTH="198" HEIGHT="30" WC="0.90" CONTENT="framresan"/>
						</TextLine>
						<TextLine ID="line_20" HPOS="129" VPOS="1801" WIDTH="570" HEIGHT="44">
							<String ID="string_211" HPOS="129" VPOS="1812" WIDTH="74" HEIGHT="20" WC="0.96" CONTENT="som"/><SP WIDTH="20" VPOS="1812" HPOS="203"/>
							<String ID="string_212" HPOS="223" VPOS="1802" WIDTH="264" HEIGHT="30" WC="0.96" CONTENT="motionärerna"/><SP WIDTH="21" VPOS="1802" HPOS="487"/>
							<String ID="string_213" HPOS="508" VPOS="1801" WIDTH="113" HEIGHT="44" WC="0.95" CONTENT="riktar"/><SP WIDTH="18" VPOS="1801" HPOS="621"/>
							<String ID="string_214" HPOS="639" VPOS="1801" WIDTH="60" HEIGHT="39" WC="0.95" CONTENT="sig."/>
						</TextLine>
					</TextBlock>
					<TextBlock ID="block_6" HPOS="127" VPOS="1854" WIDTH="1490" HEIGHT="625">
						<TextLine ID="line_21" HPOS="173" VPOS="1854" WIDTH="1441" HEIGHT="41">
							<String ID="string_215" HPOS="173" VPOS="1856" WIDTH="146" HEIGHT="39" WC="0.96" CONTENT="Nyligen"/><SP WIDTH="21" VPOS="1856" HPOS="319"/>
							<String ID="string_216" HPOS="340" VPOS="1856" WIDTH="67" HEIGHT="29" WC="0.93" CONTENT="har"/><SP WIDTH="19" VPOS="1856" HPOS="407"/>
							<String ID="string_217" HPOS="426" VPOS="1855" WIDTH="338" HEIGHT="39" WC="0.92" CONTENT="järnvägsstyrelsen"/><SP WIDTH="24" VPOS="1855" HPOS="764"/>
							<String ID="string_218" HPOS="788" VPOS="1854" WIDTH="146" HEIGHT="39" WC="0.96" CONTENT="vidtagit"/><SP WIDTH="21" VPOS="1854" HPOS="934"/>
							<String ID="string_219" HPOS="955" VPOS="1854" WIDTH="72" HEIGHT="30" WC="0.96" CONTENT="viss"/><SP WIDTH="20" VPOS="1854" HPOS="1027"/>
							<String ID="string_220" HPOS="1047" VPOS="1855" WIDTH="172" HEIGHT="38" WC="0.96" CONTENT="utökning"/><SP WIDTH="23" VPOS="1855" HPOS="1219"/>
							<String ID="string_221" HPOS="1242" VPOS="1864" WIDTH="42" HEIGHT="21" WC="0.96" CONTENT="av"/><SP WIDTH="22" VPOS="1864" HPOS="1284"/>
							<String ID="string_222" HPOS="1306" VPOS="1855" WIDTH="178" HEIGHT="36" WC="0.96" CONTENT="försöken,"/><SP WIDTH="23" VPOS="1855" HPOS="1484"/>
							<String ID="string_223" HPOS="1507" VPOS="1855" WIDTH="37" HEIGHT="30" WC="0.96" CONTENT="så"/><SP WIDTH="22" VPOS="1855" HPOS="1544"/>
							<String ID="string_224" HPOS="1566" VPOS="1859" WIDTH="48" HEIGHT="26" WC="0.96" CONTENT="att"/>
						</TextLine>
						<TextLine ID="line_22" HPOS="128" VPOS="1908" WIDTH="1486" HEIGHT="38">
							<String ID="string_225" HPOS="128" VPOS="1908" WIDTH="281" HEIGHT="38" WC="0.91" CONTENT="semesterbiljett"/><SP WIDTH="23" VPOS="1908" HPOS="409"/>
							<String ID="string_226" HPOS="432" VPOS="1908" WIDTH="57" HEIGHT="30" WC="0.96" CONTENT="får"/><SP WIDTH="22" VPOS="1908" HPOS="489"/>
							<String ID="string_227" HPOS="511" VPOS="1908" WIDTH="182" HEIGHT="30" WC="0.96" CONTENT="användas"/><SP WIDTH="20" VPOS="1908" HPOS="693"/>
							<String ID="string_228" HPOS="713" VPOS="1909" WIDTH="89" HEIGHT="29" WC="0.96" CONTENT="även"/><SP WIDTH="22" VPOS="1909" HPOS="802"/>
							<String ID="string_229" HPOS="824" VPOS="1908" WIDTH="57" HEIGHT="29" WC="0.96" CONTENT="vid"/><SP WIDTH="26" VPOS="1908" HPOS="881"/>
							<String ID="string_230" HPOS="907" VPOS="1908" WIDTH="129" HEIGHT="38" WC="0.93" CONTENT="helger."/><SP WIDTH="24" VPOS="1908" HPOS="1036"/>
							<String ID="string_231" HPOS="1060" VPOS="1908" WIDTH="369" HEIGHT="30" WC="0.92" CONTENT="Försökskaraktären"/><SP WIDTH="25" VPOS="1908" HPOS="1429"/>
							<String ID="string_232" HPOS="1454" VPOS="1908" WIDTH="160" HEIGHT="30" WC="0.96" CONTENT="kvarstår"/>
						</TextLine>
						<TextLine ID="line_23" HPOS="128" VPOS="1961" WIDTH="1486" HEIGHT="40">
							<String ID="string_233" HPOS="128" VPOS="1961" WIDTH="203" HEIGHT="31" WC="0.95" CONTENT="emellertid."/><SP WIDTH="24" VPOS="1961" HPOS="331"/>
							<String ID="string_234" HPOS="355" VPOS="1962" WIDTH="183" HEIGHT="29" WC="0.96" CONTENT="Huruvida"/><SP WIDTH="22" VPOS="1962" HPOS="538"/>
							<String ID="string_235" HPOS="560" VPOS="1961" WIDTH="245" HEIGHT="38" WC="0.95" CONTENT="anordningen"/><SP WIDTH="21" VPOS="1961" HPOS="805"/>
							<String ID="string_236" HPOS="826" VPOS="1962" WIDTH="163" HEIGHT="29" WC="0.95" CONTENT="kommer"/><SP WIDTH="20" VPOS="1962" HPOS="989"/>
							<String ID="string_237" HPOS="1009" VPOS="1965" WIDTH="50" HEIGHT="28" WC="0.96" CONTENT="att"/><SP WIDTH="23" VPOS="1965" HPOS="1059"/>
							<String ID="string_238" HPOS="1082" VPOS="1961" WIDTH="162" HEIGHT="31" WC="0.96" CONTENT="fortsätta"/><SP WIDTH="23" VPOS="1961" HPOS="1244"/>
							<String ID="string_239" HPOS="1267" VPOS="1962" WIDTH="40" HEIGHT="29" WC="0.93" CONTENT="är"/><SP WIDTH="20" VPOS="1962" HPOS="1307"/>
							<String ID="string_240" HPOS="1327" VPOS="1962" WIDTH="287" HEIGHT="39" WC="0.91" CONTENT="järnvägsstyrel-"/>
						</TextLine>
						<TextLine ID="line_24" HPOS="128" VPOS="2015" WIDTH="1486" HEIGHT="39">
							<String ID="string_241" HPOS="128" VPOS="2025" WIDTH="61" HEIGHT="21" WC="0.93" CONTENT="sen"/><SP WIDTH="20" VPOS="2025" HPOS="189"/>
							<String ID="string_242" HPOS="209" VPOS="2033" WIDTH="45" HEIGHT="4" WC="0.93" CONTENT="—"/><SP WIDTH="22" VPOS="2033" HPOS="254"/>
							<String ID="string_243" HPOS="276" VPOS="2015" WIDTH="107" HEIGHT="39" WC="0.93" CONTENT="enligt"/><SP WIDTH="23" VPOS="2015" HPOS="383"/>
							<String ID="string_244" HPOS="406" VPOS="2016" WIDTH="66" HEIGHT="29" WC="0.95" CONTENT="vad"/><SP WIDTH="24" VPOS="2016" HPOS="472"/>
							<String ID="string_245" HPOS="496" VPOS="2015" WIDTH="168" HEIGHT="30" WC="0.95" CONTENT="utskottet"/><SP WIDTH="25" VPOS="2015" HPOS="664"/>
							<String ID="string_246" HPOS="689" VPOS="2015" WIDTH="123" HEIGHT="30" WC="0.93" CONTENT="erfarit"/><SP WIDTH="23" VPOS="2015" HPOS="812"/>
							<String ID="string_247" HPOS="835" VPOS="2033" WIDTH="44" HEIGHT="3" WC="0.90" CONTENT="—"/><SP WIDTH="24" VPOS="2033" HPOS="879"/>
							<String ID="string_248" HPOS="903" VPOS="2015" WIDTH="79" HEIGHT="30" WC="0.96" CONTENT="icke"/><SP WIDTH="22" VPOS="2015" HPOS="982"/>
							<String ID="string_249" HPOS="1004" VPOS="2015" WIDTH="58" HEIGHT="30" WC="0.96" CONTENT="för"/><SP WIDTH="26" VPOS="2015" HPOS="1062"/>
							<String ID="string_250" HPOS="1088" VPOS="2019" WIDTH="75" HEIGHT="34" WC="0.96" CONTENT="eget"/><SP WIDTH="25" VPOS="2019" HPOS="1163"/>
							<String ID="string_251" HPOS="1188" VPOS="2015" WIDTH="274" HEIGHT="31" WC="0.96" CONTENT="vidkommande"/><SP WIDTH="26" VPOS="2015" HPOS="1462"/>
							<String ID="string_252" HPOS="1488" VPOS="2015" WIDTH="44" HEIGHT="39" WC="0.96" CONTENT="på"/><SP WIDTH="26" VPOS="2015" HPOS="1532"/>
							<String ID="string_253" HPOS="1558" VPOS="2017" WIDTH="56" HEIGHT="29" WC="0.96" CONTENT="det"/>
						</TextLine>
						<TextLine ID="line_25" HPOS="129" VPOS="2068" WIDTH="1485" HEIGHT="39">
							<String ID="string_254" HPOS="129" VPOS="2070" WIDTH="97" HEIGHT="29" WC="0.96" CONTENT="klara"/><SP WIDTH="22" VPOS="2070" HPOS="226"/>
							<String ID="string_255" HPOS="248" VPOS="2069" WIDTH="89" HEIGHT="30" WC="0.96" CONTENT="med."/><SP WIDTH="27" VPOS="2069" HPOS="337"/>
							<String ID="string_256" HPOS="364" VPOS="2069" WIDTH="66" HEIGHT="30" WC="0.93" CONTENT="Om"/><SP WIDTH="23" VPOS="2069" HPOS="430"/>
							<String ID="string_257" HPOS="453" VPOS="2069" WIDTH="285" HEIGHT="30" WC="0.91" CONTENT="önskvärdheten"/><SP WIDTH="20" VPOS="2069" HPOS="738"/>
							<String ID="string_258" HPOS="758" VPOS="2078" WIDTH="43" HEIGHT="20" WC="0.96" CONTENT="av"/><SP WIDTH="23" VPOS="2078" HPOS="801"/>
							<String ID="string_259" HPOS="824" VPOS="2078" WIDTH="42" HEIGHT="20" WC="0.96" CONTENT="en"/><SP WIDTH="22" VPOS="2078" HPOS="866"/>
							<String ID="string_260" HPOS="888" VPOS="2068" WIDTH="231" HEIGHT="39" WC="0.95" CONTENT="fortsättning"/><SP WIDTH="19" VPOS="2068" HPOS="1119"/>
							<String ID="string_261" HPOS="1138" VPOS="2069" WIDTH="66" HEIGHT="30" WC="0.96" CONTENT="bör"/><SP WIDTH="20" VPOS="2069" HPOS="1204"/>
							<String ID="string_262" HPOS="1224" VPOS="2070" WIDTH="187" HEIGHT="37" WC="0.96" CONTENT="riksdagen"/><SP WIDTH="24" VPOS="2070" HPOS="1411"/>
							<String ID="string_263" HPOS="1435" VPOS="2069" WIDTH="107" HEIGHT="38" WC="0.93" CONTENT="enligt"/><SP WIDTH="22" VPOS="2069" HPOS="1542"/>
							<String ID="string_264" HPOS="1564" VPOS="2073" WIDTH="50" HEIGHT="26" WC="0.93" CONTENT="ut-"/>
						</TextLine>
						<TextLine ID="line_26" HPOS="128" VPOS="2121" WIDTH="1487" HEIGHT="40">
							<String ID="string_265" HPOS="128" VPOS="2124" WIDTH="148" HEIGHT="29" WC="0.91" CONTENT="skottets"/><SP WIDTH="16" VPOS="2124" HPOS="276"/>
							<String ID="string_266" HPOS="292" VPOS="2122" WIDTH="144" HEIGHT="39" WC="0.96" CONTENT="mening"/><SP WIDTH="16" VPOS="2122" HPOS="436"/>
							<String ID="string_267" HPOS="452" VPOS="2122" WIDTH="74" HEIGHT="30" WC="0.96" CONTENT="inte"/><SP WIDTH="17" VPOS="2122" HPOS="526"/>
							<String ID="string_268" HPOS="543" VPOS="2124" WIDTH="83" HEIGHT="37" WC="0.96" CONTENT="göra"/><SP WIDTH="19" VPOS="2124" HPOS="626"/>
							<String ID="string_269" HPOS="645" VPOS="2121" WIDTH="106" HEIGHT="40" WC="0.96" CONTENT="något"/><SP WIDTH="21" VPOS="2121" HPOS="751"/>
							<String ID="string_270" HPOS="772" VPOS="2123" WIDTH="190" HEIGHT="35" WC="0.95" CONTENT="uttalande,"/><SP WIDTH="21" VPOS="2123" HPOS="962"/>
							<String ID="string_271" HPOS="983" VPOS="2122" WIDTH="38" HEIGHT="31" WC="0.96" CONTENT="så"/><SP WIDTH="22" VPOS="2122" HPOS="1021"/>
							<String ID="string_272" HPOS="1043" VPOS="2123" WIDTH="103" HEIGHT="38" WC="0.96" CONTENT="länge"/><SP WIDTH="17" VPOS="2123" HPOS="1146"/>
							<String ID="string_273" HPOS="1163" VPOS="2124" WIDTH="268" HEIGHT="29" WC="0.96" CONTENT="verksamheten"/><SP WIDTH="21" VPOS="2124" HPOS="1431"/>
							<String ID="string_274" HPOS="1452" VPOS="2124" WIDTH="163" HEIGHT="29" WC="0.96" CONTENT="befinner"/>
						</TextLine>
						<TextLine ID="line_27" HPOS="128" VPOS="2175" WIDTH="1486" HEIGHT="40">
							<String ID="string_275" HPOS="128" VPOS="2176" WIDTH="51" HEIGHT="38" WC="0.96" CONTENT="sig"/><SP WIDTH="19" VPOS="2176" HPOS="179"/>
							<String ID="string_276" HPOS="198" VPOS="2175" WIDTH="46" HEIGHT="39" WC="0.96" CONTENT="på"/><SP WIDTH="19" VPOS="2175" HPOS="244"/>
							<String ID="string_277" HPOS="263" VPOS="2179" WIDTH="47" HEIGHT="27" WC="0.93" CONTENT="ett"/><SP WIDTH="20" VPOS="2179" HPOS="310"/>
							<String ID="string_278" HPOS="330" VPOS="2176" WIDTH="306" HEIGHT="29" WC="0.91" CONTENT="försöksstadium."/><SP WIDTH="21" VPOS="2176" HPOS="636"/>
							<String ID="string_279" HPOS="657" VPOS="2176" WIDTH="133" HEIGHT="29" WC="0.96" CONTENT="Endast"/><SP WIDTH="21" VPOS="2176" HPOS="790"/>
							<String ID="string_280" HPOS="811" VPOS="2176" WIDTH="112" HEIGHT="29" WC="0.96" CONTENT="under"/><SP WIDTH="19" VPOS="2176" HPOS="923"/>
							<String ID="string_281" HPOS="942" VPOS="2176" WIDTH="255" HEIGHT="39" WC="0.96" CONTENT="förutsättning"/><SP WIDTH="18" VPOS="2176" HPOS="1197"/>
							<String ID="string_282" HPOS="1215" VPOS="2179" WIDTH="49" HEIGHT="27" WC="0.96" CONTENT="att"/><SP WIDTH="22" VPOS="2179" HPOS="1264"/>
							<String ID="string_283" HPOS="1286" VPOS="2177" WIDTH="170" HEIGHT="29" WC="0.92" CONTENT="försöken"/><SP WIDTH="19" VPOS="2177" HPOS="1456"/>
							<String ID="string_284" HPOS="1475" VPOS="2177" WIDTH="139" HEIGHT="30" WC="0.92" CONTENT="fortsät-"/>
						</TextLine>
						<TextLine ID="line_28" HPOS="129" VPOS="2229" WIDTH="1485" HEIGHT="40">
							<String ID="string_285" HPOS="129" VPOS="2232" WIDTH="51" HEIGHT="26" WC="0.96" CONTENT="ter"/><SP WIDTH="20" VPOS="2232" HPOS="180"/>
							<String ID="string_286" HPOS="200" VPOS="2229" WIDTH="235" HEIGHT="29" WC="0.95" CONTENT="aktualiseras"/><SP WIDTH="21" VPOS="2229" HPOS="435"/>
							<String ID="string_287" HPOS="456" VPOS="2230" WIDTH="68" HEIGHT="28" WC="0.96" CONTENT="den"/><SP WIDTH="23" VPOS="2230" HPOS="524"/>
							<String ID="string_288" HPOS="547" VPOS="2239" WIDTH="42" HEIGHT="20" WC="0.96" CONTENT="av"/><SP WIDTH="22" VPOS="2239" HPOS="589"/>
							<String ID="string_289" HPOS="611" VPOS="2229" WIDTH="263" HEIGHT="30" WC="0.96" CONTENT="motionärerna"/><SP WIDTH="23" VPOS="2229" HPOS="874"/>
							<String ID="string_290" HPOS="897" VPOS="2230" WIDTH="127" HEIGHT="29" WC="0.96" CONTENT="väckta"/><SP WIDTH="27" VPOS="2230" HPOS="1024"/>
							<String ID="string_291" HPOS="1051" VPOS="2229" WIDTH="134" HEIGHT="38" WC="0.94" CONTENT="frågan."/><SP WIDTH="25" VPOS="2229" HPOS="1185"/>
							<String ID="string_292" HPOS="1210" VPOS="2230" WIDTH="52" HEIGHT="29" WC="0.92" CONTENT="En"/><SP WIDTH="25" VPOS="2230" HPOS="1262"/>
							<String ID="string_293" HPOS="1287" VPOS="2230" WIDTH="262" HEIGHT="39" WC="0.91" CONTENT="uppmjukning"/><SP WIDTH="24" VPOS="2230" HPOS="1549"/>
							<String ID="string_294" HPOS="1573" VPOS="2240" WIDTH="41" HEIGHT="20" WC="0.96" CONTENT="av"/>
						</TextLine>
						<TextLine ID="line_29" HPOS="127" VPOS="2281" WIDTH="1486" HEIGHT="39">
							<String ID="string_295" HPOS="127" VPOS="2282" WIDTH="308" HEIGHT="29" WC="0.95" CONTENT="bestämmelserna"/><SP WIDTH="27" VPOS="2282" HPOS="435"/>
							<String ID="string_296" HPOS="462" VPOS="2282" WIDTH="147" HEIGHT="35" WC="0.96" CONTENT="därhän,"/><SP WIDTH="22" VPOS="2282" HPOS="609"/>
							<String ID="string_297" HPOS="631" VPOS="2285" WIDTH="49" HEIGHT="26" WC="0.96" CONTENT="att"/><SP WIDTH="23" VPOS="2285" HPOS="680"/>
							<String ID="string_298" HPOS="703" VPOS="2281" WIDTH="214" HEIGHT="30" WC="0.96" CONTENT="åtminstone"/><SP WIDTH="22" VPOS="2281" HPOS="917"/>
							<String ID="string_299" HPOS="939" VPOS="2286" WIDTH="47" HEIGHT="26" WC="0.95" CONTENT="ett"/><SP WIDTH="23" VPOS="2286" HPOS="986"/>
							<String ID="string_300" HPOS="1009" VPOS="2282" WIDTH="166" HEIGHT="38" WC="0.96" CONTENT="uppehåll"/><SP WIDTH="22" VPOS="2282" HPOS="1175"/>
							<String ID="string_301" HPOS="1197" VPOS="2284" WIDTH="112" HEIGHT="28" WC="0.92" CONTENT="under"/><SP WIDTH="20" VPOS="2284" HPOS="1309"/>
							<String ID="string_302" HPOS="1329" VPOS="2283" WIDTH="198" HEIGHT="29" WC="0.90" CONTENT="framresan"/><SP WIDTH="24" VPOS="2283" HPOS="1527"/>
							<String ID="string_303" HPOS="1551" VPOS="2283" WIDTH="62" HEIGHT="30" WC="0.92" CONTENT="till-"/>
						</TextLine>
						<TextLine ID="line_30" HPOS="130" VPOS="2334" WIDTH="1487" HEIGHT="40">
							<String ID="string_304" HPOS="130" VPOS="2334" WIDTH="94" HEIGHT="36" WC="0.93" CONTENT="låtes,"/><SP WIDTH="18" VPOS="2334" HPOS="224"/>
							<String ID="string_305" HPOS="242" VPOS="2335" WIDTH="70" HEIGHT="29" WC="0.96" CONTENT="kan"/><SP WIDTH="18" VPOS="2335" HPOS="312"/>
							<String ID="string_306" HPOS="330" VPOS="2334" WIDTH="44" HEIGHT="31" WC="0.95" CONTENT="då"/><SP WIDTH="16" VPOS="2334" HPOS="374"/>
							<String ID="string_307" HPOS="390" VPOS="2336" WIDTH="201" HEIGHT="37" WC="0.94" CONTENT="övervägas."/><SP WIDTH="20" VPOS="2336" HPOS="591"/>
							<String ID="string_308" HPOS="611" VPOS="2335" WIDTH="174" HEIGHT="29" WC="0.96" CONTENT="Utskottet"/><SP WIDTH="19" VPOS="2335" HPOS="785"/>
							<String ID="string_309" HPOS="804" VPOS="2335" WIDTH="57" HEIGHT="29" WC="0.96" CONTENT="vill"/><SP WIDTH="18" VPOS="2335" HPOS="861"/>
							<String ID="string_310" HPOS="879" VPOS="2335" WIDTH="182" HEIGHT="39" WC="0.96" CONTENT="därvidlag"/><SP WIDTH="19" VPOS="2335" HPOS="1061"/>
							<String ID="string_311" HPOS="1080" VPOS="2336" WIDTH="232" HEIGHT="38" WC="0.93" CONTENT="understryka"/><SP WIDTH="21" VPOS="2336" HPOS="1312"/>
							<String ID="string_312" HPOS="1333" VPOS="2337" WIDTH="284" HEIGHT="29" WC="0.91" CONTENT="motionärernas"/>
						</TextLine>
						<TextLine ID="line_31" HPOS="130" VPOS="2388" WIDTH="1483" HEIGHT="38">
							<String ID="string_313" HPOS="130" VPOS="2388" WIDTH="227" HEIGHT="38" WC="0.96" CONTENT="uppfattning"/><SP WIDTH="20" VPOS="2388" HPOS="357"/>
							<String ID="string_314" HPOS="377" VPOS="2391" WIDTH="49" HEIGHT="27" WC="0.95" CONTENT="att"/><SP WIDTH="24" VPOS="2391" HPOS="426"/>
							<String ID="string_315" HPOS="450" VPOS="2389" WIDTH="58" HEIGHT="29" WC="0.96" CONTENT="det"/><SP WIDTH="23" VPOS="2389" HPOS="508"/>
							<String ID="string_316" HPOS="531" VPOS="2388" WIDTH="57" HEIGHT="30" WC="0.96" CONTENT="för"/><SP WIDTH="24" VPOS="2388" HPOS="588"/>
							<String ID="string_317" HPOS="612" VPOS="2388" WIDTH="170" HEIGHT="38" WC="0.95" CONTENT="långväga"/><SP WIDTH="24" VPOS="2388" HPOS="782"/>
							<String ID="string_318" HPOS="806" VPOS="2389" WIDTH="156" HEIGHT="35" WC="0.94" CONTENT="resande,"/><SP WIDTH="24" VPOS="2389" HPOS="962"/>
							<String ID="string_319" HPOS="986" VPOS="2389" WIDTH="141" HEIGHT="29" WC="0.96" CONTENT="särskilt"/><SP WIDTH="25" VPOS="2389" HPOS="1127"/>
							<String ID="string_320" HPOS="1152" VPOS="2390" WIDTH="96" HEIGHT="30" WC="0.96" CONTENT="äldre"/><SP WIDTH="23" VPOS="2390" HPOS="1248"/>
							<String ID="string_321" HPOS="1271" VPOS="2389" WIDTH="142" HEIGHT="36" WC="0.96" CONTENT="sådana,"/><SP WIDTH="24" VPOS="2389" HPOS="1413"/>
							<String ID="string_322" HPOS="1437" VPOS="2390" WIDTH="70" HEIGHT="29" WC="0.96" CONTENT="kan"/><SP WIDTH="25" VPOS="2390" HPOS="1507"/>
							<String ID="string_323" HPOS="1532" VPOS="2400" WIDTH="81" HEIGHT="20" WC="0.96" CONTENT="vara"/>
						</TextLine>
						<TextLine ID="line_32" HPOS="129" VPOS="2441" WIDTH="1484" HEIGHT="38">
							<String ID="string_324" HPOS="129" VPOS="2441" WIDTH="216" HEIGHT="30" WC="0.96" CONTENT="besvärande"/><SP WIDTH="17" VPOS="2441" HPOS="345"/>
							<String ID="string_325" HPOS="362" VPOS="2445" WIDTH="48" HEIGHT="27" WC="0.96" CONTENT="att"/><SP WIDTH="20" VPOS="2445" HPOS="410"/>
							<String ID="string_326" HPOS="430" VPOS="2442" WIDTH="72" HEIGHT="29" WC="0.96" CONTENT="helt"/><SP WIDTH="19" VPOS="2442" HPOS="502"/>
							<String ID="string_327" HPOS="521" VPOS="2442" WIDTH="110" HEIGHT="29" WC="0.93" CONTENT="sakna"/><SP WIDTH="20" VPOS="2442" HPOS="631"/>
							<String ID="string_328" HPOS="651" VPOS="2441" WIDTH="185" HEIGHT="38" WC="0.96" CONTENT="möjlighet"/><SP WIDTH="21" VPOS="2441" HPOS="836"/>
							<String ID="string_329" HPOS="857" VPOS="2442" WIDTH="50" HEIGHT="29" WC="0.94" CONTENT="till"/><SP WIDTH="19" VPOS="2442" HPOS="907"/>
							<String ID="string_330" HPOS="926" VPOS="2442" WIDTH="139" HEIGHT="30" WC="0.96" CONTENT="avbrott"/><SP WIDTH="24" VPOS="2442" HPOS="1065"/>
							<String ID="string_331" HPOS="1089" VPOS="2443" WIDTH="112" HEIGHT="29" WC="0.92" CONTENT="under"/><SP WIDTH="20" VPOS="2443" HPOS="1201"/>
							<String ID="string_332" HPOS="1221" VPOS="2443" WIDTH="206" HEIGHT="30" WC="0.90" CONTENT="framresan."/><SP WIDTH="22" VPOS="2443" HPOS="1427"/>
							<String ID="string_333" HPOS="1449" VPOS="2444" WIDTH="164" HEIGHT="29" WC="0.91" CONTENT="Emeller-"/>
						</TextLine>
					</TextBlock>
				</ComposedBlock>
				<ComposedBlock ID="cblock_4" HPOS="131" VPOS="2512" WIDTH="1014" HEIGHT="35">
					<TextBlock ID="block_7" HPOS="131" VPOS="2512" WIDTH="1014" HEIGHT="35">
						<TextLine ID="line_33" HPOS="131" VPOS="2512" WIDTH="1014" HEIGHT="35">
							<String ID="string_334" HPOS="131" VPOS="2514" WIDTH="10" HEIGHT="25" WC="0.82" CONTENT="1"/><SP WIDTH="47" VPOS="2514" HPOS="141"/>
							<String ID="string_335" HPOS="188" VPOS="2512" WIDTH="119" HEIGHT="35" WC="0.76" CONTENT="Bihang"/><SP WIDTH="24" VPOS="2512" HPOS="307"/>
							<String ID="string_336" HPOS="331" VPOS="2512" WIDTH="46" HEIGHT="27" WC="0.96" CONTENT="till"/><SP WIDTH="18" VPOS="2512" HPOS="377"/>
							<String ID="string_337" HPOS="395" VPOS="2512" WIDTH="182" HEIGHT="35" WC="0.95" CONTENT="riksdagens"/><SP WIDTH="21" VPOS="2512" HPOS="577"/>
							<String ID="string_338" HPOS="598" VPOS="2512" WIDTH="159" HEIGHT="35" WC="0.95" CONTENT="protokoll"/><SP WIDTH="26" VPOS="2512" HPOS="757"/>
							<String ID="string_339" HPOS="783" VPOS="2513" WIDTH="82" HEIGHT="26" WC="0.94" CONTENT="1953."/><SP WIDTH="25" VPOS="2513" HPOS="865"/>
							<String ID="string_340" HPOS="890" VPOS="2514" WIDTH="34" HEIGHT="25" WC="0.95" CONTENT="13"/><SP WIDTH="22" VPOS="2514" HPOS="924"/>
							<String ID="string_341" HPOS="946" VPOS="2512" WIDTH="86" HEIGHT="28" WC="0.88" CONTENT="saml."/><SP WIDTH="23" VPOS="2512" HPOS="1032"/>
							<String ID="string_342" HPOS="1055" VPOS="2513" WIDTH="44" HEIGHT="26" WC="0.93" CONTENT="Nr"/><SP WIDTH="23" VPOS="2513" HPOS="1099"/>
							<String ID="string_343" HPOS="1122" VPOS="2514" WIDTH="23" HEIGHT="26" WC="0.95" CONTENT="1."/>
						</TextLine>
					</TextBlock>
				</ComposedBlock>
			</PrintSpace>
		</Page>
	</Layout>
</alto>
