1882 2776
297 190 41 28 34
675 189 277 33 Statsutskottets
969 192 173 32 utlåtande
1161 205 39 19 nr
1217 197 39 28 77
1274 195 36 30 år
1327 198 81 29 1963

298 265 83 31 skall
402 268 58 37 äga
481 269 68 29 rätt
570 272 52 26 att
642 279 68 20 som
731 269 182 32 ledamöter
932 282 42 20 av
995 273 166 31 nämnden
1182 274 131 40 deltaga
1334 275 56 32 vid
1411 276 239 42 behandlingen
1671 291 42 19 av
1733 279 51 32 för

297 309 96 32 dessa
412 313 118 29 ämnen
550 312 144 32 aktuella
714 315 154 31 ärenden.
888 315 64 31 För
971 326 79 29 egen
1070 317 52 31 del
1141 319 146 31 ansluter
1305 319 56 40 jag
1381 320 65 40 mig
1464 321 49 31 till
1532 322 101 32 SFS:s
1653 323 130 41 förslag.

296 353 70 32 Det
387 354 59 31 bör
466 355 179 32 emellertid
665 358 179 32 ankomma
865 359 42 39 på
928 359 121 41 Kungl.
1071 361 103 39 Maj:t
1194 367 53 27 att
1267 363 129 33 besluta
1418 365 9 30 i
1447 365 197 33 hithörande
1664 367 118 41 frågor.

296 398 120 39 Någon
433 399 136 32 särskild
585 401 299 42 medelsanvisning
898 403 50 32 för
963 404 251 40 ifrågavarande
1229 408 156 31 ändamål
1400 412 96 29 nästa
1511 410 161 41 budgetår
1688 424 95 20 anser

295 441 56 40 jag
371 442 67 31 inte
457 443 196 41 erforderlig.

338 487 73 31 Vad
431 487 160 32 beträffar
611 488 113 41 frågan
746 502 54 20 om
822 491 262 42 kårtillhörighet
1105 494 50 32 för
1175 495 40 31 de
1237 496 199 32 studerande
1458 509 69 21 som
1549 500 94 31 söker
1664 500 48 41 sig
1732 501 48 32 till

295 530 230 33 universitetet
548 532 3 31 i
568 533 104 32 Umeå
687 534 55 31 vill
757 534 57 41 jag
830 536 116 32 endast
962 537 183 39 framhålla,
1161 543 52 28 att
1228 539 56 41 jag
1300 540 9 31 i
1325 540 103 33 likhet
1443 543 75 31 med
1535 543 73 33 SFS
1624 544 157 33 förutsät-

294 579 52 27 ter
362 580 53 26 att
432 576 92 31 dessa
543 577 148 32 kommer
707 583 53 27 att
777 579 75 40 ingå
876 580 4 31 i
898 581 104 31 Umeå
1020 583 207 32 studentkår.

336 620 72 32 Vad
425 621 160 33 beträffar
601 624 121 32 lokaler
738 625 51 31 för
805 626 64 31 den
886 638 42 20 av
945 628 66 39 mig
1027 639 45 21 nu
1090 628 173 34 förordade
1280 632 253 33 verksamheten
1549 634 61 32 har
1625 635 155 33 kommit-

293 665 57 31 tén
368 664 166 42 föreslagit
551 668 219 38 provisoriska
788 670 165 41 lösningar
970 672 48 31 till
1036 673 74 31 dess
1127 678 53 28 att
1197 675 173 33 definitiva
1388 677 123 32 lokaler
1527 678 116 32 hinner
1660 680 120 41 färdig-

293 709 123 32 ställas.
436 710 209 33 Kommittén
665 712 134 33 föreslår
819 715 147 38 sålunda,
987 721 52 27 att
1059 722 51 27 ett
1128 729 43 20 av
1191 720 116 30 staden
1327 721 128 31 lämnat
1475 722 203 39 erbjudande
1697 729 53 28 att
1770 726 9 31 i

292 753 361 42 paviljongbyggnader
674 762 70 27 mot
767 758 282 43 hyresersättning
1071 761 249 34 tillhandahålla
1343 765 123 32 lokaler
1487 766 51 32 för
1561 768 150 41 samtliga
1734 781 45 20 nu

292 796 250 41 ifrågavarande
570 803 118 29 ämnen
715 806 94 27 utom
838 803 86 32 kemi
951 810 198 34 accepteras.
1177 807 64 32 För
1267 808 169 41 lösningen
1463 822 42 20 av
1533 812 245 34 kemiämnenas

291 841 197 41 lokalfrågor
503 844 61 31 har
580 844 197 33 kommittén
795 848 166 32 redovisat
978 849 86 32 vissa
1082 851 103 32 andra
1202 848 216 48 möjligheter.

333 888 65 32 För
418 900 79 29 egen
519 891 52 31 del
593 892 108 32 hälsar
721 893 56 40 jag
798 896 77 31 med
897 900 69 27 stor
986 897 281 34 tillfredsställelse
1290 901 134 32 stadens
1445 902 148 41 villighet
1614 909 53 27 att
1688 906 90 31 med-

290 933 103 32 verka
410 933 48 32 till
476 946 39 20 en
534 936 105 32 snabb
658 942 84 27 start
759 938 51 32 för
828 950 39 20 en
886 940 160 41 utvidgad
1065 942 217 42 utbildnings-
1300 945 61 32 och
1380 945 399 43 forskningsverksamhet

289 976 10 31 i
322 977 116 33 Umeå.
459 978 70 33 Det
551 980 60 31 bör
631 982 178 33 ankomma
832 984 43 38 på
897 985 332 41 byggnadsstyrelsen
1251 993 53 27 att
1325 991 76 31 med
1424 992 117 31 staden
1562 993 101 32 träffa
1685 995 93 32 avtal

288 1022 170 39 angående
483 1023 193 42 förhyrning
700 1038 42 20 av
769 1028 41 31 de
836 1028 51 32 för
911 1030 63 30 den
1000 1032 580 45 matematisk-naturvetenskapliga
1604 1038 61 32 och
1692 1050 85 21 sam-

287 1066 333 43 hällsvetenskapliga
640 1070 230 42 utbildningen
891 1074 61 31 och
973 1074 211 42 forskningen
1206 1077 208 42 erforderliga
1435 1080 166 34 lokalerna
1622 1083 43 39 på
1686 1083 10 31 i
1716 1084 60 31 hu-

288 1111 130 31 vudsak
436 1112 40 31 de
495 1112 118 32 villkor
630 1115 200 33 kommittén
847 1117 169 34 förutsatt.

330 1158 63 31 Vid
410 1158 90 33 bifall
517 1160 48 32 till
583 1162 65 31 vad
664 1162 56 41 jag
735 1163 61 32 här
812 1164 167 41 föreslagit
995 1167 60 31 bör
1071 1168 43 39 på
1131 1168 178 33 riksstaten
1326 1174 96 29 nästa
1439 1172 163 41 budgetår
1618 1175 158 39 uppföras

287 1206 51 27 ett
365 1202 258 43 förslagsanslag,
651 1206 160 34 benämnt
840 1209 92 32 Vissa
960 1211 179 33 kostnader
1165 1213 50 32 för
1242 1215 218 41 utbildnings-
1487 1218 61 31 och
1575 1218 200 42 forsknings-

286 1247 264 39 organisationen
574 1250 56 31 vid
654 1251 231 34 universitetet
916 1254 2 31 i
942 1255 115 33 Umeå.
1081 1257 63 40 Jag
1166 1258 164 32 beräknar
1352 1261 268 34 medelsbehovet
1643 1263 51 32 för
1717 1276 57 20 av-

285 1290 150 41 löningar
457 1294 105 30 under
585 1294 249 41 ifrågavarande
858 1299 112 39 anslag
994 1300 48 31 till
1066 1304 60 28 450
1139 1305 61 28 000
1223 1303 48 31 kr.
1295 1304 53 31 En
1372 1306 137 32 särskild
1533 1307 241 41 avlöningsstat

283 1354 43 4 —
344 1335 146 33 fördelad
510 1338 43 38 på
571 1338 87 32 olika
676 1345 111 33 poster
804 1360 42 5 —
864 1342 59 32 bör
941 1343 190 34 fastställas.

327 1382 119 32 Vidare
468 1384 60 31 bör
549 1386 105 31 under
674 1390 226 36 nyssnämnda
922 1391 113 40 anslag
1057 1392 157 39 uppföras
1236 1406 40 20 en
1299 1395 187 42 förslagsvis
1508 1398 185 33 betecknad
1716 1412 57 20 an-

285 1426 162 40 slagspost
465 1428 48 32 till
534 1430 234 33 omkostnader
787 1433 20 31 å
828 1436 38 28 52
880 1437 59 29 000
959 1435 48 32 kr.
1027 1441 87 27 samt
1134 1438 221 33 maximerade
1374 1442 242 40 anslagsposter
1635 1444 48 32 till
1703 1456 69 21 ma-

284 1471 93 31 teriel
393 1482 43 21 m.
448 1483 53 27 m.,
520 1473 48 32 till
586 1474 167 41 bokinköp
771 1478 61 31 och
850 1478 227 43 bokbindning
1094 1492 43 21 m.
1150 1493 42 21 m.
1211 1488 86 27 samt
1315 1485 48 31 till
1381 1486 171 41 inredning
1568 1489 61 31 och
1647 1494 124 28 utrust-

284 1514 79 41 ning
382 1527 42 20 av
444 1528 66 28 nya
529 1518 123 32 lokaler
670 1520 19 31 å
709 1522 188 38 respektive
915 1527 18 27 8
947 1527 59 29 000
1027 1525 58 37 kr.,
1108 1529 37 28 10
1158 1530 59 28 000
1238 1528 48 31 kr.
1307 1530 61 30 och
1391 1533 58 28 120
1461 1534 60 29 000
1542 1532 47 32 kr.
1608 1529 160 49 Anslaget

283 1559 61 31 bör
361 1561 136 32 sålunda
515 1563 157 38 uppföras
688 1566 76 31 med
782 1568 220 40 sammanlagt
1020 1572 60 29 640
1093 1574 60 28 000
1171 1571 48 32 kr.

325 1607 69 32 Det
417 1609 92 31 torde
533 1610 56 31 vid
612 1611 90 32 bifall
725 1612 49 32 till
798 1614 66 31 vad
887 1614 54 41 jag
964 1616 148 33 förordat
1135 1618 10 31 i
1167 1619 57 31 det
1247 1619 195 41 föregående
1465 1623 33 31 få
1521 1624 178 33 ankomma
1722 1627 45 38 på

281 1650 124 41 Kungl.
422 1653 102 39 Maj:t
540 1659 52 27 att
609 1655 133 41 vidtaga
760 1658 40 31 de
817 1659 153 39 åtgärder
987 1671 69 21 som
1074 1662 170 39 erfordras,
1261 1664 52 31 för
1328 1670 53 27 att
1397 1667 62 30 den
1477 1667 182 41 föreslagna
1675 1671 94 31 verk-

282 1696 171 32 samheten
472 1698 81 31 skall
572 1699 111 33 kunna
702 1705 105 28 starta
825 1702 39 32 fr.
877 1714 28 20 o.
918 1715 42 21 m.
979 1705 120 32 läsåret
1120 1709 150 35 1963/64.

325 1813 173 33 Utskottet
515 1816 51 31 får
583 1816 181 40 framhålla,
783 1824 54 27 att
855 1822 165 32 utskottet
1039 1824 9 30 i
1066 1824 104 33 likhet
1187 1827 75 31 med
1282 1828 362 39 departementschefen
1662 1831 107 32 finner

280 1867 57 31 det
362 1869 171 40 angeläget
558 1874 53 28 att
635 1872 63 31 alla
722 1873 209 41 möjligheter
955 1881 52 27 att
1033 1878 123 32 snabbt
1181 1880 63 31 öka
1269 1881 416 42 utbildningskapaciteten
1711 1885 57 32 vid

279 1920 82 32 våra
385 1921 194 34 universitet
602 1925 60 31 och
685 1925 177 41 högskolor
885 1929 233 42 tillvaratages.
1143 1932 176 33 Utskottet
1343 1936 146 31 ansluter
1513 1937 47 40 sig
1583 1938 112 32 därför
1718 1939 49 32 till

278 1973 380 39 departementschefens
674 1979 42 38 på
733 1982 163 37 grundval
913 1994 42 20 av
972 1988 50 27 ett
1038 1985 211 33 betänkande
1266 1999 42 19 av
1328 1992 79 28 1962
1419 1990 52 31 års
1483 1990 284 34 Umeåkommitté

278 2026 182 41 framlagda
484 2029 120 41 förslag
626 2036 53 27 att
700 2033 194 33 akademisk
916 2036 189 42 utbildning
1127 2038 9 32 i
1159 2039 105 33 Umeå
1288 2040 9 32 i
1321 2044 140 31 ämnena
1485 2046 196 31 matematik
1704 2047 61 31 och

278 2080 149 32 statistik
454 2083 202 39 organiseras
683 2086 101 32 redan
813 2087 135 34 fr.o.m.
977 2091 121 32 läsåret
1128 2093 141 36 1963/64
1298 2100 87 27 samt
1413 2101 52 27 att
1494 2108 39 20 en
1562 2098 165 39 professur
1756 2100 9 31 i

276 2136 198 32 matematik
492 2138 61 31 och
573 2150 40 20 en
631 2139 165 39 professur
815 2141 10 31 i
844 2143 146 31 statistik
1009 2144 141 33 inrättas
1169 2146 38 32 fr.
1220 2158 29 20 o.
1261 2158 44 21 m.
1325 2152 96 29 nästa
1440 2150 163 41 budgetår
1621 2153 75 31 med
1715 2153 49 31 till

276 2188 95 32 dessa
396 2189 223 42 befattningar
643 2193 128 33 knutna
795 2195 228 39 hjälpkrafter.
1049 2198 113 41 Enligt
1186 2200 198 34 kommittén
1409 2214 93 21 avses
1527 2205 237 40 utbyggnaden

275 2252 43 20 av
343 2242 262 40 organisationen
631 2246 9 30 i
664 2246 105 32 Umeå
794 2248 51 31 för
869 2252 283 39 naturvetenskap
1177 2254 60 31 och
1263 2255 338 42 samhällsvetenskap
1626 2258 9 31 i
1659 2258 104 33 första

274 2294 91 32 hand
393 2295 132 33 komma
553 2302 53 27 att
633 2298 137 34 inriktas
799 2301 42 39 på
870 2302 50 31 för
947 2304 40 30 de
1015 2306 577 44 matematisk-naturvetenskapliga
1621 2314 142 31 ämnena

272 2368 43 4 —
333 2349 145 33 förutom
497 2353 197 31 matematik
711 2373 42 4 —
771 2354 98 40 fysik,
890 2356 156 32 teoretisk
1066 2358 86 39 fysik
1171 2360 61 31 och
1252 2360 87 32 kemi
1359 2367 87 27 samt
1464 2363 50 31 för
1533 2364 40 31 de
1594 2366 167 31 samhälls-

273 2404 247 40 vetenskapliga
536 2408 140 30 ämnena
688 2426 42 4 —
744 2407 146 33 förutom
905 2409 147 32 statistik
1065 2431 42 4 —
1120 2412 302 34 nationalekonomi
1436 2416 61 31 och
1512 2414 249 50 statskunskap.

273 2456 375 39 Departementschefen
675 2460 61 31 har
763 2460 191 39 framhållit,
982 2468 52 27 att
1063 2464 66 32 han
1158 2465 178 34 förutsatte
1365 2473 52 27 att
1446 2469 197 34 kommittén
1673 2472 10 31 i
1711 2473 50 31 sin

272 2509 131 40 slutliga
422 2511 288 40 utbyggnadsplan
730 2525 77 20 vore
827 2514 212 34 oförhindrad
1059 2522 52 27 att
1130 2518 233 42 tidigarelägga
1382 2533 44 20 nu
1446 2522 29 39 ej
1495 2524 176 40 medtagna
1691 2528 69 29 äm-
