1882 2784
475 198 277 32 Statsutskottets
768 194 174 32 utlåtande
960 204 40 20 nr
1017 194 39 29 77
1074 191 36 31 år
1127 193 81 29 1963
1547 192 39 27 33

97 284 188 36 kostnader,
308 280 158 37 materiel,
488 278 170 38 bokinköp
679 277 61 31 och
761 273 229 40 bokbindning
1013 276 85 28 samt
1121 269 172 40 inredning
1314 268 61 31 och
1398 265 189 40 utrustning

98 330 61 31 har
177 328 68 31 inte
264 327 82 40 givit
364 325 67 40 mig
449 323 176 39 anledning
644 322 49 31 till
712 320 138 32 erinran.

140 377 17 31 I
175 375 175 39 anledning
367 385 42 20 av
428 373 66 31 vad
512 369 364 34 universitetskanslern
894 366 112 32 anfört
1022 363 209 33 beträffande
1249 359 339 40 medelsanvisningen

100 422 50 31 till
172 420 170 39 inredning
364 418 61 32 och
448 416 190 39 utrustning
660 424 95 22 anser
775 413 64 39 jag,
862 416 52 27 att
936 411 109 31 denna
1065 409 61 31 bör
1147 408 34 31 få
1201 405 170 41 utnyttjas
1393 404 125 40 jämväl
1539 403 51 31 för

99 464 212 40 anskaffning
329 474 42 21 av
391 462 66 31 viss
476 457 386 42 forskningsutrustning.

141 520 18 31 I
178 519 57 32 det
252 517 145 40 följande
415 516 150 31 kommer
582 513 54 40 jag
654 515 148 29 närmast
819 515 53 27 att
889 508 166 33 behandla
1073 506 86 32 vissa
1178 502 276 43 organisatoriska
1472 501 118 41 frågor.

144 600 64 31 För
226 598 69 32 min
314 598 52 31 del
386 596 107 32 finner
512 595 55 40 jag
586 595 57 31 det
662 593 10 31 i
691 593 61 32 och
772 591 51 32 för
842 591 48 40 sig
908 589 160 40 naturligt
1087 592 53 28 att
1159 585 202 33 medicinska
1380 583 181 40 högskolan
1581 581 10 31 i

102 644 107 32 Umeå
233 643 61 31 och
317 639 358 40 tandläkarhögskolan
701 638 60 31 där
783 636 51 31 får
859 634 155 39 ställning
1037 644 42 20 av
1103 632 180 31 fakulteter
1307 629 10 31 i
1342 640 40 20 en
1407 626 184 41 integrerad

103 687 216 39 utbildnings-
342 686 61 31 och
425 681 419 42 forskningsorganisation.
866 680 63 39 Jag
951 689 95 21 anser
1066 677 67 39 mig
1154 674 180 33 emellertid
1356 673 70 31 inte
1446 683 44 20 nu
1512 672 81 30 böra

103 733 119 32 föreslå
242 736 52 27 att
314 742 41 20 en
376 730 104 31 sådan
501 726 190 41 förändring
712 724 246 39 statutmässigt
978 722 133 32 fastslås
1130 721 102 30 redan
1252 719 136 31 fr.o.m.
1410 718 64 31 den
1497 719 15 28 1
1534 715 60 40 juli

104 778 10 31 i
137 778 46 31 år.
207 776 112 40 Enligt
341 774 69 32 min
434 773 133 40 mening
589 772 60 32 bör
672 772 57 30 det
753 769 131 40 slutliga
907 765 333 41 ställningstagandet
1263 763 49 32 till
1335 762 115 40 frågan
1474 771 54 21 om
1552 771 40 20 en

105 823 103 30 sådan
230 818 279 42 omorganisation
531 817 95 32 anstå
648 815 49 32 till
720 814 203 40 prövningen
946 823 43 20 av
1011 807 448 39 universitetsutredningens
1482 804 112 40 övriga

104 867 121 39 förslag
251 864 138 32 rörande
416 861 253 33 universitetens
697 859 60 32 och
784 858 235 40 högskolornas
1046 853 221 42 organisation
1295 852 61 31 och
1383 849 211 40 förvaltning.

105 912 163 30 Däremot
286 919 95 22 anser
398 907 55 40 jag
472 907 57 31 det
547 917 42 20 av
608 905 80 31 flera
707 904 70 31 skäl
795 902 160 39 lämpligt,
974 905 53 27 att
1045 900 39 31 de
1103 897 212 38 medicinska,
1334 894 260 40 odontologiska,

105 949 579 40 matematisk-naturvetenskapliga
725 948 61 31 och
829 942 404 40 samhällsvetenskapliga
1274 940 219 39 utbildnings-
1534 938 62 31 och

106 998 366 40 forskningsenheterna
492 995 38 31 fr.
548 1006 23 20 o.
593 1005 34 20 m.
647 994 64 30 den
732 996 15 27 1
767 991 59 40 juli
847 994 79 28 1963
946 992 205 38 gemensamt
1169 987 178 31 benämnes
1366 983 231 33 universitetet

106 1045 12 30 i
136 1043 113 33 Umeå.
267 1043 62 39 Jag
346 1041 150 32 förordar
512 1044 53 27 att
582 1039 35 31 så
635 1038 83 31 sker.

149 1093 63 39 Jag
232 1091 56 31 vill
309 1090 105 32 erinra
436 1100 54 20 om
512 1092 53 28 att
585 1087 54 40 jag
661 1086 9 31 i
692 1086 86 31 årets
800 1080 389 42 statsverksproposition
1211 1079 56 32 vid
1288 1078 69 32 min
1378 1077 155 32 anmälan
1554 1087 42 20 av

108 1137 116 40 frågan
242 1147 53 20 om
315 1135 114 39 anslag
447 1133 49 31 till
515 1131 192 40 avlöningar
726 1130 48 31 till
793 1128 202 32 medicinska
1015 1126 180 40 högskolan
1215 1124 9 31 i
1243 1123 106 32 Umeå
1368 1122 158 36 förordat,
1545 1124 53 28 att

108 1181 174 39 ledningen
301 1179 50 32 för
369 1179 41 31 de
429 1176 201 33 medicinska
649 1175 62 31 och
730 1172 250 41 odontologiska
999 1172 185 30 lärosätena
1204 1168 10 32 i
1231 1167 106 33 Umeå
1355 1167 61 31 bör
1434 1165 164 33 anförtros

109 1222 440 44 organisationskommittén
568 1221 50 31 för
635 1218 202 33 medicinska
856 1217 181 40 högskolan
1056 1215 10 31 i
1084 1214 116 36 Umeå,
1219 1212 161 32 förstärkt
1398 1211 75 32 med
1492 1220 106 29 repre-

110 1273 170 29 sentanter
299 1268 50 32 för
369 1265 241 40 odontologien.
631 1264 120 32 Vidare
771 1263 59 31 har
850 1262 55 39 jag
925 1260 156 39 framlagt
1099 1259 121 39 förslag
1239 1256 211 33 beträffande
1470 1265 128 30 gemen-

111 1326 69 20 sam
206 1311 267 34 administration
498 1310 135 31 fr.o.m.
659 1308 197 40 budgetåret
883 1306 142 36 1963/64
1050 1304 50 31 för
1125 1302 206 33 sistnämnda
1356 1300 157 40 högskola
1538 1299 61 31 och

110 1357 358 40 tandläkarhögskolan
490 1355 10 31 i
521 1354 114 32 Umeå.

152 1406 230 32 Innevarande
407 1403 164 40 budgetår
595 1402 190 38 disponerar
809 1398 203 32 medicinska
1037 1396 180 40 högskolan
1243 1406 38 20 ca
1308 1397 132 28 121000
1466 1393 48 30 kr.
1539 1392 61 31 och

112 1449 348 34 tandläkarinstitutet
486 1448 1 30 i
504 1447 105 31 Umeå
627 1457 37 20 ca
683 1449 39 27 48
735 1448 59 27 000
812 1444 48 31 kr.
878 1443 51 31 för
946 1441 154 40 avlöning
1117 1451 43 21 av
1177 1438 246 33 administrativ
1441 1436 159 40 personal.

112 1497 17 31 I
151 1496 87 31 årets
261 1490 387 41 statsverksproposition
669 1490 60 31 har
750 1487 193 40 föreslagits,
965 1491 52 27 att
1038 1485 51 31 för
1109 1487 97 29 nästa
1227 1482 164 40 budgetår
1412 1480 189 41 ytterligare

115 1544 59 27 100
187 1543 60 28 000
264 1539 47 31 kr.
329 1537 132 32 anvisas
478 1536 50 31 för
544 1533 249 41 ifrågavarande
810 1531 165 33 ändamål.

155 1589 17 31 I
197 1588 141 39 enlighet
361 1587 76 30 med
461 1585 66 31 vad
551 1583 198 32 kommittén
772 1581 149 31 förordat
943 1580 62 31 bör
1027 1579 60 31 här
1109 1577 146 32 avsedda
1279 1585 243 31 gemensamma
1546 1574 56 31 ad-

114 1631 221 34 ministration
364 1630 137 39 betjäna
531 1632 84 28 även
644 1628 64 30 den
738 1623 403 39 samhällsvetenskapliga
1170 1622 62 31 och
1260 1619 343 33 matematisk-natur-

114 1676 248 40 vetenskapliga
382 1673 217 40 utbildnings-
620 1672 61 31 och
701 1668 462 42 forskningsorganisationen.
1183 1667 62 39 Jag
1264 1665 164 31 beräknar
1447 1663 9 31 i
1477 1663 126 31 föreva-

115 1723 102 31 rande
236 1720 238 38 sammanhang
491 1718 50 31 för
558 1720 95 28 nästa
671 1715 162 40 budgetår
851 1713 189 40 ytterligare
1059 1715 38 28 25
1111 1715 61 28 000
1189 1711 47 31 kr.
1255 1710 49 31 till
1321 1708 224 39 förstärkning
1562 1718 41 20 av

116 1768 63 30 den
201 1775 242 31 gemensamma
464 1760 266 34 administrativa
750 1759 203 39 personalen.
974 1756 201 40 Härigenom
1197 1755 102 31 skulle
1319 1754 51 31 för
1389 1754 94 30 detta
1504 1752 100 31 ända-

116 1812 66 30 mål
203 1810 55 31 vid
278 1808 231 32 universitetet
540 1806 1 31 i
558 1805 106 32 Umeå
684 1805 103 31 under
807 1802 200 40 budgetåret
1028 1801 141 35 1963/64
1189 1800 134 30 komma
1343 1802 53 27 att
1416 1797 189 39 disponeras

118 1854 218 39 sammanlagt
352 1856 61 27 294
426 1855 59 27 000
502 1852 47 30 kr.

159 1902 210 32 Kommittén
386 1901 61 30 har
463 1899 147 31 förordat
627 1902 52 27 att
695 1896 223 32 innehavarna
936 1905 42 21 av
996 1894 40 31 de
1052 1893 183 38 föreslagna
1251 1890 244 40 professurerna
1512 1889 10 31 i
1538 1900 68 20 ma-

119 1946 140 33 tematik
282 1946 60 30 och
367 1943 148 33 statistik
538 1943 75 30 eller
636 1942 41 31 de
701 1952 68 20 som
793 1941 42 38 på
859 1939 106 40 grund
989 1949 42 20 av
1054 1936 221 32 förordnande
1299 1935 191 38 uppehåller
1513 1934 93 30 dessa

119 1992 141 38 tjänster
283 1987 233 41 övergångsvis
541 1987 80 31 skall
646 1985 130 32 inträda
801 1995 69 20 som
895 1984 181 30 ledamöter
1100 1992 42 21 av
1166 1981 63 30 den
1254 1991 42 20 av
1320 1978 199 32 kommittén
1543 1978 64 30 för-

119 2040 129 27 utsatta
267 2033 202 32 medicinska
489 2032 194 35 fakulteten,
703 2030 70 30 dvs.
794 2029 56 31 det
870 2027 194 32 nuvarande
1082 2024 248 40 lärarkollegiet.
1350 2023 51 31 De
1422 2023 81 31 skall
1523 2022 85 31 dock

120 2080 101 39 enligt
246 2079 155 38 förslaget
427 2077 28 38 ej
484 2079 61 36 äga
571 2076 130 38 deltaga
728 2073 9 31 i
763 2071 285 40 handläggningen
1075 2081 41 20 av
1143 2068 349 39 befordringsärenden
1520 2066 86 31 inom

120 2123 161 40 kollegiet.
297 2123 62 38 Jag
374 2122 60 30 har
450 2121 84 30 intet
549 2124 51 27 att
616 2119 104 31 erinra
736 2121 71 27 mot
822 2118 63 30 den
902 2116 145 31 avsedda
1063 2113 235 39 anordningen.
1315 2113 67 30 Det
1398 2112 59 30 bör
1473 2111 135 31 ankom-

120 2180 54 19 ma
195 2168 43 38 på
257 2166 121 39 Kungl.
399 2165 105 38 Maj:t
523 2169 52 26 att
593 2163 134 31 utfärda
747 2164 150 28 närmare
916 2159 248 32 bestämmelser
1182 2158 125 30 härom.

162 2213 131 31 Ärende
309 2211 169 39 angående
496 2207 198 39 tillsättning
710 2217 41 20 av
769 2205 105 38 tjänst
892 2215 69 20 som
979 2203 163 39 professor
1159 2202 8 30 i
1185 2204 95 28 ämne
1298 2201 88 30 inom
1404 2200 63 30 den
1485 2211 41 19 av
1544 2198 66 39 mig

122 2258 182 37 föreslagna
325 2252 263 41 organisationen
609 2252 61 30 bör
690 2250 64 31 tills
775 2249 113 30 vidare
909 2248 201 37 handläggas
1131 2257 42 19 av
1195 2244 246 31 vederbörande
1463 2243 55 30 vid
1540 2243 70 30 uni-

123 2301 171 31 versitetet
318 2299 3 30 i
340 2298 148 38 Uppsala
508 2296 8 30 i
535 2295 142 39 enlighet
696 2294 73 30 med
789 2292 150 39 gällande
957 2290 256 31 bestämmelser.

165 2348 73 31 SES
261 2347 59 30 har
342 2349 112 27 ansett
476 2344 57 30 det
556 2343 71 30 från
651 2341 79 31 flera
754 2339 207 39 synpunkter
983 2337 187 37 motiverat,
1195 2340 52 26 att
1269 2346 39 20 en
1333 2334 137 31 särskild
1495 2334 116 31 under-

124 2393 269 40 visningsnämnd
421 2392 139 30 inrättas
585 2390 50 30 för
659 2389 39 30 de
724 2384 403 39 samhällsvetenskapliga
1152 2386 150 28 ämnena.
1328 2382 122 38 Frågor
1474 2381 138 31 rörande

124 2436 577 39 matematisk-naturvetenskapliga
727 2438 139 28 ämnena
891 2434 60 30 bör
976 2432 101 38 enligt
1101 2431 73 31 SFS
1200 2429 231 40 övergångsvis
1456 2429 156 38 handläg-

126 2500 55 28 gas
196 2500 41 20 av
253 2487 201 31 medicinska
470 2484 195 39 högskolans
681 2479 386 41 undervisningsnämnd.
1083 2479 72 30 SFS
1171 2478 59 30 har
1245 2476 116 32 därvid
1377 2476 169 36 förutsatt,
1562 2479 52 27 att

126 2539 262 35 representanter
407 2534 50 30 för
477 2533 89 30 såväl
586 2533 103 29 lärare
710 2541 68 20 som
799 2528 199 32 studerande
1018 2527 9 30 i
1046 2527 41 30 de
1106 2524 348 38 naturvetenskapliga
1475 2526 136 28 ämnena
