2224 2679
396 228 19 31 2
812 222 364 42 Bevillningsutskottets
1199 221 210 33 Betänkande
1432 220 62 32 N:o
1518 221 55 31 26.

387 308 178 50 utsyning
607 308 40 36 af
685 308 91 47 skog
804 309 20 34 å
851 306 224 47 allmänning
1104 305 87 36 eller
1218 304 106 36 ekars
1353 303 158 36 fällande
1539 305 20 33 å
1587 301 207 49 kronojord,
1823 300 161 39 tillverk-

389 365 90 47 ning
508 364 66 35 och
603 363 140 36 inlösen
771 362 40 36 af
836 362 155 47 salpeter
1010 361 67 35 och
1096 360 87 36 tvist
1202 372 56 23 om
1278 358 183 47 värfning,
1481 358 13 36 i
1514 358 133 36 sådana
1667 360 45 45 på
1732 357 253 47 förvaltnings-

389 418 234 47 myndighets
651 417 174 47 pröfning
853 416 179 36 beroende
1061 415 170 43 ärenden,
1263 426 74 23 som
1367 415 93 45 angå
1488 424 109 36 syner
1625 414 20 33 å
1673 415 162 44 ryttare-,
1858 412 127 35 soldat-

389 473 87 36 eller
517 472 277 47 båtsmanstorp,
838 471 13 35 i
886 470 170 44 ärenden,
1087 481 74 24 som
1192 468 92 36 afses
1313 467 13 36 i
1354 468 108 46 lagen
1490 467 153 35 rörande
1673 466 123 47 afgäld
1826 466 81 36 från
1937 466 48 35 af-

389 528 157 36 söndrad
574 526 183 47 lägenhet,
787 527 39 34 så
850 525 68 36 ock
941 524 13 36 i
975 524 170 44 ärenden,
1167 535 73 24 som
1262 521 299 49 anhängiggjorts
1581 522 65 35 hos
1661 520 326 49 justitiekanslers-

389 582 157 36 ämbetet
574 581 89 36 eller
690 580 229 47 Riksdagens
944 578 391 49 justitieombudsman.

495 635 131 48 Enligt
668 635 108 37 ofvan
817 634 235 36 omförmälda
1094 630 355 49 statsrådsprotokoll
1490 631 67 34 har
1598 629 129 37 chefen
1768 629 56 36 för
1856 630 131 35 finans-

390 692 288 45 departementet
707 690 61 35 vid
797 689 166 35 ärendets
992 687 259 46 föredragning
1270 686 97 35 inför
1387 685 135 46 Kungl.
1545 684 106 48 Maj:t
1671 684 119 36 anfört
1808 684 177 48 följande:

503 744 90 46 »Jag
635 742 162 36 anhåller
838 742 150 34 härmed
1029 741 13 34 i
1083 739 292 46 underdånighet
1419 741 52 32 att
1507 738 36 34 få
1572 738 141 34 anmäla
1741 737 98 36 vissa
1868 737 120 46 frågor

390 798 156 36 rörande
588 797 197 47 ändringar
826 795 14 36 i
881 795 166 48 gällande
1090 792 378 49 stämpelförordning,
1499 791 129 37 hvilka
1656 792 40 35 af
1721 791 120 36 skilda
1869 791 119 35 anled-

390 853 134 46 ningar
553 863 108 36 synas
690 850 201 48 påkallade.

497 905 130 48 Enligt
658 905 112 47 nådig
798 903 217 48 kungörelse
1044 903 70 35 den
1146 904 47 34 14
1223 901 166 37 sistlidne
1415 899 147 50 januari
1590 900 68 35 har
1686 900 217 44 förordnats,
1935 902 54 33 att

392 962 71 35 den
504 959 151 49 nyligen
693 958 183 37 inrättade
905 957 282 48 öfverstyrelsen
1216 956 55 36 för
1299 956 117 35 rikets
1447 955 181 35 allmänna
1656 954 167 36 läroverk
1853 954 94 36 skall
1977 954 13 35 i

391 1015 105 47 fråga
536 1027 56 23 om
635 1013 331 48 expeditionslösen
1008 1011 170 36 hänföras
1215 1011 57 35 till
1301 1011 43 34 de
1374 1009 358 48 statsmyndigheter,
1764 1020 73 23 som
1867 1008 121 35 finnas

391 1072 189 44 upptagna
607 1068 14 36 i
649 1069 70 34 den
747 1068 117 48 fjärde
894 1067 39 35 af
958 1067 44 34 de
1030 1066 13 35 i
1075 1068 17 33 1
1123 1066 22 46 8
1170 1065 13 35 i
1202 1064 134 47 nådiga
1354 1063 259 47 förordningen
1633 1063 187 46 angående
1840 1062 148 47 expedi-

392 1123 197 36 tionslösen
628 1123 70 35 den
730 1124 19 33 7
781 1121 186 36 december
1000 1122 97 34 1883
1130 1122 186 44 upptagna
1345 1117 241 47 afdelningar,
1617 1117 154 37 hvilken
1800 1116 189 47 afdelning

392 1177 171 36 omfattar
591 1176 224 44 öfverrätter,
846 1174 174 47 kollegier
1048 1174 66 36 och
1143 1174 112 34 andra
1283 1172 159 37 centrala
1471 1171 241 36 ämbetsverk.
1770 1170 20 36 I
1809 1171 181 35 öfverens-

394 1229 204 37 stämmelse
625 1230 151 35 härmed
803 1229 104 36 torde
936 1227 162 37 bemälde
1127 1227 163 48 styrelse,
1320 1228 45 44 på
1394 1228 71 32 sätt
1494 1225 209 35 densamma
1727 1223 14 36 1i
1761 1224 230 47 underdånig

394 1284 192 37 skrifvelse
628 1285 70 34 den
744 1286 46 32 14
832 1282 247 36 innevarande
1121 1292 94 23 mars
1258 1280 193 44 hemställt,
1486 1279 87 35 böra
1597 1278 138 48 jämväl
1762 1278 228 35 beträffande

394 1339 154 47 stämpel
587 1338 58 35 till
686 1337 301 47 expeditionerna
1028 1338 179 44 upptagas
1243 1334 111 35 bland
1383 1334 44 34 de
1458 1332 267 48 myndigheter,
1757 1344 75 23 som
1862 1332 127 35 omför-

393 1394 111 34 mälas
532 1392 13 36 i
574 1392 250 36 motsvarande
853 1390 187 46 afdelning
1069 1389 39 35 af
1136 1391 17 33 1
1186 1389 23 46 8
1237 1388 13 35 i
1279 1387 166 48 gällande
1475 1385 379 48 stämpelförordning.

501 1446 75 36 Vid
604 1446 238 35 utarbetande
872 1444 40 36 af
937 1445 61 35 det
1026 1443 136 47 förslag
1189 1442 58 36 till
1276 1442 58 46 lag
1361 1441 153 35 rörande
1542 1439 124 48 afgäld
1694 1440 83 35 från
1797 1439 195 36 afsöndrad

395 1500 184 48 lägenhet,
610 1499 144 37 hvilket
782 1511 129 36 genom
939 1498 111 46 nådig
1078 1495 223 50 proposition
1330 1496 70 35 den
1431 1497 46 33 31
1510 1494 188 35 december
1731 1496 100 33 1904
1853 1493 138 47 dragits

394 1556 118 34 under
540 1555 232 46 Riksdagens
801 1552 183 48 pröfning,
1015 1553 221 41 förutsattes,
1268 1552 52 33 att
1346 1550 117 35 beslut
1482 1549 13 34 i
1514 1549 170 43 ärenden,
1706 1560 74 23 som
1802 1548 12 35 i
1833 1548 160 35 nämnda

394 1609 60 47 lag
496 1608 151 47 afsåges,
691 1607 186 47 nämligen
918 1606 121 47 frågor
1080 1618 57 23 om
1173 1603 230 37 fastställelse
1431 1602 12 36 i
1471 1602 97 37 vissa
1598 1602 67 35 fall
1693 1602 41 35 af
1759 1601 122 48 afgäld
1910 1602 82 34 från

395 1663 195 35 afsöndrad
631 1662 171 46 lägenhet
844 1662 67 34 och
953 1673 56 23 om
1045 1659 208 46 fördelning
1288 1658 130 35 mellan
1447 1657 300 35 stamhemmanet
1776 1656 67 35 och
1872 1656 120 46 lägen-

394 1718 111 34 heten
546 1716 40 36 af
617 1716 133 35 sådana
778 1716 181 34 allmänna
987 1713 201 47 utskylder,
1218 1712 13 35 i
1259 1711 146 36 hvilkas
1433 1711 201 46 utgörande
1663 1710 218 46 lägenheten
1909 1709 83 36 icke

395 1770 224 37 omedelbart
660 1770 141 46 deltoge
831 1790 50 4 —
910 1768 126 36 hvilka
1078 1767 159 35 ärenden
1278 1765 115 47 enligt
1421 1765 170 46 förslaget
1620 1763 118 37 skulle
1766 1763 228 47 handläggas

396 1825 41 35 af
474 1824 137 46 Kungl.
655 1823 124 47 Maj:ts
821 1821 405 47 befallningshafvande
1261 1841 51 3 —
1344 1819 111 35 borde
1497 1819 182 34 meddelas
1723 1817 269 35 kostnadsfritt.

396 1878 227 46 Riksdagen,
666 1889 76 23 som
784 1876 134 36 bifallit
959 1875 157 35 nämnda
1144 1874 145 46 förslag,
1319 1885 108 35 synes
1456 1872 148 35 därmed
1633 1871 109 36 äfven
1769 1871 111 35 hafva
1908 1871 85 46 god-

397 1933 91 35 känt
515 1931 153 36 berörda
696 1930 274 46 förutsättning,
1001 1929 144 36 hvadan
1173 1927 249 36 bestämmelse
1450 1926 14 35 1
1493 1925 150 48 angifna
1670 1925 95 48 syfte
1785 1925 103 35 torde
1907 1925 89 35 böra

398 1986 137 36 införas
578 1985 13 35 i
632 1983 426 48 stämpelförordningen.
1124 1982 112 35 Detta
1273 1992 108 36 synes
1423 1980 206 47 lämpligast
1671 1980 65 34 ske
1777 1991 129 34 genom
1950 1990 46 22 en

400 2039 158 47 ändring
586 2039 40 35 af
654 2041 19 32 7
705 2039 21 46 8
755 2037 13 36 i
798 2036 269 47 förordningen.

505 2093 20 35 I
556 2096 47 32 26
634 2093 22 46 8
685 2092 13 35 i
726 2092 134 47 nådiga
888 2090 260 47 förordningen
1177 2088 186 48 angående
1392 2087 243 47 tillverkning
1663 2087 68 35 och
1759 2084 239 48 beskattning

400 2148 40 35 af
465 2147 248 47 maltdrycker
741 2147 70 34 den
843 2147 46 33 17
916 2145 84 48 juni
1032 2146 98 33 1903
1162 2149 39 29 är
1229 2142 244 44 föreskrifvet,
1505 2144 63 41 att,
1600 2142 44 34 då
1671 2139 203 37 skattefritt
1892 2140 104 46 bryg-

400 2201 79 48 geri
508 2200 94 36 skall
631 2203 113 32 sättas
772 2200 14 35 i
814 2202 97 44 gång
940 2199 87 35 eller
1055 2198 63 36 vid
1145 2196 128 49 början
1302 2196 39 35 af
1366 2198 51 34 ett
1446 2195 301 46 tillverkningsår
1775 2193 222 36 fortfarande

400 2268 88 23 vara
530 2255 13 35 i
585 2254 242 44 verksamhet,
858 2254 167 34 anmälan
1050 2253 122 35 därom
1202 2250 95 36 skall
1325 2254 103 42 göras
1457 2251 65 34 hos
1551 2249 139 47 Kungl.
1721 2247 124 48 Maj:ts
1873 2246 124 37 befall-

401 2309 303 47 ningshafvande,
736 2321 86 30 som,
854 2308 64 35 där
946 2307 132 36 hinder
1105 2306 31 48 ej
1168 2308 123 41 möter,
1321 2304 186 36 meddelar
1535 2301 288 38 tillståndsbevis
1852 2301 56 36 för
1926 2301 72 36 till-
