2218 2618
466 174 117 31 Andra
608 175 203 31 kammarens
830 176 112 39 första
970 176 167 41 tillfälliga
1162 179 132 31 utskotts
1318 179 166 32 utlåtande
1512 181 48 30 Nr
1584 184 29 30 3.
1823 183 19 29 5

246 274 43 24 en
335 265 126 33 månad
504 268 92 32 samt
625 269 53 31 att
711 266 114 46 enligt
854 272 21 39 &
907 272 47 30 85
987 281 103 22 mom.
1123 272 22 31 4
1176 270 161 34 meddela
1367 270 142 36 kortare
1538 271 302 37 interimsförord-

246 316 153 35 nanden.

352 369 121 36 Såsom
519 383 42 23 av
605 373 101 34 dessa
750 373 269 36 bestämmelser
1055 375 166 47 framgår,
1253 377 170 35 omfattar
1453 378 389 45 prokanslersämbetet

245 421 70 35 dels
345 424 133 34 sådana
508 424 226 47 åligganden,
771 438 71 23 som
874 427 202 35 tillkomma
1106 429 234 45 prokanslern
1370 431 60 33 vid
1457 432 102 33 sidan
1589 444 43 22 av
1656 432 181 44 kanslern,

244 475 70 34 dels
343 477 134 35 sådana
506 477 227 47 åligganden,
766 491 71 23 som
860 480 202 35 tillkomma
1083 482 235 45 prokanslern
1338 494 113 23 såsom
1472 484 182 35 kanslerns
1669 486 171 42 ställföre-

243 529 149 35 trädare.
452 531 132 33 Medan
618 533 97 32 1876
747 534 56 32 års
832 532 391 37 universitetsstatuter
1252 539 21 40 $&
1307 538 44 31 79
1383 535 57 35 till
1468 537 69 33 den
1563 537 93 35 förra
1673 550 165 34 gruppen

244 593 43 22 av
316 581 256 46 prokanslerns
603 583 215 47 åligganden
848 585 101 35 förde
979 592 90 29 även
1090 587 382 47 befattningstagande
1494 591 79 33 med
1594 590 244 47 befordrings-

244 635 168 43 ärenden,
445 636 199 35 förbehålla
672 650 49 21 nu
750 638 167 46 gällande
946 642 154 32 statuter
1129 640 117 47 dylikt
1276 641 381 48 befattningstagande
1682 646 35 32 åt
1734 644 104 34 kans-

242 687 87 35 lern.
388 689 18 33 I
448 689 56 34 sin
547 690 318 48 ämbetsutövning
908 691 60 35 vid
1011 692 103 35 sidan
1149 707 43 22 av
1222 694 170 35 kanslern
1422 695 132 35 saknar
1583 696 149 36 sålunda
1762 710 75 33 pro-

242 740 172 36 kanslern
457 755 147 23 numera
639 744 216 46 befogenhet
884 749 52 32 att
967 746 134 35 befatta
1130 747 55 47 sig
1215 749 80 33 med
1324 748 399 47 befordringsärenden,
1756 763 81 23 men

242 793 12 35 i
288 794 98 36 kraft
429 796 39 34 af
504 799 219 33 statuternas
765 799 22 44 &
834 801 43 31 16
922 799 219 36 tillkommer
1188 802 128 34 honom
1351 801 144 37 likvisst
1525 803 116 34 denna
1670 804 167 47 befogen-

242 848 62 34 het
344 850 116 34 under
502 850 63 35 där
607 851 156 46 angivna
801 852 317 47 omständigheter.
1177 855 71 34 Det
1290 855 265 46 avslagsmotiv,
1596 868 73 23 som
1700 857 136 46 föregå-

241 901 90 35 ende
373 902 140 35 utskott
548 906 117 32 ansett
694 903 55 47 sig
778 904 124 35 kunna
930 907 140 44 grunda
1099 908 121 45 därpå,
1251 911 52 31 att
1332 909 69 33 den
1428 909 206 46 befattning
1663 911 81 34 med
1772 911 59 34 be-

241 953 317 48 fordringsfrågor,
603 968 73 23 som
720 957 114 46 enligt
862 959 22 44 8
917 961 45 30 79
994 959 12 33 i
1039 962 97 31 1876
1181 962 56 32 års
1280 960 387 37 wniversitetsstatuter
1695 963 139 35 tillkom

240 1007 238 46 prokanslern
520 1021 148 23 numera
710 1010 184 46 upphäfts,
939 1011 96 36 visar
1064 1012 55 47 sig
1147 1013 104 35 alltså
1280 1013 60 36 vid
1369 1020 163 29 närmare
1562 1016 159 47 eftersyn
1751 1029 85 23 vara

240 1061 140 35 mindre
409 1062 168 36 hållbart.

347 1116 187 36 Utskottet
563 1117 132 34 önskar
724 1117 92 36 fästa
844 1119 369 46 uppmärksamheten
1242 1123 46 43 på
1317 1121 158 47 följande
1506 1126 155 32 moment
1690 1124 12 34 i
1727 1127 107 32 statu-

239 1172 120 32 ternas
389 1169 150 37 anförda
567 1170 285 36 bestämmelser:

349 1225 30 32 1.
439 1223 243 43 Självskrivna
723 1224 220 36 innehavare
987 1238 44 23 av
1060 1226 390 46 prokanslersämbetet
1479 1234 59 30 äro
1568 1230 266 47 ärkebiskopen

238 1276 65 35 och
332 1275 180 48 biskopen
541 1276 12 35 i
581 1278 116 35 Lund.

346 1331 33 33 2.
438 1330 120 35 HSåsom
604 1331 308 36 ställföreträdare
948 1332 55 35 för
1032 1333 170 35 kanslern
1231 1335 66 34 har
1325 1335 236 45 prokanslern
1590 1340 53 32 att
1671 1338 160 35 bestrida

238 1382 189 35 kanslerns
456 1383 219 47 åligganden
705 1386 65 34 och
801 1386 150 34 sålunda
981 1391 90 30 även
1100 1390 52 32 att
1171 1388 116 34 under
1306 1388 96 35 vissa
1422 1390 309 46 omständigheter
1750 1395 82 43 taga

237 1435 207 48 befattning
474 1437 81 35 med
584 1436 400 48 befordringsärenden.

343 1489 73 35 Det
457 1495 40 29 är
538 1490 102 35 alltså
682 1491 238 47 obestridligt,
961 1495 52 32 att
1043 1494 242 45 ärkebiskopen
1313 1495 67 35 och
1409 1496 158 44 biskopen
1595 1498 13 33 i
1636 1497 109 36 Lund
1772 1504 60 29 äro

235 1542 235 43 självskrivna
512 1543 80 36 icke
635 1544 89 36 blott
767 1548 52 32 att
861 1546 103 35 alltid
1010 1546 159 36 bestrida
1211 1547 258 46 prokanslerns
1500 1549 214 49 åligganden
1744 1554 87 33 utan

236 1601 91 30 även
357 1599 53 33 att
436 1598 116 34 under
586 1597 94 36 vissa
709 1598 310 48 omständigheter
1047 1600 160 36 bestrida
1230 1601 135 47 jämväl
1394 1602 190 36 kanslerns
1613 1604 217 47 åligganden

235 1650 65 35 och
343 1650 149 35 sålunda
526 1653 36 33 ta
590 1651 207 48 befattning
826 1653 80 35 med
935 1654 66 34 och
1031 1657 107 32 utöva
1166 1653 200 48 inflytande
1395 1658 45 43 på
1469 1661 91 31 även
1588 1657 240 48 befordrings-

235 1703 179 36 ärendena
443 1703 60 36 vid
533 1707 84 33 våra
645 1704 225 37 universitet.

340 1757 69 35 För
437 1757 119 47 övrigt
584 1764 38 29 är
651 1761 52 33 att
732 1759 134 43 märka,
897 1763 53 32 att
978 1762 219 34 statuternas
1226 1762 22 45 8
1277 1764 45 33 15
1353 1774 63 35 ger
1445 1763 249 46 prokanslern,
1725 1766 104 34 alltså

234 1810 266 47 ärkebiskopen
543 1812 65 35 och
648 1812 178 47 biskopen
855 1813 12 35 i
895 1814 118 43 Lund,
1058 1814 220 47 befogenhet
1320 1819 62 40 att,
1413 1816 12 35 i
1453 1816 100 36 vilka
1581 1818 247 36 universitets-

234 1864 157 35 ärenden
433 1864 61 35 det
536 1877 84 23 vara
662 1868 68 42 må,
776 1866 86 35 söka
904 1879 128 34 genom
1072 1867 311 48 framställningar
1410 1870 67 35 och
1506 1870 134 48 förslag
1668 1872 160 46 påverka

235 1917 171 36 kanslern
435 1917 13 36 i
477 1917 73 37 viss
579 1918 175 49 riktning.

340 1972 72 35 Det
454 1972 65 34 har
548 1976 101 44 synts
678 1973 178 36 utskottet
885 1986 82 24 vara
998 1975 70 35 den
1097 1975 266 48 betänkligaste
1393 1976 103 36 sidan
1525 1977 65 37 hos
1620 1979 69 35 den
1718 1992 109 23 nuva-

232 2026 110 34 rande
372 2025 501 47 prokanslersinstitutionen,
905 2030 53 33 att
988 2028 268 47 ärkebiskopen
1285 2030 66 35 och
1380 2030 178 47 biskopen
1588 2031 13 35 i
1629 2033 108 34 Lund
1767 2038 59 30 äro

231 2078 236 43 självskrivna
504 2078 219 37 innehavare
761 2094 44 22 av
834 2081 168 36 ämbetet.
1061 2082 129 35 Denna
1224 2083 251 36 bestämmelse
1516 2097 63 34 ger
1611 2086 151 46 uttryck
1791 2089 36 32 åt

231 2144 44 23 en
317 2131 152 48 princip,
514 2145 73 23 som
630 2134 177 35 utskottet
849 2135 119 35 finner
1010 2147 84 23 vara
1135 2134 81 36 icke
1251 2136 90 35 blott
1369 2137 172 45 ohällbar,
1572 2142 88 32 utan
1688 2139 12 35 i
1730 2139 96 36 vissa

231 2185 62 36 fall
323 2185 152 48 skadlig.
534 2186 212 48 Principens
775 2188 225 35 ohållbarhet
1028 2188 113 48 ligger
1170 2189 88 44 däri,
1290 2194 53 31 att
1364 2203 81 22 man
1466 2195 86 31 utan
1572 2192 123 35 vidare
1716 2193 108 35 förut-

230 2242 122 41 sätter,
398 2242 51 33 att
486 2240 246 36 innehavarne
762 2254 37 22 av
836 2241 309 47 biskopsstolarne
1175 2243 12 34 i
1216 2243 159 47 Uppsala
1404 2246 65 33 och
1500 2246 104 34 Lund
1633 2246 102 35 alltid
1764 2252 59 30 äro
