1872 2774
215 161 19 30 2
506 159 406 41 Bevillningsutskottets
931 160 219 30 betänkande
1167 170 44 20 nr
1227 161 43 30 34
1286 160 40 31 år
1345 162 84 29 1963

894 398 144 44 Förslag

944 461 52 31 till

858 523 218 44 Förordning

697 619 60 21 om
771 607 459 44 trafikomläggningsskatt

260 702 211 39 Härigenom
488 703 188 31 förordnas
693 712 76 22 som
787 704 116 40 följer.

932 779 66 38 18.

259 829 118 31 Under
396 829 84 30 åren
502 828 214 31 1964-1967
738 829 91 31 skall
849 830 11 29 i
880 830 151 40 enlighet
1052 829 80 31 med
1152 829 310 31 bestämmelserna
1481 830 11 30 i
1513 830 115 31 denna
1648 830 69 31 för-

215 872 149 38 ordning
389 872 51 29 till
465 873 115 29 staten
605 872 156 40 erläggas
787 872 151 30 särskild
963 872 94 30 skatt
1083 872 55 30 för
1162 872 242 31 motorfordon
1433 872 282 41 (trafikomlägg-

215 911 232 40 ningsskaltt).

928 954 69 37 28.

259 1003 269 40 Skattepliktiga
543 1005 107 39 enligt
665 1005 116 29 denna
795 1005 206 40 förordning
1015 1005 61 30 äro
1092 1005 55 29 för
1160 1005 86 30 visst
1261 1005 39 30 år
1315 1006 41 30 de
1370 1006 254 37 motorfordon,
1641 1015 74 22 som

213 1046 58 30 vid
291 1046 93 30 årets
403 1046 124 39 början
548 1046 119 31 finnas
687 1049 179 37 upptagna
886 1047 11 29 i
915 1047 196 39 bilregister
1130 1047 84 30 eller
1231 1047 58 30 vid
1308 1048 116 30 denna
1443 1048 167 40 tidpunkt
1629 1048 12 30 i
1661 1057 56 21 av-

213 1088 107 30 bidan
340 1088 46 40 på
404 1089 226 39 registrering
650 1089 180 31 användas
851 1091 11 29 i
883 1089 109 30 trafik
1012 1089 74 30 lika
1104 1090 81 29 med
1205 1090 230 39 registrerade
1455 1089 138 35 fordon,
1616 1091 100 29 även-

215 1139 75 21 som
315 1131 253 35 motorfordon,
592 1131 95 30 vilka
710 1131 113 30 under
846 1131 215 30 månaderna
1086 1131 154 35 oktober,
1265 1132 187 30 november
1475 1132 84 30 eller
1583 1132 133 30 decem-

213 1172 61 30 ber
298 1173 156 29 närmast
478 1173 208 39 föregående
711 1173 39 30 år
773 1172 80 31 från
876 1173 195 40 bilregister
1094 1173 172 31 överförts
1289 1174 53 30 till
1367 1176 90 28 samt
1480 1174 59 30 vid
1562 1174 153 30 nämnda

213 1213 167 40 tidpunkt
397 1215 143 30 kvarstå
557 1216 11 29 i
585 1215 323 40 bilreservregister.

257 1256 61 30 Att
336 1256 12 30 i
365 1256 93 31 vissa
474 1257 63 30 fall
555 1257 451 40 trafikomläggningsskatt
1026 1257 90 30 skall
1134 1257 156 40 erläggas
1308 1257 56 30 för
1382 1258 253 37 motorfordon,
1654 1258 61 30 vil-

213 1297 60 30 ket
293 1298 77 30 icke
388 1298 98 31 blivit
506 1298 111 31 infört
636 1299 11 29 i
665 1298 197 40 bilregister
881 1299 112 30 ehuru
1012 1299 58 30 det
1091 1299 77 30 bort
1189 1299 64 30 här
1273 1300 11 29 i
1304 1299 90 30 riket
1415 1300 215 39 registreras,
1651 1300 65 30 föl-

211 1338 56 39 jer
287 1348 43 21 av
350 1340 67 30 vad
437 1340 116 30 nedan
574 1341 12 29 i
610 1340 39 30 10
673 1340 15 37 8
713 1341 151 39 stadgas.

257 1380 183 39 Uttrycket
462 1382 244 30 motorfordon
732 1383 179 30 användes
934 1383 12 30 i
971 1383 115 30 denna
1113 1383 206 40 förordning
1343 1383 11 29 i
1380 1392 136 21 samma
1539 1384 175 39 betydelse

214 1430 75 22 som
308 1422 11 30 i
335 1423 440 41 vägtrafikförordningen.

929 1465 68 38 38.

258 1513 210 40 Skatteplikt
492 1515 108 40 enligt
623 1515 114 31 denna
760 1515 206 41 förordning
989 1516 185 40 föreligger
1195 1516 76 31 icke
1295 1516 55 31 för
1371 1517 244 31 motorfordon
1640 1527 75 22 som

212 1556 58 30 vid
292 1556 67 30 den
379 1557 10 29 i
410 1557 18 30 2
451 1557 15 37 $
489 1557 152 39 angivna
661 1557 211 40 tidpunkten
893 1558 92 35 eller,
1007 1558 12 29 i
1041 1557 100 40 fråga
1161 1567 56 21 om
1238 1559 319 40 reservregistrerat
1577 1560 137 34 fordon,

212 1597 59 30 vid
286 1598 243 41 överföringen
545 1599 54 30 till
615 1599 313 40 bilreservregister
942 1600 39 29 är
995 1600 145 40 jämlikt
1155 1600 21 30 2
1193 1599 16 38 $
1226 1600 112 31 första
1354 1601 82 30 eller
1452 1602 112 30 andra
1580 1602 134 39 stycket

212 1638 252 40 förordningen
486 1641 70 29 den
578 1641 19 29 2
619 1641 79 39 juni
723 1641 83 30 1922
830 1650 57 21 om
912 1641 289 31 automobilskatt
1224 1642 157 31 frikallat
1404 1643 82 30 från
1509 1644 206 40 skatteplikt

212 1681 108 40 enligt
336 1681 221 31 sistnämnda
572 1681 216 41 förordning.

928 1724 20 30 4
969 1725 28 38 8.

257 1773 240 40 Skattskyldig
517 1774 57 29 för
594 1773 127 31 fordon
740 1774 40 30 är
800 1773 56 32 för
874 1775 87 30 visst
981 1775 40 31 år
1040 1775 78 35 den,
1141 1785 76 21 som
1234 1775 59 32 vid
1314 1777 92 31 årets
1425 1777 128 40 början
1574 1777 39 30 är
1631 1777 85 30 eller

210 1815 79 30 bort
309 1825 84 20 vara
413 1816 11 29 i
444 1816 198 39 bilregister
661 1816 84 31 eller
765 1816 314 41 bilreservregister
1101 1818 197 31 antecknad
1320 1819 115 30 såsom
1458 1820 101 39 ägare
1581 1828 44 21 av
1646 1819 69 30 for-

211 1858 116 29 donet.

256 1899 117 30 Ävilar
396 1900 295 40 skattskyldighet
715 1900 55 31 för
793 1903 49 28 ett
866 1901 126 31 fordon
1016 1901 89 31 flera
1129 1911 74 21 som
1228 1902 155 31 samfällt
1407 1904 102 39 ägare
1533 1912 43 21 av
1597 1903 118 31 fordo-

212 1944 69 31 net,
300 1942 98 30 skola
416 1943 41 29 de
476 1952 102 21 svara
594 1943 57 30 för
670 1943 157 31 skattens
845 1944 207 39 erläggande
1070 1953 43 21 en
1130 1944 57 31 för
1205 1945 68 30 alla
1291 1945 65 30 och
1374 1945 69 30 alla
1461 1945 56 31 för
1533 1954 54 22 en.

928 2027 19 30 5
968 2027 28 38 8.

255 2073 467 41 Trafikomläggningsskatt
743 2076 91 30 skall
856 2076 55 30 för
930 2077 98 40 varje
1051 2077 40 30 år
1112 2078 156 39 erläggas
1289 2078 80 30 med
1392 2078 158 40 följande
1571 2079 141 40 belopp:

255 2116 37 34 a)
322 2116 56 31 för
394 2117 215 39 motorcykel
628 2117 99 40 tjugo
745 2118 147 37 kronor;

255 2157 39 33 b)
324 2157 57 31 för
395 2159 188 39 personbil,
601 2168 80 22 vars
697 2159 210 40 tjänstevikt
923 2161 31 40 ej
975 2161 190 40 överstiger
1183 2162 330 31 ettusenetthundra
1530 2163 183 39 kilogram,

212 2199 106 40 fyrtio
337 2201 144 37 kronor;

256 2241 34 33 c)
321 2241 56 30 för
402 2242 187 38 personbil,
616 2252 81 21 vars
723 2243 209 40 tjänstevikt
958 2245 191 40 överstiger
1174 2246 330 31 ettusenetthundra
1530 2254 81 22 men
1637 2246 77 30 icke

210 2284 355 31 ettusenfemhundra
586 2285 183 40 kilogram,
790 2286 199 39 sjuttiofem
1009 2287 147 37 kronor;
1179 2290 90 28 samt

254 2325 40 34 d)
324 2325 56 31 för
399 2329 106 28 annat
524 2327 245 31 motorfordon
789 2328 190 30 etthundra
998 2329 142 30 kronor.

256 2365 145 32 Skatten
426 2368 89 31 skall
539 2368 215 32 bestämmas
778 2370 82 30 med
884 2370 138 40 hänsyn
1048 2371 54 30 till
1127 2371 179 31 fordonets
1332 2371 246 31 beskaffenhet
1604 2371 109 32 sådan

212 2409 116 71 denna
344 2409 58 31 vid
421 2411 67 30 den
504 2411 12 30 i
535 2411 20 30 2
575 2411 17 38 $
612 2411 150 40 angivna
780 2411 212 41 tidpunkten
1011 2414 40 29 är
1067 2413 211 40 registrerad
1295 2414 83 31 eller
1395 2414 77 30 bort
1490 2423 85 21 vara
1592 2415 122 39 regist-

212 2459 112 21 rerad.
