1876 2774
252 155 38 30 16
540 156 404 40 Bevillningsutskottets
963 159 219 30 betänkande
1199 170 43 19 nr
1260 162 41 29 34
1319 161 40 30 år
1378 163 84 29 1963

877 243 240 30 Närvarande:

297 288 79 30 från
411 289 165 31 första
611 291 220 32 kammaren:
856 293 122 30 herrar
1001 294 92 30 John
1118 295 174 35 Ericsson,
1317 297 169 40 Hagberg,
1512 298 125 30 fröken
1663 301 89 28 Ran-

252 331 112 34 mark,
385 331 120 30 herrar
527 332 109 30 Oscar
658 333 195 35 Carlsson",
874 335 205 40 Wärnberg,
1102 337 224 35 Lundström,
1350 339 116 39 Yngve
1490 340 151 36 Nilsson,
1667 342 85 29 Sun-

250 372 72 34 din,
342 373 86 29 Paul
447 374 153 30 Jansson
621 376 64 28 och
706 376 83 29 Erik
811 376 89 40 Filip
921 378 200 35 Petersson;
1146 382 89 27 samt

297 422 79 29 från
416 424 153 30 andra
612 425 219 31 kammaren:
865 427 121 30 herrar
1018 429 143 35 Brandt,
1192 430 154 35 Allard”,
1378 432 140 30 Nilsson
1551 433 10 29 i
1596 434 155 34 Svalöv”,

251 464 180 39 Engkvist,
456 465 227 31 Christenson
707 468 11 28 i
744 468 160 35 Malmö",
929 470 215 39 Magnusson
1168 471 11 29 i
1204 472 119 34 Borås,
1350 473 201 31 Andersson
1578 475 10 29 i
1615 476 136 35 Essvik,

249 506 153 29 Larsson
422 507 10 29 i
454 508 119 34 Umeå,
593 508 163 31 Carlsson
777 510 10 29 i
810 511 163 30 Västerås
995 513 64 29 och
1082 513 147 31 Fälldin.

283 566 13 14 +
316 566 62 24 Icke
391 568 122 24 närvarit
527 569 47 23 vid
586 570 135 30 justering
734 577 35 17 av
781 571 198 25 betänkandet.

862 707 270 34 Reservationer

293 799 30 32 I)
345 808 41 20 av
404 799 120 30 herrar
542 801 136 30 Sundin
697 803 64 29 och
779 803 147 37 Fälldin,
946 804 94 31 vilka
1060 808 124 32 ansett,

292 848 74 29 dels
383 851 50 28 att
451 850 56 30 det
526 851 130 30 avsnitt
674 861 41 21 av
735 853 187 31 utskottets
941 856 163 38 yttrande
1124 857 42 39 på
1186 867 26 20 s.
1235 858 51 34 13,
1305 867 75 21 som
1400 859 118 39 börjar
1540 861 78 29 med
1639 862 106 28 orden

248 897 197 41 >Förslaget
468 900 199 39 angående»
693 903 64 29 och
781 904 110 29 slutar
915 905 79 30 med
1017 906 108 30 orden
1150 907 216 40 »framlagda
1392 909 353 40 författningsförsla-

246 950 88 36 get>,
354 949 77 30 bort
451 950 47 29 ha
518 950 157 40 följande
695 952 146 39 lydelse:

291 998 197 40 >Förslaget
513 1001 179 39 angående
718 1003 171 40 övergång
916 1005 50 30 till
992 1006 228 39 högertrafik,
1247 1017 76 21 som
1350 1009 187 39 tillstyrkts
1564 1020 42 20 av
1633 1012 111 39 tredje

245 1048 227 39 lagutskottet
494 1050 11 29 i
528 1051 80 30 dess
632 1052 178 31 utlåtande
834 1063 41 20 nr
899 1055 52 34 23,
975 1056 40 29 är
1038 1056 137 31 baserat
1199 1058 44 39 på
1267 1058 67 30 den
1360 1059 309 41 förutsättningen,
1694 1064 50 27 att

244 1097 287 32 trafikreformen
555 1101 89 30 skall
667 1102 211 32 finansieras
900 1114 43 21 av
965 1106 162 30 bilismen
1150 1115 123 31 genom
1298 1118 42 20 en
1366 1109 150 31 särskild
1541 1110 204 31 fordonsbe-

244 1147 190 41 skattning.
460 1150 397 40 Bevillningsutskottet,
886 1163 74 21 som
987 1156 96 30 delar
1112 1157 271 41 uppfattningen
1411 1162 50 27 att
1490 1161 172 39 övergång
1691 1162 50 29 till

243 1197 218 39 högertrafik
479 1200 64 29 bör
561 1201 61 30 ske
642 1202 57 29 vid
718 1203 66 29 den
805 1203 164 40 tidpunkt
991 1214 76 21 som
1087 1206 175 32 förordats
1282 1208 12 29 i
1315 1210 216 39 proposition
1553 1220 42 20 nr
1617 1211 40 30 58
1679 1212 62 29 och

241 1247 10 29 i
274 1248 110 40 tredje
404 1249 247 39 lagutskottets
671 1254 245 30 ovannämnda
939 1255 190 37 utlåtande,
1149 1257 59 29 vill
1229 1259 193 30 emellertid
1445 1260 206 40 ifrågasätta
1674 1262 69 29 rik-

243 1297 154 39 tigheten
420 1309 44 20 av
486 1302 50 28 att
561 1301 238 31 kostnaderna
824 1303 54 30 för
902 1304 380 43 trafikomläggningen
1308 1309 89 30 skall
1423 1310 103 30 bäras
1552 1312 122 30 enbart
1700 1322 42 20 av

241 1347 173 31 bilismen.
437 1350 168 30 Bilismen
628 1351 210 31 bestämmer
861 1363 146 22 numera
1033 1356 85 30 nära
1142 1365 66 31 nog
1233 1358 73 30 helt
1329 1359 201 40 landsvägs-
1555 1362 64 29 och
1645 1365 96 36 gatu-

242 1398 173 30 trafikens
443 1401 171 35 struktur,
642 1411 79 20 men
748 1403 108 30 härav
885 1404 54 30 får
967 1414 83 21 man
1078 1406 71 30 inte
1177 1407 62 31 dra
1270 1409 189 30 slutsatsen
1489 1413 51 27 att
1570 1412 171 40 övergång

241 1447 52 29 till
320 1449 218 39 högertrafik
565 1451 112 31 skulle
704 1462 82 21 vara
814 1463 42 20 en
885 1454 130 31 reform
1044 1457 122 30 endast
1194 1458 11 29 i
1234 1459 427 33 motorfordonsförarnas
1690 1463 51 29 in-

241 1499 119 28 tresse.
379 1499 73 30 Inte
470 1500 109 30 heller
597 1501 54 29 får
669 1512 81 20 man
769 1503 62 30 dra
851 1504 189 31 slutsatsen
1061 1508 49 28 att
1130 1507 276 41 finansieringen
1425 1510 62 30 bör
1507 1511 89 30 åvila
1617 1513 123 30 endast

240 1547 190 31 bilisterna.
454 1550 51 29 Av
527 1551 67 29 den
618 1552 272 41 undersökning,
914 1564 75 21 som
1016 1556 82 30 1960
1123 1557 55 30 års
1203 1559 188 39 utredning
1416 1560 144 40 företog,
1586 1562 154 40 framgår

239 1599 50 28 att
309 1598 244 40 huvudparten
573 1611 42 19 av
635 1602 236 32 kostnaderna
892 1604 53 30 för
965 1606 268 41 omläggningen
1254 1618 101 21 avser
1374 1610 175 35 ändamål,
1572 1621 75 21 som
1668 1613 71 29 inte

239 1648 162 30 närmare
430 1650 100 29 berör
560 1652 392 41 motorfordonsägarna
983 1656 10 29 i
1024 1657 201 30 allmänhet.
1258 1659 278 41 Omläggningen
1569 1671 41 20 av
1641 1663 98 29 buss-

240 1697 153 31 trafiken
417 1699 173 31 beräknas
615 1701 147 31 sålunda
787 1704 62 30 dra
874 1705 100 39 drygt
1000 1706 40 29 50
1067 1710 141 36 procent
1233 1718 44 20 av
1301 1710 41 29 de
1369 1711 106 30 totala
1500 1712 238 30 kostnaderna

238 1748 65 28 och
322 1749 268 41 omläggningen
609 1761 42 20 av
671 1752 321 40 spårvägstrafiken
1012 1765 39 21 ca
1074 1757 38 29 15
1133 1761 155 36 procent.
1307 1760 253 40 Huvudparten
1583 1772 41 20 av
1645 1763 94 29 kost-

238 1798 157 30 naderna
423 1800 107 39 gäller
559 1801 103 31 alltså
691 1803 452 38 kommunikationsmedel,
1173 1817 75 21 som
1279 1810 39 29 är
1349 1820 43 20 av
1422 1811 136 30 mindre
1590 1813 147 30 intresse

238 1847 54 29 för
315 1848 179 32 bilisterna
516 1850 11 29 i
550 1852 191 30 allmänhet
763 1853 45 29 än
832 1854 53 29 för
909 1855 118 40 övriga
1051 1857 334 42 trafikantgrupper.
1410 1861 164 30 Flertalet
1600 1863 137 39 utgifts-

236 1900 117 36 poster
373 1899 11 28 i
404 1901 291 40 sammanhanget
715 1903 69 30 kan
806 1904 71 30 inte
897 1914 102 21 anses
1021 1916 81 21 avse
1122 1907 182 32 bilisterna
1324 1910 11 29 i
1358 1911 110 29 större
1492 1913 243 40 utsträckning

236 1948 45 28 än
311 1949 110 30 andra
450 1958 162 32 grupper.
642 1952 52 30 Då
723 1953 173 40 därjämte
928 1955 286 32 trafikreformen
1246 1960 98 30 torde
1375 1961 77 30 leda
1484 1962 52 29 till
1569 1963 167 31 framtida

235 2000 99 36 nytta
354 1998 53 30 för
425 2000 68 29 alla
510 2009 152 31 grupper
680 2012 41 20 av
739 2003 260 41 befolkningen,
1019 2006 117 31 finner
1155 2008 169 31 utskottet
1344 2013 49 27 att
1413 2011 249 37 kostnaderna,
1684 2014 51 29 så-

236 2057 75 20 som
332 2048 212 32 framhållits
564 2051 10 29 i
595 2052 218 31 motionerna
835 2054 28 29 1:
880 2054 63 30 604
963 2056 65 29 och
1051 2056 44 30 II:
1113 2057 72 34 747,
1205 2058 63 30 bör
1287 2059 173 32 bestridas
1482 2063 80 29 över
1585 2064 66 29 den
1674 2065 60 29 all-

234 2098 132 30 männa
394 2100 272 40 statsbudgeten.
696 2103 173 31 Utskottet
900 2105 192 40 tillstyrker
1123 2107 147 31 sålunda
1301 2110 219 32 sistnämnda
1552 2114 181 29 motioner.

235 2148 117 30 Härav
371 2149 104 39 följer
495 2152 51 28 att
568 2152 167 30 utskottet
757 2153 75 30 icke
854 2154 70 30 kan
946 2155 136 31 biträda
1105 2159 216 38 proposition
1344 2170 42 20 nr
1409 2162 40 29 59
1472 2171 56 21 om
1552 2165 49 27 att
1626 2164 107 29 refor-

234 2207 79 20 men
338 2199 88 29 skall
449 2199 211 32 finansieras
683 2210 123 31 genom
830 2205 150 30 särskild
1005 2206 93 31 skatt
1121 2208 44 38 på
1188 2208 172 32 bilismen.
1386 2211 40 40 Ej
1452 2213 109 29 heller
1586 2213 69 29 kan
1681 2217 52 26 ut-

235 2248 129 30 skottet
395 2249 135 31 biträda
564 2252 357 39 motionsyrkandena
954 2256 149 31 rörande
1135 2267 42 20 en
1209 2268 119 21 annan
1362 2261 219 40 utformning
1615 2273 42 20 av
1690 2274 42 20 en

234 2297 110 30 sådan
368 2300 102 29 skatt.
494 2301 218 31 Motionerna
737 2302 27 30 I:
782 2303 63 30 613
868 2305 65 29 och
958 2305 45 30 II:
1021 2306 72 35 763,
1119 2307 27 30 I:
1163 2308 62 29 614
1250 2310 65 29 och
1341 2311 44 30 II:
1404 2311 60 30 762
1491 2315 90 27 samt
1608 2313 45 30 II:
1671 2314 58 30 761

232 2349 182 37 avstyrkes
435 2349 232 41 följaktligen.
690 2352 126 31 Likaså
839 2355 181 38 avstyrkes
1043 2357 218 32 motionerna
1284 2360 28 29 I:
1330 2360 62 30 600
1417 2364 89 27 samt
1531 2362 45 30 II:
1595 2363 56 31 731
1680 2367 52 28 rö-

232 2398 108 29 rande
369 2399 231 41 finansiering
628 2410 123 31 genom
779 2404 174 31 ordinarie
983 2408 422 32 automobilskattemedel
1435 2421 90 30 resp.
1556 2413 176 32 överskot-

233 2450 44 26 let
305 2448 44 38 på
375 2451 467 32 automobilskattemedlens
869 2455 268 41 specialbudget.
1165 2458 125 41 Övriga
1319 2461 181 36 motioner,
1530 2462 28 30 1:
1575 2464 63 30 603
1666 2466 65 29 och

232 2498 44 29 II:
295 2497 72 36 745,
387 2499 27 30 I:
431 2500 62 30 615
511 2502 66 29 och
597 2501 44 31 II:
659 2502 60 30 765
740 2507 89 27 samt
850 2504 44 30 II:
912 2505 73 35 733,
1006 2506 45 30 II:
1068 2507 68 34 734,
1156 2508 44 29 II:
1217 2509 69 34 741,
1307 2511 45 29 II:
1369 2511 68 34 744,
1458 2513 44 29 II:
1520 2513 69 35 746,
1611 2515 44 30 II:
1673 2516 58 28 764
