2224 2626
416 186 40 30 32
801 173 361 42 Bevillningsutskottets
1186 167 196 33 betänkande
1405 165 52 31 Ny
1480 165 50 30 41.

1226 247 206 45 'Transport
1460 242 139 35 kronor
1627 237 266 48 206,250,000:
1911 256 49 4 —

507 313 14 36 I
564 310 225 46 anslutning
831 306 53 36 till
929 302 167 38 nämnda
1122 298 211 45 beräkning
1361 296 67 35 har
1460 292 137 46 Kungl.

378 368 107 47 Maj:t
528 364 56 36 uti
626 376 46 23 en
713 359 180 37 likaledes
928 356 73 36 den
1034 355 42 34 19
1107 365 98 23 mars
1237 350 96 35 1915
1364 343 236 52 dagtecknad

378 416 248 54 proposition,
665 427 45 21 nr
741 413 84 43 113,
855 406 195 50 angående
1079 401 262 52 upptagandet
1373 399 11 35 i
1416 398 96 35 1916
1544 399 57 30 års

379 470 156 37 riksstat
576 480 46 23 av
659 464 217 37 inkomsten
905 473 45 22 av
978 463 143 30 statens
1149 449 328 49 tobaksmonopol,
1506 448 96 34 före-

381 521 113 48 slagit
523 518 204 47 riksdagen
754 514 160 42 besluta,
944 516 55 29 att
1028 511 20 33 å
1075 504 273 39 inkomstsidan
1378 501 7 35 i
1420 501 96 35 1916
1547 511 56 22 års

381 573 155 36 riksstat
577 568 119 37 skulle
724 588 50 5 —
806 565 11 35 i
850 563 123 37 stället
1015 562 57 34 för
1113 559 61 35 det
1206 557 13 35 i
1251 551 254 40 innevarande
1547 553 58 33 års

383 617 440 53 statsverksproposition
854 615 117 36 under
996 608 233 53 provisorisk
1249 607 82 36 titel
1353 605 188 35 »inkomst
1561 614 45 23 av

383 672 376 49 tobaksmonopolet»
788 672 198 45 upptagna
1014 664 176 46 beloppet
1222 657 225 47 10,000,000
1468 654 139 35 kronor

384 750 49 4 —
462 725 191 50 uppföras,
696 725 38 33 så
777 721 71 35 vitt
890 731 47 22 nu
982 721 40 30 är
1049 716 11 34 i
1089 714 119 47 fråga,
1252 707 231 39 omedelbart
1515 706 93 35 efter

384 769 609 52 brännvinsförsäljningsmedlen
1035 765 119 37 under
1195 762 108 36 titeln
1340 757 267 38 »tobaksskatt.

386 831 211 43 berillning»
627 831 53 32 ett
707 825 138 47 belopp
875 834 45 23 av
953 817 225 47 10,400,000
1207 810 146 55 kronor.

197 991 135 22 Utskottet.
522 983 216 46 Riksdagen
768 980 66 34 har
863 987 165 29 numera,
1058 971 83 36 med
1168 968 109 37 bifall
1305 966 56 36 till
1389 963 73 37 vad
1482 962 130 37 bevill-

390 1036 299 50 ningsutskottet
730 1032 12 34 1
784 1026 237 40 betänkande
1063 1037 43 22 nr
1147 1024 47 34 32
1237 1016 202 44 hemställt,
1476 1014 135 36 bifallit

392 1089 143 48 Kungl.
579 1086 127 48 Maj:ts
741 1077 260 42 ovanberörda
1029 1072 237 53 proposition
1295 1083 41 22 nr
1369 1069 69 35 112
1468 1072 105 30 utom
1602 1064 10 35 i

392 1140 72 37 vad
483 1142 117 46 angår
615 1134 295 45 beskattningen
927 1143 46 22 av
989 1129 166 47 cigarrer
1169 1124 72 36 och
1256 1120 356 50 cigarrcigarretter,

395 1194 58 35 för
472 1191 103 36 vilka
593 1190 72 35 den
684 1187 11 35 i
713 1179 451 54 monopolförordningen
1185 1174 161 48 angivna
1367 1171 248 36 skattesatsen

399 1247 44 33 15
472 1248 153 44 procent
652 1236 223 39 bibehållits.
931 1232 86 37 Med
1046 1225 291 52 utgångspunkt
1365 1224 81 34 från
1469 1219 147 38 tobaks-

396 1289 435 43 skattekommitterades
842 1299 97 22 ovan
955 1285 170 45 intagna,
1138 1293 46 22 av
1200 1272 412 54 departementschefen

397 1345 207 50 åberopade
643 1340 267 46 beräkningar,
954 1340 78 31 mot
1073 1333 99 36 vilka
1200 1324 417 50 bevillningsutskottet

397 1399 83 36 icke
523 1397 82 36 haft
645 1397 117 44 något
804 1398 54 29 att
900 1388 134 43 erinra,
1076 1381 213 39 föranledes
1323 1392 45 22 av
1395 1375 222 48 riksdagens

399 1449 158 38 sålunda
598 1445 141 38 fattade
780 1442 121 36 beslut
943 1453 46 22 en
1024 1434 246 46 nedsättning
1302 1430 82 37 med
1413 1429 12 35 i
1453 1433 88 30 runt
1569 1425 50 36 tal

400 1502 165 47 800,000
592 1499 142 36 kronor
762 1509 46 21 av
836 1494 62 35 det
924 1492 58 35 för
1002 1487 284 38 tobaksskatten
1307 1484 11 34 i
1338 1479 281 51 propositionen

400 1568 44 22 nr
476 1555 69 34 113
576 1549 216 48 föreslagna
821 1545 186 47 beloppet,
1040 1536 225 50 10,400,000
1295 1535 148 35 kronor.

530 1603 191 37 Utskottet
751 1600 55 35 får
835 1594 156 39 sålunda
1015 1589 207 39 hemställa.

932 1703 55 30 att
1023 1692 236 39 tobaksskatt
1286 1695 60 30 må
1374 1688 56 35 för
1458 1689 41 33 år
1529 1686 94 34 1916

804 1751 186 37 beräknas
1019 1747 56 36 till
1136 1742 67 55 ao
1242 1770 212 7 oceescee-
1487 1737 137 35 kronor
1668 1727 19 57 =
1705 1731 213 48 9,600,000:
1938 1749 47 5 —

541 1914 12 35 I
583 1911 142 49 Kungl.
769 1907 126 49 Maj:ts
938 1904 143 46 förslag
1110 1900 54 36 till
1191 1898 157 36 riksstat
1375 1896 58 35 för
1461 1896 40 32 år
1532 1891 94 35 1916

409 1974 64 30 äro
516 1964 179 48 samtliga
735 1974 51 23 nu
827 1954 235 41 behandlade
1104 1949 251 46 bevillningar
1395 1944 120 37 tillika
1546 1941 83 36 med

410 2015 276 41 inkomsttiteln
706 2010 359 46 mantalspenningar
1078 2001 186 51 uppförda
1280 1999 118 37 under
1411 1995 218 37 rubrikerna

412 2070 46 40 A.
513 2065 233 52 Egentliga
783 2057 372 45 statsinkomster.
1214 2061 26 31 1.
1287 2059 159 32 Skatter.
1505 2043 127 39 Under

413 2120 274 45 förutsättning
716 2117 32 48 ej
780 2115 144 36 mindre
954 2116 54 30 att
1035 2107 205 47 riksdagen
1266 2103 220 49 godkänner
1504 2096 128 38 bevill-

413 2171 322 51 ningsutskottets
752 2179 97 24 ovan
869 2165 158 46 intagna
1044 2158 144 48 förslag
1207 2162 49 30 än
1276 2161 94 30 även
1387 2157 53 31 att
1454 2149 179 37 inkomst-

415 2226 107 36 titeln
563 2217 376 52 mantalspenningar
967 2214 12 35 1
1006 2213 204 35 riksstaten
1247 2206 180 49 uppföres
1458 2200 86 37 med
1572 2200 62 35 det

1265 2266 207 46 Transport
1501 2264 135 33 kronor
1665 2246 266 59 215,850,000:
1948 2273 50 5 —
