<?xml version="1.0" encoding="UTF-8"?>
<alto xmlns="http://www.loc.gov/standards/alto/ns-v3#" xmlns:xlink="http://www.w3.org/1999/xlink" xmlns:xsi="http://www.w3.org/2001/XMLSchema-instance" xsi:schemaLocation="http://www.loc.gov/standards/alto/ns-v3# http://www.loc.gov/alto/v3/alto-3-0.xsd">
	<Description>
		<MeasurementUnit>pixel</MeasurementUnit>
		<sourceImageInformation>
			<fileName>/tmp/tess_8f6ssubr_input.PNG</fileName>
		</sourceImageInformation>
		<OCRProcessing ID="OCR_0">
			<ocrProcessingStep>
				<processingSoftware>
					<softwareName>tesseract 5.3.0</softwareName>
				</processingSoftware>
			</ocrProcessingStep>
		</OCRProcessing>
	</Description>
	<Layout>
		<Page WIDTH="1874" HEIGHT="2792" PHYSICAL_IMG_NR="0" ID="page_0">
			<PrintSpace HPOS="0" VPOS="0" WIDTH="1874" HEIGHT="2792">
				<ComposedBlock ID="cblock_0" HPOS="394" VPOS="145" WIDTH="1201" HEIGHT="35">
					<TextBlock ID="block_0" HPOS="394" VPOS="145" WIDTH="1201" HEIGHT="35">
						<TextLine ID="line_0" HPOS="394" VPOS="145" WIDTH="1201" HEIGHT="35">
							<String ID="string_0" HPOS="394" VPOS="149" WIDTH="388" HEIGHT="31" WC="0.92" CONTENT="Jordbruksutskottets"/><SP WIDTH="22" VPOS="149" HPOS="782"/>
							<String ID="string_1" HPOS="804" VPOS="148" WIDTH="181" HEIGHT="30" WC="0.95" CONTENT="utlåtande"/><SP WIDTH="23" VPOS="148" HPOS="985"/>
							<String ID="string_2" HPOS="1008" VPOS="157" WIDTH="42" HEIGHT="20" WC="0.96" CONTENT="nr"/><SP WIDTH="22" VPOS="157" HPOS="1050"/>
							<String ID="string_3" HPOS="1072" VPOS="148" WIDTH="40" HEIGHT="29" WC="0.96" CONTENT="18"/><SP WIDTH="21" VPOS="148" HPOS="1112"/>
							<String ID="string_4" HPOS="1133" VPOS="147" WIDTH="39" HEIGHT="30" WC="0.95" CONTENT="år"/><SP WIDTH="25" VPOS="147" HPOS="1172"/>
							<String ID="string_5" HPOS="1197" VPOS="147" WIDTH="82" HEIGHT="29" WC="0.94" CONTENT="1955"/><SP WIDTH="276" VPOS="147" HPOS="1279"/>
							<String ID="string_6" HPOS="1555" VPOS="145" WIDTH="40" HEIGHT="30" WC="0.96" CONTENT="15"/>
						</TextLine>
					</TextBlock>
				</ComposedBlock>
				<ComposedBlock ID="cblock_1" HPOS="84" VPOS="229" WIDTH="1515" HEIGHT="1461">
					<TextBlock ID="block_1" HPOS="84" VPOS="229" WIDTH="1509" HEIGHT="399">
						<TextLine ID="line_1" HPOS="85" VPOS="229" WIDTH="1506" HEIGHT="45">
							<String ID="string_7" HPOS="85" VPOS="244" WIDTH="56" HEIGHT="20" WC="0.96" CONTENT="om"/><SP WIDTH="26" VPOS="244" HPOS="141"/>
							<String ID="string_8" HPOS="167" VPOS="234" WIDTH="137" HEIGHT="40" WC="0.96" CONTENT="rimliga"/><SP WIDTH="27" VPOS="234" HPOS="304"/>
							<String ID="string_9" HPOS="331" VPOS="235" WIDTH="144" HEIGHT="38" WC="0.96" CONTENT="gränser"/><SP WIDTH="26" VPOS="235" HPOS="475"/>
							<String ID="string_10" HPOS="501" VPOS="234" WIDTH="79" HEIGHT="29" WC="0.96" CONTENT="tack"/><SP WIDTH="25" VPOS="234" HPOS="580"/>
							<String ID="string_11" HPOS="605" VPOS="242" WIDTH="80" HEIGHT="21" WC="0.96" CONTENT="vare"/><SP WIDTH="26" VPOS="242" HPOS="685"/>
							<String ID="string_12" HPOS="711" VPOS="233" WIDTH="66" HEIGHT="29" WC="0.96" CONTENT="den"/><SP WIDTH="27" VPOS="233" HPOS="777"/>
							<String ID="string_13" HPOS="804" VPOS="231" WIDTH="216" HEIGHT="40" WC="0.96" CONTENT="anpassning"/><SP WIDTH="26" VPOS="231" HPOS="1020"/>
							<String ID="string_14" HPOS="1046" VPOS="231" WIDTH="64" HEIGHT="29" WC="0.93" CONTENT="och"/><SP WIDTH="28" VPOS="231" HPOS="1110"/>
							<String ID="string_15" HPOS="1138" VPOS="230" WIDTH="299" HEIGHT="40" WC="0.92" CONTENT="systematisering"/><SP WIDTH="27" VPOS="230" HPOS="1437"/>
							<String ID="string_16" HPOS="1464" VPOS="239" WIDTH="41" HEIGHT="20" WC="0.96" CONTENT="av"/><SP WIDTH="28" VPOS="239" HPOS="1505"/>
							<String ID="string_17" HPOS="1533" VPOS="229" WIDTH="58" HEIGHT="30" WC="0.96" CONTENT="det"/>
						</TextLine>
						<TextLine ID="line_2" HPOS="85" VPOS="279" WIDTH="1506" HEIGHT="44">
							<String ID="string_18" HPOS="85" VPOS="285" WIDTH="291" HEIGHT="30" WC="0.92" CONTENT="skiftestekniska"/><SP WIDTH="24" VPOS="285" HPOS="376"/>
							<String ID="string_19" HPOS="400" VPOS="283" WIDTH="243" HEIGHT="40" WC="0.90" CONTENT="detaljarbetet"/><SP WIDTH="24" VPOS="283" HPOS="643"/>
							<String ID="string_20" HPOS="667" VPOS="292" WIDTH="75" HEIGHT="20" WC="0.96" CONTENT="som"/><SP WIDTH="24" VPOS="292" HPOS="742"/>
							<String ID="string_21" HPOS="766" VPOS="283" WIDTH="92" HEIGHT="29" WC="0.73" CONTENT="skett"/><SP WIDTH="26" VPOS="283" HPOS="858"/>
							<String ID="string_22" HPOS="884" VPOS="282" WIDTH="51" HEIGHT="31" WC="0.96" CONTENT="till"/><SP WIDTH="25" VPOS="282" HPOS="935"/>
							<String ID="string_23" HPOS="960" VPOS="282" WIDTH="145" HEIGHT="29" WC="0.93" CONTENT="modern"/><SP WIDTH="24" VPOS="282" HPOS="1105"/>
							<String ID="string_24" HPOS="1129" VPOS="280" WIDTH="294" HEIGHT="31" WC="0.90" CONTENT="hålkortsteknik."/><SP WIDTH="28" VPOS="280" HPOS="1423"/>
							<String ID="string_25" HPOS="1451" VPOS="279" WIDTH="140" HEIGHT="39" WC="0.91" CONTENT="Härige-"/>
						</TextLine>
						<TextLine ID="line_3" HPOS="84" VPOS="331" WIDTH="1506" HEIGHT="42">
							<String ID="string_26" HPOS="84" VPOS="345" WIDTH="83" HEIGHT="20" WC="0.95" CONTENT="nom"/><SP WIDTH="17" VPOS="345" HPOS="167"/>
							<String ID="string_27" HPOS="184" VPOS="336" WIDTH="97" HEIGHT="29" WC="0.96" CONTENT="torde"/><SP WIDTH="17" VPOS="336" HPOS="281"/>
							<String ID="string_28" HPOS="298" VPOS="336" WIDTH="96" HEIGHT="29" WC="0.93" CONTENT="inom"/><SP WIDTH="18" VPOS="336" HPOS="394"/>
							<String ID="string_29" HPOS="412" VPOS="333" WIDTH="451" HEIGHT="40" WC="0.91" CONTENT="skiftesorganisationerna"/><SP WIDTH="18" VPOS="333" HPOS="863"/>
							<String ID="string_30" HPOS="881" VPOS="332" WIDTH="374" HEIGHT="40" WC="0.91" CONTENT="kontorspersonalens"/><SP WIDTH="21" VPOS="332" HPOS="1255"/>
							<String ID="string_31" HPOS="1276" VPOS="331" WIDTH="240" HEIGHT="30" WC="0.91" CONTENT="arbetsbalans"/><SP WIDTH="18" VPOS="331" HPOS="1516"/>
							<String ID="string_32" HPOS="1534" VPOS="340" WIDTH="56" HEIGHT="20" WC="0.92" CONTENT="av-"/>
						</TextLine>
						<TextLine ID="line_4" HPOS="86" VPOS="381" WIDTH="1506" HEIGHT="43">
							<String ID="string_33" HPOS="86" VPOS="388" WIDTH="114" HEIGHT="31" WC="0.96" CONTENT="sevärt"/><SP WIDTH="17" VPOS="388" HPOS="200"/>
							<String ID="string_34" HPOS="217" VPOS="386" WIDTH="44" HEIGHT="30" WC="0.96" CONTENT="ha"/><SP WIDTH="16" VPOS="386" HPOS="261"/>
							<String ID="string_35" HPOS="277" VPOS="386" WIDTH="138" HEIGHT="29" WC="0.93" CONTENT="kunnat"/><SP WIDTH="18" VPOS="386" HPOS="415"/>
							<String ID="string_36" HPOS="433" VPOS="385" WIDTH="219" HEIGHT="39" WC="0.91" CONTENT="nedbringas."/><SP WIDTH="21" VPOS="385" HPOS="652"/>
							<String ID="string_37" HPOS="673" VPOS="385" WIDTH="51" HEIGHT="29" WC="0.96" CONTENT="En"/><SP WIDTH="19" VPOS="385" HPOS="724"/>
							<String ID="string_38" HPOS="743" VPOS="384" WIDTH="166" HEIGHT="30" WC="0.96" CONTENT="liknande"/><SP WIDTH="18" VPOS="384" HPOS="909"/>
							<String ID="string_39" HPOS="927" VPOS="383" WIDTH="111" HEIGHT="30" WC="0.96" CONTENT="effekt"/><SP WIDTH="17" VPOS="383" HPOS="1038"/>
							<String ID="string_40" HPOS="1055" VPOS="383" WIDTH="63" HEIGHT="30" WC="0.96" CONTENT="har"/><SP WIDTH="20" VPOS="383" HPOS="1118"/>
							<String ID="string_41" HPOS="1138" VPOS="382" WIDTH="167" HEIGHT="40" WC="0.96" CONTENT="uppnåtts"/><SP WIDTH="19" VPOS="382" HPOS="1305"/>
							<String ID="string_42" HPOS="1324" VPOS="382" WIDTH="79" HEIGHT="29" WC="0.96" CONTENT="med"/><SP WIDTH="19" VPOS="382" HPOS="1403"/>
							<String ID="string_43" HPOS="1422" VPOS="382" WIDTH="66" HEIGHT="29" WC="0.93" CONTENT="den"/><SP WIDTH="18" VPOS="382" HPOS="1488"/>
							<String ID="string_44" HPOS="1506" VPOS="381" WIDTH="86" HEIGHT="29" WC="0.92" CONTENT="fort-"/>
						</TextLine>
						<TextLine ID="line_5" HPOS="86" VPOS="432" WIDTH="1506" HEIGHT="44">
							<String ID="string_45" HPOS="86" VPOS="440" WIDTH="90" HEIGHT="27" WC="0.96" CONTENT="satta"/><SP WIDTH="40" VPOS="440" HPOS="176"/>
							<String ID="string_46" HPOS="216" VPOS="437" WIDTH="247" HEIGHT="39" WC="0.95" CONTENT="utbyggnaden"/><SP WIDTH="39" VPOS="437" HPOS="463"/>
							<String ID="string_47" HPOS="502" VPOS="446" WIDTH="42" HEIGHT="20" WC="0.95" CONTENT="av"/><SP WIDTH="39" VPOS="446" HPOS="544"/>
							<String ID="string_48" HPOS="583" VPOS="436" WIDTH="41" HEIGHT="29" WC="0.96" CONTENT="de"/><SP WIDTH="29" VPOS="436" HPOS="624"/>
							<String ID="string_49" HPOS="653" VPOS="435" WIDTH="115" HEIGHT="30" WC="0.93" CONTENT="lokala"/><SP WIDTH="27" VPOS="435" HPOS="768"/>
							<String ID="string_50" HPOS="795" VPOS="432" WIDTH="587" HEIGHT="42" WC="0.92" CONTENT="kartkopieringsanläggningarna"/><SP WIDTH="30" VPOS="432" HPOS="1382"/>
							<String ID="string_51" HPOS="1412" VPOS="432" WIDTH="57" HEIGHT="30" WC="0.96" CONTENT="vid"/><SP WIDTH="29" VPOS="432" HPOS="1469"/>
							<String ID="string_52" HPOS="1498" VPOS="432" WIDTH="94" HEIGHT="30" WC="0.95" CONTENT="vissa"/>
						</TextLine>
						<TextLine ID="line_6" HPOS="85" VPOS="483" WIDTH="1506" HEIGHT="41">
							<String ID="string_53" HPOS="85" VPOS="487" WIDTH="420" HEIGHT="31" WC="0.91" CONTENT="länslantmäterikontor."/><SP WIDTH="27" VPOS="487" HPOS="505"/>
							<String ID="string_54" HPOS="532" VPOS="487" WIDTH="65" HEIGHT="29" WC="0.96" CONTENT="Det"/><SP WIDTH="25" VPOS="487" HPOS="597"/>
							<String ID="string_55" HPOS="622" VPOS="487" WIDTH="70" HEIGHT="29" WC="0.96" CONTENT="kan"/><SP WIDTH="26" VPOS="487" HPOS="692"/>
							<String ID="string_56" HPOS="718" VPOS="486" WIDTH="10" HEIGHT="29" WC="0.96" CONTENT="i"/><SP WIDTH="29" VPOS="486" HPOS="728"/>
							<String ID="string_57" HPOS="757" VPOS="485" WIDTH="99" HEIGHT="39" WC="0.96" CONTENT="fråga"/><SP WIDTH="26" VPOS="485" HPOS="856"/>
							<String ID="string_58" HPOS="882" VPOS="495" WIDTH="56" HEIGHT="20" WC="0.96" CONTENT="om"/><SP WIDTH="29" VPOS="495" HPOS="938"/>
							<String ID="string_59" HPOS="967" VPOS="484" WIDTH="161" HEIGHT="30" WC="0.91" CONTENT="tekniska"/><SP WIDTH="27" VPOS="484" HPOS="1128"/>
							<String ID="string_60" HPOS="1155" VPOS="483" WIDTH="322" HEIGHT="39" WC="0.91" CONTENT="rationaliseringar"/><SP WIDTH="28" VPOS="483" HPOS="1477"/>
							<String ID="string_61" HPOS="1505" VPOS="484" WIDTH="86" HEIGHT="29" WC="0.96" CONTENT="även"/>
						</TextLine>
						<TextLine ID="line_7" HPOS="85" VPOS="534" WIDTH="1508" HEIGHT="41">
							<String ID="string_62" HPOS="85" VPOS="540" WIDTH="149" HEIGHT="28" WC="0.96" CONTENT="nämnas"/><SP WIDTH="23" VPOS="540" HPOS="234"/>
							<String ID="string_63" HPOS="257" VPOS="540" WIDTH="50" HEIGHT="28" WC="0.96" CONTENT="att"/><SP WIDTH="20" VPOS="540" HPOS="307"/>
							<String ID="string_64" HPOS="327" VPOS="538" WIDTH="269" HEIGHT="30" WC="0.96" CONTENT="verksamheten"/><SP WIDTH="21" VPOS="538" HPOS="596"/>
							<String ID="string_65" HPOS="617" VPOS="537" WIDTH="95" HEIGHT="29" WC="0.96" CONTENT="inom"/><SP WIDTH="25" VPOS="537" HPOS="712"/>
							<String ID="string_66" HPOS="737" VPOS="536" WIDTH="170" HEIGHT="39" WC="0.96" CONTENT="styrelsen"/><SP WIDTH="22" VPOS="536" HPOS="907"/>
							<String ID="string_67" HPOS="929" VPOS="536" WIDTH="55" HEIGHT="29" WC="0.96" CONTENT="för"/><SP WIDTH="22" VPOS="536" HPOS="984"/>
							<String ID="string_68" HPOS="1006" VPOS="537" WIDTH="51" HEIGHT="28" WC="0.96" CONTENT="att"/><SP WIDTH="22" VPOS="537" HPOS="1057"/>
							<String ID="string_69" HPOS="1079" VPOS="535" WIDTH="208" HEIGHT="39" WC="0.93" CONTENT="möjliggöra"/><SP WIDTH="24" VPOS="535" HPOS="1287"/>
							<String ID="string_70" HPOS="1311" VPOS="534" WIDTH="282" HEIGHT="29" WC="0.91" CONTENT="matematikma-"/>
						</TextLine>
						<TextLine ID="line_8" HPOS="86" VPOS="585" WIDTH="1172" HEIGHT="43">
							<String ID="string_71" HPOS="86" VPOS="589" WIDTH="137" HEIGHT="30" WC="0.92" CONTENT="skiners"/><SP WIDTH="19" VPOS="589" HPOS="223"/>
							<String ID="string_72" HPOS="242" VPOS="589" WIDTH="225" HEIGHT="38" WC="0.96" CONTENT="användning"/><SP WIDTH="16" VPOS="589" HPOS="467"/>
							<String ID="string_73" HPOS="483" VPOS="589" WIDTH="10" HEIGHT="29" WC="0.96" CONTENT="i"/><SP WIDTH="20" VPOS="589" HPOS="493"/>
							<String ID="string_74" HPOS="513" VPOS="587" WIDTH="199" HEIGHT="41" WC="0.96" CONTENT="geodetiska"/><SP WIDTH="18" VPOS="587" HPOS="712"/>
							<String ID="string_75" HPOS="730" VPOS="586" WIDTH="234" HEIGHT="40" WC="0.96" CONTENT="beräkningar"/><SP WIDTH="20" VPOS="586" HPOS="964"/>
							<String ID="string_76" HPOS="984" VPOS="586" WIDTH="150" HEIGHT="29" WC="0.96" CONTENT="kommit"/><SP WIDTH="18" VPOS="586" HPOS="1134"/>
							<String ID="string_77" HPOS="1152" VPOS="585" WIDTH="106" HEIGHT="39" WC="0.96" CONTENT="långt."/>
						</TextLine>
					</TextBlock>
					<TextBlock ID="block_2" HPOS="86" VPOS="635" WIDTH="1512" HEIGHT="247">
						<TextLine ID="line_9" HPOS="130" VPOS="635" WIDTH="1463" HEIGHT="44">
							<String ID="string_78" HPOS="130" VPOS="639" WIDTH="485" HEIGHT="40" WC="0.84" CONTENT="Förrättningsförfarandets"/><SP WIDTH="23" VPOS="639" HPOS="615"/>
							<String ID="string_79" HPOS="638" VPOS="638" WIDTH="202" HEIGHT="40" WC="0.93" CONTENT="förenkling"/><SP WIDTH="20" VPOS="638" HPOS="840"/>
							<String ID="string_80" HPOS="860" VPOS="655" WIDTH="45" HEIGHT="3" WC="0.92" CONTENT="—"/><SP WIDTH="22" VPOS="655" HPOS="905"/>
							<String ID="string_81" HPOS="927" VPOS="637" WIDTH="128" HEIGHT="29" WC="0.96" CONTENT="främst"/><SP WIDTH="24" VPOS="637" HPOS="1055"/>
							<String ID="string_82" HPOS="1079" VPOS="644" WIDTH="123" HEIGHT="31" WC="0.96" CONTENT="genom"/><SP WIDTH="28" VPOS="644" HPOS="1202"/>
							<String ID="string_83" HPOS="1230" VPOS="636" WIDTH="81" HEIGHT="29" WC="0.96" CONTENT="1951"/><SP WIDTH="26" VPOS="636" HPOS="1311"/>
							<String ID="string_84" HPOS="1337" VPOS="636" WIDTH="65" HEIGHT="29" WC="0.96" CONTENT="och"/><SP WIDTH="27" VPOS="636" HPOS="1402"/>
							<String ID="string_85" HPOS="1429" VPOS="635" WIDTH="82" HEIGHT="30" WC="0.96" CONTENT="1953"/><SP WIDTH="26" VPOS="635" HPOS="1511"/>
							<String ID="string_86" HPOS="1537" VPOS="635" WIDTH="56" HEIGHT="30" WC="0.96" CONTENT="års"/>
						</TextLine>
						<TextLine ID="line_10" HPOS="86" VPOS="686" WIDTH="1507" HEIGHT="44">
							<String ID="string_87" HPOS="86" VPOS="691" WIDTH="162" HEIGHT="39" WC="0.96" CONTENT="partiella"/><SP WIDTH="26" VPOS="691" HPOS="248"/>
							<String ID="string_88" HPOS="274" VPOS="690" WIDTH="170" HEIGHT="29" WC="0.96" CONTENT="reformer"/><SP WIDTH="30" VPOS="690" HPOS="444"/>
							<String ID="string_89" HPOS="474" VPOS="698" WIDTH="42" HEIGHT="21" WC="0.91" CONTENT="av"/><SP WIDTH="26" VPOS="698" HPOS="516"/>
							<String ID="string_90" HPOS="542" VPOS="688" WIDTH="344" HEIGHT="40" WC="0.91" CONTENT="jorddelningslagen"/><SP WIDTH="30" VPOS="688" HPOS="886"/>
							<String ID="string_91" HPOS="916" VPOS="696" WIDTH="80" HEIGHT="20" WC="0.96" CONTENT="men"/><SP WIDTH="29" VPOS="696" HPOS="996"/>
							<String ID="string_92" HPOS="1025" VPOS="688" WIDTH="86" HEIGHT="29" WC="0.96" CONTENT="även"/><SP WIDTH="32" VPOS="688" HPOS="1111"/>
							<String ID="string_93" HPOS="1143" VPOS="687" WIDTH="10" HEIGHT="28" WC="0.96" CONTENT="i"/><SP WIDTH="30" VPOS="687" HPOS="1153"/>
							<String ID="string_94" HPOS="1183" VPOS="687" WIDTH="66" HEIGHT="29" WC="0.96" CONTENT="den"/><SP WIDTH="31" VPOS="687" HPOS="1249"/>
							<String ID="string_95" HPOS="1280" VPOS="686" WIDTH="244" HEIGHT="39" WC="0.96" CONTENT="utsträckning"/><SP WIDTH="30" VPOS="686" HPOS="1524"/>
							<String ID="string_96" HPOS="1554" VPOS="686" WIDTH="39" HEIGHT="29" WC="0.96" CONTENT="så"/>
						</TextLine>
						<TextLine ID="line_11" HPOS="87" VPOS="736" WIDTH="1506" HEIGHT="43">
							<String ID="string_97" HPOS="87" VPOS="742" WIDTH="138" HEIGHT="29" WC="0.96" CONTENT="kunnat"/><SP WIDTH="23" VPOS="742" HPOS="225"/>
							<String ID="string_98" HPOS="248" VPOS="741" WIDTH="60" HEIGHT="29" WC="0.96" CONTENT="ske"/><SP WIDTH="25" VPOS="741" HPOS="308"/>
							<String ID="string_99" HPOS="333" VPOS="748" WIDTH="124" HEIGHT="31" WC="0.96" CONTENT="genom"/><SP WIDTH="23" VPOS="748" HPOS="457"/>
							<String ID="string_100" HPOS="480" VPOS="740" WIDTH="187" HEIGHT="39" WC="0.96" CONTENT="styrelsens"/><SP WIDTH="24" VPOS="740" HPOS="667"/>
							<String ID="string_101" HPOS="691" VPOS="739" WIDTH="62" HEIGHT="30" WC="0.96" CONTENT="råd"/><SP WIDTH="23" VPOS="739" HPOS="753"/>
							<String ID="string_102" HPOS="776" VPOS="739" WIDTH="64" HEIGHT="29" WC="0.96" CONTENT="och"/><SP WIDTH="25" VPOS="739" HPOS="840"/>
							<String ID="string_103" HPOS="865" VPOS="738" WIDTH="226" HEIGHT="39" WC="0.93" CONTENT="anvisningar"/><SP WIDTH="22" VPOS="738" HPOS="1091"/>
							<String ID="string_104" HPOS="1113" VPOS="755" WIDTH="43" HEIGHT="3" WC="0.89" CONTENT="—"/><SP WIDTH="23" VPOS="755" HPOS="1156"/>
							<String ID="string_105" HPOS="1179" VPOS="737" WIDTH="64" HEIGHT="30" WC="0.96" CONTENT="har"/><SP WIDTH="24" VPOS="737" HPOS="1243"/>
							<String ID="string_106" HPOS="1267" VPOS="738" WIDTH="86" HEIGHT="28" WC="0.96" CONTENT="även"/><SP WIDTH="24" VPOS="738" HPOS="1353"/>
							<String ID="string_107" HPOS="1377" VPOS="736" WIDTH="216" HEIGHT="39" WC="0.96" CONTENT="möjliggjort"/>
						</TextLine>
						<TextLine ID="line_12" HPOS="89" VPOS="787" WIDTH="1509" HEIGHT="43">
							<String ID="string_108" HPOS="89" VPOS="793" WIDTH="49" HEIGHT="28" WC="0.96" CONTENT="ett"/><SP WIDTH="23" VPOS="793" HPOS="138"/>
							<String ID="string_109" HPOS="161" VPOS="791" WIDTH="207" HEIGHT="30" WC="0.96" CONTENT="effektivare"/><SP WIDTH="24" VPOS="791" HPOS="368"/>
							<String ID="string_110" HPOS="392" VPOS="791" WIDTH="225" HEIGHT="39" WC="0.96" CONTENT="utnyttjande"/><SP WIDTH="25" VPOS="791" HPOS="617"/>
							<String ID="string_111" HPOS="642" VPOS="800" WIDTH="41" HEIGHT="21" WC="0.93" CONTENT="av"/><SP WIDTH="23" VPOS="800" HPOS="683"/>
							<String ID="string_112" HPOS="706" VPOS="789" WIDTH="383" HEIGHT="40" WC="0.88" CONTENT="distriktspersonalen."/><SP WIDTH="38" VPOS="789" HPOS="1089"/>
							<String ID="string_113" HPOS="1127" VPOS="790" WIDTH="13" HEIGHT="29" WC="0.96" CONTENT="I"/><SP WIDTH="24" VPOS="790" HPOS="1140"/>
							<String ID="string_114" HPOS="1164" VPOS="788" WIDTH="111" HEIGHT="30" WC="0.96" CONTENT="första"/><SP WIDTH="23" VPOS="788" HPOS="1275"/>
							<String ID="string_115" HPOS="1298" VPOS="788" WIDTH="96" HEIGHT="29" WC="0.96" CONTENT="hand"/><SP WIDTH="25" VPOS="788" HPOS="1394"/>
							<String ID="string_116" HPOS="1419" VPOS="787" WIDTH="65" HEIGHT="30" WC="0.93" CONTENT="har"/><SP WIDTH="23" VPOS="787" HPOS="1484"/>
							<String ID="string_117" HPOS="1507" VPOS="788" WIDTH="91" HEIGHT="29" WC="0.85" CONTENT="Jant-"/>
						</TextLine>
						<TextLine ID="line_13" HPOS="88" VPOS="839" WIDTH="1507" HEIGHT="43">
							<String ID="string_118" HPOS="88" VPOS="844" WIDTH="180" HEIGHT="29" WC="0.92" CONTENT="mätarnas"/><SP WIDTH="21" VPOS="844" HPOS="268"/>
							<String ID="string_119" HPOS="289" VPOS="843" WIDTH="65" HEIGHT="29" WC="0.93" CONTENT="och"/><SP WIDTH="20" VPOS="843" HPOS="354"/>
							<String ID="string_120" HPOS="374" VPOS="842" WIDTH="373" HEIGHT="40" WC="0.91" CONTENT="kontorspersonalens"/><SP WIDTH="22" VPOS="842" HPOS="747"/>
							<String ID="string_121" HPOS="769" VPOS="841" WIDTH="249" HEIGHT="31" WC="0.96" CONTENT="arbetsformer"/><SP WIDTH="21" VPOS="841" HPOS="1018"/>
							<String ID="string_122" HPOS="1039" VPOS="840" WIDTH="206" HEIGHT="40" WC="0.96" CONTENT="härigenom"/><SP WIDTH="21" VPOS="840" HPOS="1245"/>
							<String ID="string_123" HPOS="1266" VPOS="840" WIDTH="110" HEIGHT="40" WC="0.96" CONTENT="gjorts"/><SP WIDTH="23" VPOS="840" HPOS="1376"/>
							<String ID="string_124" HPOS="1399" VPOS="839" WIDTH="196" HEIGHT="40" WC="0.96" CONTENT="smidigare."/>
						</TextLine>
					</TextBlock>
					<TextBlock ID="block_3" HPOS="87" VPOS="889" WIDTH="1507" HEIGHT="294">
						<TextLine ID="line_14" HPOS="133" VPOS="889" WIDTH="1460" HEIGHT="41">
							<String ID="string_125" HPOS="133" VPOS="893" WIDTH="159" HEIGHT="29" WC="0.91" CONTENT="Behoven"/><SP WIDTH="32" VPOS="893" HPOS="292"/>
							<String ID="string_126" HPOS="324" VPOS="902" WIDTH="42" HEIGHT="21" WC="0.96" CONTENT="av"/><SP WIDTH="28" VPOS="902" HPOS="366"/>
							<String ID="string_127" HPOS="394" VPOS="891" WIDTH="213" HEIGHT="31" WC="0.96" CONTENT="arbetskraft"/><SP WIDTH="29" VPOS="891" HPOS="607"/>
							<String ID="string_128" HPOS="636" VPOS="892" WIDTH="70" HEIGHT="29" WC="0.96" CONTENT="kan"/><SP WIDTH="28" VPOS="892" HPOS="706"/>
							<String ID="string_129" HPOS="734" VPOS="891" WIDTH="144" HEIGHT="39" WC="0.96" CONTENT="givetvis"/><SP WIDTH="30" VPOS="891" HPOS="878"/>
							<String ID="string_130" HPOS="908" VPOS="890" WIDTH="75" HEIGHT="30" WC="0.96" CONTENT="icke"/><SP WIDTH="29" VPOS="890" HPOS="983"/>
							<String ID="string_131" HPOS="1012" VPOS="891" WIDTH="113" HEIGHT="29" WC="0.96" CONTENT="mötas"/><SP WIDTH="32" VPOS="891" HPOS="1125"/>
							<String ID="string_132" HPOS="1157" VPOS="889" WIDTH="122" HEIGHT="30" WC="0.96" CONTENT="enbart"/><SP WIDTH="29" VPOS="889" HPOS="1279"/>
							<String ID="string_133" HPOS="1308" VPOS="897" WIDTH="124" HEIGHT="31" WC="0.96" CONTENT="genom"/><SP WIDTH="30" VPOS="897" HPOS="1432"/>
							<String ID="string_134" HPOS="1462" VPOS="889" WIDTH="131" HEIGHT="29" WC="0.96" CONTENT="sådana"/>
						</TextLine>
						<TextLine ID="line_15" HPOS="87" VPOS="939" WIDTH="1506" HEIGHT="41">
							<String ID="string_135" HPOS="87" VPOS="943" WIDTH="163" HEIGHT="30" WC="0.96" CONTENT="tekniska"/><SP WIDTH="23" VPOS="943" HPOS="250"/>
							<String ID="string_136" HPOS="273" VPOS="943" WIDTH="65" HEIGHT="29" WC="0.96" CONTENT="och"/><SP WIDTH="20" VPOS="943" HPOS="338"/>
							<String ID="string_137" HPOS="358" VPOS="942" WIDTH="163" HEIGHT="30" WC="0.96" CONTENT="formella"/><SP WIDTH="19" VPOS="942" HPOS="521"/>
							<String ID="string_138" HPOS="540" VPOS="942" WIDTH="239" HEIGHT="38" WC="0.96" CONTENT="förenklingar"/><SP WIDTH="23" VPOS="942" HPOS="779"/>
							<String ID="string_139" HPOS="802" VPOS="950" WIDTH="76" HEIGHT="21" WC="0.96" CONTENT="som"/><SP WIDTH="19" VPOS="950" HPOS="878"/>
							<String ID="string_140" HPOS="897" VPOS="942" WIDTH="153" HEIGHT="29" WC="0.94" CONTENT="nämnts."/><SP WIDTH="21" VPOS="942" HPOS="1050"/>
							<String ID="string_141" HPOS="1071" VPOS="940" WIDTH="13" HEIGHT="29" WC="0.96" CONTENT="I"/><SP WIDTH="21" VPOS="940" HPOS="1084"/>
							<String ID="string_142" HPOS="1105" VPOS="941" WIDTH="58" HEIGHT="29" WC="0.96" CONTENT="det"/><SP WIDTH="20" VPOS="941" HPOS="1163"/>
							<String ID="string_143" HPOS="1183" VPOS="939" WIDTH="214" HEIGHT="39" WC="0.96" CONTENT="ansträngda"/><SP WIDTH="23" VPOS="939" HPOS="1397"/>
							<String ID="string_144" HPOS="1420" VPOS="939" WIDTH="90" HEIGHT="39" WC="0.96" CONTENT="läget"/><SP WIDTH="19" VPOS="939" HPOS="1510"/>
							<String ID="string_145" HPOS="1529" VPOS="939" WIDTH="64" HEIGHT="29" WC="0.95" CONTENT="har"/>
						</TextLine>
						<TextLine ID="line_16" HPOS="89" VPOS="990" WIDTH="1505" HEIGHT="43">
							<String ID="string_146" HPOS="89" VPOS="994" WIDTH="180" HEIGHT="39" WC="0.95" CONTENT="styrelsen,"/><SP WIDTH="21" VPOS="994" HPOS="269"/>
							<String ID="string_147" HPOS="290" VPOS="994" WIDTH="116" HEIGHT="30" WC="0.96" CONTENT="såsom"/><SP WIDTH="19" VPOS="994" HPOS="406"/>
							<String ID="string_148" HPOS="425" VPOS="1003" WIDTH="43" HEIGHT="20" WC="0.96" CONTENT="av"/><SP WIDTH="17" VPOS="1003" HPOS="468"/>
							<String ID="string_149" HPOS="485" VPOS="994" WIDTH="57" HEIGHT="29" WC="0.96" CONTENT="det"/><SP WIDTH="18" VPOS="994" HPOS="542"/>
							<String ID="string_150" HPOS="560" VPOS="992" WIDTH="207" HEIGHT="39" WC="0.96" CONTENT="föregående"/><SP WIDTH="20" VPOS="992" HPOS="767"/>
							<String ID="string_151" HPOS="787" VPOS="992" WIDTH="166" HEIGHT="38" WC="0.95" CONTENT="framgår,"/><SP WIDTH="21" VPOS="992" HPOS="953"/>
							<String ID="string_152" HPOS="974" VPOS="991" WIDTH="119" HEIGHT="29" WC="0.97" CONTENT="funnit"/><SP WIDTH="20" VPOS="991" HPOS="1093"/>
							<String ID="string_153" HPOS="1113" VPOS="990" WIDTH="51" HEIGHT="39" WC="0.96" CONTENT="sig"/><SP WIDTH="19" VPOS="990" HPOS="1164"/>
							<String ID="string_154" HPOS="1183" VPOS="992" WIDTH="152" HEIGHT="36" WC="0.96" CONTENT="tvungen"/><SP WIDTH="20" VPOS="992" HPOS="1335"/>
							<String ID="string_155" HPOS="1355" VPOS="991" WIDTH="52" HEIGHT="29" WC="0.96" CONTENT="att"/><SP WIDTH="20" VPOS="991" HPOS="1407"/>
							<String ID="string_156" HPOS="1427" VPOS="991" WIDTH="86" HEIGHT="29" WC="0.95" CONTENT="även"/><SP WIDTH="19" VPOS="991" HPOS="1513"/>
							<String ID="string_157" HPOS="1532" VPOS="990" WIDTH="62" HEIGHT="29" WC="0.96" CONTENT="lita"/>
						</TextLine>
						<TextLine ID="line_17" HPOS="88" VPOS="1040" WIDTH="1506" HEIGHT="44">
							<String ID="string_158" HPOS="88" VPOS="1044" WIDTH="53" HEIGHT="30" WC="0.95" CONTENT="till"/><SP WIDTH="22" VPOS="1044" HPOS="141"/>
							<String ID="string_159" HPOS="163" VPOS="1045" WIDTH="41" HEIGHT="29" WC="0.96" CONTENT="de"/><SP WIDTH="21" VPOS="1045" HPOS="204"/>
							<String ID="string_160" HPOS="225" VPOS="1044" WIDTH="222" HEIGHT="40" WC="0.96" CONTENT="möjligheter"/><SP WIDTH="24" VPOS="1044" HPOS="447"/>
							<String ID="string_161" HPOS="471" VPOS="1053" WIDTH="74" HEIGHT="20" WC="0.96" CONTENT="som"/><SP WIDTH="22" VPOS="1053" HPOS="545"/>
							<String ID="string_162" HPOS="567" VPOS="1052" WIDTH="39" HEIGHT="20" WC="0.96" CONTENT="en"/><SP WIDTH="28" VPOS="1052" HPOS="606"/>
							<String ID="string_163" HPOS="634" VPOS="1042" WIDTH="171" HEIGHT="40" WC="0.96" CONTENT="lättrörlig"/><SP WIDTH="20" VPOS="1042" HPOS="805"/>
							<String ID="string_164" HPOS="825" VPOS="1042" WIDTH="216" HEIGHT="39" WC="0.96" CONTENT="arbetskraft"/><SP WIDTH="23" VPOS="1042" HPOS="1041"/>
							<String ID="string_165" HPOS="1064" VPOS="1041" WIDTH="173" HEIGHT="39" WC="0.96" CONTENT="erbjuder."/><SP WIDTH="33" VPOS="1041" HPOS="1237"/>
							<String ID="string_166" HPOS="1270" VPOS="1041" WIDTH="4" HEIGHT="29" WC="0.95" CONTENT="I"/><SP WIDTH="23" VPOS="1041" HPOS="1274"/>
							<String ID="string_167" HPOS="1297" VPOS="1041" WIDTH="127" HEIGHT="39" WC="0.95" CONTENT="många"/><SP WIDTH="22" VPOS="1041" HPOS="1424"/>
							<String ID="string_168" HPOS="1446" VPOS="1040" WIDTH="62" HEIGHT="30" WC="0.96" CONTENT="fall"/><SP WIDTH="21" VPOS="1040" HPOS="1508"/>
							<String ID="string_169" HPOS="1529" VPOS="1041" WIDTH="65" HEIGHT="28" WC="0.96" CONTENT="har"/>
						</TextLine>
						<TextLine ID="line_18" HPOS="87" VPOS="1091" WIDTH="1507" HEIGHT="42">
							<String ID="string_170" HPOS="87" VPOS="1096" WIDTH="95" HEIGHT="28" WC="0.96" CONTENT="detta"/><SP WIDTH="20" VPOS="1096" HPOS="182"/>
							<String ID="string_171" HPOS="202" VPOS="1094" WIDTH="177" HEIGHT="30" WC="0.96" CONTENT="inneburit"/><SP WIDTH="19" VPOS="1094" HPOS="379"/>
							<String ID="string_172" HPOS="398" VPOS="1094" WIDTH="182" HEIGHT="29" WC="0.96" CONTENT="kännbara"/><SP WIDTH="19" VPOS="1094" HPOS="580"/>
							<String ID="string_173" HPOS="599" VPOS="1093" WIDTH="197" HEIGHT="40" WC="0.95" CONTENT="personliga"/><SP WIDTH="20" VPOS="1093" HPOS="796"/>
							<String ID="string_174" HPOS="816" VPOS="1092" WIDTH="259" HEIGHT="40" WC="0.95" CONTENT="uppoffringar,"/><SP WIDTH="20" VPOS="1092" HPOS="1075"/>
							<String ID="string_175" HPOS="1095" VPOS="1092" WIDTH="128" HEIGHT="29" WC="0.95" CONTENT="främst"/><SP WIDTH="19" VPOS="1092" HPOS="1223"/>
							<String ID="string_176" HPOS="1242" VPOS="1092" WIDTH="55" HEIGHT="29" WC="0.96" CONTENT="för"/><SP WIDTH="21" VPOS="1092" HPOS="1297"/>
							<String ID="string_177" HPOS="1318" VPOS="1091" WIDTH="41" HEIGHT="30" WC="0.96" CONTENT="de"/><SP WIDTH="19" VPOS="1091" HPOS="1359"/>
							<String ID="string_178" HPOS="1378" VPOS="1098" WIDTH="108" HEIGHT="32" WC="0.93" CONTENT="yngre"/><SP WIDTH="20" VPOS="1098" HPOS="1486"/>
							<String ID="string_179" HPOS="1506" VPOS="1091" WIDTH="88" HEIGHT="29" WC="0.90" CONTENT="lant-"/>
						</TextLine>
						<TextLine ID="line_19" HPOS="88" VPOS="1143" WIDTH="766" HEIGHT="40">
							<String ID="string_180" HPOS="88" VPOS="1147" WIDTH="171" HEIGHT="32" WC="0.95" CONTENT="mätarna,"/><SP WIDTH="21" VPOS="1147" HPOS="259"/>
							<String ID="string_181" HPOS="280" VPOS="1154" WIDTH="75" HEIGHT="21" WC="0.96" CONTENT="som"/><SP WIDTH="20" VPOS="1154" HPOS="355"/>
							<String ID="string_182" HPOS="375" VPOS="1145" WIDTH="12" HEIGHT="29" WC="0.96" CONTENT="i"/><SP WIDTH="18" VPOS="1145" HPOS="387"/>
							<String ID="string_183" HPOS="405" VPOS="1145" WIDTH="111" HEIGHT="29" WC="0.96" CONTENT="första"/><SP WIDTH="20" VPOS="1145" HPOS="516"/>
							<String ID="string_184" HPOS="536" VPOS="1144" WIDTH="94" HEIGHT="30" WC="0.96" CONTENT="hand"/><SP WIDTH="19" VPOS="1144" HPOS="630"/>
							<String ID="string_185" HPOS="649" VPOS="1143" WIDTH="205" HEIGHT="40" WC="0.95" CONTENT="förflyttats."/>
						</TextLine>
					</TextBlock>
					<TextBlock ID="block_4" HPOS="89" VPOS="1192" WIDTH="1510" HEIGHT="346">
						<TextLine ID="line_20" HPOS="133" VPOS="1192" WIDTH="1464" HEIGHT="44">
							<String ID="string_186" HPOS="133" VPOS="1196" WIDTH="14" HEIGHT="29" WC="0.96" CONTENT="I"/><SP WIDTH="23" VPOS="1196" HPOS="147"/>
							<String ID="string_187" HPOS="170" VPOS="1196" WIDTH="94" HEIGHT="30" WC="0.96" CONTENT="detta"/><SP WIDTH="24" VPOS="1196" HPOS="264"/>
							<String ID="string_188" HPOS="288" VPOS="1195" WIDTH="256" HEIGHT="41" WC="0.96" CONTENT="sammanhang"/><SP WIDTH="21" VPOS="1195" HPOS="544"/>
							<String ID="string_189" HPOS="565" VPOS="1195" WIDTH="70" HEIGHT="29" WC="0.96" CONTENT="kan"/><SP WIDTH="25" VPOS="1195" HPOS="635"/>
							<String ID="string_190" HPOS="660" VPOS="1194" WIDTH="169" HEIGHT="39" WC="0.96" CONTENT="styrelsen"/><SP WIDTH="23" VPOS="1194" HPOS="829"/>
							<String ID="string_191" HPOS="852" VPOS="1194" WIDTH="76" HEIGHT="29" WC="0.96" CONTENT="icke"/><SP WIDTH="23" VPOS="1194" HPOS="928"/>
							<String ID="string_192" HPOS="951" VPOS="1193" WIDTH="185" HEIGHT="30" WC="0.96" CONTENT="underlåta"/><SP WIDTH="25" VPOS="1193" HPOS="1136"/>
							<String ID="string_193" HPOS="1161" VPOS="1195" WIDTH="49" HEIGHT="28" WC="0.96" CONTENT="att"/><SP WIDTH="25" VPOS="1195" HPOS="1210"/>
							<String ID="string_194" HPOS="1235" VPOS="1192" WIDTH="189" HEIGHT="31" WC="0.96" CONTENT="framhålla"/><SP WIDTH="24" VPOS="1192" HPOS="1424"/>
							<String ID="string_195" HPOS="1448" VPOS="1193" WIDTH="66" HEIGHT="29" WC="0.93" CONTENT="den"/><SP WIDTH="25" VPOS="1193" HPOS="1514"/>
							<String ID="string_196" HPOS="1539" VPOS="1193" WIDTH="58" HEIGHT="29" WC="0.92" CONTENT="be-"/>
						</TextLine>
						<TextLine ID="line_21" HPOS="89" VPOS="1243" WIDTH="1507" HEIGHT="43">
							<String ID="string_197" HPOS="89" VPOS="1247" WIDTH="152" HEIGHT="39" WC="0.91" CONTENT="tydande"/><SP WIDTH="25" VPOS="1247" HPOS="241"/>
							<String ID="string_198" HPOS="266" VPOS="1246" WIDTH="230" HEIGHT="30" WC="0.96" CONTENT="arbetsinsats"/><SP WIDTH="26" VPOS="1246" HPOS="496"/>
							<String ID="string_199" HPOS="522" VPOS="1255" WIDTH="74" HEIGHT="20" WC="0.95" CONTENT="som"/><SP WIDTH="27" VPOS="1255" HPOS="596"/>
							<String ID="string_200" HPOS="623" VPOS="1245" WIDTH="109" HEIGHT="39" WC="0.95" CONTENT="gjorts"/><SP WIDTH="27" VPOS="1245" HPOS="732"/>
							<String ID="string_201" HPOS="759" VPOS="1245" WIDTH="81" HEIGHT="30" WC="0.93" CONTENT="från"/><SP WIDTH="24" VPOS="1245" HPOS="840"/>
							<String ID="string_202" HPOS="864" VPOS="1244" WIDTH="393" HEIGHT="39" WC="0.90" CONTENT="befattningshavarnas"/><SP WIDTH="28" VPOS="1244" HPOS="1257"/>
							<String ID="string_203" HPOS="1285" VPOS="1243" WIDTH="77" HEIGHT="30" WC="0.96" CONTENT="sida"/><SP WIDTH="24" VPOS="1243" HPOS="1362"/>
							<String ID="string_204" HPOS="1386" VPOS="1243" WIDTH="54" HEIGHT="30" WC="0.95" CONTENT="för"/><SP WIDTH="25" VPOS="1243" HPOS="1440"/>
							<String ID="string_205" HPOS="1465" VPOS="1245" WIDTH="52" HEIGHT="28" WC="0.92" CONTENT="att"/><SP WIDTH="23" VPOS="1245" HPOS="1517"/>
							<String ID="string_206" HPOS="1540" VPOS="1243" WIDTH="56" HEIGHT="29" WC="0.89" CONTENT="be-"/>
						</TextLine>
						<TextLine ID="line_22" HPOS="90" VPOS="1294" WIDTH="1508" HEIGHT="33">
							<String ID="string_207" HPOS="90" VPOS="1298" WIDTH="132" HEIGHT="29" WC="0.91" CONTENT="mästra"/><SP WIDTH="18" VPOS="1298" HPOS="222"/>
							<String ID="string_208" HPOS="240" VPOS="1298" WIDTH="66" HEIGHT="29" WC="0.96" CONTENT="den"/><SP WIDTH="18" VPOS="1298" HPOS="306"/>
							<String ID="string_209" HPOS="324" VPOS="1297" WIDTH="156" HEIGHT="29" WC="0.93" CONTENT="rådande"/><SP WIDTH="19" VPOS="1297" HPOS="480"/>
							<String ID="string_210" HPOS="499" VPOS="1295" WIDTH="340" HEIGHT="31" WC="0.90" CONTENT="arbetssituationen."/><SP WIDTH="21" VPOS="1295" HPOS="839"/>
							<String ID="string_211" HPOS="860" VPOS="1295" WIDTH="75" HEIGHT="30" WC="0.96" CONTENT="Den"/><SP WIDTH="18" VPOS="1295" HPOS="935"/>
							<String ID="string_212" HPOS="953" VPOS="1295" WIDTH="111" HEIGHT="30" WC="0.93" CONTENT="hårda"/><SP WIDTH="21" VPOS="1295" HPOS="1064"/>
							<String ID="string_213" HPOS="1085" VPOS="1294" WIDTH="251" HEIGHT="30" WC="0.87" CONTENT="arbetsbördan"/><SP WIDTH="20" VPOS="1294" HPOS="1336"/>
							<String ID="string_214" HPOS="1356" VPOS="1295" WIDTH="64" HEIGHT="28" WC="0.91" CONTENT="har"/><SP WIDTH="22" VPOS="1295" HPOS="1420"/>
							<String ID="string_215" HPOS="1442" VPOS="1294" WIDTH="156" HEIGHT="29" WC="0.91" CONTENT="emeller-"/>
						</TextLine>
						<TextLine ID="line_23" HPOS="89" VPOS="1345" WIDTH="1506" HEIGHT="40">
							<String ID="string_216" HPOS="89" VPOS="1348" WIDTH="50" HEIGHT="29" WC="0.96" CONTENT="tid"/><SP WIDTH="23" VPOS="1348" HPOS="139"/>
							<String ID="string_217" HPOS="162" VPOS="1347" WIDTH="152" HEIGHT="30" WC="0.96" CONTENT="medfört"/><SP WIDTH="24" VPOS="1347" HPOS="314"/>
							<String ID="string_218" HPOS="338" VPOS="1356" WIDTH="43" HEIGHT="20" WC="0.96" CONTENT="en"/><SP WIDTH="23" VPOS="1356" HPOS="381"/>
							<String ID="string_219" HPOS="404" VPOS="1347" WIDTH="152" HEIGHT="30" WC="0.96" CONTENT="oroande"/><SP WIDTH="22" VPOS="1347" HPOS="556"/>
							<String ID="string_220" HPOS="578" VPOS="1346" WIDTH="202" HEIGHT="39" WC="0.78" CONTENT="förslitning"/><SP WIDTH="23" VPOS="1346" HPOS="780"/>
							<String ID="string_221" HPOS="803" VPOS="1356" WIDTH="43" HEIGHT="20" WC="0.93" CONTENT="av"/><SP WIDTH="23" VPOS="1356" HPOS="846"/>
							<String ID="string_222" HPOS="869" VPOS="1345" WIDTH="420" HEIGHT="40" WC="0.67" CONTENT="lantmäleripersonalen."/><SP WIDTH="26" VPOS="1345" HPOS="1289"/>
							<String ID="string_223" HPOS="1315" VPOS="1345" WIDTH="13" HEIGHT="29" WC="0.95" CONTENT="I"/><SP WIDTH="25" VPOS="1345" HPOS="1328"/>
							<String ID="string_224" HPOS="1353" VPOS="1345" WIDTH="154" HEIGHT="38" WC="0.95" CONTENT="dagarna"/><SP WIDTH="24" VPOS="1345" HPOS="1507"/>
							<String ID="string_225" HPOS="1531" VPOS="1345" WIDTH="64" HEIGHT="29" WC="0.96" CONTENT="har"/>
						</TextLine>
						<TextLine ID="line_24" HPOS="89" VPOS="1395" WIDTH="1508" HEIGHT="33">
							<String ID="string_226" HPOS="89" VPOS="1399" WIDTH="106" HEIGHT="29" WC="0.96" CONTENT="också"/><SP WIDTH="20" VPOS="1399" HPOS="195"/>
							<String ID="string_227" HPOS="215" VPOS="1398" WIDTH="193" HEIGHT="29" WC="0.96" CONTENT="meddelats"/><SP WIDTH="21" VPOS="1398" HPOS="408"/>
							<String ID="string_228" HPOS="429" VPOS="1399" WIDTH="50" HEIGHT="28" WC="0.93" CONTENT="att"/><SP WIDTH="21" VPOS="1399" HPOS="479"/>
							<String ID="string_229" HPOS="500" VPOS="1397" WIDTH="398" HEIGHT="29" WC="0.91" CONTENT="distriktslantmätaren"/><SP WIDTH="22" VPOS="1397" HPOS="898"/>
							<String ID="string_230" HPOS="920" VPOS="1396" WIDTH="11" HEIGHT="29" WC="0.96" CONTENT="i"/><SP WIDTH="21" VPOS="1396" HPOS="931"/>
							<String ID="string_231" HPOS="952" VPOS="1398" WIDTH="48" HEIGHT="27" WC="0.96" CONTENT="ett"/><SP WIDTH="23" VPOS="1398" HPOS="1000"/>
							<String ID="string_232" HPOS="1023" VPOS="1405" WIDTH="42" HEIGHT="20" WC="0.93" CONTENT="av"/><SP WIDTH="23" VPOS="1405" HPOS="1065"/>
							<String ID="string_233" HPOS="1088" VPOS="1395" WIDTH="394" HEIGHT="30" WC="0.91" CONTENT="Sundsvallsdistrikten"/><SP WIDTH="22" VPOS="1395" HPOS="1482"/>
							<String ID="string_234" HPOS="1504" VPOS="1395" WIDTH="93" HEIGHT="30" WC="0.96" CONTENT="måst"/>
						</TextLine>
						<TextLine ID="line_25" HPOS="93" VPOS="1446" WIDTH="1506" HEIGHT="42">
							<String ID="string_235" HPOS="93" VPOS="1450" WIDTH="127" HEIGHT="38" WC="0.92" CONTENT="begära"/><SP WIDTH="20" VPOS="1450" HPOS="220"/>
							<String ID="string_236" HPOS="240" VPOS="1449" WIDTH="236" HEIGHT="39" WC="0.90" CONTENT="sjukledighet"/><SP WIDTH="22" VPOS="1449" HPOS="476"/>
							<String ID="string_237" HPOS="498" VPOS="1449" WIDTH="110" HEIGHT="28" WC="0.96" CONTENT="under"/><SP WIDTH="21" VPOS="1449" HPOS="608"/>
							<String ID="string_238" HPOS="629" VPOS="1448" WIDTH="58" HEIGHT="30" WC="0.96" CONTENT="två"/><SP WIDTH="19" VPOS="1448" HPOS="687"/>
							<String ID="string_239" HPOS="706" VPOS="1448" WIDTH="169" HEIGHT="30" WC="0.96" CONTENT="månader"/><SP WIDTH="21" VPOS="1448" HPOS="875"/>
							<String ID="string_240" HPOS="896" VPOS="1447" WIDTH="45" HEIGHT="40" WC="0.96" CONTENT="på"/><SP WIDTH="22" VPOS="1447" HPOS="941"/>
							<String ID="string_241" HPOS="963" VPOS="1448" WIDTH="112" HEIGHT="38" WC="0.96" CONTENT="grund"/><SP WIDTH="23" VPOS="1448" HPOS="1075"/>
							<String ID="string_242" HPOS="1098" VPOS="1456" WIDTH="42" HEIGHT="21" WC="0.96" CONTENT="av"/><SP WIDTH="21" VPOS="1456" HPOS="1140"/>
							<String ID="string_243" HPOS="1161" VPOS="1446" WIDTH="265" HEIGHT="40" WC="0.96" CONTENT="hjärtsjukdom"/><SP WIDTH="23" VPOS="1446" HPOS="1426"/>
							<String ID="string_244" HPOS="1449" VPOS="1456" WIDTH="75" HEIGHT="20" WC="0.93" CONTENT="som"/><SP WIDTH="21" VPOS="1456" HPOS="1524"/>
							<String ID="string_245" HPOS="1545" VPOS="1455" WIDTH="54" HEIGHT="21" WC="0.91" CONTENT="or-"/>
						</TextLine>
						<TextLine ID="line_26" HPOS="94" VPOS="1499" WIDTH="545" HEIGHT="39">
							<String ID="string_246" HPOS="94" VPOS="1501" WIDTH="119" HEIGHT="29" WC="0.92" CONTENT="sakats"/><SP WIDTH="21" VPOS="1501" HPOS="213"/>
							<String ID="string_247" HPOS="234" VPOS="1509" WIDTH="42" HEIGHT="20" WC="0.93" CONTENT="av"/><SP WIDTH="17" VPOS="1509" HPOS="276"/>
							<String ID="string_248" HPOS="293" VPOS="1499" WIDTH="346" HEIGHT="39" WC="0.91" CONTENT="överansträngning."/>
						</TextLine>
					</TextBlock>
					<TextBlock ID="block_5" HPOS="91" VPOS="1546" WIDTH="1505" HEIGHT="144">
						<TextLine ID="line_27" HPOS="135" VPOS="1546" WIDTH="1461" HEIGHT="42">
							<String ID="string_249" HPOS="135" VPOS="1551" WIDTH="13" HEIGHT="28" WC="0.96" CONTENT="I"/><SP WIDTH="22" VPOS="1551" HPOS="148"/>
							<String ID="string_250" HPOS="170" VPOS="1550" WIDTH="57" HEIGHT="29" WC="0.96" CONTENT="det"/><SP WIDTH="21" VPOS="1550" HPOS="227"/>
							<String ID="string_251" HPOS="248" VPOS="1549" WIDTH="209" HEIGHT="39" WC="0.96" CONTENT="föregående"/><SP WIDTH="18" VPOS="1549" HPOS="457"/>
							<String ID="string_252" HPOS="475" VPOS="1549" WIDTH="64" HEIGHT="29" WC="0.93" CONTENT="har"/><SP WIDTH="21" VPOS="1549" HPOS="539"/>
							<String ID="string_253" HPOS="560" VPOS="1547" WIDTH="261" HEIGHT="30" WC="0.92" CONTENT="understrukits"/><SP WIDTH="21" VPOS="1547" HPOS="821"/>
							<String ID="string_254" HPOS="842" VPOS="1548" WIDTH="51" HEIGHT="28" WC="0.93" CONTENT="att"/><SP WIDTH="19" VPOS="1548" HPOS="893"/>
							<String ID="string_255" HPOS="912" VPOS="1547" WIDTH="255" HEIGHT="29" WC="0.39" CONTENT="lan[mäteriets"/><SP WIDTH="20" VPOS="1547" HPOS="1167"/>
							<String ID="string_256" HPOS="1187" VPOS="1547" WIDTH="86" HEIGHT="28" WC="0.96" CONTENT="efter"/><SP WIDTH="20" VPOS="1547" HPOS="1273"/>
							<String ID="string_257" HPOS="1293" VPOS="1547" WIDTH="96" HEIGHT="29" WC="0.96" CONTENT="hand"/><SP WIDTH="20" VPOS="1547" HPOS="1389"/>
							<String ID="string_258" HPOS="1409" VPOS="1546" WIDTH="62" HEIGHT="30" WC="0.94" CONTENT="allt"/><SP WIDTH="19" VPOS="1546" HPOS="1471"/>
							<String ID="string_259" HPOS="1490" VPOS="1547" WIDTH="106" HEIGHT="39" WC="0.96" CONTENT="högre"/>
						</TextLine>
						<TextLine ID="line_28" HPOS="91" VPOS="1597" WIDTH="1505" HEIGHT="42">
							<String ID="string_260" HPOS="91" VPOS="1600" WIDTH="211" HEIGHT="30" WC="0.96" CONTENT="effektivitet"/><SP WIDTH="23" VPOS="1600" HPOS="302"/>
							<String ID="string_261" HPOS="325" VPOS="1599" WIDTH="83" HEIGHT="40" WC="0.96" CONTENT="givit"/><SP WIDTH="22" VPOS="1599" HPOS="408"/>
							<String ID="string_262" HPOS="430" VPOS="1599" WIDTH="115" HEIGHT="39" WC="0.96" CONTENT="utslag"/><SP WIDTH="20" VPOS="1599" HPOS="545"/>
							<String ID="string_263" HPOS="565" VPOS="1599" WIDTH="11" HEIGHT="28" WC="0.96" CONTENT="i"/><SP WIDTH="23" VPOS="1599" HPOS="576"/>
							<String ID="string_264" HPOS="599" VPOS="1599" WIDTH="110" HEIGHT="29" WC="0.96" CONTENT="ökade"/><SP WIDTH="22" VPOS="1599" HPOS="709"/>
							<String ID="string_265" HPOS="731" VPOS="1598" WIDTH="194" HEIGHT="29" WC="0.96" CONTENT="inkomster"/><SP WIDTH="25" VPOS="1598" HPOS="925"/>
							<String ID="string_266" HPOS="950" VPOS="1597" WIDTH="54" HEIGHT="30" WC="0.93" CONTENT="för"/><SP WIDTH="24" VPOS="1597" HPOS="1004"/>
							<String ID="string_267" HPOS="1028" VPOS="1597" WIDTH="218" HEIGHT="30" WC="0.89" CONTENT="statsverket."/><SP WIDTH="24" VPOS="1597" HPOS="1246"/>
							<String ID="string_268" HPOS="1270" VPOS="1597" WIDTH="75" HEIGHT="29" WC="0.93" CONTENT="Den"/><SP WIDTH="22" VPOS="1597" HPOS="1345"/>
							<String ID="string_269" HPOS="1367" VPOS="1597" WIDTH="229" HEIGHT="39" WC="0.88" CONTENT="fullsländiga"/>
						</TextLine>
						<TextLine ID="line_29" HPOS="91" VPOS="1649" WIDTH="1166" HEIGHT="41">
							<String ID="string_270" HPOS="91" VPOS="1651" WIDTH="403" HEIGHT="39" WC="0.90" CONTENT="inkomstutvecklingen"/><SP WIDTH="28" VPOS="1651" HPOS="494"/>
							<String ID="string_271" HPOS="522" VPOS="1651" WIDTH="106" HEIGHT="29" WC="0.96" CONTENT="sedan"/><SP WIDTH="27" VPOS="1651" HPOS="628"/>
							<String ID="string_272" HPOS="655" VPOS="1649" WIDTH="343" HEIGHT="40" WC="0.95" CONTENT="omorganisationen"/><SP WIDTH="27" VPOS="1649" HPOS="998"/>
							<String ID="string_273" HPOS="1025" VPOS="1651" WIDTH="38" HEIGHT="28" WC="0.96" CONTENT="är"/><SP WIDTH="27" VPOS="1651" HPOS="1063"/>
							<String ID="string_274" HPOS="1090" VPOS="1649" WIDTH="167" HEIGHT="39" WC="0.96" CONTENT="följande."/>
						</TextLine>
					</TextBlock>
				</ComposedBlock>
				<ComposedBlock ID="cblock_2" HPOS="503" VPOS="1748" WIDTH="677" HEIGHT="32">
					<TextBlock ID="block_6" HPOS="503" VPOS="1748" WIDTH="677" HEIGHT="32">
						<TextLine ID="line_30" HPOS="503" VPOS="1748" WIDTH="677" HEIGHT="32">
							<String ID="string_275" HPOS="503" VPOS="1750" WIDTH="196" HEIGHT="30" WC="0.96" CONTENT="Inkomster"/><SP WIDTH="24" VPOS="1750" HPOS="699"/>
							<String ID="string_276" HPOS="723" VPOS="1750" WIDTH="55" HEIGHT="30" WC="0.93" CONTENT="vid"/><SP WIDTH="23" VPOS="1750" HPOS="778"/>
							<String ID="string_277" HPOS="801" VPOS="1748" WIDTH="379" HEIGHT="31" WC="0.91" CONTENT="lantmäteriväsendet."/>
						</TextLine>
					</TextBlock>
				</ComposedBlock>
				<ComposedBlock ID="cblock_3" HPOS="90" VPOS="1807" WIDTH="1512" HEIGHT="519">
					<TextBlock ID="block_7" HPOS="90" VPOS="1807" WIDTH="1512" HEIGHT="519">
						<TextLine ID="line_31" HPOS="90" VPOS="1807" WIDTH="1511" HEIGHT="41">
							<String ID="string_278" HPOS="90" VPOS="1809" WIDTH="210" HEIGHT="39" WC="0.91" CONTENT="Budgetåret"/><SP WIDTH="27" VPOS="1809" HPOS="300"/>
							<String ID="string_279" HPOS="327" VPOS="1809" WIDTH="142" HEIGHT="35" WC="0.90" CONTENT="1947/48"/><SP WIDTH="34" VPOS="1809" HPOS="469"/>
							<String ID="string_280" HPOS="503" VPOS="1836" WIDTH="25" HEIGHT="2" WC="0.49" CONTENT="="/><SP WIDTH="63" VPOS="1836" HPOS="528"/>
							<String ID="string_281" HPOS="591" VPOS="1835" WIDTH="47" HEIGHT="2" WC="0.26" CONTENT="li"/><SP WIDTH="85" VPOS="1835" HPOS="638"/>
							<String ID="string_282" HPOS="723" VPOS="1834" WIDTH="3" HEIGHT="3" WC="0.16" CONTENT="os"/><SP WIDTH="63" VPOS="1834" HPOS="726"/>
							<String ID="string_283" HPOS="789" VPOS="1831" WIDTH="90" HEIGHT="6" WC="0.50" CONTENT="ee."/><SP WIDTH="85" VPOS="1831" HPOS="879"/>
							<String ID="string_284" HPOS="964" VPOS="1834" WIDTH="25" HEIGHT="2" WC="0.0" CONTENT="LERA"/><SP WIDTH="85" VPOS="1834" HPOS="989"/>
							<String ID="string_285" HPOS="1074" VPOS="1831" WIDTH="131" HEIGHT="5" WC="0.0" CONTENT="ears"/><SP WIDTH="38" VPOS="1831" HPOS="1205"/>
							<String ID="string_286" HPOS="1243" VPOS="1831" WIDTH="150" HEIGHT="6" WC="0.30" CONTENT="een"/><SP WIDTH="66" VPOS="1831" HPOS="1393"/>
							<String ID="string_287" HPOS="1459" VPOS="1808" WIDTH="62" HEIGHT="29" WC="0.88" CONTENT="575"/><SP WIDTH="15" VPOS="1808" HPOS="1521"/>
							<String ID="string_288" HPOS="1536" VPOS="1807" WIDTH="65" HEIGHT="30" WC="0.94" CONTENT="302"/>
						</TextLine>
						<TextLine ID="line_32" HPOS="193" VPOS="1849" WIDTH="1407" HEIGHT="37">
							<String ID="string_289" HPOS="193" VPOS="1862" WIDTH="14" HEIGHT="17" WC="0.85" CONTENT="&gt;"/><SP WIDTH="119" VPOS="1862" HPOS="207"/>
							<String ID="string_290" HPOS="326" VPOS="1851" WIDTH="142" HEIGHT="35" WC="0.91" CONTENT="1948/49"/><SP WIDTH="34" VPOS="1851" HPOS="468"/>
							<String ID="string_291" HPOS="502" VPOS="1875" WIDTH="28" HEIGHT="5" WC="0.90" CONTENT=".."/><SP WIDTH="126" VPOS="1875" HPOS="530"/>
							<String ID="string_292" HPOS="656" VPOS="1874" WIDTH="94" HEIGHT="5" WC="0.21" CONTENT="ee"/><SP WIDTH="369" VPOS="1874" HPOS="750"/>
							<String ID="string_293" HPOS="1119" VPOS="1875" WIDTH="85" HEIGHT="3" WC="0.15" CONTENT="es"/><SP WIDTH="120" VPOS="1875" HPOS="1204"/>
							<String ID="string_294" HPOS="1324" VPOS="1873" WIDTH="69" HEIGHT="5" WC="0.8" CONTENT="er."/><SP WIDTH="34" VPOS="1873" HPOS="1393"/>
							<String ID="string_295" HPOS="1427" VPOS="1849" WIDTH="95" HEIGHT="30" WC="0.69" CONTENT="2838"/><SP WIDTH="15" VPOS="1849" HPOS="1522"/>
							<String ID="string_296" HPOS="1537" VPOS="1849" WIDTH="63" HEIGHT="30" WC="0.80" CONTENT="437"/>
						</TextLine>
						<TextLine ID="line_33" HPOS="193" VPOS="1891" WIDTH="1409" HEIGHT="36">
							<String ID="string_297" HPOS="193" VPOS="1904" WIDTH="14" HEIGHT="17" WC="0.72" CONTENT="&gt;"/><SP WIDTH="119" VPOS="1904" HPOS="207"/>
							<String ID="string_298" HPOS="326" VPOS="1892" WIDTH="142" HEIGHT="35" WC="0.15" CONTENT="1949/50"/><SP WIDTH="179" VPOS="1892" HPOS="468"/>
							<String ID="string_299" HPOS="647" VPOS="1919" WIDTH="45" HEIGHT="2" WC="0.12" CONTENT="ER"/><SP WIDTH="241" VPOS="1919" HPOS="692"/>
							<String ID="string_300" HPOS="933" VPOS="1915" WIDTH="72" HEIGHT="5" WC="0.17" CONTENT="Poe"/><SP WIDTH="106" VPOS="1915" HPOS="1005"/>
							<String ID="string_301" HPOS="1111" VPOS="1917" WIDTH="43" HEIGHT="3" WC="0.21" CONTENT="oa"/><SP WIDTH="127" VPOS="1917" HPOS="1154"/>
							<String ID="string_302" HPOS="1281" VPOS="1915" WIDTH="48" HEIGHT="5" WC="0.16" CONTENT="00"/><SP WIDTH="37" VPOS="1915" HPOS="1329"/>
							<String ID="string_303" HPOS="1366" VPOS="1915" WIDTH="28" HEIGHT="6" WC="0.0" CONTENT="2&gt;"/><SP WIDTH="65" VPOS="1915" HPOS="1394"/>
							<String ID="string_304" HPOS="1459" VPOS="1891" WIDTH="143" HEIGHT="30" WC="0.17" CONTENT="032879"/>
						</TextLine>
						<TextLine ID="line_34" HPOS="193" VPOS="1933" WIDTH="1407" HEIGHT="36">
							<String ID="string_305" HPOS="193" VPOS="1946" WIDTH="15" HEIGHT="17" WC="0.87" CONTENT="&gt;"/><SP WIDTH="119" VPOS="1946" HPOS="208"/>
							<String ID="string_306" HPOS="327" VPOS="1935" WIDTH="140" HEIGHT="34" WC="0.89" CONTENT="1950/51"/><SP WIDTH="77" VPOS="1935" HPOS="467"/>
							<String ID="string_307" HPOS="544" VPOS="1961" WIDTH="2" HEIGHT="2" WC="0.37" CONTENT="0"/><SP WIDTH="39" VPOS="1961" HPOS="546"/>
							<String ID="string_308" HPOS="585" VPOS="1958" WIDTH="110" HEIGHT="5" WC="0.23" CONTENT="osv."/><SP WIDTH="99" VPOS="1958" HPOS="695"/>
							<String ID="string_309" HPOS="794" VPOS="1957" WIDTH="69" HEIGHT="6" WC="0.13" CONTENT="Kas"/><SP WIDTH="483" VPOS="1957" HPOS="863"/>
							<String ID="string_310" HPOS="1346" VPOS="1959" WIDTH="46" HEIGHT="3" WC="0.0" CONTENT="."/><SP WIDTH="35" VPOS="1959" HPOS="1392"/>
							<String ID="string_311" HPOS="1427" VPOS="1933" WIDTH="96" HEIGHT="30" WC="0.91" CONTENT="4684"/><SP WIDTH="14" VPOS="1933" HPOS="1523"/>
							<String ID="string_312" HPOS="1537" VPOS="1933" WIDTH="63" HEIGHT="30" WC="0.94" CONTENT="346"/>
						</TextLine>
						<TextLine ID="line_35" HPOS="194" VPOS="1975" WIDTH="1408" HEIGHT="37">
							<String ID="string_313" HPOS="194" VPOS="1988" WIDTH="15" HEIGHT="17" WC="0.75" CONTENT="»"/><SP WIDTH="118" VPOS="1988" HPOS="209"/>
							<String ID="string_314" HPOS="327" VPOS="1977" WIDTH="142" HEIGHT="35" WC="0.91" CONTENT="1951/52"/><SP WIDTH="102" VPOS="1977" HPOS="469"/>
							<String ID="string_315" HPOS="571" VPOS="1999" WIDTH="137" HEIGHT="6" WC="0.19" CONTENT="ons"/><SP WIDTH="61" VPOS="1999" HPOS="708"/>
							<String ID="string_316" HPOS="769" VPOS="2002" WIDTH="91" HEIGHT="2" WC="0.9" CONTENT="oe"/><SP WIDTH="220" VPOS="2002" HPOS="860"/>
							<String ID="string_317" HPOS="1080" VPOS="1999" WIDTH="253" HEIGHT="5" WC="0.19" CONTENT="0"/><SP WIDTH="60" VPOS="1999" HPOS="1333"/>
							<String ID="string_318" HPOS="1393" VPOS="2002" WIDTH="3" HEIGHT="3" WC="0.0" CONTENT="0"/><SP WIDTH="66" VPOS="2002" HPOS="1396"/>
							<String ID="string_319" HPOS="1462" VPOS="1975" WIDTH="62" HEIGHT="30" WC="0.0" CONTENT="046"/><SP WIDTH="14" VPOS="1975" HPOS="1524"/>
							<String ID="string_320" HPOS="1538" VPOS="1976" WIDTH="64" HEIGHT="29" WC="0.91" CONTENT="970"/>
						</TextLine>
						<TextLine ID="line_36" HPOS="194" VPOS="2018" WIDTH="1406" HEIGHT="35">
							<String ID="string_321" HPOS="194" VPOS="2029" WIDTH="14" HEIGHT="17" WC="0.88" CONTENT="&gt;"/><SP WIDTH="119" VPOS="2029" HPOS="208"/>
							<String ID="string_322" HPOS="327" VPOS="2019" WIDTH="141" HEIGHT="34" WC="0.90" CONTENT="1952/53"/><SP WIDTH="190" VPOS="2019" HPOS="468"/>
							<String ID="string_323" HPOS="658" VPOS="2044" WIDTH="46" HEIGHT="3" WC="0.30" CONTENT="a"/><SP WIDTH="152" VPOS="2044" HPOS="704"/>
							<String ID="string_324" HPOS="856" VPOS="2041" WIDTH="72" HEIGHT="5" WC="0.0" CONTENT="reea"/><SP WIDTH="151" VPOS="2041" HPOS="928"/>
							<String ID="string_325" HPOS="1079" VPOS="2044" WIDTH="85" HEIGHT="2" WC="0.33" CONTENT="ana."/><SP WIDTH="120" VPOS="2044" HPOS="1164"/>
							<String ID="string_326" HPOS="1284" VPOS="2041" WIDTH="28" HEIGHT="5" WC="0.0" CONTENT=".."/><SP WIDTH="59" VPOS="2041" HPOS="1312"/>
							<String ID="string_327" HPOS="1371" VPOS="2043" WIDTH="23" HEIGHT="3" WC="0.14" CONTENT="&gt;&gt;"/><SP WIDTH="34" VPOS="2043" HPOS="1394"/>
							<String ID="string_328" HPOS="1428" VPOS="2018" WIDTH="94" HEIGHT="30" WC="0.86" CONTENT="6657"/><SP WIDTH="16" VPOS="2018" HPOS="1522"/>
							<String ID="string_329" HPOS="1538" VPOS="2018" WIDTH="62" HEIGHT="30" WC="0.96" CONTENT="366"/>
						</TextLine>
						<TextLine ID="line_37" HPOS="193" VPOS="2060" WIDTH="1406" HEIGHT="36">
							<String ID="string_330" HPOS="193" VPOS="2071" WIDTH="15" HEIGHT="17" WC="0.35" CONTENT="&gt;"/><SP WIDTH="120" VPOS="2071" HPOS="208"/>
							<String ID="string_331" HPOS="328" VPOS="2060" WIDTH="142" HEIGHT="36" WC="0.89" CONTENT="1953/54"/><SP WIDTH="164" VPOS="2060" HPOS="470"/>
							<String ID="string_332" HPOS="634" VPOS="2083" WIDTH="28" HEIGHT="6" WC="0.0" CONTENT="Oc"/><SP WIDTH="40" VPOS="2083" HPOS="662"/>
							<String ID="string_333" HPOS="702" VPOS="2083" WIDTH="5" HEIGHT="6" WC="0.0" CONTENT="0"/><SP WIDTH="194" VPOS="2083" HPOS="707"/>
							<String ID="string_334" HPOS="901" VPOS="2086" WIDTH="3" HEIGHT="2" WC="0.75" CONTENT="."/><SP WIDTH="237" VPOS="2086" HPOS="904"/>
							<String ID="string_335" HPOS="1141" VPOS="2085" WIDTH="146" HEIGHT="3" WC="0.19" CONTENT="000"/><SP WIDTH="38" VPOS="2085" HPOS="1287"/>
							<String ID="string_336" HPOS="1325" VPOS="2083" WIDTH="28" HEIGHT="5" WC="0.30" CONTENT="0"/><SP WIDTH="38" VPOS="2083" HPOS="1353"/>
							<String ID="string_337" HPOS="1391" VPOS="2086" WIDTH="3" HEIGHT="2" WC="0.40" CONTENT="&gt;"/><SP WIDTH="34" VPOS="2086" HPOS="1394"/>
							<String ID="string_338" HPOS="1428" VPOS="2060" WIDTH="93" HEIGHT="29" WC="0.89" CONTENT="1187"/><SP WIDTH="17" VPOS="2060" HPOS="1521"/>
							<String ID="string_339" HPOS="1538" VPOS="2060" WIDTH="61" HEIGHT="29" WC="0.90" CONTENT="887"/>
						</TextLine>
						<TextLine ID="line_38" HPOS="94" VPOS="2145" WIDTH="381" HEIGHT="39">
							<String ID="string_340" HPOS="94" VPOS="2145" WIDTH="210" HEIGHT="39" WC="0.89" CONTENT="Budgetåret"/><SP WIDTH="27" VPOS="2145" HPOS="304"/>
							<String ID="string_341" HPOS="331" VPOS="2145" WIDTH="144" HEIGHT="34" WC="0.89" CONTENT="1954/55"/>
						</TextLine>
						<TextLine ID="line_39" HPOS="94" VPOS="2202" WIDTH="1507" HEIGHT="72">
							<String ID="string_342" HPOS="94" VPOS="2204" WIDTH="13" HEIGHT="70" WC="0.63" CONTENT="I"/><SP WIDTH="25" VPOS="2204" HPOS="107"/>
							<String ID="string_343" HPOS="132" VPOS="2204" WIDTH="190" HEIGHT="29" WC="0.92" CONTENT="riksstaten"/><SP WIDTH="24" VPOS="2204" HPOS="322"/>
							<String ID="string_344" HPOS="346" VPOS="2205" WIDTH="179" HEIGHT="38" WC="0.96" CONTENT="upptagna"/><SP WIDTH="23" VPOS="2205" HPOS="525"/>
							<String ID="string_345" HPOS="548" VPOS="2203" WIDTH="50" HEIGHT="30" WC="0.57" CONTENT="till"/><SP WIDTH="32" VPOS="2203" HPOS="598"/>
							<String ID="string_346" HPOS="630" VPOS="2228" WIDTH="24" HEIGHT="3" WC="0.0" CONTENT="soco0co"/><SP WIDTH="113" VPOS="2228" HPOS="654"/>
							<String ID="string_347" HPOS="767" VPOS="2199" WIDTH="72" HEIGHT="48" WC="0.0" CONTENT="ooo"/><SP WIDTH="9" VPOS="2199" HPOS="839"/>
							<String ID="string_348" HPOS="848" VPOS="2199" WIDTH="81" HEIGHT="48" WC="0.0" CONTENT="ooo"/><SP WIDTH="54" VPOS="2199" HPOS="929"/>
							<String ID="string_349" HPOS="983" VPOS="2225" WIDTH="5" HEIGHT="5" WC="0.30" CONTENT="4"/><SP WIDTH="19" VPOS="2225" HPOS="988"/>
							<String ID="string_350" HPOS="1007" VPOS="2225" WIDTH="25" HEIGHT="5" WC="0.30" CONTENT="es"/><SP WIDTH="18" VPOS="2225" HPOS="1032"/>
							<String ID="string_351" HPOS="1050" VPOS="2225" WIDTH="344" HEIGHT="6" WC="0.14" CONTENT="ere"/><SP WIDTH="35" VPOS="2225" HPOS="1394"/>
							<String ID="string_352" HPOS="1429" VPOS="2202" WIDTH="94" HEIGHT="29" WC="0.58" CONTENT="7.600"/><SP WIDTH="15" VPOS="2202" HPOS="1523"/>
							<String ID="string_353" HPOS="1538" VPOS="2202" WIDTH="63" HEIGHT="30" WC="0.95" CONTENT="000"/>
						</TextLine>
						<TextLine ID="line_40" HPOS="95" VPOS="2228" WIDTH="1306" HEIGHT="56">
							<String ID="string_354" HPOS="95" VPOS="2246" WIDTH="12" HEIGHT="28" WC="0.95" CONTENT="I"/><SP WIDTH="27" VPOS="2246" HPOS="107"/>
							<String ID="string_355" HPOS="134" VPOS="2245" WIDTH="166" HEIGHT="29" WC="0.95" CONTENT="skrivelse"/><SP WIDTH="26" VPOS="2245" HPOS="300"/>
							<String ID="string_356" HPOS="326" VPOS="2245" WIDTH="49" HEIGHT="29" WC="0.95" CONTENT="till"/><SP WIDTH="27" VPOS="2245" HPOS="375"/>
							<String ID="string_357" HPOS="402" VPOS="2228" WIDTH="429" HEIGHT="56" WC="0.85" CONTENT="riksräkenskapsverket"/><SP WIDTH="13" VPOS="2228" HPOS="831"/>
							<String ID="string_358" HPOS="844" VPOS="2228" WIDTH="76" HEIGHT="45" WC="0.96" CONTENT="den"/><SP WIDTH="17" VPOS="2228" HPOS="920"/>
							<String ID="string_359" HPOS="937" VPOS="2244" WIDTH="18" HEIGHT="29" WC="0.94" CONTENT="2"/><SP WIDTH="27" VPOS="2244" HPOS="955"/>
							<String ID="string_360" HPOS="982" VPOS="2244" WIDTH="144" HEIGHT="29" WC="0.96" CONTENT="oktober"/><SP WIDTH="28" VPOS="2244" HPOS="1126"/>
							<String ID="string_361" HPOS="1154" VPOS="2243" WIDTH="83" HEIGHT="30" WC="0.96" CONTENT="1954"/><SP WIDTH="28" VPOS="2243" HPOS="1237"/>
							<String ID="string_362" HPOS="1265" VPOS="2254" WIDTH="42" HEIGHT="19" WC="0.96" CONTENT="av"/><SP WIDTH="26" VPOS="2254" HPOS="1307"/>
							<String ID="string_363" HPOS="1333" VPOS="2245" WIDTH="68" HEIGHT="37" WC="0.89" CONTENT="sty-"/>
						</TextLine>
						<TextLine ID="line_41" HPOS="138" VPOS="2285" WIDTH="1463" HEIGHT="41">
							<String ID="string_364" HPOS="138" VPOS="2287" WIDTH="113" HEIGHT="29" WC="0.96" CONTENT="relsen"/><SP WIDTH="27" VPOS="2287" HPOS="251"/>
							<String ID="string_365" HPOS="278" VPOS="2287" WIDTH="236" HEIGHT="39" WC="0.96" CONTENT="uppskattade"/><SP WIDTH="30" VPOS="2287" HPOS="514"/>
							<String ID="string_366" HPOS="544" VPOS="2286" WIDTH="49" HEIGHT="29" WC="0.92" CONTENT="till"/><SP WIDTH="37" VPOS="2286" HPOS="593"/>
							<String ID="string_367" HPOS="630" VPOS="2312" WIDTH="2" HEIGHT="2" WC="0.92" CONTENT="."/><SP WIDTH="85" VPOS="2312" HPOS="632"/>
							<String ID="string_368" HPOS="717" VPOS="2309" WIDTH="5" HEIGHT="5" WC="0.15" CONTENT="."/><SP WIDTH="707" VPOS="2309" HPOS="722"/>
							<String ID="string_369" HPOS="1429" VPOS="2285" WIDTH="16" HEIGHT="29" WC="0.76" CONTENT="7"/><SP WIDTH="16" VPOS="2285" HPOS="1445"/>
							<String ID="string_370" HPOS="1461" VPOS="2285" WIDTH="63" HEIGHT="30" WC="0.76" CONTENT="800"/><SP WIDTH="15" VPOS="2285" HPOS="1524"/>
							<String ID="string_371" HPOS="1539" VPOS="2285" WIDTH="62" HEIGHT="29" WC="0.95" CONTENT="000"/>
						</TextLine>
					</TextBlock>
				</ComposedBlock>
				<ComposedBlock ID="cblock_4" HPOS="95" VPOS="2308" WIDTH="1508" HEIGHT="106">
					<TextBlock ID="block_8" HPOS="95" VPOS="2308" WIDTH="1508" HEIGHT="92">
						<TextLine ID="line_42" HPOS="95" VPOS="2308" WIDTH="1307" HEIGHT="62">
							<String ID="string_372" HPOS="95" VPOS="2330" WIDTH="76" HEIGHT="29" WC="0.95" CONTENT="Kan"/><SP WIDTH="24" VPOS="2330" HPOS="171"/>
							<String ID="string_373" HPOS="195" VPOS="2329" WIDTH="77" HEIGHT="29" WC="0.96" CONTENT="med"/><SP WIDTH="24" VPOS="2329" HPOS="272"/>
							<String ID="string_374" HPOS="296" VPOS="2328" WIDTH="141" HEIGHT="39" WC="0.95" CONTENT="ledning"/><SP WIDTH="22" VPOS="2328" HPOS="437"/>
							<String ID="string_375" HPOS="459" VPOS="2338" WIDTH="43" HEIGHT="20" WC="0.96" CONTENT="av"/><SP WIDTH="20" VPOS="2338" HPOS="502"/>
							<String ID="string_376" HPOS="522" VPOS="2328" WIDTH="125" HEIGHT="29" WC="0.95" CONTENT="hittills"/><SP WIDTH="22" VPOS="2328" HPOS="647"/>
							<String ID="string_377" HPOS="669" VPOS="2309" WIDTH="118" HEIGHT="47" WC="0.95" CONTENT="under"/><SP WIDTH="16" VPOS="2309" HPOS="787"/>
							<String ID="string_378" HPOS="803" VPOS="2323" WIDTH="205" HEIGHT="47" WC="0.96" CONTENT="budgetåret"/><SP WIDTH="23" VPOS="2323" HPOS="1008"/>
							<String ID="string_379" HPOS="1031" VPOS="2308" WIDTH="158" HEIGHT="49" WC="0.90" CONTENT="influtna"/><SP WIDTH="19" VPOS="2308" HPOS="1189"/>
							<String ID="string_380" HPOS="1208" VPOS="2311" WIDTH="194" HEIGHT="45" WC="0.96" CONTENT="inkomster"/>
						</TextLine>
						<TextLine ID="line_43" HPOS="139" VPOS="2366" WIDTH="1464" HEIGHT="48">
							<String ID="string_381" HPOS="139" VPOS="2366" WIDTH="164" HEIGHT="48" WC="0.92" CONTENT="beräknas"/><SP WIDTH="21" VPOS="2366" HPOS="303"/>
							<String ID="string_382" HPOS="324" VPOS="2370" WIDTH="67" HEIGHT="30" WC="0.92" CONTENT="till"/><SP WIDTH="387" VPOS="2370" HPOS="391"/>
							<String ID="string_383" HPOS="778" VPOS="2392" WIDTH="72" HEIGHT="5" WC="0.16" CONTENT="ras"/><SP WIDTH="62" VPOS="2392" HPOS="850"/>
							<String ID="string_384" HPOS="912" VPOS="2394" WIDTH="47" HEIGHT="3" WC="0.0" CONTENT="i"/><SP WIDTH="46" VPOS="2394" HPOS="959"/>
							<String ID="string_385" HPOS="1005" VPOS="2394" WIDTH="1" HEIGHT="2" WC="0.6" CONTENT="i"/><SP WIDTH="92" VPOS="2394" HPOS="1006"/>
							<String ID="string_386" HPOS="1098" VPOS="2394" WIDTH="50" HEIGHT="3" WC="0.6" CONTENT="0"/><SP WIDTH="52" VPOS="2394" HPOS="1148"/>
							<String ID="string_387" HPOS="1200" VPOS="2394" WIDTH="51" HEIGHT="3" WC="0.11" CONTENT="000"/><SP WIDTH="39" VPOS="2394" HPOS="1251"/>
							<String ID="string_388" HPOS="1290" VPOS="2394" WIDTH="44" HEIGHT="3" WC="0.23" CONTENT="000"/><SP WIDTH="64" VPOS="2394" HPOS="1334"/>
							<String ID="string_389" HPOS="1398" VPOS="2368" WIDTH="123" HEIGHT="30" WC="0.0" CONTENT="8200"/><SP WIDTH="21" VPOS="2368" HPOS="1521"/>
							<String ID="string_390" HPOS="1542" VPOS="2368" WIDTH="61" HEIGHT="30" WC="0.94" CONTENT="000"/>
						</TextLine>
					</TextBlock>
				</ComposedBlock>
			</PrintSpace>
		</Page>
	</Layout>
</alto>
