2170 2636
694 198 232 29 Statsutskottets
954 197 155 29 Utlåtande
1132 197 59 29 N:o
1213 197 51 28 82.
1751 193 36 29 11

169 280 108 31 mänt
303 287 93 24 onus
424 274 104 47 ålåge
555 273 108 38 Stora
690 273 137 38 Skedvi
855 275 221 35 socknemän
1103 278 55 31 att
1184 273 125 46 bygga
1335 272 71 37 och
1433 271 223 37 underhålla
1681 270 107 37 bron.

171 325 58 37 Då
255 326 128 35 härtill
409 326 159 45 komme,
595 331 64 40 att,
687 326 117 36 ehuru
832 325 45 36 de
902 324 49 47 på
979 326 114 35 1600-
1121 324 71 36 och
1221 324 210 36 1700-talen
1459 322 172 47 gällande
1657 322 133 36 skatte-

171 376 179 48 politiska
377 376 137 37 åsikter
539 376 207 46 ingalunda
771 376 99 37 varit
895 375 234 37 främmande
1154 374 59 37 för
1236 379 54 31 att
1309 387 134 33 genom
1461 372 150 47 afgifter
1629 372 42 37 af
1685 372 105 49 dylik

172 426 256 38 beskaffenhet
462 427 136 37 bereda
633 428 145 35 kronan
805 427 213 43 inkomster,
1045 426 103 36 detta
1173 426 117 35 likväl
1317 424 152 37 alldeles
1495 425 82 36 icke
1604 423 186 37 öfverens-

173 478 143 36 stämde
352 477 87 37 med
478 491 51 22 nu
566 477 174 48 gällande
770 477 185 48 principer
980 476 59 37 för
1064 476 310 46 tillgodoseendet
1400 474 42 37 af
1466 475 238 36 statsverkets
1730 473 61 36 be-

172 528 79 46 hof,
289 529 89 36 ville
418 529 62 36 det
515 540 110 35 synas
662 528 213 46 kollegium,
907 540 80 24 som
1013 540 64 23 om
1102 528 156 44 kronan,
1280 526 141 47 jämväl
1448 525 85 37 med
1560 525 145 47 hänsyn
1731 524 60 35 till

171 579 286 46 ifrågavarande
497 578 124 47 afgifts
662 579 215 48 obetydliga
915 579 148 45 belopp,
1099 577 127 36 kunde
1254 575 197 48 eftergifva
1478 576 216 36 densamma
1720 574 70 36 och

172 629 160 37 sålunda
367 630 209 46 undanröja
603 629 63 37 det
692 629 141 45 hinder,
860 641 79 24 som
965 627 161 38 berörda
1152 627 125 48 afgifts
1306 626 207 49 utgörande
1539 627 133 36 hittills
1698 638 91 35 upp-

171 681 105 36 ställt
313 686 81 31 mot
435 680 248 47 borttagande
722 679 42 37 af
801 680 45 36 de
884 679 60 37 för
983 678 181 38 öfverfart
1203 677 42 37 af
1279 679 96 36 bron
1411 691 52 23 nu
1489 676 187 48 utgående
1703 676 86 37 bro-

172 732 239 46 penningar.»

273 832 193 37 Utskottet
491 832 225 44 hemställer,

677 887 56 31 att
771 881 137 47 Kungl.
943 880 119 48 Maj:ts
1096 879 284 47 ifrågavarande
1406 879 233 49 proposition
1665 877 62 37 må
1751 876 42 38 af

575 932 213 48 Riksdagen
815 931 158 37 bifallas.

273 1032 192 38 Stockolm
492 1034 71 36 den
592 1036 45 34 26
667 1034 95 47 april
792 1034 110 35 1904.

703 1184 54 37 På
783 1185 291 35 statsutskottets
1101 1190 156 39 vägnar:

820 1333 139 38 HUGO
987 1333 154 37 TAMM.
