1908 2838
501 144 117 31 Andra
641 144 241 37 lagutskottets
907 143 177 32 utlåtande
1107 143 51 32 Nr
1189 146 48 30 30.
1612 141 16 30 1

800 373 60 40 Nr
887 373 60 40 30.

665 477 108 23 Ankom
792 477 42 23 till
853 477 155 29 riksdagens
1026 477 88 23 kansli
1133 477 51 23 den
1204 474 32 25 15
1254 477 69 29 april
1344 473 65 27 1936
1428 476 36 23 kl.
1484 475 13 24 1
1517 483 23 16 e.
1560 483 35 16 m.

344 562 182 30 Utlåtande
548 563 10 29 i
579 563 188 36 anledning
787 572 42 21 av
852 563 125 31 väckta
998 564 170 29 motioner
1190 573 56 20 om
1269 563 189 36 ändringar
1481 564 10 29 i
1513 572 116 21 arren-

564 613 314 38 delagstiftningen,
915 615 345 35 expropriationsrätt
1298 615 56 36 för
1379 614 251 36 jordbruksän-

564 665 126 38 damål,
720 665 297 37 återupptagande
1045 675 42 21 av
1117 665 66 31 den
1212 666 129 29 sociala
1370 663 259 39 jordbruksfrå-

562 726 85 27 gans
666 716 161 37 lagvägar
847 717 79 30 med
948 725 106 21 mera.

163 816 118 30 Andra
299 816 223 37 lagutskottet
539 817 65 29 har
620 816 51 31 till
690 817 213 37 behandling
920 817 11 30 i
951 820 46 27 ett
1017 817 254 38 sammanhang
1289 816 153 31 förehaft
1461 815 55 38 sju
1533 816 97 30 inom

120 866 184 38 riksdagen
328 867 135 36 väckta,
485 867 51 30 till
559 868 188 36 lagutskott
768 868 191 30 hänvisade
980 868 179 35 motioner,
1182 868 175 37 nämligen
1379 867 218 31 motionerna
1619 866 11 30 i

120 917 110 31 första
262 918 206 30 kammaren
503 928 40 20 nr
574 919 20 30 8
627 928 42 20 av
692 919 80 30 herr
793 918 205 37 Lindhagen
1019 919 66 30 och
1106 928 42 21 nr
1169 920 63 29 285
1255 928 44 21 av
1320 919 80 30 herr
1420 918 209 36 Andersson,

123 968 136 38 Verner,
281 972 90 27 samt
391 969 218 30 motionerna
631 970 11 29 i
664 970 111 30 andra
796 970 205 30 kammaren
1025 980 41 19 nr
1090 971 38 29 13
1150 970 65 30 och
1238 979 40 20 nr
1299 971 53 34 62,
1374 968 91 32 båda
1486 978 42 21 av
1549 969 81 30 herr

121 1020 117 30 Herou
259 1030 45 20 m.
326 1020 50 37 fl.,
397 1029 41 21 nr
464 1021 59 30 187
545 1029 43 21 av
609 1021 80 29 herr
711 1020 98 37 Falk,
831 1030 42 20 nr
893 1021 63 30 362
979 1030 43 21 av
1043 1021 80 29 herr
1145 1020 159 30 Elmroth
1326 1023 90 27 samt
1436 1029 42 21 nr
1500 1020 65 30 486
1586 1028 44 21 av

119 1070 80 30 herr
217 1070 196 30 Pettersson
433 1071 10 29 i
464 1071 89 30 Dahl
573 1080 45 21 m.
639 1070 38 39 fl.

165 1121 15 30 I
201 1121 177 31 motionen
400 1122 28 30 I:
452 1123 20 29 8
494 1122 64 30 har
579 1122 202 36 hemställts,
806 1124 49 28 att
877 1122 186 37 riksdagen
1084 1122 64 30 hos
1171 1121 123 37 Kungl.
1317 1120 102 38 Maj:t
1443 1120 106 31 måtte
1570 1119 60 38 på-

121 1172 94 30 kalla
239 1175 47 28 ett
313 1172 297 37 återupptagande
636 1182 43 21 av
705 1173 67 30 den
798 1173 129 30 sociala
951 1171 333 38 jordbruksfrågans
1312 1173 163 36 lagvägar
1503 1174 89 28 samt
1619 1171 12 30 i

121 1222 124 32 sådant
271 1223 89 37 syfte
382 1240 46 5 —
450 1224 10 29 i
484 1223 200 37 anslutning
707 1224 50 29 till
781 1223 72 30 dels
877 1224 42 30 de
942 1226 51 28 tre
1017 1224 95 30 äldre
1136 1223 413 37 jordkommissionernas
1573 1223 57 29 be-

121 1274 202 30 tänkanden
344 1273 10 31 i
375 1274 42 31 de
437 1274 96 31 delar
556 1284 75 21 som
651 1275 96 30 ännu
767 1274 31 38 ej
820 1275 88 30 varit
930 1273 146 32 föremål
1098 1274 51 31 till
1170 1274 228 35 bedömande,
1420 1273 71 30 dels
1514 1273 51 30 till
1589 1273 43 30 de

121 1325 368 31 socialdemokratiska
513 1325 309 37 partimotionerna
845 1325 58 31 vid
929 1326 83 30 1924
1037 1325 56 31 års
1116 1325 141 37 riksdag
1280 1325 66 30 och
1371 1324 72 30 dels
1466 1324 163 37 mycken-

121 1376 102 30 heten
243 1376 159 30 enskilda
423 1376 170 30 motioner
613 1376 111 30 under
745 1375 100 31 årens
867 1377 83 36 lopp
970 1393 45 4 —
1036 1377 108 29 kräva
1167 1378 49 28 att
1237 1376 56 30 för
1315 1375 186 37 riksdagen
1524 1374 107 31 måtte

121 1426 211 37 framläggas
352 1427 130 37 förslag
501 1426 50 31 till
572 1427 108 36 lagar:

169 1476 29 41 1)
228 1487 58 21 om
311 1477 362 31 arrendatorklassens
700 1477 196 37 ytterligare
923 1477 272 30 säkerställande
1222 1477 66 30 och
1313 1476 137 37 slutliga
1476 1475 154 37 frigörel-

122 1537 45 27 se,
190 1527 38 31 så
249 1528 62 30 vitt
334 1529 58 29 rör
415 1531 226 34 permanenta
664 1529 180 34 arrenden,
869 1528 94 29 vilka
985 1527 31 37 ej
1040 1529 60 29 äro
1123 1527 198 37 hänförliga
1342 1527 52 30 till
1417 1528 107 29 större
1547 1536 25 20 s.
1596 1526 33 29 k.

120 1579 298 35 affärsarrenden;

166 1628 31 40 2)
228 1639 57 20 om
306 1629 267 38 komplettering
593 1639 42 20 av
655 1629 249 37 ofullständiga
925 1628 185 38 jordbruk;

166 1679 31 40 3)
228 1690 57 20 om
307 1680 288 30 förekommande
617 1689 42 21 av
682 1689 68 27 nya
771 1679 248 37 ofullständiga
1041 1679 188 37 jordbruks
1251 1679 202 36 uppkomst;

166 1730 31 40 4)
228 1740 57 21 om
307 1731 179 30 bildandet
505 1740 42 21 av
568 1740 69 28 nya
658 1729 311 38 självförsörjande
987 1730 171 37 jordbruk
1178 1730 79 30 med
1276 1730 170 30 tillitande
1467 1739 43 20 av
1529 1729 101 30 mark

123 1781 79 31 från
220 1781 200 37 bolagsjord
440 1782 66 30 och
526 1783 108 29 större
652 1781 157 31 enskilda
828 1782 181 35 domäner;

168 1831 31 40 5)
229 1842 57 21 om
309 1832 128 30 förbud
459 1831 130 37 jämväl
612 1832 55 30 för
688 1832 157 30 enskilda
868 1832 222 36 spekulanter
1113 1833 49 28 att
1184 1833 85 28 utan
1290 1830 156 31 tillstånd
1469 1831 163 30 förvärva

122 1882 170 37 jordbruk
319 1883 79 30 med
424 1883 258 36 tillhörigheter,
712 1883 93 30 detta
831 1883 79 29 med
938 1882 139 38 ledning
1103 1891 43 21 av
1173 1881 372 36 jordkommissionens
1573 1881 56 29 be-

122 1934 176 29 tänkande
318 1934 66 29 den
409 1934 38 29 15
469 1933 180 30 december
672 1933 93 35 1921,
785 1933 66 29 och
873 1933 105 29 norsk
999 1931 215 38 lagstiftning
1232 1931 11 30 i
1263 1933 129 34 ämnet;

167 1983 32 39 6)
229 1993 57 21 om
307 1984 204 36 tryggandet
531 1992 42 21 av
595 1983 267 36 närbelägenhet
883 1983 66 30 och
971 1982 161 30 fruktbar
1153 1982 207 30 samverkan
1381 1982 128 29 mellan
1529 1980 101 38 själv-

124 2034 219 36 försörjande
365 2033 171 37 jordbruk
558 2034 66 30 och
648 2032 343 37 arbetarejordbruk;
1018 2035 89 27 samt

169 2084 30 40 7)
230 2095 57 20 om
310 2085 205 37 tryggandet
539 2094 43 20 av
606 2083 392 37 arbetarejordbrukens
1022 2082 142 38 tillgång
1187 2083 51 29 till
1262 2083 157 37 varaktig
1445 2083 185 30 arbetsför-

121 2134 118 37 tjänst.

170 2188 13 29 I
216 2186 249 36 motiveringen
496 2186 50 30 till
578 2186 174 30 motionen
785 2186 63 29 har
880 2184 376 30 arrendatorsklassens
1290 2184 151 30 aktuella
1474 2183 157 37 problem

130 2232 146 41 [jämför
294 2237 170 36 yrkandet
484 2236 110 30 under
616 2232 51 42 1)]
691 2235 281 30 sammanfattats
991 2235 10 29 i
1021 2235 74 29 elva
1115 2235 158 36 punkter,
1295 2234 185 35 nämligen:

174 2287 27 37 1)
232 2297 41 19 en
297 2295 198 27 gemensam
519 2287 104 29 social
646 2287 203 35 arrendelag
871 2286 55 29 för
949 2286 77 29 hela
1049 2285 99 34 riket;

169 2328 31 38 2)
232 2328 181 36 frilösning
434 2337 42 20 av
499 2327 330 36 arrendejordbruk;

169 2371 32 37 3)
235 2371 257 30 företrädesrätt
519 2369 229 37 (optionsrätt)
775 2369 49 30 till
845 2379 46 26 ny
911 2368 204 36 upplåtelse;

170 2413 32 37 4)
233 2413 260 30 företrädesrätt
512 2413 49 28 till
583 2413 68 35 köp
672 2421 43 20 av
734 2411 206 36 jordbruket
960 2411 79 29 med
1061 2411 77 35 laga
1157 2410 172 35 tillbehör;

171 2454 30 38 5)
232 2455 168 36 reglering
423 2464 42 20 av
489 2454 286 36 arrendebelopp;

165 2511 112 32 Bihang
297 2511 41 25 till
358 2511 166 31 riksdagens
545 2510 144 32 protokoll
712 2512 74 23 1936.
816 2510 14 23 9
849 2509 74 23 saml.
959 2509 15 23 2
996 2509 55 22 avd.
1091 2509 37 22 Nr
1145 2509 39 23 30.
1591 2507 8 24 1
