1938 2854
555 135 114 29 Första
692 134 224 35 lagutskottets
937 133 166 29 utlåtande
1126 132 47 29 Nr
1198 131 50 32 34.
1610 130 39 30 43

274 222 146 42 (Kungl.
443 223 120 40 Maj:ts
585 222 157 40 förslag.)
1085 218 207 41 (Utskottets
1312 217 158 41 förslag.)

823 336 150 50 Lag

138 409 187 42 angående
359 408 157 41 ändring
549 408 12 31 i
595 406 269 40 förordningen
899 405 69 33 den
1001 404 21 32 4
1043 412 101 24 mars
1168 403 82 33 1862
1273 400 60 42 (nr
1356 399 55 41 10)
1433 410 60 24 om
1515 400 138 40 tioårig

540 457 254 43 preskription
818 456 69 33 och
911 465 59 24 om
993 455 263 39 årsstämning.

187 544 208 39 Härigenom
421 543 188 39 förordnas,
636 545 51 30 att
710 540 226 34 överskriften
962 539 55 33 till
1044 538 240 38 förordningen
1313 537 63 33 den
1402 539 21 31 4
1449 547 88 22 mars
1567 534 83 33 1862

144 608 51 21 om
215 596 125 38 tioårig
358 594 227 40 preskription
606 593 61 33 och
686 605 52 20 om
758 591 229 38 årsstämning
1007 594 88 29 samt
1116 590 40 39 $$
1178 591 29 37 9,
1231 589 128 32 11—17
1381 588 60 32 och
1462 588 41 32 20
1525 597 127 22 samma

144 647 197 38 förordning
362 645 96 34 skola
476 645 87 33 hava
584 644 149 39 följande
754 643 147 33 ändrade
921 642 144 39 lydelse:

160 753 217 33 Förordning
399 760 57 19 om
477 748 124 36 tioårig
623 749 234 35 preskription
879 749 67 27 och
969 756 57 19 om
1047 748 145 26 kallelse
1216 743 19 30 å
1258 745 138 28 okända
1417 745 217 32 borgenärer.

864 827 69 40 89.

189 892 56 32 Nu
270 891 63 32 vill
357 889 228 34 efterlevande
610 888 107 39 make,
743 887 139 39 arvinge
908 886 80 33 eller
1014 888 327 35 testamentstagare,
1367 883 102 33 sedan
1495 882 80 39 laga
1600 881 54 33 bo-

145 941 231 40 uppteckning
395 941 99 38 skett,
512 939 98 34 säker
627 951 93 27 vara,
738 942 52 29 att
807 937 74 33 icke
899 937 133 33 okända
1050 936 195 39 fordringar
1263 934 54 39 sig
1335 946 109 27 yppa;
1463 938 61 34 äge
1544 933 43 32 då
1605 935 50 30 att

144 994 59 32 hos
225 996 119 35 rätten,
366 991 165 33 varunder
553 991 61 32 den
637 990 98 32 dödes
758 989 40 33 bo
819 989 13 32 i
852 988 219 33 konkursmål
1093 987 106 39 hörer,
1221 987 126 38 begära
1368 985 138 33 kallelse
1529 985 20 32 å
1570 984 83 33 hans

146 1044 132 32 okända
306 1043 211 39 borgenärer.
570 1040 79 34 Står
676 1040 76 33 boet
780 1039 106 33 under
916 1038 211 38 förvaltning
1156 1049 42 21 av
1225 1036 321 38 boutredningsman
1576 1034 79 32 eller

146 1092 365 38 testamentsexekutor,
534 1096 62 34 äge
619 1092 103 32 denne
745 1090 62 33 ock
828 1090 125 38 begära
974 1089 150 38 kallelse,
1149 1100 68 21 som
1240 1100 45 20 nu
1308 1092 38 28 är
1369 1090 87 35 sagt.
1498 1085 73 33 Var
1594 1085 60 32 den

147 1145 82 33 döde
256 1145 79 39 gift,
364 1144 54 32 må
444 1143 140 32 kallelse
611 1142 99 33 sökas
737 1141 128 39 jämväl
888 1141 20 31 å
936 1140 62 32 den
1024 1138 245 33 efterlevandes
1298 1137 133 33 okända
1458 1136 198 38 borgenärer

145 1196 58 32 vid
225 1196 60 32 den
308 1198 79 35 rätt,
410 1206 68 21 som
500 1194 61 32 har
583 1196 48 30 att
653 1196 153 35 upptaga
828 1192 101 38 fråga
951 1203 51 20 om
1024 1191 84 32 hans
1133 1189 209 33 försättande
1364 1189 12 31 i
1399 1188 159 32 konkurs.
1601 1186 54 33 Då

146 1246 150 39 kallelse,
322 1256 115 22 varom
465 1257 44 20 nu
536 1249 37 27 är
601 1243 147 38 stadgat,
777 1241 107 40 sökes,
912 1240 90 33 skall
1029 1239 169 33 sökanden
1226 1239 117 38 ingiva
1372 1237 213 38 förteckning
1613 1236 43 39 på

148 1297 68 33 alla
233 1297 38 32 de
291 1297 210 38 borgenärer,
523 1306 70 21 som
612 1293 164 39 veterliga
797 1297 68 28 äro.

877 1376 20 40 $&
920 1377 51 32 11.

192 1441 54 31 Då
265 1440 141 32 kallelse
427 1443 37 28 är
486 1439 37 31 så
545 1437 86 39 sökt,
652 1449 69 20 som
742 1437 12 31 i
776 1437 19 32 9
819 1436 19 39 $
861 1440 94 34 sägs;
977 1434 136 33 utfärde
1136 1437 109 29 rätten
1264 1432 163 38 offentlig
1448 1431 170 38 stämning
1638 1430 20 32 å

148 1491 130 33 okända
294 1490 209 38 borgenärer,
520 1492 50 29 att
587 1488 63 33 sist
665 1488 72 32 före
754 1486 143 33 klockan
915 1486 69 32 tolv
1001 1486 19 31 å
1037 1485 69 33 viss
1125 1485 74 38 dag,
1217 1488 78 28 näst
1311 1484 88 32 efter
1416 1495 56 21 sex
1489 1482 167 37 månader,

149 1542 79 38 giva
246 1541 74 33 sina
340 1540 194 38 fordringar
551 1538 197 38 skriftligen
766 1537 80 32 eller
863 1535 186 38 muntligen
1069 1547 57 20 an:
1147 1539 37 27 är
1202 1534 76 32 boet
1297 1534 20 31 å
1336 1532 124 40 landet,
1480 1532 60 33 och
1558 1531 100 33 äskas

148 1593 29 38 ej
197 1592 126 33 urtima
341 1591 90 38 ting;
450 1590 42 32 då
510 1590 54 32 må
583 1588 208 33 inställelsen
808 1590 148 29 utsättas
976 1586 54 32 till
1049 1585 56 32 det
1123 1585 143 38 lagtima
1284 1584 84 38 ting,
1390 1595 69 21 som
1478 1586 77 29 näst
1573 1582 86 32 efter

150 1655 56 20 sex
225 1642 159 33 månader
403 1640 148 33 infaller.
594 1638 220 38 Stämningen
833 1637 104 33 varde
955 1637 20 32 å
995 1639 127 29 rättens
1145 1636 76 32 dörr
1241 1634 162 38 anslagen
1424 1645 57 21 sex
1502 1632 158 33 månader

150 1694 71 32 före
245 1691 296 39 inställelsedagen
563 1690 60 33 och
647 1690 12 32 i
682 1689 171 32 allmänna
877 1687 219 39 tidningarna
1120 1685 168 39 kungjord
1313 1688 50 29 tre
1388 1685 137 38 gånger,
1552 1683 108 32 första

150 1745 131 38 gången
312 1743 68 33 fem
410 1742 60 33 och
498 1741 106 39 tredje
633 1741 133 38 gången
795 1740 63 32 sist
887 1739 58 32 två
975 1737 158 33 månader
1162 1737 102 32 innan
1295 1736 62 33 den
1388 1736 66 38 dag
1483 1734 176 32 inträffar.

150 1793 157 33 Kronans
332 1792 218 33 ombudsman
574 1792 11 31 i
609 1795 92 29 orten
725 1791 61 32 och
808 1790 69 32 alla
900 1788 181 33 inländska
1103 1787 211 38 borgenärer,
1338 1798 70 20 som
1432 1786 19 32 å
1476 1785 62 32 den
1561 1785 12 31 i
1597 1785 18 32 9
1641 1782 18 39 $

150 1844 222 33 omförmälda
400 1843 212 38 förteckning
637 1845 176 36 upptagna
840 1846 67 33 äro,
936 1840 94 33 skola
1058 1851 51 21 om
1137 1838 210 38 stämningen
1376 1836 139 34 särskilt
1542 1836 116 32 under-

151 1899 122 35 rättas;
297 1895 61 32 och
381 1894 78 38 foge
482 1896 110 30 rätten
614 1892 80 32 eller
718 1892 156 32 domaren
898 1890 137 38 anstalt,
1061 1892 50 29 att
1135 1888 104 33 sådan
1262 1886 245 34 underrättelse
1529 1881 131 48 varder,

152 1946 101 32 minst
272 1957 39 20 en
332 1944 121 32 månad
473 1943 71 32 före
564 1941 306 38 inställelsedagen,
892 1941 73 31 dem
986 1938 185 33 meddelad.

859 2033 19 38 &
899 2033 50 31 12.

198 2094 198 33 Uraktlåter
414 2094 173 38 borgenär,
610 2093 60 33 den
691 2092 62 32 där
772 2092 30 38 ej
825 2091 110 33 finnes
956 2093 173 36 upptagen
1150 2090 20 32 å
1190 2088 224 33 omförmälda
1436 2086 222 38 förteckning,

153 2151 49 28 att
224 2147 50 32 sin
298 2146 139 32 fordran
459 2146 19 31 å
501 2145 59 32 den
583 2145 11 31 i
616 2144 161 32 kallelsen
800 2146 129 29 utsatta
952 2141 294 38 inställelsedagen
1271 2140 134 38 angiva,
1430 2139 57 32 och
1511 2139 61 31 har
1595 2138 65 32 han

154 2198 59 32 den
234 2197 29 38 ej
284 2197 105 32 heller
409 2196 90 32 förut
520 2195 140 38 angivit,
680 2195 84 31 have
786 2194 50 32 sin
857 2193 90 32 talan
969 2192 142 32 förlorat
1130 2194 87 30 emot
1237 2191 170 38 gäldenär,
1430 2201 67 21 som
1519 2189 29 37 ej
1570 2188 90 32 visas

153 2248 86 33 hava
261 2248 71 32 före
354 2245 275 34 inställelsetiden
652 2248 68 35 ägt,
742 2244 81 32 eller
854 2245 9 30 å
885 2243 144 32 nämnda
1050 2242 50 32 tid
1122 2241 136 33 erhållit
1279 2240 141 38 vetskap
1444 2252 50 20 om
1519 2239 142 32 fordrin-

154 2310 79 26 gens
259 2297 153 32 tillvaro:
439 2296 60 32 och
524 2308 79 20 vare
629 2295 171 38 gäldenär,
829 2306 68 20 som
926 2294 53 30 för
1006 2293 103 31 sådan
1138 2292 138 32 fordran
1304 2290 106 38 sökes,
1438 2289 135 39 pliktig,
1602 2289 59 32 där

154 2348 164 37 borgenär
342 2347 55 31 det
420 2346 110 38 äskar,
554 2346 73 31 med
651 2346 39 31 ed
713 2345 136 37 betyga,
874 2347 50 28 att
948 2343 61 31 den
1034 2342 137 32 fordran
1195 2342 29 36 ej
1250 2353 60 20 var
1334 2341 117 31 honom
1475 2339 90 32 känd
1591 2339 70 31 före

155 2396 294 34 inställelsetidens
471 2396 143 37 utgång:
636 2395 122 32 brister
780 2394 65 31 han
869 2394 35 31 åt
925 2393 90 37 eden,
1038 2392 80 32 eller
1140 2391 134 38 styrkes
1298 2390 202 36 annorledes,
1525 2392 50 29 att
1597 2389 65 31 han

156 2460 49 20 om
227 2447 196 38 fordringen
444 2450 57 34 ägt
520 2445 166 38 kunskap,
709 2457 67 19 som
799 2448 75 34 sagt
895 2448 51 33 är;
967 2442 107 33 betale
1095 2442 42 32 då
1158 2441 50 33 sin
1229 2441 97 32 andel
1347 2441 11 31 i
1379 2440 131 37 gälden.
