1936 2850
300 106 41 32 40

435 192 147 41 (Kungl.
605 197 120 39 Maj:ts
745 198 159 41 förslag.)
923 226 3 7 .

346 284 178 42 Stämning
548 288 21 32 å
594 288 123 33 dödsbo
751 290 104 33 varde
880 291 152 39 delgiven

302 335 72 41 den,
405 348 70 21 som
504 342 83 34 äger
617 339 171 34 företräda
817 341 86 34 boet.
962 339 70 36 Äro

300 385 88 34 flera
413 392 208 33 gemensamt
646 389 115 33 därtill
784 391 169 41 behöriga,
979 394 53 31 må

300 437 211 39 stämningen
561 439 151 39 delgivas
747 442 111 38 någon
883 454 42 21 av
948 443 82 39 dem,

301 486 157 39 delägare
487 488 86 33 dock
599 490 119 33 endast
745 503 52 20 om
824 492 66 32 han
918 493 12 31 i
957 493 76 33 boet

300 536 107 33 sitter.
456 538 76 32 Har
558 542 169 36 stämning
756 542 144 32 sålunda
927 543 103 38 delgi-

298 588 68 31 vits
388 587 168 42 delägare,
580 601 97 21 svare
699 590 103 34 denne
825 604 61 21 var
908 594 60 32 och
991 605 40 21 en

298 647 42 21 av
358 636 40 33 de
414 640 117 36 övriga
549 640 56 38 för
621 644 51 28 att
689 641 65 32 han
770 646 83 29 utan
870 643 161 40 dröjsmål

297 686 144 33 erhåller
474 691 215 38 stämningen
722 693 11 30 i
771 692 167 34 besannad
973 706 54 21 av-

296 736 115 40 skrift.

714 110 114 30 Första
851 112 222 34 lagutskottets
1095 114 166 31 utlåtande
1283 117 48 29 Nr
1356 117 49 32 84.

1243 201 207 42 (Utskottets
1469 206 159 42 förslag.)

1120 292 178 41 Stämning
1321 296 21 32 å
1366 296 124 34 dödsbo
1526 299 103 32 varde
1654 300 153 39 delgiven

1076 343 73 40 den,
1180 356 70 21 som
1280 350 81 34 äger
1391 347 172 34 företräda
1592 350 86 33 boet.
1736 348 71 36 Äro

1075 393 89 33 flera
1187 401 207 32 gemensamt
1419 398 116 33 därtill
1559 399 168 42 behöriga,
1753 403 53 31 må

1074 445 212 39 stämningen
1334 447 151 39 delgivas
1522 450 110 38 någon
1657 462 42 21 av
1722 452 82 38 dem,

1075 494 157 39 delägare
1261 496 84 33 dock
1372 498 120 33 endast
1519 511 52 20 om
1597 500 67 33 han
1692 501 11 32 i
1730 502 78 33 boet

1075 544 106 33 sitter.

1116 595 178 43 Delägare,
1312 610 70 21 som
1399 601 12 30 i
1430 600 72 32 boet
1519 603 107 37 sitter,
1644 604 62 36 äge
1723 605 80 30 mot-

1074 649 81 35 taga
1178 650 180 38 stämning,
1386 650 88 32 ändå
1500 654 50 30 att
1578 652 73 32 boet
1677 653 31 39 ej
1732 654 73 31 står

1070 697 107 32 under
1195 698 201 39 delägarnas
1415 701 221 40 förvaltning.

1117 749 74 32 Har
1213 753 168 37 stämning
1404 752 142 33 sålunda
1568 753 159 40 delgivits
1748 756 56 31 nå-

1072 810 75 28 gon,
1167 811 69 21 som
1253 801 73 33 icke
1344 804 80 36 äger
1442 803 173 38 företräda
1635 805 72 32 boet
1726 805 79 33 eller

1070 849 31 39 ej
1120 852 38 29 är
1177 861 111 22 ensam
1308 852 116 33 därtill
1444 854 146 40 behörig,
1610 867 96 21 svare
1726 856 74 33 den-

1068 911 41 20 ne
1132 900 55 38 för
1208 904 50 29 att
1280 913 61 21 var
1363 903 60 32 och
1446 914 49 29 en,
1519 916 70 21 som
1613 908 80 36 äger
1716 907 85 38 före-

1070 950 97 32 träda
1219 951 81 40 boet,
1340 955 81 30 utan
1460 954 161 40 dröjsmål
1660 957 142 32 erhåller

1069 1002 210 38 stämningen
1303 1004 12 30 i
1341 1003 166 33 besannad
1531 1006 159 39 avskrift.

335 1121 118 34 Denna
473 1123 58 39 lag
551 1124 91 34 skall
661 1127 97 33 träda
778 1128 12 32 i
809 1128 98 34 kraft
928 1130 61 33 den
1011 1133 17 31 1
1049 1133 136 38 januari
1207 1136 95 32 1934.

335 1171 20 33 I
371 1173 101 39 fråga
488 1186 53 21 om
559 1176 125 33 dödsbo
699 1178 86 33 efter
802 1179 72 40 den,
892 1192 69 21 som
979 1182 131 40 avlidit,
1128 1184 104 33 innan
1248 1197 69 27 nya
1334 1187 99 39 lagen
1450 1192 87 30 trätt
1552 1189 13 32 i
1581 1189 106 40 kraft,
1705 1190 91 34 skall

291 1222 92 34 äldre
405 1224 57 39 lag
483 1225 216 36 fortfarande
721 1233 65 34 äga
806 1230 227 41 tillämpning,
1057 1234 62 32 där
1140 1235 31 39 ej
1193 1235 264 42 boutredningen
1479 1238 90 35 skall
1591 1241 203 34 verkställas

292 1273 107 39 enligt
417 1274 97 39 lagen
533 1288 53 20 om
605 1277 223 42 boutredning
846 1281 61 32 och
925 1282 178 34 arvskifte.

976 1472 124 52 Lag

527 1555 189 40 angående
739 1557 158 42 ändring
920 1559 13 32 i
956 1560 96 33 vissa
1075 1560 105 34 delar
1202 1572 42 24 av
1267 1563 286 43 konkurslagen.

331 1635 206 40 Härigenom
563 1638 188 42 förordnas,
777 1644 51 30 att
856 1644 29 37 7,
913 1644 30 38 8,
971 1645 51 38 11,
1051 1645 41 32 33
1121 1645 61 33 och
1209 1647 40 32 97
1278 1646 41 41 $$
1346 1648 260 43 konkurslagen,
1636 1654 28 38 7,
1693 1654 30 38 8,
1753 1655 39 31 11

285 1686 61 32 och
364 1688 42 32 97
426 1687 41 40 $$
484 1688 12 32 i
513 1689 111 33 nedan
642 1690 145 39 angivna
805 1692 103 40 delar,
927 1693 96 34 skola
1040 1695 89 33 hava
1148 1696 149 39 följande
1317 1699 146 33 ändrade
1483 1701 143 38 lydelse:

1001 1786 69 40 78.

327 1845 74 33 Vill
422 1847 163 38 gäldenär
608 1850 142 33 avträda
773 1851 52 32 sin
848 1853 159 37 egendom
1031 1855 54 32 till
1108 1855 148 34 konkurs
1280 1858 80 32 eller
1382 1859 61 32 vill
1466 1860 164 38 borgenär
1653 1862 139 39 påkalla

282 1896 178 38 gäldenärs
487 1898 210 35 försättande
723 1901 12 32 i
759 1902 159 40 konkurs,
945 1909 78 34 göre
1049 1905 197 41 skriftligen
1273 1909 186 40 ansökning
1487 1911 111 33 därom
1626 1913 58 33 hos
1710 1914 79 33 kon-

282 1945 239 36 kursdomaren
547 1950 13 31 i
587 1950 63 33 den
675 1955 60 36 ort,
763 1952 60 33 där
849 1954 201 38 gäldenären
1076 1956 60 33 bör
1162 1957 90 33 inför
1280 1959 141 33 domstol
1448 1973 100 21 svara
1570 1962 12 32 1
1609 1963 180 40 tvistemål,

282 2008 70 21 som
375 2000 87 37 angå
485 2000 82 38 gäld
589 2001 12 31 i
626 2002 191 33 allmänhet.
864 2004 110 33 Avser
997 2006 230 40 ansökningen
1252 2009 141 34 dödsbos
1418 2012 170 40 egendom,
1613 2013 89 33 skall
1727 2015 62 33 den

281 2052 99 34 göras
408 2049 59 33 hos
495 2050 308 35 konkursdomaren
831 2054 12 31 i
872 2055 62 32 den
961 2059 60 36 ort,
1051 2057 61 32 där
1142 2058 61 32 den
1233 2059 81 33 döde
1343 2061 74 32 bort
1442 2074 100 21 svara
1570 2063 12 32 i
1611 2065 77 38 mål,
1719 2077 69 21 som

281 2110 81 26 Nyss
384 2104 104 34 sagts.

328 2141 295 36 Konkursdomare
638 2165 44 2 —
696 2165 43 3 —
752 2167 44 2 —
810 2151 179 36 upptagas.

994 2249 70 39 88.

322 2300 69 33 Vid
409 2323 44 2 —
472 2322 44 3 —
534 2323 45 3 —
599 2304 85 32 boet.

322 2350 69 33 Till
408 2352 300 41 dödsbodelägares
727 2356 188 39 ansökning
932 2369 52 21 om
1002 2359 92 33 boets
1114 2361 206 33 avträdande
1339 2363 54 32 till
1410 2363 148 34 konkurs
1579 2365 89 33 skall
1687 2367 97 39 fogas

276 2399 316 43 bouppteckningen
610 2404 86 33 efter
715 2405 60 34 den
794 2407 83 33 döde
895 2407 89 41 eller,
1004 2409 60 33 där
1082 2410 257 42 inregistrering
1356 2413 99 41 skett,
1474 2415 143 39 uppgift
1635 2417 20 33 å
1674 2417 107 39 dagen
