2249 2668
712 183 263 34 Statsutskottets
1005 180 174 36 Utlåtande
1203 182 63 33 N:o
1289 186 28 29 3.
1758 185 17 28 9

212 272 59 35 det
307 272 147 35 oaktadt
481 271 110 36 blifva
618 270 44 46 på
690 273 281 34 embetsrummet
999 272 183 44 sysselsatt
1209 271 68 34 fem
1304 270 54 35 till
1386 281 61 24 sex
1473 269 140 35 timmar
1640 268 163 45 dagligen

213 323 71 35 För
324 324 98 34 detta
462 324 120 34 arbete
614 321 131 47 ansåge
776 324 179 34 hofrätten
982 324 102 34 lönen
1111 323 79 35 icke
1217 323 85 34 böra
1330 323 208 34 bestämmas
1564 321 99 44 lägre
1690 323 44 31 än
1763 322 55 32 att

213 375 66 35 den
307 375 221 35 motsvarade
556 385 43 24 en
626 375 205 43 notarielön,
853 376 91 34 helst
964 375 107 35 andre
1092 374 187 36 aktuarien
1294 373 110 35 under
1423 370 132 38 sådana
1574 369 243 38 förhållanden

214 427 121 33 säkert
361 427 111 33 skulle
500 426 94 34 finna
622 426 77 34 med
727 427 52 33 sin
806 426 111 35 fördel
944 426 166 44 förenligt
1137 429 54 31 att
1220 428 125 31 stanna
1373 425 59 35 vid
1460 425 52 34 sin
1540 423 201 43 befattning
1764 422 53 34 till

214 477 78 35 dess
319 477 69 34 han
416 476 116 35 kunde
559 477 109 35 vinna
696 476 187 35 befordran
909 477 55 34 till
991 477 109 35 förste
1128 476 172 35 aktuarie.

349 527 17 34 I
399 527 189 45 anledning
623 528 39 34 af
686 528 65 34 den
775 526 210 46 ifrågasatta
1014 528 104 44 sjette
1146 527 210 36 divisionens
1383 526 201 35 inrättande
1612 525 111 34 skulle
1750 524 66 35 till-

216 579 130 44 ökning
372 579 210 43 uppkomma
609 579 12 34 i
648 579 196 35 hofrättens
869 582 72 32 stat
967 590 122 33 genom
1117 578 216 44 uppförande
1353 576 82 36 derå
1456 577 39 34 af
1505 577 97 34 löner
1617 577 64 34 och
1696 575 121 45 tjenst-

214 630 339 44 göringspenningar
580 629 54 35 för
660 628 62 36 två
749 628 226 46 hofrättsråd,
1004 633 53 31 tre
1086 640 202 32 assessorer,
1309 626 62 38 två
1390 628 155 35 notarier
1565 628 63 34 och
1648 637 41 24 en
1709 626 108 34 andre

215 681 174 43 aktuarie,
431 681 107 34 hvars
578 681 57 34 lön
675 681 64 34 och
766 681 448 44 tjenstgöringspenningar
1241 681 112 33 skulle
1380 682 177 32 motsvara
1584 677 232 42 notariernas,

215 731 198 45 hvarjemte
453 731 54 34 för
547 732 96 34 desse
683 732 213 34 sistnämnde
932 732 210 44 tjenstemän
1176 730 219 35 erfordrades
1422 731 124 42 anslag
1573 730 53 33 till
1653 728 164 35 renskrif-

216 783 315 44 ningspenningar;
568 783 195 44 utgörande
804 783 261 44 sammanlagda
1100 783 179 43 beloppen,
1320 781 168 36 hvarmed
1528 782 115 33 staten
1671 777 146 37 sålunda

217 834 112 34 skulle
370 834 95 42 ökas,
496 835 134 42 39,100
658 835 138 34 kronor.
851 833 135 36 Härtill
1012 835 135 33 komme
1175 832 241 44 ålderstillägg
1443 830 37 36 åt
1507 828 216 38 hofrättsråd
1751 830 64 34 och

217 895 193 24 assessorer
436 885 12 34 i
476 884 155 44 enlighet
657 885 77 34 med
760 885 94 35 hvad
880 885 13 34 i
919 886 162 43 gällande
1107 886 152 33 lönestat
1286 884 187 44 stadgades
1497 885 90 33 samt
1605 880 38 37 åt
1661 881 156 35 notarier

218 936 62 34 och
309 936 108 34 andre
445 936 186 33 aktuarien
659 936 11 33 i
698 936 154 44 enlighet
880 937 75 33 med
982 937 94 34 hvad
1103 935 54 35 för
1182 935 155 34 notarier
1364 945 47 24 nu
1438 944 83 25 vore
1549 933 183 35 bestämdt.

351 986 19 34 I
405 987 165 33 händelse
602 987 161 43 anslaget
789 987 54 34 till
870 986 155 45 aflöning
1051 985 37 36 åt
1116 997 42 24 en
1186 987 107 33 andre
1321 986 163 34 aktuarie
1512 984 30 45 ej
1572 985 111 33 skulle
1712 983 108 35 vinna

218 1038 110 43 bifall,
358 1037 219 35 erfordrades
605 1048 41 24 en
674 1037 187 45 tillökning
888 1038 11 34 i
927 1039 160 43 anslaget
1114 1038 53 34 till
1187 1047 229 25 amanuenser
1440 1037 63 33 och
1524 1038 101 32 extra
1646 1034 173 35 ordinarie

219 1088 159 35 biträden
408 1086 76 36 från
514 1090 108 41 7,500
650 1089 129 34 kronor
806 1089 53 34 till
887 1091 110 41 9,000
1025 1090 129 33 kronor
1182 1089 83 33 eller
1292 1088 77 34 med
1400 1089 107 41 1,500
1534 1087 140 34 kronor.

351 1138 250 35 Kostnaderna
629 1140 54 34 för
710 1150 42 24 en
779 1140 156 44 tillfällig
961 1139 123 45 sjunde
1112 1139 148 35 division
1288 1139 112 34 skulle
1427 1135 117 47 uppgå
1561 1138 55 34 till
1635 1136 184 35 enahanda

218 1188 112 46 årliga
357 1191 123 42 belopp
508 1190 77 34 med
612 1191 69 43 det,
710 1201 71 24 som
809 1191 54 34 för
889 1188 40 37 år
960 1192 92 33 1889
1081 1189 118 36 blifvit
1226 1190 39 34 af
1289 1189 130 45 Kongl.
1449 1188 107 45 Maj:t
1583 1188 55 34 för
1657 1199 42 24 en
1719 1190 100 32 extra

219 1241 148 35 division
394 1241 175 43 anvisadt,
599 1242 84 33 eller
715 1243 131 41 17,500
878 1242 140 34 kronor.

352 1291 192 35 Hofrätten
572 1292 89 34 hade
689 1292 116 34 derför
831 1293 175 41 hemstält,
1036 1293 53 33 att
1116 1291 130 44 Kongl.
1268 1290 108 45 Maj:t
1395 1291 138 34 täcktes
1547 1290 55 34 till
1616 1289 204 44 Riksdagen

219 1346 85 41 göra
332 1343 259 44 framställning
619 1353 53 24 om
699 1343 187 44 tillökning
913 1343 11 34 i
952 1343 196 34 hofrättens
1175 1345 72 32 stat
1274 1341 54 35 för
1355 1342 201 34 inrättande
1584 1340 39 35 af
1648 1351 42 23 en
1716 1340 105 44 sjette

219 1394 148 35 division
394 1394 76 34 med
499 1395 135 42 39,100
667 1394 139 43 kronor,
836 1397 90 31 samt
954 1396 53 32 att
1034 1392 129 45 Kongl.
1194 1393 108 44 Maj:t
1329 1392 202 35 derutöfver
1558 1389 108 37 måtte
1693 1391 126 35 bereda

219 1445 177 34 hofrätten
423 1444 156 44 tillfällig
605 1444 241 45 förstärkning
872 1445 77 34 med
977 1455 43 24 en
1047 1445 147 35 division
1222 1444 54 34 för
1304 1443 264 44 handläggning
1592 1442 39 35 af
1647 1442 172 34 instämda

219 1496 65 34 och
312 1495 149 45 vädjade
489 1492 80 46 mål,
588 1495 92 35 intill
699 1496 76 34 dess
798 1496 136 34 antalet
961 1496 230 35 balanserade
1219 1493 68 36 mål
1316 1495 38 34 af
1379 1495 99 34 dessa
1505 1495 76 43 slag
1608 1491 148 46 nedgått
1783 1490 38 37 så

217 1545 110 46 långt,
357 1548 54 33 att
436 1546 130 44 Kongl.
596 1545 108 46 Maj:t
731 1547 106 35 funne
865 1547 300 44 rättsskipningen
1193 1547 77 34 icke
1297 1546 122 35 vidare
1449 1555 87 25 vara
1563 1545 12 34 i
1602 1544 106 35 behof
1724 1544 39 34 af
1779 1555 42 24 en

219 1595 108 37 sådan
355 1596 136 46 åtgärd.

354 1647 118 36 Jemte
512 1648 224 35 meddelande
776 1648 39 35 af
852 1647 92 37 Svea
984 1648 151 35 hofrätts
1174 1658 46 24 nu
1248 1647 227 35 omförmälda
1502 1647 166 43 yttrande
1695 1646 12 33 i
1735 1646 86 34 före-

219 1700 158 35 varande
404 1699 129 35 ärende
564 1699 66 35 har
657 1699 383 44 departementschefen
1068 1699 54 35 till
1149 1699 148 34 berörda
1325 1696 347 45 statsrådsprotokoll
1700 1696 122 36 vidare

219 1751 129 41 anfört,
378 1753 54 32 att
458 1750 166 35 behofvet
651 1750 39 35 af
713 1751 242 44 förstärkning
981 1751 11 34 i
1021 1749 92 37 Svea
1142 1750 152 35 hofrätts
1322 1749 258 35 arbetskrafter
1607 1749 105 34 sedan
1740 1746 83 46 lång

219 1801 51 35 tid
297 1801 150 35 tillbaka
473 1801 95 44 gjort
595 1802 53 43 sig
674 1802 172 43 gällande.
901 1801 123 35 Redan
1051 1799 40 36 år
1122 1803 93 32 1868
1235 1801 90 34 hade
1341 1802 41 33 de
1400 1801 230 34 balanserade
1649 1800 171 34 instämda

220 1853 64 33 och
315 1852 152 44 vädjade
499 1849 130 37 målens
657 1853 98 34 antal
783 1852 93 35 varit
903 1850 38 37 så
969 1855 99 40 stort,
1098 1855 53 31 att
1179 1863 42 23 en
1249 1856 101 30 extra
1378 1851 148 36 division
1554 1848 87 37 måst
1670 1851 54 34 till
1751 1849 71 36 hof-

220 1906 135 31 rättens
381 1903 137 34 biträde
545 1903 183 34 förordnas
754 1901 79 36 från
851 1903 123 45 början
995 1903 39 34 af
1050 1901 94 36 årets
1163 1903 210 34 höstsession
1393 1902 55 34 till
1472 1904 92 32 1869
1585 1900 57 36 års
1663 1912 158 32 sommar,

221 1954 136 34 hvilket
395 1956 191 41 upprepats
626 1954 109 33 under
767 1954 134 34 hälften
929 1953 39 35 af
992 1951 39 37 år
1063 1955 104 33 1871.
1224 1952 206 36 Sedermera
1458 1953 89 34 hade
1574 1951 178 35 hofrätten
1779 1950 45 45 på

221 2005 184 34 enahanda
445 2006 71 33 sätt
556 2004 94 35 varit
689 2004 171 35 förstärkt
906 2006 93 33 1875
1028 2002 57 37 års
1111 2005 90 43 höst,
1230 2004 122 35 halfva
1380 2002 78 36 året
1488 2005 93 33 1876
1611 2003 61 34 och
1700 2003 122 34 hösten

221 2053 41 36 år
292 2057 105 33 1877.
451 2054 85 35 Men
564 2053 44 36 då
635 2055 201 44 härigenom
863 2053 114 46 någon
1006 2055 274 44 stadigvarande
1309 2055 199 43 minskning
1526 2055 11 33 i
1555 2055 168 33 balansen
1746 2054 78 34 icke

222 2104 88 36 stått
337 2109 54 31 att
417 2105 119 46 vinna,
564 2106 90 34 hade
682 2106 58 34 det
767 2106 51 34 till
848 2106 282 34 förekommande
1158 2106 39 34 af
1222 2107 64 33 allt
1312 2106 55 34 för
1394 2108 72 31 stor
1498 2105 215 43 tidsutdrägt
1749 2105 75 33 med

221 2154 131 37 målens
392 2156 193 44 afgörande
624 2156 177 35 befunnits
828 2157 123 44 nödigt
977 2157 189 44 medgifva,
1196 2160 54 31 att
1277 2156 180 35 hofrätten
1485 2153 78 37 från
1591 2156 63 34 och
1681 2156 77 33 med
1786 2153 39 36 år

225 2209 93 33 1878
360 2210 126 32 nästan
527 2210 86 32 utan
655 2208 136 34 afbrott
831 2209 140 33 arbetat
1003 2205 44 47 på
1075 2218 42 24 en
1146 2208 180 43 afdelning
1352 2207 142 35 utöfver
1521 2208 41 33 de
1588 2206 79 44 fem,
1697 2206 128 35 hvaraf

221 2258 179 35 hofrätten
432 2259 152 34 bestode.
640 2257 91 45 Den,
765 2256 126 37 sådant
922 2259 158 41 oaktadt,
1108 2260 106 33 sedan
1242 2256 39 37 år
1313 2260 93 33 1882
1436 2258 155 44 ständigt
1618 2255 206 46 fortgående

307 2315 78 32 Bih.
409 2315 53 32 till
486 2315 114 33 Riksd.
627 2315 88 32 Prot.
740 2318 92 30 1890.
876 2318 20 29 4
921 2315 97 33 Saml.
1064 2319 18 28 1
1106 2316 79 40 Afd.
1231 2319 22 29 2
1273 2316 99 41 Häft.
1728 2319 16 26 2
