2112 2655
393 226 17 27 4
748 223 218 41 Bevillnings-
976 223 175 33 Utskottets
1175 223 213 33 Betänkande
1410 225 62 32 N:o
1493 227 29 30 8.

1115 381 20 46 8
1167 384 31 33 2.

484 482 71 36 För
586 484 173 45 rättighet
785 485 54 35 till
866 486 222 44 partihandel
1114 485 77 35 med
1217 485 150 35 bränvin
1394 484 111 46 gäller
1531 484 12 35 i
1570 484 108 46 öfrigt
1704 486 95 35 hvad
1825 484 131 46 Kongl.

352 534 262 46 Förordningen
654 536 40 34 af
730 538 65 34 den
839 539 43 34 18
923 536 87 37 Juni
1050 539 95 33 1864
1172 548 53 24 om
1252 537 171 44 utvidgad
1448 536 254 45 näringsfrihet
1728 537 230 36 föreskrifver

351 597 52 26 om
431 597 116 25 annan
574 588 138 35 handel.

1113 708 21 47 8
1165 711 31 33 3.

488 795 29 34 1.
572 793 72 35 För
683 791 200 37 erhållande
923 794 40 35 af
998 795 170 44 rättighet
1211 795 52 34 till
1302 795 241 33 minuthandel
1576 795 77 33 med
1680 795 84 34 eller
1790 796 168 33 utskänk-

349 846 85 44 ning
474 845 39 35 af
549 845 149 35 bränvin
736 844 151 35 fordras:
924 848 54 32 att
1004 843 86 37 råda
1119 845 98 36 öfver
1244 846 53 44 sig
1325 846 64 34 och
1416 846 61 34 sitt
1503 846 95 44 gods,
1625 845 108 36 hafva
1761 846 67 44 god
1854 846 103 44 frejd,

349 896 109 36 hafva
497 896 94 45 gjort
631 896 53 45 sig
722 896 94 35 känd
848 896 54 35 för
929 897 244 45 ordentlighet,
1202 898 120 34 kunna
1349 897 206 44 försvarligt
1582 897 135 35 skrifva
1745 897 63 35 och
1833 898 125 43 räkna,

350 951 54 32 att
443 947 108 36 hafva
589 948 111 34 under
740 948 41 34 de
820 950 54 32 tre
907 948 62 34 sist
995 948 166 35 förflutna
1189 946 85 37 åren
1301 948 95 35 varit
1424 948 63 35 och
1514 948 218 35 fortfarande
1759 959 88 24 vara
1873 951 85 32 röst-

349 1000 200 44 berättigad
588 1000 145 34 medlem
773 999 39 34 af
849 999 65 35 den
953 1001 174 43 kommun,
1156 1001 61 34 der
1244 1000 213 45 rättigheten
1487 1000 91 34 skall
1604 1000 153 44 utöfvas,
1787 1002 90 33 samt
1905 1002 54 33 att

350 1052 167 44 antingen
550 1050 82 46 sjelf
660 1061 88 25 vara
781 1061 103 34 egare
913 1052 54 34 till
995 1052 65 34 den
1088 1052 177 44 egendom,
1295 1052 60 34 der
1381 1052 152 34 handeln
1561 1052 84 34 eller
1671 1052 288 44 utskänkningen

350 1104 90 33 skall
479 1103 112 44 idkas,
632 1103 84 34 eller
756 1103 63 34 ock
859 1102 109 36 hafva
1008 1103 54 35 till
1102 1104 76 34 dess
1217 1103 192 36 utöfvande
1437 1103 179 34 derstädes
1643 1101 142 37 erhållit
1812 1113 147 34 egarens

350 1152 166 36 tillstånd.

486 1207 31 32 2.
572 1203 155 35 Embets-
769 1204 63 35 och
873 1203 221 46 tjensteman,
1123 1216 85 24 vare
1236 1205 53 45 sig
1316 1207 133 33 statens
1477 1205 84 35 eller
1587 1205 237 44 kommunens,
1852 1208 107 41 prest,

348 1257 127 43 lärare,
503 1257 122 34 läkare
653 1258 89 32 samt
770 1256 207 35 ordförande
997 1257 63 34 och
1079 1257 151 35 ledamot
1249 1257 12 34 i
1281 1257 329 35 kommunalnämnd
1629 1254 55 37 må
1697 1256 78 35 icke
1791 1257 167 44 deltaga
1936 1250 25 56 i

348 1308 240 34 minuthandel
614 1307 78 34 med
719 1307 83 33 eller
828 1308 241 44 utskänkning
1096 1308 38 34 af
1158 1308 160 43 bränvin,
1348 1308 30 44 ej
1407 1308 110 34 heller
1537 1308 76 43 den,
1630 1318 71 24 som
1715 1308 110 34 under
1840 1310 118 32 senast

349 1358 167 35 förflutna
557 1359 84 34 eller
679 1358 147 43 löpande
868 1359 287 44 tillverkningsår
1190 1359 140 36 utöfvat
1358 1360 83 33 eller
1467 1359 143 35 utöfvar
1635 1359 326 35 bränvinstillverk-

350 1410 100 45 ning;
480 1410 63 35 och
571 1409 31 45 ej
632 1409 109 34 heller
767 1406 56 37 må
851 1410 109 34 sådan
986 1411 128 34 handel
1140 1410 142 36 utöfvas
1309 1408 20 37 å
1357 1411 145 34 allmänt
1528 1411 146 34 boställe
1702 1411 84 33 eller
1804 1407 21 37 å
1844 1421 116 24 annan

349 1462 154 33 kronans
540 1461 91 45 jord,
667 1470 71 24 som
771 1460 31 45 ej
831 1461 77 34 med
936 1462 149 44 stadgad
1112 1459 140 37 åborätt
1278 1461 154 36 besittes.
1487 1460 85 36 Med
1598 1462 182 44 undantag
1806 1461 54 34 för
1886 1464 72 32 ute-

349 1513 160 33 slutande
536 1511 189 36 vinhandel
751 1509 56 37 må
833 1512 240 35 minuthandel
1099 1514 77 33 med
1203 1514 84 33 eller
1313 1513 241 44 utskänkning
1581 1512 39 35 af
1643 1512 150 35 bränvin
1820 1512 30 45 ej
1871 1523 89 24 vara

349 1563 145 34 förenad
520 1564 78 33 med
625 1564 109 33 annat
760 1563 245 44 näringsyrke,
1034 1563 54 35 för
1115 1563 108 36 hvars
1249 1564 191 36 utöfvande
1467 1564 137 34 fordras
1631 1563 151 35 särskild
1796 1564 164 34 anmälan

351 1614 108 44 enligt
499 1613 21 46 8
563 1616 19 33 9
617 1614 39 35 af
684 1611 129 47 Kongl.
843 1612 265 47 Förordningen
1136 1612 179 47 angående
1342 1615 171 45 utvidgad
1539 1614 254 45 näringsfrihet
1819 1615 66 34 den
1916 1616 43 33 18

350 1664 87 36 Juni
468 1667 105 33 1864.

1113 1767 19 46 8
1164 1770 32 33 4.

488 1855 29 32 1.
584 1853 44 44 Ej
657 1851 56 36 må
740 1851 114 47 någon
881 1851 219 46 tillhandagå
1127 1854 234 34 allmänheten
1388 1854 77 34 med
1493 1851 227 35 anskaffande
1748 1852 39 34 af
1810 1852 150 35 bränvin

350 1905 12 34 i
389 1904 133 35 mindre
549 1905 123 43 belopp
700 1908 44 31 än
772 1905 70 34 han
869 1904 82 46 sjelf
976 1915 82 34 eger
1084 1904 155 46 försälja.

487 1958 32 32 2.
582 1955 44 45 Ej
668 1956 110 35 heller
817 1953 55 37 må
911 1956 231 35 innehafvare
1170 1956 39 35 af
1232 1956 171 44 rättighet
1430 1955 54 34 till
1510 1954 209 45 försäljning
1746 1954 40 35 af
1809 1955 152 35 bränvin

349 2005 73 36 låta
450 2017 123 33 genom
601 2008 125 33 ombud
753 2005 20 36 å
801 2010 109 31 annat
937 2008 100 33 ställe
1064 2011 45 30 än
1137 2008 68 43 det,
1234 2008 61 34 der
1321 2008 71 33 han
1419 2006 52 34 sin
1489 2005 302 45 försäljningsrätt
1804 2006 154 43 utöfvar,

350 2058 54 34 till
430 2058 157 43 köparen
614 2059 154 34 utlemna
795 2058 149 36 bränvin
972 2059 11 33 i
1010 2059 133 34 mindre
1170 2059 123 43 belopp
1321 2062 45 31 än
1396 2059 69 34 100
1493 2058 146 34 kannor.

1116 2176 20 46 8
1158 2153 41 74 5.

488 2264 29 32 1.
557 2255 15 56 -
585 2260 321 47 Försäljningsåret
944 2263 141 43 räknas,
1126 2262 54 35 för
1220 2263 88 43 stad,
1349 2259 80 37 från
1468 2262 64 34 den
1570 2263 16 33 1
1617 2260 169 45 Oktober,
1815 2261 64 34 och
1905 2260 55 34 för

350 2313 129 43 landet,
508 2311 78 37 från
613 2314 66 34 den
710 2315 16 33 1
756 2313 208 36 November.
1019 2313 186 45 Rättighet
1232 2313 53 35 till
1311 2313 240 35 minuthandel
1577 2313 77 34 med
1682 2312 83 35 eller
1791 2311 168 35 utskänk-
