1875 2827
464 169 114 39 Tredje
595 169 213 38 lagutskottets
824 168 162 30 utlåtande
1004 179 36 19 nr
1059 169 36 30 12
1111 167 35 31 år
1164 168 77 29 1968
1575 166 16 30 17

109 252 58 28 har
187 250 65 30 icke
274 250 142 29 inträffat
437 250 101 29 under
559 250 60 29 den
640 250 90 29 korta
751 250 44 29 tid
817 260 66 19 som
904 249 135 30 förflutit
1060 249 95 29 sedan
1177 248 110 39 frågan
1309 255 100 23 senast
1430 249 161 38 prövades.

109 304 160 30 Utskottet
285 304 62 29 kan
363 303 108 30 därför
486 303 66 30 icke
569 303 147 40 tillstyrka
732 303 87 30 bifall
836 303 46 29 till
898 303 205 30 motionerna.
1122 302 75 30 Som
1214 302 154 30 uttalades
1384 302 53 30 vid
1455 301 138 40 fjolårets

109 357 323 40 utskottsbehandling
452 358 58 29 bör
530 357 172 30 emellertid
724 358 61 29 den
807 368 38 19 av
866 357 233 30 motionärerna
1122 356 226 30 aktualiserade
1370 356 111 39 frågan
1503 356 90 39 följas

109 413 73 29 med
201 412 279 39 uppmärksamhet
497 412 69 36 och,
586 412 102 29 därest
707 411 315 38 brottsutvecklingen
1041 410 96 30 skulle
1156 410 126 39 påkalla
1301 411 61 36 det,
1383 411 87 28 torde
1491 410 102 39 någon

110 465 81 30 form
205 476 39 19 av
257 465 186 39 ingripande
457 464 70 31 från
541 466 52 29 det
607 465 160 30 allmänna
779 464 32 31 få
825 467 175 37 övervägas.

150 519 161 30 Utskottet
324 519 178 30 hemställer

471 579 45 23 att
538 572 198 30 motionerna
759 573 98 30 I:269
881 572 59 30 och
964 572 116 30 II:337
1105 572 66 30 icke
1195 572 176 29 föranleder
1394 571 103 40 någon
1523 572 72 29 riks-

429 627 115 38 dagens
558 626 119 39 åtgärd.

152 734 181 30 Stockholm
352 735 61 29 den
433 734 36 31 27
490 734 137 30 februari
649 734 76 29 1968

589 841 43 30 På
646 841 99 40 tredje
759 841 213 40 lagutskottets
985 842 134 38 vägnar
1104 837 18 48 :

720 949 115 30 HANS
857 949 136 30 LEVIN

159 1228 60 29 Vid
235 1228 85 29 detta
334 1228 129 29 ärendes
477 1226 191 39 behandling
681 1227 57 29 har
751 1227 153 29 närvarit
893 1222 15 48 :

156 1299 70 30 från
245 1299 148 30 första
409 1299 199 29 kammaren:
630 1299 108 29 herrar
756 1299 107 29 Göran
882 1299 149 29 Karlsson
1055 1298 78 39 (s)",
1152 1298 115 30 Svante
1287 1298 208 29 Kristiansson
1521 1298 77 38 (s)7,

116 1354 85 29 Ebbe
218 1353 136 30 Ohlsson
377 1353 66 39 (h),
461 1353 72 29 Erik
549 1353 132 39 Jansson
703 1352 57 39 (s),
777 1349 136 33 Åkesson
935 1352 100 39 (fp)",
1053 1352 144 29 Hansson
1220 1352 57 39 (s),
1295 1352 66 29 Nils
1379 1352 123 29 Nilsson
1525 1352 68 39 (cp)

114 1408 59 29 och
188 1405 168 32 Österdahl
375 1407 103 39 (fp);

157 1460 69 30 från
275 1471 20 18 an
308 1461 78 29 dra
403 1460 198 29 kammaren:
623 1460 109 29 herrar
748 1459 97 30 Levin
868 1459 57 39 (s),
943 1459 174 39 Johansson
1134 1459 10 30 i
1162 1460 87 38 Torp
1273 1459 56 39 (s),
1348 1459 143 30 Grebäck
1515 1459 83 39 (cp),

116 1515 106 29 Hedin
243 1514 66 39 (h),
327 1514 88 30 Tobé
437 1514 100 39 (fp)”,
554 1514 142 29 Ekström
712 1514 10 29 i
738 1514 155 39 Iggesund
916 1513 56 39 (s),
990 1514 92 29 From
1105 1513 63 39 (fp)
1191 1513 59 30 och
1268 1513 49 29 fru
1335 1513 184 30 Sundström
1543 1513 55 39 (s).

117 1623 15 14 <
154 1622 31 32 Ej
203 1621 171 26 närvarande
389 1621 46 25 vid
452 1621 165 25 utlåtandets
633 1621 140 32 justering.
