2326 2771
630 212 207 41 Bevillnings-
851 204 173 53 Utskottets
1031 208 205 32 Betänkande
1261 209 57 30 N:o
1341 208 30 29 3.
1764 206 34 29 Hl

238 305 135 39 riksdag
397 304 34 31 af
450 302 174 33 Utskottet
647 301 128 37 väckta,
800 312 72 20 men
897 300 42 31 då
961 298 215 32 underkända
1209 297 133 42 förslag,
1376 296 106 31 funnit
1516 295 50 43 sig
1600 295 100 31 sakna
1730 294 115 31 anled-

238 357 80 42 ning
342 360 47 27 att
411 354 120 33 föreslå
554 354 101 31 andra
677 353 229 41 förändringar
929 357 40 26 än
993 351 40 31 de
1056 350 59 31 här
1138 350 86 31 förut
1248 348 229 38 omförmälda;
1500 346 126 32 hvilket

641 455 175 32 Utskottet
838 454 48 30 får
909 454 49 30 för
981 452 192 42 Riksdagen
1197 450 138 32 anmäla.

381 558 196 33 Stockholm
601 558 63 31 den
687 559 39 29 24
749 556 161 32 Februari
937 555 88 31 1869.

829 656 50 32 På
906 655 190 33 Utskottets
1123 660 136 36 vägnar:

838 758 32 31 C.
893 757 33 32 J.
955 758 95 31 Oscar
1077 756 176 31 Alströmer.

957 1236 104 38 N:o
1090 1236 57 39 I.

928 1387 72 26 Ank.
1018 1386 44 26 till
1080 1385 96 27 Riksd.
1194 1384 97 27 Kansli
1309 1383 25 26 d.
1353 1384 32 25 24
1402 1384 80 26 Febr.
1501 1381 72 33 1869,
1591 1381 37 25 kl.
1646 1381 15 25 6
1680 1389 21 17 e.
1719 1390 36 16 m.

455 1535 205 36 Betänkande,
684 1534 11 29 i
722 1532 165 40 anledning
915 1530 38 43 af
976 1528 104 31 väckta
1107 1528 145 30 motioner
1279 1525 132 31 rörande
1439 1524 61 30 dels
1532 1523 192 40 nedsättning
1751 1522 38 42 af
1809 1521 47 30 det

653 1584 87 31 enklu
769 1583 168 42 brefportot
968 1580 52 30 och
1047 1579 132 42 afgiften
1199 1578 58 42 för
1288 1576 95 31 sluten
1409 1574 285 35 rekommendation,
1722 1572 62 30 dels
1811 1577 48 25 uwut-

655 1635 128 42 bytande
806 1634 39 42 uf
863 1628 468 45 tidningsstämplings-afgiften
1353 1631 60 26 mot
1435 1625 137 42 lämpligt
1589 1628 168 38 postporto.

395 1739 16 31 I
437 1744 118 27 tvänne
578 1738 88 31 inom
691 1734 115 33 Andra
830 1733 202 32 Kammaren
1066 1730 119 32 väckta
1207 1729 162 32 motioner
1393 1727 100 41 (N:ris
1517 1725 124 32 38-och
1665 1725 76 41 200)
1765 1724 97 30 hafva

254 1792 87 31 Herr
384 1791 29 30 V.
449 1791 48 30 M.
522 1790 154 30 Beronius
700 1787 61 32 och
785 1785 87 32 Herr
897 1785 33 30 YT.
955 1784 167 31 Ekenstam
1155 1779 182 44 föreslagit,
1371 1779 62 31 den
1456 1779 99 30 förre:
1588 1782 66 24 »att
1682 1776 55 31 det
1761 1774 97 32 enkla

254 1843 183 41 brefportot
464 1842 50 30 för
541 1840 123 31 inrikes
688 1837 207 42 brefvexling
922 1835 166 31 nedsättes
1111 1833 71 31 från
1206 1832 57 31 sitt
1284 1830 189 32 nuvarande
1497 1828 132 41 belopp,
1664 1828 36 29 12
1724 1831 66 32 öre,
1815 1825 49 31 till

255 1896 38 29 10
317 1899 55 25 öre
395 1892 207 41 Riksmynt;»
626 1891 63 31 den
713 1889 151 32 sednare:

397 1945 66 30 »1:o
488 1948 47 25 att
559 1942 136 42 afgiften
717 1941 50 30 för
790 1939 112 41 hvarje
925 1940 165 40 portosats
1119 1935 50 31 för
1203 1931 334 35 orekommenderade
1572 1929 74 31 bref
1664 1928 200 31 bestämmes

255 1996 49 31 till
332 1997 36 29 10
392 1995 77 41 (tio)
495 1999 54 26 öre
573 1993 97 36 R:mt,
693 1996 84 27 samt

398 2048 49 28 2:0
472 2049 46 27 att
542 2045 49 29 för
614 2044 108 30 sluten
744 2039 308 34 rekommendation
1076 2038 34 30 af
1129 2037 74 31 bref
1223 2035 173 42 stipuleras
1420 2044 39 20 en
1484 2032 91 42 afgift
1601 2031 33 30 af
1658 2032 34 29 15
1711 2030 154 40 (femton)

257 2103 56 26 öre
337 2108 124 20 samma
483 2100 119 36 mynt».

398 2146 18 32 I
439 2146 152 32 afseende
616 2147 18 29 å
657 2145 63 30 den
748 2142 187 42 föreslagna
968 2139 255 41 nedsättningen
1258 2137 33 30 af
1322 2136 54 30 det
1404 2134 97 31 enkla
1524 2133 184 41 brefportot
1730 2131 46 30 får
1801 2129 65 32 U:t-

259 2200 125 30 skottet
408 2198 107 31 erinra
538 2197 123 36 derom,
685 2199 57 32 att,
777 2194 42 30 då
842 2193 53 30 vid
924 2191 148 32 sistlidne
1107 2189 134 41 riksdag
1275 2198 123 20 samma
1420 2186 92 40 fråga
1540 2195 56 19 var
1626 2185 18 28 å
1668 2182 93 36 bane,
1786 2181 81 30 lem-

260 2250 84 31 nade
369 2248 211 41 tillförlitliga
604 2245 167 43 uppgifter
793 2244 54 31 vid
871 2243 140 36 handen,
1034 2241 84 31 huru
1142 2251 40 19 en
1205 2238 101 32 sådan
1330 2235 222 42 nedsättning,
1575 2245 70 20 som
1668 2232 73 32 icke
1758 2230 110 32 kunde

261 2301 88 42 gifva
373 2300 103 41 utsigt
500 2298 49 31 till
573 2300 111 39 någon
708 2300 90 27 snart
830 2293 153 31 märkbar
1008 2291 176 41 tillökning
1217 2290 10 29 i
1251 2288 152 31 brefvens
1439 2286 98 36 antal,
1571 2285 98 40 högst
1702 2281 167 32 sannolikt

261 2351 106 32 skulle
389 2350 133 31 beröfva
550 2347 196 33 Postverket
769 2358 39 20 en
832 2345 145 31 inkomst
1001 2343 33 31 af
1067 2341 133 42 ungefär
1234 2340 133 36 200,000
1394 2337 88 37 R:dr,
1517 2336 133 31 hvilken
1684 2334 114 31 förlust
1823 2332 41 30 då
