2178 2648
383 205 40 31 14
542 204 116 32 Andra
682 203 217 33 Kammarens
927 203 183 42 Tillfälliga
1154 203 136 34 Utskotts
1313 203 82 41 (N:o
1417 203 37 41 3)
1486 203 171 33 Utlåtande
1679 203 65 33 N:o
1767 203 52 32 16.

379 285 133 36 idkade
554 285 234 37 verksamhet
823 284 13 36 i
870 285 192 35 enahanda
1096 284 105 48 syfte.
1261 284 235 36 Beträffande
1525 286 79 33 åter
1631 286 109 34 sättet
1769 284 55 35 för
1851 287 129 44 åväga-

377 338 205 48 bringande
624 338 40 36 af
700 339 45 35 de
785 338 151 36 sålunda
972 338 212 47 ifrågasatta
1213 350 74 36 nya
1315 337 320 36 bestämmelserna
1664 343 40 30 är
1732 337 182 36 utskottet
1943 337 42 36 af

380 393 70 35 den
485 392 107 47 åsigt,
629 395 53 32 att
716 392 45 35 de
790 391 87 36 böra
905 391 40 36 af
969 392 164 46 Konung
1161 391 67 36 och
1259 390 168 48 Riksdag
1455 394 225 44 gemensamt
1707 390 180 47 beslutas;
1918 391 68 35 och

381 447 45 34 då
455 445 71 37 den
550 446 105 43 form,
685 457 74 24 som
790 445 41 35 af
854 445 128 36 Första
1009 445 225 35 Kammaren
1264 444 129 47 gifvits
1421 446 37 34 åt
1477 443 383 48 skrifvelseförslaget,
1882 444 105 36 torde

380 499 126 36 kunna
543 499 186 47 uppfattas
767 498 14 36 i
823 501 145 33 motsatt
1011 498 180 48 rigtning,
1221 498 70 35 har
1326 497 180 36 utskottet
1542 501 119 32 ansett
1688 497 169 48 lämpligt
1886 501 55 32 att
1971 497 13 36 i

379 555 120 45 någon
533 555 84 33 mån
647 552 114 36 ändra
795 552 181 46 förslaget,
1013 554 40 33 så
1087 551 145 48 mycket
1261 551 115 35 hellre
1405 563 87 32 som,
1523 551 120 35 derest
1670 550 101 38 vissa
1800 551 111 35 bland
1940 551 45 35 de

380 606 92 36 efter
513 605 117 37 skedd
671 604 278 49 undersökning
989 605 135 47 nödiga
1152 605 163 35 befunna
1344 604 218 48 åtgärderna
1590 604 82 35 icke
1699 604 146 48 påkalla
1876 603 109 36 Riks-

381 660 136 46 dagens
559 658 235 45 medverkan,
838 661 114 33 såsom
988 662 25 32 t.
1052 670 58 23 ex.
1141 658 159 47 ändring
1330 658 40 35 af
1395 657 251 48 farmakopén,
1676 660 121 45 någon
1825 657 159 36 särskild

381 712 269 48 framställning
677 712 80 36 från
786 711 231 48 Riksdagens
1046 711 81 36 sida
1154 711 13 36 i
1195 711 173 36 afseende
1396 713 46 45 på
1471 710 129 49 dylika
1627 711 168 47 åtgärder
1821 711 31 48 ej
1882 710 103 36 torde

382 778 87 24 vara
497 766 227 47 erforderlig.

488 820 52 35 På
568 820 152 36 anförda
741 819 162 48 grunder
922 818 209 36 hemställer
1144 817 191 44 utskottet,

916 928 52 32 att
989 924 132 36 Andra
1148 920 222 40 Kammaren
1399 927 46 44 på
1474 924 62 35 det
1564 927 72 33 sätt
1663 923 212 36 instämmer
1903 923 83 36 med

808 979 128 35 Första
975 978 234 44 Kammaren,
1250 981 53 32 att
1340 977 71 36 den
1439 976 175 47 beslutar,
1644 977 62 36 det
1733 976 217 48 Riksdagen
1974 977 13 35 i

809 1031 191 36 skrifvelse
1029 1031 58 35 till
1122 1031 133 47 Kongl.
1290 1031 108 48 Maj:t
1425 1031 174 44 anhåller,
1630 1033 52 33 att
1709 1030 134 48 Kongl.
1874 1030 110 48 Maj:t

807 1085 140 36 täcktes
975 1084 75 36 låta
1078 1085 139 44 utreda,
1248 1084 77 36 dels
1354 1084 13 35 i
1395 1084 97 36 hvad
1520 1086 85 33 mån
1624 1083 359 37 läkareverksamhet

807 1138 67 36 bör
909 1150 88 25 vara
1030 1138 256 36 examinerade
1322 1137 123 36 läkare
1482 1137 226 36 förbehållen
1743 1137 88 36 eller
1860 1139 56 33 må
1945 1137 41 35 af

810 1192 113 35 andra
958 1192 156 43 utöfvas,
1158 1191 76 36 dels
1263 1190 70 37 ock
1360 1191 128 36 hvilka
1517 1196 132 30 ämnen
1677 1191 128 35 endast
1832 1190 88 36 böra
1948 1190 38 35 få

812 1245 40 36 af
877 1244 196 48 apotekare
1101 1243 179 50 försäljas,
1311 1248 94 32 samt
1432 1244 171 45 derefter,
1641 1244 6 36 i
1668 1244 69 36 den
1756 1246 83 33 mån
1858 1244 129 35 sådant

811 1298 162 48 påkallas
1002 1298 41 35 af
1068 1298 73 36 den
1170 1298 139 36 skedda
1337 1297 258 48 utredningen,
1625 1297 72 36 låta
1725 1297 167 36 utarbeta
1919 1297 68 36 och

810 1352 57 35 för
894 1351 214 48 Riksdagen
1137 1351 203 47 framlägga
1367 1351 136 47 förslag
1530 1351 58 36 till
1616 1362 73 36 nya
1716 1350 271 37 bestämmelser

811 1405 186 47 angående
1040 1404 200 36 utöfvande
1281 1405 40 35 af
1355 1404 359 37 läkareverksamhet
1749 1404 66 36 och
1850 1403 137 36 handel

811 1459 84 35 med
923 1458 214 36 läkemedel.

491 1565 210 37 Stockholm
729 1565 72 36 den
832 1568 48 32 24
909 1577 95 24 mars
1040 1566 111 34 1896.

955 1672 52 34 På
1030 1670 197 37 utskottets
1257 1676 152 42 vägnar:

1037 1777 49 36 H.
1117 1768 219 45 AMNÉUS.

848 2387 144 26 Stockholm,
1008 2389 24 20 P,
1048 2388 143 25 Palmquists
1205 2387 156 25 Aktiebolags
1374 2386 80 21 Boktr.
1470 2386 61 21 1896.
