2260 2780
530 110 34 31 18
959 100 284 41 Banko-Utskottets
1270 111 165 30 Memorial
1459 113 62 28 N:o
1545 109 65 33 23.

568 241 5 3 I
635 186 163 64 Utskottet
825 200 184 39 hemställer
1036 207 102 38 alltså,
1169 229 3 3 -

1248 309 63 48 7:60)

883 401 48 27 att
960 396 88 32 10:de
1077 408 93 21 mom.
1200 397 9 30 i
1236 396 16 42 $
1279 399 17 29 9
1325 398 51 31 må
1402 397 70 33 från
1493 397 153 43 denna
1627 392 20 59 $
1673 397 165 50 uteslutas.

579 465 74 33 Som
693 465 244 32 bestämmelsen
976 466 11 31 i
1027 469 17 28 9
1085 466 41 42 &s
1154 475 94 22 mom.
1279 467 48 35 11,
1356 467 48 29 att
1429 463 175 33 inkomster
1630 465 60 31 och
1717 464 132 42 utgifter
1874 465 52 32 vid
1951 465 129 41 uppköp

479 517 58 32 och
577 516 186 43 försäljning
802 517 35 31 af
872 517 107 32 vexlar
1018 521 83 28 samt
1126 515 190 42 indragning
1343 515 34 32 af
1401 515 107 33 silfver
1534 516 59 32 och
1620 515 75 42 guld
1722 519 156 39 upptagas
1905 517 11 31 i
1943 513 136 35 särskild

480 568 95 32 vinst-
614 568 59 33 och
713 568 261 41 förlusträkning,
1008 567 100 33 finnes
1134 568 129 40 intagen
1291 568 19 31 å
1336 567 213 41 vederbörligt
1576 567 92 32 ställe
1695 568 11 31 i
1733 567 38 32 de
1799 567 71 32 utaf
1893 567 186 32 Banko-Ut-

474 619 124 40 skottet
620 614 180 49 fastställda
829 619 230 33 instruktioner
1085 619 49 31 för
1160 619 149 32 Bankens
1336 618 116 33 kontor
1478 619 59 32 och
1566 618 228 41 expeditioner,
1828 619 197 32 hemställes:

1253 737 62 47 8:0)

877 829 47 26 att
952 826 80 30 11l:te
1060 835 92 21 mom.
1184 827 51 28 må
1261 835 38 19 ur
1326 827 15 33 8
1370 827 17 27 9
1416 824 163 30 uteslutas.

1325 854 13 10 DD

629 891 203 33 Beträffande
872 893 15 41 $
930 896 33 28 11
1006 892 57 31 har
1106 890 160 34 Utskottet
1303 895 48 29 att
1375 891 118 33 föreslå
1519 891 114 32 endast
1660 902 39 21 en
1727 891 121 32 mindre
1876 891 201 33 redaktions-

480 943 194 40 förändring,
704 943 70 41 med
802 943 135 33 hvilken.
958 943 102 31 denna
1088 945 15 37 $
1131 943 143 31 kommer
1300 946 48 28 att
1374 943 72 41 lyda
1473 942 147 33 sålunda:

1249 1060 61 47 9:0)

881 1147 49 32 Då
968 1145 148 35 Bankens
1157 1147 150 32 säkerhet
1346 1146 53 32 det
1438 1146 135 40 kräfver,
1616 1157 57 30 ega
1704 1145 211 43 Fullmägtige
1943 1149 58 37 att,
2030 1147 49 32 till

882 1198 221 32 förstärkande
1143 1198 34 32 af
1214 1197 179 32 metalliska
1431 1197 125 39 kassan,
1587 1200 18 29 å
1633 1198 120 31 utrikes
1780 1201 52 29 ort
1858 1200 141 39 upptaga
2026 1198 52 31 lån

881 1250 77 31 eller
997 1249 117 33 bereda
1151 1249 133 32 Banken
1323 1248 136 32 kreditiv
1499 1249 48 31 till
1581 1248 126 42 belopp,
1736 1248 221 33 motsvarande
1985 1249 94 40 högst

883 1300 62 32 tolf
968 1301 157 31 millioner
1150 1299 167 32 Riksdaler
1342 1299 176 42 Riksmynt.

983 1351 14 32 I
1032 1351 114 33 sådant
1172 1350 148 32 afseende
1347 1350 60 32 har
1432 1342 179 49 Riksdagen
1640 1349 57 33 hos
1724 1349 114 42 Kongl.
1867 1350 89 41 Maj:t
1982 1351 10 31 i
2020 1361 58 20 un-

884 1402 209 42 derdånighet
1130 1402 144 38 anhållit,
1310 1401 51 32 det
1390 1399 110 43 Kongl.
1530 1402 98 41 Maj:t,
1656 1403 87 39 uppå
1768 1400 227 42 Fullmägtiges
2023 1412 55 21 an-

882 1451 105 35 mälan
1026 1455 10 30 i
1076 1457 118 35 ämnet,
1236 1452 123 32 täcktes
1390 1453 66 31 låta
1482 1452 145 33 bemedla
1653 1452 55 32 det
1733 1452 34 32 af
1791 1452 211 41 Fullmägtige
2028 1452 51 32 för

884 1505 145 31 Bankens
1070 1504 148 33 säkerhet
1253 1504 110 40 nödigt
1390 1503 141 32 ansedda
1557 1504 88 32 lånet
1672 1503 102 32 under
1800 1503 61 32 den
1889 1503 91 40 form,
2010 1514 68 21 som

846 1555 80 46 för
965 1556 184 32 ändamålet
1188 1555 62 31 'kan
1290 1554 103 32 finnas
1429 1555 197 40 erforderlig,
1656 1558 82 28 samt
1765 1556 19 30 å
1810 1557 47 29 ett
1883 1554 115 32 sådant
2024 1555 52 31 lån

877 1603 145 36 meddela
1048 1607 71 32 dess
1147 1606 116 40 nådiga
1288 1606 134 41 garanti.

629 1676 13 30 I
683 1675 326 32 öfverensstämmelse
1050 1676 70 31 med
1161 1674 80 33 hvad
1274 1674 163 31 Utskottet
1475 1676 100 38 yttrat
1614 1673 135 31 rörande
1778 1683 94 21 mom.
1902 1673 33 42 b)
1962 1674 10 30 i
2001 1675 17 29 5
2046 1675 30 39 8,

475 1726 132 32 föreslår
647 1725 173 39 Utskottet,
862 1727 10 30 i
912 1726 90 41 fråga
1034 1738 51 20 om
1112 1728 15 41 $
1157 1729 47 36 12,
1239 1728 49 28 att
1314 1724 92 32 ordet
1434 1723 171 33 "dukater"
1638 1726 49 30 må
1713 1723 128 42 utbytas
1870 1727 66 29 mot
1965 1723 111 41 "guld-

475 1780 117 39 mynt",
621 1777 40 32 då
689 1777 105 32 denna
821 1779 20 38 8
868 1776 143 33 kommer
1037 1781 48 28 att
1110 1778 74 40 lyda
1211 1776 151 33 sålunda:

1237 1898 80 41 10:0)

876 1978 100 41 Inköp
1017 1980 34 30 af
1090 1980 165 41 guldmynt
1295 1984 82 28 samt
1403 1980 35 32 af
1462 1980 166 41 omyntadt
1653 1979 59 32 och
1740 1978 234 33 kontrolleradt
2000 1978 75 41 guld

876 2032 50 29 må
965 2030 27 41 ej
1034 2040 57 30 ega
1130 2041 80 29 rum,
1240 2031 39 32 då
1306 2031 174 41 tillgången
1509 2030 92 32 deraf
1623 2031 123 40 uppgår
1772 2030 50 31 till
1849 2041 38 20 en
1914 2029 161 33 tiondedel

875 2080 34 32 af
933 2080 294 42 silfvertillgången.

622 2148 168 33 Likaledes
831 2149 136 31 föreslår
1006 2149 172 40 Utskottet,
1220 2151 34 31 af
1291 2150 169 32 enahanda
1494 2149 187 41 -anledning,
1719 2152 57 36 att,
1805 2149 72 37 med
1905 2148 170 43 utbyte.af

1296 2202 9 8 Q

446 2201 119 31 "orden
596 2200 159 32 "Svenska
783 2200 59 31 och
871 2200 196 32 Holländska
1096 2201 166 39 dukater",
1292 2208 16 39 $
1338 2204 35 29 19
1402 2203 50 29 må
1480 2201 32 31 få
1539 2200 104 31 denna
1670 2200 131 42 lydelse:
