1864 2786
408 191 123 37 Tredje
551 190 247 37 lagutskottets
820 189 180 31 utlåtande
1020 198 43 21 nr
1084 189 40 30 17
1144 189 40 30 år
1206 190 84 29 1958
1552 186 40 30 13

107 283 93 29 lånet
222 282 133 36 slutligt
376 280 162 37 beviljats
559 280 88 30 efter
668 280 67 29 den
757 279 36 29 31
819 278 180 30 december
1023 278 92 35 1956,
1140 277 101 30 faller
1262 277 112 30 under
1394 285 117 21 annan
1532 275 61 30 all-

107 336 82 30 män
211 334 258 38 hyreskontroll
490 334 45 29 än
556 333 67 30 den
644 341 75 21 som
740 332 123 30 utövas
884 341 42 20 av
947 330 326 38 bostadsstyrelsen.

151 390 76 29 Den
252 398 42 20 av
319 387 259 30 motionärerna
603 386 166 30 anvisade
792 386 111 36 vägen
927 387 52 27 att
1003 384 74 30 lösa
1102 384 125 36 frågan
1252 391 124 29 genom
1403 384 47 28 ett
1476 382 119 40 tillägg

108 443 51 30 till
188 443 19 30 4
238 442 15 37 8
284 440 407 39 hyresregleringslagen,
723 448 74 21 som
826 438 196 37 jämställer
1049 437 267 37 ifrågavarande
1344 436 144 37 utgifter
1516 435 79 30 med

107 497 133 30 värme-
264 496 66 30 och
353 493 339 35 bränslekostnader,
721 501 102 28 synes
848 492 171 30 utskottet
1043 501 43 20 av
1111 491 87 30 flera
1224 491 75 30 skäl
1324 490 32 37 ej
1381 499 83 21 vara
1489 489 106 30 fram-

108 550 141 36 komlig,
282 549 126 30 främst
439 548 120 30 därför
589 549 52 28 att
672 546 94 30 detta
796 546 58 30 vid
885 545 269 37 tillämpningen
1187 544 112 30 skulle
1330 543 145 31 åsamka
1508 542 88 30 både

109 602 342 39 hyresmarknadens
475 603 117 35 parter
617 600 65 30 och
707 600 41 29 de
773 598 307 38 hyresreglerande
1106 598 290 37 myndigheterna
1422 598 93 28 stora
1540 596 57 29 be-

110 657 236 36 svärligheter.
375 656 66 29 Det
471 656 92 28 stora
593 653 152 30 flertalet
773 652 274 38 hyreskontrakt
1076 651 111 30 måste
1218 651 90 29 först
1337 650 173 36 uppsägas
1542 649 54 30 för

109 710 286 38 hyresreglering,
418 708 65 30 och
505 707 268 38 hyresgästerna
796 706 129 30 saknar
948 706 9 29 i
984 707 71 28 stor
1077 704 245 36 utsträckning
1346 703 251 36 förutsättning

109 766 51 28 att
183 763 111 38 själva
315 763 121 30 kunna
458 761 223 34 kontrollera,
704 762 51 28 att
775 759 129 40 begärd
926 758 254 38 hyreshöjning
1202 757 179 37 verkligen
1402 758 197 28 motsvarar

110 816 333 39 avgiftshöjningen.
470 815 126 30 Vidare
623 814 112 30 skulle
761 813 57 30 det
843 813 126 29 bereda
995 812 316 36 fastighetsägarna
1337 809 182 38 möjlighet
1544 808 54 31 till

111 869 351 39 överkompensation
481 869 11 29 i
513 868 130 30 sådana
665 867 73 35 fall,
759 866 44 30 då
823 866 111 30 ökade
954 867 132 28 vatten-
1109 865 65 30 och
1192 863 295 38 avloppsavgifter
1509 871 89 21 sam-

115 925 98 37 tidigt
234 924 160 30 beaktats
414 923 56 30 vid
493 924 48 28 ett
561 921 228 37 medgivande
811 920 52 30 till
886 919 150 38 generell
1058 918 263 37 hyreshöjning,
1345 917 54 30 för
1421 917 107 29 vilket
1550 918 49 28 ett

114 978 240 36 sammanvägt
377 977 48 29 tal
449 976 55 29 för
528 974 157 38 stegrade
709 972 484 38 förvaltningsomkostnader
1216 971 168 30 avseende
1408 970 77 30 hela
1508 969 92 30 riket

113 1033 107 36 ligger
244 1031 52 30 till
321 1029 123 38 grund.
470 1030 65 28 Det
559 1037 102 28 synes
685 1037 84 21 vara
796 1027 136 29 förenat
956 1026 79 30 med
1062 1027 92 28 stora
1179 1024 183 37 praktiska
1388 1023 212 37 svårigheter

112 1087 51 28 att
188 1085 59 30 vid
274 1093 43 21 en
343 1082 269 36 särbehandling
640 1081 108 37 enligt
775 1081 19 29 4
824 1080 14 37 $
867 1079 399 40 hyresregleringslagen
1294 1087 43 21 av
1364 1077 41 30 de
1436 1076 71 35 fall,
1537 1076 63 30 där

112 1140 133 29 vatten-
266 1138 64 30 och
351 1135 335 39 avloppskostnader
708 1134 211 30 bestämmes
940 1133 79 29 med
1041 1132 222 36 tillämpning
1284 1140 43 21 av
1352 1130 80 30 1955
1455 1130 57 29 års
1534 1129 65 37 lag,

114 1191 147 38 utskilja
278 1191 41 30 de
336 1192 131 29 vatten-
486 1189 64 30 och
567 1187 304 38 avloppsavgifter,
892 1195 74 21 som
985 1186 98 30 täcks
1100 1194 43 21 av
1161 1185 107 30 redan
1285 1183 170 38 utgående
1473 1182 127 37 grund-

115 1247 116 36 hyror.

158 1299 42 37 Ej
223 1298 108 30 heller
351 1297 97 30 torde
468 1297 57 30 det
544 1305 42 21 av
606 1297 48 28 ett
673 1304 65 28 par
757 1294 236 36 remissorgan
1014 1292 196 30 framförda
1232 1291 166 36 förslaget
1420 1292 50 28 att
1491 1289 109 30 ändra

116 1354 18 29 3
160 1353 15 37 8
200 1352 110 30 andra
335 1350 134 38 stycket
492 1348 399 39 hyresregleringslagen
912 1364 45 4 —
978 1346 108 30 vilket
1109 1346 45 29 bl.
1179 1354 29 21 a.
1232 1345 148 29 handlar
1403 1353 57 20 om
1483 1343 118 37 hyres-

115 1406 147 37 höjning
285 1405 58 29 vid
366 1404 83 30 ökat
472 1402 285 38 lägenhetsvärde
779 1401 45 37 på
847 1400 111 37 grund
982 1409 43 20 av
1046 1398 383 37 ombyggnadsarbeten
1450 1406 30 20 o.
1504 1396 31 30 d.
1558 1413 45 4 —

117 1460 37 30 så
173 1461 51 28 att
244 1459 57 29 det
320 1458 76 30 icke
415 1458 85 29 bara
522 1465 73 21 som
616 1465 47 20 nu
685 1455 10 29 i
717 1454 160 30 enskilda
897 1452 263 37 undantagsfall
1182 1451 90 30 skall
1292 1451 121 29 kunna
1433 1450 169 36 åberopas

117 1514 54 29 för
190 1511 253 38 hyreshöjning
462 1510 45 37 på
527 1509 112 40 grund
659 1517 44 21 av
722 1507 111 30 ökade
855 1505 444 38 faslighetsomkostnader,
1321 1512 83 21 vara
1426 1503 103 36 ägnat
1551 1503 52 28 att

115 1566 245 30 åstadkomma
377 1573 43 21 en
435 1562 143 38 lämplig
595 1561 148 37 lösning.
761 1560 94 30 även
871 1560 94 29 detta
984 1558 111 30 skulle
1113 1558 176 36 nämligen
1307 1557 119 29 kunna
1444 1555 159 30 medföra

118 1620 98 29 svåra
232 1618 237 36 belastningar
485 1616 43 37 på
545 1614 324 39 hyresmarknaden
886 1612 78 30 med
983 1621 42 21 en
1042 1611 181 37 mångfald
1240 1609 226 31 individuella
1482 1609 123 30 tvister

117 1682 57 21 om
198 1672 255 37 höjningarnas
479 1669 130 31 storlek
632 1668 65 30 och
724 1667 110 30 större
859 1665 226 31 arbetsbörda
1112 1665 54 29 för
1192 1663 332 38 hyresnämnderna.
1551 1662 53 29 En

118 1735 118 22 annan
265 1725 63 30 sak
354 1725 38 29 är
419 1726 60 33 att,
508 1732 74 20 som
611 1721 154 31 Svenska
793 1719 287 31 stadsförbundet
1105 1718 161 37 påpekat,
1297 1727 42 20 en
1368 1716 149 30 särskild
1548 1724 56 21 en-

118 1778 229 39 gångsavgift,
378 1786 74 21 som
480 1778 145 34 uttages,
655 1775 44 30 då
728 1783 42 21 en
799 1773 166 37 fastighet
995 1772 109 29 första
1134 1772 134 36 gången
1297 1770 155 30 anslutes
1479 1769 54 29 till
1562 1777 43 21 en

118 1833 132 30 allmän
280 1833 131 28 vatten-
441 1830 64 30 och
537 1827 366 38 avloppsanläggning,
936 1825 79 30 med
1048 1825 66 30 den
1146 1824 202 30 nuvarande
1379 1822 154 37 lydelsen
1563 1831 44 20 av

120 1887 18 29 3
163 1887 14 36 8
201 1886 71 29 kan
292 1884 152 38 påverka
463 1882 256 36 bedömningen
741 1890 42 20 av
804 1879 237 38 grundhyran.

164 1940 44 29 Så
234 1938 140 37 mycket
399 1936 136 30 mindre
562 1936 116 29 finner
705 1934 170 30 utskottet
901 1932 188 36 anledning
1116 1930 167 37 föreligga
1312 1931 50 29 att
1388 1938 47 21 nu
1466 1929 140 29 förorda

122 2002 43 20 en
196 1991 215 38 lagändring,
446 1999 74 20 som
552 1987 400 39 hyresregleringslagen
985 1986 108 29 redan
1126 1984 140 36 medger
1299 1985 50 27 att
1382 1991 44 21 en
1458 1981 150 37 generell

120 2045 253 38 hyreshöjning
395 2042 259 31 differentieras
678 2041 129 29 mellan
829 2040 94 29 olika
947 2041 102 32 orter,
1075 2038 57 29 må
1154 2046 84 20 vara
1261 2038 51 28 alt
1335 2036 113 29 denna
1471 2035 137 36 möjlig-

122 2101 56 28 het
201 2099 10 29 i
234 2098 188 38 praktiken
444 2096 125 30 hittills
593 2095 80 36 föga
697 2094 202 36 tillämpats.
923 2093 66 29 Det
1014 2093 92 28 stora
1132 2090 152 30 flertalet
1308 2089 300 30 remissinstanser

122 2154 63 29 har
209 2152 105 29 också
338 2151 137 29 anvisat
498 2149 112 30 denna
635 2147 116 30 metod
775 2149 51 27 att
850 2146 73 29 lösa
949 2145 132 36 frågan,
1108 2144 65 30 och
1198 2143 170 30 utskottet
1390 2142 60 29 vill
1476 2141 53 29 för
1554 2141 54 29 sin

122 2206 54 30 del
195 2205 72 30 helt
286 2204 139 30 ansluta
444 2203 50 36 sig
513 2202 52 30 till
584 2202 114 29 denna
718 2199 237 38 uppfattning.
975 2198 175 29 Utskottet
1169 2197 39 29 är
1227 2195 191 31 emellertid
1438 2194 171 29 medvetet

122 2268 56 19 om
195 2260 51 27 att
262 2257 175 35 åtskilliga
456 2255 212 36 svårigheter
686 2254 39 28 är
743 2252 163 29 förenade
924 2251 105 29 också
1047 2250 77 29 med
1143 2259 42 20 en
1204 2249 108 29 sådan
1330 2248 146 35 lösning.
1494 2248 116 35 Lagen

123 2321 56 19 om
202 2310 178 30 allmänna
403 2310 132 28 vatten-
558 2308 64 28 och
646 2304 397 38 avloppsanläggningar
1069 2310 57 29 ger
1151 2302 176 35 nämligen
1351 2300 181 36 möjlighet
1557 2299 52 29 till

125 2366 36 28 så
180 2364 127 38 många
325 2362 209 30 varialioner
553 2361 8 28 i
580 2360 214 36 avgifternas
812 2357 219 35 utformning
1049 2356 62 29 och
1132 2356 86 28 även
1240 2355 49 28 till
1310 2354 36 29 så
1369 2355 70 27 stor
1459 2352 151 30 skillnad

126 2419 6 28 i
155 2417 214 37 avgifternas
391 2414 129 30 storlek
541 2414 93 28 inom
657 2421 134 21 samma
811 2413 52 27 ort
888 2412 90 27 samt
1000 2409 50 29 till
1071 2409 65 28 och
1158 2407 77 30 med
1257 2406 163 30 stundom
1444 2406 7 28 i
1477 2414 133 21 samma

128 2471 172 36 fastighet,
325 2471 50 27 alt
399 2478 40 20 en
466 2466 205 36 fullkomlig,
698 2464 201 31 individuell
923 2463 144 29 rättvisa
1091 2462 39 29 är
1155 2461 76 30 svår
1255 2462 50 28 alt
1330 2460 126 36 uppnå.
