2228 2630
777 158 250 31 Statsutskottets
1050 157 162 32 utlåtande
1234 157 52 31 Nr
1310 159 29 30 7.
1774 157 41 31 25

388 235 100 50 43:o)
530 237 53 36 På
622 236 124 48 grund
788 250 46 22 av
870 236 74 36 vad
975 236 139 49 Kungl.
1144 235 127 49 Maj:ts
1299 236 11 35 i
1338 236 123 49 punkt
1489 237 48 35 45
1567 235 128 37 därom
1724 235 135 49 gjorda

260 288 281 49 framställning
569 289 70 35 och
667 288 118 36 under
813 288 233 48 hänvisning
1073 288 57 36 till
1158 288 72 36 vad
1251 287 411 49 statsrådsprotokollet
1681 287 80 49 (sid.
1784 289 73 35 235

258 339 141 49 -—239)
427 340 11 35 i
467 345 125 32 ämnet
619 340 219 48 innehåller,
870 340 56 36 får
954 340 185 36 utskottet
1166 340 208 46 hemställa,

790 449 55 31 att
872 444 207 47 riksdagen
1104 447 59 33 må
1183 444 117 36 under
1319 443 45 37 de
1383 443 150 46 villkor,
1554 456 80 24 som
1654 444 203 36 innefattas

660 496 12 35 1
713 495 63 36 det
817 495 134 37 mellan
998 474 138 70 Kungl.
1170 496 106 48 Maj:t
1304 495 70 36 och
1404 491 157 72 kronan,
1591 498 20 33 å
1639 508 70 23 ena
1737 496 120 46 sidan,

661 547 70 36 och
775 547 379 49 rederiaktiebolaget
1193 547 288 46 Transatlantic,
1525 550 20 33 å
1586 547 117 36 andra
1738 520 119 79 sidan,

661 599 191 36 avslutade
880 599 190 47 kontrakt,
1100 613 46 22 av
1174 599 62 36 det
1264 612 47 23 av
1338 598 207 49 riksdagen
1575 601 124 34 såsom
1728 602 130 34 wnder-

659 653 79 34 stöd
766 652 57 35 till
845 653 353 44 rederiaktiebolaget
1219 652 267 35 Transatlantic
1505 650 59 37 för
1583 651 275 48 uppehållande

660 702 117 36 under
805 705 89 34 åren
925 704 110 46 1913,
1068 704 98 35 1914
1194 702 70 37 och
1295 704 97 34 1915
1422 715 47 23 av
1488 702 256 49 regelbunden
1766 706 90 46 ång-

661 754 380 49 fartygsförbindelse
1083 754 136 36 mellan
1262 753 157 49 Sverige
1455 754 70 37 och
1554 754 216 37 Australien
1799 755 60 36 be-

660 806 138 48 viljade
824 806 133 49 anslag
987 820 45 22 av
1061 807 163 46 300,000
1253 806 139 36 kronor
1420 808 47 46 på
1496 811 106 31 extra
1630 811 75 31 stat
1734 806 58 37 för
1820 809 40 33 år

663 859 96 34 1915
789 859 130 35 anvisa
948 864 53 30 ett
1029 858 136 49 belopp
1195 871 47 23 av
1273 858 163 46 100,000
1465 858 148 36 kronor.

388 995 100 49 44:0)
531 996 129 37 Under
701 996 122 49 punkt
863 998 47 34 46
942 997 68 36 har
1037 997 143 47 Kungl.
1209 995 107 49 Maj:t
1346 996 196 48 föreslagit
1569 995 206 49 riksdagen
1804 1001 55 31 att

223 1049 91 47 till
343 1048 204 37 understöd
576 1048 59 37 för
663 1048 210 49 främjande
903 1062 47 22 av
979 1047 455 50 sjöfartsförbindelserna
1454 1048 136 36 mellan
1613 1047 158 49 Sverige
1787 1048 71 37 och

260 1100 304 37 Storbritannien
592 1100 114 36 bland
737 1101 45 35 de
810 1105 108 32 extra
946 1100 183 49 ansiagen
1157 1100 118 36 under
1303 1100 134 49 sjunde
1464 1099 238 37 huvudtiteln
1732 1100 58 36 för
1819 1103 39 33 år

262 1154 96 34 1915
387 1151 167 37 beräkna
582 1158 54 30 ett
664 1152 137 49 belopp
831 1165 45 23 av
908 1154 163 45 140,000
1100 1152 149 37 kronor.

389 1280 99 46 Över
530 1290 123 36 denna
695 1290 279 48 framställning
1014 1290 171 36 kommer
1212 1290 188 36 utskottet
1429 1295 53 31 att
1511 1290 200 36 framdeles
1740 1290 118 36 under

258 1342 204 49 riksdagen
501 1342 140 48 avgiva
677 1341 205 47 utlåtande,
915 1341 119 36 vilket
1061 1341 186 37 utskottet
1276 1341 123 37 skolat
1428 1342 221 48 härigenom
1679 1342 58 36 för
1763 1342 94 36 riks-

258 1394 124 49 dagen

789 1463 157 35 anmäla.

622 1617 263 44 Industri,
913 1618 273 37 hantverk
1215 1618 98 36 och
1341 1618 154 47 slöjd.

389 1721 99 47 45:0)
518 1721 141 47 Kungl.
689 1721 108 48 Maj:t
826 1722 67 34 har
921 1722 11 34 i
961 1722 211 47 punkterna
1200 1723 45 33 47
1278 1722 70 35 och
1368 1723 48 34 48
1438 1722 197 47 föreslagit
1653 1722 203 49 riksdagen

259 1779 56 30 att
342 1775 48 46 på
418 1778 107 30 extra
558 1778 76 30 stat
666 1773 58 35 för
756 1779 40 29 år
828 1775 95 33 1915
954 1772 140 48 bevilja
1122 1774 73 34 dels
1223 1775 122 33 såsom
1375 1773 136 47 bidrag
1539 1773 56 35 till
1624 1774 232 49 upprätthål-

259 1824 110 36 lande
403 1838 46 21 av
481 1824 207 36 vävskolan
717 1824 10 35 1
757 1824 117 36 Borås
903 1829 54 31 ett
985 1786 136 86 belopp
1164 1838 46 22 av
1240 1826 111 45 5,600
1394 1825 152 46 kronor,
1576 1825 119 36 under
1723 1825 135 36 villkor

260 1882 53 30 att
342 1876 81 35 från
452 1869 213 64 Älvsborgs
693 1876 82 36 läns
817 1875 196 48 landsting
1041 1876 88 36 eller
1157 1853 116 71 eljest
1291 1876 202 49 tillskjutes
1523 1882 51 30 ett
1602 1876 138 50 belopp
1762 1884 94 29 mot-

259 1927 184 36 svarande
471 1927 117 35 minst
615 1927 142 36 hälften
788 1941 45 22 av
863 1905 158 58 berörda
1050 1928 237 47 statsanslag,

388 1981 73 34 dels
498 1982 123 32 såsom
662 1979 135 48 bidrag
838 1979 56 35 till
931 1979 208 35 avlönande
1177 1992 45 22 av
1256 1992 46 21 en
1331 1979 115 36 andre
1474 1979 119 36 lärare
1621 1979 63 36 vid
1713 1993 143 22 samma

260 2030 107 36 skola
408 2036 52 29 ett
501 2030 136 48 belopp
677 2044 46 21 av
768 2031 108 45 1,500
919 2031 151 43 kronor,
1101 2030 118 36 under
1246 2030 134 36 villkor
1409 2036 54 30 att
1491 2031 198 36 enahanda
1717 2031 137 49 belopp

261 2081 132 35 varder
420 2081 60 35 för
509 2081 213 36 ändamålet
751 2082 80 34 från
862 2081 163 35 nämnda
1053 2081 191 48 landsting
1272 2081 88 36 eller
1389 2082 107 47 eljest
1525 2081 213 48 tillskjutet,

389 2134 73 34 dels
508 2134 61 33 ock
620 2135 122 33 såsom
793 2132 135 46 bidrag
969 2132 57 35 till
1066 2133 195 48 personlig
1301 2132 320 49 löneförbättring
1662 2133 59 35 för
1760 2134 95 35 före-

260 2183 200 37 ståndaren
490 2183 68 35 och
589 2183 117 36 förste
734 2183 145 36 läraren
902 2170 69 49 vid
1000 2183 127 36 skolan
1159 2183 143 35 Arthur
1332 2183 121 36 Krebs
1481 2162 136 57 under
1619 2198 46 21 av
1686 2184 170 49 departe-

261 2234 258 37 mentschefen
563 2234 216 36 omförmält
820 2234 135 36 villkor
991 2240 54 30 ett
1085 2234 137 48 belopp
1264 2248 46 22 av
1355 2236 71 34 750
1463 2235 139 35 kronor
1635 2236 69 35 och
1733 2242 120 30 såsom

347 2294 127 41 Bihang
498 2294 48 31 till
569 2294 186 41 riksdagens
777 2294 152 41 protokoll
953 2294 94 32 1914.
1095 2295 20 30 6
1137 2294 87 31 saml.
1267 2295 21 29 7
1310 2293 79 41 häft.
1435 2294 67 41 (Nr
1526 2294 44 40 7)
1792 2296 19 30 4

1881 252 143 25 Understöd
2043 254 41 24 till

1902 288 164 24 rederiaktie-

1880 322 99 32 bolaget
1990 324 94 24 Trans-

1900 358 109 24 atlantic
2022 360 42 29 för

1885 393 191 30 uppehållande

1889 435 32 16 av
1940 429 129 31 regelbun.

1896 464 49 23 den
1959 464 108 31 ångfar-

1904 499 154 30 tygsförbin-

1890 533 67 24 delse
1977 534 95 23 mellan

1895 568 103 32 Sverige
2022 570 44 22 och

1902 604 158 24 Australien.

1935 639 91 46 [45.]

1879 1020 145 24 Understöd
2041 1023 43 29 för

1876 1056 150 30 främjande
2052 1065 31 15 av

1894 1090 164 31 sjöfartsför-

1899 1125 163 25 bindelserna

1877 1160 95 24 mellan
1980 1161 102 32 Sverige

1894 1196 46 22 och
1955 1196 108 24 Storbri-

1920 1231 117 25 tannien.

1933 1267 93 45 [46.]

1900 1731 99 31 Bidrag
2019 1732 39 24 till

1917 1769 121 28 upprält-

1895 1801 121 24 hållande
2036 1810 31 16 av

1893 1837 141 23 vävskolan
2056 1838 10 22 i

1937 1871 92 24 Borås.

1876 1940 134 30 Personlig
2018 1941 65 24 löne-

1875 1976 157 30 förbättring
2057 1976 27 23 åt

1879 2010 201 29 föreståndaren

1875 2046 45 21 och
1928 2045 79 29 förste
2016 2045 68 24 lära.

1886 2087 46 15 ren
1951 2080 43 22 vid
2014 2083 57 20 väv-

1875 2113 92 24 skolan
1981 2115 8 22 i
2000 2115 83 23 Borås

1874 2149 31 23 AA.
1919 2149 83 23 Krebs
2017 2151 66 21 samt

1904 2184 153 22 biträdande

1900 2217 158 25 lärarinnan

1911 2253 136 23 därstädes

1934 2287 90 23 Hilma

1915 2322 131 25 Steniwall.

1907 2359 60 39 47,
1998 2359 75 45 18.]
