1898 2830
497 149 379 31 Jordbruksutskottets
901 149 176 32 utlåtande
1100 149 50 31 Nr
1182 151 49 30 12.
1570 146 39 31 23

413 232 197 37 mjölnaren
627 233 114 31 Edvin
760 233 164 31 Karlsson
940 233 57 31 för
1014 244 42 21 en
1074 234 197 31 saluvärdet
1289 235 244 31 motsvarande
1549 235 58 31 kö-

412 283 185 38 peskilling
618 293 43 21 av
684 284 98 35 6,600
806 285 137 35 kronor,
968 285 106 30 därav
1098 285 41 30 50
1163 285 131 31 kronor
1315 286 122 35 utgöra
1461 285 146 31 förskot-

413 335 97 29 terad
531 334 148 31 kostnad
700 334 57 31 för
778 335 227 37 avstyckning
1028 345 41 21 av
1092 335 208 36 fastigheten
1322 336 206 36 Emthyttan
1549 333 58 38 4'',

413 388 90 27 samt
523 386 110 30 under
652 385 126 31 villkor
798 386 11 30 i
828 386 119 36 övrigt,
971 389 49 28 att
1039 385 156 32 området
1216 386 107 37 jämte
1345 386 262 38 kvarnbyggna-

413 436 68 30 den
503 436 65 30 och
589 435 256 32 inventarierna
867 437 170 30 tillträdas
1058 437 11 30 i
1089 436 175 38 befintligt
1286 437 97 31 skick
1406 437 58 31 vid
1488 438 120 37 köpets

413 487 213 36 avslutande,
656 486 45 31 då
729 487 276 37 köpeskillingen
1032 488 145 31 kontant
1205 488 151 36 erlägges
1384 488 52 30 till
1462 489 145 36 länssty-

413 537 113 30 relsen
560 537 11 30 i
605 538 102 35 länet,
745 547 75 21 som
852 538 65 31 har
951 541 49 28 att
1024 538 140 32 utfärda
1189 539 184 36 köpebrev,
1397 542 50 28 att
1471 539 11 30 i
1505 539 104 37 köpet

413 597 44 21 av
496 588 319 37 kvarnbyggnaden
852 589 76 30 icke
966 588 99 38 ingår
1103 592 46 28 ett
1188 590 140 30 kronan
1367 589 181 38 tillhörigt,
1586 588 22 33 å

413 639 208 37 fastigheten
651 640 205 37 Emthyttan
885 637 47 33 4"
963 640 172 37 befintligt
1161 640 338 31 transformatorhus
1529 641 79 30 med

413 689 213 31 tillhörande
670 690 225 36 inventarier,
940 694 51 27 att
1033 691 321 36 kvarnbyggnaden
1400 691 91 31 skall
1524 700 83 22 vara

413 739 81 31 från
519 740 243 31 kvarntomten
787 741 177 30 avforslad
989 745 114 27 senast
1127 742 67 30 den
1223 743 13 29 1
1263 741 64 37 juli
1355 742 94 36 1942,
1476 745 49 28 att
1549 742 59 31 kö-

412 799 110 27 paren
549 791 214 31 omedelbart
793 791 85 31 efter
906 792 172 31 kvarnens
1109 791 192 39 avforsling
1329 792 280 37 iordningställer

413 841 243 31 kvarntomten
681 842 12 30 i
719 842 108 37 skick,
853 852 75 21 som
955 843 70 30 kan
1050 852 42 21 av
1116 843 258 31 vederbörande
1400 843 209 38 jägmästare

414 893 172 35 godtagas,
627 896 50 27 att
716 893 154 36 köparen
899 894 213 30 omedelbart
1139 893 88 32 efter
1255 894 121 36 köpets
1406 894 204 31 avslutande

413 942 212 37 ombesörjer
647 944 228 36 avstyckning
897 954 42 21 av
961 944 56 30 det
1038 944 9 30 i
1068 945 104 36 köpet
1195 943 167 37 ingående
1383 944 158 31 området
1562 954 44 21 av

410 992 208 37 fastigheten
649 993 204 37 Emthyttan
882 991 34 33 4"
946 994 57 31 för
1030 995 322 36 sammanläggning
1381 995 81 30 med
1492 994 115 38 fastig-

413 1043 103 31 heten
541 1043 204 37 Emthyttan
771 1041 57 39 4"',
855 1047 49 28 att
929 1045 154 36 köparen
1109 1046 39 30 är
1173 1045 136 39 skyldig
1333 1044 71 32 tåla
1429 1046 43 30 de
1496 1045 111 37 jämk-

411 1094 125 36 ningar
553 1094 11 30 i
583 1095 55 30 det
657 1094 156 32 försålda
830 1095 174 31 områdets
1022 1096 101 36 areal,
1142 1096 142 36 gränser
1301 1096 65 30 och
1387 1095 108 37 eljest,
1514 1096 93 31 vilka

412 1145 122 30 kunna
557 1145 143 31 komma
725 1148 50 28 att
799 1146 210 31 bestämmas
1034 1146 57 31 vid
1115 1147 156 31 nämnda
1296 1147 237 39 avstyckning,
1559 1150 50 28 att

411 1194 234 33 kostnaderna
669 1195 57 31 för
750 1197 236 36 avstyckning,
1013 1196 125 37 lagfart
1164 1197 65 30 och
1256 1197 118 38 övriga
1399 1198 80 30 med
1504 1198 104 36 köpet

413 1245 171 31 förenade
612 1246 147 36 utgifter
789 1247 98 31 skola
916 1247 173 31 bestridas
1118 1257 44 21 av
1192 1248 168 36 köparen,
1390 1251 50 29 att
1470 1248 56 31 det
1553 1249 53 30 rö-

409 1297 110 31 rande
538 1297 204 36 lägenheten
764 1297 322 38 Skinnskattebergs
1108 1299 112 31 kvarn
1242 1309 48 20 nu
1312 1299 159 36 gällande
1493 1309 114 21 arren-

413 1347 243 31 dekontraktet
686 1348 90 31 skall
806 1349 161 36 upphöra
996 1352 48 28 att
1074 1349 90 36 gälla
1194 1350 67 30 den
1295 1350 14 29 1
1340 1350 141 36 januari
1514 1350 93 35 1941,

412 1401 91 27 samt
523 1401 50 27 att
592 1398 156 36 köparen
770 1399 65 30 och
855 1399 167 31 framtida
1043 1400 100 35 ägare
1165 1409 43 21 av
1231 1399 153 32 området
1405 1401 99 30 skola
1526 1409 81 22 vara

410 1447 159 37 skyldiga
590 1451 49 28 att
659 1448 71 31 tåla
750 1449 109 31 skada
880 1450 66 30 och
967 1449 144 37 intrång,
1134 1459 76 21 som
1232 1450 199 31 förorsakas
1453 1450 155 32 området

412 1506 125 28 genom
557 1499 71 30 dels
649 1508 42 21 en
713 1500 82 30 över
815 1499 193 31 detsamma
1029 1499 223 37 framdragen
1274 1501 249 30 domänverket
1542 1500 64 31 till-

411 1548 101 38 hörig
533 1547 162 32 elektrisk
716 1549 149 37 ledning,
887 1550 73 30 dels
981 1550 65 30 ock
1068 1550 167 37 dämning
1256 1560 43 21 av
1320 1550 77 37 sjön
1419 1545 91 37 Övre
1531 1551 75 31 Vet-

406 1601 79 28 tern
504 1599 51 30 till
577 1609 47 21 nu
645 1599 183 36 medgiven
850 1599 96 37 höjd.

144 1697 53 40 26)
231 1698 122 36 Kungl.
384 1698 119 37 Maj:ts
532 1699 127 38 förslag
685 1701 112 30 under
825 1702 111 36 punkt
965 1702 78 30 26:0
1072 1702 146 30 innebär
1244 1702 278 37 bemyndigande
1549 1703 54 30 för

102 1748 122 37 Kungl.
248 1748 102 38 Maj:t
372 1752 50 28 att
445 1749 145 37 försälja
610 1751 41 30 de
674 1752 97 29 delar
793 1762 41 20 av
855 1753 137 29 kronan
1015 1752 172 37 tillhöriga
1213 1753 226 36 stadsägorna
1461 1762 42 22 nr
1528 1754 73 35 887,

101 1799 62 30 888
190 1799 67 30 och
282 1799 60 31 891
371 1800 11 30 i
407 1800 160 31 Västerås
593 1801 85 36 stad,
704 1802 52 30 till
782 1802 108 30 vilkas
918 1803 203 36 avyttrande
1146 1803 184 36 riksdagen
1356 1804 76 30 icke
1459 1804 143 37 tidigare

100 1849 133 31 lämnat
254 1849 59 31 sitt
333 1850 239 36 medgivande.

143 1899 227 31 Beträffande
399 1900 114 30 denna
543 1901 256 36 framställning
825 1902 159 30 kommer
1011 1903 164 30 utskottet
1204 1906 50 27 att
1283 1905 185 29 framdeles
1497 1905 110 30 under

102 1948 184 37 riksdagen
311 1950 122 36 avgiva
457 1949 186 37 utlåtande,
670 1951 107 31 vilket
803 1953 166 29 utskottet
995 1953 200 36 härigenom
1224 1954 89 30 velat
1339 1954 55 30 för
1418 1954 184 37 riksdagen

719 2053 148 29 anmäla.

142 2148 13 29 I
174 2148 150 36 enlighet
340 2150 79 29 med
437 2150 122 36 Kungl.
578 2151 118 35 Maj:ts
715 2152 129 36 förslag
861 2153 111 30 under
989 2154 109 35 punkt
1117 2155 78 29 27:o
1215 2155 197 30 hemställer
1430 2153 176 44 utskottet,

451 2253 49 27 att
527 2250 182 36 riksdagen
739 2251 58 31 må
824 2253 168 34 medgiva,

454 2299 52 38 27)
546 2303 48 26 att
617 2301 243 35 kronoparken
884 2302 134 37 Limön,
1042 2304 215 29 omfattande
1280 2306 184 33 stadsägan
1488 2306 62 29 275
1570 2303 31 31 F

409 2350 63 28 276
499 2361 30 2 +
555 2351 60 28 277
641 2351 35 35 +
701 2352 64 28 278
785 2349 30 30 +
834 2353 62 28 279
914 2349 31 31 +
965 2354 62 28 280
1047 2350 30 30 +
1096 2354 59 28 281
1178 2351 31 31 +
1229 2355 62 28 282
1309 2352 35 35 +
1359 2355 64 29 283
1439 2352 31 31 +
1488 2356 63 29 284
1570 2353 31 31 +

412 2400 62 29 285
502 2412 30 2 +
554 2402 62 27 286
641 2399 31 24 +
694 2402 62 28 287
777 2402 76 29 med
872 2403 113 29 därtill
1008 2403 152 29 hörande
1181 2404 136 30 holmar
1334 2405 64 29 och
1417 2406 81 29 skär
1516 2404 86 36 jäm-

411 2453 30 27 te
465 2451 294 36 vattenområden,
780 2452 59 30 allt
859 2452 94 30 inom
977 2453 102 30 Gävle
1100 2455 75 29 stad
1197 2454 10 30 i
1230 2454 207 37 Gävleborgs
1457 2456 68 37 län,
1548 2455 57 31 må
