1884 2828
541 148 276 31 Statsutskottets
842 148 177 32 utlåtande
1042 148 50 31 Nr
1118 149 70 31 194.
1581 145 36 31 11

465 231 31 41 c)
525 233 187 36 godkänna
728 233 43 30 de
789 242 43 21 av
847 232 384 38 departementschefen
1248 233 187 31 förordade
1454 234 165 36 grunder-

417 293 46 22 na
483 283 54 32 för
558 283 222 38 användning
801 293 41 21 av
862 283 155 31 nämnda
1038 283 360 38 reservationsanslag.

157 384 201 32 Stockholm
376 384 69 31 den
467 385 14 29 1
504 384 75 38 juni
601 384 94 31 1937.

613 485 50 31 På
681 486 267 30 statsutskottets
967 486 141 36 vägnar:

636 553 177 31 ANDERS
837 552 253 32 ANDERSON.

144 769 197 26 Närvarande:
362 776 29 19 se
412 769 91 26 under
526 769 158 26 utlåtandet
705 777 34 17 nr
763 770 57 24 193.

712 977 303 34 Reservation

153 1075 44 20 av
229 1066 123 30 herrar
384 1065 200 30 Johansson
619 1065 11 30 i
665 1065 259 37 Fredrikslund,
960 1064 142 31 Nilsson
1135 1065 11 30 i
1180 1065 195 37 Landeryd,
1400 1066 219 36 Hörstadius,

109 1115 125 39 Domö,
254 1116 148 30 Persson
422 1116 11 30 i
454 1115 99 31 Falla
572 1116 66 30 och
663 1115 124 31 Olsson
807 1116 11 30 i
840 1116 161 36 Staxäng,
1024 1116 93 30 vilka
1138 1118 121 34 ansett,
1281 1119 50 28 att
1350 1117 183 30 utskottets
1554 1119 64 35 ytt-

110 1167 108 30 rande
237 1167 80 30 bort
334 1167 92 30 hava
443 1166 159 37 följande
621 1167 142 36 lydelse:

158 1226 71 30 »De
244 1226 179 30 allmänna
437 1244 44 4 —
496 1243 45 3 —
555 1243 46 4 —
617 1225 118 37 Maj:ts
754 1226 139 37 förslag.

155 1276 142 31 Liksom
321 1277 113 30 under
457 1295 44 4 —
524 1294 46 3 —
592 1294 45 4 —
661 1275 226 38 Lyckebyåns
913 1276 178 37 reglering.
1142 1275 49 32 På
1217 1277 67 31 sätt
1309 1277 165 31 utskottet
1496 1277 12 30 i
1531 1276 88 32 utlå-

111 1327 118 31 tandet
258 1327 150 31 rörande
437 1327 154 37 anslaget
620 1327 52 31 till
699 1328 356 37 beredskapsarbeten
1085 1328 175 30 utvecklat
1288 1329 65 30 och
1384 1329 80 30 med
1493 1329 126 30 under-

109 1378 189 36 strykande
320 1388 44 20 av
384 1378 44 31 de
447 1378 226 37 synpunkter,
697 1388 75 21 som
792 1378 181 31 framförts
995 1379 11 30 i
1026 1379 220 30 motionerna
1266 1379 28 30 I:
1311 1380 62 30 108
1394 1380 66 30 och
1484 1379 44 31 II:
1544 1381 74 34 217,

109 1428 60 31 vill
189 1430 167 29 utskottet
378 1430 122 29 utöver
520 1428 69 31 den
611 1427 146 32 sålunda
780 1428 203 38 ifrågasatta
1007 1429 381 38 medelsdispositionen
1409 1430 58 31 för
1490 1430 129 36 Lycke-

108 1477 111 38 byåns
243 1478 177 37 reglering,
445 1479 118 30 vilken
584 1480 165 30 utskottet
772 1479 32 36 ej
829 1480 59 30 vill
911 1481 165 29 motsätta
1101 1480 58 36 sig,
1185 1480 143 31 förorda
1353 1483 49 28 att
1425 1490 42 20 av
1490 1490 129 21 reserv-

110 1530 272 36 arbetsanslaget
402 1530 113 30 medel
536 1529 52 30 till
610 1533 49 27 ett
680 1530 125 37 belopp
828 1540 42 21 av
894 1531 103 36 högst
1021 1531 141 35 500,000
1187 1532 131 29 kronor
1339 1530 55 31 stå
1418 1531 51 30 till
1494 1531 123 36 Kungl.

110 1580 119 38 Maj:ts
246 1580 207 36 förfogande
472 1580 56 30 för
547 1580 200 36 främjande
765 1590 43 21 av
824 1581 136 30 enskild
977 1581 271 36 företagsamhet
1266 1582 81 30 med
1365 1582 149 30 särskild
1532 1582 87 30 hän-

110 1640 64 28 syn
199 1634 102 33 tagen
325 1630 52 31 till
403 1629 215 32 önskemålet
642 1634 49 27 att
717 1631 11 30 i
754 1632 42 29 de
821 1634 129 28 utsatta
978 1631 189 31 områdena
1193 1632 166 31 befordra
1384 1633 235 37 uppkomsten

110 1691 42 21 av
174 1680 234 32 småindustri.

154 1732 50 30 Av
224 1733 67 29 den
308 1750 44 3 —
367 1749 45 3 —
427 1749 45 4 —
493 1732 44 30 II:
552 1732 19 29 3
592 1732 65 30 och
677 1733 48 29 4.»
