2146 2624
589 193 363 41 Bevillningsutskottets
975 191 214 33 Betänkande
1211 190 65 32 N:o
1299 190 54 31 26.
1690 186 37 31 17

162 279 209 36 kurrenten
412 276 57 37 till
510 274 107 50 dylik
657 272 155 51 potatis,
839 272 70 36 har
936 270 96 37 efter
1060 268 241 50 majstullens
1328 266 200 38 införande
1557 280 46 24 en
1632 279 138 33 annan,

162 329 58 37 till
249 329 71 37 och
349 327 87 38 med
464 326 180 48 farligare
673 323 237 37 konkurrent
935 324 186 47 uppstått,
1149 318 195 49 nämligen
1369 318 73 36 den
1458 317 155 37 tullfritt
1631 316 140 50 impor-

162 379 133 38 terade
336 379 114 49 tyska
477 376 206 51 potatisen,
712 387 82 23 som
822 373 102 36 visat
951 373 59 47 sig
1038 371 156 50 mycket
1221 383 106 23 mera
1354 367 248 38 stärkelserik
1630 372 48 32 än
1705 370 67 33 vår

166 444 100 35 egen
306 429 142 50 potatis
492 428 72 37 och
600 429 49 47 på
688 424 126 49 grund
843 423 42 37 af
910 422 395 50 öfverproduktionen
1332 420 12 36 i
1372 418 198 50 Tyskland
1598 418 68 36 här
1694 418 75 36 kan

167 481 223 48 salubjudas
417 480 59 36 för
504 475 276 50 exceptionellt
809 474 131 47 billiga
967 474 135 48 priser.

298 533 18 36 I
344 529 185 39 samband
571 527 87 36 med
701 525 147 48 förslag
883 524 58 37 till
982 523 241 49 majstullens
1252 519 235 39 afskaffande
1516 519 73 37 och
1609 518 165 37 särskild

166 583 124 36 skatts
332 579 198 40 åsättande
571 581 20 34 å
615 578 66 36 det
707 576 201 45 brännvin,
943 588 80 23 som
1053 575 42 36 af
1114 573 98 49 majs
1235 571 269 48 frambringas,
1532 570 70 36 har
1629 569 144 49 Kungl.

166 633 108 48 Maj:t
309 632 146 50 jemväl
494 629 198 48 föreslagit
732 626 152 49 förhöjd
923 626 103 36 skatt
1052 626 60 36 för
1140 623 199 46 brännvin,
1369 635 81 23 som
1478 620 230 37 framställes
1738 619 41 38 af

167 683 234 50 importerad
442 680 153 51 potatis.
651 681 67 34 Att
746 676 216 38 emellertid
989 676 65 36 vid
1081 674 251 48 företagande
1360 673 42 37 af
1427 685 48 23 en
1503 671 107 50 dylik
1639 671 137 49 åtgärd

170 736 297 37 statsmakterna
507 732 32 47 ej
583 743 119 35 gerna
740 730 93 35 böra
866 728 126 35 lämna
1020 727 74 36 den
1123 726 119 37 andra
1269 725 78 36 lika
1373 722 148 49 viktiga
1547 722 230 48 förädlings-

167 785 214 38 industrien
410 803 49 5 —
487 795 82 23 som
598 780 195 37 använder
819 779 62 36 väl
909 781 42 33 så
979 778 155 48 mycket
1162 776 141 49 potatis
1330 794 50 5 —
1408 777 20 33 å
1452 773 95 46 sido,
1564 785 114 36 synes
1698 773 80 48 mig

168 838 109 47 ligga
304 838 10 35 i
344 842 127 43 öppen
499 833 86 46 dag.
640 831 75 36 Det
743 830 123 44 gäller
892 841 50 24 nu
971 828 159 36 likasom
1161 827 111 49 eljest
1300 825 144 36 medels
1472 824 118 37 andra
1614 823 164 49 skydds-

169 888 179 47 åtgärder
390 892 55 30 att
487 881 235 38 fortfarande
765 880 142 37 bereda
947 892 46 23 en
1036 879 63 36 del
1127 878 42 37 af
1192 881 83 34 vårt
1297 876 202 49 jordbruk,
1524 875 69 37 här
1620 869 158 58 potatis-

171 938 195 49 odlingen,
395 934 202 50 möjlighet
624 937 55 31 att
707 932 166 36 existera
901 935 95 43 gent
1015 935 102 31 emot
1137 927 293 47 öfvermäktiga,
1449 925 206 37 utländska
1674 925 105 36 med-

169 990 155 36 täflares
355 988 40 37 af
418 991 165 32 naturen
610 982 182 50 gynnade
820 981 244 50 produktion.

304 1040 106 37 Huru
442 1037 105 37 detta
575 1033 126 49 skydd
728 1032 220 49 lämpligast
974 1031 68 37 bör
1070 1030 297 45 åstadkommas,
1397 1032 40 32 är
1465 1027 120 47 enligt
1607 1026 79 37 min
1704 1039 76 24 me-

169 1092 96 48 ning
305 1092 33 47 ej
384 1102 78 35 nog
500 1085 141 47 utredt,
684 1084 73 36 och
797 1083 48 37 då
872 1082 187 37 rättvisan
1087 1081 167 46 kräfver,
1282 1085 55 31 att
1364 1077 328 51 potatisodlingen
1721 1077 59 36 för

171 1142 179 38 tekniska
379 1137 119 40 behof
520 1156 50 4 —
597 1148 92 24 vare
718 1135 63 47 sig
808 1133 222 37 densamma
1057 1132 101 37 afser
1185 1129 312 50 frambringande
1526 1128 43 37 af
1593 1127 187 37 stärkelse

172 1193 92 38 eller
292 1193 40 37 af
355 1188 188 39 brännvin
569 1210 51 4 —
647 1185 167 37 erhåller
840 1183 195 49 nöjaktigt
1063 1182 127 49 skydd
1219 1189 80 29 mot
1326 1179 181 38 utländsk
1526 1179 255 46 konkurrens,

173 1247 119 44 vågar
315 1243 71 48 jag
414 1239 195 38 vördsamt
636 1235 217 47 hemställa,

679 1342 55 30 att
771 1335 219 47 Riksdagen
1031 1337 117 34 måtte
1190 1333 149 37 besluta
1372 1337 55 31 att
1453 1331 12 36 i
1493 1330 205 37 skrifvelse
1726 1329 58 36 till

579 1387 143 49 Kungl.
746 1386 107 48 Maj:t
881 1385 162 46 anhålla,
1072 1384 67 36 det
1165 1384 150 36 täcktes
1344 1381 141 49 Kungl.
1506 1381 107 47 Maj:t
1631 1380 77 36 låta
1725 1385 59 30 ut-

578 1440 103 46 reda,
705 1437 187 37 huruvida
915 1436 72 36 och
1009 1438 49 46 på
1081 1434 101 37 hvad
1206 1439 76 32 sätt
1305 1433 125 49 skydd
1453 1435 61 33 må
1530 1431 164 38 beredas
1711 1430 74 37 den

575 1489 173 38 svenska
775 1486 338 51 potatisodlingen,
1142 1485 69 36 der
1238 1485 127 36 denna
1391 1496 94 35 eger
1512 1495 82 23 rum
1624 1482 59 36 för
1701 1482 83 36 tek-

577 1542 113 36 niska
730 1538 127 47 behof,
902 1543 98 31 samt
1038 1536 167 37 därefter
1244 1535 57 37 till
1342 1533 221 48 Riksdagen
1590 1533 195 36 inkomma

578 1591 88 38 med
696 1591 47 36 de
772 1589 159 47 förslag,
961 1601 81 23 som
1071 1587 42 37 af
1136 1586 258 47 utredningen
1421 1584 251 37 föranledas.»

313 1847 142 37 Herrar
498 1838 144 54 Östberg
682 1842 70 36 och
794 1842 45 35 K.
884 1840 42 38 G.
967 1840 174 36 Karlsson
1170 1837 116 36 hafva
1313 1836 137 49 begärt
1476 1835 38 36 få
1541 1833 246 47 antecknadt,

180 1905 55 32 att
274 1899 47 36 de
361 1897 86 37 icke
481 1894 161 48 deltagit
675 1893 11 36 i
715 1892 73 36 den
817 1890 155 49 slutliga
1000 1888 291 48 behandlingen
1319 1886 41 37 af
1383 1886 105 37 detta
1516 1884 140 37 ärende
1684 1884 103 37 inom

179 1950 200 37 utskottet.

268 2304 75 33 Bih.
368 2303 48 32 till
440 2302 112 32 Riksd.
577 2301 86 32 Prot.
688 2301 100 31 1903.
833 2300 20 29 5
877 2296 100 33 Saml.
1013 2299 6 28 1
1044 2295 70 42 Afd
1148 2296 46 31 20
1221 2294 91 40 Häft.
1729 2290 19 30 3
