2196 2624
166 719 95 23 Första
280 718 72 24 kam-

157 759 102 17 marens
267 752 91 24 beslut.

184 920 143 24 Utskottet.

381 211 38 31 10
635 215 111 27 Andra
768 215 186 29 kammarens
972 213 143 38 första
1139 217 149 37 tillfälliga
1313 218 122 28 utskotts
1458 219 153 29 utlåtande
1634 220 48 28 Nr
1708 221 48 29 13.

483 290 127 36 Under
638 291 235 48 åberopande
901 305 44 22 av
974 292 69 35 vad
1072 294 181 35 utskottet
1281 295 155 35 sålunda
1463 294 125 37 anfört
1617 296 56 36 får
1696 298 183 35 utskottet
1897 299 105 35 hem-

379 343 117 42 ställa,
526 347 53 30 att
606 340 116 37 första
749 342 214 35 kammaren
994 346 113 33 måtte
1135 343 148 37 besluta
1311 350 55 30 att
1394 345 12 35 i
1433 346 177 35 skrivelse
1639 348 59 34 till
1727 348 138 48 Kungl.
1892 349 109 47 Maj:t

379 392 159 45 anhålla,
566 397 53 30 att
647 392 137 48 Kungl.
812 392 106 48 Maj:t
946 394 139 35 täcktes
1113 395 74 34 låta
1214 396 199 35 verkställa
1442 396 205 49 utredning
1675 410 59 23 om
1765 399 75 36 dels
1868 402 46 45 på
1933 400 70 35 vad

379 447 73 31 sätt
492 442 62 35 det
583 441 69 36 fria
680 442 70 36 och
779 441 177 50 frivilliga
984 443 419 50 folkbildningsarbetet
1431 446 67 35 bör
1526 448 192 47 omläggas
1746 450 70 34 och
1851 451 150 34 utveck-

378 494 54 35 las
474 492 58 36 för
573 498 54 30 att
669 494 122 35 bättre
831 495 126 34 kunna
985 493 91 50 fylla
1103 496 57 34 sin
1189 495 152 48 uppgift
1368 501 53 30 att
1449 500 47 32 nå
1523 498 123 35 vidast
1673 499 154 48 möjliga
1861 501 143 35 kretsar

379 557 43 22 av
460 543 45 35 de
537 543 356 48 bildningssökande
921 545 12 34 i
961 547 81 33 vårt
1068 546 87 35 land
1184 546 71 35 och
1283 548 110 34 verka
1421 547 159 47 höjande
1609 551 47 45 på
1684 548 136 37 folkets
1848 550 150 48 andliga

379 594 68 35 och
488 593 140 49 fysiska
669 594 113 44 hälsa,
826 595 74 35 dels
941 595 97 35 huru
1078 597 286 35 statsmakterna
1391 598 82 34 bäst
1501 598 102 35 skola
1631 599 127 35 kunna
1786 600 118 46 stödja
1933 602 69 34 och

380 643 134 48 främja
541 643 283 48 ifrågavarande
853 645 157 36 arbete.»

481 711 129 35 Denna
638 713 201 34 utskottets
868 712 221 36 hemställan
1118 713 65 35 har
1211 726 44 23 av
1280 713 115 37 första
1414 715 214 36 kammaren
1651 715 168 44 bifallits,
1839 717 163 36 varefter

378 761 161 36 beslutet
575 762 176 47 delgivits
779 762 115 35 andra
922 763 226 44 kammaren,
1178 777 78 22 som
1286 766 206 34 remitterat
1520 766 154 35 ärendet
1702 766 60 36 till
1791 768 66 35 sitt
1886 766 116 37 första

378 812 189 48 tillfälliga
596 813 154 35 utskott.

482 913 189 36 Utskottet
705 915 70 34 kan
804 914 11 35 i
844 915 66 34 allt
937 916 201 47 väsentligt
1165 916 200 35 instämma
1394 917 11 34 i
1434 917 70 35 vad
1533 916 116 36 första
1677 918 234 35 kammarens
1941 925 58 29 ut-

378 965 98 34 skott
503 966 11 33 i
543 964 204 48 anledning
774 978 43 22 av
846 964 241 37 förevarande
1116 967 183 34 motioner
1327 965 134 37 anfört.
1518 967 13 35 I
1561 967 82 35 dess
1673 968 193 35 utlåtande
1894 969 106 35 beto-

376 1027 66 22 nas
481 1016 127 40 starkt,
651 1019 54 31 att
738 1014 62 36 det
828 1016 12 33 i
869 1016 234 35 motionerna
1131 1016 160 35 avsedda
1320 1016 420 49 folkbildningsarbetet
1767 1017 234 38 fortfarande

378 1077 78 23 som
498 1065 136 35 hittills
675 1064 68 36 bör
785 1065 77 36 helt
891 1067 72 34 vila
991 1069 46 45 på
1065 1065 290 49 frivillighetens
1383 1067 135 48 grund,
1548 1068 68 35 och
1645 1073 54 30 att
1727 1073 140 31 statens
1895 1070 103 35 med-

377 1116 137 35 verkan
556 1116 66 35 allt
663 1114 233 37 fortfarande
933 1116 67 36 bör
1028 1116 200 49 begränsas
1256 1118 59 34 till
1343 1122 54 30 att
1424 1131 87 22 vara
1539 1119 236 35 ekonomiskt
1803 1119 198 47 stödjande

377 1171 95 30 samt
500 1165 226 49 rådgivande
754 1167 68 35 och
850 1167 314 35 kontrollerande.
1220 1168 15 34 I
1264 1169 222 47 anslutning
1513 1169 58 34 till
1600 1168 105 36 detta
1725 1169 191 36 uttalande
1936 1183 62 22 av-

376 1217 95 35 visas
499 1216 160 36 bestämt
686 1216 139 36 tanken
853 1220 46 44 på
927 1230 45 22 en
1001 1217 112 36 sådan
1142 1219 225 47 utveckling,
1397 1224 54 30 att
1479 1219 44 36 de
1543 1218 59 36 för
1622 1219 123 36 denna
1763 1220 236 36 verksamhet

376 1266 182 36 anställda
585 1268 291 34 konsulenterna
903 1266 84 36 från
1015 1272 54 31 att
1097 1281 85 22 vara
1211 1268 227 48 rådgivande
1467 1270 69 35 och
1556 1269 302 37 kontrollerande
1879 1270 121 36 skulle

378 1315 209 37 förvandlas
615 1318 57 34 till
701 1322 55 30 att
785 1317 51 35 bli
865 1331 46 22 en
939 1319 139 34 central
1107 1318 156 48 ledning
1292 1318 58 36 för
1379 1318 420 50 folkbildningsarbetet
1827 1321 90 35 eller
1944 1327 54 29 att

377 1380 45 22 en
450 1367 112 35 sådan
592 1367 154 48 ledning
774 1368 108 47 eljest
909 1369 167 35 kommer
1103 1370 58 34 till
1189 1369 119 35 stånd.

479 1417 191 36 Utskottet
698 1418 102 35 delar
828 1418 122 36 denna
978 1421 153 46 mening
1159 1432 84 23 men
1272 1432 106 23 anser
1406 1421 56 46 sig
1489 1420 133 36 därvid
1650 1421 95 36 dock
1772 1421 90 35 böra
1882 1420 114 36 fram-

376 1468 109 42 hålla,
515 1473 56 30 att
598 1469 311 35 konsulenternas
938 1469 228 48 rådgivande
1194 1470 238 35 verksamhet
1460 1472 116 47 enligt
1605 1472 199 35 utskottets
1833 1471 165 47 uppfatt-

375 1519 91 47 ning
494 1518 133 36 hittills
655 1518 71 36 fått
755 1518 125 36 alltför
905 1520 147 48 mycket
1072 1523 55 32 stå
1147 1520 167 43 tillbaka,
1333 1520 100 35 detta
1449 1523 202 45 väsentligt
1666 1520 186 36 beroende
1868 1521 127 47 därpå,

375 1573 54 31 att
468 1568 46 37 de
554 1570 31 46 ej
626 1570 95 34 varit
750 1573 39 31 så
817 1570 189 42 avlönade,
1037 1575 53 30 att
1118 1570 45 35 de
1192 1572 143 33 kunnat
1363 1571 76 34 helt
1468 1583 95 35 egna
1591 1573 58 46 sig
1677 1574 37 32 åt
1743 1573 57 33 sin
1831 1571 164 48 uppgift.

375 1619 14 34 I
418 1632 140 22 samma
586 1623 85 32 mån
700 1632 78 23 som
807 1619 416 48 folkbildningsarbetet
1250 1620 141 48 vidgas,
1420 1621 148 35 komma
1596 1627 91 30 utan
1716 1622 112 35 tvivel
1857 1623 139 34 konsu-

374 1670 168 35 lenterna
578 1675 55 30 att
670 1670 66 35 allt
764 1682 78 23 mer
869 1676 104 41 tagas
1001 1671 11 33 i
1041 1671 159 46 anspråk
1229 1682 79 23 som
1337 1670 194 48 rådgivare
1559 1672 68 34 och
1657 1671 52 35 bli
1737 1671 216 49 därigenom
1983 1675 11 32 i

374 1721 74 35 viss
477 1723 84 32 mån
595 1720 123 36 ledare
746 1719 57 36 för
831 1720 295 36 verksamheten.
1181 1720 63 35 Ett
1272 1727 169 29 närmare
1469 1721 206 36 samarbete
1703 1722 292 36 konsulenterna

374 1771 156 46 emellan
559 1770 107 36 torde
694 1770 47 36 då
769 1771 67 34 ock
864 1771 52 35 bli
945 1784 42 22 av
1016 1770 160 37 behovet
1204 1771 174 48 påkallat.

475 1819 118 37 Annu
622 1820 232 37 bestämdare
882 1821 66 35 har
976 1819 116 37 första
1119 1822 215 35 kammaren
1363 1823 139 34 avvisat
1530 1823 137 35 tanken
1695 1826 48 44 på
1762 1823 235 35 anställande

373 1884 44 22 av
445 1871 179 36 särskilda
651 1872 227 47 tjänstemän
905 1873 102 34 inom
1036 1873 281 34 kommunerna.
1372 1872 52 36 De
1453 1873 89 42 skäl,
1572 1885 79 24 som
1680 1873 143 36 anförts
1851 1880 77 29 mot
1948 1886 45 22 en

373 1921 113 35 sådan
527 1922 142 48 åtgärd,
699 1935 110 35 synas
850 1922 263 48 övertygande.
1172 1922 81 36 Den
1281 1924 121 34 lokala
1429 1923 201 48 ledningen
1659 1923 66 35 bör
1753 1937 77 22 som
1861 1924 135 35 hittills

372 1972 101 45 ligga
515 1972 67 35 hos
623 1972 45 35 de
709 1972 179 48 frivilliga
929 1972 151 43 krafter,
1124 1986 78 22 som
1232 1974 101 35 inom
1361 1973 44 35 de
1434 1973 182 36 särskilda
1643 1975 350 46 organisationerna

373 2021 193 37 befunnits
594 2023 188 48 lämpliga.
813 2022 190 36 Utskottet
1021 2024 65 34 vill
1105 2023 209 36 emellertid
1334 2024 66 34 här
1419 2023 95 36 fästa
1535 2025 378 47 uppmärksamheten
1934 2026 58 44 på,

372 2078 53 30 att
465 2073 105 35 dessa
612 2072 179 48 frivilliga
832 2072 139 36 krafter
1005 2074 188 47 svårligen
1221 2074 12 34 i
1261 2073 162 48 längden
1451 2074 128 35 kunna
1607 2075 183 48 påräknas
1818 2086 81 23 som
1929 2080 62 28 vä-

371 2123 186 47 sentligen
586 2123 214 36 oavlönade.
855 2122 124 37 Oftast
1007 2123 148 36 befinna
1184 2125 57 47 sig
1269 2124 106 35 dessa
1406 2125 11 33 i
1451 2137 45 22 en
1518 2124 113 36 sådan
1652 2124 217 36 ekonomisk
1888 2124 103 34 ställ-

371 2175 103 46 ning,
517 2179 55 29 att
612 2172 45 36 de
699 2174 32 45 ej
775 2192 48 4 —
856 2179 96 30 trots
981 2179 53 30 ett
1061 2174 156 35 levande
1246 2175 158 35 intresse
1432 2194 47 4 —
1509 2176 127 34 kunna
1665 2183 89 27 utan
1782 2175 211 47 ersättning

371 2222 95 37 offra
505 2223 54 36 tid
601 2224 66 35 och
712 2223 139 36 krafter
884 2226 10 33 i
924 2224 60 36 det
1013 2223 177 49 frivilliga
1219 2224 435 46 folkbildningsarbetets
1683 2225 128 47 tjänst.
1866 2223 53 36 De
1948 2238 44 22 av

369 2279 121 30 staten
518 2273 184 48 beviljade
730 2275 175 46 anslagen
934 2274 107 36 torde
1069 2274 126 36 därför
1223 2274 90 37 böra
1342 2279 90 44 utgå
1462 2275 118 36 under
1608 2274 136 36 sådana
1772 2274 145 44 villkor,
1938 2280 54 30 att
