2244 2612
234 1573 160 35 Övergångs-

279 1614 59 21 stat.

264 1653 94 46 [28.]

435 192 40 31 26
943 194 258 32 Statsutskottets
1222 196 167 31 utlåtande
1410 197 54 30 Nr
1484 200 30 28 5.

437 276 257 49 ersättningar
721 277 73 36 och
821 277 57 37 till
905 278 224 49 avlöningar
1156 279 59 37 till
1241 279 291 38 icke-ordinarie
1551 281 377 50 befattningshavare
1948 285 86 36 med

437 328 217 49 respektive
695 329 114 47 5,000
851 330 70 36 och
952 331 137 47 10,000
1118 331 141 36 kronor
1287 331 81 37 dels
1397 332 71 41 ock
1497 332 183 50 slutligen
1707 347 48 23 en
1784 335 250 50 nedsättning

437 392 47 23 av
513 379 176 49 anslaget
715 380 58 37 till
801 381 154 49 »övriga
983 382 207 37 kostnader
1218 383 59 37 för
1305 383 159 37 driften»
1493 384 89 37 med
1609 386 138 45 35,000
1768 386 153 37 kronor.
1950 388 84 37 Vad

435 430 141 49 Kungl.
618 431 109 48 Maj:t
767 432 158 37 sålunda
957 433 11 36 i
997 433 99 37 olika
1123 434 245 38 hänseenden
1398 435 199 49 föreslagit
1623 437 206 50 riksdagen
1856 438 68 38 har
1950 438 83 38 icke

435 482 98 49 givit
560 483 190 37 utskottet
777 484 212 49 anledning
1016 484 58 38 till
1102 486 163 36 erinran.

540 534 302 38 Vidkommande
871 536 165 37 härefter
1063 537 140 49 Kungl.
1234 538 126 49 Maj:ts
1387 538 145 50 förslag
1559 539 12 36 i
1598 540 108 49 fråga
1734 554 62 23 om
1825 541 132 49 anslag
1976 542 57 37 till

434 587 461 47 tvångsarbetsanstalten
922 589 12 35 i
953 588 252 38 Landskrona
1223 590 160 37 innebär
1402 591 119 48 sagda
1540 591 156 49 förslag,
1716 593 75 36 vad
1811 594 220 49 avlönings-

435 641 125 33 staten
588 641 129 46 angår,
746 644 56 31 att
830 639 298 49 anslagsposten
1157 642 59 36 för
1243 641 225 50 avlöningar
1496 642 59 37 till
1583 644 189 36 ordinarie
1801 645 231 48 tjänstemän

435 688 123 37 skulle
598 695 189 44 upptagas
828 691 86 37 med
956 692 221 37 oförändrat
1217 693 151 49 belopp,
1409 694 120 37 under
1570 694 64 38 det
1674 701 55 31 att
1763 697 185 49 anslagen
1976 698 56 35 till

436 740 442 51 vikariatsersättningar
906 743 70 36 och
1004 744 227 49 avlöningar
1258 745 58 36 till
1343 745 291 39 icke-ordinarie
1652 747 379 50 befattningshavare

434 792 121 37 skulle
583 793 108 49 höjas
718 794 87 37 med
834 796 73 35 500
935 795 215 49 respektive
1179 798 139 46 22,000
1347 797 152 37 kronor.
1555 797 148 38 Jämväl
1731 799 144 49 Kungl.
1904 800 128 50 Maj:ts

435 843 147 50 förslag
608 845 12 36 i
648 845 125 37 denna
801 846 62 36 del
890 846 69 37 har
986 847 187 37 utskottet
1200 853 125 32 ansett
1354 849 60 48 sig
1441 849 94 37 böra
1554 850 157 37 biträda.
1753 851 85 37 Vad
1858 852 171 37 däremot

433 899 121 46 angår
595 897 175 48 anslaget
811 898 58 36 för
908 899 155 48 »övriga
1102 899 208 37 kostnader
1350 901 59 36 för
1436 901 160 37 driften»
1625 902 60 36 vid
1712 902 317 39 Landskronaan-

434 948 149 47 stalten,
629 949 70 36 har
738 949 189 37 utskottet
955 950 84 37 icke
1066 950 145 37 kunnat
1239 952 127 48 undgå
1392 957 55 32 att
1475 953 103 37 finna
1606 953 209 38 detsamma
1843 955 97 49 högt
1967 956 63 37 be-

433 999 146 37 räknat.
636 1000 196 37 Utskottet
859 1001 69 37 har
955 1001 207 38 emellertid
1190 1003 97 37 efter
1314 1005 268 48 övervägande
1610 1012 125 30 ansett
1755 1006 63 49 sig
1835 1007 84 36 icke
1939 1008 91 37 böra

433 1050 140 38 föreslå
600 1055 128 46 någon
756 1053 250 50 nedsättning
1034 1067 48 24 av
1110 1055 175 48 anslaget
1311 1056 12 36 i
1343 1056 108 49 fråga
1471 1057 73 36 och
1564 1057 57 36 får
1639 1057 158 37 sålunda
1817 1058 211 49 hemställa,

935 1161 56 32 att
1018 1157 206 49 riksdagen
1253 1161 60 33 må

935 1207 34 49 a)
997 1208 204 49 godkänna
1230 1209 65 38 det
1313 1223 48 23 av
1380 1210 425 49 departementschefen
1824 1213 203 37 förordade

832 1259 184 49 förslaget
1051 1260 58 36 till
1145 1261 189 37 ordinarie
1375 1268 74 30 stat
1483 1263 58 36 för
1570 1268 144 32 statens
1742 1265 286 48 tvångsarbets-

834 1311 199 45 anstalter;
1064 1317 97 32 samt

934 1362 37 49 b)
1000 1363 12 36 i
1036 1363 206 38 riksstaten
1278 1365 162 49 uppföra
1476 1366 65 36 det
1578 1366 186 38 ordinarie
1797 1367 230 50 förslagsan-

832 1413 124 50 slaget
971 1415 57 36 till
1042 1423 128 29 statens
1185 1417 678 50 tvångsarbetsanstaltermed532,000
1875 1420 150 37 kronor.

535 1565 99 49 28:0)
665 1566 141 49 Kungl.
837 1567 107 49 Maj:t
972 1568 67 36 har
1068 1569 198 49 föreslagit
1293 1570 207 49 riksdagen
1529 1570 134 50 (punkt
1684 1572 61 47 28)
1767 1577 57 31 att
1844 1574 73 36 dels
1935 1574 91 48 god-

431 1616 126 38 känna
590 1618 62 36 det
681 1631 46 23 av
755 1619 423 48 departementschefen
1207 1622 200 36 förordade
1436 1623 185 48 förslaget
1648 1623 55 36 till
1731 1628 296 45 övergångsstat

431 1668 60 36 för
520 1674 143 31 statens
691 1671 466 49 tvångsarbetsanstalter,
1187 1674 75 36 dels
1290 1675 61 36 ock
1378 1673 10 36 i
1416 1674 207 37 riksstaten
1651 1676 165 48 uppföra
1844 1677 64 36 det
1928 1677 98 37 ordi-

429 1721 104 36 narie
576 1720 344 51 förslagsanslaget
961 1723 56 37 till
1058 1729 142 32 statens
1237 1726 463 48 tvångsarbetsanstalter:
1731 1731 296 46 övergångsstat

429 1772 86 36 med
545 1774 111 46 7,600
685 1773 153 38 kronor.

428 1923 4 3 >
531 1874 75 37 För
633 1876 237 37 närvarande
898 1882 41 31 är
969 1877 166 49 följande
1163 1882 297 47 övergångsstat
1488 1881 59 36 för
1576 1885 143 33 statens
1740 1883 285 49 tvångsarbets-

429 1927 181 40 anstalter
637 1927 192 48 gällande:
