1852 2778
264 158 37 29 16
645 160 122 29 Första
794 161 245 38 lagutskoltets
1066 162 178 29 ullåtande
1269 172 43 20 nr
1337 164 50 29 15.

266 240 123 31 kunna
410 241 170 31 utfärdas.
602 243 14 29 I
638 243 43 30 de
703 244 116 30 städer
846 244 139 33 (endast
1007 246 40 31 de
1069 245 89 31 allra
1179 247 128 29 största
1331 247 121 31 kunna
1474 247 291 41 ifrågakomma),

266 282 64 29 där
361 283 467 40 »intagningspolikliniker»
860 287 30 38 ej
922 287 121 29 kunna
1072 297 102 20 anses
1203 288 227 40 erforderliga
1458 290 83 30 eller
1570 300 43 20 av
1641 292 126 29 ekono-

267 324 116 30 miska
403 325 75 29 skäl
499 326 30 38 ej
554 326 123 30 kunna
698 326 273 36 åstadkommas,
993 329 129 29 liksom
1144 330 54 30 för
1219 330 119 40 övriga
1358 333 102 32 orter,
1483 341 104 30 synes
1609 335 48 28 ett
1677 333 92 39 åläg-

268 367 111 37 gande
401 367 54 29 för
475 368 278 38 polisdistrikten
774 371 51 28 att
846 370 269 31 tillhandahålla
1136 372 55 29 för
1212 372 93 30 olika
1327 374 164 29 ändamål
1513 375 166 39 lämpliga
1700 375 69 30 för-

267 407 275 39 varingslokaler
561 419 85 21 vara
666 410 182 40 tillfyllest.
870 412 128 30 Härför
1017 414 99 29 torde
1137 414 121 30 endast
1278 417 49 28 ett
1347 415 258 40 förlydligande
1626 425 41 21 av
1687 418 82 29 eller

267 450 121 40 tillägg
404 451 51 29 till
472 452 15 36 8
505 452 20 29 8
541 455 41 27 st.
601 453 18 29 2
635 453 11 29 i
661 453 193 39 polislagen
870 454 187 30 erfordras.

311 492 54 29 En
388 494 147 38 översyn
559 503 42 20 av
625 494 411 39 polisvaktstationernas
1061 497 133 30 lokaler
1216 498 11 29 i
1251 498 191 30 allmänhet
1467 501 38 28 är
1529 500 240 41 otvivelaktigt

265 542 42 22 av
329 535 146 30 behovet
497 535 175 39 påkallad,
697 537 30 38 ej
754 536 109 30 minst
887 538 78 29 med
989 538 139 39 hänsyn
1151 539 52 29 till
1227 539 177 41 tillfälliga
1427 541 338 41 förvaringsmöjlig-

266 576 98 30 heter
390 587 42 20 av
457 578 40 29 de
523 579 336 38 personkategorier,
887 589 75 20 som
989 589 97 22 avses
1114 581 11 28 i
1152 581 228 31 motionerna.
1407 583 65 29 Det
1499 583 162 35 initiativ,
1689 594 75 21 som

265 617 107 40 tagits
390 618 117 30 härtill
527 626 128 32 genom
673 620 230 36 motionerna,
927 622 116 30 hälsas
1065 623 80 29 med
1165 623 304 32 tillfredsställelse
1490 626 65 29 och
1574 626 99 39 inger
1695 627 70 30 för-

265 660 182 40 hoppning
462 671 56 20 om
536 664 49 27 ctt
603 663 273 38 genomförande
894 664 38 29 så
948 667 98 28 snart
1063 665 268 31 förhållandena
1349 668 56 29 det
1422 669 132 38 medge.

308 735 118 30 Andre
451 736 245 30 stadsläkaren
726 738 11 29 i
762 739 223 39 Norrköping
1011 740 206 30 framhåller
1246 742 11 29 i
1285 742 186 30 huvudsak
1500 743 158 39 följande
1688 754 79 30 syn-

264 786 164 39 punkter.

308 845 76 30 Vad
409 845 172 31 beträffar
604 847 270 31 förhållandena
897 849 12 29 i
933 849 223 40 Norrköping
1178 852 98 29 torde
1298 851 58 30 det
1379 853 176 38 praktiskt
1579 855 93 38 taget
1695 855 73 29 ald-

265 887 54 41 rig
339 888 141 30 komma
501 888 11 29 i
533 888 111 40 fråga,
666 891 49 29 att
737 891 112 30 andra
870 891 104 39 sjuka
997 893 44 28 än
1065 892 225 40 sinnessjuka
1311 894 159 30 förvaras
1492 895 97 30 inom
1614 897 153 38 polisens

266 930 256 31 arrestlokaler.
552 930 121 31 Andra
700 931 104 40 sjuka
835 936 91 27 samt
954 933 87 30 barn
1069 934 97 30 föras
1195 936 52 28 till
1273 936 179 31 lasarettet
1480 938 85 29 eller
1593 939 104 38 något
1724 949 44 20 av

264 971 415 32 barnavårdsnämndens
704 975 329 39 upptagningshem.
1059 977 70 29 För
1153 977 100 30 dessa
1278 979 196 39 kategorier
1502 981 98 29 torde
1628 981 56 30 det
1711 982 55 29 för

264 1013 239 40 Norrköpings
525 1015 56 29 del
603 1015 13 29 i
640 1018 111 27 avsett
771 1017 199 30 hänseende
993 1027 85 21 vara
1100 1019 164 39 tämligen
1287 1021 54 29 väl
1367 1022 134 29 ordnat.

308 1055 52 30 Då
387 1056 57 29 det
469 1057 107 38 gäller
603 1057 166 40 tillfälligt
798 1059 345 40 omhändertagande
1169 1071 41 20 av
1236 1063 225 39 sinnessjuka
1489 1065 61 29 äro
1576 1065 190 30 förhållan-

263 1097 90 30 dena
378 1098 38 29 så
440 1099 139 38 mycket
603 1099 248 40 bedrövligare.

309 1139 54 29 En
383 1140 84 29 akut
487 1140 215 40 sinnessjuk,
723 1151 74 21 som
819 1143 30 39 ej
872 1144 70 29 kan
961 1146 32 28 ta
1016 1154 84 20 vara
1119 1146 45 38 på
1185 1145 51 40 sig
1256 1146 91 39 själv
1365 1148 82 29 celler
1469 1150 188 29 eventuellt
1676 1150 89 30 visat

265 1180 52 40 sig
340 1181 105 40 farlig
467 1182 55 29 för
545 1185 76 37 eget
645 1183 46 30 liv
714 1185 82 28 eller
823 1194 136 21 annans
984 1187 199 39 personliga
1209 1189 172 35 säkerhet,
1407 1191 291 40 omhändertages
1722 1202 43 20 av

262 1223 342 40 polismyndigheten
626 1226 64 29 och
713 1227 217 30 undersökes
947 1229 41 29 så
1007 1231 73 36 gott
1104 1239 74 19 som
1198 1231 213 30 omedelbart
1432 1233 46 39 på
1498 1233 266 39 polisstationen

262 1274 42 21 av
327 1265 247 39 polisläkaren.
610 1268 267 31 Vederbörande
901 1270 160 30 kommer
1084 1271 103 30 alltså
1211 1275 86 28 utan
1321 1274 170 38 dröjsmål
1516 1276 113 30 under
1653 1277 113 30 läkar-

263 1307 155 39 uppsikt.

305 1351 100 30 Efter
427 1352 411 41 läkarundersökningen
856 1355 111 30 måste
991 1356 192 29 emellertid
1204 1358 65 29 den
1292 1358 102 38 sjuke
1413 1359 161 31 förvaras
1592 1360 95 30 inom
1706 1370 60 30 po-

263 1393 108 30 lisens
396 1395 255 30 arrestlokaler.
673 1414 44 3 —
739 1414 45 3 -—
803 1415 46 3 -—
870 1398 211 39 Visserligen
1106 1399 131 30 händer
1262 1400 57 29 det
1345 1401 121 39 aldrig,
1490 1404 52 27 att
1565 1411 43 21 en
1633 1403 132 30 sinnes-

264 1435 84 39 sjuk
385 1436 157 31 förvaras
580 1438 11 29 i
628 1439 42 29 de
705 1439 78 30 usla
818 1439 143 35 lokaler,
997 1450 74 20 som
1098 1450 97 21 avses
1223 1442 56 29 för
1304 1443 199 38 fyllerister,
1530 1454 82 20 men
1640 1453 125 31 grann-

264 1478 124 39 skapet
415 1478 52 29 till
497 1480 104 29 dessa
626 1480 111 30 måste
768 1481 144 39 givetvis
939 1483 107 29 verka
1071 1484 176 29 störande.
1276 1485 65 29 Det
1371 1486 134 29 händer
1533 1487 40 38 ju
1602 1487 83 34 ofta,
1713 1490 51 28 att

262 1519 136 39 polisen
420 1521 109 29 måste
554 1521 142 31 förvara
717 1523 139 30 relativt
881 1524 53 29 väl
960 1525 217 30 orienterade
1199 1535 80 20 men
1302 1527 104 40 djupt
1430 1528 240 39 deprimerade
1696 1529 68 30 sin-

262 1561 181 39 nessjuka,
464 1563 64 29 och
549 1564 47 39 på
614 1565 102 30 dessa
737 1565 112 30 måste
868 1566 58 30 det
946 1567 107 30 verka
1072 1568 134 39 olidligt
1225 1570 79 28 med
1327 1571 202 29 nuvarande
1552 1567 212 49 förvarings-

261 1612 90 20 rum.

307 1649 126 39 Många
461 1650 228 39 sinnessjuka
716 1650 161 30 förvaras
905 1651 187 30 »innanför
1119 1653 151 35 räcket>,
1300 1654 31 29 d.
1359 1664 30 20 v.
1419 1664 25 20 s.
1472 1655 98 30 inom
1596 1657 125 29 tvenne
1749 1657 12 28 i

262 1691 224 30 vaktlokalen
512 1692 147 39 belägna
685 1693 254 39 avbalkningar
964 1703 42 21 av
1031 1704 40 19 ca
1099 1695 15 28 1
1141 1696 127 29 meters
1294 1696 108 30 bredd
1430 1697 64 30 och
1520 1698 87 29 3--4
1636 1701 127 27 meters

262 1733 115 39 längd,
397 1734 93 30 vilka
510 1734 172 39 avskiljas
699 1735 79 29 från
797 1736 224 30 vaktlokalen
1043 1746 43 20 av
1104 1746 43 20 en
1165 1737 80 30 från
1266 1739 78 37 golv
1362 1739 52 29 till
1433 1740 60 29 tak
1515 1740 131 39 gående
1666 1742 96 38 vägg,

261 1775 119 30 vilken
403 1776 12 28 i
438 1776 52 29 sin
516 1777 107 29 nedre
646 1777 55 29 del
728 1778 39 28 är
790 1777 88 30 solid
904 1788 80 20 men
1008 1779 11 28 i
1040 1779 57 29 sin
1122 1780 79 29 övre
1226 1780 53 29 del
1303 1781 116 30 består
1444 1791 41 20 av
1510 1784 49 28 ett
1585 1783 178 39 trägaller-

261 1818 95 33 verk,
384 1818 106 39 uppåt
517 1819 76 29 åter
619 1819 150 30 avslutat
797 1829 43 20 av
864 1829 42 20 en
934 1820 87 30 solid
1048 1822 97 38 vägg.
1171 1822 130 29 Genom
1326 1824 116 29 denna
1469 1825 198 39 anordning
1691 1826 71 29 kan

260 1858 244 31 vakthavande
526 1860 175 38 polisman
723 1861 154 39 ständigt
898 1863 46 29 ha
965 1862 145 40 uppsikt
1131 1865 81 28 över
1232 1865 67 29 den
1321 1865 113 39 sjuke,
1455 1867 65 28 och
1542 1867 115 29 denna
1678 1868 85 29 kän-

261 1910 62 20 ner
348 1901 52 39 sig
419 1901 29 39 ej
474 1902 109 29 heller
604 1903 39 29 så
662 1912 131 25 ensam,
815 1903 108 31 vilket
944 1904 60 39 jag
1023 1904 89 31 flera
1134 1905 125 39 gånger
1281 1907 80 30 hört
1383 1908 41 29 de
1445 1908 105 38 sjuka
1573 1909 111 30 uttala
1708 1909 53 30 sin

260 1943 255 39 uppskattning
536 1945 92 29 över.
662 1945 170 31 Nätterna
851 1946 56 31 får
931 1947 65 29 den
1020 1947 103 38 sjuke
1147 1948 186 30 >innanför
1355 1950 138 29 räcket»
1517 1951 178 39 tillbringa
1717 1952 46 40 på

260 1993 43 20 en
325 1984 46 39 på
394 1984 110 39 golvet
526 1986 148 39 anbragt
697 1988 170 29 madrass.
891 1988 53 29 Då
966 1998 82 20 man
1071 1989 177 35 betänker,
1273 1994 51 27 att
1345 1993 10 28 i
1378 1992 225 30 vaktlokalen
1626 1995 136 38 utspela

261 2027 51 38 sig
335 2027 133 31 diverse
493 2029 241 29 oroväckande
758 2029 217 35 silualioner,
1003 2031 116 29 såsom
1143 2031 184 32 införande
1355 2043 43 20 av
1419 2034 145 40 bråkiga
1588 2036 65 29 och
1675 2037 86 29 vild-

261 2069 94 29 sinta
379 2069 198 38 fyllerister,
606 2071 188 30 skrikande
824 2072 150 30 kvinnor
1000 2082 29 21 o.
1060 2082 25 21 s.
1113 2082 40 25 v.,
1182 2074 129 30 förstår
1337 2085 92 25 man,
1457 2078 50 28 att
1536 2080 142 28 nattron
1705 2079 55 30 för

259 2111 66 29 den
349 2111 233 40 sinnessjuke,
606 2112 141 31 alldeles
768 2114 193 31 oberoende
982 2124 42 20 av
1046 2115 90 30 hans
1157 2124 83 31 egen
1262 2117 215 31 inneboende
1498 2128 71 26 oro,
1593 2120 68 29 blir
1680 2121 79 39 föga

259 2152 95 38 lugn.

303 2195 119 31 Under
444 2196 119 39 dylika
586 2196 246 31 förhållanden
856 2198 70 29 kan
948 2199 135 39 polisen
1106 2201 132 38 nödgas
1258 2202 141 30 förvara
1420 2212 42 20 en
1484 2204 204 40 sinnessjuk
1711 2207 48 28 ett

259 2237 83 29 eller
365 2240 107 27 annat
493 2238 93 39 dygn
610 2256 46 4 —
675 2240 161 39 vanligen
860 2241 89 29 dock
972 2241 124 30 endast
1119 2242 104 40 något
1246 2243 103 39 dygn.

302 2321 70 29 För
399 2331 41 20 en
467 2323 76 29 stad
570 2332 44 20 av
642 2323 240 40 Norrköpings
909 2325 129 29 storlek
1067 2327 98 29 torde
1192 2328 356 32 missförhållandena
1577 2331 31 39 ej
1638 2332 121 29 kunna

258 2363 220 40 undanröjas
499 2364 45 40 på
569 2367 110 27 annat
704 2366 77 34 sätt,
808 2367 45 28 än
879 2368 49 28 att
955 2376 42 20 en
1020 2367 217 39 psykiatrisk
1261 2370 114 29 klinik
1398 2373 187 34 anordnas,
1612 2373 49 29 dit
1690 2373 69 30 sin-

258 2405 170 39 nessjuka
450 2406 83 30 eller
556 2407 190 31 misstänkt
769 2408 226 39 sinnessjuka
1019 2411 85 28 utan
1127 2412 127 38 onödig
1275 2412 149 39 omgång
1445 2414 123 30 kunna
1592 2425 42 20 av
1655 2411 104 48 polis-

257 2447 248 40 myndigheten
525 2448 12 29 i
557 2449 140 30 samråd
719 2451 79 28 med
818 2451 237 38 polisläkaren
1074 2451 134 32 införas
1229 2454 55 29 för
1308 2455 66 29 den
1395 2454 111 32 första
1524 2457 132 30 vården
1675 2458 83 30 eller
