1852 2782
469 154 123 29 Första
619 152 244 40 lagutskottets
891 151 178 30 utlatande
1096 160 41 20 nr
1164 152 50 29 13.
1577 149 20 29 9

91 240 81 28 mån
194 241 47 27 ett
258 238 171 39 tillfälligt
449 237 343 38 omhändertagande
812 236 111 30 måste
948 237 69 28 ske.
1052 236 112 28 Innan
1188 235 106 29 sådan
1316 234 198 39 utbyggnad
1536 235 57 36 ägt

91 291 78 19 rum
197 281 61 29 bör
285 283 49 27 ett
359 280 169 39 tillfälligt
554 279 344 37 omhändertagande
926 279 9 28 i
963 278 153 39 polisens
1142 278 133 29 lokaler
1300 278 124 28 endast
1451 276 141 31 tillåtas,

91 333 57 19 om
177 323 140 30 särskilt
345 323 220 29 reserverade
593 331 79 20 rum
701 322 119 28 kunna
853 321 119 29 ställas
1000 320 51 29 till
1082 320 206 38 förfogande
1319 320 66 28 och
1413 319 143 39 lämplig
1582 318 11 28 i

90 366 195 29 barnavård
311 365 195 40 respektive
532 364 169 39 sjukvård
728 363 158 30 utbildad
909 362 160 40 personal
1094 362 70 29 kan
1188 362 187 39 påräknas.
1400 361 64 29 Det
1486 361 108 29 fram-

92 408 60 38 går
177 408 192 29 emellertid
398 417 42 20 av
465 407 88 30 JO:s
580 406 196 39 utredning,
806 408 51 27 att
884 406 113 29 denna
1024 404 256 38 förutsättning
1307 404 123 29 endast
1459 404 135 28 undan-

91 450 129 38 tagsvis
240 459 56 21 om
318 459 62 20 ens
400 449 172 39 någonsin
593 450 38 28 är
653 449 53 29 för
727 448 151 29 handen.

136 493 13 28 IF
172 493 66 29 den
259 492 83 30 mån
364 491 364 30 ålderdomshenumcen
747 490 156 39 övergått
924 490 52 29 till
998 492 49 27 ait
1066 489 48 30 bli
1133 490 80 28 hem
1233 489 54 29 för
1308 488 187 39 åldringar,
1519 497 74 20 som

93 534 74 30 icke
194 534 133 30 behöva
353 534 86 30 vård
467 534 20 29 å
515 533 164 39 sjukhem
709 533 82 29 eller
820 532 452 39 sinnessjukvårdsanstalt,
1301 532 64 28 har
1396 532 99 29 deras
1524 531 70 29 för-

91 577 102 38 måga
216 578 49 28 att
287 578 156 37 mottaga
467 577 46 28 ett
537 576 143 29 blandat
701 575 142 29 klientel
869 584 74 20 som
966 575 56 29 det
1044 584 43 20 av
1108 574 259 29 motionärerna
1392 573 201 29 omskrivna

91 619 10 28 i
128 619 68 38 hög
221 619 83 38 grad
332 618 153 39 nedgått.
522 618 152 29 Därmed
701 618 64 29 har
791 617 105 29 också
926 617 122 29 kravet
1076 616 45 39 på
1147 616 286 30 differentierade
1462 615 133 30 lokaler

90 662 57 29 för
169 661 154 38 tillfällig
347 660 180 39 förvaring
551 669 41 20 av
617 660 94 29 detta
734 659 144 30 klientel
902 659 99 29 blivit
1024 659 204 37 trängande.
1266 658 104 29 Olika
1395 657 199 39 fordringar

92 703 111 30 måste
224 703 143 39 givetvis
387 702 120 30 ställas
527 703 45 38 på
591 704 48 27 eft
658 710 88 25 rum,
768 711 75 20 som
865 701 88 29 skall
972 701 87 38 hysa
1077 702 50 28 ett
1145 700 104 29 friskt
1272 700 83 30 eller
1378 700 96 38 sjukt
1495 699 98 33 barn,

92 754 42 21 en
157 745 122 41 bråkig
300 744 175 39 tonåring,
497 754 41 19 en
560 744 111 38 orolig
695 743 198 34 alkoholist,
917 753 42 20 en
984 743 203 39 sinnessjuk
1211 743 82 29 eller
1315 752 43 19 en
1383 742 212 30 tredskande

92 788 176 29 veneriskt
288 787 85 30 eller
392 787 222 29 tuberkulöst
636 786 81 39 sjuk
739 795 137 30 person.

136 829 119 39 Någon
281 829 150 39 generell
456 829 139 38 lösning
617 829 45 39 på
686 828 122 38 frågan
833 837 56 20 om
914 828 67 29 hur
1005 828 101 29 dessa
1132 827 213 38 svårigheter
1371 826 56 30 för
1451 827 40 29 de
1516 827 79 29 när-

92 873 111 28 maste
240 872 84 29 åren
364 871 99 30 skola
497 871 122 29 kunna
644 871 112 29 mötas
785 871 96 28 torde
906 870 175 39 knappast
1109 870 53 29 stå
1187 871 49 28 att
1262 869 111 30 finna.
1413 869 181 30 Sannolikt

92 914 111 30 måste
225 923 83 20 man
330 913 78 39 laga
431 913 87 30 efter
543 913 163 39 läglighet
729 914 79 29 med
833 913 94 29 olika
952 912 139 39 lösning
1111 912 44 39 på
1179 912 92 29 olika
1295 911 82 30 håll.
1402 911 64 31 Det
1493 920 104 30 synes

91 956 193 30 emellertid
308 955 180 40 angeläget
512 957 50 28 att
587 955 270 39 möjligheterna
882 955 55 29 för
961 964 41 19 en
1027 954 216 40 provisorisk
1266 953 141 38 lösning
1428 963 43 20 av
1494 954 101 29 dessa

92 998 214 39 lokalfrågor
333 999 162 28 närmare
521 997 228 30 undersökas.
791 997 136 39 Frågan
956 1006 56 20 om
1044 997 132 29 sådana
1204 996 133 30 lokaler
1363 996 53 29 till
1442 995 155 40 polisens

91 1040 207 39 förfogande
321 1040 64 29 bör
405 1039 174 39 därjämte
603 1040 142 29 utredas
768 1039 45 39 på
834 1040 119 38 längre
979 1039 78 29 sikt.
1082 1039 65 29 Det
1169 1038 164 30 tekniska
1355 1038 241 29 utformandet

92 1092 42 20 av
154 1083 101 29 dessa
274 1082 135 30 lokaler
427 1082 71 29 kan
519 1081 177 30 måhända
716 1082 179 29 anförtros
916 1081 154 30 centrala
1095 1080 436 39 sjukvårdsberedningen.

136 1124 127 30 Kunna
289 1124 268 39 ifrågavarande
583 1123 207 30 lokalbehov
816 1123 326 30 tillfredsställande
1170 1123 212 39 tillgodoses,
1413 1123 96 29 torde
1538 1131 59 20 en-

92 1166 62 39 ligt
176 1166 379 39 medicinalstyrelsens
573 1165 143 39 mening
735 1165 115 39 någon
871 1166 148 38 ändring
1039 1174 43 21 av
1101 1166 203 29 nuvarande
1327 1165 100 37 lagen
1448 1165 54 29 för
1524 1173 74 21 om-

92 1209 284 39 händertagande
400 1218 45 20 av
467 1208 237 30 ovanberörda
728 1208 143 30 klientel
895 1208 176 40 knappast
1096 1216 82 21 vara
1204 1207 216 39 erforderlig.

137 1280 265 40 Länsstyrelsen
427 1280 11 28 i
460 1278 199 31 Malmöhus
685 1278 56 29 län
768 1277 113 30 anför.

137 1340 266 40 Länsstyrelsen
427 1340 39 29 är
487 1339 55 29 väl
564 1338 181 30 medvelen
768 1346 68 24 om,
863 1338 50 28 att
936 1335 246 30 arrestlokaler
1205 1335 75 29 icke
1304 1334 100 30 alltid
1427 1335 59 28 äro
1511 1334 85 28 läm-

92 1384 88 39 pade
205 1383 115 30 såsom
345 1380 294 40 förvaringslokal
664 1380 53 29 för
742 1380 57 29 det
824 1378 154 33 klientel,
1002 1386 120 21 varom
1149 1386 48 19 nu
1222 1378 38 28 är
1284 1376 110 38 fråga.
1432 1375 168 30 Vidkom-

93 1425 126 30 mande
245 1425 41 29 de
316 1423 237 33 alkoholister,
582 1422 95 29 vilka
702 1421 111 30 måste
842 1420 294 38 omhändertagas
1163 1419 56 29 för
1245 1418 157 39 tillfällig
1427 1418 85 29 vård
1538 1426 59 21 en-

94 1467 61 38 ligt
185 1467 36 29 17
253 1466 14 37 $
297 1465 302 38 alkobolistlagen,
628 1464 63 29 har
719 1464 45 39 på
792 1462 280 31 föranstaltande
1101 1471 41 19 av
1172 1461 261 38 länsstyrelsen,
1464 1460 53 29 för
1546 1461 50 28 att

92 1509 181 29 eliminera
294 1508 41 30 de
356 1508 131 29 största
506 1506 268 39 olägenheterna
796 1505 80 29 med
896 1504 111 39 dylikt
1028 1503 299 39 förvarstagande,
1349 1502 147 30 avtalats
1516 1501 80 30 med

92 1551 130 29 Malmö
243 1550 87 34 stad,
352 1551 52 28 att
425 1548 279 41 polisdistrikten
725 1548 45 39 på
790 1546 239 39 landsbygden
1053 1546 99 29 skola
1176 1545 36 30 få
1234 1545 188 39 disponera
1444 1543 153 41 polisens

92 1593 10 28 i
124 1593 127 29 Malmö
275 1591 247 31 arrestlokaler
543 1591 57 30 för
620 1589 209 31 ändamålet.
852 1589 122 29 Ehuru
997 1589 100 29 dessa
1120 1587 247 30 arrestlokaler
1392 1586 96 30 torde
1510 1595 88 31 upp-

94 1635 86 39 fylla
204 1634 159 39 gällande
386 1633 233 33 föreskrifter,
644 1633 69 29 kan
737 1632 107 30 likväl
871 1632 109 38 sägas,
1007 1632 50 28 att
1081 1630 76 29 icke
1182 1639 62 20 ens
1267 1630 64 29 här
1357 1629 12 29 i
1396 1629 120 30 staden
1543 1637 55 21 ar-

93 1678 156 29 resterna
271 1678 59 28 äro
351 1676 161 39 lämpade
533 1675 57 29 för
611 1674 180 39 förvaring
812 1683 43 20 av
875 1673 227 30 alkoholister
1126 1673 111 29 under
1258 1672 116 39 någon
1396 1671 118 39 längre
1534 1671 62 29 tid.

93 1719 266 39 Länsstyrelsen
399 1718 60 29 vill
498 1720 11 28 i
547 1717 94 30 detta
671 1716 257 37 sammanhang
954 1715 199 33 framhålla,
1183 1716 49 28 att
1260 1714 250 38 länsstyrelsen
1539 1713 57 29 vid

92 1761 262 39 handläggning
371 1770 43 20 av
432 1759 237 39 ansökningar
687 1759 169 29 avseende
878 1758 226 30 alkoholister
1122 1757 97 29 alltid
1238 1757 79 29 sökt
1335 1756 158 29 meddela
1513 1755 84 30 slut-

94 1804 61 38 ligt
181 1803 113 30 beslut
321 1803 12 29 i
360 1802 143 30 ärendet
531 1802 79 29 med
641 1801 86 29 allra
757 1801 127 29 största
913 1799 262 39 skyndsamhet.
1204 1798 183 39 Därjämte
1415 1798 64 29 har
1505 1798 92 29 läns-

94 1846 169 38 styrelsen
286 1845 12 29 i
321 1845 90 29 flera
434 1844 62 29 fall
521 1843 202 38 ombesörjt,
749 1845 50 27 att
823 1842 227 30 alkoholister
1076 1841 90 29 efter
1191 1840 145 39 frivillig
1360 1840 158 29 ansökan
1542 1839 55 29 be-

93 1889 86 28 retts
202 1887 85 29 vård
313 1886 20 30 å
358 1885 216 40 psykiatrisk
598 1885 113 29 klinik
738 1884 83 30 eiler
846 1883 274 39 sinnessjukhus
1144 1882 11 29 i
1180 1883 173 29 avvaktan
1381 1882 45 39 på
1449 1882 149 37 länssty-

94 1929 131 30 relsens
248 1928 141 39 slutliga
412 1927 113 30 beslut
547 1929 10 28 i
579 1926 344 30 alkoholistärendet.

137 1971 227 29 Beträffande
400 1969 86 30 barn
521 1969 65 29 och
612 1969 204 38 ungdomar,
842 1968 95 29 vilka
962 1967 293 38 omhändertagas
1281 1966 144 39 jämlikt
1449 1966 149 29 bestäm-

94 2013 171 29 melserna
292 2012 12 29 i
329 2011 330 38 barnavårdslagen,
685 2012 38 27 är
748 2020 42 20 en
818 2010 203 39 polisarrest
1048 2009 274 39 uppenbarligen
1351 2008 74 30 icke
1455 2007 143 39 lämplig

95 2055 113 30 såsom
232 2054 303 39 förvaringslokal.
561 2053 110 30 Såvitt
693 2053 54 29 för
770 2052 249 38 länsstyrelsen
1044 2052 38 28 är
1105 2052 95 32 känt,
1225 2052 181 28 användas
1430 2050 74 29 icke
1528 2050 70 29 hol-

95 2098 49 28 ler
164 2097 10 29 i
199 2098 93 28 detta
317 2096 57 29 län
397 2096 118 38 dylika
538 2095 132 29 lokaler
693 2095 53 29 för
767 2094 267 39 ifrågavarande
1058 2093 174 29 ändamål.
1256 2093 170 36 Tillfällig
1448 2093 84 28 vård
1558 2101 41 20 av

94 2139 94 29 detta
217 2138 143 30 klientel
388 2138 133 29 brukar
548 2137 239 37 regehnässigt
815 2136 145 29 beredas
989 2136 19 29 å
1035 2136 170 29 barnhem
1239 2134 354 40 (upptagningshenr)

92 2181 84 28 eller
211 2181 19 28 å
263 2189 118 20 annan
404 2179 144 39 lämplig
571 2179 129 29 anstalt
729 2178 39 33 (t.
796 2188 50 19 ex.
871 2177 347 38 Frälsningsarméns
1239 2176 358 38 räddningsanstalt).

97 2222 46 29 På
164 2222 239 38 landsbygden
425 2222 64 28 har
510 2223 9 28 i
540 2221 133 28 nödfall
695 2220 53 29 för
769 2219 180 38 kortvarig
970 2220 84 28 vård
1077 2219 281 29 ålderdomshem
1381 2218 151 30 anlitats.

140 2264 72 29 Vad
242 2264 164 37 slutligen
435 2262 108 37 angår
572 2262 103 37 sjuka
704 2271 166 29 personer
897 2262 64 28 har
990 2261 249 38 länsstyrelsen
1269 2260 51 38 sig
1350 2260 76 29 icke
1459 2260 138 31 bekant,

95 2307 50 27 att
165 2305 104 37 några
292 2304 172 30 särskilda
485 2304 213 37 svårigheter
716 2304 87 28 mölt
825 2305 49 28 att
894 2303 124 29 bereda
1039 2303 101 29 dessa
1161 2302 153 38 tillfällig
1332 2301 85 30 vård
1438 2301 19 29 å
1477 2301 122 29 härför

97 2347 141 39 känplig
263 2346 141 29 anstalt.

140 2388 279 40 Uppenbarligen
449 2388 121 28 kunna
595 2387 56 29 vid
679 2387 51 29 val
761 2396 41 20 av
829 2386 291 38 förvaringslokat
1147 2386 54 28 för
1229 2385 265 38 ifrågavarande
1524 2393 75 30 per-

97 2440 100 20 soner
223 2431 216 38 uppkomma
464 2430 90 29 vissa
583 2429 221 38 svårigheter,
830 2429 44 29 då
899 2428 39 38 ju
965 2438 39 19 en
1032 2428 195 38 avvägning
1251 2428 61 29 bör
1341 2428 61 28 ske
1426 2427 126 29 mellan
1580 2426 17 29 å

96 2482 66 20 ena
188 2473 97 28 sidan
313 2472 203 29 samhällets
542 2472 146 28 intresse
716 2473 49 27 att
793 2471 133 38 skydda
953 2470 243 29 utomstående
1223 2470 61 29 och
1316 2470 19 28 &
1363 2469 108 29 andra
1499 2469 98 28 sidan

97 2515 65 29 den
189 2514 316 36 omhänderlagnes
532 2514 64 28 rätt
630 2513 47 28 till
707 2513 141 39 limplisg
877 2512 94 30 vård.
