1884 2786
393 156 407 39 Bevillningsutskottets
819 155 219 30 betänkande
1056 165 42 20 nr
1120 156 39 28 19
1177 156 38 29 år
1237 156 82 29 1958
1593 155 18 30 3

152 240 116 40 Enligt
294 241 125 39 Kungl.
446 240 125 39 Maj:ts
599 240 236 30 förordnande
862 240 67 30 den
956 240 19 30 8
1000 240 79 39 juni
1109 240 79 29 1951
1225 240 91 32 (SFS
1344 249 41 20 nr
1413 239 191 35 460/1951)

107 291 206 29 ankommer
337 291 58 30 det
420 291 45 39 på
492 291 154 30 centrala
673 290 355 40 uppbördsnämnden
1056 292 51 27 att
1132 291 55 29 för
1212 290 92 30 olika
1330 290 96 30 delar
1452 299 44 21 av
1519 289 90 30 riket

109 342 174 29 fastställa
301 341 262 40 normalbelopp
582 341 54 30 för
655 340 352 31 existensminimum.

154 392 67 29 Till
242 393 111 38 grund
375 392 55 29 för
451 392 41 30 de
515 392 38 29 år
578 392 78 29 1951
681 392 139 29 införda
842 392 310 29 bestämmelserna
1175 400 55 21 om
1254 390 277 30 skattebefrielse
1553 390 56 30 vid

110 442 343 30 existensminimum
477 442 56 40 låg
556 444 48 29 ett
629 442 132 39 förslag
785 442 80 30 från
892 442 83 31 1949
1001 442 57 30 års
1085 441 412 41 uppbördssakkunniga.
1524 441 84 30 Däri

112 493 162 29 anfördes
296 493 44 29 bl.
363 502 29 20 a.
415 494 49 28 att
487 492 235 40 skattskyldig
744 492 75 30 icke
841 493 106 29 borde
971 492 175 39 medgivas
1169 492 128 40 avdrag
1319 492 55 29 för
1396 491 215 39 väsentligen

111 544 138 29 nedsatt
269 543 286 39 skatteförmåga,
577 552 55 20 om
654 543 70 29 han
747 543 87 29 hade
858 543 251 39 förmögenhet.
1132 543 12 29 I
1167 542 106 39 några
1296 542 314 39 remissyttranden

112 595 80 28 över
213 594 165 39 förslaget
399 594 88 29 hade
509 594 192 33 anmärkts,
727 595 49 27 att
799 593 255 40 skattskyldiga
1079 593 9 29 i
1109 593 41 29 de
1173 593 108 38 lägsta
1306 592 306 29 inkomstklasser-

112 653 43 21 na
184 644 204 39 härigenom
413 644 113 30 skulle
552 644 47 30 bli
625 643 147 30 föremål
800 644 53 29 för
879 653 42 20 en
949 645 96 28 extra
1072 642 497 40 förmögenhetsbeskattning.
1598 642 13 29 I

111 694 205 40 anslutning
334 694 119 30 därtill
473 694 156 30 uttalade
649 694 387 40 departementschefen
1057 694 10 28 i
1089 693 261 40 propositionen
1373 702 41 20 nr
1436 692 171 36 203/1951

113 746 50 28 att
181 745 70 29 han
269 744 75 30 icke
362 745 119 29 kunde
500 744 101 30 finna
620 744 188 39 anledning
827 743 168 41 föreligga
1013 745 50 28 att
1083 744 159 30 betrakta
1262 743 108 29 saken
1392 752 42 20 ur
1453 752 42 20 en
1515 742 97 39 dylik

113 796 188 39 synpunkt.
323 795 73 30 Vad
417 795 57 29 det
495 795 111 39 gällde
627 796 51 28 att
698 795 147 30 bedöma
864 803 80 22 vore
966 794 132 34 endast,
1120 804 56 20 om
1198 792 300 40 skatteförmågan
1522 792 90 30 varit

113 846 37 29 så
172 846 138 29 nedsatt
332 847 49 28 att
403 846 189 38 anledning
615 846 51 29 till
689 847 97 28 extra
809 845 129 39 avdrag
961 844 161 40 förelåge.
1146 845 100 28 Detta
1269 844 117 29 kunde
1411 843 76 30 icke
1511 852 101 20 anses

116 906 80 19 vara
216 896 245 33 förhållandet,
481 896 63 29 där
564 896 65 29 den
651 895 253 39 skattskyldige
925 895 89 29 hade
1034 894 251 39 förmögenhet.
1308 895 12 28 I
1342 895 37 29 så
1403 893 61 29 fall
1486 893 127 29 funnes

114 946 38 39 ju
178 946 193 39 tillgångar,
396 947 143 29 varmed
565 946 265 29 skatteskulden
856 946 117 29 kunde
1000 945 129 39 gäldas.
1156 944 135 39 Frågan
1318 944 104 29 borde
1448 943 166 30 bedömas

113 996 88 30 efter
227 996 3 29 i
249 996 188 30 huvudsak
456 1005 137 21 samma
611 997 153 38 grunder
783 1005 75 20 som
879 995 220 40 tillämpades
1120 995 56 29 vid
1196 994 202 39 utmätning
1417 994 66 29 och
1503 993 109 30 inför-

116 1047 57 29 sel.
198 1046 393 40 Departementschefen
614 1046 174 30 instämde
815 1046 89 29 dock
927 1046 79 29 med
1031 1046 40 28 de
1096 1044 221 39 sakkunniga
1342 1046 11 29 i
1378 1046 50 27 att
1452 1052 82 21 man
1558 1043 56 30 vid

116 1097 242 29 fastställande
381 1106 41 21 av
445 1096 340 30 existensminimum
808 1096 105 29 borde
936 1096 115 29 bortse
1076 1095 78 29 från
1178 1095 131 29 smärre
1333 1093 194 40 tillgångar,
1551 1094 63 29 där

114 1148 57 29 det
192 1148 110 30 måste
324 1156 101 21 anses
447 1147 134 39 obilligt
603 1148 50 29 att
674 1147 125 38 begära
823 1148 49 28 att
895 1146 67 29 den
985 1145 253 39 skattskyldige
1261 1144 112 29 skulle
1400 1145 136 38 avyttra
1557 1144 58 29 de-

117 1207 134 21 samma
274 1198 53 29 för
351 1198 170 39 gäldande
545 1207 42 20 av
611 1197 104 35 skatt,
740 1199 22 27 t.
787 1206 49 21 ex.
862 1196 201 39 sedvanliga
1089 1195 183 39 husgeråd,
1297 1195 132 29 möbler
1454 1194 65 30 och
1543 1194 73 30 klä-

116 1249 70 32 der,
205 1248 278 39 arbetsredskap,
502 1248 136 29 mindre
657 1247 312 39 bostadsfastighet
987 1256 42 20 av
1047 1246 156 30 enklaste
1222 1245 246 30 beskaffenhet
1488 1253 29 21 o.
1538 1254 25 20 s.
1584 1254 31 20 v.

117 1299 176 29 Kontanta
319 1298 112 29 medel
459 1298 83 29 eller
569 1297 426 39 banktillgodohavanden
1025 1298 163 28 ävensom
1217 1295 268 38 belåningsbara
1515 1302 101 31 egna-

117 1349 112 29 hems-
246 1349 64 29 och
327 1348 290 39 villafastigheter
636 1348 105 29 borde
759 1348 89 29 dock
865 1347 240 39 regelmässigt
1121 1346 155 30 beaktas.

163 1399 134 39 Frågan
316 1401 75 37 togs
411 1399 107 29 också
537 1408 70 30 upp
627 1398 10 29 i
656 1398 41 30 de
718 1400 11 29 i
748 1397 189 39 anledning
958 1407 42 20 av
1019 1396 239 40 nyssnämnda
1277 1394 218 41 proposition
1515 1394 102 31 väck-

119 1451 31 28 ta
174 1450 217 29 motionerna
414 1450 28 28 I:
459 1448 63 31 495
546 1449 65 29 och
634 1448 135 33 IH:629,
792 1448 73 30 vari
889 1447 172 30 uttalades
1086 1445 181 31 önskemål
1290 1454 56 21 om
1370 1454 42 20 en
1436 1445 181 29 liberalare

117 1500 222 39 tillämpning
364 1509 42 20 av
432 1498 308 39 avdragsreglerna
765 1498 10 29 i
800 1498 38 29 så
862 1497 119 34 måtto,
1007 1499 51 28 att
1082 1498 95 29 extra
1203 1496 129 39 avdrag
1357 1495 113 29 skulle
1496 1495 121 29 kunna

119 1550 226 30 tillerkännas
368 1551 85 28 även
478 1548 256 40 skattskyldiga
757 1548 78 30 med
861 1547 155 31 inkomst
1037 1546 111 30 under
1171 1544 341 32 existensminimum
1536 1552 81 23 men

118 1601 77 28 med
224 1600 242 39 förmögenhet
495 1609 42 20 av
566 1599 135 29 mindre
731 1597 310 39 storleksordning.
1073 1597 80 29 1951
1185 1596 56 30 års
1271 1595 346 39 bevillningsutskott

119 1650 163 30 framhöll
302 1650 9 29 i
329 1650 221 29 betänkande
568 1659 41 20 nr
627 1649 39 29 47
687 1658 74 20 som
781 1648 52 30 sin
852 1647 141 40 mening
1012 1649 49 28 att
1080 1648 47 28 ett
1146 1645 270 40 tillgodoseende
1435 1655 41 20 av
1495 1646 122 29 nämn-

118 1701 44 29 da
183 1700 181 30 önskemål
390 1700 113 30 skulle
527 1700 108 29 strida
659 1701 73 28 mot
755 1698 245 40 grundtanken
1023 1698 10 28 i
1059 1697 175 38 förslaget,
1259 1697 49 28 att
1333 1697 97 28 extra
1454 1695 128 39 avdrag
1607 1695 9 29 i

118 1751 41 29 de
181 1750 60 30 fall
262 1759 118 21 varom
401 1751 64 29 här
487 1758 79 21 vore
588 1750 98 38 fråga
707 1749 106 29 borde
835 1748 176 39 medgivas
1033 1747 148 30 allenast
1202 1746 43 30 då
1267 1745 171 40 gäldande
1461 1755 41 20 av
1525 1746 93 29 skat-

120 1803 55 26 ten
193 1801 112 29 skulle
324 1800 167 33 medföra,
511 1802 51 27 att
579 1800 65 29 den
664 1798 254 39 skattskyldige
938 1797 112 31 skulle
1069 1797 109 30 sakna
1197 1796 112 30 medel
1329 1795 52 30 till
1400 1795 59 30 sitt
1480 1796 65 29 och
1563 1795 54 30 sin

119 1850 133 39 familjs
271 1850 194 40 uppehälle.
486 1849 199 38 Riksdagen
703 1848 100 30 biföll
824 1848 154 30 nämnda
997 1846 215 40 proposition
1233 1847 10 28 i
1264 1845 228 30 förevarande
1512 1845 105 29 delar.

162 1901 135 29 Jämväl
317 1900 56 29 vid
393 1900 83 29 1956
496 1899 56 30 års
573 1898 141 39 riksdag
733 1898 149 40 yrkades
902 1897 10 29 i
931 1897 218 29 motionerna
1171 1897 26 28 I:
1216 1896 58 29 117
1296 1896 64 28 och
1380 1895 45 29 II:
1444 1895 60 30 163
1527 1896 90 28 samt

120 1951 26 29 1:
163 1951 62 29 493
247 1950 63 30 och
333 1951 44 28 II:
393 1949 63 30 653
478 1951 50 27 att
550 1949 145 38 vidgade
718 1947 221 40 möjligheter
961 1948 50 28 att
1032 1946 127 39 bevilja
1182 1945 235 39 skattskyldig
1440 1954 75 20 som
1538 1946 79 37 äger

122 2000 239 39 förmögenhet
388 2001 96 29 extra
511 1999 130 38 avdrag
670 1998 56 30 vid
756 1996 339 31 existensminimum
1129 1996 111 30 skulle
1271 1995 143 30 införas.
1446 1995 11 29 I
1488 1994 59 30 sitt
1578 2004 42 20 av

120 2051 184 38 riksdagen
332 2049 184 40 godkända
544 2048 220 30 betänkande
794 2057 39 20 nr
862 2047 40 30 20
929 2046 148 30 anförde
1106 2055 134 20 samma
1270 2046 56 29 års
1356 2044 262 39 bevillningsut-

119 2101 92 29 skott
235 2101 132 29 härom.

164 2159 174 29 Utskottet
366 2158 53 29 får
447 2158 115 28 erinra
591 2167 55 20 om
675 2159 49 28 att
753 2157 55 29 vid
837 2155 200 31 införandet
1067 2165 41 18 av
1137 2154 154 38 reglerna
1321 2163 55 19 om
1406 2153 129 38 avdrag
1563 2152 55 30 vid

118 2200 340 30 existensminimum
478 2199 204 29 förutsattes
702 2199 49 28 att
770 2207 40 19 en
830 2196 204 30 individuell
1052 2195 170 40 prövning
1241 2205 41 19 av
1301 2194 174 30 ärendena
1493 2194 64 29 och
1577 2203 41 20 en

121 2242 176 29 restriktiv
324 2241 222 39 tillämpning
571 2250 42 19 av
638 2240 308 29 bestämmelserna
974 2238 112 29 skulle
1113 2238 139 28 komma
1283 2236 49 28 till
1360 2236 112 29 stånd.
1500 2236 50 29 Då
1577 2245 42 19 en

120 2285 107 28 sådan
245 2283 148 38 ordning
411 2282 151 38 alltjämt
582 2282 60 28 bör
661 2281 99 39 gälla,
783 2281 59 28 bör
861 2281 54 28 det
936 2279 105 38 enligt
1062 2279 185 28 utskottets
1269 2278 140 37 mening
1429 2277 73 29 icke
1521 2278 97 28 kom-

121 2335 54 20 ma
197 2327 9 28 i
228 2325 96 38 fråga
346 2326 50 27 att
417 2324 137 37 vidtaga
578 2323 36 29 så
637 2323 196 38 vittgående
855 2321 171 38 generella
1050 2319 301 39 uppmjukningar
1374 2328 42 19 av
1438 2318 181 29 förutsätt-

121 2368 168 37 ningarna
314 2366 53 29 för
391 2365 228 38 medgivande
644 2374 40 19 av
709 2365 95 28 extra
829 2363 128 37 avdrag
982 2371 73 20 som
1082 2361 201 37 ifrågasatts
1308 2361 10 27 i
1346 2360 217 29 motionerna
1589 2360 28 29 I:

121 2409 61 29 493
208 2409 62 28 och
297 2409 42 28 I[:
355 2408 73 29 653.
453 2407 24 29 Å
502 2407 109 28 andra
639 2406 100 29 sidan
764 2405 68 29 kan
856 2404 192 29 emellertid
1073 2404 74 28 skäl
1173 2403 141 28 anföras
1340 2402 53 29 för
1418 2403 50 27 att
1493 2402 10 28 i
1528 2402 91 29 vissa

123 2452 94 37 lägen
242 2460 41 19 en
308 2449 234 39 skattskyldig
565 2449 61 28 bör
651 2448 118 28 kunna
795 2446 227 31 tillerkännas
1047 2446 95 28 extra
1168 2444 127 37 avdrag
1322 2443 55 29 vid
1403 2443 218 29 existensmi-
