1886 2830
306 135 19 31 6
613 138 420 39 Bevillningsutskottets
1052 142 224 34 betänkande
1294 145 53 32 Nr
1372 145 50 31 12.

261 221 65 31 och
361 222 77 31 med
473 223 192 32 etthundra
699 225 58 31 till
792 226 64 31 och
890 226 77 32 med
1002 229 169 32 tvåtusen
1204 229 129 32 kronor
1366 231 85 31 eller
1474 232 77 32 med
1576 233 155 37 fängelse
1757 237 12 31 i

261 273 104 37 högst
388 283 61 22 sex
476 276 180 31 månader.

971 366 40 31 29
1035 364 28 38 $.

304 436 168 33 Beträdes
501 439 77 36 den,
603 450 74 22 som
700 441 161 31 handhar
883 443 262 38 utminutering
1168 455 45 21 av
1236 446 268 39 pilsnerdricka,
1528 449 80 32 med
1632 450 134 37 olovlig

260 488 256 39 utskänkning,
530 491 87 31 eller
633 492 76 36 den,
722 503 74 21 som
813 493 160 33 handhar
986 497 254 36 utskänkning,
1254 498 77 31 med
1344 498 135 38 olovlig
1491 502 276 37 utminutering,

304 540 85 31 eller
413 541 103 32 idkar
540 544 117 35 någon
681 544 238 37 detaljhandel
943 548 78 31 med
1045 548 256 36 pilsnerdricka
1324 551 21 30 å
1369 553 109 29 annat
1494 553 115 37 ställe,
1628 556 46 29 än
1690 554 75 32 där-

259 591 57 31 till
342 594 172 35 uppgivet
537 595 87 31 eller
647 596 179 36 medgivet
850 599 49 35 är,

301 643 88 31 eller
422 645 209 33 åsidosätter
666 649 126 35 någon,
825 658 73 22 som
932 652 39 29 är
994 651 200 37 berättigad
1217 654 53 29 att
1293 655 45 34 på
1362 655 211 32 rekvisition
1597 657 169 32 försända

258 695 258 37 pilsnerdricka
541 699 57 30 till
622 699 130 37 köpare
774 701 86 31 eller
884 702 54 30 för
961 703 173 36 säljarens
1158 704 154 37 räkning
1335 707 213 37 ombesörjer
1574 709 110 31 sådan
1700 710 66 31 för-

258 747 189 38 sändning,
482 749 41 31 de
558 750 12 31 i
606 751 30 36 6,
672 752 18 31 9
722 752 86 31 eller
841 754 40 30 17
914 750 18 38 $
958 755 87 30 eller
1073 756 79 31 med
1180 756 76 31 stöd
1284 767 46 21 av
1355 758 219 33 sistnämnda
1598 762 167 36 paragraf

258 799 201 32 meddelade
483 801 234 38 föreskrifter,

301 851 86 31 eller
410 852 182 32 fortsätter
615 856 129 35 någon,
768 856 120 31 oaktat
912 857 222 32 återkallelse
1158 869 44 21 av
1226 861 175 31 meddelat
1425 863 165 32 tillstånd
1614 865 59 31 till
1697 865 68 32 för-

256 902 160 37 säljning
440 904 84 32 eller
547 906 126 31 förbud
698 907 155 32 däremot
877 908 168 36 delgivits
1070 910 138 37 honom,
1234 913 77 31 med
1335 909 273 47 försäljningen,

300 954 86 31 eller
410 956 121 36 bryter
554 958 118 36 någon
697 960 72 30 mot
792 959 192 36 stadgande
1008 961 12 31 i
1044 962 41 30 22
1109 959 18 37 $
1151 964 17 30 1
1194 973 115 27 mom.,

299 1007 139 31 straffes
461 1018 74 21 som
559 1010 12 30 i
596 1010 40 31 28
661 1006 18 38 $
703 1011 18 30 1
745 1011 63 31 och
832 1012 19 30 2
876 1022 102 21 mom.
1002 1015 91 34 sägs.

964 1117 39 31 35
1029 1114 27 38 $.

299 1188 121 37 Yppar
452 1191 126 36 någon,
618 1201 74 22 som
716 1194 45 34 på
784 1193 115 37 grund
922 1204 44 21 av
992 1194 191 37 stadgande
1207 1197 12 30 i
1243 1197 40 31 17
1308 1195 18 38 $
1350 1198 18 31 3
1393 1209 104 21 mom.
1521 1201 93 35 tagit
1638 1201 55 32 del
1717 1212 44 21 av

255 1241 285 35 partihandlares
564 1243 199 38 bokföring,
786 1245 342 38 affärsförhållande,
1153 1258 120 21 varom
1298 1249 71 31 han
1393 1250 126 33 därvid
1543 1252 70 32 fått
1634 1254 128 31 känne-

254 1291 92 37 dom,
380 1293 62 31 och
475 1294 71 31 kan
581 1295 96 32 detta
705 1296 31 36 ej
764 1306 101 21 anses
889 1298 157 36 påkallat
1071 1309 45 20 av
1140 1299 173 36 tjänstens
1337 1302 158 37 intresse,
1519 1305 141 31 straffes
1684 1306 77 32 med

255 1344 98 31 böter
386 1345 80 31 från
490 1346 63 31 och
576 1347 79 31 med
679 1348 121 32 femtio
824 1349 58 30 till
906 1350 63 30 och
993 1350 77 31 med
1094 1352 138 31 ettusen
1255 1353 141 32 kronor.
1442 1355 86 31 Sker
1551 1356 59 32 det
1634 1357 54 31 för
1710 1359 52 30 att

254 1397 85 34 göra
363 1397 108 31 skada
494 1398 86 31 eller
604 1399 178 37 begagnar
806 1401 70 30 han
900 1402 53 35 sig
976 1412 45 20 av
1045 1402 56 31 sin
1126 1403 195 32 kännedom
1346 1406 57 30 till
1420 1415 85 28 egen
1521 1408 88 31 eller
1624 1419 136 22 annans

255 1447 125 38 fördel,
405 1450 56 30 må
486 1450 120 32 dömas
631 1452 58 30 till
714 1452 167 36 fängelse.

961 1540 39 31 36
1025 1538 28 37 $.

298 1613 29 30 1.
374 1612 64 32 Om
467 1614 199 33 husbondes
693 1617 230 36 ansvarighet
946 1618 54 30 för
1024 1617 173 38 förseelse,
1221 1629 74 22 som
1319 1623 72 29 mot
1414 1622 114 32 denna
1552 1624 208 38 förordning

254 1664 107 36 begås
395 1675 45 21 av
473 1666 89 32 hans
597 1667 139 37 hustru,
771 1669 142 31 husfolk
947 1669 86 31 eller
1057 1670 12 31 i
1093 1670 88 31 hans
1215 1672 117 31 arbete
1367 1675 152 35 antagen
1544 1685 136 28 person,
1703 1687 56 21 om

255 1716 115 31 böters
394 1717 233 38 förvandling
651 1720 63 30 och
738 1720 213 37 fördelning,
975 1731 55 21 om
1055 1723 70 30 rätt
1149 1724 52 29 att
1223 1724 153 31 anställa
1393 1726 72 30 åtal
1486 1727 62 31 och
1566 1729 194 31 verkställa

254 1768 130 36 beslag,
420 1779 56 21 om
510 1771 248 31 övervakande
782 1773 12 30 i
817 1773 118 35 övrigt
963 1783 45 20 av
1033 1773 273 38 förordningens
1330 1777 230 38 efterlevnad,
1585 1790 57 20 om
1666 1780 93 32 dom-

254 1820 78 36 stol,
365 1820 63 31 där
450 1822 255 32 överträdelser
728 1833 45 21 av
797 1824 201 31 densamma
1022 1825 100 31 skola
1145 1826 122 37 åtalas,
1290 1829 92 30 samt
1404 1839 56 21 om
1483 1832 275 36 rättegångsför-

253 1871 164 32 farandet
441 1873 12 31 i
477 1873 132 32 sådana
632 1875 72 30 mål
728 1875 91 31 skall
843 1876 13 30 i
880 1877 218 36 tillämpliga
1122 1877 95 32 delar
1240 1879 105 31 lända
1365 1881 58 30 till
1439 1882 236 33 efterrättelse
1691 1885 67 31 vad

253 1923 13 30 i
290 1924 165 35 gällande
479 1925 211 38 förordning
713 1928 181 36 angående
919 1929 215 37 försäljning
1158 1939 45 21 av
1226 1931 211 37 rusdrycker
1460 1930 153 45 stadgas.

297 1976 29 30 2.
372 1976 275 38 Pilsnerdricka,
682 1988 74 22 som
791 1980 109 36 tagits
924 1980 12 31 i
960 1980 130 37 beslag,
1126 1983 58 29 må
1218 1982 164 38 försäljas
1410 1985 57 31 till
1491 1987 267 35 partihandlare

253 2027 78 31 med
355 2028 268 36 pilsnerdricka.

955 2118 40 31 37
1019 2116 28 37 $.

296 2191 76 32 Vad
408 2193 113 36 enligt
556 2194 115 31 denna
704 2195 208 36 förordning
954 2196 123 31 tillhör
1111 2197 344 39 stadsfullmäktiges
1487 2201 270 39 handläggning

252 2243 219 33 tillkommer
495 2246 12 30 i
531 2246 89 36 stad,
656 2246 62 31 där
752 2247 325 37 stadsfullmäktige
1111 2249 32 36 ej
1179 2249 124 37 finnas,
1328 2251 134 32 allmän
1487 2253 183 37 rådstuga;
1694 2256 64 31 och

251 2295 93 31 skall
379 2296 68 31 vad
483 2307 73 21 som
591 2298 124 31 tillhör
744 2299 376 32 kommunalstämmas
1145 2301 269 38 handläggning
1438 2304 201 33 tillkomma
1662 2307 95 31 kom-

252 2348 366 37 munalfullmäktige,
643 2350 63 31 där
730 2350 131 31 sådana
884 2351 124 31 finnas.

294 2398 77 32 Vad
396 2400 12 31 i
432 2400 114 31 denna
581 2401 209 37 förordning
813 2405 39 28 är
875 2403 141 36 stadgat
1040 2403 12 31 i
1076 2404 169 31 avseende
1268 2406 21 30 å
1312 2407 188 36 magistrat
1524 2419 84 21 vare
1632 2410 13 31 i
1668 2406 87 45 stad,

251 2450 63 31 där
343 2452 188 35 magistrat
559 2453 32 36 ej
617 2453 123 37 finnes,
765 2454 162 36 gällande
951 2465 56 21 om
1031 2455 66 31 den
1121 2456 55 31 för
1200 2457 108 31 sådan
1332 2458 78 32 stad
1434 2461 146 31 särskilt
1603 2462 153 32 tillsatta
