<?xml version="1.0" encoding="UTF-8"?>
<alto xmlns="http://www.loc.gov/standards/alto/ns-v3#" xmlns:xlink="http://www.w3.org/1999/xlink" xmlns:xsi="http://www.w3.org/2001/XMLSchema-instance" xsi:schemaLocation="http://www.loc.gov/standards/alto/ns-v3# http://www.loc.gov/alto/v3/alto-3-0.xsd">
	<Description>
		<MeasurementUnit>pixel</MeasurementUnit>
		<sourceImageInformation>
			<fileName>/tmp/tess_rb2_hwum_input.PNG</fileName>
		</sourceImageInformation>
		<OCRProcessing ID="OCR_0">
			<ocrProcessingStep>
				<processingSoftware>
					<softwareName>tesseract 5.3.0</softwareName>
				</processingSoftware>
			</ocrProcessingStep>
		</OCRProcessing>
	</Description>
	<Layout>
		<Page WIDTH="1902" HEIGHT="2804" PHYSICAL_IMG_NR="0" ID="page_0">
			<PrintSpace HPOS="0" VPOS="0" WIDTH="1902" HEIGHT="2804">
				<ComposedBlock ID="cblock_0" HPOS="275" VPOS="156" WIDTH="1102" HEIGHT="34">
					<TextBlock ID="block_0" HPOS="275" VPOS="156" WIDTH="1102" HEIGHT="34">
						<TextLine ID="line_0" HPOS="275" VPOS="156" WIDTH="1102" HEIGHT="34">
							<String ID="string_0" HPOS="275" VPOS="156" WIDTH="39" HEIGHT="30" WC="0.96" CONTENT="20"/><SP WIDTH="344" VPOS="156" HPOS="314"/>
							<String ID="string_1" HPOS="658" VPOS="159" WIDTH="380" HEIGHT="31" WC="0.91" CONTENT="Jordbruksutskottets"/><SP WIDTH="21" VPOS="159" HPOS="1038"/>
							<String ID="string_2" HPOS="1059" VPOS="158" WIDTH="176" HEIGHT="31" WC="0.96" CONTENT="utlåtande"/><SP WIDTH="21" VPOS="158" HPOS="1235"/>
							<String ID="string_3" HPOS="1256" VPOS="159" WIDTH="48" HEIGHT="30" WC="0.96" CONTENT="Nr"/><SP WIDTH="24" VPOS="159" HPOS="1304"/>
							<String ID="string_4" HPOS="1328" VPOS="159" WIDTH="49" HEIGHT="30" WC="0.96" CONTENT="20."/>
						</TextLine>
					</TextBlock>
				</ComposedBlock>
				<ComposedBlock ID="cblock_1" HPOS="100" VPOS="243" WIDTH="1243" HEIGHT="45">
					<TextBlock ID="block_1" HPOS="100" VPOS="243" WIDTH="1243" HEIGHT="45">
						<TextLine ID="line_1" HPOS="100" VPOS="243" WIDTH="1243" HEIGHT="45">
							<String ID="string_5" HPOS="100" VPOS="243" WIDTH="129" HEIGHT="45" WC="0.95" CONTENT="Utskottet."/><SP WIDTH="95" VPOS="243" HPOS="229"/>
							<String ID="string_6" HPOS="324" VPOS="245" WIDTH="181" HEIGHT="36" WC="0.96" CONTENT="Utskottet,"/><SP WIDTH="26" VPOS="245" HPOS="505"/>
							<String ID="string_7" HPOS="531" VPOS="254" WIDTH="73" HEIGHT="21" WC="0.96" CONTENT="som"/><SP WIDTH="21" VPOS="254" HPOS="604"/>
							<String ID="string_8" HPOS="625" VPOS="245" WIDTH="154" HEIGHT="30" WC="0.96" CONTENT="biträder"/><SP WIDTH="22" VPOS="245" HPOS="779"/>
							<String ID="string_9" HPOS="801" VPOS="243" WIDTH="309" HEIGHT="37" WC="0.96" CONTENT="framställningen,"/><SP WIDTH="25" VPOS="243" HPOS="1110"/>
							<String ID="string_10" HPOS="1135" VPOS="243" WIDTH="208" HEIGHT="36" WC="0.96" CONTENT="hemställer,"/>
						</TextLine>
					</TextBlock>
				</ComposedBlock>
				<ComposedBlock ID="cblock_2" HPOS="587" VPOS="342" WIDTH="1197" HEIGHT="140">
					<TextBlock ID="block_2" HPOS="587" VPOS="342" WIDTH="1197" HEIGHT="140">
						<TextLine ID="line_2" HPOS="630" VPOS="342" WIDTH="1154" HEIGHT="39">
							<String ID="string_11" HPOS="630" VPOS="348" WIDTH="50" HEIGHT="28" WC="0.96" CONTENT="att"/><SP WIDTH="21" VPOS="348" HPOS="680"/>
							<String ID="string_12" HPOS="701" VPOS="345" WIDTH="183" HEIGHT="36" WC="0.95" CONTENT="riksdagen"/><SP WIDTH="22" VPOS="345" HPOS="884"/>
							<String ID="string_13" HPOS="906" VPOS="343" WIDTH="60" HEIGHT="32" WC="0.96" CONTENT="må"/><SP WIDTH="20" VPOS="343" HPOS="966"/>
							<String ID="string_14" HPOS="986" VPOS="345" WIDTH="51" HEIGHT="29" WC="0.96" CONTENT="till"/><SP WIDTH="21" VPOS="345" HPOS="1037"/>
							<String ID="string_15" HPOS="1058" VPOS="344" WIDTH="72" HEIGHT="30" WC="0.96" CONTENT="Lån"/><SP WIDTH="23" VPOS="344" HPOS="1130"/>
							<String ID="string_16" HPOS="1153" VPOS="344" WIDTH="51" HEIGHT="31" WC="0.96" CONTENT="till"/><SP WIDTH="21" VPOS="344" HPOS="1204"/>
							<String ID="string_17" HPOS="1225" VPOS="343" WIDTH="198" HEIGHT="38" WC="0.96" CONTENT="främjande"/><SP WIDTH="22" VPOS="343" HPOS="1423"/>
							<String ID="string_18" HPOS="1445" VPOS="352" WIDTH="41" HEIGHT="21" WC="0.96" CONTENT="av"/><SP WIDTH="24" VPOS="352" HPOS="1486"/>
							<String ID="string_19" HPOS="1510" VPOS="342" WIDTH="187" HEIGHT="37" WC="0.96" CONTENT="beredning"/><SP WIDTH="22" VPOS="342" HPOS="1697"/>
							<String ID="string_20" HPOS="1719" VPOS="343" WIDTH="65" HEIGHT="30" WC="0.96" CONTENT="och"/>
						</TextLine>
						<TextLine ID="line_3" HPOS="587" VPOS="389" WIDTH="1196" HEIGHT="44">
							<String ID="string_21" HPOS="587" VPOS="395" WIDTH="197" HEIGHT="37" WC="0.95" CONTENT="avsättning"/><SP WIDTH="24" VPOS="395" HPOS="784"/>
							<String ID="string_22" HPOS="808" VPOS="405" WIDTH="40" HEIGHT="21" WC="0.96" CONTENT="av"/><SP WIDTH="26" VPOS="405" HPOS="848"/>
							<String ID="string_23" HPOS="874" VPOS="395" WIDTH="70" HEIGHT="38" WC="0.93" CONTENT="fisk"/><SP WIDTH="26" VPOS="395" HPOS="944"/>
							<String ID="string_24" HPOS="970" VPOS="404" WIDTH="46" HEIGHT="21" WC="0.91" CONTENT="m."/><SP WIDTH="26" VPOS="404" HPOS="1016"/>
							<String ID="string_25" HPOS="1042" VPOS="404" WIDTH="44" HEIGHT="20" WC="0.92" CONTENT="m."/><SP WIDTH="29" VPOS="404" HPOS="1086"/>
							<String ID="string_26" HPOS="1115" VPOS="394" WIDTH="55" HEIGHT="30" WC="0.96" CONTENT="för"/><SP WIDTH="25" VPOS="394" HPOS="1170"/>
							<String ID="string_27" HPOS="1195" VPOS="392" WIDTH="200" HEIGHT="37" WC="0.93" CONTENT="budgetåret"/><SP WIDTH="30" VPOS="392" HPOS="1395"/>
							<String ID="string_28" HPOS="1425" VPOS="389" WIDTH="140" HEIGHT="34" WC="0.92" CONTENT="1941/42"/><SP WIDTH="25" VPOS="389" HPOS="1565"/>
							<String ID="string_29" HPOS="1590" VPOS="392" WIDTH="122" HEIGHT="31" WC="0.96" CONTENT="anvisa"/><SP WIDTH="26" VPOS="392" HPOS="1712"/>
							<String ID="string_30" HPOS="1738" VPOS="395" WIDTH="45" HEIGHT="28" WC="0.96" CONTENT="ett"/>
						</TextLine>
						<TextLine ID="line_4" HPOS="587" VPOS="444" WIDTH="748" HEIGHT="38">
							<String ID="string_31" HPOS="587" VPOS="445" WIDTH="349" HEIGHT="37" WC="0.91" CONTENT="reservationsanslag"/><SP WIDTH="26" VPOS="445" HPOS="936"/>
							<String ID="string_32" HPOS="962" VPOS="454" WIDTH="42" HEIGHT="21" WC="0.93" CONTENT="av"/><SP WIDTH="30" VPOS="454" HPOS="1004"/>
							<String ID="string_33" HPOS="1034" VPOS="444" WIDTH="136" HEIGHT="36" WC="0.91" CONTENT="150,000"/><SP WIDTH="27" VPOS="444" HPOS="1170"/>
							<String ID="string_34" HPOS="1197" VPOS="444" WIDTH="138" HEIGHT="30" WC="0.96" CONTENT="kronor."/>
						</TextLine>
					</TextBlock>
				</ComposedBlock>
				<ComposedBlock ID="cblock_3" HPOS="759" VPOS="640" WIDTH="555" HEIGHT="53">
					<TextBlock ID="block_3" HPOS="759" VPOS="640" WIDTH="555" HEIGHT="53">
						<TextLine ID="line_5" HPOS="759" VPOS="640" WIDTH="555" HEIGHT="53">
							<String ID="string_35" HPOS="759" VPOS="643" WIDTH="184" HEIGHT="39" WC="0.93" CONTENT="Diverse"/><SP WIDTH="28" VPOS="643" HPOS="943"/>
							<String ID="string_36" HPOS="971" VPOS="640" WIDTH="343" HEIGHT="53" WC="0.91" CONTENT="kapitalfonder."/>
						</TextLine>
					</TextBlock>
				</ComposedBlock>
				<ComposedBlock ID="cblock_4" HPOS="283" VPOS="763" WIDTH="1503" HEIGHT="91">
					<TextBlock ID="block_4" HPOS="283" VPOS="763" WIDTH="1503" HEIGHT="91">
						<TextLine ID="line_6" HPOS="326" VPOS="763" WIDTH="1460" HEIGHT="43">
							<String ID="string_37" HPOS="326" VPOS="767" WIDTH="89" HEIGHT="39" WC="0.78" CONTENT="27:0)"/><SP WIDTH="49" VPOS="767" HPOS="415"/>
							<String ID="string_38" HPOS="464" VPOS="767" WIDTH="234" HEIGHT="31" WC="0.59" CONTENT="Jordfonden."/><SP WIDTH="35" VPOS="767" HPOS="698"/>
							<String ID="string_39" HPOS="733" VPOS="767" WIDTH="14" HEIGHT="30" WC="0.95" CONTENT="I"/><SP WIDTH="33" VPOS="767" HPOS="747"/>
							<String ID="string_40" HPOS="780" VPOS="767" WIDTH="149" HEIGHT="37" WC="0.96" CONTENT="enlighet"/><SP WIDTH="34" VPOS="767" HPOS="929"/>
							<String ID="string_41" HPOS="963" VPOS="767" WIDTH="79" HEIGHT="30" WC="0.96" CONTENT="med"/><SP WIDTH="33" VPOS="767" HPOS="1042"/>
							<String ID="string_42" HPOS="1075" VPOS="766" WIDTH="123" HEIGHT="36" WC="0.95" CONTENT="Kungl."/><SP WIDTH="37" VPOS="766" HPOS="1198"/>
							<String ID="string_43" HPOS="1235" VPOS="765" WIDTH="116" HEIGHT="37" WC="0.95" CONTENT="Maj:ts"/><SP WIDTH="34" VPOS="765" HPOS="1351"/>
							<String ID="string_44" HPOS="1385" VPOS="764" WIDTH="257" HEIGHT="37" WC="0.96" CONTENT="framställning"/><SP WIDTH="34" VPOS="764" HPOS="1642"/>
							<String ID="string_45" HPOS="1676" VPOS="763" WIDTH="110" HEIGHT="31" WC="0.96" CONTENT="under"/>
						</TextLine>
						<TextLine ID="line_7" HPOS="283" VPOS="818" WIDTH="601" HEIGHT="36">
							<String ID="string_46" HPOS="283" VPOS="819" WIDTH="108" HEIGHT="35" WC="0.96" CONTENT="punkt"/><SP WIDTH="26" VPOS="819" HPOS="391"/>
							<String ID="string_47" HPOS="417" VPOS="819" WIDTH="40" HEIGHT="29" WC="0.96" CONTENT="27"/><SP WIDTH="29" VPOS="819" HPOS="457"/>
							<String ID="string_48" HPOS="486" VPOS="818" WIDTH="198" HEIGHT="30" WC="0.96" CONTENT="hemställer"/><SP WIDTH="27" VPOS="818" HPOS="684"/>
							<String ID="string_49" HPOS="711" VPOS="818" WIDTH="173" HEIGHT="36" WC="0.96" CONTENT="utskottet,"/>
						</TextLine>
					</TextBlock>
				</ComposedBlock>
				<ComposedBlock ID="cblock_5" HPOS="588" VPOS="909" WIDTH="1196" HEIGHT="94">
					<TextBlock ID="block_5" HPOS="588" VPOS="909" WIDTH="1196" HEIGHT="94">
						<TextLine ID="line_8" HPOS="630" VPOS="909" WIDTH="1154" HEIGHT="44">
							<String ID="string_50" HPOS="630" VPOS="921" WIDTH="51" HEIGHT="27" WC="0.96" CONTENT="att"/><SP WIDTH="27" VPOS="921" HPOS="681"/>
							<String ID="string_51" HPOS="708" VPOS="917" WIDTH="184" HEIGHT="36" WC="0.96" CONTENT="riksdagen"/><SP WIDTH="27" VPOS="917" HPOS="892"/>
							<String ID="string_52" HPOS="919" VPOS="916" WIDTH="59" HEIGHT="32" WC="0.95" CONTENT="må"/><SP WIDTH="27" VPOS="916" HPOS="978"/>
							<String ID="string_53" HPOS="1005" VPOS="917" WIDTH="51" HEIGHT="30" WC="0.93" CONTENT="till"/><SP WIDTH="27" VPOS="917" HPOS="1056"/>
							<String ID="string_54" HPOS="1083" VPOS="915" WIDTH="217" HEIGHT="38" WC="0.93" CONTENT="Jordfonden"/><SP WIDTH="28" VPOS="915" HPOS="1300"/>
							<String ID="string_55" HPOS="1328" VPOS="915" WIDTH="55" HEIGHT="30" WC="0.96" CONTENT="för"/><SP WIDTH="28" VPOS="915" HPOS="1383"/>
							<String ID="string_56" HPOS="1411" VPOS="913" WIDTH="201" HEIGHT="38" WC="0.93" CONTENT="budgetåret"/><SP WIDTH="31" VPOS="913" HPOS="1612"/>
							<String ID="string_57" HPOS="1643" VPOS="909" WIDTH="141" HEIGHT="34" WC="0.92" CONTENT="1941/42"/>
						</TextLine>
						<TextLine ID="line_9" HPOS="588" VPOS="964" WIDTH="980" HEIGHT="39">
							<String ID="string_58" HPOS="588" VPOS="967" WIDTH="122" HEIGHT="32" WC="0.96" CONTENT="anvisa"/><SP WIDTH="22" VPOS="967" HPOS="710"/>
							<String ID="string_59" HPOS="732" VPOS="969" WIDTH="46" HEIGHT="29" WC="0.93" CONTENT="ett"/><SP WIDTH="21" VPOS="969" HPOS="778"/>
							<String ID="string_60" HPOS="799" VPOS="966" WIDTH="348" HEIGHT="37" WC="0.91" CONTENT="reservationsanslag"/><SP WIDTH="23" VPOS="966" HPOS="1147"/>
							<String ID="string_61" HPOS="1170" VPOS="974" WIDTH="42" HEIGHT="22" WC="0.93" CONTENT="av"/><SP WIDTH="22" VPOS="974" HPOS="1212"/>
							<String ID="string_62" HPOS="1234" VPOS="964" WIDTH="173" HEIGHT="37" WC="0.88" CONTENT="2,000,000"/><SP WIDTH="23" VPOS="964" HPOS="1407"/>
							<String ID="string_63" HPOS="1430" VPOS="965" WIDTH="138" HEIGHT="29" WC="0.96" CONTENT="kronor."/>
						</TextLine>
					</TextBlock>
				</ComposedBlock>
				<ComposedBlock ID="cblock_6" HPOS="283" VPOS="1096" WIDTH="1504" HEIGHT="195">
					<TextBlock ID="block_6" HPOS="283" VPOS="1096" WIDTH="1504" HEIGHT="195">
						<TextLine ID="line_10" HPOS="325" VPOS="1096" WIDTH="1459" HEIGHT="44">
							<String ID="string_64" HPOS="325" VPOS="1101" WIDTH="88" HEIGHT="39" WC="0.91" CONTENT="28:0)"/><SP WIDTH="44" VPOS="1101" HPOS="413"/>
							<String ID="string_65" HPOS="457" VPOS="1101" WIDTH="496" HEIGHT="37" WC="0.85" CONTENT="Arrendeegnahemsfonden."/><SP WIDTH="41" VPOS="1101" HPOS="953"/>
							<String ID="string_66" HPOS="994" VPOS="1100" WIDTH="78" HEIGHT="31" WC="0.93" CONTENT="Med"/><SP WIDTH="29" VPOS="1100" HPOS="1072"/>
							<String ID="string_67" HPOS="1101" VPOS="1099" WIDTH="246" HEIGHT="37" WC="0.90" CONTENT="tillstyrkande"/><SP WIDTH="29" VPOS="1099" HPOS="1347"/>
							<String ID="string_68" HPOS="1376" VPOS="1108" WIDTH="43" HEIGHT="20" WC="0.96" CONTENT="av"/><SP WIDTH="29" VPOS="1108" HPOS="1419"/>
							<String ID="string_69" HPOS="1448" VPOS="1097" WIDTH="99" HEIGHT="30" WC="0.94" CONTENT="bifall"/><SP WIDTH="29" VPOS="1097" HPOS="1547"/>
							<String ID="string_70" HPOS="1576" VPOS="1097" WIDTH="53" HEIGHT="30" WC="0.95" CONTENT="till"/><SP WIDTH="31" VPOS="1097" HPOS="1629"/>
							<String ID="string_71" HPOS="1660" VPOS="1096" WIDTH="124" HEIGHT="36" WC="0.94" CONTENT="Kungl."/>
						</TextLine>
						<TextLine ID="line_11" HPOS="284" VPOS="1146" WIDTH="1503" HEIGHT="44">
							<String ID="string_72" HPOS="284" VPOS="1154" WIDTH="115" HEIGHT="36" WC="0.96" CONTENT="Maj:ts"/><SP WIDTH="24" VPOS="1154" HPOS="399"/>
							<String ID="string_73" HPOS="423" VPOS="1154" WIDTH="258" HEIGHT="36" WC="0.96" CONTENT="framställning"/><SP WIDTH="21" VPOS="1154" HPOS="681"/>
							<String ID="string_74" HPOS="702" VPOS="1153" WIDTH="110" HEIGHT="30" WC="0.96" CONTENT="under"/><SP WIDTH="21" VPOS="1153" HPOS="812"/>
							<String ID="string_75" HPOS="833" VPOS="1153" WIDTH="112" HEIGHT="36" WC="0.96" CONTENT="punkt"/><SP WIDTH="25" VPOS="1153" HPOS="945"/>
							<String ID="string_76" HPOS="970" VPOS="1153" WIDTH="40" HEIGHT="29" WC="0.96" CONTENT="28"/><SP WIDTH="22" VPOS="1153" HPOS="1010"/>
							<String ID="string_77" HPOS="1032" VPOS="1152" WIDTH="65" HEIGHT="29" WC="0.96" CONTENT="och"/><SP WIDTH="22" VPOS="1152" HPOS="1097"/>
							<String ID="string_78" HPOS="1119" VPOS="1151" WIDTH="112" HEIGHT="30" WC="0.96" CONTENT="under"/><SP WIDTH="20" VPOS="1151" HPOS="1231"/>
							<String ID="string_79" HPOS="1251" VPOS="1150" WIDTH="148" HEIGHT="35" WC="0.96" CONTENT="erinran,"/><SP WIDTH="24" VPOS="1150" HPOS="1399"/>
							<String ID="string_80" HPOS="1423" VPOS="1151" WIDTH="50" HEIGHT="28" WC="0.96" CONTENT="att"/><SP WIDTH="23" VPOS="1151" HPOS="1473"/>
							<String ID="string_81" HPOS="1496" VPOS="1148" WIDTH="122" HEIGHT="36" WC="0.92" CONTENT="Kungl."/><SP WIDTH="25" VPOS="1148" HPOS="1618"/>
							<String ID="string_82" HPOS="1643" VPOS="1146" WIDTH="102" HEIGHT="44" WC="0.93" CONTENT="Maj:t"/><SP WIDTH="22" VPOS="1146" HPOS="1745"/>
							<String ID="string_83" HPOS="1767" VPOS="1146" WIDTH="20" HEIGHT="30" WC="0.92" CONTENT="å"/>
						</TextLine>
						<TextLine ID="line_12" HPOS="284" VPOS="1189" WIDTH="1503" HEIGHT="52">
							<String ID="string_84" HPOS="284" VPOS="1205" WIDTH="256" HEIGHT="36" WC="0.91" CONTENT="driftbudgeten"/><SP WIDTH="18" VPOS="1205" HPOS="540"/>
							<String ID="string_85" HPOS="558" VPOS="1204" WIDTH="178" HEIGHT="36" WC="0.96" CONTENT="föreslagit"/><SP WIDTH="19" VPOS="1204" HPOS="736"/>
							<String ID="string_86" HPOS="755" VPOS="1206" WIDTH="49" HEIGHT="27" WC="0.96" CONTENT="att"/><SP WIDTH="18" VPOS="1206" HPOS="804"/>
							<String ID="string_87" HPOS="822" VPOS="1203" WIDTH="50" HEIGHT="30" WC="0.96" CONTENT="till"/><SP WIDTH="21" VPOS="1203" HPOS="872"/>
							<String ID="string_88" HPOS="893" VPOS="1202" WIDTH="222" HEIGHT="36" WC="0.96" CONTENT="avskrivning"/><SP WIDTH="20" VPOS="1202" HPOS="1115"/>
							<String ID="string_89" HPOS="1135" VPOS="1210" WIDTH="44" HEIGHT="21" WC="0.96" CONTENT="av"/><SP WIDTH="20" VPOS="1210" HPOS="1179"/>
							<String ID="string_90" HPOS="1199" VPOS="1200" WIDTH="228" HEIGHT="31" WC="0.95" CONTENT="förevarande"/><SP WIDTH="19" VPOS="1200" HPOS="1427"/>
							<String ID="string_91" HPOS="1446" VPOS="1189" WIDTH="341" HEIGHT="50" WC="0.91" CONTENT="kapitalinvestering"/>
						</TextLine>
						<TextLine ID="line_13" HPOS="283" VPOS="1252" WIDTH="1007" HEIGHT="39">
							<String ID="string_92" HPOS="283" VPOS="1255" WIDTH="104" HEIGHT="32" WC="0.96" CONTENT="måtte"/><SP WIDTH="21" VPOS="1255" HPOS="387"/>
							<String ID="string_93" HPOS="408" VPOS="1255" WIDTH="139" HEIGHT="31" WC="0.92" CONTENT="anvisas"/><SP WIDTH="21" VPOS="1255" HPOS="547"/>
							<String ID="string_94" HPOS="568" VPOS="1255" WIDTH="142" HEIGHT="36" WC="0.90" CONTENT="375,000"/><SP WIDTH="23" VPOS="1255" HPOS="710"/>
							<String ID="string_95" HPOS="733" VPOS="1255" WIDTH="137" HEIGHT="34" WC="0.96" CONTENT="kronor,"/><SP WIDTH="24" VPOS="1255" HPOS="870"/>
							<String ID="string_96" HPOS="894" VPOS="1253" WIDTH="199" HEIGHT="30" WC="0.96" CONTENT="hemställer"/><SP WIDTH="21" VPOS="1253" HPOS="1093"/>
							<String ID="string_97" HPOS="1114" VPOS="1252" WIDTH="176" HEIGHT="35" WC="0.96" CONTENT="utskottet,"/>
						</TextLine>
					</TextBlock>
				</ComposedBlock>
				<ComposedBlock ID="cblock_7" HPOS="587" VPOS="1341" WIDTH="1199" HEIGHT="136">
					<TextBlock ID="block_7" HPOS="587" VPOS="1341" WIDTH="1199" HEIGHT="136">
						<TextLine ID="line_14" HPOS="633" VPOS="1341" WIDTH="1152" HEIGHT="40">
							<String ID="string_98" HPOS="633" VPOS="1349" WIDTH="51" HEIGHT="27" WC="0.96" CONTENT="att"/><SP WIDTH="23" VPOS="1349" HPOS="684"/>
							<String ID="string_99" HPOS="707" VPOS="1345" WIDTH="183" HEIGHT="36" WC="0.96" CONTENT="riksdagen"/><SP WIDTH="23" VPOS="1345" HPOS="890"/>
							<String ID="string_100" HPOS="913" VPOS="1344" WIDTH="58" HEIGHT="31" WC="0.96" CONTENT="må"/><SP WIDTH="24" VPOS="1344" HPOS="971"/>
							<String ID="string_101" HPOS="995" VPOS="1345" WIDTH="51" HEIGHT="30" WC="0.92" CONTENT="till"/><SP WIDTH="23" VPOS="1345" HPOS="1046"/>
							<String ID="string_102" HPOS="1069" VPOS="1342" WIDTH="472" HEIGHT="38" WC="0.91" CONTENT="Arrendeegnahemsfonden"/><SP WIDTH="25" VPOS="1342" HPOS="1541"/>
							<String ID="string_103" HPOS="1566" VPOS="1341" WIDTH="55" HEIGHT="31" WC="0.93" CONTENT="för"/><SP WIDTH="24" VPOS="1341" HPOS="1621"/>
							<String ID="string_104" HPOS="1645" VPOS="1341" WIDTH="140" HEIGHT="35" WC="0.92" CONTENT="budget-"/>
						</TextLine>
						<TextLine ID="line_15" HPOS="587" VPOS="1391" WIDTH="1199" HEIGHT="38">
							<String ID="string_105" HPOS="587" VPOS="1395" WIDTH="72" HEIGHT="32" WC="0.93" CONTENT="året"/><SP WIDTH="29" VPOS="1395" HPOS="659"/>
							<String ID="string_106" HPOS="688" VPOS="1392" WIDTH="140" HEIGHT="34" WC="0.90" CONTENT="1941/42"/><SP WIDTH="25" VPOS="1392" HPOS="828"/>
							<String ID="string_107" HPOS="853" VPOS="1394" WIDTH="122" HEIGHT="32" WC="0.96" CONTENT="anvisa"/><SP WIDTH="25" VPOS="1394" HPOS="975"/>
							<String ID="string_108" HPOS="1000" VPOS="1397" WIDTH="46" HEIGHT="28" WC="0.93" CONTENT="ett"/><SP WIDTH="24" VPOS="1397" HPOS="1046"/>
							<String ID="string_109" HPOS="1070" VPOS="1392" WIDTH="350" HEIGHT="37" WC="0.91" CONTENT="reservationsanslag"/><SP WIDTH="24" VPOS="1392" HPOS="1420"/>
							<String ID="string_110" HPOS="1444" VPOS="1401" WIDTH="42" HEIGHT="21" WC="0.93" CONTENT="av"/><SP WIDTH="27" VPOS="1401" HPOS="1486"/>
							<String ID="string_111" HPOS="1513" VPOS="1391" WIDTH="172" HEIGHT="36" WC="0.91" CONTENT="1,500,000"/><SP WIDTH="25" VPOS="1391" HPOS="1685"/>
							<String ID="string_112" HPOS="1710" VPOS="1391" WIDTH="76" HEIGHT="29" WC="0.92" CONTENT="kro-"/>
						</TextLine>
						<TextLine ID="line_16" HPOS="590" VPOS="1456" WIDTH="73" HEIGHT="21">
							<String ID="string_113" HPOS="590" VPOS="1456" WIDTH="73" HEIGHT="21" WC="0.95" CONTENT="nor."/>
						</TextLine>
					</TextBlock>
				</ComposedBlock>
				<ComposedBlock ID="cblock_8" HPOS="328" VPOS="1546" WIDTH="1012" HEIGHT="137">
					<TextBlock ID="block_8" HPOS="328" VPOS="1546" WIDTH="1012" HEIGHT="137">
						<TextLine ID="line_17" HPOS="328" VPOS="1546" WIDTH="587" HEIGHT="34">
							<String ID="string_114" HPOS="328" VPOS="1549" WIDTH="201" HEIGHT="31" WC="0.96" CONTENT="Stockholm"/><SP WIDTH="22" VPOS="1549" HPOS="529"/>
							<String ID="string_115" HPOS="551" VPOS="1549" WIDTH="65" HEIGHT="30" WC="0.96" CONTENT="den"/><SP WIDTH="24" VPOS="1549" HPOS="616"/>
							<String ID="string_116" HPOS="640" VPOS="1548" WIDTH="39" HEIGHT="30" WC="0.96" CONTENT="27"/><SP WIDTH="27" VPOS="1548" HPOS="679"/>
							<String ID="string_117" HPOS="706" VPOS="1556" WIDTH="92" HEIGHT="21" WC="0.96" CONTENT="mars"/><SP WIDTH="24" VPOS="1556" HPOS="798"/>
							<String ID="string_118" HPOS="822" VPOS="1546" WIDTH="93" HEIGHT="30" WC="0.96" CONTENT="1941."/>
						</TextLine>
						<TextLine ID="line_18" HPOS="729" VPOS="1644" WIDTH="611" HEIGHT="39">
							<String ID="string_119" HPOS="729" VPOS="1646" WIDTH="47" HEIGHT="31" WC="0.93" CONTENT="På"/><SP WIDTH="24" VPOS="1646" HPOS="776"/>
							<String ID="string_120" HPOS="800" VPOS="1645" WIDTH="372" HEIGHT="38" WC="0.91" CONTENT="jordbruksutskottets"/><SP WIDTH="27" VPOS="1645" HPOS="1172"/>
							<String ID="string_121" HPOS="1199" VPOS="1644" WIDTH="141" HEIGHT="35" WC="0.96" CONTENT="vägnar:"/>
						</TextLine>
					</TextBlock>
				</ComposedBlock>
				<ComposedBlock ID="cblock_9" HPOS="866" VPOS="1740" WIDTH="336" HEIGHT="36">
					<TextBlock ID="block_9" HPOS="866" VPOS="1740" WIDTH="336" HEIGHT="36">
						<TextLine ID="line_19" HPOS="866" VPOS="1740" WIDTH="336" HEIGHT="36">
							<String ID="string_122" HPOS="866" VPOS="1746" WIDTH="35" HEIGHT="30" WC="0.89" CONTENT="L."/><SP WIDTH="32" VPOS="1746" HPOS="901"/>
							<String ID="string_123" HPOS="933" VPOS="1740" WIDTH="269" HEIGHT="35" WC="0.91" CONTENT="TJÄLLGREN."/>
						</TextLine>
					</TextBlock>
				</ComposedBlock>
				<ComposedBlock ID="cblock_10" HPOS="286" VPOS="2044" WIDTH="1505" HEIGHT="277">
					<TextBlock ID="block_10" HPOS="328" VPOS="2044" WIDTH="782" HEIGHT="33">
						<TextLine ID="line_20" HPOS="328" VPOS="2044" WIDTH="782" HEIGHT="33">
							<String ID="string_124" HPOS="328" VPOS="2051" WIDTH="51" HEIGHT="24" WC="0.96" CONTENT="Vid"/><SP WIDTH="19" VPOS="2051" HPOS="379"/>
							<String ID="string_125" HPOS="398" VPOS="2051" WIDTH="78" HEIGHT="24" WC="0.92" CONTENT="detta"/><SP WIDTH="19" VPOS="2051" HPOS="476"/>
							<String ID="string_126" HPOS="495" VPOS="2049" WIDTH="118" HEIGHT="25" WC="0.92" CONTENT="ärendes"/><SP WIDTH="20" VPOS="2049" HPOS="613"/>
							<String ID="string_127" HPOS="633" VPOS="2046" WIDTH="231" HEIGHT="31" WC="0.91" CONTENT="slutbehandling"/><SP WIDTH="18" VPOS="2046" HPOS="864"/>
							<String ID="string_128" HPOS="882" VPOS="2045" WIDTH="75" HEIGHT="25" WC="0.93" CONTENT="hava"/><SP WIDTH="17" VPOS="2045" HPOS="957"/>
							<String ID="string_129" HPOS="974" VPOS="2044" WIDTH="136" HEIGHT="24" WC="0.92" CONTENT="närvarit:"/>
						</TextLine>
					</TextBlock>
					<TextBlock ID="block_11" HPOS="286" VPOS="2096" WIDTH="1504" HEIGHT="86">
						<TextLine ID="line_21" HPOS="327" VPOS="2096" WIDTH="1463" HEIGHT="40">
							<String ID="string_130" HPOS="327" VPOS="2109" WIDTH="64" HEIGHT="26" WC="0.96" CONTENT="från"/><SP WIDTH="22" VPOS="2109" HPOS="391"/>
							<String ID="string_131" HPOS="413" VPOS="2109" WIDTH="137" HEIGHT="25" WC="0.96" CONTENT="första"/><SP WIDTH="20" VPOS="2109" HPOS="550"/>
							<String ID="string_132" HPOS="570" VPOS="2108" WIDTH="180" HEIGHT="24" WC="0.95" CONTENT="kammaren:"/><SP WIDTH="23" VPOS="2108" HPOS="750"/>
							<String ID="string_133" HPOS="773" VPOS="2106" WIDTH="96" HEIGHT="24" WC="0.93" CONTENT="herrar"/><SP WIDTH="23" VPOS="2106" HPOS="869"/>
							<String ID="string_134" HPOS="892" VPOS="2103" WIDTH="151" HEIGHT="33" WC="0.92" CONTENT="Tjällgren,"/><SP WIDTH="26" VPOS="2103" HPOS="1043"/>
							<String ID="string_135" HPOS="1069" VPOS="2102" WIDTH="63" HEIGHT="25" WC="0.96" CONTENT="Carl"/><SP WIDTH="22" VPOS="2102" HPOS="1132"/>
							<String ID="string_136" HPOS="1154" VPOS="2101" WIDTH="147" HEIGHT="30" WC="0.95" CONTENT="Eriksson,"/><SP WIDTH="21" VPOS="2101" HPOS="1301"/>
							<String ID="string_137" HPOS="1322" VPOS="2100" WIDTH="134" HEIGHT="29" WC="0.95" CONTENT="Granath,"/><SP WIDTH="26" VPOS="2100" HPOS="1456"/>
							<String ID="string_138" HPOS="1482" VPOS="2098" WIDTH="189" HEIGHT="30" WC="0.95" CONTENT="Gabrielsson,"/><SP WIDTH="24" VPOS="2098" HPOS="1671"/>
							<String ID="string_139" HPOS="1695" VPOS="2096" WIDTH="95" HEIGHT="31" WC="0.90" CONTENT="Aljred"/>
						</TextLine>
						<TextLine ID="line_22" HPOS="286" VPOS="2143" WIDTH="1152" HEIGHT="39">
							<String ID="string_140" HPOS="286" VPOS="2153" WIDTH="169" HEIGHT="29" WC="0.96" CONTENT="Andersson,"/><SP WIDTH="20" VPOS="2153" HPOS="455"/>
							<String ID="string_141" HPOS="475" VPOS="2151" WIDTH="90" HEIGHT="25" WC="0.96" CONTENT="Jacob"/><SP WIDTH="19" VPOS="2151" HPOS="565"/>
							<String ID="string_142" HPOS="584" VPOS="2151" WIDTH="144" HEIGHT="28" WC="0.93" CONTENT="Hansson,"/><SP WIDTH="20" VPOS="2151" HPOS="728"/>
							<String ID="string_143" HPOS="748" VPOS="2147" WIDTH="221" HEIGHT="26" WC="0.89" CONTENT="Mannerskantz"/><SP WIDTH="21" VPOS="2147" HPOS="969"/>
							<String ID="string_144" HPOS="990" VPOS="2146" WIDTH="53" HEIGHT="24" WC="0.96" CONTENT="och"/><SP WIDTH="21" VPOS="2146" HPOS="1043"/>
							<String ID="string_145" HPOS="1064" VPOS="2144" WIDTH="123" HEIGHT="31" WC="0.96" CONTENT="Gottfrid"/><SP WIDTH="21" VPOS="2144" HPOS="1187"/>
							<String ID="string_146" HPOS="1208" VPOS="2143" WIDTH="136" HEIGHT="25" WC="0.96" CONTENT="Karlsson"/><SP WIDTH="20" VPOS="2143" HPOS="1344"/>
							<String ID="string_147" HPOS="1364" VPOS="2144" WIDTH="74" HEIGHT="23" WC="0.96" CONTENT="samt"/>
						</TextLine>
					</TextBlock>
					<TextBlock ID="block_12" HPOS="286" VPOS="2197" WIDTH="1505" HEIGHT="124">
						<TextLine ID="line_23" HPOS="329" VPOS="2197" WIDTH="1461" HEIGHT="39">
							<String ID="string_148" HPOS="329" VPOS="2210" WIDTH="63" HEIGHT="26" WC="0.96" CONTENT="från"/><SP WIDTH="29" VPOS="2210" HPOS="392"/>
							<String ID="string_149" HPOS="421" VPOS="2210" WIDTH="126" HEIGHT="25" WC="0.95" CONTENT="andra"/><SP WIDTH="26" VPOS="2210" HPOS="547"/>
							<String ID="string_150" HPOS="573" VPOS="2209" WIDTH="179" HEIGHT="24" WC="0.95" CONTENT="kammaren:"/><SP WIDTH="28" VPOS="2209" HPOS="752"/>
							<String ID="string_151" HPOS="780" VPOS="2207" WIDTH="97" HEIGHT="24" WC="0.96" CONTENT="herrar"/><SP WIDTH="28" VPOS="2207" HPOS="877"/>
							<String ID="string_152" HPOS="905" VPOS="2205" WIDTH="164" HEIGHT="25" WC="0.96" CONTENT="Andersson"/><SP WIDTH="25" VPOS="2205" HPOS="1069"/>
							<String ID="string_153" HPOS="1094" VPOS="2204" WIDTH="8" HEIGHT="24" WC="0.93" CONTENT="i"/><SP WIDTH="26" VPOS="2204" HPOS="1102"/>
							<String ID="string_154" HPOS="1128" VPOS="2203" WIDTH="109" HEIGHT="28" WC="0.89" CONTENT="Löbbo,"/><SP WIDTH="29" VPOS="2203" HPOS="1237"/>
							<String ID="string_155" HPOS="1266" VPOS="2202" WIDTH="134" HEIGHT="24" WC="0.96" CONTENT="Ericsson"/><SP WIDTH="26" VPOS="2202" HPOS="1400"/>
							<String ID="string_156" HPOS="1426" VPOS="2201" WIDTH="8" HEIGHT="24" WC="0.93" CONTENT="i"/><SP WIDTH="28" VPOS="2201" HPOS="1434"/>
							<String ID="string_157" HPOS="1462" VPOS="2199" WIDTH="126" HEIGHT="32" WC="0.91" CONTENT="Sörsjön,"/><SP WIDTH="30" VPOS="2199" HPOS="1588"/>
							<String ID="string_158" HPOS="1618" VPOS="2199" WIDTH="139" HEIGHT="25" WC="0.95" CONTENT="Karlsson"/><SP WIDTH="25" VPOS="2199" HPOS="1757"/>
							<String ID="string_159" HPOS="1782" VPOS="2197" WIDTH="8" HEIGHT="24" WC="0.91" CONTENT="i"/>
						</TextLine>
						<TextLine ID="line_24" HPOS="286" VPOS="2241" WIDTH="1505" HEIGHT="41">
							<String ID="string_160" HPOS="286" VPOS="2253" WIDTH="160" HEIGHT="29" WC="0.93" CONTENT="Munkedal,"/><SP WIDTH="21" VPOS="2253" HPOS="446"/>
							<String ID="string_161" HPOS="467" VPOS="2251" WIDTH="96" HEIGHT="31" WC="0.90" CONTENT="Mäler,"/><SP WIDTH="19" VPOS="2251" HPOS="563"/>
							<String ID="string_162" HPOS="582" VPOS="2251" WIDTH="117" HEIGHT="25" WC="0.96" CONTENT="Nilsson"/><SP WIDTH="20" VPOS="2251" HPOS="699"/>
							<String ID="string_163" HPOS="719" VPOS="2250" WIDTH="8" HEIGHT="24" WC="0.93" CONTENT="i"/><SP WIDTH="23" VPOS="2250" HPOS="727"/>
							<String ID="string_164" HPOS="750" VPOS="2249" WIDTH="157" HEIGHT="31" WC="0.90" CONTENT="Steneberg,"/><SP WIDTH="23" VPOS="2249" HPOS="907"/>
							<String ID="string_165" HPOS="930" VPOS="2248" WIDTH="111" HEIGHT="25" WC="0.96" CONTENT="Janson"/><SP WIDTH="20" VPOS="2248" HPOS="1041"/>
							<String ID="string_166" HPOS="1061" VPOS="2246" WIDTH="8" HEIGHT="25" WC="0.93" CONTENT="i"/><SP WIDTH="19" VPOS="2246" HPOS="1069"/>
							<String ID="string_167" HPOS="1088" VPOS="2246" WIDTH="167" HEIGHT="27" WC="0.91" CONTENT="Frändesta,"/><SP WIDTH="21" VPOS="2246" HPOS="1255"/>
							<String ID="string_168" HPOS="1276" VPOS="2245" WIDTH="126" HEIGHT="25" WC="0.96" CONTENT="Jonsson"/><SP WIDTH="20" VPOS="2245" HPOS="1402"/>
							<String ID="string_169" HPOS="1422" VPOS="2243" WIDTH="8" HEIGHT="24" WC="0.92" CONTENT="i"/><SP WIDTH="22" VPOS="2243" HPOS="1430"/>
							<String ID="string_170" HPOS="1452" VPOS="2242" WIDTH="79" HEIGHT="32" WC="0.92" CONTENT="Fjäle"/><SP WIDTH="21" VPOS="2242" HPOS="1531"/>
							<String ID="string_171" HPOS="1552" VPOS="2241" WIDTH="55" HEIGHT="25" WC="0.96" CONTENT="och"/><SP WIDTH="21" VPOS="2241" HPOS="1607"/>
							<String ID="string_172" HPOS="1628" VPOS="2241" WIDTH="163" HEIGHT="24" WC="0.95" CONTENT="Pettersson"/>
						</TextLine>
						<TextLine ID="line_25" HPOS="287" VPOS="2296" WIDTH="106" HEIGHT="25">
							<String ID="string_173" HPOS="287" VPOS="2297" WIDTH="6" HEIGHT="24" WC="0.96" CONTENT="i"/><SP WIDTH="20" VPOS="2297" HPOS="293"/>
							<String ID="string_174" HPOS="313" VPOS="2296" WIDTH="80" HEIGHT="24" WC="0.96" CONTENT="Dahl."/>
						</TextLine>
					</TextBlock>
				</ComposedBlock>
			</PrintSpace>
		</Page>
	</Layout>
</alto>
