2226 2620
129 1328 171 32 Fullmäktige
325 1329 7 23 i

163 1363 137 30 ”iksgälds-

167 1399 123 23 kontoret.

413 203 18 29 2
863 205 273 34 Bankoutskottets
1161 209 162 32 utlåtande
1348 213 51 29 Nr
1422 214 51 30 34.

368 280 71 32 sina
473 280 224 40 föregångare.
745 281 97 32 Vissa
877 282 226 43 förändringar
1139 287 73 31 med
1248 289 157 32 avseende
1440 292 43 40 på
1507 291 223 42 redigeringen
1754 295 103 33 skulle
1881 298 84 32 dock

368 335 80 21 vara
483 323 193 32 önskvärda.
724 324 276 42 Personregistret
1033 328 98 32 borde
1155 329 10 31 i
1190 330 87 32 vissa
1312 335 181 31 avseenden
1516 340 96 35 göras
1636 348 90 20 mera
1749 338 214 43 fullständigt,

367 367 170 39 slagorden
553 366 10 31 i
579 367 217 40 sakregistret
817 369 117 32 utökas
959 371 58 31 och
1041 372 275 42 hänvisningarna
1340 375 165 41 redigeras
1524 381 71 30 med
1619 380 126 42 hänsyn
1769 381 49 32 till
1842 385 122 31 största

365 409 136 42 möjliga
523 410 120 32 lätthet
668 412 50 30 att
741 411 130 33 komma
895 413 50 31 till
969 416 87 30 rätta
1072 416 102 32 under
1190 418 186 41 respektive
1393 419 267 43 huvudrubriker,
1680 424 109 32 vartill
1806 425 156 40 kommer,

365 455 50 30 att
450 453 61 32 den
542 453 213 33 tabellariska
786 455 124 32 formen
945 459 91 30 torde
1059 459 110 32 kunna
1193 462 177 40 väsentligt
1393 466 275 40 samnianskjutas
1693 469 59 31 och
1777 469 185 40 därigenom

364 496 182 41 betydande
580 497 372 43 kostnadsbesparingar
975 506 106 35 göras.
1127 503 126 33 Härom
1277 506 91 32 torde
1389 506 68 41 jag,
1483 519 51 20 om
1559 508 113 34 lierrar
1695 512 206 41 fullmäktige
1926 515 36 30 så

362 541 88 31 finna
472 540 51 32 för
545 543 82 38 gott,
652 541 34 31 få
710 541 127 33 tillfälle
855 545 49 30 att
921 549 147 28 närmare
1084 548 92 38 yttra
1192 548 76 40 mig,
1286 554 58 27 när
1359 549 95 42 fråga
1471 562 51 21 om
1540 553 143 32 arbetets
1699 556 183 41 redigering
1896 557 66 32 kan

362 583 170 41 föreligga.

492 628 176 40 Angående
692 629 274 42 kostnadsfrågan
982 636 35 27 är
1033 644 83 27 man,
1135 635 63 30 vad
1216 635 154 32 beträffar
1386 648 132 31 papper,
1536 640 146 40 sättning
1698 641 60 32 och
1775 639 183 50 tryckning,

360 671 143 40 givetvis
536 672 159 32 beroende
732 684 40 20 av
802 673 243 34 förhållandena
1069 676 54 32 vid
1147 677 89 32 tiden
1259 679 51 31 för
1332 680 145 32 arbetets
1501 682 131 41 slutliga
1657 684 183 40 utgivande.
1888 688 73 31 Vad

361 716 102 40 angår
485 715 213 32 redaktörens
723 717 119 31 arvode
858 718 92 32 torde
967 718 98 39 detta,
1083 721 73 31 med
1173 721 126 41 hänsyn
1315 723 47 32 till
1382 735 41 21 nu
1440 726 140 32 rådande
1597 727 361 42 dyrtidsförhållanden,

359 758 34 32 få
427 760 105 30 sättas
567 760 100 39 något
690 759 100 40 högre
814 765 40 27 än
878 761 51 31 för
952 765 127 30 senaste
1102 763 251 42 tioårsregister,
1379 768 91 32 detta
1494 770 36 30 så
1553 771 134 39 mycket
1710 783 76 27 mer,
1811 783 69 21 som
1901 775 59 40 jag

358 801 103 32 håller
495 802 78 38 före,
600 804 58 37 att,
695 805 84 30 trots
813 804 221 41 föreliggande
1066 807 104 41 årliga
1195 809 146 40 register,
1366 822 39 20 en
1429 812 138 40 förnyad
1589 815 202 40 granskning
1814 827 41 20 av
1877 817 81 32 käll-

357 845 185 33 materialet
565 850 37 27 är
626 846 172 32 önskvärd.

488 889 14 31 I
536 889 165 42 egenskap
736 901 41 20 av
811 890 190 42 riksdagens
1035 893 226 34 bibliotekarie
1292 897 59 31 och
1375 898 97 32 alltså
1496 901 72 30 med
1591 900 93 41 livlig
1708 902 184 33 erfarenhet
1916 915 41 20 av

356 932 61 32 den
441 932 166 41 betydelse
630 933 274 42 periodregistren
928 940 63 36 äga
1014 936 50 32 för
1087 937 192 42 riksdagens
1303 940 60 32 och
1387 942 259 42 förvaltningens
1671 946 111 31 arbete
1803 951 152 29 ävensom

355 975 52 32 för
441 976 210 41 forskningen
676 977 9 31 i
711 977 177 33 allmänhet
918 979 59 32 har
1005 982 59 39 jag
1086 982 89 32 velat
1199 983 114 40 bringa
1337 984 104 33 denna
1464 986 95 40 fråga
1583 998 51 20 om
1659 990 49 30 ett
1730 991 75 38 nytt
1828 991 126 39 period-

354 1019 139 40 register
515 1021 42 40 på
581 1020 56 38 tal,
664 1021 60 31 och
749 1021 50 31 får
818 1023 59 40 jag
901 1023 97 31 alltså
1022 1025 169 32 vördsamt
1206 1026 182 40 hemställa,
1407 1031 50 29 att
1473 1029 114 33 herrar
1602 1031 206 41 fullmäktige
1825 1034 129 32 täcktes

354 1063 134 40 vidtaga
511 1064 154 40 åtgärder
687 1064 52 32 för
762 1067 50 29 att
835 1067 48 30 ett
907 1066 137 40 register
1068 1073 78 27 över
1170 1070 191 40 riksdagens
1384 1073 164 40 protokoll
1571 1075 73 31 med
1668 1075 120 42 bihang
1810 1077 50 31 för
1877 1078 77 31 åren

356 1107 170 32 1911—20
562 1108 102 31 måtte
689 1108 10 31 i
723 1107 217 42 huvudsaklig
970 1114 325 31 överensstämmelse
1319 1116 72 31 med
1416 1117 155 40 registret
1594 1118 51 32 för
1669 1119 88 32 tiden
1783 1121 169 32 1900—10

353 1150 171 32 utarbetas
548 1151 60 32 och
633 1162 41 21 av
697 1152 133 40 trycket
854 1153 159 40 utgivas.»

482 1212 73 35 För
601 1225 96 34 egen
745 1213 59 36 del
832 1214 97 35 hava
958 1215 238 50 fullmäktige
1226 1219 10 34 i
1265 1219 373 48 riksgäldskontoret
1667 1223 10 35 i
1707 1225 244 37 förenämnda

352 1263 180 36 skrivelse
561 1264 126 35 anfört
716 1265 183 48 följande:

484 1322 247 41 »Fullmäktige,
768 1334 69 21 som
861 1325 73 32 med
958 1326 171 41 anledning
1153 1339 41 20 av
1219 1330 62 30 vad
1306 1331 52 31 vid
1382 1333 274 41 registerfrågans
1680 1336 194 42 behandling
1896 1338 55 32 vid

353 1367 81 29 1912
470 1367 53 30 års
557 1366 135 41 riksdag
726 1367 146 32 förekom
903 1370 79 39 utgå
1005 1369 81 40 från,
1112 1373 50 30 att
1187 1374 49 30 ett
1259 1374 138 40 register
1420 1377 51 31 för
1494 1388 42 21 nu
1560 1378 249 41 ifrågavarande
1832 1381 117 33 tioårs-

349 1408 112 42 period
495 1420 93 21 anses
622 1410 80 31 böra
736 1411 130 31 komma
889 1411 51 32 till
963 1413 104 38 stånd,
1092 1415 130 32 ansluta
1245 1416 51 41 sig
1318 1418 49 31 till
1391 1420 63 31 vad
1478 1420 191 42 riksdagens
1692 1423 225 34 bibliotekarie
1940 1426 10 31 i

349 1452 218 40 ovanintagna
592 1453 158 32 skrivelse
775 1455 120 31 uttalat
919 1466 51 21 om
995 1457 279 40 angelägenheten
1297 1471 41 21 av
1362 1464 50 30 att
1436 1464 153 40 åtgärder
1611 1466 100 31 redan
1733 1478 42 20 nu
1798 1467 151 42 vidtagas

348 1495 50 32 för
433 1495 169 41 registrets
638 1498 225 39 upprättande.
910 1498 64 32 Det
1001 1510 96 29 synes
1121 1501 206 42 fullmäktige
1352 1505 188 41 självfallet,
1566 1510 49 30 att
1639 1510 162 40 registret,
1826 1511 51 32 för
1900 1515 50 29 att

347 1539 132 32 komma
512 1540 50 31 till
594 1542 124 30 största
752 1541 133 40 möjliga
919 1553 94 30 gagn,
1039 1543 57 31 bör
1120 1544 160 42 föreligga
1303 1547 123 42 färdigt
1448 1551 37 30 så
1509 1553 90 29 snart
1622 1563 70 21 som
1716 1554 128 41 möjligt
1867 1555 83 32 efter

347 1584 164 39 utgången
546 1594 41 21 av
622 1584 61 31 den
706 1584 111 41 period
840 1585 154 40 registret
1018 1597 104 22 avser.
1170 1588 64 32 För
1258 1591 50 31 att
1330 1592 36 31 så
1390 1592 85 32 skall
1499 1593 108 33 kunna
1631 1595 87 32 bliva
1742 1597 92 32 fallet
1856 1600 92 30 torde

346 1627 127 31 arbetet
495 1627 79 31 böra
597 1628 153 40 påbörjas
773 1627 98 33 redan
896 1630 99 31 under
1017 1629 218 35 innevarande
1260 1634 44 31 år.

476 1670 132 32 Liksom
646 1671 261 40 registerverken
942 1673 50 32 för
1024 1674 76 32 åren
1138 1676 213 33 1867—1899
1387 1679 61 31 och
1484 1681 213 32 1900—1910
1720 1683 85 32 lärer
1828 1685 54 31 det
1904 1696 43 21 nu

344 1712 196 41 ifrågasatta
563 1725 65 30 nya
652 1714 154 41 registret
829 1716 79 31 böra
932 1717 138 32 omfatta
1094 1718 82 33 både
1199 1730 133 30 person-
1357 1722 61 31 och
1442 1723 201 41 sakregister
1660 1726 61 31 och
1744 1727 10 31 i
1777 1727 170 34 huvudsak

344 1759 171 39 upprättas
550 1758 84 32 efter
666 1769 125 21 samma
824 1760 76 40 plan
936 1760 60 32 och
1030 1761 123 32 erhålla
1189 1763 151 34 liknande
1375 1767 222 41 uppställning
1631 1779 70 21 som
1728 1772 138 31 nämnda
1888 1774 57 30 två

344 1800 147 40 register.
538 1801 113 32 Såsom
688 1801 191 42 riksdagens
914 1803 225 34 bibliotekarie
1170 1807 190 39 framhållit,
1385 1810 93 31 torde
1502 1810 83 32 dock
1608 1812 89 32 vissa
1721 1813 225 43 förändringar

342 1845 73 30 med
439 1845 159 31 avseende
622 1846 18 30 å
665 1845 224 41 redigeringen
912 1858 81 21 vara
1016 1849 194 33 önskvärda.
1257 1851 64 32 Det
1344 1863 98 30 synes
1465 1854 110 32 kunna
1599 1857 204 32 överlämnas
1820 1859 33 32 åt
1869 1859 74 32 full-

342 1887 145 40 mäktige
523 1889 50 31 att
596 1888 10 31 i
630 1889 131 31 samråd
787 1890 73 31 med
883 1890 190 41 riksdagens
1096 1892 228 35 bibliotekarie
1348 1897 61 31 och
1433 1898 133 32 verkets
1590 1900 155 32 redaktör
1767 1902 96 32 träffa
1887 1914 57 20 av-

341 1931 142 39 görande
507 1932 136 32 rörande
667 1933 95 31 dessa
785 1934 234 41 förändringar.
1769 1940 4 5 i

471 1975 227 32 Kostnaderna
722 1976 51 32 för
795 1977 255 40 registerverket
1076 1980 214 33 1900--1910
1314 1993 78 21 voro
1414 1985 184 32 beräknade
1615 1986 50 31 till
1682 1988 116 38 26,000
1815 1989 126 38 kronor,

340 2028 73 21 men
438 2018 162 41 uppgingo
625 2020 116 31 endast
764 2020 49 31 till
836 2022 101 39 något
960 2032 67 22 mer
1051 2027 41 27 än
1115 2024 119 38 40,600
1258 2025 128 40 kronor,
1412 2028 166 32 fördelade
1601 2030 42 40 på
1660 2030 141 41 följande
1816 2035 126 38 poster:

539 2080 307 33 RedaktörsarVOde
873 2108 514 9 oossmsmsnsssassrarerereserrarissss
1275 2076 73 50 vesessn
1350 2076 42 50 anna
1414 2088 122 32 kronor
1562 2091 124 37 10,000:
1702 2111 39 2 —

537 2123 850 37 KontrollantarVOde....ssmmsssrurrsrssrsssras
1179 2119 68 47 annans
1252 2151 135 9 session
1462 2145 14 15 »
1614 2135 73 31 500:
1703 2154 39 4 —

538 2166 312 43 Korrekturläsning
874 2194 514 10 oesmeeseeemwmsesusasssisssssss
1462 2188 13 15 »
1582 2177 107 38 3,069:
1701 2198 43 2 —

538 2210 232 42 TTYCKPAPPER
785 2237 601 10 jarsvssnsvanmsnustst.
1093 2206 74 53 Mölumnn
1179 2206 71 53 runs
1266 2206 123 53 svetsare
1461 2232 13 15 »
1582 2221 104 38 5,134:
1703 2232 36 22 43

537 2253 189 42 Tryckning
750 2255 60 32 och
833 2256 154 41 bindning
1002 2283 383 8 m.oemmmmsssnsnssnsnn
1460 2276 13 14 »
1560 2265 127 37 21,834:
1704 2275 35 22 20

536 2296 135 33 Diverse
696 2298 136 40 utgifter
869 2292 112 52 mossmmse
988 2326 396 8 smsa
1459 2319 13 14 »
1634 2309 51 31 92:
1702 2319 35 21 45

1379 2351 160 47 kronor
1556 2350 124 62 40,630:
1699 2355 50 46 08.
