2204 2638
712 209 230 43 Lagutskottets
972 212 171 35 Utlåtande
1168 214 61 33 N:o
1251 215 56 31 26.
1748 219 15 29 1

911 900 87 38 N:o
1026 901 75 39 26.

966 1051 71 27 Ank.
1057 1051 44 26 till
1120 1051 95 28 Riksd.
1235 1051 90 29 kansli
1344 1054 55 27 den
1417 1055 16 26 3
1451 1062 71 19 mars
1542 1056 74 33 1904,
1635 1056 38 27 kl.
1692 1056 16 26 2
1728 1064 22 19 e.
1771 1065 36 17 m.

411 1186 205 46 Utlåtande,
650 1188 14 35 i
685 1189 198 48 anledning
906 1190 47 49 af
973 1191 127 36 väckta
1131 1193 176 36 motioner
1329 1194 185 47 angående
1541 1197 265 49 inskränkning

600 1256 14 35 1
641 1257 524 50 ägostyckningsförfarandets
1192 1260 246 50 tillämpning.

334 1405 275 49 Lagutskottet
649 1407 69 37 har
745 1407 58 37 till
830 1407 238 52 behandling
1094 1410 72 37 fått
1193 1416 196 45 emottaga
1415 1416 66 35 två
1508 1415 202 50 särskilda,
1738 1417 66 38 vid

201 1455 259 38 innevarande
501 1457 160 49 riksdag
698 1458 146 49 afgifna
885 1460 200 50 motioner,
1123 1462 200 48 åsyftande
1365 1463 281 53 inskränkning
1671 1467 13 37 i
1712 1473 93 44 ägo-

203 1507 484 48 styckningsförfarandets
714 1509 254 51 tillämpning.

335 1558 17 36 I
376 1558 75 37 den
479 1572 71 24 ena
579 1559 41 37 af
642 1559 114 38 dessa
784 1561 200 47 motioner,
1012 1575 62 24 n:o
1103 1565 48 35 34
1177 1563 103 38 inom
1308 1564 136 39 Första
1472 1567 334 49 Kammaren,
1737 1554 71 66 har

200 1608 89 36 herr
315 1610 177 48 Hedborg,
521 1609 86 38 med
635 1610 281 39 instämmande
945 1612 42 37 af
1009 1613 90 37 herr
1126 1615 215 48 Hägglund,
1369 1617 144 37 anfört:

338 1659 97 37 »Vid
464 1660 100 36 förra
592 1663 99 34 årets
719 1662 161 49 riksdag
905 1663 159 37 väcktes
1082 1663 12 37 i
1110 1664 131 38 Andra
1259 1668 234 37 Kammaren
1512 1669 189 39 motioner
1720 1671 84 38 dels

203 1709 40 36 af
277 1710 88 36 herr
405 1710 44 36 D.
477 1711 167 36 Persson
670 1711 12 36 i
710 1712 182 49 Tällberg
920 1727 48 22 m.
997 1714 35 36 fl.
1062 1727 61 24 om
1152 1716 218 48 antagande
1398 1718 58 36 för
1483 1719 77 37 viss
1588 1720 56 37 tid
1672 1721 43 37 af
1738 1722 65 48 lag

202 1760 199 47 angående
430 1761 138 37 förbud
594 1761 13 36 i
630 1761 104 38 vissa
762 1762 65 38 fall
854 1764 58 35 för
939 1764 118 49 bolag
1084 1765 72 36 och
1185 1765 177 48 förening
1389 1768 42 37 af
1449 1769 228 39 ekonomisk
1696 1773 107 36 verk-

201 1811 148 36 samhet
376 1816 55 31 att
459 1811 195 38 förvärfva
681 1812 75 38 fast
779 1813 202 49 egendom,
1011 1815 83 37 dels
1114 1815 41 37 af
1169 1816 88 37 herr
1273 1816 43 38 O.
1332 1817 167 39 Emthén
1520 1834 60 23 om
1599 1821 205 39 inskränk-

201 1860 93 49 ning
333 1861 12 36 i
384 1862 553 49 ägostyckningsförfarandet.
991 1865 124 38 Dessa
1154 1867 189 38 motioner
1382 1882 93 24 voro
1514 1876 54 32 ett
1594 1885 69 36 par
1690 1873 43 37 af
1756 1874 47 38 de

201 1914 139 45 många
378 1913 202 48 uttrycken
609 1914 58 37 för
694 1914 192 49 farhågor,
915 1921 55 32 att
997 1917 393 49 skogsbolagsväldet
1418 1920 124 39 skulle
1571 1922 11 37 i
1609 1923 193 39 Norrland

202 1962 158 38 alldeles
387 1963 200 38 förkväfva
610 1964 239 48 jordbruket.
893 1966 124 38 Dessa
1045 1967 180 49 farhågor
1252 1969 107 38 delas
1387 1971 41 36 af
1452 1977 140 32 största
1620 1973 115 38 delen
1764 1976 41 36 af

200 2013 212 37 Norrlands
454 2014 229 49 befolkning
721 2016 72 36 och
833 2016 58 37 för
919 2017 118 49 öfrigt
1064 2018 43 36 af
1131 2019 98 47 dem,
1259 2033 82 23 som
1370 2021 127 37 känna
1524 2024 175 49 verkliga
1726 2026 77 36 för-

200 2063 230 37 hållandena
471 2064 211 38 därstädes.
737 2066 242 38 Motionerna
1016 2068 129 37 blefvo
1184 2088 49 6 —
1261 2071 122 36 sedan
1410 2071 257 49 lagutskottet
1695 2076 107 36 hem-

201 2112 117 47 ställt,
361 2119 56 31 att
457 2114 46 36 de
530 2114 84 37 icke
644 2120 116 33 måtte
788 2116 58 37 till
874 2120 128 46 någon
1030 2118 245 50 Riksdagens
1304 2122 134 47 åtgärd
1466 2122 198 39 föranleda
1686 2145 51 5 —
1764 2126 42 37 af

200 2163 243 48 Riksdagens
471 2164 128 37 Andra
627 2166 204 37 Kammare
852 2167 170 47 bifallna,
1042 2182 87 23 men
1149 2171 41 34 af
1204 2170 137 37 Första
1363 2172 230 38 Kammaren
1613 2175 188 49 afslagna.

199 2214 75 47 Jag
301 2227 127 35 anser,
456 2220 55 31 att
537 2220 148 33 ämnets
709 2217 83 36 vikt
819 2218 199 48 påfordrar
1046 2219 88 37 dess
1163 2222 330 48 återupptagande
1511 2223 41 37 af
1566 2224 235 50 Riksdagen.

334 2265 67 37 Ett
428 2265 214 48 stadgande
670 2267 12 36 i
710 2267 113 48 lagen
853 2282 59 23 om
942 2269 395 50 bemmansklyfning,
1365 2274 285 50 ägostyckning
1678 2291 48 23 m.
1753 2292 48 23 m.

287 2323 64 30 Bih.
377 2324 45 29 till
443 2324 102 30 Riksd.
575 2325 76 30 Prot.
681 2327 86 28 1904.
816 2326 20 28 7
859 2327 89 29 Saml.
988 2326 46 30 20
1058 2329 87 35 Häft.
1172 2327 79 38 (N:o
1274 2328 74 40 26.)
1743 2337 14 28 1
