<?xml version="1.0" encoding="UTF-8"?>
<alto xmlns="http://www.loc.gov/standards/alto/ns-v3#" xmlns:xlink="http://www.w3.org/1999/xlink" xmlns:xsi="http://www.w3.org/2001/XMLSchema-instance" xsi:schemaLocation="http://www.loc.gov/standards/alto/ns-v3# http://www.loc.gov/alto/v3/alto-3-0.xsd">
	<Description>
		<MeasurementUnit>pixel</MeasurementUnit>
		<sourceImageInformation>
			<fileName>/tmp/tess_9fuvsqxz_input.PNG</fileName>
		</sourceImageInformation>
		<OCRProcessing ID="OCR_0">
			<ocrProcessingStep>
				<processingSoftware>
					<softwareName>tesseract 5.3.0</softwareName>
				</processingSoftware>
			</ocrProcessingStep>
		</OCRProcessing>
	</Description>
	<Layout>
		<Page WIDTH="1912" HEIGHT="2818" PHYSICAL_IMG_NR="0" ID="page_0">
			<PrintSpace HPOS="0" VPOS="0" WIDTH="1912" HEIGHT="2818">
				<ComposedBlock ID="cblock_0" HPOS="474" VPOS="159" WIDTH="1111" HEIGHT="41">
					<TextBlock ID="block_0" HPOS="474" VPOS="159" WIDTH="1111" HEIGHT="41">
						<TextLine ID="line_0" HPOS="474" VPOS="159" WIDTH="1111" HEIGHT="41">
							<String ID="string_0" HPOS="474" VPOS="163" WIDTH="419" HEIGHT="37" WC="0.87" CONTENT="Bevillningsutskottets"/><SP WIDTH="20" VPOS="163" HPOS="893"/>
							<String ID="string_1" HPOS="913" VPOS="162" WIDTH="223" HEIGHT="32" WC="0.96" CONTENT="betänkande"/><SP WIDTH="21" VPOS="162" HPOS="1136"/>
							<String ID="string_2" HPOS="1157" VPOS="162" WIDTH="52" HEIGHT="32" WC="0.95" CONTENT="Nr"/><SP WIDTH="26" VPOS="162" HPOS="1209"/>
							<String ID="string_3" HPOS="1235" VPOS="163" WIDTH="50" HEIGHT="29" WC="0.96" CONTENT="24."/><SP WIDTH="260" VPOS="163" HPOS="1285"/>
							<String ID="string_4" HPOS="1545" VPOS="159" WIDTH="40" HEIGHT="32" WC="0.96" CONTENT="13"/>
						</TextLine>
					</TextBlock>
				</ComposedBlock>
				<GraphicalElement ID="cblock_1" HPOS="529" VPOS="244" WIDTH="995" HEIGHT="9"></GraphicalElement >
				<GraphicalElement ID="cblock_2" HPOS="530" VPOS="255" WIDTH="1070" HEIGHT="5"></GraphicalElement >
				<ComposedBlock ID="cblock_3" HPOS="1310" VPOS="281" WIDTH="290" HEIGHT="99">
					<TextBlock ID="block_1" HPOS="1310" VPOS="281" WIDTH="290" HEIGHT="99">
						<TextLine ID="line_1" HPOS="1311" VPOS="281" WIDTH="132" HEIGHT="23">
							<String ID="string_5" HPOS="1311" VPOS="281" WIDTH="132" HEIGHT="23" WC="0.96" CONTENT="Kvantitet"/>
						</TextLine>
						<TextLine ID="line_2" HPOS="1310" VPOS="315" WIDTH="290" HEIGHT="33">
							<String ID="string_6" HPOS="1310" VPOS="317" WIDTH="38" HEIGHT="22" WC="0.93" CONTENT="för"/><SP WIDTH="10" VPOS="317" HPOS="1348"/>
							<String ID="string_7" HPOS="1358" VPOS="315" WIDTH="90" HEIGHT="23" WC="0.40" CONTENT="tullbe-]"/><SP WIDTH="42" VPOS="315" HPOS="1448"/>
							<String ID="string_8" HPOS="1490" VPOS="325" WIDTH="110" HEIGHT="23" WC="0.73" CONTENT="Tullsats"/>
						</TextLine>
						<TextLine ID="line_3" HPOS="1310" VPOS="350" WIDTH="138" HEIGHT="30">
							<String ID="string_9" HPOS="1310" VPOS="350" WIDTH="138" HEIGHT="30" WC="0.96" CONTENT="räkningen"/>
						</TextLine>
					</TextBlock>
				</ComposedBlock>
				<GraphicalElement ID="cblock_4" HPOS="1302" VPOS="392" WIDTH="321" HEIGHT="9"></GraphicalElement >
				<ComposedBlock ID="cblock_5" HPOS="666" VPOS="414" WIDTH="963" HEIGHT="30">
					<TextBlock ID="block_2" HPOS="666" VPOS="414" WIDTH="963" HEIGHT="30">
						<TextLine ID="line_4" HPOS="666" VPOS="414" WIDTH="963" HEIGHT="30">
							<String ID="string_10" HPOS="666" VPOS="416" WIDTH="2" HEIGHT="11" WC="0.0" CONTENT="l"/><SP WIDTH="801" VPOS="416" HPOS="668"/>
							<String ID="string_11" HPOS="1469" VPOS="414" WIDTH="160" HEIGHT="30" WC="0.49" CONTENT="Kronorjörei"/>
						</TextLine>
					</TextBlock>
				</ComposedBlock>
				<ComposedBlock ID="cblock_6" HPOS="667" VPOS="478" WIDTH="633" HEIGHT="192">
					<TextBlock ID="block_3" HPOS="667" VPOS="478" WIDTH="554" HEIGHT="39">
						<TextLine ID="line_5" HPOS="667" VPOS="478" WIDTH="554" HEIGHT="39">
							<String ID="string_12" HPOS="667" VPOS="478" WIDTH="167" HEIGHT="38" WC="0.57" CONTENT="Frukter"/><SP WIDTH="23" VPOS="478" HPOS="834"/>
							<String ID="string_13" HPOS="857" VPOS="481" WIDTH="58" HEIGHT="36" WC="0.96" CONTENT="(av"/><SP WIDTH="25" VPOS="481" HPOS="915"/>
							<String ID="string_14" HPOS="940" VPOS="480" WIDTH="92" HEIGHT="36" WC="0.96" CONTENT="träd)"/><SP WIDTH="23" VPOS="480" HPOS="1032"/>
							<String ID="string_15" HPOS="1055" VPOS="483" WIDTH="64" HEIGHT="31" WC="0.96" CONTENT="och"/><SP WIDTH="24" VPOS="483" HPOS="1119"/>
							<String ID="string_16" HPOS="1143" VPOS="484" WIDTH="78" HEIGHT="30" WC="0.96" CONTENT="bär:"/>
						</TextLine>
					</TextBlock>
					<TextBlock ID="block_4" HPOS="727" VPOS="535" WIDTH="573" HEIGHT="135">
						<TextLine ID="line_6" HPOS="727" VPOS="535" WIDTH="573" HEIGHT="37">
							<String ID="string_17" HPOS="727" VPOS="535" WIDTH="119" HEIGHT="31" WC="0.95" CONTENT="färska"/><SP WIDTH="33" VPOS="535" HPOS="846"/>
							<String ID="string_18" HPOS="879" VPOS="535" WIDTH="86" HEIGHT="30" WC="0.95" CONTENT="eller"/><SP WIDTH="27" VPOS="535" HPOS="965"/>
							<String ID="string_19" HPOS="992" VPOS="535" WIDTH="123" HEIGHT="30" WC="0.96" CONTENT="enbart"/><SP WIDTH="23" VPOS="535" HPOS="1115"/>
							<String ID="string_20" HPOS="1138" VPOS="535" WIDTH="162" HEIGHT="37" WC="0.84" CONTENT="kokade,"/>
						</TextLine>
						<TextLine ID="line_7" HPOS="770" VPOS="585" WIDTH="530" HEIGHT="37">
							<String ID="string_21" HPOS="770" VPOS="589" WIDTH="91" HEIGHT="29" WC="0.96" CONTENT="även"/><SP WIDTH="24" VPOS="589" HPOS="861"/>
							<String ID="string_22" HPOS="885" VPOS="585" WIDTH="163" HEIGHT="32" WC="0.96" CONTENT="krossade"/><SP WIDTH="16" VPOS="585" HPOS="1048"/>
							<String ID="string_23" HPOS="1064" VPOS="586" WIDTH="86" HEIGHT="31" WC="0.96" CONTENT="eller"/><SP WIDTH="16" VPOS="586" HPOS="1150"/>
							<String ID="string_24" HPOS="1166" VPOS="587" WIDTH="44" HEIGHT="35" WC="0.91" CONTENT="på"/><SP WIDTH="16" VPOS="587" HPOS="1210"/>
							<String ID="string_25" HPOS="1226" VPOS="596" WIDTH="59" HEIGHT="21" WC="0.61" CONTENT="an-"/>
						</TextLine>
						<TextLine ID="line_8" HPOS="771" VPOS="638" WIDTH="440" HEIGHT="32">
							<String ID="string_26" HPOS="771" VPOS="640" WIDTH="61" HEIGHT="30" WC="0.96" CONTENT="nat"/><SP WIDTH="25" VPOS="640" HPOS="832"/>
							<String ID="string_27" HPOS="857" VPOS="639" WIDTH="69" HEIGHT="30" WC="0.93" CONTENT="sätt"/><SP WIDTH="25" VPOS="639" HPOS="926"/>
							<String ID="string_28" HPOS="951" VPOS="638" WIDTH="260" HEIGHT="31" WC="0.92" CONTENT="sönderdelade:"/>
						</TextLine>
					</TextBlock>
				</ComposedBlock>
				<GraphicalElement ID="cblock_7" HPOS="667" VPOS="459" WIDTH="4" HEIGHT="349"></GraphicalElement >
				<ComposedBlock ID="cblock_8" HPOS="536" VPOS="738" WIDTH="1065" HEIGHT="769">
					<TextBlock ID="block_5" HPOS="536" VPOS="738" WIDTH="1065" HEIGHT="765">
						<TextLine ID="line_9" HPOS="536" VPOS="738" WIDTH="1065" HEIGHT="49">
							<String ID="string_29" HPOS="536" VPOS="739" WIDTH="61" HEIGHT="31" WC="0.92" CONTENT="106"/><SP WIDTH="17" VPOS="739" HPOS="597"/>
							<String ID="string_30" HPOS="614" VPOS="738" WIDTH="49" HEIGHT="40" WC="0.0" CONTENT="!/;."/><SP WIDTH="151" VPOS="738" HPOS="663"/>
							<String ID="string_31" HPOS="814" VPOS="742" WIDTH="186" HEIGHT="36" WC="0.96" CONTENT="apelsiner,"/><SP WIDTH="36" VPOS="742" HPOS="1000"/>
							<String ID="string_32" HPOS="1036" VPOS="742" WIDTH="155" HEIGHT="31" WC="0.96" CONTENT="bananer"/><SP WIDTH="33" VPOS="742" HPOS="1191"/>
							<String ID="string_33" HPOS="1224" VPOS="742" WIDTH="63" HEIGHT="31" WC="0.58" CONTENT="och"/><SP WIDTH="40" VPOS="742" HPOS="1287"/>
							<String ID="string_34" HPOS="1327" VPOS="735" WIDTH="19" HEIGHT="49" WC="0.58" CONTENT="="/><SP WIDTH="22" VPOS="735" HPOS="1346"/>
							<String ID="string_35" HPOS="1368" VPOS="751" WIDTH="38" HEIGHT="4" WC="0.75" CONTENT="—"/><SP WIDTH="113" VPOS="751" HPOS="1406"/>
							<String ID="string_36" HPOS="1519" VPOS="742" WIDTH="82" HEIGHT="45" WC="0.96" CONTENT="fria."/>
						</TextLine>
						<TextLine ID="line_10" HPOS="669" VPOS="794" WIDTH="508" HEIGHT="32">
							<String ID="string_37" HPOS="669" VPOS="812" WIDTH="3" HEIGHT="14" WC="0.43" CONTENT="i"/><SP WIDTH="185" VPOS="812" HPOS="672"/>
							<String ID="string_38" HPOS="857" VPOS="794" WIDTH="153" HEIGHT="30" WC="0.56" CONTENT="citroner"/><SP WIDTH="117" VPOS="794" HPOS="1010"/>
							<String ID="string_39" HPOS="1127" VPOS="816" WIDTH="50" HEIGHT="3" WC="0.46" CONTENT="oc"/>
						</TextLine>
						<TextLine ID="line_11" HPOS="729" VPOS="896" WIDTH="161" HEIGHT="33">
							<String ID="string_40" HPOS="729" VPOS="896" WIDTH="161" HEIGHT="33" WC="0.96" CONTENT="torkade:"/>
						</TextLine>
						<TextLine ID="line_12" HPOS="570" VPOS="946" WIDTH="718" HEIGHT="40">
							<String ID="string_41" HPOS="570" VPOS="946" WIDTH="73" HEIGHT="30" WC="0.96" CONTENT="108."/><SP WIDTH="130" VPOS="946" HPOS="643"/>
							<String ID="string_42" HPOS="773" VPOS="949" WIDTH="192" HEIGHT="36" WC="0.96" CONTENT="aprikoser,"/><SP WIDTH="23" VPOS="949" HPOS="965"/>
							<String ID="string_43" HPOS="988" VPOS="950" WIDTH="168" HEIGHT="36" WC="0.96" CONTENT="persikor,"/><SP WIDTH="22" VPOS="950" HPOS="1156"/>
							<String ID="string_44" HPOS="1178" VPOS="952" WIDTH="110" HEIGHT="34" WC="0.96" CONTENT="päron"/>
						</TextLine>
						<TextLine ID="line_13" HPOS="816" VPOS="1001" WIDTH="472" HEIGHT="36">
							<String ID="string_45" HPOS="816" VPOS="1001" WIDTH="64" HEIGHT="31" WC="0.96" CONTENT="och"/><SP WIDTH="44" VPOS="1001" HPOS="880"/>
							<String ID="string_46" HPOS="924" VPOS="1001" WIDTH="137" HEIGHT="36" WC="0.96" CONTENT="äpplen,"/><SP WIDTH="49" VPOS="1001" HPOS="1061"/>
							<String ID="string_47" HPOS="1110" VPOS="1001" WIDTH="178" HEIGHT="31" WC="0.96" CONTENT="härunder"/>
						</TextLine>
						<TextLine ID="line_14" HPOS="816" VPOS="1053" WIDTH="472" HEIGHT="36">
							<String ID="string_48" HPOS="816" VPOS="1053" WIDTH="211" HEIGHT="36" WC="0.96" CONTENT="inbegripna"/><SP WIDTH="20" VPOS="1053" HPOS="1027"/>
							<String ID="string_49" HPOS="1047" VPOS="1053" WIDTH="128" HEIGHT="36" WC="0.96" CONTENT="äpplen"/><SP WIDTH="16" VPOS="1053" HPOS="1175"/>
							<String ID="string_50" HPOS="1191" VPOS="1053" WIDTH="12" HEIGHT="31" WC="0.93" CONTENT="i"/><SP WIDTH="17" VPOS="1053" HPOS="1203"/>
							<String ID="string_51" HPOS="1220" VPOS="1053" WIDTH="68" HEIGHT="31" WC="0.93" CONTENT="ski-"/>
						</TextLine>
						<TextLine ID="line_15" HPOS="671" VPOS="1103" WIDTH="633" HEIGHT="37">
							<String ID="string_52" HPOS="671" VPOS="1103" WIDTH="2" HEIGHT="2" WC="0.85" CONTENT="|"/><SP WIDTH="146" VPOS="1103" HPOS="673"/>
							<String ID="string_53" HPOS="819" VPOS="1114" WIDTH="63" HEIGHT="21" WC="0.96" CONTENT="vor"/><SP WIDTH="12" VPOS="1114" HPOS="882"/>
							<String ID="string_54" HPOS="894" VPOS="1104" WIDTH="84" HEIGHT="31" WC="0.96" CONTENT="eller"/><SP WIDTH="11" VPOS="1104" HPOS="978"/>
							<String ID="string_55" HPOS="989" VPOS="1105" WIDTH="101" HEIGHT="35" WC="0.1" CONTENT="bitar,"/><SP WIDTH="9" VPOS="1105" HPOS="1090"/>
							<String ID="string_56" HPOS="1099" VPOS="1105" WIDTH="74" HEIGHT="30" WC="0.1" CONTENT="från"/><SP WIDTH="16" VPOS="1105" HPOS="1173"/>
							<String ID="string_57" HPOS="1189" VPOS="1105" WIDTH="99" HEIGHT="30" WC="0.92" CONTENT="vilka"/><SP WIDTH="14" VPOS="1105" HPOS="1288"/>
							<String ID="string_58" HPOS="1302" VPOS="1108" WIDTH="2" HEIGHT="19" WC="0.82" CONTENT=":"/>
						</TextLine>
						<TextLine ID="line_16" HPOS="670" VPOS="1107" WIDTH="618" HEIGHT="108">
							<String ID="string_59" HPOS="670" VPOS="1107" WIDTH="3" HEIGHT="108" WC="0.96" CONTENT="|"/><SP WIDTH="145" VPOS="1107" HPOS="673"/>
							<String ID="string_60" HPOS="818" VPOS="1156" WIDTH="76" HEIGHT="30" WC="0.96" CONTENT="skal"/><SP WIDTH="32" VPOS="1156" HPOS="894"/>
							<String ID="string_61" HPOS="926" VPOS="1155" WIDTH="63" HEIGHT="31" WC="0.92" CONTENT="och"/><SP WIDTH="32" VPOS="1155" HPOS="989"/>
							<String ID="string_62" HPOS="1021" VPOS="1156" WIDTH="158" HEIGHT="31" WC="0.92" CONTENT="kärnhus"/><SP WIDTH="33" VPOS="1156" HPOS="1179"/>
							<String ID="string_63" HPOS="1212" VPOS="1156" WIDTH="76" HEIGHT="31" WC="0.96" CONTENT="icke"/>
						</TextLine>
						<TextLine ID="line_17" HPOS="818" VPOS="1204" WIDTH="486" HEIGHT="40">
							<String ID="string_64" HPOS="818" VPOS="1207" WIDTH="188" HEIGHT="36" WC="0.92" CONTENT="borttagits"/><SP WIDTH="24" VPOS="1207" HPOS="1006"/>
							<String ID="string_65" HPOS="1030" VPOS="1204" WIDTH="39" HEIGHT="37" WC="0.88" CONTENT="(s."/><SP WIDTH="14" VPOS="1204" HPOS="1069"/>
							<String ID="string_66" HPOS="1083" VPOS="1208" WIDTH="33" HEIGHT="30" WC="0.88" CONTENT="k."/><SP WIDTH="18" VPOS="1208" HPOS="1116"/>
							<String ID="string_67" HPOS="1134" VPOS="1207" WIDTH="153" HEIGHT="37" WC="0.72" CONTENT="chopped"/><SP WIDTH="15" VPOS="1207" HPOS="1287"/>
							<String ID="string_68" HPOS="1302" VPOS="1232" WIDTH="2" HEIGHT="2" WC="0.80" CONTENT=":"/>
						</TextLine>
						<TextLine ID="line_18" HPOS="670" VPOS="1235" WIDTH="618" HEIGHT="100">
							<String ID="string_69" HPOS="670" VPOS="1235" WIDTH="3" HEIGHT="100" WC="0.96" CONTENT="|"/><SP WIDTH="144" VPOS="1235" HPOS="673"/>
							<String ID="string_70" HPOS="817" VPOS="1259" WIDTH="121" HEIGHT="36" WC="0.96" CONTENT="apples"/><SP WIDTH="21" VPOS="1259" HPOS="938"/>
							<String ID="string_71" HPOS="959" VPOS="1259" WIDTH="57" HEIGHT="31" WC="0.96" CONTENT="till"/><SP WIDTH="18" VPOS="1259" HPOS="1016"/>
							<String ID="string_72" HPOS="1034" VPOS="1259" WIDTH="194" HEIGHT="37" WC="0.96" CONTENT="beredning"/><SP WIDTH="16" VPOS="1259" HPOS="1228"/>
							<String ID="string_73" HPOS="1244" VPOS="1269" WIDTH="44" HEIGHT="21" WC="0.96" CONTENT="av"/>
						</TextLine>
						<TextLine ID="line_19" HPOS="817" VPOS="1308" WIDTH="486" HEIGHT="39">
							<String ID="string_74" HPOS="817" VPOS="1308" WIDTH="252" HEIGHT="39" WC="0.91" CONTENT="läskdrycker),"/><SP WIDTH="13" VPOS="1308" HPOS="1069"/>
							<String ID="string_75" HPOS="1082" VPOS="1313" WIDTH="92" HEIGHT="29" WC="0.93" CONTENT="samt"/><SP WIDTH="13" VPOS="1313" HPOS="1174"/>
							<String ID="string_76" HPOS="1187" VPOS="1312" WIDTH="102" HEIGHT="30" WC="0.47" CONTENT="kärn-"/>
						</TextLine>
						<TextLine ID="line_20" HPOS="671" VPOS="1359" WIDTH="924" HEIGHT="72">
							<String ID="string_77" HPOS="671" VPOS="1359" WIDTH="3" HEIGHT="72" WC="0.82" CONTENT="|"/><SP WIDTH="143" VPOS="1359" HPOS="674"/>
							<String ID="string_78" HPOS="817" VPOS="1362" WIDTH="67" HEIGHT="31" WC="0.95" CONTENT="hus"/><SP WIDTH="16" VPOS="1362" HPOS="884"/>
							<String ID="string_79" HPOS="900" VPOS="1362" WIDTH="64" HEIGHT="31" WC="0.95" CONTENT="och"/><SP WIDTH="13" VPOS="1362" HPOS="964"/>
							<String ID="string_80" HPOS="977" VPOS="1363" WIDTH="76" HEIGHT="30" WC="0.96" CONTENT="skal"/><SP WIDTH="13" VPOS="1363" HPOS="1053"/>
							<String ID="string_81" HPOS="1066" VPOS="1373" WIDTH="45" HEIGHT="20" WC="0.96" CONTENT="av"/><SP WIDTH="14" VPOS="1373" HPOS="1111"/>
							<String ID="string_82" HPOS="1125" VPOS="1363" WIDTH="127" HEIGHT="36" WC="0.93" CONTENT="äpplen"/><SP WIDTH="18" VPOS="1363" HPOS="1252"/>
							<String ID="string_83" HPOS="1270" VPOS="1387" WIDTH="15" HEIGHT="2" WC="0.88" CONTENT=".."/><SP WIDTH="230" VPOS="1387" HPOS="1285"/>
							<String ID="string_84" HPOS="1515" VPOS="1364" WIDTH="80" HEIGHT="36" WC="0.95" CONTENT="fria."/>
						</TextLine>
						<TextLine ID="line_21" HPOS="648" VPOS="1415" WIDTH="640" HEIGHT="35">
							<String ID="string_85" HPOS="648" VPOS="1435" WIDTH="7" HEIGHT="7" WC="0.57" CONTENT="."/><SP WIDTH="118" VPOS="1435" HPOS="655"/>
							<String ID="string_86" HPOS="773" VPOS="1415" WIDTH="190" HEIGHT="35" WC="0.93" CONTENT="plommon,"/><SP WIDTH="11" VPOS="1415" HPOS="963"/>
							<String ID="string_87" HPOS="974" VPOS="1415" WIDTH="146" HEIGHT="31" WC="0.91" CONTENT="sviskon"/><SP WIDTH="13" VPOS="1415" HPOS="1120"/>
							<String ID="string_88" HPOS="1133" VPOS="1415" WIDTH="63" HEIGHT="31" WC="0.92" CONTENT="och"/><SP WIDTH="13" VPOS="1415" HPOS="1196"/>
							<String ID="string_89" HPOS="1209" VPOS="1416" WIDTH="79" HEIGHT="30" WC="0.92" CONTENT="bru-"/>
						</TextLine>
						<TextLine ID="line_22" HPOS="671" VPOS="1435" WIDTH="923" HEIGHT="72">
							<String ID="string_90" HPOS="671" VPOS="1435" WIDTH="3" HEIGHT="68" WC="0.80" CONTENT="|"/><SP WIDTH="142" VPOS="1435" HPOS="674"/>
							<String ID="string_91" HPOS="816" VPOS="1466" WIDTH="112" HEIGHT="30" WC="0.90" CONTENT="neller"/><SP WIDTH="13" VPOS="1466" HPOS="928"/>
							<String ID="string_92" HPOS="941" VPOS="1489" WIDTH="118" HEIGHT="4" WC="0.85" CONTENT="..........."/><SP WIDTH="57" VPOS="1489" HPOS="1059"/>
							<String ID="string_93" HPOS="1116" VPOS="1490" WIDTH="27" HEIGHT="3" WC="0.0" CONTENT="sr"/><SP WIDTH="45" VPOS="1490" HPOS="1143"/>
							<String ID="string_94" HPOS="1188" VPOS="1490" WIDTH="97" HEIGHT="3" WC="0.0" CONTENT=" eeeeea"/><SP WIDTH="86" VPOS="1490" HPOS="1285"/>
							<String ID="string_95" HPOS="1371" VPOS="1481" WIDTH="26" HEIGHT="3" WC="0.55" CONTENT="—"/><SP WIDTH="119" VPOS="1481" HPOS="1397"/>
							<String ID="string_96" HPOS="1516" VPOS="1464" WIDTH="78" HEIGHT="43" WC="0.95" CONTENT="fria."/>
						</TextLine>
					</TextBlock>
				</ComposedBlock>
				<ComposedBlock ID="cblock_9" HPOS="549" VPOS="1411" WIDTH="95" HEIGHT="32">
					<TextBlock ID="block_6" HPOS="549" VPOS="1411" WIDTH="95" HEIGHT="32">
						<TextLine ID="line_23" HPOS="549" VPOS="1411" WIDTH="95" HEIGHT="32">
							<String ID="string_97" HPOS="549" VPOS="1411" WIDTH="62" HEIGHT="32" WC="0.74" CONTENT="109"/><SP WIDTH="13" VPOS="1411" HPOS="611"/>
							<String ID="string_98" HPOS="624" VPOS="1421" WIDTH="20" HEIGHT="21" WC="0.74" CONTENT="a"/>
						</TextLine>
					</TextBlock>
				</ComposedBlock>
				<GraphicalElement ID="cblock_10" HPOS="528" VPOS="267" WIDTH="6" HEIGHT="1197"></GraphicalElement >
				<ComposedBlock ID="cblock_11" HPOS="530" VPOS="1576" WIDTH="1106" HEIGHT="919">
					<TextBlock ID="block_7" HPOS="575" VPOS="1576" WIDTH="477" HEIGHT="38">
						<TextLine ID="line_24" HPOS="575" VPOS="1576" WIDTH="477" HEIGHT="38">
							<String ID="string_99" HPOS="575" VPOS="1576" WIDTH="34" HEIGHT="38" WC="0.95" CONTENT="2)"/><SP WIDTH="32" VPOS="1576" HPOS="609"/>
							<String ID="string_100" HPOS="641" VPOS="1578" WIDTH="53" HEIGHT="30" WC="0.95" CONTENT="att"/><SP WIDTH="25" VPOS="1578" HPOS="694"/>
							<String ID="string_101" HPOS="719" VPOS="1577" WIDTH="188" HEIGHT="37" WC="0.96" CONTENT="riksdagen"/><SP WIDTH="26" VPOS="1577" HPOS="907"/>
							<String ID="string_102" HPOS="933" VPOS="1579" WIDTH="119" HEIGHT="35" WC="0.96" CONTENT="måtte,"/>
						</TextLine>
					</TextBlock>
					<TextBlock ID="block_8" HPOS="530" VPOS="1629" WIDTH="1105" HEIGHT="290">
						<TextLine ID="line_25" HPOS="576" VPOS="1629" WIDTH="1058" HEIGHT="39">
							<String ID="string_103" HPOS="576" VPOS="1629" WIDTH="78" HEIGHT="31" WC="0.95" CONTENT="med"/><SP WIDTH="24" VPOS="1629" HPOS="654"/>
							<String ID="string_104" HPOS="678" VPOS="1629" WIDTH="227" HEIGHT="32" WC="0.96" CONTENT="förklarande"/><SP WIDTH="28" VPOS="1629" HPOS="905"/>
							<String ID="string_105" HPOS="933" VPOS="1631" WIDTH="52" HEIGHT="30" WC="0.95" CONTENT="att"/><SP WIDTH="32" VPOS="1631" HPOS="985"/>
							<String ID="string_106" HPOS="1017" VPOS="1630" WIDTH="136" HEIGHT="37" WC="0.95" CONTENT="Kungl."/><SP WIDTH="24" VPOS="1630" HPOS="1153"/>
							<String ID="string_107" HPOS="1177" VPOS="1630" WIDTH="120" HEIGHT="38" WC="0.96" CONTENT="Maj:ts"/><SP WIDTH="17" VPOS="1630" HPOS="1297"/>
							<String ID="string_108" HPOS="1314" VPOS="1631" WIDTH="76" HEIGHT="31" WC="0.96" CONTENT="med"/><SP WIDTH="17" VPOS="1631" HPOS="1390"/>
							<String ID="string_109" HPOS="1407" VPOS="1631" WIDTH="227" HEIGHT="32" WC="0.96" CONTENT="förevarande"/>
						</TextLine>
						<TextLine ID="line_26" HPOS="531" VPOS="1681" WIDTH="1103" HEIGHT="38">
							<String ID="string_110" HPOS="531" VPOS="1681" WIDTH="218" HEIGHT="36" WC="0.74" CONTENT="proposition"/><SP WIDTH="25" VPOS="1681" HPOS="749"/>
							<String ID="string_111" HPOS="774" VPOS="1691" WIDTH="42" HEIGHT="21" WC="0.96" CONTENT="nr"/><SP WIDTH="24" VPOS="1691" HPOS="816"/>
							<String ID="string_112" HPOS="840" VPOS="1682" WIDTH="41" HEIGHT="31" WC="0.96" CONTENT="65"/><SP WIDTH="25" VPOS="1682" HPOS="881"/>
							<String ID="string_113" HPOS="906" VPOS="1682" WIDTH="198" HEIGHT="36" WC="0.96" CONTENT="framlagda"/><SP WIDTH="23" VPOS="1682" HPOS="1104"/>
							<String ID="string_114" HPOS="1127" VPOS="1682" WIDTH="135" HEIGHT="37" WC="0.96" CONTENT="förslag"/><SP WIDTH="20" VPOS="1682" HPOS="1262"/>
							<String ID="string_115" HPOS="1282" VPOS="1683" WIDTH="57" HEIGHT="31" WC="0.93" CONTENT="till"/><SP WIDTH="16" VPOS="1683" HPOS="1339"/>
							<String ID="string_116" HPOS="1355" VPOS="1683" WIDTH="165" HEIGHT="36" WC="0.92" CONTENT="tulltaxa,"/><SP WIDTH="18" VPOS="1683" HPOS="1520"/>
							<String ID="string_117" HPOS="1538" VPOS="1684" WIDTH="11" HEIGHT="30" WC="0.96" CONTENT="i"/><SP WIDTH="18" VPOS="1684" HPOS="1549"/>
							<String ID="string_118" HPOS="1567" VPOS="1684" WIDTH="67" HEIGHT="31" WC="0.95" CONTENT="vad"/>
						</TextLine>
						<TextLine ID="line_27" HPOS="530" VPOS="1733" WIDTH="1102" HEIGHT="37">
							<String ID="string_119" HPOS="530" VPOS="1734" WIDTH="112" HEIGHT="35" WC="0.96" CONTENT="angår"/><SP WIDTH="24" VPOS="1734" HPOS="642"/>
							<String ID="string_120" HPOS="666" VPOS="1733" WIDTH="66" HEIGHT="31" WC="0.96" CONTENT="den"/><SP WIDTH="25" VPOS="1733" HPOS="732"/>
							<String ID="string_121" HPOS="757" VPOS="1733" WIDTH="112" HEIGHT="31" WC="0.96" CONTENT="under"/><SP WIDTH="27" VPOS="1733" HPOS="869"/>
							<String ID="string_122" HPOS="896" VPOS="1733" WIDTH="193" HEIGHT="37" WC="0.93" CONTENT="avdelning"/><SP WIDTH="20" VPOS="1733" HPOS="1089"/>
							<String ID="string_123" HPOS="1109" VPOS="1734" WIDTH="65" HEIGHT="31" WC="0.90" CONTENT="»II."/><SP WIDTH="25" VPOS="1734" HPOS="1174"/>
							<String ID="string_124" HPOS="1199" VPOS="1734" WIDTH="263" HEIGHT="36" WC="0.91" CONTENT="Vegetabiliska"/><SP WIDTH="12" VPOS="1734" HPOS="1462"/>
							<String ID="string_125" HPOS="1474" VPOS="1738" WIDTH="158" HEIGHT="28" WC="0.96" CONTENT="ämnen.»"/>
						</TextLine>
						<TextLine ID="line_28" HPOS="533" VPOS="1784" WIDTH="1102" HEIGHT="39">
							<String ID="string_126" HPOS="533" VPOS="1786" WIDTH="182" HEIGHT="35" WC="0.93" CONTENT="upptagna"/><SP WIDTH="29" VPOS="1786" HPOS="715"/>
							<String ID="string_127" HPOS="744" VPOS="1785" WIDTH="353" HEIGHT="36" WC="0.89" CONTENT="underavdelningen"/><SP WIDTH="41" VPOS="1785" HPOS="1097"/>
							<String ID="string_128" HPOS="1138" VPOS="1784" WIDTH="55" HEIGHT="33" WC="0.90" CONTENT="»C."/><SP WIDTH="29" VPOS="1784" HPOS="1193"/>
							<String ID="string_129" HPOS="1222" VPOS="1786" WIDTH="152" HEIGHT="31" WC="0.96" CONTENT="Frukter"/><SP WIDTH="23" VPOS="1786" HPOS="1374"/>
							<String ID="string_130" HPOS="1397" VPOS="1787" WIDTH="62" HEIGHT="31" WC="0.96" CONTENT="och"/><SP WIDTH="28" VPOS="1787" HPOS="1459"/>
							<String ID="string_131" HPOS="1487" VPOS="1787" WIDTH="74" HEIGHT="36" WC="0.93" CONTENT="bär,"/><SP WIDTH="24" VPOS="1787" HPOS="1561"/>
							<String ID="string_132" HPOS="1585" VPOS="1789" WIDTH="50" HEIGHT="29" WC="0.93" CONTENT="ät-"/>
						</TextLine>
						<TextLine ID="line_29" HPOS="534" VPOS="1837" WIDTH="1100" HEIGHT="37">
							<String ID="string_133" HPOS="534" VPOS="1837" WIDTH="127" HEIGHT="35" WC="0.85" CONTENT="bara.»,"/><SP WIDTH="35" VPOS="1837" HPOS="661"/>
							<String ID="string_134" HPOS="696" VPOS="1837" WIDTH="77" HEIGHT="31" WC="0.96" CONTENT="icke"/><SP WIDTH="33" VPOS="1837" HPOS="773"/>
							<String ID="string_135" HPOS="806" VPOS="1837" WIDTH="139" HEIGHT="31" WC="0.96" CONTENT="kunnat"/><SP WIDTH="27" VPOS="1837" HPOS="945"/>
							<String ID="string_136" HPOS="972" VPOS="1847" WIDTH="44" HEIGHT="21" WC="0.96" CONTENT="av"/><SP WIDTH="25" VPOS="1847" HPOS="1016"/>
							<String ID="string_137" HPOS="1041" VPOS="1837" WIDTH="190" HEIGHT="37" WC="0.96" CONTENT="riksdagen"/><SP WIDTH="24" VPOS="1837" HPOS="1231"/>
							<String ID="string_138" HPOS="1255" VPOS="1838" WIDTH="201" HEIGHT="32" WC="0.93" CONTENT="oförändrat"/><SP WIDTH="25" VPOS="1838" HPOS="1456"/>
							<String ID="string_139" HPOS="1481" VPOS="1839" WIDTH="153" HEIGHT="35" WC="0.92" CONTENT="bifallas,"/>
						</TextLine>
						<TextLine ID="line_30" HPOS="533" VPOS="1890" WIDTH="91" HEIGHT="29">
							<String ID="string_140" HPOS="533" VPOS="1890" WIDTH="91" HEIGHT="29" WC="0.96" CONTENT="samt"/>
						</TextLine>
					</TextBlock>
					<TextBlock ID="block_9" HPOS="533" VPOS="1940" WIDTH="1103" HEIGHT="295">
						<TextLine ID="line_31" HPOS="578" VPOS="1940" WIDTH="1057" HEIGHT="37">
							<String ID="string_141" HPOS="578" VPOS="1940" WIDTH="77" HEIGHT="32" WC="0.95" CONTENT="med"/><SP WIDTH="34" VPOS="1940" HPOS="655"/>
							<String ID="string_142" HPOS="689" VPOS="1940" WIDTH="115" HEIGHT="36" WC="0.94" CONTENT="bifall,"/><SP WIDTH="34" VPOS="1940" HPOS="804"/>
							<String ID="string_143" HPOS="838" VPOS="1941" WIDTH="112" HEIGHT="31" WC="0.96" CONTENT="såvitt"/><SP WIDTH="32" VPOS="1941" HPOS="950"/>
							<String ID="string_144" HPOS="982" VPOS="1942" WIDTH="110" HEIGHT="35" WC="0.96" CONTENT="angår"/><SP WIDTH="32" VPOS="1942" HPOS="1092"/>
							<String ID="string_145" HPOS="1124" VPOS="1941" WIDTH="97" HEIGHT="32" WC="0.96" CONTENT="tiden"/><SP WIDTH="33" VPOS="1941" HPOS="1221"/>
							<String ID="string_146" HPOS="1254" VPOS="1942" WIDTH="80" HEIGHT="31" WC="0.96" CONTENT="från"/><SP WIDTH="29" VPOS="1942" HPOS="1334"/>
							<String ID="string_147" HPOS="1363" VPOS="1943" WIDTH="61" HEIGHT="31" WC="0.96" CONTENT="och"/><SP WIDTH="26" VPOS="1943" HPOS="1424"/>
							<String ID="string_148" HPOS="1450" VPOS="1942" WIDTH="77" HEIGHT="32" WC="0.96" CONTENT="med"/><SP WIDTH="24" VPOS="1942" HPOS="1527"/>
							<String ID="string_149" HPOS="1551" VPOS="1943" WIDTH="84" HEIGHT="31" WC="0.96" CONTENT="1930"/>
						</TextLine>
						<TextLine ID="line_32" HPOS="534" VPOS="1993" WIDTH="1101" HEIGHT="36">
							<String ID="string_150" HPOS="534" VPOS="1993" WIDTH="57" HEIGHT="30" WC="0.96" CONTENT="års"/><SP WIDTH="24" VPOS="1993" HPOS="591"/>
							<String ID="string_151" HPOS="615" VPOS="1993" WIDTH="145" HEIGHT="36" WC="0.96" CONTENT="ingång,"/><SP WIDTH="25" VPOS="1993" HPOS="760"/>
							<String ID="string_152" HPOS="785" VPOS="1993" WIDTH="57" HEIGHT="30" WC="0.95" CONTENT="till"/><SP WIDTH="24" VPOS="1993" HPOS="842"/>
							<String ID="string_153" HPOS="866" VPOS="1993" WIDTH="179" HEIGHT="31" WC="0.92" CONTENT="motionen"/><SP WIDTH="23" VPOS="1993" HPOS="1045"/>
							<String ID="string_154" HPOS="1068" VPOS="1993" WIDTH="109" HEIGHT="31" WC="0.83" CONTENT="II:74"/><SP WIDTH="24" VPOS="1993" HPOS="1177"/>
							<String ID="string_155" HPOS="1201" VPOS="2004" WIDTH="45" HEIGHT="20" WC="0.96" CONTENT="av"/><SP WIDTH="21" VPOS="2004" HPOS="1246"/>
							<String ID="string_156" HPOS="1267" VPOS="1994" WIDTH="79" HEIGHT="31" WC="0.96" CONTENT="herr"/><SP WIDTH="16" VPOS="1994" HPOS="1346"/>
							<String ID="string_157" HPOS="1362" VPOS="1994" WIDTH="193" HEIGHT="31" WC="0.96" CONTENT="Wikström"/><SP WIDTH="17" VPOS="1994" HPOS="1555"/>
							<String ID="string_158" HPOS="1572" VPOS="1995" WIDTH="63" HEIGHT="31" WC="0.96" CONTENT="och"/>
						</TextLine>
						<TextLine ID="line_33" HPOS="536" VPOS="2043" WIDTH="1098" HEIGHT="39">
							<String ID="string_159" HPOS="536" VPOS="2044" WIDTH="178" HEIGHT="30" WC="0.93" CONTENT="motionen"/><SP WIDTH="35" VPOS="2044" HPOS="714"/>
							<String ID="string_160" HPOS="749" VPOS="2043" WIDTH="131" HEIGHT="32" WC="0.33" CONTENT="II:152"/><SP WIDTH="33" VPOS="2043" HPOS="880"/>
							<String ID="string_161" HPOS="913" VPOS="2054" WIDTH="45" HEIGHT="21" WC="0.97" CONTENT="av"/><SP WIDTH="23" VPOS="2054" HPOS="958"/>
							<String ID="string_162" HPOS="981" VPOS="2045" WIDTH="59" HEIGHT="30" WC="0.96" CONTENT="fru"/><SP WIDTH="24" VPOS="2045" HPOS="1040"/>
							<String ID="string_163" HPOS="1064" VPOS="2044" WIDTH="185" HEIGHT="36" WC="0.96" CONTENT="Nordgren"/><SP WIDTH="23" VPOS="2044" HPOS="1249"/>
							<String ID="string_164" HPOS="1272" VPOS="2046" WIDTH="63" HEIGHT="31" WC="0.96" CONTENT="och"/><SP WIDTH="23" VPOS="2046" HPOS="1335"/>
							<String ID="string_165" HPOS="1358" VPOS="2046" WIDTH="57" HEIGHT="30" WC="0.96" CONTENT="fru"/><SP WIDTH="24" VPOS="2046" HPOS="1415"/>
							<String ID="string_166" HPOS="1439" VPOS="2044" WIDTH="160" HEIGHT="38" WC="0.95" CONTENT="Östlund,"/><SP WIDTH="24" VPOS="2044" HPOS="1599"/>
							<String ID="string_167" HPOS="1623" VPOS="2047" WIDTH="11" HEIGHT="30" WC="0.95" CONTENT="i"/>
						</TextLine>
						<TextLine ID="line_34" HPOS="536" VPOS="2095" WIDTH="1100" HEIGHT="38">
							<String ID="string_168" HPOS="536" VPOS="2095" WIDTH="69" HEIGHT="31" WC="0.96" CONTENT="vad"/><SP WIDTH="28" VPOS="2095" HPOS="605"/>
							<String ID="string_169" HPOS="633" VPOS="2095" WIDTH="221" HEIGHT="31" WC="0.96" CONTENT="sistnämnda"/><SP WIDTH="35" VPOS="2095" HPOS="854"/>
							<String ID="string_170" HPOS="889" VPOS="2096" WIDTH="134" HEIGHT="31" WC="0.96" CONTENT="motion"/><SP WIDTH="33" VPOS="2096" HPOS="1023"/>
							<String ID="string_171" HPOS="1056" VPOS="2105" WIDTH="103" HEIGHT="22" WC="0.95" CONTENT="avser"/><SP WIDTH="24" VPOS="2105" HPOS="1159"/>
							<String ID="string_172" HPOS="1183" VPOS="2097" WIDTH="179" HEIGHT="31" WC="0.95" CONTENT="tullfrihet"/><SP WIDTH="23" VPOS="2097" HPOS="1362"/>
							<String ID="string_173" HPOS="1385" VPOS="2098" WIDTH="53" HEIGHT="30" WC="0.96" CONTENT="för"/><SP WIDTH="22" VPOS="2098" HPOS="1438"/>
							<String ID="string_174" HPOS="1460" VPOS="2098" WIDTH="176" HEIGHT="35" WC="0.95" CONTENT="apelsiner"/>
						</TextLine>
						<TextLine ID="line_35" HPOS="534" VPOS="2146" WIDTH="1101" HEIGHT="39">
							<String ID="string_175" HPOS="534" VPOS="2146" WIDTH="65" HEIGHT="31" WC="0.96" CONTENT="och"/><SP WIDTH="22" VPOS="2146" HPOS="599"/>
							<String ID="string_176" HPOS="621" VPOS="2146" WIDTH="154" HEIGHT="32" WC="0.94" CONTENT="citroner"/><SP WIDTH="24" VPOS="2146" HPOS="775"/>
							<String ID="string_177" HPOS="799" VPOS="2148" WIDTH="91" HEIGHT="30" WC="0.95" CONTENT="samt"/><SP WIDTH="16" VPOS="2148" HPOS="890"/>
							<String ID="string_178" HPOS="906" VPOS="2147" WIDTH="144" HEIGHT="31" WC="0.96" CONTENT="torkade"/><SP WIDTH="17" VPOS="2147" HPOS="1050"/>
							<String ID="string_179" HPOS="1067" VPOS="2147" WIDTH="189" HEIGHT="37" WC="0.93" CONTENT="plommon,"/><SP WIDTH="16" VPOS="2147" HPOS="1256"/>
							<String ID="string_180" HPOS="1272" VPOS="2149" WIDTH="155" HEIGHT="36" WC="0.93" CONTENT="sviskon,"/><SP WIDTH="17" VPOS="2149" HPOS="1427"/>
							<String ID="string_181" HPOS="1444" VPOS="2149" WIDTH="191" HEIGHT="36" WC="0.96" CONTENT="aprikoser,"/>
						</TextLine>
						<TextLine ID="line_36" HPOS="533" VPOS="2198" WIDTH="848" HEIGHT="37">
							<String ID="string_182" HPOS="533" VPOS="2198" WIDTH="160" HEIGHT="36" WC="0.96" CONTENT="persikor"/><SP WIDTH="24" VPOS="2198" HPOS="693"/>
							<String ID="string_183" HPOS="717" VPOS="2198" WIDTH="64" HEIGHT="31" WC="0.96" CONTENT="och"/><SP WIDTH="23" VPOS="2198" HPOS="781"/>
							<String ID="string_184" HPOS="804" VPOS="2199" WIDTH="74" HEIGHT="30" WC="0.94" CONTENT="s.k."/><SP WIDTH="24" VPOS="2199" HPOS="878"/>
							<String ID="string_185" HPOS="902" VPOS="2198" WIDTH="153" HEIGHT="32" WC="0.95" CONTENT="blandad"/><SP WIDTH="25" VPOS="2198" HPOS="1055"/>
							<String ID="string_186" HPOS="1080" VPOS="2199" WIDTH="111" HEIGHT="36" WC="0.95" CONTENT="frukt,"/><SP WIDTH="24" VPOS="2199" HPOS="1191"/>
							<String ID="string_187" HPOS="1215" VPOS="2202" WIDTH="166" HEIGHT="29" WC="0.96" CONTENT="ävensom"/>
						</TextLine>
					</TextBlock>
					<TextBlock ID="block_10" HPOS="533" VPOS="2249" WIDTH="1102" HEIGHT="246">
						<TextLine ID="line_37" HPOS="577" VPOS="2249" WIDTH="1058" HEIGHT="39">
							<String ID="string_188" HPOS="577" VPOS="2249" WIDTH="77" HEIGHT="32" WC="0.95" CONTENT="med"/><SP WIDTH="35" VPOS="2249" HPOS="654"/>
							<String ID="string_189" HPOS="689" VPOS="2250" WIDTH="126" HEIGHT="36" WC="0.93" CONTENT="avslag"/><SP WIDTH="34" VPOS="2250" HPOS="815"/>
							<String ID="string_190" HPOS="849" VPOS="2251" WIDTH="21" HEIGHT="30" WC="0.91" CONTENT="å"/><SP WIDTH="35" VPOS="2251" HPOS="870"/>
							<String ID="string_191" HPOS="905" VPOS="2251" WIDTH="178" HEIGHT="31" WC="0.90" CONTENT="motionen"/><SP WIDTH="33" VPOS="2251" HPOS="1083"/>
							<String ID="string_192" HPOS="1116" VPOS="2250" WIDTH="104" HEIGHT="32" WC="0.69" CONTENT="I:235"/><SP WIDTH="28" VPOS="2250" HPOS="1220"/>
							<String ID="string_193" HPOS="1248" VPOS="2262" WIDTH="45" HEIGHT="20" WC="0.96" CONTENT="av"/><SP WIDTH="23" VPOS="2262" HPOS="1293"/>
							<String ID="string_194" HPOS="1316" VPOS="2252" WIDTH="80" HEIGHT="31" WC="0.96" CONTENT="herr"/><SP WIDTH="23" VPOS="2252" HPOS="1396"/>
							<String ID="string_195" HPOS="1419" VPOS="2251" WIDTH="90" HEIGHT="31" WC="0.96" CONTENT="Dahl"/><SP WIDTH="24" VPOS="2251" HPOS="1509"/>
							<String ID="string_196" HPOS="1533" VPOS="2255" WIDTH="102" HEIGHT="33" WC="0.96" CONTENT="samt,"/>
						</TextLine>
						<TextLine ID="line_38" HPOS="534" VPOS="2302" WIDTH="1101" HEIGHT="39">
							<String ID="string_197" HPOS="534" VPOS="2302" WIDTH="111" HEIGHT="30" WC="0.95" CONTENT="såvitt"/><SP WIDTH="32" VPOS="2302" HPOS="645"/>
							<String ID="string_198" HPOS="677" VPOS="2302" WIDTH="113" HEIGHT="36" WC="0.95" CONTENT="angår"/><SP WIDTH="29" VPOS="2302" HPOS="790"/>
							<String ID="string_199" HPOS="819" VPOS="2302" WIDTH="98" HEIGHT="31" WC="0.96" CONTENT="tiden"/><SP WIDTH="34" VPOS="2302" HPOS="917"/>
							<String ID="string_200" HPOS="951" VPOS="2302" WIDTH="81" HEIGHT="31" WC="0.96" CONTENT="från"/><SP WIDTH="34" VPOS="2302" HPOS="1032"/>
							<String ID="string_201" HPOS="1066" VPOS="2302" WIDTH="64" HEIGHT="31" WC="0.96" CONTENT="och"/><SP WIDTH="24" VPOS="2302" HPOS="1130"/>
							<String ID="string_202" HPOS="1154" VPOS="2303" WIDTH="78" HEIGHT="31" WC="0.96" CONTENT="med"/><SP WIDTH="24" VPOS="2303" HPOS="1232"/>
							<String ID="string_203" HPOS="1256" VPOS="2304" WIDTH="83" HEIGHT="31" WC="0.95" CONTENT="1930"/><SP WIDTH="24" VPOS="2304" HPOS="1339"/>
							<String ID="string_204" HPOS="1363" VPOS="2304" WIDTH="56" HEIGHT="31" WC="0.96" CONTENT="års"/><SP WIDTH="24" VPOS="2304" HPOS="1419"/>
							<String ID="string_205" HPOS="1443" VPOS="2304" WIDTH="146" HEIGHT="37" WC="0.93" CONTENT="ingång,"/><SP WIDTH="25" VPOS="2304" HPOS="1589"/>
							<String ID="string_206" HPOS="1614" VPOS="2306" WIDTH="21" HEIGHT="29" WC="0.90" CONTENT="å"/>
						</TextLine>
						<TextLine ID="line_39" HPOS="534" VPOS="2352" WIDTH="1100" HEIGHT="40">
							<String ID="string_207" HPOS="534" VPOS="2352" WIDTH="74" HEIGHT="32" WC="0.96" CONTENT="dels"/><SP WIDTH="35" VPOS="2352" HPOS="608"/>
							<String ID="string_208" HPOS="643" VPOS="2352" WIDTH="40" HEIGHT="32" WC="0.96" CONTENT="de"/><SP WIDTH="38" VPOS="2352" HPOS="683"/>
							<String ID="string_209" HPOS="721" VPOS="2353" WIDTH="229" HEIGHT="37" WC="0.96" CONTENT="likalydande"/><SP WIDTH="27" VPOS="2353" HPOS="950"/>
							<String ID="string_210" HPOS="977" VPOS="2355" WIDTH="222" HEIGHT="30" WC="0.96" CONTENT="motionerna"/><SP WIDTH="22" VPOS="2355" HPOS="1199"/>
							<String ID="string_211" HPOS="1221" VPOS="2355" WIDTH="27" HEIGHT="31" WC="0.13" CONTENT="I:"/><SP WIDTH="15" VPOS="2355" HPOS="1248"/>
							<String ID="string_212" HPOS="1263" VPOS="2356" WIDTH="39" HEIGHT="30" WC="0.13" CONTENT="91"/><SP WIDTH="24" VPOS="2356" HPOS="1302"/>
							<String ID="string_213" HPOS="1326" VPOS="2366" WIDTH="45" HEIGHT="20" WC="0.96" CONTENT="av"/><SP WIDTH="24" VPOS="2366" HPOS="1371"/>
							<String ID="string_214" HPOS="1395" VPOS="2356" WIDTH="80" HEIGHT="31" WC="0.96" CONTENT="herr"/><SP WIDTH="23" VPOS="2356" HPOS="1475"/>
							<String ID="string_215" HPOS="1498" VPOS="2356" WIDTH="136" HEIGHT="36" WC="0.96" CONTENT="Boberg"/>
						</TextLine>
						<TextLine ID="line_40" HPOS="533" VPOS="2405" WIDTH="1102" HEIGHT="39">
							<String ID="string_216" HPOS="533" VPOS="2414" WIDTH="46" HEIGHT="21" WC="0.91" CONTENT="m."/><SP WIDTH="25" VPOS="2414" HPOS="579"/>
							<String ID="string_217" HPOS="604" VPOS="2405" WIDTH="33" HEIGHT="31" WC="0.93" CONTENT="fl."/><SP WIDTH="25" VPOS="2405" HPOS="637"/>
							<String ID="string_218" HPOS="662" VPOS="2405" WIDTH="64" HEIGHT="31" WC="0.96" CONTENT="och"/><SP WIDTH="22" VPOS="2405" HPOS="726"/>
							<String ID="string_219" HPOS="748" VPOS="2405" WIDTH="47" HEIGHT="31" WC="0.96" CONTENT="II:"/><SP WIDTH="17" VPOS="2405" HPOS="795"/>
							<String ID="string_220" HPOS="812" VPOS="2406" WIDTH="62" HEIGHT="31" WC="0.96" CONTENT="149"/><SP WIDTH="24" VPOS="2406" HPOS="874"/>
							<String ID="string_221" HPOS="898" VPOS="2416" WIDTH="46" HEIGHT="21" WC="0.96" CONTENT="av"/><SP WIDTH="23" VPOS="2416" HPOS="944"/>
							<String ID="string_222" HPOS="967" VPOS="2406" WIDTH="79" HEIGHT="31" WC="0.95" CONTENT="herr"/><SP WIDTH="23" VPOS="2406" HPOS="1046"/>
							<String ID="string_223" HPOS="1069" VPOS="2406" WIDTH="198" HEIGHT="32" WC="0.96" CONTENT="Johansson"/><SP WIDTH="24" VPOS="2406" HPOS="1267"/>
							<String ID="string_224" HPOS="1291" VPOS="2407" WIDTH="12" HEIGHT="31" WC="0.92" CONTENT="i"/><SP WIDTH="23" VPOS="2407" HPOS="1303"/>
							<String ID="string_225" HPOS="1326" VPOS="2407" WIDTH="195" HEIGHT="37" WC="0.91" CONTENT="Krogstorp"/><SP WIDTH="16" VPOS="2407" HPOS="1521"/>
							<String ID="string_226" HPOS="1537" VPOS="2418" WIDTH="45" HEIGHT="21" WC="0.91" CONTENT="m."/><SP WIDTH="19" VPOS="2418" HPOS="1582"/>
							<String ID="string_227" HPOS="1601" VPOS="2408" WIDTH="34" HEIGHT="31" WC="0.96" CONTENT="fl."/>
						</TextLine>
						<TextLine ID="line_41" HPOS="534" VPOS="2456" WIDTH="1101" HEIGHT="39">
							<String ID="string_228" HPOS="534" VPOS="2456" WIDTH="76" HEIGHT="31" WC="0.96" CONTENT="dels"/><SP WIDTH="32" VPOS="2456" HPOS="610"/>
							<String ID="string_229" HPOS="642" VPOS="2457" WIDTH="62" HEIGHT="31" WC="0.95" CONTENT="ock"/><SP WIDTH="35" VPOS="2457" HPOS="704"/>
							<String ID="string_230" HPOS="739" VPOS="2457" WIDTH="179" HEIGHT="32" WC="0.93" CONTENT="motionen"/><SP WIDTH="33" VPOS="2457" HPOS="918"/>
							<String ID="string_231" HPOS="951" VPOS="2457" WIDTH="122" HEIGHT="32" WC="0.8" CONTENT="TII:152"/><SP WIDTH="34" VPOS="2457" HPOS="1073"/>
							<String ID="string_232" HPOS="1107" VPOS="2468" WIDTH="45" HEIGHT="21" WC="0.96" CONTENT="av"/><SP WIDTH="36" VPOS="2468" HPOS="1152"/>
							<String ID="string_233" HPOS="1188" VPOS="2459" WIDTH="57" HEIGHT="30" WC="0.96" CONTENT="fru"/><SP WIDTH="35" VPOS="2459" HPOS="1245"/>
							<String ID="string_234" HPOS="1280" VPOS="2458" WIDTH="182" HEIGHT="37" WC="0.96" CONTENT="Nordgren"/><SP WIDTH="29" VPOS="2458" HPOS="1462"/>
							<String ID="string_235" HPOS="1491" VPOS="2460" WIDTH="63" HEIGHT="31" WC="0.96" CONTENT="och"/><SP WIDTH="24" VPOS="2460" HPOS="1554"/>
							<String ID="string_236" HPOS="1578" VPOS="2460" WIDTH="57" HEIGHT="31" WC="0.96" CONTENT="fru"/>
						</TextLine>
					</TextBlock>
				</ComposedBlock>
			</PrintSpace>
		</Page>
	</Layout>
</alto>
