1914 2850
1559 158 21 30 vt

457 164 420 38 Bevillningsutskottets
903 160 225 35 betänkande
1153 160 53 33 Nr
1233 161 52 32 53.

801 453 58 40 Nr
886 452 63 41 d3.

630 573 114 24 Ankom
764 572 43 24 till
825 571 166 32 riksdagens
1009 570 91 24 kansli
1120 569 55 24 den
1197 570 32 23 25
1248 569 57 30 maj
1325 568 67 24 1934
1412 567 36 24 kl.
1472 568 9 23 I
1503 572 22 19 e.
1544 574 38 17 m.

221 659 419 36 Bevillningsutskottets
664 657 234 36 betänkande,
925 658 9 40 i
956 655 194 37 anledning
1173 664 46 21 av
1241 653 134 37 Kungl.
1398 652 92 48 Maj:
1495 653 31 30 ts
1546 641 80 47 pro-

423 711 155 36 position
601 710 80 30 med
707 709 135 41 förslag
868 696 57 44 till
950 701 63 44 lag
1035 717 56 21 om
1116 706 156 36 ändring
1299 706 11 30 i
1334 705 97 31 vissa
1455 699 99 35 delar
1578 712 47 21 av

423 760 433 38 kommunalskattelagen
881 760 68 31 den
972 761 38 30 28
1034 758 199 37 september
1256 759 86 34 1928,
1368 767 45 20 m.
1438 767 45 20 m.

1393 824 73 36 (2:a
1488 823 93 36 avd.)

163 937 18 31 I
199 946 45 21 en
264 936 68 31 den
349 937 18 30 2
388 946 97 21 mars
503 936 78 30 1934
602 934 233 37 dagtecknad,
857 933 58 31 till
933 931 396 37 bevillningsutskottet
1350 928 178 32 hänvisad
1547 937 78 28 pro-

123 988 166 38 position,
309 998 43 21 nr
373 989 69 35 241,
462 988 66 30 har
548 987 135 36 Kungl.
702 986 120 36 Maj:t,
842 984 114 32 under
975 983 225 37 åberopande
1220 993 46 20 av
1287 981 268 37 propositionen
1575 980 51 31 bi-

123 1041 79 37 lagt
228 1040 132 37 utdrag
387 1050 47 21 av
461 1037 391 38 statsrådsprotokollet
880 1039 85 29 över
992 1029 280 46 finansärenden
1300 1033 57 31 för
1382 1042 137 35 samma
1544 1031 82 43 dag,

125 1091 189 37 föreslagit
333 1092 195 35 riksdagen
548 1092 54 30 att
622 1092 135 34 antaga
780 1085 110 35 nedan
908 1087 186 37 återgivna
1120 1086 137 36 förslag
1278 1085 58 31 till
1621 1106 4 22 |

164 1143 75 32 dels
261 1144 60 36 lag
341 1153 58 22 om
421 1142 155 36 ändring
599 1142 12 30 i
636 1141 97 31 vissa
756 1141 98 31 delar
877 1150 47 20 av
944 1137 434 36 kommunalskattelagen
1402 1137 68 30 den
1491 1136 38 31 28
1551 1145 75 26 sep-

123 1189 132 47 tember
277 1189 80 47 1928
384 1195 57 35 (nr
463 1193 88 37 370);

164 1247 76 32 dels
261 1247 213 36 förordning
496 1257 57 20 om
571 1245 156 35 ändring
749 1245 12 30 i
783 1244 97 30 vissa
904 1243 98 31 delar
1024 1252 46 20 av
1092 1240 446 37 taxeringsförordningen
1558 1239 69 31 den

124 1301 41 30 28
187 1299 199 38 september
407 1299 79 31 1928
511 1297 55 36 (nr
587 1296 90 37 379);
1096 1309 2 3 |

127 1351 116 32 dels
263 1352 65 31 ock
350 1350 213 36 förordning
586 1349 185 36 angående
793 1347 140 32 ändrad
955 1345 133 38 lydelse
1109 1355 46 21 av
1176 1343 81 36 13:$
1279 1342 258 38 förordningen
1560 1344 69 31 den

125 1405 40 30 14
187 1403 80 37 juni
290 1403 77 31 19383
390 1401 58 36 (nr
470 1400 88 36 357)
566 1411 58 21 om
646 1399 187 67 EE
854 1399 13 31 i
891 1397 105 32 vissa
1008 1397 67 31 fall
1096 1407 46 21 av
1161 1396 153 59 särskilt
1334 1395 295 37 uppskattnings-

126 1456 111 58 värde
259 1457 21 29 å
302 1454 185 36 fastighet.

763 1611 237 51 Förslag

851 1690 56 32 till
1565 1717 2 2 .

178 1766 64 43 lag
266 1776 64 22 om
356 1764 173 43 ändring
551 1763 14 33 i
588 1747 116 49 vissa
723 1761 112 34 delar
859 1771 49 23 av
929 1758 488 43 kommunalskattelagen
1443 1758 75 33 den
1541 1759 43 32 28

608 1823 230 44 september
864 1822 88 33 1928
976 1819 66 44 (nr
1064 1818 92 44 370).

169 1947 223 36 Härigenom
410 1946 197 35 förordnas,
624 1946 55 30 att
695 1944 38 31 29
751 1943 18 37 $
785 1944 17 31 3
819 1952 114 27 mom.,
950 1943 38 30 30
1004 1941 18 36 $
1039 1942 19 30 4
1074 1951 114 26 mom.,
1205 1941 109 36 sjätte
1330 1940 162 36 punkten
1509 1951 46 20 av
1572 1950 61 21 an-

130 1999 238 36 visningarna
382 1997 58 33 till
456 1997 39 32 30
509 1996 18 37 $
542 1998 93 30 samt
651 1996 114 32 första
780 1995 161 37 punkten
957 2004 46 21 av
1018 1992 287 37 anvisningarna
1317 1992 58 31 till
1390 1992 39 31 54
1455 1989 8 39 $
1475 1989 158 39 kommu-

128 2050 291 36 nalskattelagen
435 2050 70 31 den
522 2049 38 31 28
576 2047 199 37 september
793 2047 77 31 1928
888 2045 101 32 skola
1005 2045 94 32 hava
1117 2044 139 32 ändrad
1272 2043 134 38 lydelse
1425 2045 46 35 på
1488 2044 72 31 sätt
1576 2052 58 22 ne-

128 2103 73 31 dan
220 2102 163 37 angives:
858 2090 2 2 |

832 2185 39 31 29
900 2183 28 37 $.

171 2260 19 29 3
215 2267 103 22 mom.
356 2257 72 30 För
446 2255 180 37 sparbank
641 2273 42 5 —
698 2273 40 4 —--
753 2273 39 3 —
808 2252 178 36 bildande,
1003 2252 215 36 grundfond.

172 2308 189 37 Sparbank
377 2309 59 29 må
453 2306 137 37 jämväl
606 2305 145 36 åtnjuta
765 2305 139 36 avdrag
923 2305 55 30 för
996 2303 129 36 bidrag
1141 2303 57 31 till
1214 2302 286 37 sparbankernas
1518 2301 117 31 säker-

130 2360 197 42 hetskassa.

171 2410 297 37 Sparbankernas
492 2408 373 37 säkerhetskassa
807 2400 55 51 må
890 2409 85 35 göra
1000 2406 137 37 avdrag
1165 2406 54 35 för
1247 2405 187 36 utdelning
1460 2404 55 31 till
1539 2412 98 28 spar-

131 2462 194 33 bankerna.
