2146 2578
680 147 246 30 Statsutskottets
952 145 162 30 Utlåtande
1135 145 59 28 N:o
1219 144 48 28 12.
1739 138 36 30 11

549 226 20 34 å
598 224 110 35 andra
773 221 254 36 hufvudtiteln
1056 220 137 35 kronor
1250 220 141 41 50,500

549 294 13 16 >
595 277 118 48 tredje
898 290 13 17 >
1110 289 13 15 >
1281 273 113 43 1,800

550 348 12 15 >»
595 331 118 47 fjärde
896 343 14 17 >
1109 341 14 18 >
1279 327 113 42 5,500

552 399 13 19 >
596 385 112 34 femte
896 396 13 18 ?
1108 396 13 15 >
1278 381 114 41 8,000

551 453 12 16 >»
598 437 107 47 sjette
892 450 13 15 >
1105 448 13 17 >
1248 433 141 41 81,300

550 505 14 18 >
598 490 131 47 sjunde
896 503 12 16 >
1109 500 13 18 >
1250 486 143 41 38,000

552 557 13 18 >
598 542 149 35 åttonde
893 554 14 18 »
1106 553 14 17 >
1228 539 166 42 128,500

551 610 12 19 >»
595 595 138 36 nionde
894 609 13 15 »
1107 607 12 15 >
1256 591 140 42 17,100

759 657 91 34 eller
877 655 157 46 tillhopa
1062 654 138 35 kronor
1230 654 168 41 330,700

332 764 80 34 Mot
440 761 118 47 öfriga
577 760 162 48 grunder
757 759 57 35 för
833 757 333 49 dyrtidstilläggets
1186 755 238 37 beräknande
1445 755 69 35 och
1538 752 240 37 utbetalande

171 818 69 35 har
266 816 182 36 utskottet
475 814 84 36 icke
586 813 80 36 haft
692 815 114 44 något
834 816 54 31 att
916 810 130 36 erinra.

334 869 110 34 Hvad
501 869 114 44 angår
665 865 486 48 justitieombudsmannens
1192 861 274 46 framställning
1509 872 57 23 om
1619 857 156 49 dyrtids-

171 923 132 46 tillägg
331 924 38 33 åt
396 921 299 47 tjänstemännen
723 918 63 36 vid
821 914 676 51 justitieombudsmansexpeditionen
1528 934 46 3 —
1605 912 56 35 för
1689 906 89 56 hvil-

171 976 66 35 ket
265 974 171 36 ändamål
463 972 176 36 nästlidet
667 974 58 32 års
754 970 169 46 Riksdag
952 969 129 46 anslog
1111 971 75 32 850
1216 968 137 35 kronor
1381 989 51 3 —
1460 966 116 43 torde,
1593 964 63 36 vid
1675 963 104 35 bifall

171 1029 58 35 till
257 1028 200 35 utskottets
501 1038 89 36 nyss
632 1023 241 37 omförmälda
914 1022 147 47 förslag,
1091 1021 176 46 beloppet
1294 1020 87 35 böra
1411 1019 40 35 af
1475 1018 217 46 Riksdagen
1720 1016 58 35 be-

176 1087 172 30 stämmas
376 1080 58 36 till
463 1080 156 35 allenast
649 1080 75 33 600
753 1077 147 35 kronor.

331 1134 192 36 Utskottet
550 1131 212 36 hemställer
790 1130 118 35 alltså:

702 1236 32 48 I)
779 1239 54 32 att
875 1235 227 46 Riksdagen,
1146 1234 14 34 i
1202 1232 203 46 anledning
1447 1231 40 36 af
1511 1231 98 36 hvad
1638 1229 138 46 Kungl.

596 1290 109 48 Maj:t
732 1290 120 35 under
882 1291 33 41 2,
948 1290 34 42 3,
1013 1291 35 40 4,
1082 1290 33 41 5,
1149 1289 33 41 6,
1217 1289 32 41 7,
1282 1289 21 33 8
1333 1286 69 35 och
1433 1287 20 33 9
1483 1278 293 53 hufvudtitlarne

595 1343 190 46 föreslagit
808 1342 13 35 i
849 1342 104 46 fråga
981 1353 57 23 om
1068 1340 211 47 beviljande
1309 1339 40 35 af
1373 1338 130 46 anslag
1531 1337 57 35 till
1621 1334 155 49 dyrtids-

594 1396 142 46 tillägg,
767 1397 71 42 må,
882 1394 56 35 för
979 1394 209 35 beredande
1224 1392 40 35 af
1288 1391 276 48 dyrtidstillägg
1592 1389 56 35 för
1675 1388 100 35 inne-

594 1449 163 36 varande
800 1451 40 32 år
882 1450 37 32 åt
960 1458 47 24 en
1043 1446 59 35 del
1134 1445 225 48 tjänstemän
1388 1445 68 34 och
1484 1443 165 48 betjänte
1677 1441 98 34 inom

596 1503 44 35 de
669 1502 100 36 olika
798 1502 304 46 departementen
1128 1499 116 47 jämte
1273 1497 125 36 därtill
1431 1497 164 36 hörande
1624 1494 152 37 ämbets-

594 1555 102 44 verk,
742 1555 110 34 kårer
891 1554 69 35 och
1002 1557 124 39 stater,
1157 1553 120 33 under
1305 1550 286 36 nedannämnda
1619 1547 156 36 hufvud-

594 1609 101 35 titlar
722 1610 48 45 på
799 1611 106 32 extra
947 1611 73 31 stat
1058 1606 56 35 för
1150 1607 40 33 år
1221 1607 99 33 1904
1343 1603 128 37 anvisa
1499 1601 183 37 särskilda
1709 1601 66 34 för-

596 1661 230 47 slagsanslag
853 1660 59 36 till
940 1659 164 48 följande
1133 1658 148 46 belopp,
1311 1656 205 47 nämligen:

674 1715 118 35 under
820 1714 116 34 andra
964 1711 252 37 hufvudtiteln
1244 1711 137 35 kronor
1438 1711 151 42 12,500:
1623 1729 47 4 —

735 1782 12 18 >»
820 1766 118 47 tredje
1108 1779 13 18 >
1321 1778 13 18 >
1463 1765 126 41 2,400:
1621 1782 51 4 —

733 1836 13 16 >
780 1816 15 55 —
819 1820 119 47 fjärde
1109 1832 13 18 >
1322 1830 13 19 >
1464 1818 126 42 9,500:
1624 1835 46 4 —

735 1889 12 16 >
821 1873 112 35 femte
1107 1887 13 15 >
1321 1884 13 18 >
1411 1870 178 43 -112,000:
1623 1889 47 3 —

736 1941 14 18 >
783 1922 15 55 —
824 1926 108 47 sjette
1107 1938 13 18 >
1321 1937 13 19 >»
1378 1918 19 55 -
1409 1924 180 42 818,700:
1621 1942 48 3 —

735 1994 13 18 >»
822 1979 133 48 sjunde
1106 1993 12 15 >
1320 1992 12 15 >»
1411 1977 178 42 -162,000:
1623 1994 47 5 —

737 2048 12 17 >»
824 2032 153 35 åttonde
1106 2044 13 18 >
1321 2043 13 18 >
1409 2030 180 42 -321,500:
1623 2048 47 4 —

734 2101 13 16 >
821 2085 137 35 nionde
1108 2097 13 18 >
1320 2097 13 16 >
1437 2083 152 42 61,900:
1622 2101 48 4 —

595 2144 53 31 att
690 2138 184 36 utbetalas
909 2137 83 35 med
1023 2136 255 46 iakttagande,
1310 2139 54 32 att
1390 2134 57 35 för
1474 2133 238 36 beräknande
1743 2132 40 35 af

596 2192 280 48 dyrtidstillägg
899 2190 105 36 skola
1034 2189 98 47 gälla
1160 2188 163 48 följande
1354 2188 182 47 grunder:
