1878 2825
405 195 402 41 Bevillningsutskottets
823 192 218 32 betänkande
1056 200 42 21 nr
1112 191 41 31 50
1167 191 39 30 år
1222 189 83 31 1968
1590 189 20 31 9

126 278 287 30 förekommande
435 278 61 29 fall
518 277 87 30 skall
625 277 11 29 i
656 275 338 37 kontrolluppgiften
1014 273 105 30 också
1140 280 104 29 anges
1265 281 55 20 om
1343 270 188 30 kostnader
1553 270 54 29 för

126 333 123 29 bostad
277 333 65 29 och
369 332 79 29 kost
475 331 82 30 eller
584 330 109 30 andra
720 330 143 37 utgifter
892 329 54 29 för
974 329 66 29 den
1068 327 189 30 anställdes
1285 325 184 38 uppehälle
1496 323 112 30 under

127 396 142 21 resorna
284 386 156 30 bestritts
455 385 113 30 direkt
582 394 42 21 av
639 384 267 37 arbetsgivaren.

171 440 92 30 Från
293 439 204 37 fullständig
526 438 221 37 redovisning
776 447 43 20 av
846 437 259 29 traktamenten
1133 435 37 29 är
1199 434 225 35 undantagna
1455 432 72 29 dels
1558 431 50 29 så-

129 495 90 29 dana
240 494 61 30 fall
323 494 61 29 där
403 493 281 30 traktamentena
703 492 71 29 inte
795 491 186 36 överstiger
1002 489 61 30 500
1084 489 52 29 kr.
1155 488 83 29 eller
1260 487 70 29 inte
1351 495 98 21 avser
1470 494 73 20 mer
1565 485 44 29 än

129 549 41 29 24
193 547 337 37 förrättningsdagar
554 547 53 29 för
628 546 71 29 helt
721 545 39 30 år
781 545 135 34 räknat,
941 544 72 29 dels
1033 561 45 3 —
1099 550 122 29 genom
1244 541 113 30 beslut
1379 549 42 20 av
1447 539 80 30 1967
1553 538 57 30 års

130 602 140 37 riksdag
292 620 43 3 —
358 601 130 30 sådana
512 600 62 30 fall
597 600 62 29 där
681 598 403 37 taxeringsintendenten
1107 597 11 28 i
1141 595 276 36 arbetsgivarens
1441 594 169 28 hemorts-

130 656 169 29 kommun
317 654 165 37 medgivit
501 654 140 36 dispens
661 652 80 30 från
760 652 100 36 eljest
880 650 157 38 gällande
1058 647 365 39 uppgiftsskyldighet.
1445 646 166 29 Befrielse

131 710 78 29 från
234 708 205 37 fullständig
463 706 356 38 uppgiftsskyldighet
843 704 144 31 innebär
1011 704 54 29 för
1089 702 275 37 arbetsgivarens
1389 701 54 29 del
1467 701 50 28 att
1541 700 70 28 han

130 764 84 29 bara
236 771 122 29 genom
381 761 208 38 exempelvis
613 770 42 20 en
677 759 303 38 kryssmarkering
1001 758 45 37 på
1067 755 338 37 kontrolluppgiften
1428 755 71 28 kan
1522 763 89 20 mar-

131 818 82 29 kera
237 818 50 28 alt
310 816 258 30 traktamenten
595 814 110 37 utgått
728 814 64 29 och
816 813 54 29 för
894 812 259 36 arbetstagaren
1176 812 50 27 att
1250 807 327 37 deklarationsplikt
1602 807 7 29 i

132 872 98 35 fråga
244 880 57 20 om
315 869 245 31 motsvarande
576 868 258 30 traktamenten
848 865 190 31 bortfaller.

175 924 179 30 Yrkandet
380 925 10 28 i
418 923 217 29 motionerna
664 922 26 29 I:
710 922 57 29 121
797 922 64 28 och
889 921 43 28 II:
952 920 60 30 165
1042 919 110 37 syftar
1178 919 53 29 till
1260 918 108 29 sådan
1395 917 148 36 ändring
1571 925 43 20 av

131 977 434 36 kommunalskattelagen,
580 978 50 27 att
643 976 127 36 avdrag
785 975 54 29 för
852 974 110 30 ökade
978 972 332 31 levnadskostnader
1325 972 10 29 i
1352 970 168 30 samband
1535 969 78 30 med

133 1031 363 37 korttidsförrättning
519 1039 73 20 som
614 1032 98 27 varat
732 1038 74 20 mer
827 1029 44 29 än
892 1037 42 20 en
956 1028 65 36 dag
1042 1027 70 29 kan
1132 1026 139 36 medges
1295 1025 53 29 för
1370 1024 67 30 den
1459 1023 154 30 faktiska

134 1087 48 28 tid
205 1086 255 35 förrättningen
481 1086 98 27 varat
600 1084 65 29 och
686 1084 71 29 inte
779 1082 87 30 efter
888 1081 130 30 antalet
1040 1080 293 35 övernattningar.
1357 1077 258 30 Motionärerna

134 1141 8 28 i
170 1140 217 29 motionerna
414 1138 106 30 I1:638
546 1138 64 29 och
637 1137 43 29 11:
698 1137 61 29 796
786 1144 100 21 anser
912 1136 49 28 att
987 1133 308 30 bestämmelserna
1321 1141 56 20 om
1405 1131 128 36 avdrag
1561 1130 53 29 för

134 1193 109 30 ökade
266 1191 333 30 levnadskostnader
622 1190 61 29 bör
706 1189 241 30 liberaliseras.
971 1187 65 30 Om
1060 1196 42 20 en
1126 1185 232 37 skattskyldig
1381 1187 53 27 tar
1457 1184 91 37 plats
1572 1183 43 37 på

135 1256 116 20 annan
277 1249 53 26 ort
356 1246 45 29 än
428 1245 61 30 där
515 1245 70 29 han
612 1244 37 29 är
674 1244 115 29 bosatt
814 1243 63 29 och
906 1241 120 30 därvid
1053 1249 102 21 anser
1182 1240 56 29 det
1266 1239 163 36 förenligt
1455 1237 78 30 med
1562 1237 53 29 sin

134 1302 64 29 och
218 1301 53 29 sin
291 1300 134 36 familjs
444 1299 81 30 eller
544 1297 186 37 anhörigas
748 1297 147 29 intresse
915 1297 49 28 att
982 1295 43 29 bo
1044 1295 85 28 kvar
1147 1293 44 38 på
1210 1293 66 29 den
1295 1292 145 36 tidigare
1459 1291 156 29 bostads-

135 1356 98 28 orten
250 1354 62 29 bör
328 1354 70 28 han
413 1371 44 2 —
473 1352 77 29 med
568 1351 195 30 bibehållen
781 1351 68 28 rätt
866 1350 51 28 till
937 1349 127 36 avdrag
1084 1348 53 29 för
1155 1347 110 30 ökade
1283 1344 333 31 levnadskostnader

135 1409 43 37 på
196 1409 65 29 den
279 1417 68 27 nya
364 1407 216 30 arbetsorten
595 1423 44 3 —
654 1405 120 29 kunna
792 1404 81 37 göra
891 1403 66 29 det.
984 1403 4 28 I
1007 1402 177 29 motionen
1203 1401 43 28 II:
1264 1400 62 30 828
1343 1399 106 37 yrkas
1468 1398 148 37 lagstift-

135 1463 83 36 ning
231 1471 41 20 av
284 1460 169 30 innebörd
467 1462 50 28 att
530 1459 258 30 traktamenten
802 1458 63 29 och
879 1454 481 36 resekostnadsersättningar
1375 1453 66 29 blir
1457 1448 160 46 avdrags-

136 1517 81 36 gilla
240 1516 49 29 till
311 1515 87 29 fulla
418 1514 168 37 beloppet,
609 1513 165 29 förutsatt
794 1512 50 29 att
865 1511 40 29 de
926 1511 71 29 inte
1018 1509 133 37 uppgår
1171 1508 52 30 till
1246 1507 194 37 uppenbart
1462 1506 155 36 oskäliga

137 1571 134 36 belopp.

181 1624 49 29 De
258 1632 66 27 nya
354 1619 633 37 traktamentsbeskattningsreglerna
1014 1618 63 30 har
1105 1617 237 36 otvivelaktigt
1371 1615 151 30 medfört
1550 1615 68 29 för-

137 1677 182 36 enklingar
347 1676 54 29 för
430 1676 40 29 de
499 1674 254 37 skattskyldiga
779 1674 64 29 och
872 1672 54 30 för
953 1670 418 38 taxeringsmyndigheter
1398 1669 65 30 och
1493 1669 125 29 skatte-

138 1731 201 29 domstolar.
362 1730 92 29 Även
475 1729 54 29 för
549 1728 175 36 åtskilliga
745 1727 232 36 arbetsgivare
997 1725 97 30 torde
1116 1733 144 21 numera
1281 1733 43 21 en
1345 1723 208 36 förbättring
1574 1722 44 29 ha

139 1785 122 29 inträtt
278 1791 122 29 genom
419 1783 66 29 den
502 1781 232 37 begränsning
750 1790 42 20 av
809 1779 400 38 uppgiftsskyldigheten
1228 1786 73 21 som
1319 1777 128 29 beslöts
1465 1785 42 20 av
1525 1776 95 29 förra

139 1839 91 28 årels
254 1837 151 36 riksdag.
429 1836 184 34 Utskottet,
639 1843 73 21 som
736 1835 38 28 är
797 1834 170 29 medvetet
990 1842 57 20 om
1071 1833 50 29 att
1144 1830 191 37 berättigad
1361 1830 109 29 kritik
1493 1829 10 29 i
1527 1829 92 29 olika

139 1891 223 30 hänseenden
390 1891 71 28 kan
490 1889 110 30 riktas
629 1890 72 27 mot
730 1888 41 30 de
801 1897 67 27 nya
897 1886 317 34 bestämmelserna,
1245 1885 63 28 har
1339 1883 106 30 redan
1474 1883 146 36 tidigare

145 1945 92 35 (BeU
265 1944 169 33 1967:19)
463 1942 242 30 underslrukit
728 1941 119 29 vikten
871 1950 41 20 av
936 1942 50 27 att
1011 1948 41 20 en
1077 1939 146 36 översyn
1247 1947 42 20 av
1313 1936 308 31 bestämmelserna

141 2000 71 29 inte
227 1998 195 37 onödigtvis
438 1996 199 38 uppskjuts.

185 2052 151 29 Numera
360 2052 64 28 har
449 2059 42 20 en
516 2049 184 36 utredning
725 2048 142 29 tillsatts
891 2047 78 30 med
995 2047 138 37 uppgift
1157 2048 50 27 att
1232 2046 118 29 överse
1376 2046 246 29 traktaments-

141 2105 269 36 beskattningen
427 2104 64 29 och
510 2102 141 31 därmed
671 2101 342 36 sammanhängande
1032 2099 365 38 uppgiftsskyldighet.
1417 2098 206 36 Utredning-

143 2169 51 26 en,
218 2168 73 20 som
312 2158 132 37 antagit
464 2156 256 36 benämningen
740 2153 718 37 traktlamentsbeskattningsutredningen,
1482 2152 63 29 har
1568 2161 55 20 en-

143 2214 61 36 ligt
232 2213 75 29 sina
335 2211 148 30 direktiv
510 2213 50 27 att
585 2209 126 31 beakta
739 2209 40 30 de
806 2217 117 21 vunna
951 2207 283 30 erfarenheterna
1261 2206 64 30 och
1354 2206 40 29 de
1424 2206 79 29 från
1531 2205 93 30 olika

143 2267 70 29 håll
241 2266 194 29 framförda
462 2264 263 37 synpunkterna
750 2262 43 37 på
818 2263 67 28 hur
910 2262 308 29 bestämmelserna
1243 2260 121 29 verkat
1390 2260 12 28 i
1427 2259 197 37 praktiken.

143 2322 74 28 Den
236 2320 62 29 bör
318 2319 121 30 utreda
459 2327 56 21 om
533 2317 199 37 ytterligare
751 2316 182 36 möjlighet
954 2315 182 36 föreligger
1156 2315 50 29 att
1227 2314 159 29 förenkla
1406 2313 219 29 bestämmel-

146 2383 99 21 serna
273 2374 64 28 och
363 2373 122 35 bringa
514 2371 76 30 dem
619 2371 160 29 närmare
806 2370 10 28 i
844 2368 344 30 överensstämmelse
1216 2367 78 29 med
1321 2367 65 29 vad
1417 2375 74 21 som
1520 2366 105 37 gäller

145 2437 55 20 om
222 2427 138 37 statliga
380 2426 268 29 traktamenten.
668 2423 236 37 Utredningen
923 2422 61 30 bör
1004 2431 56 20 om
1080 2421 137 37 möjligt
1237 2420 104 30 också
1363 2420 84 30 söka
1467 2420 158 29 förenkla

146 2482 66 29 den
233 2479 355 39 uppgiftsskyldighet
609 2487 72 21 som
704 2477 291 35 sammanhänger
1015 2475 77 29 med
1114 2473 512 36 traktamentsbeskattningen.
