1879 2824
415 185 401 38 Bevillningsutskottets
833 183 217 31 betänkande
1066 192 41 21 nr
1122 182 40 30 50
1177 182 38 30 år
1232 182 82 30 1968
1565 181 40 30 13

168 270 176 29 Utskottet
366 268 59 30 vill
448 268 106 29 också
575 268 116 29 erinra
712 276 56 20 om
791 268 50 28 att
864 266 170 29 utskottet
1057 266 8 28 i
1090 265 59 29 sitt
1172 263 220 30 betänkande
1419 261 152 30 1963:43
1595 261 9 28 i

123 322 97 37 fråga
239 331 57 21 om
317 321 384 37 endagsförrättningar
721 320 164 29 framhöll
905 321 50 28 att
976 317 283 38 schablonregeln
1277 316 106 30 borde
1402 325 83 20 vara
1505 316 10 29 i
1534 315 70 30 viss

124 378 82 29 mån
224 376 186 40 tillämplig
430 377 85 29 även
534 376 10 29 i
564 375 132 30 sådana
715 375 72 33 fall,
807 374 44 30 då
871 373 150 31 särskild
1041 372 193 39 ersättning
1255 371 53 29 för
1329 371 66 29 den
1417 368 187 40 skattskyl-

121 431 95 36 diges
235 429 189 30 kostnader
444 429 70 29 inte
534 428 122 37 utgått.
676 428 66 30 Om
762 437 43 20 en
824 428 234 35 arbetstagare
1079 426 111 29 skulle
1209 434 102 20 anses
1330 425 45 29 ha
1395 424 78 29 haft
1493 422 110 30 ökade

123 483 334 31 levnadskostnader
472 483 58 30 vid
547 482 233 37 tjänstgöring
795 481 71 30 viss
883 481 49 30 tid
949 483 97 27 utom
1063 480 180 29 hemorten
1260 478 110 30 måste
1388 478 93 30 detta
1499 477 107 36 enligt

123 539 189 29 utskottets
332 537 140 37 mening
493 536 160 37 rimligen
673 545 80 21 avse
773 535 69 30 alla
862 535 234 36 arbetstagare
1117 533 141 30 alldeles
1279 533 133 29 oavsett
1433 540 57 21 om
1512 531 93 29 trak-

123 593 153 30 tamente
306 592 112 36 utgått
448 591 81 30 eller
560 591 81 29 inte.
670 589 176 30 Utskottet
876 589 185 29 förutsatte
1091 587 119 30 därför
1240 587 50 29 att
1322 584 284 37 schablonregeln

129 647 111 30 skulle
268 646 47 29 bli
342 645 214 40 vägledande
585 646 87 28 även
699 644 11 29 i
739 643 132 30 sådana
900 642 72 34 fall,
1002 642 44 29 då
1076 640 232 39 skattskyldig
1338 640 71 29 inte
1440 638 167 40 uppburit

125 700 233 30 traktamente
378 707 80 20 men
479 697 106 30 likväl
605 697 117 29 kunde
742 698 100 28 antas
862 696 46 29 ha
928 695 66 30 fått
1013 695 195 29 vidkännas
1229 693 130 37 ökning
1380 702 42 20 av
1443 693 76 29 sina
1539 692 67 29 lev-

125 752 278 31 nadskostnader
422 752 58 30 vid
500 751 234 37 tjänstgöring
755 751 97 29 utom
873 750 67 29 den
959 749 137 36 vanliga
1116 747 351 30 verksamhetsorten.
1491 746 116 36 Enligt

124 808 188 29 utskottets
336 805 227 38 uppfattning
585 813 62 21 var
671 804 65 35 det,
762 804 70 29 inte
857 804 107 28 minst
988 803 79 29 med
1091 802 136 36 hänsyn
1252 801 52 30 till
1329 800 274 33 rättvisekravet,

126 861 179 37 angeläget
330 862 50 28 att
406 859 123 36 frågan
553 867 57 21 om
637 857 108 30 sådan
771 856 250 37 skattskyldigs
1046 856 69 29 rätt
1140 855 52 29 till
1219 854 127 37 avdrag
1373 853 54 30 för
1453 853 153 29 merkos-

125 915 107 30 nader
249 914 58 30 vid
324 913 229 37 tjänsteresor
570 913 71 29 inte
659 911 186 30 bedömdes
864 909 119 31 alltför
1001 909 193 30 restriktivt
1213 917 42 21 av
1273 906 333 38 taxeringsmyndig-

126 970 154 29 heterna.
305 967 216 36 Riksdagens
544 966 114 29 beslut
681 965 145 29 innebar
850 965 47 29 ett
921 962 254 38 godkännande
1199 971 42 20 av
1265 960 341 37 bevillningsutskot-

128 1024 66 29 tets
211 1021 226 38 ståndpunkt.

175 1077 77 29 Med
281 1077 56 29 det
365 1075 148 30 anförda
543 1073 180 39 avstyrker
751 1072 169 29 utskottet
949 1070 99 30 bifall
1077 1069 52 30 till
1160 1068 219 30 motionerna
1409 1067 106 29 I1:638
1545 1067 65 29 och

132 1132 45 29 11:
192 1131 71 29 796.

173 1183 72 30 dels
261 1184 50 29 att
325 1182 171 29 utskottet
510 1180 110 30 under
634 1179 158 38 punkten
809 1179 33 33 1)
862 1179 76 29 bort
953 1177 193 34 hemställa,

442 1256 49 27 att
507 1253 186 37 riksdagen
709 1251 113 30 avslår
837 1250 219 29 motionerna
1072 1249 26 28 1:
1114 1248 62 30 638
1192 1248 65 29 och
1271 1247 45 29 II:
1334 1247 72 29 796.
