2172 2614
387 166 20 31 6
877 170 257 34 Statsutskottets
1156 174 169 33 utlåtande
1347 176 53 32 Nr
1425 180 49 29 69.

1102 627 66 40 Nr
1195 629 78 39 69.

892 732 124 28 Ankom
1041 733 48 28 till
1113 734 186 38 riksdagens
1324 736 103 28 kansli
1452 738 60 27 den
1540 738 35 27 16
1600 739 81 36 april
1708 740 79 28 1920
1812 741 40 27 kl.
1881 743 36 26 12
1940 752 40 18 m.

701 823 205 47 Utlåtande,
935 824 14 36 i
976 825 194 49 anledning
1198 840 44 22 av
1257 828 137 48 Kungl.
1415 830 129 47 Maj:ts
1560 832 221 46 proposition
1802 834 182 47 angående

796 884 234 47 medgivande
1072 887 66 47 för
1183 887 289 50 linjeingenjören
1517 890 61 35 vid
1622 891 261 48 telegrafverket
1931 895 50 36 H.

802 942 121 38 Celion
951 952 49 28 att
1029 947 128 48 övergå
1174 947 57 48 på
1257 949 68 34 den
1337 949 95 48 från
1459 950 60 35 och
1539 952 79 34 med
1638 951 42 35 år
1701 952 94 36 1919
1811 953 173 48 gällande

799 1004 202 49 avlönings-
1031 1007 60 35 och
1114 1007 241 47 pensionsstat
1375 1010 66 47 för
1469 1010 273 50 telegrafverket.
1769 1011 71 49 (4:e
1857 1012 99 50 avd.)

488 1103 64 37 Uti
581 1117 46 23 en
655 1105 56 35 till
738 1105 204 50 riksdagen
969 1109 161 48 avlåten,
1161 1110 70 36 den
1260 1112 21 34 6
1312 1111 162 37 februari
1504 1114 98 35 1920
1632 1114 237 48 dagtecknad
1897 1130 85 35 pro-

385 1154 163 48 position
578 1154 58 50 (nr
665 1156 73 49 58),
768 1157 127 37 vilken
923 1160 195 37 hänvisats
1147 1162 54 35 till
1229 1163 282 37 statsutskottet
1539 1165 59 36 för
1627 1165 269 39 förberedande
1920 1168 63 36 be-

385 1205 193 50 handling,
622 1207 66 37 har
728 1208 142 49 Kungl.
912 1211 117 48 Maj:t,
1059 1213 118 36 under
1204 1213 237 51 åberopande
1477 1229 48 23 av
1552 1218 282 48 propositionen
1863 1219 119 50 bilagt

384 1257 138 49 utdrag
549 1272 48 22 av
625 1260 408 50 statsrådsprotokollet
1061 1270 89 31 över
1177 1265 252 38 civilärenden
1459 1269 56 34 för
1543 1282 143 23 samma
1714 1270 87 48 dag,
1831 1271 151 37 föresla-

385 1309 57 47 git
483 1310 203 50 riksdagen
727 1313 189 48 medgiva,
959 1321 54 30 att
1057 1316 316 51 linjeingenjören
1402 1319 62 36 vid
1493 1320 291 49 telegrafverket
1811 1322 173 50 Hjalmar

387 1360 129 37 Celion
558 1365 60 33 må
660 1363 80 37 från
781 1365 71 36 och
893 1367 82 36 med
1003 1368 194 48 ingången
1226 1383 45 23 av
1300 1371 185 36 månaden
1513 1377 85 31 näst
1627 1373 96 36 efter
1751 1374 85 47 den,
1865 1375 119 36 under

386 1413 125 37 vilken
539 1414 141 48 Kungl.
709 1415 128 50 Maj:ts
866 1417 122 37 beslut
1015 1420 12 35 i
1055 1420 154 37 ärendet
1235 1421 170 37 kommer
1423 1424 345 49 telegrafstyrelsen
1788 1426 193 48 tillhanda,

386 1468 137 46 övergå
552 1468 47 47 på
627 1466 72 37 den
729 1468 82 36 från
840 1469 69 36 och
937 1471 84 36 med
1050 1474 41 33 år
1122 1474 94 35 1919
1246 1474 176 48 gällande
1451 1476 215 48 avlönings-
1696 1477 70 37 och
1784 1478 197 49 pensions-

386 1521 74 32 stat
489 1517 57 36 för
574 1518 302 49 telegrafverket.

488 1568 237 40 Beträffande
753 1573 249 49 utredningen
1030 1575 11 35 i
1071 1576 149 37 ärendet
1250 1577 56 36 får
1320 1578 184 37 utskottet
1523 1579 157 37 hänvisa
1695 1580 57 36 till
1772 1581 209 50 åberopade

387 1616 426 58 statsrådsprotokollet.
1221 1638 5 5 |

489 1706 133 50 Enligt
650 1708 72 37 den
750 1709 63 37 vid
850 1712 96 36 1902
976 1715 60 34 års
1065 1714 157 49 riksdag
1250 1715 219 48 fastställda,
1500 1716 81 37 från
1611 1717 69 36 och
1708 1718 84 36 med
1822 1721 41 33 år
1885 1720 96 35 1903

388 1757 175 52 gällande
604 1760 329 49 avlöningsstaten
974 1764 58 36 för
1071 1766 292 48 telegrafverket
1399 1769 178 48 utgjorde
1605 1769 286 49 linjeingenjörs
1920 1784 63 23 av-

388 1809 133 50 löning
548 1815 100 45 lägst
676 1814 112 45 3,200
817 1815 71 35 och
916 1815 113 48 högst
1057 1818 113 47 4,000
1198 1818 147 37 kronor.
1401 1819 156 37 Jämlikt
1585 1821 61 36 det
1675 1821 71 36 den
1764 1824 44 33 11
1827 1822 156 37 oktober

391 1863 95 34 1907
529 1863 197 38 utfärdade
767 1866 450 51 avlöningsreglementet
1257 1871 58 36 för
1342 1872 229 48 tjänstemän
1599 1873 62 36 vid
1689 1873 295 49 telegrafverket

389 1912 78 49 (Sv.
497 1913 269 52 förf.-samling
793 1931 46 22 nr
869 1918 86 49 134)
983 1921 175 49 utgjorde
1187 1925 78 33 åter
1293 1923 84 36 från
1394 1924 68 36 och
1477 1924 85 36 med
1578 1927 40 33 år
1636 1927 96 34 1908
1749 1926 231 49 avlöningen

389 1965 58 36 för
475 1979 143 24 samma
644 1968 118 48 tjänst
789 1969 102 49 lägst
920 1972 111 46 3,000
1061 1973 70 36 och
1159 1973 114 49 högst
1303 1977 113 44 5,500
1444 1976 148 47 kronor,
1614 1977 69 35 och
1702 1990 138 35 genom
1862 1978 121 37 seder-

389 2030 101 23 mera
516 2017 183 50 vidtagna
727 2020 207 50 ändringar
960 2023 12 35 i
1001 2024 232 38 sistnämnda
1260 2028 229 47 reglemente
1518 2028 67 36 har
1612 2029 228 48 avlöningen
1868 2035 115 43 ytter-

388 2068 117 49 ligare
533 2069 113 50 höjts,
676 2074 40 34 så
744 2078 54 30 att
827 2073 72 37 den
927 2075 57 35 för
1011 2078 232 36 närvarande
1272 2079 119 48 enligt
1417 2079 129 50 kungl.
1576 2080 254 48 kungörelsen
1847 2081 70 36 den
1935 2083 46 34 28

384 2120 84 49 juni
498 2123 97 35 1918
624 2121 77 50 (Sv.
732 2124 271 51 förf.-samling
1031 2142 45 22 nr
1104 2128 100 50 490),
1234 2130 82 36 från
1345 2131 71 36 och
1444 2132 84 36 med
1557 2135 40 33 år
1628 2134 95 35 1919
1752 2137 112 44 utgör
1882 2134 101 48 lägst

389 2173 113 46 5,500
544 2174 69 36 och
654 2175 113 50 högst
806 2178 112 46 7,000
958 2178 150 38 kronor.
1164 2182 328 49 Linjeingenjören
1525 2183 130 37 Celion
1683 2185 67 35 har
1778 2185 204 36 emellertid

388 2223 82 38 icke
498 2224 158 38 kommit
683 2227 11 36 i
722 2228 219 49 åtnjutande
970 2244 46 22 av
1044 2232 45 36 de
1117 2233 368 50 löneförbättringar,
1515 2249 80 23 som
1624 2236 155 36 sålunda
1807 2242 66 42 ägt
1900 2251 81 22 rum

388 2277 84 36 från
500 2277 69 37 och
598 2278 84 37 med
710 2282 41 34 år
780 2282 111 47 1908,
920 2286 90 33 utan
1038 2284 69 36 har
1134 2286 163 48 nödgats
1326 2286 151 38 kvarstå
1505 2291 48 45 på
1576 2289 95 35 1902
1692 2291 58 33 års
1766 2288 216 50 avlönings-
