2224 2612
418 177 18 30 8
878 177 253 31 Statsutskottets
1153 177 164 32 utlåtande
1340 177 52 32 Nr
1414 179 74 30 227.

502 261 54 31 att
584 255 205 48 riksdagen
818 258 126 45 måtte,
974 256 84 35 med
1087 255 165 49 ändring
1271 269 47 22 av
1348 256 73 36 vad
1454 256 142 49 Kungl.
1626 258 110 48 Maj:t
1764 258 11 36 i
1803 257 171 50 proposi-

372 308 128 36 tionen
530 321 43 22 nr
601 308 74 35 330
711 307 194 48 angående
933 307 279 48 godkännande
1243 321 46 22 av
1317 308 222 36 tullverkets
1567 310 255 47 utgiftsstater
1850 309 57 36 för
1936 312 41 33 år

376 361 95 34 1922
502 373 48 21 m.
581 372 48 22 m.
659 358 154 37 särskilt
841 358 199 48 föreslagit
1068 359 11 35 i
1108 359 107 48 fråga
1244 372 59 23 om
1334 359 368 48 kustbevakningen,

503 412 75 35 dels
619 410 146 36 biträda
806 410 216 48 grunderna
1064 410 57 36 för
1149 410 62 36 det
1247 424 45 22 av
1322 411 235 36 motionären
1590 411 205 49 tillstyrkta
1832 413 145 47 förslag

374 461 58 36 till
461 462 327 49 omorganisation
816 476 46 21 av
890 462 376 49 kustbevakningen;

503 516 75 35 dels
605 535 50 5 —
683 513 122 36 under
847 513 272 49 förutsättning
1162 519 55 30 att
1255 514 451 49 avlöningsreglementet
1744 515 59 36 för
1841 515 134 36 befatt-

376 566 254 48 ningshavare
659 565 65 36 vid
753 565 358 49 statsdepartement
1139 566 72 36 och
1241 566 98 36 vissa
1367 566 118 36 andra
1515 567 101 46 verk,
1645 566 228 37 tillhörande
1902 567 73 35 den

372 617 110 37 civila
512 617 394 48 statsförvaltningen,
935 617 185 36 förklaras
1151 617 106 36 skola
1277 617 81 36 från
1379 618 70 36 och
1470 618 84 36 med
1574 618 71 36 den
1669 620 17 34 1
1703 618 151 48 januari
1878 620 96 34 1922

373 675 73 42 äga
474 669 247 48 tillämpning
741 671 20 33 å
780 668 375 49 befattningshavare
1174 669 63 36 vid
1258 670 411 49 generaltullstyrelsen
1689 670 70 36 och
1779 670 197 36 tullstaten

372 743 52 5 —
441 720 157 47 besluta,
628 726 56 31 att
710 721 5 35 i
778 719 20 50 58
832 723 7 33 I
862 733 111 23 mom.
1006 734 45 22 av
1080 721 166 35 nämnda
1265 721 436 49 avlöningsreglemente
1717 722 143 48 jämväl
1880 722 96 36 skall

372 778 189 43 upptagas
601 772 527 49 kustbevakningsinspektör
1176 772 64 36 vid
1281 773 201 36 tullverket
1525 773 85 36 med
1653 773 148 48 arvode,
1845 773 58 37 för
1936 776 41 33 år

373 825 147 47 räknat,
550 838 47 22 av
628 825 138 46 10,000
794 824 154 44 kronor;

502 877 75 36 dels
617 876 160 46 besluta,
819 881 55 30 att
915 876 54 35 uti
999 876 72 36 den
1101 876 54 36 till
1185 889 143 23 samma
1355 876 232 49 reglemente
1620 877 169 36 hörande
1818 877 157 48 tjänste-

374 928 243 48 förteckning
632 928 97 36 skall
743 927 232 37 beträffande
990 928 220 36 tullverkets
1226 927 307 50 kustbevakning
1548 929 117 36 under
1680 929 134 48 sjunde
1831 929 145 36 huvud-

374 980 108 36 titeln
515 980 141 36 införas
689 979 179 49 följande,
908 993 80 23 som
1032 980 96 36 dock
1156 980 72 36 vad
1257 993 109 23 avser
1393 980 181 49 lönegrad
1603 980 121 49 enligt
1752 981 225 48 löneplanen

375 1032 68 36 bör
470 1032 148 46 ändras,
653 1032 5 35 i
687 1034 87 33 mån
803 1044 80 23 som
912 1031 46 36 de
987 1045 46 22 av
1061 1031 142 49 Kungl.
1225 1032 106 48 Maj:t
1351 1032 58 36 för
1428 1032 327 49 tullpersonalen
1741 1027 19 58 i
1775 1032 202 36 allmänhet

372 1083 218 49 tillämpade
617 1083 248 48 grundsatser
892 1083 81 36 icke
1001 1083 151 36 komma
1181 1089 55 30 att
1264 1097 47 22 av
1339 1084 204 48 riksdagen
1571 1084 126 48 följas:

1019 1204 142 29 Avdelning
1820 1205 141 29 Avdelning

1805 1232 1 20 |
1899 1242 56 14 FN

453 1257 95 24 Verk
576 1257 62 24 och
666 1256 265 30 befattningar
1014 1239 57 64 grad
1085 1240 77 63 enligt
1254 1256 95 23 Verk
1377 1257 61 24 och
1468 1257 265 30 befattningar
1814 1240 59 64 sad
1886 1236 77 72 enligt

1004 1332 1 8 |
1014 1309 143 29 löneplanen
1169 1300 8 40 |
1803 1336 2 4 I
1813 1311 150 28 löneplanen
1563 1328 412 32 Ae
1816 1306 52 58 öns
1874 1306 106 58 planen]

502 1411 133 43 Sjunde
660 1412 242 33 huvudtiteln.
1416 1403 173 27 Tullstaten.
1972 1376 3 112 |

404 1488 597 4 a
1006 1472 49 24 In
1075 1489 31 3 —
1127 1488 32 3 oo)
1201 1464 24 17 &
1255 1454 152 36 Manliga
1431 1455 377 117 SSSESTN

404 1558 340 35 Generaltullstyrelsen
760 1560 54 26 och
829 1560 173 26 tullstaten.
1218 1559 31 27 21
1272 1559 376 36 kustöveruppsyningsmän
1665 1582 133 4 ............

536 1629 337 34 Generaltullstyrelsen,
1203 1627 754 6 ef

404 1691 23 16 a.
458 1681 152 35 Manliga
633 1681 357 36 befattningshavare.
1219 1664 34 26 24
1272 1664 310 36 kustuppsyningsmän
1596 1686 203 5 .........ee+----
1805 1708 3 32 |

404 1787 12 25 1
432 1785 397 63 kustbevakningsinspektör,
843 1786 102 27 arvode
959 1796 44 17 en-
1219 1769 35 26 54
1272 1769 85 26 förste
1376 1769 167 27 kustvakter
1559 1790 240 6 .....................
1805 1772 2 32 |
1864 1771 59 26 B2

379 1844 3 32 |
437 1820 52 35 ligt
507 1821 17 27 5
542 1821 16 34 $
577 1822 9 25 i
604 1821 183 36 reglementet
799 1842 202 5 .............s...s
1103 1838 30 3 —
1203 1822 51 26 143
1272 1821 165 27 kustvakter
1453 1843 345 5 ...sssssssssreseerrer
1709 1817 12 43 >
1739 1817 62 43 renar
1863 1823 57 27 B1

506 1962 85 42 dels,
635 1960 127 37 därest
799 1961 203 49 riksdagen
1044 1962 81 36 icke
1161 1963 122 35 finner
1312 1963 207 61 anledning
1548 1969 52 30 att
1628 1964 11 35 i
1669 1963 117 36 andra
1814 1966 46 46 på
1888 1964 86 36 tull-

374 2011 149 37 verkets
561 2017 114 31 stater
707 2013 229 36 inverkande
969 2014 131 58 frågor
1132 2019 47 30 än
1213 2014 96 48 dem,
1353 2027 80 23 som
1474 2019 87 31 röra
1606 2015 369 48 kustbevakningen,

375 2063 135 36 avvika
552 2064 82 36 från
667 2064 73 36 vad
769 2064 140 50 Kungl
940 2066 107 48 Maj:t
1074 2067 12 34 i
1114 2066 249 36 förenämnda
1391 2067 235 48 proposition
1659 2067 201 47 hemställt,
1892 2067 83 36 med

375 2115 278 47 godkännande
683 2130 47 22 av
763 2116 62 36 det
857 2130 46 22 av
932 2118 234 36 motionären
1195 2117 210 49 framlagda
1438 2117 144 50 förslag
1609 2118 56 36 till
1686 2096 187 59 ordinarie
1902 2125 75 30 stat

377 2167 58 36 för
463 2167 201 36 tullverket
692 2168 60 36 för
781 2170 40 34 år
852 2170 96 34 1922
974 2169 210 36 bestämma
1205 2169 62 36 det
1288 2171 184 35 ordinarie
1501 2170 170 48 anslaget
1699 2170 59 37 för
1777 2170 201 36 tullverket

376 2219 56 35 till
461 2224 53 31 ett
548 2224 76 31 mot
659 2224 186 32 staternas
875 2221 223 36 slutsumma
1127 2221 185 36 svarande
1340 2221 137 49 belopp
1507 2235 46 22 av
1584 2223 226 46 15,333,237
1840 2222 139 36 kronor

375 2270 131 48 (varav
549 2271 58 36 för
657 2271 299 50 nyanskaffning
1002 2286 46 23 av
1085 2273 77 36 viss
1199 2272 250 37 båtmateriell
1495 2273 58 36 för
1598 2273 379 49 kustbevakningeus
