2220 2622
453 221 40 31 46
899 222 252 33 Statsutskottets
1182 223 172 33 Utlåtande
1377 224 65 32 N:o
1465 228 50 28 69.

514 306 75 37 För
616 319 96 36 egen
754 307 58 37 del
855 308 166 37 anhåller
1057 308 82 50 jag,
1181 309 101 37 hvad
1318 309 97 37 först
1456 309 177 38 beträffar
1661 310 137 49 själfva
1825 311 126 47 lönen,
1981 311 37 36 få

412 358 181 48 meddela,
622 364 55 31 att
700 359 70 50 jag
798 373 110 24 anser
935 361 234 49 lämpligare,
1194 366 55 31 att
1272 361 348 50 begynnelselönen
1640 366 117 33 sättes
1776 365 118 47 något
1913 363 105 49 lägre

412 415 47 32 än
488 410 286 38 ämbetsverken
807 412 208 49 föreslagit,
1044 427 86 23 men
1160 418 54 31 att
1242 414 190 37 slutlönen
1462 417 79 34 åter
1568 428 140 35 genom
1733 414 285 38 bestämmande

413 463 40 36 af
476 463 219 48 ytterligare
723 468 63 32 ett
805 464 262 50 ålderstillägg
1095 465 73 37 blir
1195 468 116 46 något
1330 466 132 49 högre,
1483 466 71 37 och
1574 467 58 36 får
1645 467 71 48 jag
1735 466 128 37 därför
1881 467 137 37 föreslå

410 514 347 49 begynnelselönen
799 516 58 36 till
900 518 112 45 3,200
1053 517 150 48 kronor,
1236 517 155 38 hvilken
1419 519 64 35 lön
1511 518 74 36 kan
1614 519 96 36 efter
1738 518 74 36 fem
1841 521 41 34 år
1909 519 108 49 höjas

410 567 84 35 med
524 568 74 35 500
627 567 139 37 kronor
795 569 71 35 och
895 569 94 36 efter
1020 570 45 35 10
1095 572 42 33 år
1164 569 84 37 med
1276 570 221 49 ytterligare
1526 571 74 35 500
1628 571 150 36 kronor.

512 618 58 37 Då
607 633 86 23 man
734 623 119 33 måste
895 621 110 47 tillse,
1047 626 55 31 att
1130 621 141 37 vikarie
1300 622 59 36 för
1385 622 240 49 kronofogde
1654 636 60 23 om
1743 623 150 48 möjligt
1922 622 95 37 skall

410 670 128 36 kunna
566 671 160 37 erhållas
755 672 58 37 för
842 672 564 51 tjänstgöringspenningarnas
1434 675 151 48 belopp,
1606 674 204 37 föranlåtes
1825 674 71 49 jag
1915 675 102 36 hem-

410 723 119 47 ställa,
558 729 56 30 att
643 723 101 36 detta
772 724 83 37 icke
884 728 115 33 måtte
1027 730 119 32 sättas
1175 726 104 48 lägre
1308 731 48 31 än
1385 727 58 35 till
1473 728 112 45 1,500
1613 727 150 36 kronor.

512 774 111 37 Hvad
664 775 178 37 beträffar
883 777 305 49 expensmedlen,
1229 778 75 36 kan
1341 777 70 50 jag
1439 778 33 49 ej
1502 779 92 48 gilla
1623 778 71 36 den
1723 778 227 48 åskådning,
1980 781 38 33 åt

410 826 153 37 hvilken
596 828 527 49 löneregleringskommittén
1154 833 20 32 å
1202 830 68 36 sid.
1302 832 73 34 231
1406 830 114 49 gifvit
1547 831 165 48 uttryck,
1742 831 194 48 nämligen
1963 836 54 30 att

409 878 45 36 de
482 878 244 50 obestridliga
754 880 354 50 skiljaktigheterna
1130 881 13 36 i
1163 881 100 36 olika
1288 881 210 50 fögderiers
1523 882 258 49 besvärlighet
1800 882 60 36 för
1879 882 137 36 krono-

408 930 186 49 fogdarna
635 931 80 37 icke
755 932 166 37 behöfva
962 939 210 31 motsvaras
1209 934 41 35 af
1278 934 100 36 olika
1419 934 287 37 löneförmåner.
1762 934 171 36 Allmänt
1960 948 56 22 er-

407 983 143 36 kännes
592 983 336 50 nödvändigheten
956 985 109 36 häraf
1088 986 12 35 i
1128 985 101 36 hvad
1256 991 103 31 rörer
1386 986 370 45 häradsskrifvarna;
1800 986 71 36 och
1899 986 116 36 ehuru

407 1034 223 37 kommittén
680 1036 171 48 tydligen
898 1037 82 48 lagt
1025 1037 61 49 sig
1126 1037 92 36 vinn
1260 1051 61 22 om
1362 1043 56 31 att
1460 1038 57 36 för
1561 1038 343 37 landssekreterare
1946 1037 70 37 och

407 1086 322 38 landskamrerare
773 1088 179 49 borttaga
997 1089 72 36 den
1119 1089 135 36 hittills
1299 1089 188 49 gällande,
1529 1092 48 47 på
1617 1090 132 36 länens
1792 1089 225 49 folkmängd

407 1138 198 49 grundade
647 1140 313 49 skiljaktigheten
991 1141 11 35 i
1030 1141 572 50 tjänstgöringspenningarnas
1635 1142 150 49 belopp,
1814 1142 70 36 har
1911 1141 105 37 kom-

407 1191 133 36 mittén
583 1191 97 37 dock
711 1192 235 37 beträffande
975 1193 73 36 fem
1077 1193 42 36 af
1144 1193 46 36 de
1218 1193 147 37 mindre
1393 1194 113 36 länen
1533 1194 83 36 icke
1645 1199 126 31 ansett
1799 1194 61 49 sig
1886 1194 130 36 kunna

408 1243 161 49 fullfölja
597 1244 164 36 nämnda
789 1244 101 49 syfte
918 1250 91 31 utan
1037 1245 200 48 föreslagit
1264 1246 59 35 för
1351 1246 109 36 dessa
1487 1246 62 36 län
1577 1246 106 49 lägre
1716 1246 300 49 tjänstgörings-

407 1295 222 48 penningar.
686 1296 237 37 Kommittén
965 1296 178 37 förnekar
1183 1297 82 36 icke
1293 1297 119 37 heller
1441 1297 62 37 det
1531 1297 214 37 allbekanta
1774 1299 158 47 faktum,
1961 1303 55 32 att

406 1347 425 50 kronofogdetjänstens
865 1348 257 50 besvärlighet
1155 1355 41 30 är
1227 1350 152 48 mycket
1408 1350 186 36 växlande
1622 1350 12 36 i
1663 1350 122 36 skilda
1812 1350 203 49 fögderier,

406 1412 86 23 men
532 1399 225 37 kommittén
798 1401 68 36 vill
907 1406 93 43 göra
1040 1401 190 48 gällande,
1272 1406 56 31 att
1369 1402 64 36 det
1465 1407 140 44 tyngre
1634 1402 144 37 arbetet
1805 1402 210 49 godtgöres

406 1451 157 37 medelst
606 1451 44 37 de
691 1452 85 36 med
818 1466 47 23 en
907 1457 119 32 större
1072 1453 224 49 folkmängd
1340 1454 174 36 växande
1560 1454 221 48 sportlerna.
1839 1454 88 37 Men
1969 1454 47 37 då

381 1537 9 8 .
406 1503 107 36 dessa
542 1504 171 49 sportler,
743 1517 61 23 om
832 1504 130 37 hvilka
985 1506 70 48 jag
1081 1505 133 49 längre
1243 1506 95 35 fram
1367 1506 59 36 får
1452 1506 147 36 tillfälle
1628 1511 55 31 att
1704 1506 230 49 principiellt
1958 1511 57 32 ut-

406 1555 74 36 tala
521 1556 92 48 mig,
656 1556 323 49 hufvudsakligen
1019 1562 158 44 utgöras
1221 1557 39 36 af
1288 1558 239 48 provisioner
1556 1560 20 33 å
1604 1558 180 49 vägskatt
1813 1558 71 36 och
1913 1558 103 37 vissa

406 1607 278 49 inrättningars
728 1608 13 36 i
786 1608 388 50 kronoräkenskapen
1228 1609 217 37 debiterade
1500 1610 69 36 och
1614 1610 222 36 redovisade
1881 1610 133 48 medel,

405 1659 182 36 hvarmed
634 1661 228 36 statsverket
903 1661 82 36 icke
1020 1661 11 36 i
1065 1661 118 48 öfrigt
1224 1662 68 35 har
1332 1664 121 46 något
1494 1667 54 31 att
1589 1661 132 48 skaffa,
1763 1662 253 37 förekommer

406 1711 62 37 det
510 1711 79 49 mig
629 1712 82 37 icke
752 1713 164 46 rättvist,
960 1718 52 31 att
1053 1713 292 48 ifrågavarande
1386 1715 169 47 sportler,
1598 1727 81 23 som
1722 1720 64 30 äro
1828 1720 55 30 att
1924 1728 91 23 anse

406 1776 80 23 som
527 1763 198 49 betalning
764 1764 60 36 för
866 1764 177 36 särskildt
1085 1765 126 36 arbete
1240 1766 71 35 och
1340 1778 147 35 ansvar,
1517 1766 183 49 åberopas
1717 1769 136 50 såsom
1882 1771 132 31 ersätt-

405 1815 216 48 ningsform
663 1816 57 35 för
761 1821 54 31 ett
856 1816 207 49 väsentligt
1104 1816 116 37 ökadt
1263 1817 126 37 arbete
1431 1820 37 33 åt
1510 1823 134 31 staten.
1704 1818 127 36 Äfven
1860 1818 154 36 härads-

406 1867 214 36 skrifvarna
661 1868 120 36 skulle
810 1871 126 33 såsom
963 1882 93 35 nyss
1086 1869 155 48 antydts
1270 1869 121 49 enligt
1419 1870 245 36 kommitténs
1694 1870 145 49 förslag
1866 1870 148 48 åtnjuta

405 1919 196 49 provision
643 1920 35 35 af
722 1920 114 36 ofvan
870 1920 159 48 angifna
1056 1920 136 48 medel,
1225 1934 85 23 men
1339 1921 82 37 icke
1450 1921 103 49 förty
1580 1921 69 36 har
1677 1922 226 36 kommittén
1931 1922 83 36 låtit

405 1971 107 36 deras
541 1972 502 49 tjänstgöringspenningar
1070 1973 113 36 växla
1212 1973 163 37 alltefter
1403 1973 262 49 fögderiernas
1694 1974 155 36 storlek.

508 2023 16 36 I
553 2023 217 37 hufvudsak
798 2024 81 48 bör,
910 2025 118 48 enligt
1046 2025 79 36 min
1145 2025 166 49 mening,
1331 2025 236 37 beträffande
1586 2025 308 50 kronofogdarna
1913 2026 101 49 gälla

404 2075 100 36 hvad
540 2075 72 49 jag
640 2076 68 36 här
743 2076 136 36 efteråt
905 2082 120 43 yttrar
1053 2077 12 35 i
1093 2076 109 50 fråga
1230 2090 61 23 om
1319 2077 364 48 häradsskrifvarna,
1712 2091 87 23 men
1827 2078 85 37 med
1941 2078 72 36 den

406 2126 175 48 skillnad,
612 2133 66 42 att,
706 2128 121 37 under
856 2128 63 36 det
948 2128 144 37 bördan
1120 2128 42 36 af
1186 2129 374 37 häradsskrifvarens
1591 2130 126 37 arbete
1736 2130 120 49 enligt
1876 2130 137 36 sakens

404 2184 111 31 natur
556 2184 41 31 är
636 2185 139 43 ytterst
816 2180 155 49 känslig
1012 2181 57 36 för
1096 2180 134 49 hvarje
1258 2181 33 48 ej
1323 2182 127 36 alltför
1478 2181 197 50 obetydlig
1703 2181 147 50 ökning
1877 2182 12 36 i
1917 2182 96 36 folk-

405 2231 202 49 mängden,
651 2232 150 37 beröres
844 2232 286 49 kronofogdens
1165 2233 126 36 arbete
1319 2234 114 35 häraf
1456 2233 12 36 i
1496 2234 206 49 väsentligt
1730 2234 145 36 mindre
1904 2234 106 48 grad.

506 2282 78 50 Jag
624 2283 157 37 föreslår
823 2284 160 48 således,
1026 2289 55 31 att
1114 2286 268 48 expensmedel
1411 2286 89 36 eller
1527 2307 50 4 —
1607 2289 123 34 såsom
1760 2286 123 36 denna
1911 2287 102 35 löne-

404 2333 96 37 form
530 2335 85 36 med
644 2341 53 31 ett
725 2336 237 49 egentligare
989 2337 154 48 uttryck
1172 2337 106 37 torde
1307 2337 92 37 böra
1427 2337 206 37 benämnas
1661 2359 50 6 —
1739 2338 273 49 förvaltnings-
