1830 2780
244 176 19 29 6
684 173 284 30 Statsutskottets
991 172 180 31 utlåtande
1193 181 43 21 nr
1258 173 54 29 22.

246 259 37 31 få
306 259 199 39 tillgodoses
528 266 124 32 genom
675 258 179 30 anlitande
877 267 42 21 av
940 258 94 29 detta
1056 257 130 38 anslag,
1209 256 121 30 varvid
1353 256 123 39 frågan
1499 265 57 21 om
1580 255 167 38 täckning

248 318 43 21 av
314 310 147 29 sålunda
482 309 178 30 bestridda
682 309 191 29 kostnader
896 309 57 29 må
974 308 188 29 framdeles
1186 308 169 30 anmälas.

294 409 174 30 Utskottet
489 409 54 30 får
562 410 79 29 med
661 409 245 39 tillstyrkande
926 418 41 20 av
986 408 126 39 Kungl.
1133 407 122 40 Maj:ts
1277 407 131 39 förslag
1429 407 195 34 hemställa,

603 462 51 28 att
676 460 189 38 riksdagen
888 459 57 29 må

601 510 36 34 a)
672 510 51 29 till
754 509 234 40 Oförutsedda
1020 509 144 39 utgifter
1191 508 55 30 för
1276 508 203 40 budgetåret
1511 508 147 40 1954/55
1689 517 60 20 an-

556 561 75 30 visa
648 562 47 29 ett
713 560 272 39 förslagsanslag
1003 569 42 21 av
1066 559 14 29 1
1097 559 62 30 000
1174 559 62 29 000
1254 559 141 36 kronor,
1414 560 49 29 att
1482 559 53 29 stå
1553 557 53 31 till
1623 558 126 39 Kungl.

557 610 123 40 Maj:ts
700 609 207 40 förfogande
927 609 53 31 för
1001 608 222 31 bestridande
1243 617 43 21 av
1306 608 152 39 utgifter,
1477 607 97 31 vilka
1591 609 38 29 är
1648 617 42 22 av
1708 607 39 30 så

556 662 221 30 brådskande
808 662 64 33 art,
903 662 49 28 att
980 660 126 39 frågan
1135 660 29 39 ej
1196 659 127 30 hinner
1352 659 233 30 underställas
1615 659 134 30 riksda-

558 720 74 32 gen,
652 712 110 30 under
781 711 141 30 villkor:

603 764 49 28 att
675 762 151 39 utgiften
850 763 38 28 är
911 771 41 20 av
975 762 66 29 den
1067 760 139 35 storlek,
1230 761 51 29 att
1305 759 257 31 vederbörande
1587 759 162 31 huvudti-

559 814 64 29 tels
645 813 120 39 anslag
787 812 54 30 till
864 814 95 28 extra
980 811 145 39 utgifter
1147 811 78 30 med
1247 811 138 39 hänsyn
1408 810 52 29 till
1483 810 86 30 därå
1591 810 159 30 förefint-

558 864 48 39 lig
629 862 200 40 behållning
853 862 75 30 icke
954 861 188 40 lämpligen
1167 862 70 29 kan
1261 861 58 30 för
1344 860 199 30 ändamålet
1568 859 137 36 anlitas,

603 915 50 29 att
675 913 151 40 utgiften
849 914 37 29 är
909 922 42 20 av
971 912 246 30 beskaffenhet
1240 912 50 29 att
1313 911 31 39 ej
1370 911 121 30 kunna
1514 910 171 30 bestridas
1709 920 41 21 av

559 965 110 30 andra
691 964 51 29 till
765 963 126 39 Kungl.
915 963 122 38 Maj:ts
1061 961 205 40 förfogande
1291 961 141 31 stående
1454 961 123 34 medel,

604 1016 50 28 att
681 1014 151 40 utgiften
859 1013 74 30 icke
960 1013 109 30 heller
1097 1021 98 21 avser
1223 1011 175 35 ändamål,
1426 1011 54 30 för
1507 1011 96 31 vilka
1630 1011 121 39 anslag

560 1065 162 40 uppförts
743 1065 20 29 å
786 1064 109 30 sådan
917 1063 293 40 beredskapsstat,
1232 1071 121 21 varom
1374 1062 166 30 förmäles
1561 1062 12 29 i
1599 1061 15 37 $
1638 1061 40 30 63
1700 1071 51 20 re-

560 1115 287 40 geringsformen,

607 1167 89 28 samt
714 1166 50 29 att
784 1166 121 38 genast
922 1164 57 30 vid
998 1165 103 29 nästa
1120 1163 159 40 riksdags
1299 1163 125 39 början
1444 1172 42 20 en
1506 1162 152 30 särskild
1678 1171 73 31 spe-

562 1214 164 31 cificerad
744 1214 165 30 anmälan
927 1215 97 38 göres
1043 1213 53 31 till
1113 1213 187 39 riksdagen
1318 1222 57 20 om
1393 1213 41 29 de
1452 1212 145 39 utgifter
1627 1212 125 39 Kungl.

561 1266 106 39 Maj:t
686 1266 111 29 under
817 1266 57 29 det
895 1266 135 29 senaste
1051 1265 74 30 året
1146 1264 135 30 anvisat
1301 1265 51 28 att
1372 1264 82 39 utgå
1474 1273 42 21 av
1536 1263 170 39 anslaget;

608 1315 37 35 b)
675 1314 160 40 medgiva
856 1316 49 28 att
926 1315 135 39 belopp,
1086 1323 75 21 som
1182 1314 137 29 kronan
1344 1321 122 31 genom
1490 1313 263 39 lagakraftvun-

562 1376 69 20 nen
656 1367 80 30 dom
762 1366 112 39 ålagts
900 1367 49 28 att
974 1365 129 40 utgiva,
1129 1365 58 30 må
1212 1365 173 30 bestridas
1410 1364 80 30 från
1518 1364 157 39 anslaget
1701 1363 53 30 till

562 1417 227 30 oförutsedda
820 1416 143 40 utgifter
993 1416 112 30 under
1136 1415 253 40 förutsättning
1419 1416 50 28 att
1500 1415 110 30 andra
1641 1414 112 30 medel

560 1468 76 30 icke
660 1468 71 30 står
755 1467 52 30 till
832 1466 205 40 förfogande
1062 1466 55 30 för
1142 1466 214 34 ändamålet;

606 1518 34 34 c)
665 1517 160 40 medgiva
847 1518 49 30 att
917 1517 79 30 från
1018 1517 157 38 anslaget
1196 1515 52 30 till
1270 1515 226 31 oförutsedda
1518 1515 144 39 utgifter
1685 1515 68 34 må,

563 1568 46 40 på
633 1569 67 29 sätt
722 1568 11 29 i
759 1566 382 41 statsrådsprotokollet
1164 1567 79 29 över
1268 1566 274 29 finansärenden
1566 1566 54 29 för
1644 1566 66 29 den
1734 1564 19 30 4

563 1618 142 39 januari
725 1617 84 30 1954
829 1617 206 39 föreslagits,
1055 1617 110 30 under
1183 1616 204 39 budgetåret
1409 1615 148 36 1954/55
1579 1616 82 39 utgå
1680 1616 73 30 dels

564 1668 193 39 ersättning
779 1668 56 30 för
859 1668 126 29 förlust
1007 1676 43 21 av
1072 1667 82 29 eller
1178 1667 109 29 skada
1310 1667 19 29 å
1352 1666 167 40 egendom
1542 1668 98 27 utom
1663 1666 91 29 riket

562 1718 53 30 till
638 1727 175 31 personer,
836 1717 94 31 vilka
953 1716 204 41 uppehåller
1182 1717 51 39 sig
1255 1716 180 30 därstädes
1458 1716 65 30 och
1548 1717 38 29 är
1610 1716 11 29 i
1644 1716 109 29 rikets

562 1769 120 39 tjänst,
704 1770 166 29 ävensom
890 1768 52 29 till
961 1769 101 29 deras
1084 1767 365 40 familjemedlemmar
1471 1768 64 29 och
1556 1767 197 40 personliga

562 1820 147 39 tjänare,
725 1819 73 30 dels
814 1819 65 30 ock
894 1818 412 39 krigsskadeersättning.

298 1904 200 31 Stockholm
517 1904 68 29 den
606 1903 18 30 5
644 1903 154 29 februari
821 1901 93 31 1954.

752 2003 49 29 På
821 2002 269 30 statsutskottets
1110 2002 142 37 vägnar:

782 2103 171 30 MARTIN
974 2102 245 31 SKOGLUND.

296 2255 240 30 Närvarande:
560 2265 35 20 se
617 2256 109 29 under
748 2254 179 30 utlåtande
949 2263 40 21 nr
1012 2254 52 29 21.
