1884 2784
421 149 125 29 Första
569 148 245 40 lagutskottets
837 147 179 30 utlåtande
1038 156 43 20 nr
1103 146 39 30 31
1167 145 39 31 år
1230 145 85 30 1963

1579 144 46 40 15

801 436 42 45 4)
866 436 75 44 Lag

198 522 182 45 angående
394 521 135 35 ändrad
542 521 129 44 lydelse
685 533 46 22 av
746 521 22 33 6
784 521 23 44 8
821 521 105 44 lagen
939 520 69 34 den
1022 520 46 33 20
1082 519 182 34 december
1279 518 91 34 1946
1386 517 61 45 (nr
1461 517 88 45 807)

500 601 60 21 om
574 588 264 44 handläggning
852 599 46 22 av
911 586 325 35 domstolsärenden

161 687 214 40 Härigenom
395 686 198 34 förordnas,
616 687 50 28 att
688 685 18 30 6
731 685 15 37 $
769 685 102 40 lagen
891 685 69 29 den
980 684 40 30 20
1043 684 182 30 december
1249 682 84 31 1946
1355 692 58 21 om
1433 682 192 40 handlägg-

119 729 84 40 ning
220 739 41 20 av
278 728 340 31 domstolsärenden!
637 727 88 31 skall
742 727 134 30 erhålla
893 726 134 31 ändrad
1042 726 131 40 lydelse
1190 725 45 40 på
1253 726 69 30 sätt
1339 725 117 30 nedan
1471 724 154 40 angives.

312 804 184 36 (Gällande
516 803 146 41 lydelse)

162 915 190 31 Underrätt
370 923 82 21 vare
493 932 21 3 —
545 932 29 3 —
606 930 28 5 —
664 931 30 4 —
727 930 29 4 —
785 930 31 4 —
840 930 37 3 —

164 957 66 30 Vid
252 966 118 21 annan
390 956 262 39 handläggning
672 956 43 29 än
736 955 11 29 i
769 954 18 31 3
808 955 45 29 el-

120 1000 50 29 ler
194 999 20 30 4
241 999 16 37 $
284 999 79 40 sägs
389 999 89 30 skall
503 998 90 30 dock
616 997 12 30 i
651 997 203 30 häradsrätt

121 1041 132 30 nämnd
286 1041 137 39 deltaga
455 1040 65 30 och
553 1039 204 31 rådhusrätt
791 1039 63 39 äga

121 1084 66 30 den
228 1082 320 40 sammansättning
587 1090 74 21 som
699 1081 12 29 i
750 1081 105 30 rätte-

123 1125 236 40 gångsbalken
383 1125 37 29 är
442 1126 10 29 i
476 1123 191 31 allmänhet
690 1123 165 30 föreskri-

122 1177 64 20 ven
204 1167 55 30 för
275 1166 200 31 domförhet
491 1167 58 29 vid
566 1165 289 30 huvudförhand-

122 1210 71 39 ling
212 1210 11 29 i
241 1208 186 36 tvistemål,
447 1218 57 20 om
525 1208 142 30 ärendet
686 1207 109 40 angår

169 1253 27 28 1.
215 1251 178 40 adoption,
410 1251 203 30 vårdnaden
631 1259 56 20 om
705 1249 87 30 barn
810 1250 46 29 el-

122 1294 51 30 ler
194 1294 179 39 samtycke
394 1293 51 30 till
467 1293 159 29 hävande
647 1301 43 21 av
710 1292 146 39 tjänste-

124 1337 83 29 eller
245 1336 210 29 arbetsavtal
495 1344 74 21 som
607 1334 89 30 barn
732 1334 122 39 ingått,

123 1378 229 40 medgivande
384 1377 53 30 till
470 1376 195 39 äktenskap
697 1376 108 39 enligt
837 1376 18 29 2

122 1421 81 39 kap.
221 1419 20 30 4
260 1420 15 37 8
295 1419 326 41 giftermålsbalken
637 1419 84 30 eller
736 1418 53 30 till
807 1418 50 30 åt-

124 1463 84 39 gärd
245 1461 223 31 beträffande
507 1461 142 29 makars
687 1460 169 39 egendom

126 1505 106 39 enligt
260 1505 18 29 5
305 1505 80 38 kap.
415 1503 39 30 14
483 1503 15 37 8
527 1504 84 29 eller
637 1502 18 30 6
682 1503 80 38 kap.
790 1502 19 30 6
838 1501 15 37 8

123 1546 155 31 nämnda
296 1546 82 30 balk
396 1546 83 29 eller
497 1544 236 31 förordnande
752 1544 104 39 angå-

125 1590 87 29 ende
243 1588 110 30 sådan
383 1587 187 41 egendoms
602 1586 215 40 förvaltning
844 1586 12 30 i

125 1632 109 29 andra
251 1630 78 36 fall;

167 1673 30 30 2.
223 1671 295 40 förmynderskap
538 1671 83 30 eller
638 1688 44 4 —
700 1689 44 4 —
762 1688 45 4 —
823 1688 45 4 —

191 1738 7 6 .
223 1714 215 40 förvaltning
454 1714 108 39 enligt
610 1731 12 4 —
655 1732 25 3 —
712 1731 27 4 —
769 1731 29 3 —
829 1730 28 4 —
886 1730 29 3 —
943 1730 30 4 —
997 1729 35 4 —

192 1778 7 7 .
224 1756 226 40 nedsättning
466 1765 42 21 av
548 1773 20 4 —
599 1774 26 3 —
656 1774 28 3 —
713 1773 30 4 —
770 1773 24 4 —
824 1773 37 4 —

1059 802 227 40 (Föreslagen
1306 800 148 41 lydelse)

893 930 45 4 —
953 911 160 40 lagfaren
1132 912 153 29 domare.

935 954 66 31 Vid
1023 963 118 20 annan
1160 953 263 39 handläggning
1443 953 45 29 än
1508 952 10 30 i
1540 951 19 31 3
1579 952 47 30 el-

891 997 51 29 ler
965 996 20 30 4
1011 996 16 37 8
1055 996 78 40 sägs
1158 995 90 31 skall
1273 995 90 30 dock
1387 994 12 30 i
1422 994 206 31 häradsrätt

893 1038 131 30 nämnd
1056 1038 137 39 deltaga
1225 1037 66 30 och
1324 1037 205 30 rådhusrätt
1562 1037 66 39 äga

893 1081 66 29 den
1000 1079 319 39 sammansättning
1358 1086 75 23 som
1472 1078 10 30 i
1522 1079 107 29 rätte-

891 1122 239 40 gångsbalken
1151 1122 40 30 är
1211 1123 12 30 i
1245 1121 193 31 allmänhet
1460 1119 168 32 föreskri-

892 1174 64 20 ven
974 1164 55 30 för
1045 1163 200 31 domförhet
1260 1164 60 29 vid
1335 1162 292 31 huvudförhand-

893 1207 71 39 ling
982 1207 11 29 i
1012 1206 185 35 tvistemål,
1217 1215 57 21 om
1295 1206 142 29 ärendet
1457 1205 108 40 angår

940 1250 27 28 1.
985 1248 177 40 adoption,
1179 1248 204 30 vårdnaden
1401 1256 56 21 om
1476 1247 87 30 barn
1581 1247 47 30 el-

893 1291 50 29 ler
964 1291 178 39 samtycke
1163 1290 52 30 till
1236 1290 160 30 hävande
1417 1299 43 20 av
1480 1289 146 40 tjänste-

893 1334 84 29 eller
1014 1333 210 29 arbetsavtal
1264 1341 76 21 som
1377 1332 88 29 barn
1503 1331 123 39 ingått,

894 1375 103 30 barns
1016 1374 213 37 släktnamn,
1248 1373 229 40 medgivande
1495 1373 53 30 till
1567 1373 58 30 äk-

893 1417 148 39 tenskap
1064 1417 105 39 enligt
1191 1417 18 29 2
1231 1417 81 38 kap.
1334 1415 19 30 4
1377 1415 16 37 $
1416 1415 209 40 giftermåls-

892 1459 127 30 balken
1051 1459 84 29 eller
1164 1459 54 30 till
1250 1458 123 39 åtgärd
1403 1457 222 30 beträffande

894 1502 142 29 makars
1050 1501 171 39 egendom
1235 1500 108 39 enligt
1359 1500 18 29 5
1393 1500 79 39 kap.
1492 1498 39 30 14
1540 1494 13 50 8
1581 1499 45 30 el-

894 1544 50 29 ler
963 1543 18 30 6
1001 1543 80 39 kap.
1102 1543 18 29 6
1142 1542 15 37 8
1179 1542 156 30 nämnda
1354 1541 81 30 balk
1455 1542 83 30 eller
1557 1541 69 30 för-

895 1585 178 30 ordnande
1099 1584 178 40 angående
1304 1583 109 30 sådan
1438 1583 188 40 egendoms

895 1627 213 39 förvaltning
1124 1627 11 29 i
1153 1627 111 29 andra
1281 1626 78 36 fall;

1136 1668 38 30 10
1197 1668 15 38 8
1236 1668 300 35 föräldrabalken;

1050 1712 38 29 är
1104 1711 149 39 tvistigt;

876 1772 44 4 —
934 1772 45 4 —
993 1753 53 30 till
1064 1753 134 36 fusion;

192 1822 6 7 .
224 1798 214 40 förvaltning
456 1807 43 21 av
546 1816 73 3 ——
647 1815 30 3 —
708 1815 87 3 ——
811 1814 164 5 ———
990 1796 12 29 i
1021 1795 192 40 sparbank;

192 1864 6 7 .
224 1841 237 29 förordnande
479 1840 83 29 eller
577 1858 44 3 —

193 1949 6 6 .
224 1925 159 30 tillstånd
403 1925 52 29 till
503 1942 75 4 ——
609 1941 28 4 —
664 1941 92 3 ——
782 1941 36 3 —
838 1941 41 3 —

990 1856 44 3 —
1051 1838 38 29 är
1106 1837 148 40 tvistigt;

957 1931 55 20 om
1034 1921 157 39 ägofred;
1213 1921 83 29 eller

224 1967 160 30 dödande
407 1976 41 20 av
471 1966 221 30 förkommen
713 1965 180 38 handling.

169 1715 18 30 3

168 1756 21 29 4

169 1800 18 29 5

169 1842 18 29 6

170 1883 28 30 7.
223 1883 265 30 bestämmande
509 1891 42 20 av
571 1882 141 35 arvode;

169 1926 19 29 8

169 1968 19 30 9

170 2010 20 30 S

192 1991 72 48 kall
284 2010 10 29 i

163 2474 7 13 1
191 2472 112 23 Senaste
321 2470 110 30 lydelse,
451 2477 27 16 se
497 2469 59 23 SFS
577 2469 75 24 1958:
663 2468 58 23 467.

800 2005 327 40 överförmyndares
1147 2005 124 30 beslut.

941 2141 123 28 Denna
1085 2140 54 38 lag
1161 2138 118 30 träder
1299 2139 11 30 i
1332 2138 96 30 kraft
1450 2137 66 31 den
1541 2138 13 29 1
1578 2138 50 39 ja-

897 2182 101 28 nuari
1019 2180 92 30 1964.
