1904 2838
289 143 40 30 12
739 142 281 31 Statsutskottets
1040 144 175 30 utlåtande
1234 144 51 30 Nr
1303 147 25 27 8.

334 220 82 43 12:o)
448 222 299 33 Landsarkiven
779 232 49 24 m.
859 233 58 23 m.:
964 224 216 42 Inredning
1213 226 74 32 och
1319 227 233 41 utrustning
1584 237 48 23 m.
1658 237 48 23 m.
1731 238 50 22 av

287 275 271 33 landsarkivet
581 276 14 32 i
619 276 246 33 Härnösand.
911 278 16 31 I
951 278 150 41 enlighet
1124 279 76 32 med
1225 279 128 42 Kungl.
1380 280 114 41 Maj:ts
1515 281 129 42 förslag
1660 279 122 44 (punkt

289 330 51 38 12,
365 329 59 33 sid.
451 327 53 43 35)
530 330 197 32 hemställer
750 331 173 39 utskottet,

653 387 48 28 att
733 384 183 42 riksdagen
949 387 57 30 må
1040 386 49 31 till
1113 386 249 33 Landsarkiven
1386 399 110 20 m.m.:
1520 389 183 41 Inredning
1726 390 55 31 och

607 437 189 41 utrustning
820 449 39 21 m.
883 449 39 21 m.
948 450 41 21 av
1013 440 222 32 landsarkivet
1258 441 14 30 i
1296 441 202 32 Härnösand
1514 442 53 31 för
1582 441 199 42 budgetåret

610 488 187 43 1935/1936
822 492 118 32 anvisa
963 495 47 29 ett
1033 493 329 42 reservationsanslag
1386 505 43 21 av
1453 496 122 38 35,000
1599 496 132 31 kronor.

334 593 82 43 13:o0)
462 595 146 41 Kungl.
632 596 247 34 biblioteket:
914 597 258 43 Avlöningar.
1218 600 128 42 Kungl.
1373 601 97 41 Maj:t
1494 601 63 32 har
1580 600 122 43 (punkt
1729 604 49 36 13,

286 648 61 32 sid.
373 646 142 43 36—43)
540 649 174 42 föreslagit
739 650 181 42 riksdagen
945 655 48 29 att

330 702 70 32 dels
431 702 186 42 godkänna
648 714 43 22 av
724 704 375 41 departementschefen
1132 707 162 32 förordad
1326 708 378 42 personalförteckning
1727 710 54 31 för

292 755 116 42 kungl.
432 756 208 39 biblioteket;

330 809 69 32 dels
431 809 185 41 godkänna
647 821 42 21 av
723 810 375 42 departementschefen
1126 813 160 32 förordad
1311 814 249 41 avlöningsstat
1583 816 54 31 för
1660 815 117 42 kungl.

285 862 196 32 biblioteket
504 866 49 28 att
576 863 172 41 tillämpas
772 864 67 32 tills
863 865 116 32 vidare
1003 866 78 31 från
1105 866 63 32 och
1191 866 80 32 med
1295 866 201 43 budgetåret
1522 868 204 40 1935/1936;

331 915 69 33 dels
423 916 62 32 ock
509 916 52 32 till
585 917 127 41 Kungl.
738 917 209 33 biblioteket:
973 919 214 41 Avlöningar
1209 921 55 31 för
1287 920 200 42 budgetåret
1512 920 190 38 1935/1936
1724 933 54 21 an-

285 969 74 32 visa
382 972 45 29 ett
450 969 266 43 förslagsanslag
739 981 44 22 av
807 972 143 38 236,400
973 972 135 32 kronor.

330 1058 64 31 Till
417 1058 257 43 undersökning
697 1070 42 22 av
763 1060 11 31 i
798 1061 288 33 kammararkivet
1109 1062 63 31 och
1195 1062 202 33 riksarkivet
1420 1063 173 42 befintliga
1617 1064 92 32 äldre
1732 1076 47 20 ar-

285 1111 256 42 kivalieomslag
557 1124 44 20 m.
620 1124 43 20 m.
689 1113 63 32 har
774 1114 78 31 från
876 1114 63 32 och
963 1114 79 32 med
1066 1114 198 43 budgetåret
1290 1115 187 37 1930/1931
1496 1119 112 39 utgått
1624 1121 46 28 ett
1686 1121 94 29 extra

286 1165 117 41 anslag
426 1165 50 31 till
500 1176 43 21 en
567 1166 120 41 början
718 1167 79 32 med
819 1168 100 38 4,100
942 1168 126 32 kronor
1092 1169 63 31 och
1178 1170 77 31 från
1280 1170 63 32 och
1367 1170 77 32 med
1461 1170 200 42 budgetåret
1680 1169 99 36 1933/

288 1219 85 31 1934
405 1236 42 3 —
470 1220 55 31 för
556 1219 191 33 beredande
782 1231 43 22 av
859 1222 235 41 uppflyttning
1125 1222 11 32 i
1159 1222 169 33 löneklass
1352 1241 42 3 —
1419 1224 78 32 med
1521 1225 100 38 4,350
1645 1225 132 32 kronor.

288 1273 85 31 1934
405 1274 52 30 års
488 1273 139 41 riksdag
654 1274 143 32 anförde
824 1274 11 32 i
863 1274 52 32 sin
946 1275 162 33 skrivelse
1136 1287 40 20 nr
1204 1277 19 31 8
1248 1277 109 32 under
1380 1278 155 40 punkten
1560 1279 19 31 8
1604 1279 175 40 angående

285 1326 185 32 anvisande
495 1337 43 21 av
562 1326 109 33 medel
688 1328 54 31 för
757 1327 62 32 här
835 1327 261 42 ifrågavarande
1113 1329 159 32 ändamål
1289 1331 54 31 för
1358 1330 202 42 budgetåret
1578 1330 199 42 1934/1935,

285 1381 49 30 att
366 1379 223 32 förevarande
619 1380 137 32 arbeten
779 1381 59 32 vid
862 1381 168 41 anslagets
1055 1382 165 32 tillkomst
1243 1383 209 33 beräknades
1477 1384 119 32 kunna
1620 1385 159 32 slutföras

285 1432 108 32 under
425 1443 41 21 en
501 1433 50 31 tid
584 1443 43 22 av
654 1433 198 42 förslagsvis
875 1437 49 29 tre
949 1436 46 31 år.
1043 1435 195 42 Riksdagen
1261 1437 80 32 ville
1363 1437 74 32 icke
1461 1441 159 29 motsätta
1646 1439 59 41 sig,
1731 1441 49 29 att

285 1485 119 42 anslag
436 1487 53 31 för
522 1486 193 33 ändamålet
748 1487 186 41 beviljades
958 1493 88 27 även
1070 1489 54 32 för
1147 1492 46 29 ett
1216 1490 105 32 femte
1345 1490 167 42 budgetår
1535 1502 80 21 men
1639 1493 140 41 utginge

284 1539 90 31 ifrån
409 1542 47 29 att
479 1557 44 3 —
547 1539 112 33 därest
693 1540 119 42 anslag
846 1542 53 31 för
933 1542 195 32 ändamålet
1158 1543 209 33 erfordrades
1390 1544 131 41 jämväl
1545 1546 54 31 för
1622 1545 49 32 tid
1695 1547 85 31 efter

284 1592 199 41 budgetåret
520 1591 189 42 1934/1935
734 1610 43 4 —
800 1594 255 42 framställning
1089 1596 10 31 i
1134 1600 115 28 ämnet
1272 1597 160 41 åtföljdes
1457 1609 42 21 av
1523 1599 184 41 utredning
1731 1604 47 27 rö-

285 1646 103 31 rande
412 1646 65 32 den
501 1646 47 32 tid
575 1647 62 32 och
661 1647 40 32 de
726 1647 191 39 kostnader,
943 1659 73 21 som
1040 1649 192 42 ytterligare
1256 1650 115 32 kunde
1395 1651 166 32 beräknas
1585 1653 55 30 för
1663 1652 115 32 slutfö-

284 1699 104 32 rande
412 1710 42 22 av
477 1700 224 32 förevarande
727 1701 302 42 undersökningar.

329 1753 16 31 I
369 1753 64 32 den
466 1754 242 32 ovannämnda
740 1754 290 42 avlöningsstaten
1059 1756 89 32 hava
1170 1757 110 32 under
1304 1769 41 20 en
1369 1758 215 42 anslagspost
1607 1759 50 32 till
1680 1760 98 32 Avlö-

285 1806 120 41 ningar
436 1806 51 32 till
520 1807 97 41 övrig
648 1807 256 33 icke-ordinarie
931 1810 157 40 personal
1112 1810 179 33 beräknats
1316 1811 109 32 medel
1449 1812 51 31 till
1524 1823 81 30 nyss
1630 1813 148 41 angivna

285 1859 168 33 ändamål.

329 1913 16 31 I
369 1913 185 42 anledning
578 1925 42 21 av
643 1914 66 33 vad
739 1916 83 31 1934
846 1916 52 31 års
923 1916 140 42 riksdag
1087 1918 112 31 anfört
1222 1918 177 41 angående
1422 1919 186 42 utredning
1632 1930 55 21 om
1712 1920 66 32 den

284 1966 49 32 tid
369 1967 62 31 och
466 1967 42 32 de
543 1967 192 39 kostnader,
772 1979 74 21 som
875 1969 195 41 ytterligare
1094 1971 114 32 kunde
1231 1971 167 33 beräknas
1422 1973 55 31 för
1501 1973 211 32 slutförande
1736 1984 42 22 av

283 2019 261 42 ifrågavarande
568 2020 295 43 undersökningar
885 2032 43 22 av
945 2022 92 33 äldre
1054 2024 304 42 arkivalieomslag,
1375 2025 91 33 hava
1482 2026 106 41 enligt
1604 2027 173 32 statsråds-

284 2073 199 41 protokollet
511 2074 201 33 riksarkivet
737 2075 64 32 och
826 2075 326 34 riksbibliotekarien
1176 2077 183 33 inkommit
1387 2079 77 32 med
1490 2090 41 21 en
1556 2079 221 41 redogörelse,

284 2126 72 32 däri
380 2126 103 33 bland
508 2130 105 29 annat
636 2129 135 31 anföres
796 2128 166 41 följande:

328 2197 133 41 Frågan
485 2209 57 21 om
566 2198 296 43 tillvaratagandet
885 2211 42 22 av
952 2200 41 32 de
1017 2202 54 31 för
1095 2202 123 32 svensk
1235 2203 362 43 medeltidsforskning
1612 2205 11 32 i
1640 2205 137 33 alldeles

284 2242 141 32 särskild
458 2243 85 41 grad
576 2244 130 40 viktiga
732 2245 172 40 fragment
927 2256 43 22 av
994 2246 93 32 äldre
1110 2248 450 40 pergamentshandskrifter
1583 2250 63 32 och
1669 2250 107 41 tryck,

282 2286 92 33 vilka
406 2288 108 31 under
546 2288 65 32 den
644 2288 92 32 äldre
764 2289 186 32 Vasatiden
975 2291 225 41 söndertagits
1223 2292 54 32 för
1300 2296 48 28 att
1372 2294 176 32 användas
1572 2295 50 31 till
1646 2295 131 41 omslag

283 2342 56 21 om
374 2332 113 41 fogde-
523 2333 63 31 och
621 2333 106 32 andra
763 2334 228 41 räkenskaper
1018 2335 10 31 i
1053 2336 316 40 räknekammaren,
1393 2338 88 32 hade
1505 2338 100 42 länge
1629 2341 80 30 stått
1733 2342 44 39 på

283 2376 268 42 dagordningen.
599 2377 16 31 I
645 2378 162 32 skrivelse
840 2378 65 32 den
930 2381 19 30 9
974 2379 177 33 december
1177 2382 82 31 1927
1286 2382 157 42 uppdrog
1468 2383 127 42 Kungl.
1621 2384 99 40 Maj:t
1743 2386 34 30 åt

282 2421 201 32 riksarkivet
507 2422 64 32 och
595 2422 328 33 riksbibliotekarien
958 2427 49 29 att
1023 2424 10 32 i
1051 2425 198 42 anslutning
1264 2426 50 32 till
1331 2438 41 20 en
1389 2438 41 21 av
1448 2428 327 33 riksbibliotekarien
