1884 2842
550 148 279 31 Statsutskottets
849 147 176 31 utlåtande
1044 147 49 30 Nr
1112 150 25 27 8.
1528 147 61 31 103

95 233 128 41 ningen
259 232 57 32 vid
352 231 365 33 småskoleseminariet
747 231 10 31 i
782 230 195 41 Strängnäs.
1026 229 133 41 Frågan
1184 239 100 30 synes
1309 227 71 42 mig
1403 226 186 33 emellertid

96 290 95 29 tarva
214 291 155 27 närmare
392 285 266 41 övervägande.»

142 393 381 43 Departementschefen
559 392 70 39 har,
661 392 10 32 i
696 391 201 41 anslutning
920 390 50 33 till
994 390 128 41 förslag
1145 401 42 21 av
1214 390 84 32 1932
1323 390 53 30 års
1400 387 191 34 seminarie-

97 448 216 41 sakkunniga
336 447 64 32 och
423 445 331 42 skolöverstyrelsen,
780 444 151 33 förordat
953 443 202 33 inställande
1180 454 42 21 av
1241 442 226 42 intagningen
1483 441 109 32 under

97 504 36 29 år
163 503 84 31 1935
271 500 52 33 till
346 501 106 32 första
477 500 133 32 klassen
635 510 42 22 av
701 498 414 34 småskoleseminarierna
1138 496 78 33 med
1241 496 176 41 undantag
1440 506 42 22 av
1507 496 85 31 små-

97 555 290 33 skoleseminariet
422 555 10 31 i
461 545 232 47 Landskrona,
719 553 7 31 i
754 564 77 22 vars
855 553 106 32 första
984 551 90 32 klass
1098 551 109 32 under
1230 552 37 30 år
1293 550 84 32 1935
1401 548 191 42 föreslagits

97 609 94 32 skola
214 609 133 41 intagas
373 610 41 30 10
437 608 120 33 elever.

141 663 173 33 Utskottet
349 662 60 32 vill
444 662 120 38 erinra,
600 664 49 29 att
685 661 165 32 utskottet
878 659 107 32 under
1008 659 110 41 punkt
1144 655 107 44 114:0)
1274 658 11 31 i
1310 657 56 32 det
1389 656 204 42 föregående

97 716 163 42 tillstyrkt
295 715 127 42 Kungl.
455 715 115 40 Maj:ts
594 715 129 41 förslag
746 725 56 21 om
827 725 41 21 en
892 713 131 32 radikal
1046 711 234 42 nedskärning
1302 722 43 22 av
1368 710 225 42 intagningen

97 770 58 33 vid
192 769 412 33 folkskoleseminarierna
636 769 53 31 för
713 771 49 29 att
786 768 136 31 minska
946 767 55 32 det
1025 769 89 29 stora
1138 766 173 32 överskott
1334 766 44 40 på
1400 763 193 33 folkskollä-

98 835 82 28 rare,
217 834 73 22 som
325 826 121 30 väntas
475 823 213 41 uppkomma
712 822 110 32 under
845 821 41 32 de
910 824 170 28 närmaste
1104 821 89 31 åren.
1242 819 62 39 Då,
1329 820 111 30 såsom
1465 818 10 32 i
1500 820 94 30 stats-

98 877 281 42 rådsprotokollet
402 876 216 39 framhållits,
643 876 207 32 situationen
874 876 54 31 för
952 873 344 34 småskollärarkåren
1320 883 100 31 synes
1440 883 81 22 vara
1537 882 57 22 om

98 932 135 41 möjligt
268 936 93 27 ännu
389 941 93 22 mera
506 930 184 38 svårartad,
716 930 110 31 finner
849 929 51 41 sig
923 929 163 32 utskottet
1110 927 82 33 böra
1215 927 169 41 tillstyrka
1407 926 56 32 det
1486 926 108 32 under

98 986 62 31 här
194 984 224 34 förevarande
454 985 111 40 punkt
589 983 193 42 framlagda
807 983 162 41 förslaget
992 993 56 21 om
1072 981 169 42 praktiskt
1264 983 91 38 taget
1379 979 216 42 fullständigt

98 1039 203 32 inställande
324 1049 42 22 av
389 1038 235 41 intagningen.

143 1093 14 32 I
189 1093 92 32 detta
304 1092 252 41 sammanhang
579 1091 59 33 vill
662 1091 165 32 utskottet
851 1108 42 3 —
918 1089 77 33 med
1019 1089 187 41 anledning
1230 1099 42 21 av
1296 1088 66 32 vad
1387 1088 10 31 i
1421 1087 173 32 statsråds-

99 1146 203 42 protokollet
325 1147 130 31 anförts
480 1145 142 33 rörande
645 1156 43 21 av
712 1144 313 40 stadsfullmäktige
1048 1143 11 31 i
1083 1143 186 41 Strängnäs
1293 1141 99 42 gjord
1416 1140 179 33 framställ-

99 1201 83 41 ning
217 1211 56 21 om
308 1200 183 41 intagning
524 1199 56 33 vid
604 1197 368 34 småskoleseminariet
1002 1197 3 31 i
1029 1196 151 32 nämnda
1204 1196 76 32 stad
1303 1212 43 4 —
1371 1195 225 41 understryka

99 1254 144 33 behovet
268 1265 42 21 av
334 1253 56 32 det
413 1264 43 22 av
480 1252 374 42 departementschefen
880 1252 9 31 i
914 1251 106 32 utsikt
1037 1250 120 32 ställda
1173 1255 156 26 närmare
1345 1248 251 42 övervägandet

99 1319 42 21 av
166 1308 113 32 denna
303 1308 106 40 fråga.

144 1361 76 32 Vad
255 1372 43 21 av
333 1360 129 42 Kungl.
500 1361 97 40 Maj:t
631 1359 191 41 föreslagits
859 1357 209 34 beträffande
1099 1357 119 42 anslag
1250 1356 51 33 till
1331 1355 264 33 småskolesemi-

99 1415 157 32 narierna
286 1415 53 31 för
364 1413 286 33 nästkommande
678 1413 167 41 budgetår
867 1412 63 32 och
954 1411 143 33 rörande
1121 1411 284 40 avlöningsstater
1430 1410 53 31 för
1499 1409 97 32 dessa

100 1468 198 32 seminarier
321 1468 61 31 har
406 1467 10 31 i
441 1467 59 32 allt
524 1466 182 42 väsentligt
729 1466 74 32 icke
827 1466 87 41 givit
936 1465 165 32 utskottet
1124 1464 186 41 anledning
1333 1463 50 31 till
1407 1463 143 32 erinran.

144 1522 15 31 I
190 1522 214 31 motionerna
428 1521 24 31 I:
475 1521 62 31 143
562 1520 63 32 och
648 1520 43 31 II:
711 1520 65 31 260
800 1519 63 31 har
886 1518 173 42 upptagits
1084 1520 46 29 ett
1154 1516 263 42 ursprungligen
1443 1527 41 21 av
1512 1516 84 32 1932

100 1578 52 29 års
188 1574 400 41 seminariesakkunniga
616 1573 163 41 framlagt
803 1572 127 41 förslag
953 1582 55 21 om
1034 1570 219 33 anordnande
1278 1581 42 21 av
1344 1569 252 41 fortbildnings-

100 1630 118 31 kurser
241 1630 55 30 för
319 1627 349 33 småskollärarinnor.

145 1682 119 32 Såsom
290 1682 10 31 i
324 1680 369 42 statsrådsprotokollet
719 1680 153 38 erinrats,
897 1679 90 32 hava
1010 1677 399 41 seminariesakkunniga
1433 1677 63 32 och
1513 1676 84 33 skol-

101 1735 245 42 överstyrelsen
382 1752 42 3 —
460 1735 54 31 för
545 1737 49 29 att
634 1734 192 32 förminska
865 1732 253 41 svårigheterna
1160 1734 48 29 att
1243 1730 170 32 rationellt
1447 1731 152 40 utnyttja

101 1790 263 31 lärarkrafterna
392 1789 57 31 vid
473 1799 41 21 en
540 1788 54 32 del
618 1787 197 32 seminarier
839 1787 63 31 och
926 1785 175 41 samtidigt
1124 1785 106 32 vinna
1254 1784 147 32 fördelar
1423 1785 54 31 för
1499 1784 99 32 lärar-

101 1843 239 41 utbildningen
368 1859 43 4 —
446 1842 187 41 ifrågasatt,
658 1844 48 29 att
732 1839 249 43 anslagsmedel
1005 1839 107 32 skulle
1137 1838 140 32 beredas
1301 1839 54 31 för
1378 1837 220 32 anordnande

101 1897 57 31 vid
194 1897 90 32 vissa
320 1895 371 33 småskoleseminarier
726 1905 43 21 av
804 1893 333 41 utbildningskurser
1172 1893 54 30 för
1249 1891 348 32 småskollärarinnor.

103 1951 48 31 De
175 1950 217 40 sakkunniga
415 1949 90 32 hava
528 1949 53 31 för
602 1949 52 31 sin
671 1948 54 32 del
742 1950 120 35 ansett,
880 1950 49 29 att
945 1947 162 31 kurserna
1124 1949 153 28 närmast
1294 1945 107 32 skulle
1418 1946 51 30 stå
1485 1949 114 37 öppna

103 2005 52 30 för
189 2003 185 32 arbetslösa
408 2002 199 38 lärarinnor,
645 2001 123 32 medan
805 2000 243 41 överstyrelsen
1084 1999 97 31 hållit
1215 2000 82 36 före,
1329 2001 49 29 att
1402 1998 196 31 kurserna
1581 1994 20 52 i

105 2059 104 30 första
232 2056 93 32 hand
349 2056 109 32 skulle
483 2067 96 21 avses
603 2056 53 31 för
679 2055 8 31 i
716 2055 107 41 tjänst
846 2053 149 33 varande
1021 2053 196 31 lärarinnor.

150 2110 381 42 Departementschefen
556 2110 61 31 har
641 2109 129 38 erkänt,
796 2111 48 29 att
868 2111 46 29 ett
939 2107 223 32 realiserande
1187 2117 42 21 av
1254 2106 56 32 det
1334 2117 40 20 av
1398 2106 40 31 de
1455 2106 145 31 sakkun-

103 2165 79 40 niga
206 2164 63 32 och
294 2163 244 41 överstyrelsen
564 2162 191 32 framförda
779 2162 177 41 uppslaget
982 2161 108 32 skulle
1114 2161 118 31 kunna
1256 2159 154 33 medföra
1431 2159 90 33 vissa
1537 2160 62 31 för-

103 2218 92 31 delar
234 2218 53 31 för
322 2216 339 41 lärarutbildningen.
710 2215 196 32 Emellertid
943 2215 61 31 har
1039 2213 373 42 departementschefen
1437 2212 164 33 betvivlat

103 2271 245 41 lämpligheten
383 2282 42 20 av
462 2273 48 28 att
546 2269 175 40 samtidigt
756 2269 77 31 med
870 2271 48 29 att
953 2267 259 32 verksamheten
1248 2266 57 31 vid
1335 2266 265 32 småskolesemi-

104 2324 156 31 narierna
292 2324 215 31 inskränktes
537 2323 86 31 rikta
647 2323 34 30 in
709 2322 97 31 deras
832 2321 173 42 uppgifter
1028 2322 44 39 på
1096 2320 106 31 andra
1226 2319 160 31 ändamål
1410 2324 42 26 än
1478 2319 40 31 de
1543 2330 58 20 nu-

105 2377 156 32 varande.
311 2377 52 31 Då
399 2376 112 32 härtill
548 2376 137 31 komme
721 2378 48 28 att
805 2375 119 31 endast
956 2385 41 20 en
1028 2373 137 32 bråkdel
1190 2384 42 20 av
1257 2372 343 32 småskollärarkåren

104 2430 108 31 skulle
248 2431 34 30 få
319 2429 107 32 fördel
462 2440 42 21 av
534 2429 40 31 de
600 2428 194 40 föreslagna
818 2439 66 29 nya
909 2427 163 31 kurserna
1096 2426 61 32 och
1185 2426 55 31 det
1265 2426 72 31 icke
1362 2425 114 31 kunde
1500 2436 101 30 synas

105 2483 156 42 lämpligt
296 2486 48 29 att
380 2483 7 31 i
426 2482 148 32 rådande
608 2482 187 40 budgetära
820 2481 72 40 läge
917 2480 158 41 tillskapa
1099 2491 67 29 nya
1192 2478 324 41 utbildningslinjer,
1542 2479 61 31 har

1651 384 139 28 Utskottet.
