1880 2850
544 139 280 32 Statsutskottets
844 138 175 30 utlåtande
1039 137 50 31 Nr
1107 140 25 27 8.
1526 135 64 32 137

415 223 84 41 drag
531 233 43 22 av
607 225 75 36 stat,
715 221 184 41 landsting,
937 221 166 31 kommun
1129 217 78 34 eller
1231 219 77 31 från
1332 216 132 33 enskild
1488 216 105 32 dona-

416 278 86 38 tion;
528 282 163 27 ävensom

461 330 109 33 under
582 329 123 33 villkor
717 331 49 30 att
777 328 103 32 halva
892 327 190 33 kostnaden
1095 327 54 31 för
1162 324 250 43 dyrtidstillägg
1426 322 166 33 bestrides

416 395 42 22 av
482 382 253 36 vederbörande
759 383 166 31 kommun
950 380 80 33 eller
1052 379 188 41 landsting;

461 435 32 44 d)
516 436 209 43 bemyndiga
748 435 129 42 Kungl.
903 434 99 41 Maj:t
1024 436 49 30 att
1096 432 158 33 meddela
1277 432 41 32 de
1334 436 156 27 närmare
1506 431 87 31 före-

418 492 145 39 skrifter,
598 502 72 21 som
707 492 57 30 må
798 489 154 32 befinnas
984 487 221 42 erforderliga
1229 487 53 31 för
1305 484 219 42 tillämpning
1547 494 44 21 av

417 546 41 32 de
494 549 81 29 utav
611 544 180 41 riksdagen
828 542 192 33 fastställda
1055 541 194 42 grunderna
1273 540 53 31 för
1349 537 244 43 dyrtidstilläg-

417 610 83 31 gens
527 598 176 42 utgående.

409 791 617 53 Folkbildningsåtgärder
1053 789 19 41 i
1101 788 179 52 övrigt.

144 912 107 44 176:0)
275 914 148 41 Bidrag
446 913 61 32 till
531 912 218 40 sällskapet
776 910 63 34 för
855 908 445 40 folkundervisningens
1316 904 281 42 befrämjande.

97 969 16 31 I
138 969 149 41 enlighet
311 968 77 32 med
412 967 129 42 Kungl.
567 966 115 41 Maj:ts
706 964 129 42 förslag
858 961 124 44 (punkt
1006 964 74 37 218,
1106 962 61 32 sid.
1195 958 74 43 721)
1294 960 64 32 och
1381 960 108 32 under
1509 959 84 32 erin-

97 1033 61 22 ran
194 1025 48 29 att
277 1022 119 41 anslag
430 1022 53 31 för
514 1019 232 33 innevarande
776 1017 166 42 budgetår
965 1016 150 32 anvisats
1140 1015 78 32 med
1242 1024 132 22 samma
1397 1013 123 41 belopp
1544 1012 52 32 till

97 1075 224 33 förevarande
345 1074 171 39 ändamål,
540 1072 198 33 hemställer
761 1072 174 37 utskottet,

463 1131 49 29 att
542 1127 180 41 riksdagen
754 1127 57 30 må
835 1127 112 30 såsom
971 1124 132 40 Bidrag
1129 1123 51 32 till
1203 1122 174 40 sällskapet
1394 1120 59 41 för
1464 1120 132 41 folkun-

419 1181 247 41 dervisningens
693 1179 222 41 befrämjande
949 1179 54 31 för
1035 1177 200 40 budgetåret
1262 1173 188 42 1935/1936
1475 1173 120 33 anvisa

419 1239 47 28 ett
488 1234 329 39 reservationsanslag
843 1243 41 21 av
911 1232 96 37 1,500
1031 1231 135 31 kronor.

146 1351 106 43 177:0)
276 1351 224 34 Understöd
525 1350 41 33 åt
589 1347 504 36 folkbiblioteksväsendet.
1130 1346 127 41 Kungl.
1284 1345 98 41 Maj:t
1398 1345 61 31 har
1475 1342 126 43 (punkt

100 1409 76 37 219,
205 1407 60 32 sid.
293 1403 186 44 721—736)
504 1404 175 42 föreslagit
702 1403 183 41 riksdagen
909 1405 48 29 att
979 1401 52 33 till
1056 1400 193 34 Understöd
1274 1401 34 30 åt
1330 1398 268 33 folkbiblioteks-

98 1461 164 33 väsendet
296 1461 54 31 för
383 1459 202 41 budgetåret
622 1457 189 36 1935/1936
844 1456 119 32 anvisa
992 1458 47 29 ett
1062 1452 266 42 förslagsanslag
1352 1462 42 22 av
1421 1451 179 38 1,022,000

98 1515 136 38 kronor,
259 1516 48 30 att
336 1513 5 31 i
365 1512 233 41 huvudsaklig
621 1508 338 35 överensstämmelse
982 1508 78 32 med
1086 1507 41 32 de
1151 1506 158 42 grunder,
1332 1516 72 21 som
1422 1516 42 21 av
1482 1504 118 41 depar”

98 1567 270 33 tementschefen
403 1566 11 31 i
450 1563 368 43 statsrådsprotokollet
850 1562 158 42 angivits,
1040 1562 82 40 utgå
1150 1561 10 30 i
1185 1559 149 42 enlighet
1357 1558 79 32 med
1460 1558 41 32 de
1525 1562 76 27 när-

99 1632 94 21 mare
216 1619 265 39 bestämmelser,
505 1618 129 42 Kungl.
661 1618 99 40 Maj:t
783 1618 57 30 må
864 1621 63 36 äga
952 1614 164 33 meddela.

144 1675 16 31 I
184 1674 168 33 samband
375 1673 142 32 härmed
541 1673 64 31 har
628 1672 165 32 utskottet
816 1670 51 32 till
890 1668 212 41 behandling
1126 1667 150 32 förehaft

145 1729 67 32 dels
234 1729 59 31 två
315 1726 220 41 likalydande
559 1725 178 37 motioner,
762 1724 132 38 väckta,
919 1723 64 32 den
1010 1732 63 22 ena
1096 1722 95 31 inom
1212 1721 107 31 första
1335 1720 201 31 kammaren
1554 1729 42 21 av

100 1783 78 32 herr
201 1781 42 32 D.
269 1782 147 31 Norman
439 1791 40 21 m.
497 1781 39 39 A.
563 1777 37 42 (I:
619 1776 53 43 82)
696 1778 63 32 och
784 1778 65 31 den
874 1776 107 32 andra
1004 1776 94 31 inom
1123 1774 108 33 andra
1247 1774 199 31 kammaren
1463 1783 43 22 av
1523 1773 78 31 herr

100 1837 46 31 H.
175 1835 179 41 Gustafson
377 1834 10 31 i
412 1833 149 41 Dädesjö
586 1844 39 21 m.
644 1834 38 40 A.
709 1829 53 43 (II:
783 1829 84 43 181),
892 1831 72 32 vari
989 1828 201 39 hemställts,
1215 1831 49 28 att
1288 1827 182 41 riksdagen
1494 1827 108 31 måtte

100 1889 133 33 besluta
265 1891 48 30 att
346 1889 54 31 för
427 1887 201 42 budgetåret
654 1883 189 39 1935/1936
867 1884 127 41 bevilja
1018 1883 64 32 till:
1108 1882 108 39 Folk-,
1242 1880 237 38 studiecirkel-,
1504 1879 96 39 skol-,

101 1943 157 41 sjukhus-
283 1942 61 31 och
371 1940 318 41 sjömansbibliotek
719 1939 172 38 1,079,050
915 1938 126 31 kronor
1065 1936 63 32 och
1153 1937 48 30 att
1218 1934 244 41 förordningen
1479 1933 122 31 härom

101 1996 113 42 träder
237 1996 11 31 i
272 1995 93 32 kraft
389 1995 65 31 den
481 1996 15 29 1
523 1993 64 42 juli
615 1994 99 38 1935;

147 2050 66 32 dels
237 2050 53 31 ock
314 2050 58 30 två
395 2047 221 41 likalydande
641 2046 175 38 motioner,
842 2044 131 38 väckta,
1001 2043 65 32 den
1083 2053 64 22 ena
1163 2042 94 31 inom
1277 2042 106 31 första
1399 2041 200 34 kammaren

102 2114 42 22 av
169 2103 77 31 herr
270 2103 39 31 E.
339 2101 133 41 Sjödahl
495 2112 40 21 m.
553 2102 39 40 Af.
620 2097 36 43 (I:
677 2097 73 42 138)
775 2099 63 32 och
863 2098 65 32 den
953 2097 108 32 andra
1084 2096 93 32 inom
1203 2095 107 32 andra
1333 2095 200 31 kammaren
1559 2103 41 22 av

102 2157 116 31 herrar
252 2156 45 31 H.
338 2155 178 41 Gustafson
549 2155 10 30 i
592 2153 148 41 Dädesjö
765 2152 62 32 och
853 2153 40 30 KE.
919 2142 117 49 Åqvist
1060 2147 52 43 (II:
1133 2147 85 42 264),
1243 2148 72 33 vari
1340 2146 189 34 hemställts
1554 2149 49 30 att

102 2210 181 40 riksdagen
319 2210 105 30 måtte
459 2207 132 33 besluta
626 2210 48 29 att
711 2208 51 30 för
791 2205 200 41 budgetåret
1022 2200 190 38 1935/1936
1236 2202 51 32 till
1311 2200 290 33 centralbibliotek

102 2263 128 40 bevilja
254 2263 121 37 65,000
398 2262 125 31 kronor
548 2260 62 32 och
634 2259 51 32 till
710 2258 246 33 resekostnads-
982 2257 61 32 och
1068 2254 453 41 traktamentsersättningar
1544 2253 59 32 vid

101 2314 377 42 biblioteksinspektion
503 2315 78 30 från
605 2313 108 32 lands-
738 2312 62 32 och
825 2310 290 33 centralbibliotek
1140 2310 99 37 4,500
1263 2308 133 31 kronor.

149 2368 216 32 Beträffande
389 2367 41 32 de
455 2378 41 20 av
521 2366 252 32 motionärerna
798 2364 50 32 till
873 2363 74 33 stöd
965 2365 54 29 för
1035 2363 97 31 deras
1150 2360 292 41 framställningar
1458 2359 147 32 anförda

104 2422 116 32 skälen
245 2421 171 37 hänvisas,
447 2420 3 31 i
476 2420 64 31 den
567 2421 79 29 mån
672 2419 29 40 ej
729 2417 210 42 redogörelse
956 2416 133 31 lämnas
1105 2415 62 31 här
1185 2414 121 37 nedan,
1324 2413 49 31 till
1391 2413 215 31 motionerna

104 2476 25 31 I:
150 2477 40 30 82
216 2475 62 32 och
303 2474 25 31 I:
349 2475 72 30 138.
