1870 2794
240 178 240 30 Sammansatt
496 179 104 28 stats-
617 178 63 29 och
699 177 110 31 andra
828 177 210 40 lagutskotts
1058 176 179 31 utlåtande
1254 185 43 21 nr
1314 176 19 29 2
1351 176 39 30 år
1409 176 84 29 1955
1572 175 39 29 27

838 257 19 29 6
879 256 28 38 8.

168 328 331 40 Sjukhjälpsbidrag
522 328 101 39 utgår
645 327 55 31 för
722 327 97 40 varje
841 327 208 30 kalenderår
1072 327 52 29 till
1146 326 325 39 centralsjukkassa
1495 325 54 31 för
1571 326 42 29 de

124 382 142 40 utgifter
283 382 106 39 enligt
406 382 19 30 2
443 382 65 30 och
526 382 18 29 3
566 381 49 37 $$,
634 391 75 20 som
727 381 111 30 under
855 381 74 30 året
945 381 158 29 bestritts
1121 390 42 20 av
1180 380 351 39 centralsjukkassan
1548 379 65 30 och

124 436 50 29 till
196 436 114 29 denna
331 435 165 30 anslutna
517 435 316 39 lokalsjukkassor,
855 435 78 29 med
954 434 125 40 belopp
1101 434 255 33 motsvarande,
1379 433 104 30 såvitt
1505 432 108 40 angår

123 489 185 30 läkarvård
338 489 138 30 hälften
506 498 42 21 av
578 488 192 40 utgifterna
801 489 65 29 och
896 487 222 31 beträffande
1150 487 239 40 sjukhusvård
1420 486 192 40 utgifterna

122 542 88 30 efter
228 543 128 39 avdrag
374 552 43 20 av
433 545 52 27 tre
503 543 131 29 kronor
652 542 55 30 för
724 542 98 39 varje
840 542 66 39 dag
925 542 186 30 försäkrad
1130 542 129 29 beretts
1279 540 250 40 sjukhusvård.

838 630 69 38 78.

167 703 131 29 Redare
321 703 54 30 för
397 703 143 30 svenskt
561 702 126 40 fartyg,
708 702 118 30 vilken
846 702 144 39 jämlikt
1012 701 260 40 sjömanslagen
1292 701 78 30 haft
1391 702 50 28 att
1463 701 57 29 vid
1543 700 70 40 sjö-

122 766 101 20 mans
251 756 167 39 sjukdom
443 756 198 30 vidkännas
667 756 152 29 kostnad
847 755 107 40 enligt
981 755 115 30 denna
1123 755 208 40 kungörelse
1359 755 64 29 och
1452 763 77 21 som
1555 763 58 21 en-

123 810 61 39 ligt
204 810 40 29 20
267 809 16 37 $
305 810 100 39 lagen
424 819 59 20 om
502 810 131 29 allmän
655 809 285 40 sjukförsäkring
962 810 81 39 äger
1062 809 132 30 erhålla
1214 808 206 40 gottgörelse
1442 808 56 30 för
1517 808 96 29 kost-

122 863 114 30 naden
255 863 81 30 från
353 863 68 30 den
441 864 200 39 sjukkassa,
661 863 63 30 där
744 863 210 39 sjömannen
974 864 40 29 är
1032 862 196 34 försäkrad,
1248 863 65 29 har
1332 864 52 28 att
1401 863 84 38 göra
1505 861 108 30 fram-

123 917 166 39 ställning
319 917 123 29 därom
473 917 64 30 hos
569 916 392 40 tillsynsmyndigheten
993 916 56 30 för
1080 916 68 30 den
1179 916 178 29 allmänna
1390 915 222 40 sjukförsäk-

122 970 132 40 ringen.

165 1023 224 40 Gottgörelse,
410 1033 76 21 som
505 1033 100 21 avses
623 1024 11 29 i
654 1023 111 31 första
786 1024 143 39 stycket,
950 1023 173 30 utbetalas
1143 1032 42 21 av
1203 1022 405 40 tillsynsmyndigheten;

122 1077 64 30 och
207 1077 129 39 åligger
358 1077 58 30 det
437 1077 259 30 vederbörande
720 1077 190 39 sjukkassa
932 1079 52 28 att
1005 1077 52 30 till
1081 1076 390 40 tillsynsmyndigheten
1494 1076 117 39 utgiva

121 1130 193 40 ersättning
333 1130 56 30 för
407 1131 65 29 vad
492 1131 117 29 denna
628 1131 147 29 sålunda
795 1131 133 39 utgivit.

166 1184 73 30 Vad
263 1184 11 29 i
298 1184 110 30 första
432 1185 66 29 och
522 1184 110 30 andra
656 1184 167 40 styckena
848 1185 38 29 är
910 1184 138 39 stadgat
1073 1184 88 30 skall
1187 1184 62 39 äga
1274 1183 245 30 motsvarande
1543 1182 68 30 till-

121 1237 191 40 lämpning,
329 1238 63 29 där
409 1238 122 30 redare
548 1237 107 40 enligt
672 1238 42 30 28
733 1237 15 38 $
768 1238 101 39 lagen
886 1247 57 20 om
961 1238 132 29 allmän
1110 1237 286 40 sjukförsäkring
1413 1238 81 38 äger
1513 1237 11 29 i
1542 1236 69 40 sjö-

121 1300 100 21 mans
240 1291 98 30 ställe
356 1291 81 30 från
456 1291 214 40 sjukkassan
689 1291 133 30 erhålla
840 1292 211 39 sjömannen
1069 1290 265 31 tillkommande
1355 1290 194 40 sjukhjälp.

835 1380 19 30 8
877 1380 27 37 8.

165 1452 13 29 I
195 1451 111 40 övrigt
324 1452 88 29 skall
428 1452 67 29 vad
512 1451 11 29 i
539 1452 102 38 lagen
657 1461 59 20 om
731 1451 132 30 allmän
881 1451 285 39 sjukförsäkring
1184 1452 38 29 är
1240 1451 137 39 stadgat
1393 1450 149 30 rörande
1559 1458 51 22 er-

122 1505 153 39 sättning
292 1505 55 30 för
363 1505 144 39 utgifter
525 1505 55 29 för
597 1505 186 29 läkarvård
801 1505 64 29 och
883 1504 240 40 sjukhusvård
1141 1505 10 29 i
1168 1504 206 40 tillämpliga
1391 1504 97 29 delar
1505 1503 105 30 lända

121 1558 51 29 till
191 1558 231 30 efterrättelse
441 1558 222 30 beträffande
683 1558 194 39 ersättning
897 1558 108 39 enligt
1024 1558 114 29 denna
1158 1557 218 40 kungörelse.

164 1611 74 29 Vad
260 1612 106 39 enligt
387 1611 101 40 lagen
508 1621 56 20 om
586 1611 131 30 allmän
739 1611 286 40 sjukförsäkring
1046 1611 107 39 gäller
1174 1620 57 21 om
1252 1612 70 29 rätt
1342 1611 52 29 till
1415 1610 194 39 ersättning

120 1664 55 30 för
194 1664 185 30 läkarvård
399 1666 65 28 och
484 1665 240 39 sjukhusvård
743 1666 165 29 ävensom
927 1665 11 29 i
959 1665 169 30 samband
1148 1665 144 29 därmed
1312 1664 182 39 företagna
1513 1673 96 21 resor

121 1718 99 34 skall,
243 1718 11 28 i
276 1718 67 29 den
365 1718 83 29 mån
470 1719 195 39 Konungen
688 1718 186 30 förordnar
896 1719 134 34 därom,
1053 1719 63 38 äga
1140 1718 222 40 tillämpning
1384 1718 20 30 å
1428 1717 181 39 sjukvård,

121 1780 73 20 som
217 1771 96 29 inom
335 1771 149 30 Finland
507 1772 84 29 eller
612 1772 111 39 Norge
747 1772 136 30 lämnas
906 1772 187 29 försäkrad
1114 1772 118 30 vilken
1253 1772 96 29 inom
1372 1771 144 30 svenskt
1538 1780 72 20 om-

120 1824 81 29 råde
225 1824 58 29 vid
307 1825 227 39 riksgränsen
558 1827 73 27 mot
655 1825 105 39 något
784 1834 42 21 av
850 1825 153 30 nämnda
1029 1825 122 30 länder
1174 1825 66 30 blir
1264 1825 11 29 i
1298 1825 112 29 behov
1433 1834 43 21 av
1500 1824 109 30 sådan

119 1877 94 30 vård.

164 2037 122 29 Denna
307 2037 208 39 kungörelse
538 2038 117 29 träder
677 2038 11 29 i
710 2038 96 30 kraft
828 2038 67 29 den
920 2038 14 29 1
958 2038 143 39 januari
1125 2038 93 29 1956.
