2216 2683
707 224 98 33 Stuts-
816 225 163 33 Utskottets
1002 226 171 33 Memorial
1197 227 62 32 N:o
1284 228 49 33 59.
1748 233 19 30 3

224 304 152 35 nämnda
416 304 81 48 plan
531 305 51 35 till
626 307 200 47 gymnastik
865 307 140 36 afsedda
1033 313 187 44 utrymmet
1248 311 176 35 användes
1452 311 53 36 för
1533 312 110 36 andra
1672 313 138 36 univer-

223 356 212 47 sitetsbehof,
477 358 9 34 i
527 357 132 37 hvilket
701 371 120 24 senare
865 360 56 35 fall
950 361 157 47 anslaget
1134 362 106 35 borde
1269 362 97 48 höjas
1394 364 77 35 med
1502 366 134 45 25,000
1666 366 144 47 kronor;

223 408 90 36 hade
343 407 180 38 Utskottet
551 411 51 34 uti
630 411 93 35 36.te
744 411 162 47 punkten
934 412 176 46 hemstält,
1131 418 50 32 att
1209 415 229 36 förevarande
1459 416 131 47 förslag
1609 418 78 35 icke
1707 418 104 36 måtte

223 460 52 35 till
305 461 117 45 någon
451 461 219 48 Riksdagens
694 464 123 46 åtgärd
845 465 189 35 föranleda.

347 513 123 35 Denna
510 515 114 47 punkt
664 515 63 35 har
756 516 188 35 emellertid
986 517 115 35 blifvit
1142 518 38 35 af
1213 519 86 36 båda
1329 520 197 36 Kamrarne
1554 522 52 35 till
1635 522 178 37 Utskottet

223 565 247 48 återförvisad;
500 567 65 34 och
595 567 43 35 då
666 568 66 34 den
762 568 93 35 inom
883 568 197 36 Kamrarne
1108 570 8 34 i
1147 575 115 32 ämnet
1281 572 118 36 hållna
1421 574 268 48 öfverläggning
1709 588 102 35 synes

224 617 95 46 gifva
347 618 56 35 vid
433 618 150 45 handen,
612 624 50 30 att
690 619 201 48 Riksdagen
922 634 80 22 vore
1030 622 157 47 benägen
1215 628 51 30 att
1293 625 52 34 till
1373 625 57 35 det
1458 626 38 34 af
1520 629 212 34 motionären
1761 629 49 34 af-

224 669 105 35 sedda
370 669 200 37 ändamålet
610 672 121 35 anvisa
773 673 121 46 medel,
935 673 113 36 derest
1090 675 123 47 anslag
1240 676 114 36 blefve
1382 677 56 36 vid
1467 678 234 36 innevarande
1723 680 89 36 riks-

224 722 67 45 dag
332 720 160 38 anvisadt
532 723 52 35 för
624 724 216 48 uppförande
882 725 37 35 af
957 726 97 47 dylik
1083 726 163 48 byggnad
1282 728 11 35 i
1320 728 142 48 Upsala,
1491 734 90 32 samt
1607 731 204 48 Riksdagen

222 786 156 34 numera,
421 775 110 47 enligt
572 775 176 37 Utskottet
789 777 326 36 tillhandakommet
1155 780 331 48 protokollsutdrag,
1515 783 52 35 för
1596 783 215 37 sistnämnda

222 826 162 35 ändamål
414 826 143 48 beviljat
585 831 48 32 ett
661 829 125 47 belopp
815 829 37 35 af
878 831 160 45 740,000
1072 831 135 43 kronor,
1235 832 64 35 har
1328 833 58 35 det
1413 834 114 46 ålegat
1556 835 179 36 Utskottet
1763 841 49 30 att

223 877 156 48 företaga
420 890 41 23 en
503 883 161 32 närmare
704 881 188 47 utredning
934 882 147 36 rörande
1110 883 123 48 frågan
1263 896 54 24 om
1347 898 45 35 ny
1420 886 390 49 universitetsbyggnad

222 929 10 35 1
260 929 111 36 Lund.

350 982 51 35 På
442 987 68 32 sätt
549 984 38 35 af
624 985 235 36 motionärens
887 986 260 49 framställning
1175 989 12 34 i
1215 992 115 32 ämnet
1357 989 183 43 inhemtas,
1570 990 90 36 hade
1688 992 120 36 Lunds

223 1034 204 37 universitet
468 1037 49 34 uti
558 1037 219 47 underdånig
818 1038 180 36 skrifvelse
1041 1040 66 35 den
1151 1042 46 34 30
1231 1041 190 36 December
1453 1045 96 33 1874
1578 1043 149 36 anhållit
1754 1057 54 23 om

223 1086 172 37 aflåtande
435 1088 52 35 till
529 1087 201 49 Riksdagen
771 1091 36 35 af
840 1091 106 46 nådig
986 1092 213 47 proposition
1241 1106 54 23 om
1336 1095 190 35 anvisande
1555 1095 37 34 af
1616 1096 112 35 medel
1756 1097 53 35 till

224 1139 215 47 uppförande
480 1140 176 37 derstädes
698 1142 37 34 af
772 1155 47 35 ny
854 1143 400 49 universitetsbyggnad,
1283 1146 36 35 af
1344 1146 144 36 hvilken
1517 1147 163 36 behofvet
1707 1148 102 47 länge

222 1191 89 35 varit
352 1192 223 47 synnerligen
616 1194 161 35 känbart.
831 1194 53 36 De
921 1195 176 47 befintliga
1127 1197 175 35 allmänna
1329 1198 370 47 föreläsningssalarne
1728 1214 81 22 vore

221 1243 50 34 till
302 1244 133 35 antalet
463 1245 123 35 endast
614 1251 49 28 tre
690 1246 64 36 och
782 1247 51 35 till
863 1247 285 36 beskaffenheten
1176 1249 98 48 långt
1293 1250 90 35 ifrån
1404 1251 312 48 ändamålsenliga.
1758 1253 51 36 De

222 1307 80 23 vore
342 1296 125 47 trånga
508 1297 64 35 och
613 1298 79 47 låga
734 1299 61 35 och
839 1299 109 35 måste
990 1300 222 47 följaktligen
1244 1301 52 36 för
1325 1306 47 31 ett
1399 1307 110 32 större
1539 1304 95 35 antal
1663 1305 144 36 åhörare

220 1346 109 36 blifva
370 1349 144 34 osunda.
568 1349 78 35 Den
684 1350 232 45 otillräckliga
957 1352 194 47 tillgången
1193 1353 43 47 på
1278 1354 311 48 föreläsningsrum
1618 1356 190 37 inverkade

220 1398 115 35 direkt
376 1400 144 47 menligt
548 1401 44 48 på
619 1402 294 48 undervisningen
942 1404 37 35 så
1008 1404 56 35 väl
1093 1417 124 32 genom
1245 1406 225 36 försvårande
1498 1407 38 36 af
1561 1408 246 47 föreläsnings-

221 1451 201 36 timmarnes
451 1453 176 36 ordnande
657 1467 73 23 som
759 1456 64 34 ock
852 1468 124 34 genom
1014 1457 132 35 saknad
1176 1457 39 35 af
1240 1457 167 49 lämpliga
1433 1459 136 36 lokaler
1596 1460 54 35 för
1678 1461 131 35 sådana

221 1503 263 48 vetenskapliga
526 1505 169 47 öfningar,
738 1507 121 35 hvilka
894 1508 11 34 i
933 1508 160 35 nutidens
1122 1509 265 36 universitetslif
1411 1510 114 36 blefve
1553 1512 62 35 allt
1645 1525 70 22 mer
1743 1513 63 35 och

222 1567 71 22 mer
321 1556 226 47 oumbärliga.
605 1558 131 36 Vidare
763 1559 125 36 funnes
918 1560 53 35 för
998 1561 163 35 examina
1185 1561 108 48 jemte
1322 1563 114 35 dertill
1457 1563 156 36 hörande
1633 1565 174 47 skriftliga

220 1607 77 47 prof
338 1608 76 35 icke
455 1610 110 34 andra
605 1623 77 22 rum
710 1611 219 47 tillgängliga
957 1616 45 31 än
1031 1613 250 36 Konsistoriets
1310 1615 166 35 sessions-
1507 1616 64 34 och
1600 1616 205 46 kanslirum,

220 1659 123 34 hvilka
372 1660 114 35 dertill
515 1662 28 46 ej
574 1674 80 23 vore
683 1663 193 46 synnerligt
903 1664 166 47 lämpliga
1098 1665 64 35 och
1190 1666 77 35 icke
1297 1666 111 35 sällan
1437 1668 177 46 samtidigt
1642 1668 165 36 behöfdes

222 1710 52 35 för
303 1711 74 35 sina
405 1713 176 47 egentliga
609 1714 173 35 ändamål.
836 1715 185 37 Likaledes
1050 1716 154 37 saknade
1233 1717 235 37 fakulteterna
1496 1719 132 36 lokaler
1659 1720 53 36 för
1732 1721 75 35 sina

221 1765 281 35 sammanträden
531 1766 62 35 och
623 1766 53 36 för
704 1767 228 47 handlingars
959 1769 206 35 förvarande
1180 1782 43 23 m.
1241 1783 44 23 m.
1314 1770 267 37 Universitetets
1600 1772 128 47 festsal,
1750 1773 55 35 be-

220 1815 101 46 lägen
358 1816 11 34 i
410 1817 162 36 nedersta
615 1818 173 47 våningen
831 1820 39 34 af
906 1820 296 47 bibliotekshuset,
1231 1835 80 22 vore
1340 1821 83 48 föga
1450 1823 135 48 rymlig,
1615 1825 99 34 mörk
1743 1825 62 35 och

221 1867 69 34 kall
333 1873 89 31 samt
458 1870 77 35 icke
576 1871 111 46 egnad
729 1875 51 30 att
820 1876 86 42 göra
934 1873 107 46 något
1068 1873 132 47 festligt
1226 1874 148 48 intryck.
1428 1874 67 36 Det
1523 1877 123 46 trånga
1675 1877 129 35 kansli-

221 1924 161 42 rummet,
413 1933 72 23 som
514 1922 112 35 tillika
654 1923 108 35 måste
791 1928 82 42 göra
902 1925 105 46 tjenst
1026 1925 110 35 såsom
1154 1926 134 36 rektors
1308 1928 327 46 mottagningsrum,
1650 1930 155 34 saknade

221 1972 129 46 rymlig
378 1973 146 47 tambur,
554 1974 134 36 hvilket
716 1976 37 34 så
783 1976 56 35 väl
868 1977 56 34 vid
953 1977 254 48 inskrifningar
1235 1991 71 23 som
1326 1979 110 35 andra
1456 1980 158 36 tillfällen
1630 1981 175 36 medförde

220 2023 197 49 olägenhet,
459 2025 143 36 hvartill
644 2027 137 36 komme
819 2032 49 31 att
910 2032 172 44 utrymme
1111 2030 37 35 så
1171 2031 84 46 godt
1283 2043 72 23 som
1383 2032 144 35 alldeles
1555 2033 172 35 saknades
1754 2033 51 36 för

218 2075 258 37 universitetets
504 2079 262 47 konstsamling.

349 2127 68 36 Det
458 2129 52 35 för
546 2130 64 34 den
645 2130 199 48 föreslagna
872 2133 270 47 nybyggnaden,
1172 2134 109 47 enligt
1308 2135 115 36 derför
1451 2136 202 35 utarbetade
1680 2137 124 35 ritnin-

219 2191 75 35 gar,
322 2180 197 47 uppgjorda
560 2183 298 47 kostnadsförslag
892 2185 152 47 uppgick
1073 2185 110 47 enligt
1210 2186 208 37 skrifvelsen
1445 2188 140 47 bifogad
1613 2189 191 47 uträkning

219 2231 149 35 till...
914 2269 48 2 NE
1006 2269 50 2 NINE
1102 2269 1 2 a
1124 2234 19 49 rä
1168 2269 2 2 |
1296 2271 48 2 ——
1387 2240 129 35 kronor
1544 2242 172 40 405,384:
1747 2243 57 33 67.

348 2284 128 36 Härtill
506 2286 112 36 skulle
647 2288 137 35 komma
812 2288 110 47 enligt
949 2289 195 47 utredning,
1169 2290 137 36 lemnad
1327 2291 37 35 af

220 2335 56 35 det
317 2336 134 36 mindre
497 2338 240 45 Konsistoriet,
778 2340 202 47 ytterligare
1020 2341 150 48 följande
1215 2343 143 47 belopp:

344 2388 141 37 Inlösen
526 2390 39 35 af
600 2391 272 48 byggnadstomt
911 2393 11 35 i
963 2394 66 35 den
1058 2395 182 35 botaniska
1267 2396 93 34 träd-

222 2439 149 47 gårdens
396 2442 180 47 sydvestra
604 2443 88 36 hörn
848 2477 2 2 |
974 2477 2 2 ;
1445 2476 17 18 -
1568 2450 146 45 40,000:
1742 2469 49 6 —

1170 2499 192 58 Transport
1387 2510 129 35 kronor
1544 2512 172 45 445,384:
1748 2512 56 35 67.
