1886 2822
337 137 18 31 2
664 134 122 33 Andra
810 133 249 39 lagutskottets
1083 133 185 32 memorial
1292 132 51 33 Nr
1366 133 53 31 41.

973 392 60 41 Nr
1059 391 63 41 41.

824 502 109 25 Ankom
953 502 42 24 till
1015 502 163 31 riksdagens
1197 501 90 24 kansli
1307 501 53 24 den
1382 501 10 23 1
1415 501 61 30 juni
1498 501 63 23 1928
1581 500 36 24 kl.
1638 501 30 23 11
1690 501 15 23 t
1727 507 35 17 m.

400 596 187 32 Memorial
618 595 180 37 angående
832 596 131 30 arvode
997 595 37 31 åt
1070 597 21 29 t.
1127 595 25 35 f.
1189 594 212 37 byråchefen
1435 594 36 30 P.
1497 593 201 36 Santesson,
1722 602 75 22 som

602 649 98 30 inom
733 649 110 30 andra
878 647 232 37 lagutskottet
1146 646 124 32 biträtt
1301 647 60 30 vid
1397 645 213 37 behandling
1645 655 44 22 av
1727 646 70 31 viss

602 701 112 36 fråga.

336 806 17 31 I
387 806 62 31 och
482 806 53 31 för
569 805 210 36 behandling
802 815 44 20 av
871 804 131 36 Kungl.
1027 803 116 37 Maj:ts
1166 803 249 36 propositioner
1438 812 43 20 nr
1505 802 39 31 39
1568 802 76 31 med
1669 802 128 36 förslag

292 859 55 31 till
371 859 58 36 lag
453 869 55 20 om
531 857 265 32 kollektivavtal
819 857 61 31 och
904 857 55 31 till
984 856 55 36 lag
1063 866 56 21 om
1142 855 257 32 arbetsdomstol
1423 855 62 31 och
1509 864 41 21 nr
1574 855 39 30 40
1637 855 79 30 med
1733 855 64 30 för-

291 912 73 36 slag
399 911 55 31 till
490 911 56 36 lag
570 920 55 21 om
648 910 131 31 ändrad
802 909 128 37 lydelse
953 919 45 21 av
1023 909 39 30 46
1087 909 17 38 $
1128 908 305 36 utsökningslagen
1457 918 45 20 m.
1526 917 43 20 m.
1595 909 162 28 ävensom
1781 906 12 30 i

291 964 189 36 anledning
503 974 44 20 av
571 962 291 37 propositionerna
885 962 126 30 väckta
1035 962 166 30 motioner
1225 961 61 30 har
1309 961 167 30 utskottet
1499 959 115 31 funnit
1637 959 160 36 lämpligt

291 1016 147 31 anmoda
470 1015 149 31 särskild
652 1025 121 26 person
807 1016 51 30 att
892 1014 135 31 biträda
1050 1013 77 32 med
1151 1013 289 36 föredragningen
1463 1023 44 20 av
1530 1011 266 37 ifrågavarande

291 1069 248 36 propositioner
570 1068 62 31 och
667 1068 166 30 motioner
867 1069 162 29 ävensom
1058 1066 76 31 med
1158 1065 180 32 utförande
1361 1066 94 30 inom
1479 1065 180 31 utskottets
1682 1063 114 32 kansli

291 1132 44 21 av
368 1122 56 31 det
457 1121 77 31 med
565 1121 309 36 propositionernas
898 1120 62 30 och
984 1119 228 31 motionernas
1235 1118 212 35 behandling
1470 1117 158 31 förenade
1651 1117 146 34 arbetet;

292 1174 61 31 och
376 1174 64 31 har
464 1174 164 30 utskottet
652 1173 54 30 för
729 1172 120 31 sådant
872 1171 160 32 ändamål
1057 1171 167 31 tillkallat
1246 1172 23 29 t.
1294 1171 23 30 f.
1342 1170 206 37 byråchefen
1573 1169 52 31 för
1642 1170 155 35 lagären-

293 1227 63 31 den
380 1227 13 30 i
416 1226 385 36 socialdepartementet,
824 1234 170 21 assessorn
1018 1224 66 31 Per
1108 1224 190 31 Santesson.

336 1279 111 31 Sedan
475 1280 23 29 t.
524 1278 23 31 f.
571 1277 203 37 byråchefen
797 1277 184 31 Santesson
1004 1276 158 37 fullgjort
1185 1276 56 31 det
1265 1275 125 31 honom
1414 1274 158 32 lämnade
1595 1274 202 36 uppdraget,

292 1332 64 31 har
384 1332 163 30 utskottet
570 1330 139 37 jämlikt
732 1330 41 30 10
797 1331 17 37 $
837 1330 12 30 i
873 1329 159 36 gällande
1054 1328 391 37 avlöningsreglemente
1467 1328 52 30 för
1543 1327 64 31 den
1630 1327 61 30 hos
1715 1327 82 30 riks-

291 1385 109 35 dagen
423 1383 172 32 anställda
617 1382 315 37 kanslipersonalen
955 1382 172 30 inhämtat
1144 1380 335 37 kanslideputerades
1496 1379 158 37 yttrande
1669 1379 12 30 i
1699 1378 97 36 fråga

291 1447 54 21 om
381 1437 191 35 ersättning
608 1436 55 30 till
695 1435 192 35 Santesson,
912 1434 123 31 varvid
1059 1434 164 31 utskottet
1247 1433 177 35 föreslagit
1447 1434 48 29 ett
1517 1431 125 32 arvode
1665 1442 45 20 av
1735 1431 61 30 600

288 1491 134 30 kronor.
468 1489 122 36 Enligt
613 1488 164 31 utskottet
800 1487 329 31 tillhandakommen
1153 1486 164 31 skrivelse
1341 1485 65 32 den
1431 1484 39 32 31
1503 1484 69 36 maj
1606 1484 85 31 1928
1709 1484 88 30 hava

291 1543 60 30 två
387 1540 317 37 kanslideputerade
738 1540 72 31 icke
845 1539 119 31 funnit
997 1540 105 35 något
1135 1540 51 29 att
1220 1538 114 31 erinra
1368 1538 72 30 mot
1474 1536 151 32 nämnda
1654 1536 143 31 arvodes

291 1594 130 36 belopp,
445 1593 109 31 under
578 1592 55 32 det
656 1593 50 30 att
729 1592 39 31 de
792 1593 60 30 två
874 1592 123 36 övriga
1020 1591 319 36 kanslideputerade
1363 1590 76 31 icke
1463 1589 116 31 funnit
1603 1589 52 36 sig
1679 1589 118 30 kunna

291 1646 174 37 tillstyrka
489 1646 102 36 högre
614 1644 127 32 arvode
764 1647 44 28 än
833 1645 61 30 500
919 1644 135 31 kronor.
1101 1643 173 32 Utskottet
1297 1643 53 30 får
1374 1642 193 35 hemställa,

735 1725 51 29 att
819 1725 35 30 åt
885 1724 23 29 t.
945 1722 23 31 f.
1004 1722 206 37 byråchefen
1243 1721 182 32 Santesson
1453 1722 105 30 måtte
1581 1720 146 36 beviljas
1751 1720 46 30 ett

691 1776 126 31 arvode
839 1786 43 20 av
906 1775 196 31 sexhundra
1127 1775 135 31 kronor.

336 1882 197 32 Stockholm
557 1881 64 32 den
646 1883 18 29 1
688 1881 78 37 juni
791 1881 94 30 1928.

737 1976 48 31 På
808 1974 109 32 andra
941 1974 239 36 lagutskottets
1204 1975 145 34 vägnar:

854 2079 45 31 K.
923 2078 39 32 G.
988 2078 243 32 WESTMAN.

337 2295 54 25 Vid
410 2293 131 26 ärendets
558 2292 172 32 behandling
748 2292 71 24 hava
838 2292 138 24 närvarit:

336 2345 60 27 från
416 2349 108 23 första
542 2347 177 23 kammaren:
738 2345 97 24 herrar
857 2345 148 29 Westman,
1024 2349 80 25 greve
1124 2343 94 31 Spens,
1238 2342 140 31 Sundberg
1398 2341 53 24 och
1471 2341 177 29 Granström;

335 2401 61 24 från
416 2400 106 24 andra
540 2400 177 23 kammaren:
738 2398 96 24 herrar
852 2398 172 30 Magnusson
1039 2397 6 22 i
1060 2396 119 28 Kalmar,
1194 2396 142 30 Hagman,
1349 2395 173 30 Magnusson
1536 2394 7 23 i
1558 2392 117 29 Skövde,
1690 2392 105 24 Johan-

291 2452 49 17 son
361 2445 8 23 i
390 2441 191 34 Hallagården,
602 2444 62 27 Ros,
684 2443 158 23 Johansson
863 2442 7 22 i
892 2437 128 27 Sollefteå
1040 2440 53 24 och
1112 2440 157 23 Andersson
1288 2439 8 23 i
1317 2439 109 30 Rasjön.

573 2529 172 29 Stockholm,
778 2529 78 24 Isaac
886 2527 122 25 Marcus”
1039 2525 374 32 Boktryckeri-Aktiebolag,
1446 2525 75 24 1928.
