2242 2648
404 186 38 32 18
829 182 370 43 Bevillningsutskottets
1222 181 196 35 betänkande
1441 180 52 35 Nr
1516 186 52 30 30.

516 270 71 32 Nu
609 270 195 40 gällande
821 270 267 39 förordning.

507 328 71 37 Vid
620 329 265 37 avlämnandet
925 329 56 36 till
1026 329 148 49 postbe-

403 382 184 48 handling
627 382 69 36 bör
723 382 127 48 bilaga
877 395 91 22 vara
1003 381 128 49 inlagd
1159 381 13 36 i

404 433 62 37 det
494 434 372 49 tidningsexemplar,
894 434 57 36 till
978 433 115 37 vilket
1121 433 53 36 bi-

404 486 114 49 lagan
547 486 79 37 hör.

508 641 84 37 Med
642 640 105 50 varje
796 640 150 37 särskilt
991 640 186 48 tidnings-

405 694 191 48 exemplar
627 693 129 36 kunna
785 693 90 49 följa
902 693 91 36 flera
1020 692 157 48 bilagor,

406 746 97 36 dock
530 746 32 48 ej
593 759 77 23 mer
698 751 49 30 än
776 750 53 31 ett
857 744 188 50 exemplar
1064 757 46 23 av
1129 757 46 23 en

405 798 70 37 och
503 811 142 23 samma
672 797 140 48 bilaga.

508 851 27 35 3
561 863 102 23 mom.
698 848 183 50 Följande
899 848 147 49 bilagor
1061 848 116 47 skola,

405 906 68 32 när
501 901 45 37 de
582 907 91 30 utan
710 900 158 37 särskild
895 900 198 49 betalning
1120 906 57 30 ut-

406 959 89 31 över
508 952 438 50 prenumerationspriset
962 952 131 49 åtfölja
1108 951 71 37 tid-

406 1006 95 49 ning
528 1006 56 36 till
612 1005 73 36 alla
713 1005 85 36 dess
835 1004 240 47 abonnenter,
1109 1004 69 36 och

405 1057 119 37 under
551 1057 136 36 villkor
716 1062 54 31 att
798 1056 44 37 de
869 1056 64 36 vid
962 1056 215 35 avlämnan-

406 1110 63 36 det
511 1109 55 36 till
606 1108 321 50 postbehandling
967 1107 82 37 icke
1080 1107 98 36 hava

406 1167 54 31 ett
497 1162 147 46 format,
683 1174 82 23 som
794 1165 40 31 är
860 1164 173 32 avsevärt
1061 1164 116 32 större

406 1218 47 31 än
496 1213 61 37 det
598 1213 150 47 format,
790 1212 78 36 vari
901 1211 275 37 huvudnumret

407 1265 194 36 avlämnas
643 1265 57 35 till
740 1269 146 44 posten,
915 1276 109 24 anses
1053 1266 124 33 såsom

408 1318 102 36 delar
538 1330 47 23 av
613 1317 199 47 tidningen
842 1315 68 37 och
939 1314 240 50 följaktligen

406 1376 93 29 utan
527 1369 158 36 särskild
715 1368 122 49 avgift
865 1368 83 36 med
968 1372 133 45 posten
1118 1367 62 37 be-

407 1421 158 48 fordras,
598 1421 209 48 nämligen:

512 1524 34 50 a)
569 1524 208 50 planscher,
811 1523 126 37 kartor
965 1523 71 36 och
1065 1522 114 37 andra

409 1576 128 51 dylika
565 1577 159 48 bilagor,
753 1576 101 36 vilka
880 1580 137 43 utgöra
1045 1575 135 36 förkla-

408 1630 88 48 ring
524 1643 46 22 av
599 1629 87 36 eller
705 1629 107 49 eljest
832 1627 171 50 tydligen
1022 1626 158 37 hänföra

409 1682 61 48 sig
494 1682 57 35 till
574 1680 203 37 innehållet
797 1680 11 36 i
828 1680 71 36 den
919 1679 161 49 tidning,
1101 1692 79 23 som

410 1734 45 36 de
484 1733 147 49 åtfölja;
661 1737 98 32 samt

513 1784 37 49 b)
591 1785 155 47 bihang,
788 1783 100 37 vilka
929 1788 63 31 äro
1025 1783 157 48 utgivna

410 1850 47 23 av
485 1837 216 48 tidningens
733 1835 194 37 redaktion
955 1835 60 37 för
1043 1840 54 31 att
1124 1840 58 31 ut-

410 1894 94 44 göra
544 1889 135 48 tillägg
719 1888 57 36 till
817 1888 87 36 eller
936 1887 246 47 fortsättning

411 1955 46 22 av
486 1941 62 36 det
576 1941 352 47 tidningsnummer,
958 1952 82 23 som
1064 1938 44 36 de
1128 1941 54 33 åt-

411 1993 107 49 följa;
549 1992 94 37 dock
670 1992 86 37 med
784 1991 182 37 förbehåll
995 1996 55 31 att
1074 1990 108 37 dessa

409 2045 145 48 bihang
581 2045 104 36 skola
713 2057 90 23 vara
830 2043 148 50 tryckta
998 2046 20 33 å
1038 2056 142 27 samma

411 2103 57 31 ort
496 2110 81 24 som
605 2096 289 37 huvudnumret.

513 2150 26 35 4
566 2162 103 24 mom.
726 2148 17 36 I
777 2148 131 47 övriga
937 2146 64 37 fall
1029 2146 68 37 bör
1124 2146 58 37 för

411 2201 233 48 tryckalster,
672 2200 103 36 vilka
816 2205 62 31 äro
920 2198 165 37 avsedda
1126 2203 55 31 att

410 2254 116 35 vinna
563 2252 287 50 postbefordran
887 2253 123 34 såsom
1038 2250 147 48 bilagor

412 2305 57 36 till
506 2305 162 48 tidning,
706 2318 81 23 som
816 2303 94 37 skall
937 2303 86 36 med
1051 2307 133 44 posten

410 2356 199 38 försändas
624 2356 184 48 antingen
823 2356 92 36 efter
930 2354 256 47 förskrivning

411 2422 140 35 genom
583 2408 229 49 postanstalt
839 2407 89 37 eller
955 2409 48 46 på
1032 2405 44 37 de
1103 2406 82 36 vill-

1344 268 156 40 Kungl.
1523 267 143 39 Maj:ts
1682 266 177 40 förslag.

1331 328 73 37 Vid
1422 327 248 37 avlämnande
1680 327 57 35 till
1747 325 251 51 postbehand-

1226 380 80 49 ling
1334 380 94 36 skall
1456 379 137 49 bilaga,
1622 379 129 36 såvida
1778 378 82 37 icke
1887 391 112 36 gene-

1227 432 326 49 ralpoststyrelsen
1583 432 56 35 för
1667 430 152 37 särskilt
1848 430 63 36 fall
1935 443 64 23 an-

1229 484 184 36 norlunda
1450 484 236 46 bestämmer,
1715 496 90 23 vara
1831 481 130 50 inlagd
1988 482 12 35 i

1228 536 63 36 det
1319 536 371 49 tidningsexemplar,
1719 535 57 36 till
1804 534 116 36 vilket
1947 533 53 37 bi-

1227 589 114 48 lagan
1369 588 80 36 hör.

1333 639 86 37 Med
1474 640 102 48 varje
1621 638 151 37 särskilt
1817 637 184 49 tidnings-

1233 692 190 49 exemplar
1451 692 128 35 kunna
1607 691 92 48 följa
1726 691 90 35 flera
1844 689 156 49 bilagor,

1230 744 96 36 dock
1353 744 32 48 ej
1416 757 78 23 mer
1521 749 47 30 än
1596 748 53 31 ett
1677 742 190 50 exemplar
1894 755 47 23 av
1956 754 46 23 en

1229 796 71 36 och
1328 809 141 23 samma
1498 795 135 49 bilaga.

1335 848 25 36 3
1386 861 104 24 mom.
1545 846 183 50 Följande
1764 846 146 49 bilagor
1945 845 58 36 til

1232 899 150 49 tidning
1423 899 118 47 skola,
1583 912 61 23 om
1686 898 45 36 de
1773 898 130 48 åtfölja
1932 897 71 35 alla

1232 951 325 50 postabonnerade
1606 950 191 49 exemplar
1842 963 45 22 av
1933 949 70 36 tid-

1232 1003 153 49 ningen,
1424 1008 98 31 samt
1549 1002 197 49 bilagorna
1773 1001 64 37 vid
1865 1001 139 36 avläm-

1232 1055 142 36 nandet
1392 1055 57 36 till
1467 1053 323 51 postbehandling
1808 1053 82 36 icke
1908 1053 96 36 hava

1232 1111 53 32 ett
1325 1107 148 47 format,
1504 1119 81 24 som
1614 1111 40 31 är
1683 1110 174 32 avsevärt
1884 1109 120 32 större

1232 1163 48 31 än
1308 1158 62 37 det
1398 1159 148 46 format,
1566 1158 82 36 vari
1668 1157 120 49 själva
1806 1156 198 49 tidningen

1231 1210 203 47 avlämnas,
1463 1223 108 23 anses
1600 1213 125 33 såsom
1755 1209 100 36 delar
1875 1222 45 22 av
1934 1208 71 36 tid-

1231 1263 143 48 ningen
1402 1262 70 37 och
1500 1262 239 49 följaktligen
1769 1284 47 2 —
1840 1273 87 24 vare
1946 1260 59 49 sig

1233 1314 199 49 tidningen
1460 1314 217 49 expedieras
1692 1313 95 37 efter
1805 1312 201 50 postabon-

1234 1379 166 36 nemang
1441 1366 89 36 eller
1571 1369 122 33 såsom
1739 1364 189 37 korsband
1957 1386 46 3 —

1234 1418 283 50 postbefordras
1552 1424 92 30 utan
1682 1416 160 38 särskild
1871 1416 134 49 avgift,

1232 1471 210 49 nämligen:

1336 1522 35 49 a)
1399 1521 210 51 planscher,
1638 1521 128 36 kartor
1793 1520 70 37 och
1891 1519 115 37 andra

1234 1574 128 49 dylika
1389 1574 159 48 bilagor,
1576 1573 104 36 vilka
1707 1578 137 44 utgöra
1871 1572 135 36 förkla-

1233 1627 88 48 ring
1349 1640 46 23 av
1423 1626 90 37 eller
1532 1625 108 50 eljest
1658 1625 173 49 tydligen
1850 1624 157 37 hänföra

1235 1679 61 48 sig
1323 1679 57 35 till
1403 1678 203 36 innehållet
1624 1678 12 36 i
1655 1678 73 36 den
1747 1677 162 49 tidning,
1925 1690 80 23 som

1235 1730 46 37 de
1309 1730 146 49 åtfölja;
1485 1735 97 31 samt

1338 1781 38 49 b)
1405 1782 156 49 bihang,
1590 1781 100 36 vilka
1706 1787 65 30 äro
1787 1780 159 49 utgivna
1960 1794 47 23 av

1236 1834 216 49 tidningens
1479 1834 196 36 redaktion
1704 1833 58 37 för
1789 1838 55 31 att
1871 1838 137 43 utgöra

1235 1886 135 49 tillägg
1398 1886 57 36 till
1483 1886 88 36 eller
1600 1885 244 48 fortsättning
1872 1898 46 22 av
1946 1884 62 37 det

1236 1938 354 49 tidningsnummer,
1641 1951 81 23 som
1774 1937 45 37 de
1865 1936 141 49 åtfölja,

1236 1990 94 36 dock
1358 1990 83 37 med
1462 1990 182 36 förbebåll
1665 1995 53 30 att
1738 1989 108 36 dessa
1865 1988 143 49 bihang

1234 2042 105 37 skola
1366 2055 91 24 vara
1484 2042 148 49 tryckta
1651 2044 20 34 å
1691 2054 144 24 samma
1854 2046 57 31 ort
1927 2054 80 22 som

1233 2094 288 37 huvudnumret.

1312 2147 24 35 4
1355 2160 103 23 mom.
1481 2145 169 38 Särskild
1661 2144 346 51 postbefordrings-

1236 2198 121 49 avgift
1386 2199 173 48 erlägges
1587 2197 81 37 icke
1697 2197 115 36 heller
1839 2197 73 36 för:
