2206 2667
416 235 18 31 8
548 232 116 33 Andra
688 231 212 32 Kammarens
927 227 175 43 Tillfälliga
1133 225 136 34 Utskotts
1290 223 78 41 (N:o
1390 223 35 42 2)
1455 221 169 34 Utlåtande
1649 220 60 33 N:o
1733 220 51 32 37.

370 315 110 37 söker
500 310 230 49 anställning
750 312 123 35 såsom
892 305 339 54 yrkesinspektris,
1252 309 41 31 är
1314 308 54 32 att
1387 302 78 37 hon
1484 300 97 38 skall
1600 313 91 23 vara
1710 298 86 37 fullt
1814 297 147 48 kunnig

368 367 162 38 rörande
573 362 456 50 fabrikslagstiftningen.
1085 360 89 36 Men
1215 371 104 23 mera
1360 355 83 37 vikt
1475 359 47 32 än
1550 352 62 38 vid
1637 351 176 38 examina
1840 350 119 38 fäster

369 435 88 23 man
499 418 98 38 dock
637 417 101 48 därå,
781 421 54 32 att
875 415 74 37 den
991 412 167 38 sökande
1201 424 142 36 genom
1372 409 59 36 sin
1458 406 230 50 föregående
1717 403 244 39 verksamhet

369 472 161 39 kommit
557 471 12 37 i
596 469 183 49 beröring
806 468 86 37 med
921 468 46 36 de
997 464 273 47 förhållanden,
1299 462 130 37 hvilka
1457 459 108 37 skola
1593 457 224 52 sysselsätta
1837 457 124 36 henne

369 540 80 24 som
477 522 333 53 yrkesinspektris.
865 521 132 48 Några
1025 519 115 37 hafva
1168 518 102 36 förut
1298 515 99 37 varit
1426 511 187 40 anställda
1642 524 83 24 som
1753 509 203 38 sundhets-

369 577 252 52 inspektriser
650 575 70 37 och
748 574 223 49 därigenom
1000 570 150 39 erhållit
1179 584 46 23 en
1252 567 230 49 utbildning,
1504 579 80 23 som
1605 563 157 38 alldeles
1782 561 181 38 särskildt

367 633 147 49 lämpar
543 630 60 50 sig
631 629 59 37 för
710 642 47 23 en
777 624 334 53 yrkesinspektris.
1157 618 504 51 Sundhetsinspektriserna,
1681 616 150 37 hvilkas
1851 614 111 37 verk-

368 686 150 37 samhet
546 684 12 35 i
586 683 90 36 Here
706 680 207 38 afseenden
941 678 199 50 påminner
1161 690 61 23 om
1250 671 451 53 yrkesinspektrisernas,
1728 668 179 38 tillsättas
1928 666 40 38 af

368 738 47 37 de
444 734 245 39 kommunala
723 732 323 51 myndigheterna
1073 730 13 35 i
1114 742 47 23 en
1189 728 61 36 del
1279 732 120 31 större
1427 723 293 38 industricentra
1749 721 71 36 och
1848 720 115 36 hafva

367 790 59 37 till
452 788 156 51 uppgift
636 792 55 32 att
720 784 207 39 öfvervaka
955 784 45 37 de
1030 781 161 39 sanitära
1219 778 311 50 anordningarna
1548 776 12 36 i
1581 775 140 38 sådana
1741 771 223 40 verkstäder

371 843 70 37 och
469 842 165 46 butiker,
665 840 66 36 där
759 839 162 36 kvinnor
950 837 91 37 eller
1070 833 256 51 minderåriga
1353 837 64 31 äro
1443 828 200 39 anställda.

501 894 54 37 Af
584 893 74 37 den
700 896 152 32 senaste
886 888 175 39 officiella
1101 886 271 50 redogörelsen
1412 884 60 36 för
1514 882 74 37 den
1617 879 183 50 engelska
1828 878 134 50 yrkes-

371 947 290 51 ingpektionens
702 943 255 47 verksamhet,
995 955 80 23 som
1105 942 92 35 stått
1224 938 58 37 till
1309 937 207 37 utskottets
1544 932 227 51 förfogande
1802 930 163 51 (Annual

371 1005 130 47 report
529 999 42 37 of
595 999 65 36 the
689 997 113 37 Chief
827 996 197 50 Inspector
1044 993 40 37 of
1101 992 177 37 factories
1308 990 74 37 and
1402 987 225 50 workshops
1650 984 112 50 1899)
1783 984 180 48 framgår,

373 1060 54 31 att
454 1051 319 52 inspektrisernas
801 1048 245 38 verksamhet
1074 1046 47 36 då
1149 1043 233 38 fortfarande
1402 1055 69 23 var
1490 1038 195 40 anordnad
1706 1038 96 37 efter
1822 1049 143 25 samma

371 1106 204 51 principer,
617 1117 79 24 som
739 1103 46 36 då
825 1100 178 49 kvinnlig
1044 1097 219 51 inspektion
1297 1096 97 37 först
1434 1093 180 47 infördes,
1645 1092 34 36 d.
1709 1105 36 22 v.
1776 1104 27 22 s.
1836 1094 53 32 att
1918 1089 47 36 de

371 1159 83 37 icke
483 1158 96 37 hade
603 1160 120 45 några
752 1154 186 38 särskilda
967 1151 163 48 distrikt,
1160 1155 92 32 utan
1280 1151 121 34 måste
1429 1146 155 49 begifva
1612 1144 60 49 sig
1699 1142 58 38 till
1785 1142 45 37 de
1851 1146 113 42 orter,

372 1212 68 36 där
480 1210 110 37 deras
630 1206 262 52 uppträdande
935 1206 40 36 af
1012 1202 379 48 omständigheterna
1432 1197 180 38 särskildt
1652 1195 230 50 påkallades.
1947 1193 17 36 I

373 1262 180 51 England
595 1266 40 31 är
675 1257 437 53 yrkesinspektrisernas
1139 1253 245 38 verksamhet
1411 1251 85 37 icke
1523 1247 217 51 begränsad
1768 1246 58 37 till
1854 1245 110 37 verk-

373 1317 128 37 städer
542 1314 71 38 och
653 1312 152 38 butiker
847 1311 86 37 med
975 1309 134 37 enbart
1151 1306 177 48 kvinnlig
1356 1302 231 39 arbetskraft
1616 1300 92 38 eller
1734 1299 61 37 till
1823 1298 143 38 sådana

373 1368 157 46 lokaler,
573 1366 66 37 där
680 1365 147 37 arbetet
868 1363 193 48 försiggår
1101 1365 92 32 utan
1234 1372 103 24 mera
1380 1355 223 38 invecklade
1633 1347 332 59 arbetsmaskiner,

375 1425 122 34 såsom
527 1417 254 40 förhållandet
810 1421 40 32 är
877 1416 12 36 i
916 1414 222 38 Frankrike.
1185 1411 185 38 Fabriker
1389 1409 71 37 och
1479 1406 222 39 verkstäder
1722 1405 40 37 af
1779 1404 72 37 alla
1870 1403 95 48 slag,

374 1474 128 37 hvilka
544 1471 225 51 sysselsätta
811 1468 182 49 antingen
1035 1466 134 37 enbart
1202 1463 177 48 kvinnlig
1407 1459 241 48 arbetskraft,
1678 1458 92 37 eller
1797 1455 166 38 blandad

374 1525 177 49 kvinnlig
579 1524 71 37 och
678 1522 156 49 manlig,
864 1526 64 32 äro
956 1519 158 38 föremål
1141 1518 59 37 för
1227 1516 108 37 deras
1363 1513 269 51 inspektioner.
1680 1509 169 38 Särskild
1868 1522 95 36 upp-

373 1577 261 39 märksamhet
666 1581 100 44 ägna
808 1574 46 36 de
888 1577 37 33 åt
954 1573 45 36 de
1029 1572 12 36 i
1068 1569 229 38 industriellt
1326 1568 129 36 arbete
1480 1564 187 39 anställda
1695 1561 269 48 minderåriga.

375 1632 53 36 Af
452 1631 73 36 den
554 1630 104 36 förut
687 1626 228 39 omnämnda
944 1623 175 39 officiella
1149 1620 296 39 årsberättelsen
1464 1641 50 4 —
1534 1617 66 37 där
1618 1614 271 51 redogörelsen
1908 1613 60 36 för

374 1684 74 37 den
477 1681 202 49 kvinnliga
706 1677 406 53 yrkesinspektionens
1141 1673 246 38 verksamhet
1414 1672 101 36 intar
1543 1684 48 23 en
1618 1667 219 50 betydande
1867 1666 100 50 plats

375 1759 50 4 —
445 1748 124 37 synes,
591 1739 55 32 att
666 1733 46 36 de
732 1731 184 50 engelska
935 1727 437 53 yrkesinspektrisernas
1391 1723 155 51 uppgift
1566 1727 40 31 är
1621 1721 97 37 både
1735 1718 233 38 omfattande

376 1789 70 37 och
474 1785 229 51 mångsidig,
733 1785 71 36 och
833 1788 54 32 att
916 1783 111 36 döma
1056 1781 40 36 af
1121 1779 271 37 berättelserna
1421 1790 60 23 om
1509 1776 45 36 de
1575 1773 189 49 åtgärder,
1785 1785 81 23 som
1886 1770 80 37 vid-

374 1840 130 49 tagits,
534 1840 47 36 då
609 1838 64 37 det
701 1837 97 49 gällt
827 1841 55 31 att
911 1834 133 48 bringa
1072 1832 104 50 hjälp
1206 1834 38 34 åt
1271 1843 138 37 genom
1438 1829 147 36 arbetet
1612 1824 229 49 försvagade
1861 1824 106 46 barn,

375 1893 90 37 eller
494 1896 56 33 att
576 1890 180 38 förskaffa
780 1889 123 36 bättre
924 1887 163 37 sanitära
1108 1883 257 49 anordningar
1386 1885 38 33 åt
1444 1879 199 48 kvinnliga
1663 1878 182 46 arbetare,
1867 1880 102 44 ägna

375 1946 46 37 de
450 1945 60 49 sig
538 1944 86 37 med
653 1941 216 50 synnerligt
896 1940 57 36 nit
982 1938 70 37 och
1079 1937 162 37 intresse
1270 1938 38 33 åt
1337 1935 59 36 sin
1423 1932 164 51 uppgift.

504 1996 18 37 I
563 1994 294 38 Nordamerikas
898 1993 165 35 Förenta
1105 1994 119 32 stater
1258 1988 67 36 har
1353 1983 412 53 yrkeslagstiftningen
1795 1980 71 37 och
1895 1980 73 36 den

378 2049 155 38 därmed
561 2047 182 38 förenade
771 2045 271 50 inspektionen
1070 2041 202 50 påverkats
1299 2038 190 50 betydligt
1518 2037 39 37 af
1582 2036 46 36 de
1656 2035 13 37 i
1687 2033 180 50 England
1887 2032 82 36 vid-

377 2109 120 43 tagna
539 2100 239 50 åtgärderna.
835 2097 107 38 Dock
982 2097 123 35 finnes
1146 2094 116 48 ingen
1300 2092 58 37 för
1392 2090 178 48 samtliga
1599 2092 118 33 stater
1746 2097 223 38 gemensam

376 2154 249 50 lagstiftning
661 2155 49 47 på
739 2151 103 36 detta
871 2149 164 46 område,
1064 2152 93 31 utan
1184 2145 132 49 hvarje
1346 2149 75 31 stat
1451 2142 138 37 ordnar
1616 2141 12 35 i
1656 2139 105 36 detta
1790 2136 180 38 afseende

376 2206 288 39 förhållandena
693 2204 97 37 efter
818 2203 67 36 där
913 2200 167 38 rådande
1110 2198 258 48 åskådningar
1396 2195 71 37 och
1494 2193 125 38 behof.
1658 2189 223 40 Emellertid
1903 2189 67 36 har

376 2274 88 23 man
506 2257 179 39 öfverallt
724 2257 12 36 i
770 2256 46 37 de
845 2253 267 39 amerikanska
1141 2256 130 43 stater,
1302 2250 67 36 där
1397 2244 385 54 yrkesinspektionen
1810 2245 84 34 nått
1924 2255 46 22 en

376 2313 119 49 högre
523 2309 235 49 utveckling,
789 2311 125 34 såsom
942 2306 11 36 i
982 2305 308 46 Massachusetts,
1320 2300 230 47 New-York,
1573 2295 306 52 Pennsylvanien
1902 2294 69 36 och
