1896 2784
468 156 118 30 Andra
606 156 247 39 lagutskottets
873 157 179 31 utlåtande
1071 167 42 20 nr
1133 158 39 29 18
1190 158 40 29 år
1250 158 83 29 1966
1628 157 14 28 1

828 421 63 40 Nr
916 422 57 40 18

357 532 183 29 Utlåtande
568 532 11 29 i
603 532 191 39 anledning
820 542 44 20 av
890 532 102 30 väckt
1019 532 132 30 motion
1179 519 178 52 angående
1385 531 259 40 abortförebyg-

550 594 111 39 gande
677 594 233 30 verksamhet.

200 700 12 29 I
229 710 43 20 en
288 700 98 30 inom
401 701 111 30 andra
527 701 207 30 kammaren
750 701 114 34 väckt,
881 702 52 29 till
951 701 193 40 lagutskott
1161 701 171 30 hänvisad
1349 701 144 34 motion,
1511 710 43 20 nr
1571 700 72 34 714,

153 753 117 30 vilken
293 753 207 31 behandlats
524 763 43 21 av
589 754 111 30 andra
722 754 239 39 lagutskottet,
985 755 66 29 har
1073 755 80 29 herr
1178 754 132 30 Ullsten
1335 763 44 20 m.
1393 753 38 41 fl.
1455 753 188 34 hemställt,

157 808 71 28 »att
250 807 188 40 riksdagen
461 808 11 29 i
496 807 166 30 skrivelse
686 808 53 29 till
764 808 125 39 Kungl.
913 808 106 39 Maj:t
1043 807 108 31 måtte
1175 807 142 31 anhålla
1340 816 58 21 om
1422 807 132 30 sådana
1577 807 68 29 till-

154 860 248 40 läggsdirektiv
419 861 53 29 till
489 860 66 30 den
572 861 177 39 pågående
767 861 333 39 abortutredningen
1118 862 51 29 att
1186 861 114 30 denna
1318 860 56 30 får
1390 861 11 29 i
1419 860 157 40 uppdrag
1593 862 51 27 att

154 914 201 30 undersöka
370 914 271 40 möjligheterna
657 916 50 28 att
725 914 81 30 med
822 914 220 40 lagstiftning
1059 915 134 39 reglera
1209 914 308 40 myndigheternas
1535 913 110 30 hand-

154 967 236 40 läggningstid
417 976 43 21 av
485 967 342 39 abortansökningar
852 968 65 29 och
943 967 241 40 landstingens
1213 967 197 40 skyldighet
1437 968 50 28 att
1514 967 130 29 inrätta

155 1019 350 41 rådgivningsbyråer
520 1020 55 30 för
590 1020 358 40 abortförebyggande
963 1020 256 30 verksamhet».

198 1100 227 30 Beträffande
447 1100 41 30 de
510 1100 76 30 skäl
607 1100 261 31 motionärerna
890 1100 119 30 anfört
1029 1100 52 30 till
1105 1100 78 30 stöd
1204 1100 55 29 för
1282 1100 54 30 sin
1357 1100 210 30 hemställan
1589 1099 55 30 får

155 1153 180 35 utskottet,
362 1153 5 30 i
385 1153 68 30 den
471 1153 83 30 mån
573 1153 218 40 redogörelse
811 1153 120 30 därför
949 1154 77 29 ieke
1046 1154 136 29 lämnas
1202 1154 11 29 i
1233 1153 58 30 det
1311 1152 166 40 följande,
1498 1153 146 29 hänvisa

154 1207 51 30 till
225 1207 189 30 motionen.

630 1339 163 32 Gällande
808 1340 247 31 bestämmelser
1071 1351 45 19 m.
1124 1351 46 19 m.

198 1420 354 39 Förutsättningarna
576 1420 55 40 för
655 1421 89 39 legal
766 1421 100 29 abort
890 1421 140 39 angives
1054 1421 10 29 i
1091 1421 14 29 1
1134 1421 16 36 $
1176 1421 101 38 lagen
1300 1420 67 30 den
1393 1420 38 29 17
1455 1420 79 39 juni
1561 1419 82 30 1938

154 1482 57 21 om
231 1473 214 39 avbrytande
464 1483 43 20 av
526 1473 251 40 havandeskap
802 1473 250 40 (abortlagen).
1074 1474 115 39 Lagen
1210 1475 171 38 upptager
1400 1473 11 30 i
1432 1473 54 30 sin
1506 1482 48 20 nu
1575 1473 69 40 gäl-

154 1526 102 30 lande
275 1526 129 40 lydelse
423 1526 71 31 fem
513 1526 348 31 abortindikationer.
881 1526 256 40 Havandeskap
1156 1526 59 30 må
1234 1526 147 30 sålunda
1399 1526 108 39 enligt
1528 1526 15 29 1
1566 1525 16 37 $
1604 1525 35 35 1)

155 1579 163 40 avbrytas
344 1580 63 29 när
431 1580 47 39 på
502 1580 113 39 grund
640 1589 43 20 av
708 1580 178 39 sjukdom,
913 1579 180 40 kroppsfel
1119 1579 84 31 eller
1229 1580 143 39 svaghet
1397 1580 66 29 hos
1487 1579 156 29 kvinnan

155 1633 141 29 barnets
321 1633 173 30 tillkomst
518 1633 114 30 skulle
656 1633 161 30 medföra
841 1633 159 39 allvarlig
1025 1632 78 31 fara
1127 1632 56 30 för
1207 1633 132 30 hennes
1364 1632 49 30 liv
1436 1632 85 30 eller
1544 1632 100 30 hälsa

159 1686 214 34 (medicinsk
396 1686 229 34 indikation).
650 1687 117 39 Enligt
794 1687 14 29 1
838 1687 15 36 8
880 1686 37 34 2)
944 1686 130 30 tillåtes
1098 1686 357 39 abortframkallning
1477 1686 63 30 när
1564 1685 80 30 med

155 1739 140 39 hänsyn
321 1739 53 30 till
402 1739 174 30 kvinnans
605 1739 393 30 levnadsförhållanden
1026 1740 64 29 och
1119 1739 347 39 omständigheterna
1493 1739 11 29 i
1532 1738 112 39 övrigt

154 1792 71 29 kan
248 1794 156 38 antagas,
428 1794 52 29 att
503 1793 132 29 hennes
660 1792 202 40 kroppsliga
886 1793 83 29 eller
993 1792 159 39 själsliga
1175 1792 135 30 krafter
1334 1792 113 30 skulle
1471 1791 172 39 allvarligt

154 1845 179 30 nedsättas
355 1853 124 31 genom
499 1845 143 30 barnets
662 1846 173 29 tillkomst
857 1846 65 29 och
942 1845 130 30 vården
1095 1854 59 21 om
1173 1845 123 30 barnet
1323 1844 320 34 (socialmedieinsk

154 1898 230 33 indikation).
401 1898 126 30 Vidare
544 1900 169 38 upptages
731 1898 116 30 såsom
864 1898 118 39 giltiga
999 1898 154 39 grunder
1168 1897 56 30 för
1239 1898 248 38 abortingrepp
1502 1898 11 29 i
1533 1898 14 28 1
1568 1896 15 37 8
1602 1896 37 34 3)

154 1953 51 28 att
226 1951 158 30 kvinnan
404 1951 146 29 hävdats
572 1959 124 31 genom
716 1951 159 30 våldtäkt
897 1951 83 29 eller
1001 1950 99 30 blivit
1121 1950 159 30 havande
1303 1950 51 30 till
1377 1950 90 39 följd
1489 1959 43 21 av
1551 1950 93 29 vissa

155 2004 111 29 andra
287 2004 182 39 brottsliga
492 2004 188 39 gärningar
707 2004 221 34 (humanitär
951 2003 214 34 indikation)
1194 2005 91 28 samt
1306 2003 12 30 i
1344 2003 14 30 1
1386 2003 16 37 $
1426 2002 38 35 4)
1491 2005 51 28 att
1564 2002 80 30 med

155 2057 76 30 skäl
253 2057 70 30 kan
344 2059 155 37 antagas,
521 2059 50 28 att
592 2057 156 30 kvinnan
770 2057 83 30 eller
874 2057 57 30 det
951 2057 150 30 väntade
1122 2057 141 30 barnets
1285 2056 99 30 fader
1405 2064 123 31 genom
1550 2065 94 21 arvs-

154 2110 102 39 anlag
279 2110 158 30 kommer
458 2112 50 28 att
530 2110 45 39 på
596 2110 243 39 avkomlingar
860 2109 161 30 överföra
1042 2110 290 38 sinnessjukdom
1353 2109 84 30 eller
1458 2109 186 30 sinnesslö-

155 2163 58 31 het
238 2163 84 30 eller
346 2163 66 30 ock
435 2163 182 30 svårartad
642 2162 168 40 sjukdom
835 2163 83 29 eller
942 2163 95 29 svårt
1061 2162 69 39 lyte
1156 2172 42 20 av
1223 2164 109 28 annat
1357 2162 74 39 slag
1460 2161 184 39 (eugenisk

155 2215 229 34 indikation).
404 2215 167 39 Slutligen
590 2215 59 30 må
665 2215 251 39 havandeskap
934 2215 107 39 enligt
1061 2215 14 29 1
1098 2215 16 36 $
1134 2215 37 33 5)
1195 2215 173 39 avbrytas,
1388 2215 64 29 när
1469 2214 79 30 med
1567 2214 76 30 skäl

156 2268 68 30 kan
246 2270 145 37 antagas
414 2270 50 28 att
485 2268 58 29 det
562 2268 150 29 väntade
734 2268 122 29 barnet
877 2267 46 40 på
943 2267 114 39 grund
1078 2276 43 21 av
1143 2267 109 30 skada
1274 2267 110 29 under
1408 2266 235 30 fosterstadiet

156 2321 159 29 kommer
329 2323 50 28 att
393 2321 70 30 lida
477 2329 43 20 av
531 2320 184 30 svårartad
730 2320 167 39 sjukdom
911 2320 83 30 eller
1009 2319 94 31 svårt
1118 2320 79 39 lyte.

200 2373 116 39 Enligt
333 2373 110 30 andra
459 2373 135 39 stycket
610 2373 10 29 i
639 2373 14 29 1
675 2372 15 37 $
710 2373 54 29 får
781 2372 213 39 avbrytande
1011 2381 42 20 av
1069 2372 249 39 havandeskap
1335 2372 45 39 på
1397 2381 116 20 annan
1531 2372 113 39 grund

155 2428 44 28 än
222 2426 169 39 sjukdom
410 2426 82 29 eller
513 2425 180 40 kroppsfel
715 2426 64 29 hos
802 2425 155 29 kvinnan
978 2425 32 39 ej
1035 2424 174 39 företagas
1232 2424 89 30 efter
1341 2424 303 39 havandeskapets

163 2489 12 28 1
196 2506 44 4 —
258 2488 134 39 Bihang
412 2488 51 29 till
480 2487 205 39 riksdagens
705 2487 176 39 protokoll
902 2487 92 29 1966.
1013 2487 20 29 9
1052 2487 99 29 saml.
1171 2487 19 28 2
1209 2486 76 30 avd.
1304 2487 49 28 Nr
1374 2487 38 29 18
