1904 2832
481 173 380 31 Jordbruksutskottets
887 173 175 31 utlåtande
1087 174 49 30 Nr
1168 175 49 30 29.
1590 170 17 31 7

456 258 27 29 1.
509 257 49 30 till
592 256 229 31 Jordbrukets
853 257 249 31 kreditkassor:
1134 258 161 30 Revision
1326 267 42 21 av
1401 258 202 37 jordbruks-

408 307 254 31 kasserörelsen
682 317 46 21 m.
749 317 45 21 m.
815 311 48 28 ett
883 309 120 37 anslag
1022 318 42 20 av
1087 309 120 35 53,000
1227 309 142 36 kronor;

453 359 30 29 2.
508 358 51 30 till
594 358 230 31 Jordbrukets
862 359 251 30 kreditkassor:
1151 359 367 37 Förvaltningsbidrag
1553 360 52 31 till

408 408 443 37 jordbrukskasserörelsen
872 412 47 28 ett
940 409 270 38 förslagsanslag
1229 419 43 21 av
1294 410 142 36 215,000
1460 411 142 36 kronor;

452 510 39 30 B.
521 513 49 28 att
599 510 177 31 motionen
808 510 43 31 II:
871 511 70 35 255,
973 511 10 30 i
1015 511 65 30 vad
1112 511 204 31 densamma
1347 511 178 32 hänvisats
1555 512 51 31 till

405 561 366 36 jordbruksutskottet,
797 561 77 32 icke
899 561 57 31 må
982 562 180 31 föranleda
1189 561 114 38 någon
1329 562 202 37 riksdagens
1555 562 48 32 åt-

407 612 94 36 gärd.

141 712 202 30 Stockholm
366 713 66 29 den
455 713 19 30 6
497 722 93 21 mars
615 713 93 30 1942.

542 812 47 32 På
612 812 375 37 jordbruksutskottets
1011 815 143 36 vägnar:

682 915 35 29 L.
748 910 269 36 TJÄLLGREN.

128 1213 53 25 Vid
206 1214 76 24 detta
304 1214 121 24 ärendes
450 1213 231 33 slutbehandling
705 1214 74 24 hava
803 1214 137 36 närvarit:

128 1271 66 26 från
238 1272 137 26 första
420 1273 179 25 kammaren:
634 1273 100 25 herrar
771 1273 151 32 Tjällgren,
958 1273 63 25 Carl
1055 1273 148 31 Eriksson,
1240 1274 133 30 Granath,
1410 1274 189 31 Gabrielsson,

92 1314 91 26 Jacob
210 1315 144 30 Hansson,
381 1314 61 26 Nils
471 1315 111 29 Olsson,
609 1315 155 25 Bondeson
793 1316 54 25 och
876 1315 124 31 Gottfrid
1027 1316 139 25 Karlsson
1195 1319 74 22 samt

127 1373 65 26 från
230 1375 126 25 andra
393 1375 179 25 kammaren:
601 1375 100 25 herrar
728 1375 164 25 Andersson
921 1376 8 24 i
956 1375 162 32 Tungelsta,
1146 1375 136 25 Ericsson
1311 1376 8 24 i
1348 1375 128 33 Sörsjön,
1503 1376 97 31 Mäler,

93 1416 164 32 Carlström,
279 1416 161 31 Lundbom,
463 1418 110 25 Janson
595 1418 7 24 i
626 1417 166 29 Frändesta,
815 1417 164 25 Pettersson
1002 1418 7 24 i
1032 1416 87 27 Rosta
1145 1418 54 25 och
1222 1417 154 26 Jacobson.
