2192 2622
386 201 39 31 10
847 200 234 41 Lagulskottets
1109 199 168 32 Utlåtande
1301 200 62 31 N:o
1385 201 52 31 27.

342 278 156 36 ärendet
526 278 12 35 i
566 278 72 36 den
666 277 111 37 delen
805 281 115 33 måtte
948 278 253 36 öfverlämnas
1229 278 58 35 till
1314 278 234 36 sistnämnda
1576 278 271 49 departement,
1868 279 71 36 och

341 330 81 36 blef
446 330 123 36 denna
597 329 225 36 hemställan
851 329 40 36 af
915 329 142 49 Kungl.
1086 329 107 49 Maj:t
1220 329 165 37 bifallen.
1441 330 302 36 Vidkommande
1770 330 169 36 däremot

342 382 72 36 den
454 381 190 36 lukrativa
676 385 337 44 patronatsrätten,
1043 384 120 45 ansåg
1190 381 427 49 departementschefen,
1647 387 55 30 att
1729 395 88 22 man
1844 382 12 35 i
1885 382 53 35 af-

342 433 136 36 seende
511 433 89 36 därå
633 432 97 37 hade
759 437 56 31 att
842 437 94 44 göra
963 433 86 36 med
1076 432 321 49 hufvudsakligen
1424 433 303 48 privaträttsliga
1755 433 182 48 befogen-

342 484 118 47 heter,
489 484 149 36 hvilkas
666 484 248 49 upphörande
932 498 88 22 man
1040 484 225 48 visserligen
1285 484 113 37 äfven
1417 485 116 36 borde
1552 484 92 36 söka
1664 485 272 48 åvägabringa,

342 547 86 25 men
456 536 97 36 dock
581 536 12 35 i
621 549 127 23 annan
777 535 175 49 ordning,
981 541 49 30 än
1058 548 79 24 som
1165 536 218 48 föreslagits
1410 536 85 36 med
1523 536 150 49 hänsyn
1696 536 57 36 till
1768 536 169 36 kallelse-

343 592 135 32 rätten.
534 587 18 36 I
593 587 160 37 afbidan
793 590 48 46 på
883 587 72 36 den
996 587 129 36 vidare
1162 587 281 48 behandlingen
1472 588 41 35 af
1536 588 286 48 hufvudfrågan
1850 587 88 37 eller

343 639 135 48 frågan
507 652 59 23 om
596 639 301 36 kallelserättens
924 639 281 49 upphäfvande,
1234 639 168 49 föreslog
1430 639 415 48 departementschefen
1873 639 63 37 be-

342 690 186 36 träffande
568 690 72 37 den
681 703 133 24 senare
855 690 107 37 delen
1004 690 41 36 af
1082 690 135 48 frågan
1253 691 157 36 allenast
1438 691 231 47 vidtagande
1698 691 41 36 af
1763 691 175 48 åtgärd
1919 686 23 57 i

343 742 110 48 syfte,
497 747 55 30 att
593 742 246 36 innehafvare
880 742 40 36 af
943 742 166 36 lukrativ
1136 746 276 44 patronatsrätt
1439 743 60 35 för
1526 742 203 36 framtiden
1757 745 117 33 måtte
1901 742 35 36 få

343 794 61 47 sig
431 793 113 48 ålagd
572 793 97 48 årlig
696 793 259 48 redovisning.
1012 793 15 36 I
1057 794 391 36 öfverensstämmelse
1476 793 153 36 härmed
1658 793 115 36 hafva
1801 807 137 35 genom

342 845 130 48 kungl.
516 844 164 37 cirkulär
720 845 58 36 till
819 845 237 48 Konungens
1096 845 422 48 befallningshafvande
1559 857 142 23 samma
1738 845 77 48 dag
1842 845 96 36 före-

343 896 154 36 skrifter
537 896 207 37 meddelats
785 896 161 36 rörande
978 896 220 49 skyldighet
1225 897 61 35 för
1313 897 245 37 innehafvare
1588 896 40 36 af
1652 901 285 44 patronatsrätt,

343 948 180 36 hvarmed
563 952 76 32 rätt
680 948 56 36 till
778 948 236 48 förvaltning
1056 948 40 35 af
1119 948 141 48 kyrkas
1289 949 88 36 eller
1404 948 300 49 prästerskapets
1732 948 208 36 inkomster

343 999 88 36 eller
472 999 179 48 ägodelar
691 1004 42 31 är
775 999 168 47 förenad,
985 1004 56 31 att
1081 1000 145 47 årligen
1268 1000 85 36 från
1385 1001 69 36 och
1483 999 81 36 med
1595 1002 41 32 år
1667 1000 96 35 1903
1794 999 142 48 afgifva

343 1050 248 48 redovisning
618 1051 58 35 för
704 1051 124 36 denna
856 1050 59 36 sin
942 1050 246 48 förvaltning.

471 1154 154 48 Frågan
653 1166 60 23 om
742 1152 247 50 upphörande
1018 1152 41 36 af
1082 1157 324 44 patronatsrätten
1433 1157 42 31 är
1504 1153 106 35 alltså
1637 1152 11 36 1
1668 1153 84 36 hela
1772 1153 59 35 sin
1850 1153 88 35 vidd

344 1206 156 36 föremål
532 1205 59 36 för
618 1205 143 48 Kungl.
792 1205 125 48 Maj:ts
944 1204 245 48 behandling.
1244 1204 288 36 Förberedande
1561 1204 178 48 åtgärder
1766 1204 12 35 i
1806 1204 134 36 sådant

344 1257 100 49 syfte
485 1257 115 36 hafva
641 1257 116 35 redan
799 1256 125 36 blifvit
966 1256 41 36 af
1044 1255 142 49 Kungl.
1230 1255 108 49 Maj:t
1370 1255 195 48 vidtagna,
1595 1256 70 36 och
1693 1256 245 48 lagförslag
1918 1251 23 59 i

344 1313 126 32 ämnet
498 1308 107 36 torde
632 1321 91 23 vara
754 1312 55 31 att
837 1312 141 32 emotse
1006 1307 102 36 inom
1137 1320 46 23 en
1211 1307 83 36 icke
1323 1307 167 48 aflägsen
1518 1307 164 36 framtid.

472 1359 75 37 Vid
588 1359 135 36 sådant
764 1359 234 36 förhållande
1026 1359 96 36 lärer
1149 1358 221 48 Riksdagen
1397 1359 82 35 icke
1506 1358 115 36 hafva
1649 1359 208 48 anledning
1885 1364 54 30 att

343 1412 11 35 i
395 1411 165 36 nämnda
600 1411 111 48 fråga
751 1424 52 22 nu
844 1416 92 42 göra
977 1413 129 45 någon
1138 1409 282 49 framställning
1447 1410 68 36 hos
1544 1410 141 48 Kungl.
1715 1410 123 48 Maj:t;
1869 1410 70 36 och

344 1463 57 36 får
428 1463 186 36 utskottet
642 1463 129 35 därför
799 1462 209 47 hemställa,

871 1570 55 31 att
953 1565 249 37 förevarande
1228 1566 145 36 motion
1400 1565 82 37 icke
1510 1568 60 34 må
1598 1565 56 36 till
1682 1568 130 45 någon
1830 1565 108 35 Riks-

742 1617 145 48 dagens
916 1617 135 49 åtgärd
1079 1617 204 36 föranleda.

472 1719 219 38 Stockholm
720 1720 73 37 den
823 1723 46 34 23
898 1720 166 37 februari
1094 1722 108 34 1903.

872 1824 50 36 På
950 1823 272 48 lagutskottets
1251 1827 160 44 vägnar:

869 1926 131 37 CARL
1028 1927 42 35 B.
1100 1925 309 38 HASSELRBOT.

470 2132 100 37 Herr
610 2134 139 36 Leman
790 2132 68 37 har
898 2133 137 48 begärt
1076 2133 37 36 få
1155 2132 241 48 anutecknadt,
1439 2137 54 31 att
1526 2133 74 36 han
1628 2133 82 37 icke
1739 2132 197 49 deltagit
1919 2128 19 58 i

343 2184 174 37 ärendets
545 2184 236 49 behandling
808 2185 101 36 inom
937 2185 195 36 utskottet.

587 2304 221 31 STOCKHOLM,
828 2305 100 24 ISAAC
948 2304 146 25 MARCUS
1115 2304 491 31 BOKTRYCKERI-AKTIEBOLAG,
1629 2305 74 25 1903.
