2201 2680
445 214 17 30 8
828 212 359 41 Bevillningsutskottets
1211 213 209 32 Betänkande
1447 213 67 32 N:o
1538 216 28 27 1.

402 294 129 37 landet
572 296 173 48 uppstått
787 293 300 50 svinslagterier,
1119 294 77 37 ofta
1226 294 83 37 med
1339 294 149 50 ganska
1517 293 320 38 vidtomfattande
1866 294 131 36 affärs-

403 346 258 38 verksamhet.
704 347 123 37 Dessa
847 346 202 51 slagterier
1071 346 121 38 skulle
1212 359 140 37 genom
1374 346 255 37 afskaffandet
1651 346 39 37 af
1706 345 291 51 ifrågavarande

401 400 69 36 tull
500 405 164 32 utsättas
692 399 59 38 för
780 400 224 49 synnerliga
1034 399 252 49 svårigheter.

531 452 74 37 Vid
646 452 109 38 sidan
798 453 40 36 af
875 452 112 37 dessa
1025 452 83 37 skäl
1136 452 58 37 för
1224 451 288 38 bibehållandet
1541 452 41 36 af
1605 452 70 36 tull
1704 454 21 34 å
1753 451 97 36 fläsk
1880 464 116 37 synes

401 506 31 49 ej
465 505 66 37 allt
558 505 59 37 för
647 511 78 31 stor
753 505 83 50 vigt
866 505 91 37 böra
986 505 182 37 tillmätas
1199 505 100 37 hvad
1321 518 79 24 som
1424 504 151 37 anföres
1596 504 57 37 till
1673 505 84 36 stöd
1779 504 58 37 för
1856 504 141 49 yrkan-

402 559 65 36 det
508 572 60 23 om
604 558 294 49 ifrågavarande
928 558 89 36 tulls
1048 558 266 48 borttagande.
1372 556 190 38 MBSärskildt
1591 557 74 37 kan
1695 557 189 37 utskottet
1912 557 84 37 icke

400 612 206 36 instämma
634 611 10 36 i
674 612 237 49 påståendet,
941 616 53 32 att
1025 611 63 37 det
1117 610 267 37 amerikanska
1414 610 138 36 fläsket
1581 610 123 36 skulle
1724 609 12 37 i
1757 610 122 48 högre
1898 610 97 49 grad

402 669 46 32 än
478 664 66 37 det
572 664 167 37 svenska
767 665 125 48 lämpa
921 664 60 49 sig
1011 667 123 33 såsom
1164 664 202 36 födoämne
1395 663 57 36 för
1482 662 357 50 kroppsarbetarne.

530 716 198 37 Utskottet
769 717 68 34 har
878 716 63 47 sig
975 716 191 47 nemligen
1196 716 156 46 bekant,
1382 722 55 29 att
1465 715 453 46 arbetarebefolkningen
1949 717 48 45 på

402 767 196 50 åtskilliga
627 773 112 43 orter,
770 767 105 38 såväl
896 768 101 37 inom
1021 766 159 50 Sverige
1196 780 80 24 som
1293 766 231 48 utomlands,
1542 766 87 37 vida
1645 766 222 49 föredrager
1882 765 114 37 fläsk-

401 826 122 32 sorter
552 821 84 36 med
667 821 145 36 mindre
841 821 117 49 späck
988 820 156 37 framför
1168 820 64 37 det
1249 820 269 36 amerikanska
1533 819 150 37 fläsket.
1727 819 68 36 Att
1811 818 184 37 särskildt

401 873 45 37 de
476 873 248 37 norrländska
757 873 321 48 skogsarbetarne
1108 873 166 36 härifrån
1304 872 101 36 bilda
1436 877 53 31 ett
1517 872 209 48 undantag,
1757 871 108 36 torde
1893 884 103 23 mera

402 926 88 37 bero
534 926 41 36 af
603 939 144 23 vanans
776 931 106 43 magt
910 930 47 32 än
987 925 41 37 af
1051 929 120 45 något
1201 924 168 48 verkligt
1397 924 125 36 behof.
1578 924 17 36 I
1625 937 145 23 samma
1799 926 85 33 mån
1915 936 80 23 som

401 982 89 33 våra
520 978 291 49 svinslagterier
841 982 47 33 nå
917 978 99 37 ökad
1047 977 223 50 utveckling
1299 977 70 36 och
1400 977 66 35 allt
1499 989 102 24 mera
1622 976 167 49 anlägga
1810 976 58 36 sin
1889 975 108 37 verk-

402 1031 149 37 samhet
580 1033 47 48 på
656 1036 145 44 export,
832 1031 173 36 kommer
1034 1030 193 36 dessutom
1258 1030 93 36 efter
1381 1029 49 36 all
1451 1029 254 48 sannolikhet,
1728 1033 55 31 att
1803 1028 62 36 vid
1887 1027 110 37 sidan

403 1084 40 36 af
482 1083 63 37 det
578 1084 123 36 bättre
729 1083 148 47 fläsket,
908 1083 220 47 skinkorna,
1160 1082 146 36 hvilket
1335 1087 235 43 exporteras,
1601 1081 66 36 allt
1696 1086 122 31 större
1849 1080 148 49 qvanti-

402 1142 98 31 teter
541 1141 56 31 att
639 1135 162 37 erhållas
844 1135 41 37 af
920 1142 56 30 ett
1018 1135 170 47 sidfläsk,
1218 1148 81 23 som
1330 1133 87 37 med
1447 1133 180 37 afseende
1657 1136 46 46 på
1734 1132 264 37 beskaffenhet

403 1189 106 35 torde
553 1188 153 36 komma
740 1193 55 31 att
829 1191 58 33 stå
916 1188 65 35 det
1010 1187 267 37 amerikanska
1306 1186 138 37 fläsket
1472 1186 150 47 ganska
1651 1190 92 31 nära
1772 1185 67 36 och
1872 1184 124 37 dertill

401 1241 172 36 kommer
602 1245 56 31 att
687 1240 113 49 säljas
830 1239 174 49 billigare
1030 1245 47 30 än
1107 1239 117 48 detta,
1259 1252 80 22 som
1369 1238 115 36 redan
1513 1251 48 22 nu
1583 1237 77 37 ofta
1682 1237 173 49 betingat
1875 1237 122 47 högre

401 1293 78 49 pris
508 1297 47 32 än
584 1293 63 35 det
676 1292 165 36 svenska
869 1292 169 36 fläsket.»

530 1344 201 38 Utskottet
767 1345 122 36 finner
927 1344 78 36 från
1046 1345 45 35 de
1129 1344 10 36 i
1178 1346 38 34 år
1254 1342 282 37 framträdande
1575 1341 301 37 motionärernas
1916 1340 81 37 sida

400 1397 90 49 inga
520 1409 76 37 nya
624 1396 80 37 skäl
736 1409 90 24 vara
855 1396 169 48 anförda,
1043 1409 79 23 som
1153 1395 123 37 skulle
1305 1395 130 35 kunna
1464 1394 196 36 föranleda
1691 1393 163 49 ändring
1882 1393 10 35 1
1924 1393 71 35 den

402 1449 40 36 af
466 1449 189 37 utskottet
684 1448 64 36 vid
779 1451 97 38 1890
907 1452 59 33 års
992 1448 157 49 riksdag
1178 1447 154 36 sålunda
1365 1446 168 37 uttalade
1563 1446 261 49 uppfattning.

531 1501 110 37 Hvad
681 1501 180 37 särskildt
900 1501 176 36 beträffar
1110 1499 225 51 påståendet
1365 1504 54 31 att
1450 1501 64 33 vår
1543 1499 188 36 svinafvel
1760 1498 83 36 icke
1873 1497 124 36 skulle

401 1554 165 36 behöfva
604 1554 63 36 det
705 1553 136 49 skydd,
880 1567 78 22 som
998 1567 138 34 genom
1168 1552 118 36 tullen
1316 1552 145 36 lemnas
1491 1551 233 47 densamma,
1754 1550 107 37 torde
1891 1550 105 36 detta

401 1605 209 50 ingalunda
640 1618 89 23 vara
758 1605 148 49 rigtigt.
962 1605 74 37 För
1065 1606 71 35 den
1168 1605 41 35 af
1232 1607 88 33 våra
1352 1603 145 36 mindre
1521 1602 253 49 jordbrukare
1796 1605 124 33 såsom
1942 1601 55 36 bi-

401 1658 138 49 näring
567 1657 125 37 drifna
721 1657 380 49 svinuppfödningen
1132 1657 84 36 med
1246 1657 87 35 dess
1362 1655 230 50 produktion
1625 1655 41 36 af
1689 1655 147 36 mindre
1863 1654 134 36 värde-

401 1710 84 36 fullt
523 1710 96 36 fläsk
658 1715 40 31 är
736 1713 117 46 något
891 1710 195 49 tullskydd
1127 1715 75 31 mot
1238 1709 64 36 det
1332 1707 267 36 amerikanska
1628 1707 137 36 fläsket
1794 1706 203 49 tydligtvis

401 1763 84 36 icke
524 1762 255 49 öfverflödigt.
837 1762 85 36 Men
958 1762 112 36 äfven
1100 1762 56 35 för
1185 1762 64 36 det
1272 1760 200 49 jordbruk,
1503 1773 93 34 som,
1628 1758 115 38 oftast
1777 1759 5 36 i
1812 1758 186 38 samband

402 1814 86 36 med
526 1814 290 49 mejerirörelse,
854 1814 142 36 drifver
1034 1813 189 37 svinafvel
1252 1814 10 34 i
1293 1819 79 29 stor
1401 1812 120 46 skala,
1552 1816 40 31 är
1622 1817 55 30 ett
1706 1812 136 35 sådant
1871 1810 126 49 skydd

401 1866 121 37 under
552 1866 102 36 vissa
683 1866 279 48 konjunkturer
991 1866 41 36 af
1057 1872 96 30 stort
1181 1878 117 35 gagn.
1354 1863 305 37 Fläskutförseln
1688 1863 88 36 sker
1804 1863 10 36 1
1840 1862 157 36 allmän-

400 1919 67 35 het
495 1918 58 36 till
581 1917 191 49 England,
805 1932 84 22 men
921 1918 64 36 det
1013 1918 171 36 inträffar
1212 1916 130 37 ibland
1372 1922 55 30 att
1455 1916 118 48 priset
1604 1915 56 36 för
1680 1916 98 36 fläsk
1799 1915 198 36 derstädes

401 1975 40 31 är
469 1974 41 32 så
539 1970 91 49 lågt,
662 1976 55 30 att
745 1970 63 36 det
838 1971 83 35 med
952 1970 73 36 den
1054 1970 166 36 svenska
1242 1973 248 44 exportörens
1511 1967 122 37 fördel
1654 1973 39 31 är
1714 1968 85 36 bäst
1815 1967 182 47 förenligt

401 2028 55 31 att
493 2022 57 36 för
587 2026 127 44 någon
750 2022 53 37 tid
834 2022 154 49 afbryta
1017 2028 196 43 exporten.
1270 2020 132 38 Under
1431 2019 72 36 den
1534 2019 67 47 tid,
1632 2033 79 23 som
1742 2019 187 37 utförseln
1961 2018 41 36 af

400 2074 96 37 fläsk
535 2074 158 37 sålunda
732 2074 197 37 afstannar
966 2075 71 36 och
1075 2078 127 44 någon
1242 2071 288 48 svinslagtning
1560 2072 55 36 för
1644 2077 136 43 export
1808 2071 84 37 icke
1922 2071 75 35 kan

401 2140 72 35 ega
502 2140 94 34 rum,
626 2129 128 47 uppnå
783 2126 135 37 svinen
948 2139 47 24 en
1024 2127 104 36 ålder
1157 2126 40 36 af
1221 2125 107 36 öfver
1357 2127 76 33 åtta
1455 2124 179 36 månader
1655 2125 70 35 och
1745 2123 137 37 fläsket
1902 2122 95 37 efter

400 2180 84 35 dem
516 2179 75 36 kan
620 2179 118 36 sedan
768 2179 82 36 icke
880 2179 86 36 med
995 2178 119 37 fördel
1144 2184 234 44 exporteras.
1434 2176 73 35 Det
1537 2180 40 32 är
1606 2176 46 36 då
1681 2176 238 47 nödvändigt
1940 2175 57 35 för

400 2232 159 35 idkaren
602 2232 41 35 af
680 2231 189 36 svinafvel
912 2237 55 30 att
1008 2234 48 46 på
1097 2231 72 36 den
1199 2229 200 37 inhemska
1431 2228 233 36 marknaden
1695 2229 130 36 kunna
1855 2228 141 47 afyttra

401 2284 134 35 svinen
579 2283 56 36 till
679 2289 55 31 ett
776 2283 89 49 pris,
900 2297 80 23 som
1011 2283 179 37 betäcker
1219 2283 95 37 hans
1345 2280 288 47 omkostnader;
1665 2294 85 23 men
1779 2286 55 31 ett
1863 2280 134 36 sådant
