2236 2644
460 210 246 32 Sammeansatta
735 209 104 33 Stats-
869 210 55 32 och
951 210 242 40 Lagutskottets
1226 208 177 34 Utlåtande
1429 208 65 32 N:o
1525 211 29 29 3.
1728 209 19 30 9

210 291 291 49 småpersedlar,
542 292 95 36 huru
679 290 179 38 förråden
900 290 69 38 och
1007 291 170 49 tjensten
1205 290 62 36 vid
1297 289 192 38 desamma
1517 289 117 37 borde
1664 289 137 37 ordnas

209 343 59 36 för
309 348 56 32 att
405 349 142 44 trygga
589 357 47 24 en
678 343 126 49 hastig
845 344 232 48 utrustning,
1119 343 97 37 huru
1257 341 380 51 klädespersedlarne
1680 340 121 38 skulle

211 395 155 49 profvas
405 396 72 37 och
514 396 175 50 afpassas
718 410 48 22 m.
797 410 47 22 m.
901 395 237 48 Visserligen
1167 408 90 24 vore
1287 395 286 46 svårigheterna
1602 394 67 36 här
1698 394 32 49 ej
1762 396 41 34 så

209 447 216 50 betydande
468 462 81 23 som
595 449 63 36 vid
704 448 307 50 förplägningen.
1076 448 89 36 Men
1211 453 87 30 utan
1348 452 55 32 att
1444 460 84 23 man
1571 446 104 37 lärde
1717 445 87 37 fullt

210 500 125 37 känna
376 500 85 38 dem
506 500 123 37 kunde
668 502 149 35 arméns
853 500 220 49 utrustning
1102 500 33 49 ej
1167 504 111 44 sägas
1308 512 90 24 vara
1425 498 85 37 fullt
1538 498 265 50 betryggande

212 552 156 36 ordnad.

314 604 74 37 Det
417 605 92 37 sista
537 618 87 24 men
653 605 125 37 derför
806 605 83 36 icke
919 604 139 37 minsta
1086 603 43 38 af
1153 604 45 36 de
1219 608 101 32 stora
1341 602 463 49 mobiliseringsarbetena

210 670 88 23 vore
328 658 262 37 anskaffandet
618 657 42 37 af
685 657 127 37 hästar
841 657 71 37 och
940 657 148 45 fordon,
1119 656 69 37 och
1218 656 96 37 hade
1343 659 38 33 åt
1403 655 207 37 detsamma
1631 654 173 37 tillmätts

209 722 47 23 en
294 710 117 36 sådan
447 710 94 49 vigt,
579 715 55 31 att
661 709 224 49 Riksdagen
912 712 47 46 på
987 708 141 49 Kongl.
1159 708 127 49 Maj:ts
1314 708 146 48 förslag
1489 708 149 47 antagit
1667 721 47 22 en
1741 707 64 49 lag

210 761 58 36 för
295 763 217 48 tryggande
540 762 42 37 af
608 762 377 48 hästanskaffningen
1014 761 63 37 vid
1106 760 270 49 krigstillfälle.
1432 760 132 36 Denna
1593 759 67 50 lag
1683 758 120 37 tilläte

210 813 96 37 dock
335 814 95 47 icke,
459 815 12 35 i
498 819 162 32 motsats
689 814 56 36 till
776 814 46 36 de
851 813 110 38 flesta
988 814 118 36 andra
1135 812 164 46 länders,
1330 812 179 37 särekildt
1538 812 164 49 Norges,
1724 812 80 46 lag-

210 866 180 49 stiftning
417 867 11 35 i
458 880 142 24 samma
628 871 122 42 ämne,
779 869 117 46 något
923 866 149 36 försöks
1102 864 237 38 anställande
1368 865 118 35 redan
1509 864 10 36 i
1540 864 171 36 fredstid.
1752 863 53 37 Ur

209 918 140 37 militär
378 919 196 49 synpunkt
601 918 101 50 finge
731 918 105 37 detta
864 918 235 36 förhållande
1130 930 110 23 anses
1260 930 81 23 som
1370 930 48 23 en
1436 916 106 46 brist,
1562 916 12 36 i
1596 916 209 49 synnerhet

210 984 79 23 som
320 971 38 36 vi
387 971 32 49 ej
450 984 67 24 ens
547 971 98 47 egde
674 970 199 49 möjlighet
901 974 55 32 att
982 983 140 36 genom
1147 969 210 50 periodiskt
1376 969 307 36 återkommande
1702 968 102 36 häst-

210 1023 268 49 mönstringar,
522 1025 125 34 såsom
676 1023 9 35 i
715 1022 90 37 flere
847 1022 129 36 länder
1018 1022 96 49 egde
1157 1035 93 32 rum,
1292 1021 168 37 inhemta
1498 1020 217 36 kännedom
1744 1033 60 23 om

210 1075 317 37 hästmaterialets
557 1078 21 33 å
607 1075 100 36 olika
748 1079 101 32 orter
890 1074 264 37 beskaffenhet
1183 1073 70 36 och
1282 1073 200 49 duglighet
1511 1073 60 36 för
1599 1072 206 49 krigsbruk

209 1140 88 24 vare
326 1128 61 48 sig
416 1131 122 33 såsom
567 1127 75 36 rid-
671 1126 91 37 eller
789 1126 238 49 draghästar.

312 1179 77 37 Vår
430 1179 213 37 kännedom
686 1192 60 23 om
785 1178 304 49 hästtillgången
1118 1190 91 24 vore
1237 1177 174 49 grundad
1438 1179 47 46 på
1514 1181 54 32 ett
1599 1190 41 22 ur
1667 1176 138 37 militär

210 1232 195 49 synpunkt
433 1232 144 48 ganska
606 1230 373 38 otillfredsställande
1008 1230 205 37 statistiskt
1243 1229 182 46 material,
1455 1229 69 36 och
1544 1231 67 33 vår
1630 1229 174 48 kunskap

210 1297 60 22 om
299 1284 198 36 hästarnes
527 1283 158 48 qvalitet
713 1283 189 36 beroende
930 1285 48 46 på
1006 1296 48 23 en
1083 1281 150 46 allmän,
1262 1281 12 36 1
1302 1281 81 48 hög
1406 1280 95 48 grad
1519 1280 195 49 personlig
1734 1281 69 35 och

208 1335 227 49 godtycklig
475 1335 262 49 uppfattning,
776 1335 70 36 och
874 1335 117 36 redan
1021 1333 41 37 af
1088 1334 102 36 detta
1219 1332 80 37 skäl
1328 1345 90 23 vore
1447 1345 47 24 en
1522 1332 217 48 mönstring
1766 1332 42 36 af

210 1387 312 49 hästtillgången,
564 1387 101 36 helst
706 1387 107 36 öfver
854 1386 84 37 hela
974 1386 113 46 riket,
1118 1398 86 24 men
1231 1384 229 38 åtminstone
1489 1387 20 34 å
1537 1384 90 36 flere
1657 1383 146 48 ställen,

210 1435 243 58 fördelaktig.
1683 1462 3 4 ;

314 1491 75 37 Det
424 1505 89 23 vore
543 1490 210 38 emellertid
781 1490 84 37 icke
895 1494 148 32 ensamt
1071 1489 92 37 eller
1192 1502 67 24 ens
1287 1487 322 50 hufvudsakligen
1637 1488 42 36 af
1702 1488 102 36 detta

211 1543 81 37 skäl
321 1557 83 23 som
432 1557 45 23 en
506 1543 217 48 mönstring
750 1542 42 37 af
815 1543 130 36 hästar
972 1542 71 36 och
1072 1541 138 37 fordon
1238 1541 117 36 borde
1385 1553 71 36 ega
1474 1554 94 22 rum.
1625 1539 15 37 I
1661 1539 141 49 Kongl.

210 1595 127 50 Maj:ts
380 1596 234 49 proposition
658 1595 57 36 till
754 1596 97 35 1899
882 1597 60 34 års
970 1594 174 48 Riksdag
1172 1593 96 36 hade
1298 1593 167 49 påvisats
1494 1592 310 36 önskvärdheten

210 1647 41 36 af
289 1652 57 32 att
387 1648 60 36 för
487 1647 452 48 mobiliseringsarbetets
981 1645 98 37 skull
1121 1659 46 22 en
1208 1645 186 49 pröfning
1434 1647 114 33 måtte
1591 1644 66 36 ske
1692 1645 41 35 af
1757 1644 46 36 de

210 1699 154 48 former,
393 1700 118 35 under
539 1699 128 36 hvilka
695 1711 47 23 en
766 1698 324 48 hästutskrifning
1109 1711 48 22 m.
1178 1711 47 21 m.
1247 1696 122 37 skulle
1389 1696 239 45 verkställas,
1650 1696 155 35 hvilken

210 1751 236 48 förrättning
485 1751 83 36 icke
611 1750 96 48 egde
748 1753 130 45 någon
912 1763 79 23 som
1020 1749 102 36 helst
1151 1748 276 48 motsvarighet
1455 1748 11 35 i
1494 1747 95 36 fred.
1647 1747 74 36 För
1748 1747 56 36 in-

211 1802 196 48 kallelsen,
438 1802 276 50 förplägnaden
742 1802 69 36 och
839 1801 272 49 utrustningen
1131 1801 40 35 af
1186 1800 227 49 personalen
1432 1799 96 36 hade
1549 1799 98 35 dock
1666 1801 138 46 många

210 1855 169 47 arbeten,
408 1858 137 45 många
574 1854 177 49 öfningar
779 1854 71 36 och
878 1853 280 36 förberedelser
1187 1853 144 35 kunnat
1355 1852 204 47 företagas.
1617 1850 56 37 De
1692 1851 112 36 verk-

212 1907 142 36 stäldes
398 1907 71 36 ock
510 1907 41 36 af
576 1906 163 36 militära
774 1906 71 36 och
874 1905 254 37 civilmilitära
1157 1917 130 36 organ,
1317 1904 11 36 1
1357 1903 149 36 hvilkas
1534 1903 155 49 uppgift
1716 1903 87 48 låge

211 1963 56 32 att
294 1959 200 36 förbereda
523 1959 59 48 sig
611 1959 59 35 för
698 1958 140 48 kriget,
867 1971 85 23 men
983 1960 40 33 så
1051 1970 91 23 vore
1171 1957 33 48 ej
1234 1955 255 37 förhållandet
1518 1955 85 36 med
1628 1955 45 36 de
1694 1954 110 36 civila

212 2011 282 48 myndigheter,
522 2013 48 46 på
600 2010 146 36 hvilkas
776 2009 229 36 medverkan
1034 2008 395 48 hästutskrifningens
1456 2007 160 35 resultat
1644 2006 159 36 hufvud-

212 2062 173 47 sakligen
426 2062 177 36 berodde.
658 2061 88 36 Icke
789 2061 102 48 förty
920 2060 95 36 hade
1044 2060 111 35 dessa
1183 2059 287 48 myndigheters
1498 2058 57 36 nit
1583 2058 116 36 redan
1728 2058 76 36 fört

212 2115 134 46 frågan
375 2114 12 34 i
415 2113 213 48 betydande
657 2116 87 32 mån
771 2112 137 36 framåt
935 2112 12 35 1
976 2111 199 36 teoretiskt
1200 2110 227 46 hänseende,
1448 2109 69 37 och
1537 2109 147 36 arbetet
1702 2109 101 36 inom

214 2165 315 47 länsstyrelserna
559 2164 94 36 hade
682 2167 48 45 på
758 2164 124 35 denna
910 2167 75 43 väg
1013 2165 84 44 gått
1125 2165 40 33 så
1193 2161 107 49 långt
1328 2161 77 37 tills
1425 2161 130 36 vidare
1577 2160 68 36 ske
1666 2160 135 36 kunde.

212 2216 120 37 Deras
375 2216 210 37 samarbete
629 2216 84 35 med
755 2215 46 36 de
844 2214 161 36 militära
1048 2214 319 48 myndigheterna
1407 2213 67 36 och
1510 2212 180 36 särskildt
1717 2212 86 35 med

212 2268 294 50 generalstaben
534 2267 98 37 hade
661 2267 40 36 af
727 2266 140 49 Kongl.
898 2266 107 49 Maj:t
1033 2266 184 49 främjats,
1247 2265 218 48 derigenom
1495 2269 57 31 att
1579 2264 224 52 landsstats-

212 2321 229 48 tjenstemän
483 2319 217 37 förordnats
742 2323 55 32 att
839 2318 146 37 biträda
1018 2317 62 36 vid
1110 2316 314 50 generalstabens
1453 2316 166 36 arbeten.
1675 2316 128 35 Alven

293 2381 65 28 Bih.
383 2381 45 28 till
451 2381 93 27 Riked.
569 2381 76 27 Prot.
671 2377 89 30 1900.
806 2378 19 29 4
848 2379 87 28 Saml.
979 2376 21 29 2
1023 2378 69 37 Afd.
1139 2376 21 28 2
1185 2377 87 36 Häft.
1743 2377 16 25 2
