2230 2616
626 152 395 31 Jordbruksutskottets
1055 152 186 32 utlåtande
1276 153 50 31 Nr
1350 153 51 30 28.

1747 152 19 30 [SA

1507 336 124 36 Bilaga
1655 338 26 28 1.

749 479 335 40 Domänstyrelsens
1106 479 176 40 yttrande.

339 574 126 32 Genom
500 575 129 35 Kungl.
666 575 114 36 Maj:ts
814 575 116 31 remiss
952 575 62 31 den
1040 576 17 29 2
1083 575 147 31 februari
1256 576 82 30 1923
1363 576 62 31 har
1448 576 284 37 domänstyrelsen
1755 587 56 21 an-

208 619 132 30 befallts
373 619 50 30 att
457 618 52 31 till
542 618 195 36 riksdagens
770 619 308 36 jordbruksutskott
1105 619 125 36 avgiva
1264 619 172 32 utlåtande
1469 622 79 29 över
1576 621 53 30 till
1653 621 159 31 utskottet

210 662 208 31 remitterade
452 662 173 36 motioner,
660 663 173 35 nämligen
868 673 41 20 nr
937 664 40 29 42
1002 663 11 30 i
1037 663 104 30 första
1164 663 195 31 kammaren
1382 664 169 35 angående
1576 665 68 30 viss
1667 664 145 37 ändring

209 707 12 29 i
255 705 192 37 grunderna
482 706 51 30 för
567 706 257 36 utarrendering
858 716 43 21 av
929 706 146 31 kronans
1098 706 337 36 jordbruksdomäner
1459 708 60 30 och
1542 718 42 20 nr
1608 708 40 31 34
1673 709 11 30 i
1707 708 105 31 andra

209 751 195 30 kammaren
439 749 171 36 angående
645 749 152 37 lindring
832 750 11 30 i
866 750 307 31 arrendevillkoren
1197 750 52 30 för
1272 751 89 30 vissa
1384 751 203 36 prästgårds-
1612 752 60 30 och
1696 752 117 31 krono-

209 793 239 36 arrendatorer,
472 793 209 31 sistnämnda
704 794 127 30 motion
855 794 103 30 såvitt
981 793 63 31 den
1067 803 96 21 avser
1186 794 343 31 kronoarrendatorer.

339 837 77 31 Med
450 836 184 37 anledning
669 837 107 31 härav
800 837 52 31 får
876 837 159 36 styrelsen
1058 837 69 31 dels
1151 838 195 30 överlämna
1368 848 41 21 en
1433 839 91 30 inom
1548 839 161 36 styrelsen
1732 849 79 26 upp-

208 880 97 37 gjord
329 880 211 36 förteckning
564 882 79 29 över
666 880 39 31 de
729 881 146 30 kronans
898 880 348 37 jordbruksdomäner,
1271 891 70 21 som
1364 881 105 31 under
1491 883 80 30 åren
1596 883 215 30 1917—1922

208 924 162 36 upplåtits
392 925 42 35 på
457 924 137 31 arrende
617 924 75 31 med
715 925 201 35 angivande,
941 924 170 31 huruvida
1134 925 206 35 upplåtelsen
1363 926 86 30 skett
1473 927 41 34 på
1537 926 112 35 grund
1665 936 43 20 av
1725 926 87 30 hem-

209 967 67 32 bud
311 968 53 30 till
392 967 240 31 förutvarande
655 968 194 31 arrendator
871 969 80 30 eller
973 968 82 31 efter
1077 968 141 31 auktion
1241 971 157 29 ävensom
1421 979 43 20 av
1488 969 240 31 förutvarande
1751 970 61 30 och

210 1022 46 20 nu
279 1011 165 36 utgående
467 1011 267 37 arrendebelopp,
758 1012 68 31 dels
849 1013 61 30 ock
933 1012 118 30 anföra
1075 1012 162 36 följande:

341 1055 17 31 I
392 1055 230 36 underdåniga
656 1055 196 31 utlåtanden
886 1055 64 31 den
982 1055 18 31 3
1036 1055 148 31 februari
1208 1056 84 30 1922
1317 1056 139 31 rörande
1480 1056 87 31 förre
1591 1057 222 30 länsmännen

208 1099 42 31 A.
275 1098 36 32 O.
336 1099 151 36 Rymans
510 1099 61 30 och
593 1099 42 31 A.
661 1099 130 31 Welins
813 1099 231 36 underdåniga
1067 1099 230 36 ansökningar
1319 1110 54 20 om
1397 1099 215 36 nedsättning
1636 1101 11 29 i
1664 1099 149 31 arrende-

208 1143 191 35 avgifterna
433 1143 52 30 för
518 1153 43 20 av
596 1143 75 31 dem
703 1144 42 35 på
779 1143 138 31 arrende
952 1142 190 32 innehavda
1176 1143 306 31 kronohemmanen
1517 1142 85 32 Ärla
1637 1154 41 20 nr
1711 1145 16 29 1
1752 1144 61 30 och

209 1186 130 31 Kumla
372 1196 41 21 nr
448 1188 18 28 4
503 1187 10 29 i
546 1184 122 33 Örebro
691 1187 58 30 län
772 1187 80 31 eller
873 1197 56 20 om
952 1186 217 37 upphörande
1192 1197 43 20 av
1258 1187 247 31 arrenderätten
1529 1188 54 29 till
1606 1186 92 32 dessa
1721 1197 92 26 egen-

208 1230 116 31 domar
347 1230 137 31 anförde
507 1230 159 35 styrelsen
690 1230 102 31 bland
815 1231 113 34 annat,
953 1229 156 37 följande.

339 1273 132 31 Statens
505 1273 240 31 arrendeväsen
781 1273 83 31 hade
898 1274 145 35 givetvis
1075 1273 71 30 icke
1182 1274 131 30 kunnat
1344 1273 114 37 undgå
1490 1275 50 30 att
1564 1275 11 29 i
1599 1275 111 34 någon
1733 1275 79 29 mån

210 1319 81 28 röna
327 1316 183 36 inflytande
542 1327 43 20 av
619 1317 63 30 den
715 1317 215 30 ekonomiska
953 1317 289 36 högkonjunktur,
1267 1327 69 20 som
1360 1318 70 30 tills
1453 1318 52 30 för
1528 1319 102 34 något
1653 1318 38 29 år
1714 1317 99 30 sedan

210 1360 88 31 varit
333 1360 153 31 rådande.
532 1360 67 31 För
633 1360 39 31 de
707 1360 209 36 egendomar,
952 1361 93 30 vilka
1068 1360 107 31 under
1198 1360 147 31 nämnda
1369 1360 111 37 period
1504 1361 100 31 blivit
1628 1360 109 36 lediga
1759 1360 53 30 till

209 1403 147 36 arrende,
392 1404 83 30 hade
507 1403 141 31 sålunda
672 1405 182 35 väsentligt
876 1404 102 36 högre
1001 1403 299 36 arrendeavgälder
1324 1404 130 31 kunnat
1477 1405 161 35 betingas,
1663 1404 61 30 och
1747 1406 65 28 sär-

209 1448 80 30 skilt
323 1447 83 31 hade
440 1447 154 31 anbuden
628 1448 20 30 å
672 1447 39 31 de
733 1447 106 31 under
862 1457 113 21 senare
998 1448 79 30 åren
1101 1447 116 31 hållna
1240 1447 359 32 arrendeauktionerna
1623 1449 11 29 i
1658 1447 155 31 anmärk-

210 1491 184 36 ningsvärd
418 1491 82 36 grad
523 1493 149 34 stegrats.
719 1491 216 36 Svårigheter
959 1491 82 31 hade
1064 1491 183 31 emellertid
1271 1491 81 31 efter
1375 1492 338 36 högkonjunkturens
1735 1491 78 35 slut,

209 1535 61 30 och
293 1535 99 31 sedan
416 1535 108 31 denna
548 1535 144 36 förbytts
716 1536 10 30 i
750 1536 92 30 stark
865 1535 194 31 ekonomisk
1082 1535 198 35 depression,
1304 1536 102 35 yppat
1429 1536 51 35 sig
1496 1536 52 30 för
1565 1535 124 31 sådana
1705 1544 108 21 arren-

209 1578 139 36 datorer,
382 1589 69 20 som
476 1579 10 30 i
510 1578 38 31 de
572 1578 85 36 goda
680 1579 147 31 tidernas
850 1579 299 36 spekulationsiver
1171 1578 133 36 ådragit
1327 1579 51 35 sig
1401 1579 91 30 dessa
1515 1579 106 36 dryga
1644 1578 168 36 avgälder,

209 1623 49 29 att
281 1622 147 35 fullgöra
450 1623 73 29 sina
546 1622 236 36 skyldigheter.
829 1622 169 36 Styrelsen
1022 1622 191 36 behjärtade
1238 1623 194 35 visserligen
1455 1623 53 29 till
1532 1623 84 30 fullo
1640 1622 53 30 det
1716 1623 99 29 svåra

210 1666 83 34 läge,
319 1666 9 29 i
353 1666 105 30 vilket
481 1665 91 31 dessa
596 1665 229 31 arrendatorer
850 1666 96 30 råkat
969 1675 76 20 men
1069 1665 83 30 hade
1175 1667 108 29 ansett
1306 1666 50 35 sig
1380 1666 79 29 böra
1483 1666 115 35 intaga
1621 1665 63 31 den
1705 1665 108 30 stånd-

210 1709 149 35 punkten
394 1710 48 28 att
477 1709 166 35 påfordra,
667 1710 49 29 att
739 1709 53 30 det
815 1709 125 30 mellan
964 1709 128 29 kronan
1115 1708 61 30 och
1199 1708 217 31 arrendatorn
1440 1709 141 35 skapade
1607 1708 208 31 rättsförhål-

212 1751 110 31 landet
346 1751 249 36 respekterades,
624 1752 61 30 och
709 1754 50 29 att
782 1753 110 34 någon
916 1751 145 36 ändring
1085 1752 11 29 i
1121 1751 217 31 förevarande
1362 1752 183 30 hänseende
1570 1752 71 30 icke
1665 1751 150 36 vidtoges

211 1797 10 29 i
245 1795 54 31 det
330 1796 173 35 ingångna
534 1796 134 30 avtalet.
716 1796 63 30 Det
807 1795 111 31 kunde
940 1795 183 30 emellertid
1147 1795 119 30 tänkas
1290 1796 69 35 fall,
1384 1795 59 30 där
1467 1795 282 35 omständigheter
1771 1805 43 20 av

210 1839 102 31 sådan
347 1841 51 29 art
422 1839 154 36 förelåge,
600 1840 49 29 att
674 1840 73 29 rent
770 1839 166 36 juridiska
959 1839 209 35 synpunkter
1191 1839 183 35 lämpligen
1398 1839 98 30 borde
1521 1839 79 30 vika
1624 1839 52 30 för
1699 1838 114 35 andra,

210 1882 170 35 grundade
416 1884 41 34 på
492 1883 161 35 billighet.
701 1882 213 31 Beträffande
949 1883 52 29 till
1036 1882 160 36 styrelsen
1232 1883 52 29 för
1308 1882 169 31 utlåtande
1501 1882 235 31 överlämnade
1758 1892 56 20 an-

210 1926 228 35 sökningarna
474 1927 74 29 från
584 1927 135 35 Ryman
754 1926 61 31 och
850 1926 112 31 Welin
998 1926 144 35 förelåge
1166 1926 106 35 enligt
1295 1926 175 35 styrelsens
1492 1927 88 29 åsikt
1603 1926 117 35 dylika
1744 1926 69 29 fall.

214 1969 130 36 Ryman
379 1969 59 30 och
474 1970 122 34 Welin,
631 1969 83 31 båda
750 1970 112 35 gamla
890 1970 222 35 statstjänare,
1137 1969 83 30 hade
1244 1969 172 35 samtidigt
1440 1970 72 29 med
1536 1971 177 33 avgången
1739 1969 74 30 från

211 2013 144 35 tjänsten
380 2012 140 35 nödgats
543 2013 114 30 lämna
680 2013 39 30 de
742 2024 43 19 av
809 2013 74 30 dem
908 2012 190 31 innehavda
1122 2012 192 36 boställena,
1340 2013 93 29 vilka
1457 2012 164 35 indragits
1645 2013 52 30 till
1721 2014 92 28 stats-

212 2056 122 30 verket.
381 2056 95 30 Efter
498 2056 116 35 avslag
638 2057 19 29 å
681 2067 43 19 av
748 2056 74 30 dem
847 2057 141 34 ingivna
1011 2056 229 34 ansökningar
1263 2066 53 19 om
1339 2056 197 35 åtnjutande
1557 2066 42 20 av
1616 2056 198 35 optionsrätt

210 2100 19 28 å
253 2099 182 30 arrendena
460 2100 51 29 för
535 2099 192 35 boställena,
752 2109 69 20 som
845 2109 42 20 av
912 2098 73 30 dem
1010 2098 169 30 innehafts
1204 2098 104 30 under
1331 2109 39 19 en
1395 2099 80 34 lång
1500 2099 81 35 följd
1607 2109 42 19 av
1667 2100 47 32 år,
1732 2098 81 29 hade

211 2142 92 41 såväl
339 2142 143 35 Ryman,
514 2142 112 30 vilken
652 2142 144 35 vidtagit
819 2142 183 30 avsevärda
1026 2141 243 34 förbättringar
1291 2143 20 28 å
1334 2141 53 30 det
1411 2152 42 19 av
1479 2142 120 29 honom
1624 2141 188 30 innehavda

213 2185 148 30 bostället
386 2184 83 31 Ärla
494 2196 39 19 nr
561 2187 25 33 1,
611 2195 69 20 som
706 2186 122 34 Welin,
847 2185 113 30 vilken
979 2185 54 30 väl
1050 2184 123 31 brukat
1189 2185 57 29 sitt
1264 2185 134 30 boställe
1416 2185 128 30 Kumla
1561 2195 40 19 nr
1619 2186 28 33 5,
1665 2184 149 34 tvingats

211 2230 48 28 att
284 2228 52 30 för
360 2228 179 31 beredande
563 2239 42 19 av
631 2229 113 30 bostad
769 2229 51 29 för
844 2229 51 34 sig
919 2229 57 29 och
1003 2229 50 29 sin
1080 2228 109 35 familj
1216 2228 6 29 i
1249 2228 61 30 den
1335 2229 100 34 trakt,
1459 2228 60 29 där
1542 2228 39 30 de
1605 2232 32 25 så
1664 2229 45 29 att
1736 2229 75 32 säga
