1886 2848
345 154 18 33 4
734 163 292 38 Statsutskottets
1052 168 184 33 utlåtande
1262 171 52 32 Nr
1343 171 26 31 1.

738 241 52 31 att
819 243 160 38 samtliga
1002 244 42 32 de
1066 245 172 34 ordinarie
1260 249 121 38 anslag
1405 252 106 32 under
1535 254 110 32 första
1664 251 135 47 huvud-

695 290 111 40 titeln,
841 304 71 22 som
945 296 76 32 icke
1054 298 64 32 här
1151 309 91 22 ovan
1270 301 104 33 blivit
1395 305 142 32 särskilt
1559 302 238 48 omförmälda,

694 346 57 30 må
773 346 13 31 i
810 346 185 34 riksstaten
1024 349 54 32 för
1100 350 202 38 budgetåret
1325 353 185 43 1934/1935
1535 359 162 37 uppföras
1719 360 78 33 med

693 397 225 35 oförändrade
942 400 129 39 belopp.

302 548 10 6 |
338 503 200 51 Stockholm
563 507 66 33 den
653 509 41 31 30
716 510 146 36 januari
885 513 93 32 1934.

789 615 48 32 På
860 618 267 34 statsutskottets
1152 624 147 36 vägnar:

805 712 184 34 ANDERS
1013 716 257 34 ANDERSON.

334 1001 53 25 Vid
405 1000 175 29 förestående
599 1006 115 25 ärendes
734 1008 229 35 slutbehandling
982 1012 77 25 inom
1082 1014 135 26 utskottet
1235 1017 72 25 hava
1328 1020 133 24 närvarit:

334 1050 60 29 från
420 1056 110 25 första
558 1057 206 28 kammaren:
784 1061 98 26 herrar
898 1063 133 33 Hamrin,
1049 1067 146 31 Lindblad,
1215 1070 152 33 Bergqvist,
1386 1072 135 27 Svensson
1541 1076 9 23 i
1567 1071 223 42 Kompersmåla,

289 1098 187 29 Kvarnzelius,
506 1101 113 25 Nilsson
647 1104 7 23 i
676 1104 110 26 Malmö,
817 1106 83 25 Oscar
920 1108 109 32 Olsson,
1057 1111 98 31 Bagge,
1176 1113 167 32 Bergström,
1365 1116 104 32 Thelin,
1489 1119 93 25 Petrén
1602 1120 50 24 och
1676 1122 112 25 Nilsson

286 1141 8 23 i
317 1141 192 34 Fredrikstält;
546 1149 74 21 samt

331 1191 61 28 från
419 1196 105 26 andra
553 1198 205 28 kammaren:
788 1203 97 25 herrar
911 1206 143 26 Anderson
1074 1208 9 23 i
1105 1208 128 31 Råstock,
1263 1212 161 32 Holmgren,
1450 1215 133 27 Jansson,
1614 1217 172 30 Strindlund,

287 1238 144 26 förnkvist
448 1241 9 23 i
477 1241 178 32 Karlskrona,
683 1246 117 25 Persson
820 1248 9 23 i
848 1247 121 33 Fritorp,
997 1251 134 25 Eriksson
1151 1253 8 23 i
1178 1253 174 31 Stockholm,
1371 1257 115 26 Persson
1505 1259 9 24 i
1534 1259 83 28 Falla,
1638 1261 120 27 Jonsson
1779 1264 8 23 i

286 1281 168 31 Eskilstuna,
476 1285 156 27 Andersson
651 1288 8 23 i
679 1288 136 31 Prästbol,
837 1291 126 31 Olofsson
985 1294 6 23 i
1012 1295 132 30 Digernäs
1163 1297 51 23 och
1236 1298 157 26 Andersson
1414 1301 6 23 i
1441 1301 168 33 Ovanmyra.

483 2537 117 59 340300.
632 2542 186 45 "Stockholm,
838 2545 85 47 Isaac
945 2543 114 57 Marcus
1083 2565 373 35 Boktryckeri-Aktiebolag,
1480 2568 75 26 1934.
