1918 2784
278 123 19 30 2
599 127 390 32 Jordbruksutskottets
1010 130 181 31 utlåtande
1211 141 43 20 nr
1273 133 19 30 4
1312 132 41 31 år
1374 133 86 30 1960

327 208 186 31 Utskottet.
537 210 178 30 Utskottet
738 212 63 29 har
825 211 119 32 funnit
969 213 50 40 sig
1041 214 124 30 kunna
1188 215 136 32 biträda
1349 217 126 40 Kungl.
1500 218 124 39 Maj:ts
1650 218 131 42 förslag

283 258 64 29 och
364 258 202 31 hemställer
583 260 132 36 därför,

635 312 51 30 att
708 311 187 41 riksdagen
916 313 57 30 må
993 314 169 40 medgiva,
1185 317 49 29 att
1255 316 328 40 kronoegendomen
1604 319 89 41 Alby
1715 321 31 28 1!
1768 320 11 29 i

583 360 249 40 Söderbykarls
855 363 138 35 socken,
1015 365 221 30 Stockholms
1258 367 67 34 län,
1347 367 58 30 må
1426 368 78 29 med
1525 370 48 28 ett
1595 370 185 30 saluvärde

590 410 21 29 å
637 410 62 30 114
712 411 61 30 000
797 412 132 30 kronor
953 413 105 40 säljas
1082 415 47 38 på
1151 415 12 29 i
1185 415 187 31 huvudsak
1396 417 43 30 de
1461 418 136 37 villkor,
1623 429 74 20 som
1722 420 60 30 do-

588 462 256 39 mänstyrelsen
863 462 188 41 föreslagit.

992 599 59 29 2:0

781 679 95 37 Änga
896 683 31 27 2!
948 683 10 29 i
977 683 217 37 Jönköpings
1214 686 56 29 län

322 753 310 39 Domänstyrelsen
660 757 86 32 (skr.
770 757 102 35 13/11
900 758 98 35 1959)
1023 760 213 38 hemställer,
1258 764 50 28 att
1328 763 328 40 kronoegendomen
1679 764 96 39 Änga

279 801 62 30 21i
359 802 163 40 Nävelsjö
541 804 139 36 socken,
698 805 218 41 Jönköpings
936 808 67 35 län,
1023 809 48 29 säl
1075 809 54 39 jes
1148 809 52 31 till
1219 810 83 30 Axel
1322 811 188 36 Fransson,
1530 813 206 30 arrendator
1754 813 20 30 å

278 852 214 38 egendomen
514 853 42 30 fr.
579 863 30 20 o.
633 864 47 20 m.
704 855 64 31 den
793 855 39 30 14
855 865 96 22 mars
976 858 93 36 1934,
1093 859 57 30 för
1172 869 42 20 en
1237 860 234 41 köpeskilling
1494 871 43 20 av
1561 862 61 30 195
1637 863 63 30 253
1723 863 54 30 kr.

278 904 89 27 samt
386 902 45 40 på
448 903 92 30 vissa
557 905 152 39 angivna
726 906 124 30 villkor
868 907 11 29 i
897 907 121 40 övrigt.

315 952 224 39 Egendomen
563 954 170 31 omfattar
755 956 97 31 cirka
876 957 76 36 22,8
976 958 46 30 ha
1043 959 135 40 inägor,
1203 961 42 30 56
1268 961 47 30 ha
1340 962 87 40 skog
1447 962 68 30 och
1542 963 39 30 10
1607 963 46 30 ha
1675 960 99 48 Övrig

275 1002 111 31 mark.
412 1003 395 41 Mangårdsbyggnaden
829 1007 197 31 rubriceras
1052 1008 118 31 såsom
1195 1010 66 40 god
1285 1011 65 30 och
1376 1012 395 41 ladugårdsbyggnaden

276 1051 115 30 såsom
414 1053 250 41 medelmåttig.
688 1055 310 41 Taxeringsvärdet
1022 1058 55 30 för
1100 1059 171 40 inägorna
1293 1062 39 29 är
1356 1062 41 29 52
1412 1062 63 29 200
1498 1063 52 30 kr.
1576 1064 136 39 Skogen
1736 1065 39 29 är

275 1103 220 30 samtaxerad
516 1104 78 30 med
615 1114 119 21 annan
754 1106 176 40 fastighet.

319 1153 171 39 Inägorna
515 1154 65 30 har
604 1155 69 30 den
698 1156 19 29 4
742 1156 144 31 oktober
915 1159 82 29 1956
1022 1168 44 21 av
1092 1161 452 40 uppskattningsnämnden
1573 1164 199 30 saluvärde-

273 1204 71 28 rats
370 1202 52 30 till
446 1204 40 29 57
502 1204 61 31 000
587 1205 53 31 kr.
667 1206 240 40 Skogsvärdet,
934 1217 73 21 som
1032 1209 113 30 under
1170 1219 199 22 sommaren
1395 1213 83 30 1956
1504 1223 42 20 av
1570 1214 202 40 domänsty-

272 1252 113 30 relsen
411 1252 215 33 fastställdes
651 1256 53 30 till
730 1257 59 30 175
803 1257 64 31 000
892 1258 63 35 kr.,
980 1259 64 30 har
1069 1259 198 32 sedermera
1290 1263 207 29 omräknats
1522 1273 43 20 av
1589 1260 181 48 styrelsen,

274 1304 116 28 senast
415 1303 67 30 den
506 1304 19 29 8
550 1306 195 38 september
770 1307 94 35 1959,
889 1308 122 30 därvid
1034 1310 123 31 värdet
1181 1310 169 32 bestämts
1375 1312 53 30 till
1456 1313 60 30 136
1530 1313 64 30 000
1619 1314 53 30 kr.
1697 1315 72 30 Vad

272 1352 106 39 gäller
401 1353 119 31 värdet
542 1354 20 31 å
584 1355 170 40 inägorna
775 1357 65 30 har
861 1360 171 39 styrelsen
1052 1360 183 40 föreslagit
1257 1364 50 28 att
1331 1362 96 31 detta
1449 1363 105 30 värde
1578 1364 191 32 fastställes

272 1402 51 30 till
350 1403 42 29 60
406 1403 63 31 000
495 1404 51 31 kr.
574 1405 177 40 Styrelsen
776 1407 65 30 har
866 1408 59 31 vid
951 1409 230 41 värderingen
1208 1411 85 40 tagit
1319 1412 141 41 hänsyn
1485 1414 53 30 till
1565 1416 52 28 att
1642 1415 59 31 det
1726 1424 44 22 av

271 1453 455 41 uppskattningsnämnden
742 1457 113 31 åsatta
869 1459 122 30 värdet
1006 1460 106 30 borde
1128 1461 154 39 justeras
1298 1462 74 30 dels
1389 1463 11 30 i
1416 1464 153 39 enlighet
1585 1465 80 30 med
1681 1461 89 49 pris-

271 1502 198 40 stegringen
500 1504 54 30 för
581 1505 182 41 jämförlig
790 1507 375 42 jordbruksegendom,
1195 1511 73 31 dels
1297 1512 66 30 ock
1393 1513 78 30 med
1501 1514 197 31 beaktande
1726 1525 43 20 av

270 1553 50 28 att
338 1552 377 42 försäljningsärendet
731 1557 44 39 på
790 1558 115 39 grund
923 1568 42 21 av
981 1559 366 33 lantmäteritekniska
1365 1564 143 30 orsaker
1526 1573 45 21 m.
1589 1574 47 21 m.
1655 1565 112 40 dragit

270 1601 188 32 oförutsett
481 1604 94 40 långt
598 1608 39 27 ut
660 1606 46 40 på
727 1607 104 30 tiden.
855 1608 76 30 Den
954 1609 148 40 höjning
1126 1620 42 20 av
1190 1611 279 41 köpeskillingen
1492 1614 80 30 med
1597 1615 17 29 7
1629 1614 64 31 000
1714 1616 54 30 kr.

270 1661 75 21 som
373 1653 113 31 skulle
514 1654 201 33 föranledas
742 1667 40 20 av
807 1658 323 41 prisutvecklingen
1157 1661 65 31 har
1249 1662 121 30 därför
1397 1673 43 20 av
1466 1664 300 41 domänstyrelsen

270 1702 198 41 föreslagits
491 1704 46 30 bli
560 1705 195 40 begränsad
777 1708 53 29 till
853 1711 50 28 ett
926 1709 123 41 belopp
1073 1720 43 21 av
1140 1711 19 31 3
1173 1711 62 31 000
1259 1712 51 31 kr.
1335 1714 75 29 Den
1434 1714 208 40 ifrågasatta
1664 1716 104 40 köpe-

270 1752 186 40 skillingen
478 1754 54 30 för
553 1756 214 39 egendomen
794 1758 58 34 (60
866 1758 64 31 000
952 1761 36 37 +
1013 1760 61 30 136
1088 1761 65 30 000
1176 1762 57 34 =)
1261 1763 61 30 196
1336 1763 64 30 000
1423 1764 51 32 kr.
1496 1765 64 30 har
1583 1775 42 20 av
1647 1767 122 39 styrel-

269 1812 60 20 sen
350 1804 120 30 vidare
493 1808 131 28 ansetts
648 1807 84 30 böra
754 1809 128 31 sänkas
905 1810 79 30 med
1007 1810 60 30 747
1092 1811 65 36 kr.,
1179 1814 246 30 motsvarande
1447 1816 65 29 vad
1537 1816 228 31 arrendatorn

269 1853 176 31 Fransson
467 1855 122 40 utgivit
612 1857 117 30 såsom
749 1858 108 30 likvid
880 1859 55 30 för
956 1860 80 30 från
1056 1861 213 40 fastigheten
1289 1863 126 41 inköpt
1436 1865 171 31 vindfälld
1630 1867 95 39 skog.

308 1904 396 42 Departementschefen
727 1908 63 30 har
810 1909 77 30 icke
910 1910 76 30 haft
1009 1911 105 40 något
1137 1914 51 29 att
1209 1913 116 30 erinra
1348 1917 73 27 mot
1442 1911 324 49 domänstyrelsens

268 1953 373 43 försäljningsförslag.

310 2054 186 32 Utskottet.
516 2056 242 32 Förevarande
776 2058 365 44 försäljningsförslag
1160 2063 65 29 har
1242 2063 74 31 icke
1337 2064 166 33 föranlett
1522 2067 171 30 utskottet
1713 2069 49 28 att

266 2104 81 38 göra
372 2104 117 40 någon
512 2106 153 31 erinran.
690 2108 175 33 Utskottet
891 2110 202 31 hemställer
1118 2113 113 36 alltså,

615 2159 54 28 att
693 2158 187 40 riksdagen
904 2160 57 30 må
985 2161 169 40 medgiva,
1180 2165 50 28 att
1254 2164 326 40 kronoegendomen
1607 2167 97 40 äÄnga
1729 2168 31 30 2!

569 2207 11 29 i
596 2207 164 41 Nävelsjö
778 2210 139 34 socken,
934 2211 220 40 Jönköpings
1172 2214 67 34 län,
1258 2214 56 30 må
1332 2215 110 39 säljas
1459 2216 51 29 till
1529 2217 234 38 egendomens

571 2258 207 30 arrendator
807 2259 86 32 Axel
923 2261 177 30 Fransson
1131 2262 55 30 för
1215 2272 42 21 en
1285 2264 235 42 köpeskilling
1549 2275 43 21 av
1623 2268 61 30 195
1699 2268 62 30 253

566 2307 135 30 kronor
717 2309 63 29 och
797 2309 45 40 på
859 2311 11 30 i
889 2310 185 31 huvudsak
1092 2312 43 30 de
1152 2312 126 31 villkor
1296 2314 10 29 i
1324 2314 123 40 övrigt,
1467 2325 74 20 som
1560 2316 203 42 domänsty-

569 2358 117 29 relsen
710 2358 187 41 föreslagit.
