1882 2830
589 173 230 27 Statsutskottets
843 172 144 28 utlåtande
1012 173 45 26 Nr
1084 169 65 29 175.
1584 171 40 28 29

123 249 151 31 växande
298 249 250 39 ritningsarkiv.
578 248 182 41 Möjlighet
783 250 49 28 att
855 248 51 30 för
929 247 115 40 längre
1061 246 49 31 tid
1129 247 70 30 från
1218 257 110 20 annan
1346 245 80 42 byrå
1445 245 51 31 till
1513 245 112 31 denna

123 300 182 41 avdelning
335 300 150 41 förflytta
513 301 103 29 annat
639 301 94 28 extra
757 297 226 32 skrivbiträde
1007 297 122 31 funnes
1153 297 82 30 icke.
1282 297 16 30 I
1323 296 144 31 avbidan
1493 298 41 39 på
1558 295 65 31 den

123 350 159 31 blivande
317 349 336 41 omorganisationen
689 351 118 39 syntes
841 348 65 31 den
941 347 146 41 manliga
1117 347 273 41 tjänstemannen
1416 346 71 31 tills
1511 346 114 31 vidare

123 401 84 31 böra
230 401 152 41 placeras
406 402 113 29 såsom
544 402 93 29 extra
660 399 242 41 byråingenjör
924 399 11 29 i
959 399 71 30 21:a
1052 397 209 41 lönegraden
1285 397 64 31 och
1372 396 58 31 det
1454 396 173 41 kvinnliga

123 451 149 31 biträdet
295 451 9 30 i
329 453 49 29 4:e
402 451 206 40 lönegraden
633 451 52 30 för
708 452 93 28 extra
824 448 170 31 ordinarie
1011 448 215 41 tjänstemän,
1244 447 219 31 medförande
1480 458 39 20 en
1538 447 87 30 kost-

125 502 66 30 nad
225 512 40 19 av
299 501 155 40 omkring
480 500 193 41 respektive
696 501 94 36 6,000
814 499 62 31 och
901 500 93 34 2,000
1016 499 126 30 kronor
1166 498 82 31 eller
1272 498 144 40 tillhopa
1440 498 93 36 3,000
1556 497 71 30 kro-

125 562 71 20 nor.
244 551 177 41 Styrelsen
455 551 61 30 har
550 553 42 38 på
626 550 65 31 den
720 549 110 41 grund
857 549 184 37 hemstiällt,
1065 550 50 29 att
1139 548 220 31 förevarande
1383 548 118 40 anslag
1523 548 104 30 måtte

125 602 98 40 höjas
247 601 51 31 till
322 603 115 36 64,800
459 601 134 31 kronor.

178 652 131 30 Härom
332 653 108 40 yttrar
463 650 391 42 departementschefen:

182 702 93 31 »Den
293 702 145 41 alltjämt
454 702 198 41 fortgående
671 701 193 41 stegringen
878 711 39 20 av
931 698 439 33 automobilskattemedlen
1384 698 131 32 medför
1527 697 101 41 givet-

126 753 50 31 vis
201 764 41 20 en
267 755 118 39 tyngre
409 752 225 32 arbetsbörda
657 763 122 30 genom
804 751 57 31 det
884 753 37 29 år
943 751 72 30 från
1040 752 36 29 år
1099 750 152 31 växande
1275 750 91 30 antal
1390 749 138 41 företag,
1554 760 73 20 som

126 804 65 30 kan
215 804 135 30 komma
372 803 11 31 i
407 802 200 42 åtnjutande
631 814 39 19 av
693 802 121 41 bidrag
836 802 73 30 från
933 800 478 32 automobilskattefonderna.
1446 800 82 30 Med
1551 800 78 30 hän-

127 866 62 29 syn
214 854 51 31 till
289 854 42 31 de
355 855 93 29 stora
471 853 223 31 ekonomiska
715 852 172 31 intressen
910 852 52 30 för
985 853 121 35 staten,
1133 862 73 20 som
1230 851 61 30 här
1314 853 57 28 äro
1387 850 115 41 ifråga,
1520 851 36 29 är
1572 850 58 30 det

127 916 39 19 av
201 904 174 41 synnerlig
409 904 79 37 vikt,
523 905 50 29 att
607 914 41 20 en
684 903 175 40 sorgfällig
880 901 209 42 granskning
1112 901 64 31 och
1200 901 138 41 sovring
1360 912 40 20 av
1423 901 42 30 de
1489 900 60 31 allt
1572 900 58 31 tal-

127 955 110 31 rikare
271 954 269 31 inströmmande
575 953 275 41 ansökningarna
883 964 55 20 om
971 952 122 40 bidrag
1120 952 52 30 till
1200 952 171 30 allmänna
1393 951 139 31 arbeten
1556 951 74 30 icke

127 1006 169 30 försvåras
331 1005 83 31 eller
441 1004 241 42 omöjliggöras
705 1015 40 19 av
769 1003 87 32 brist
879 1004 44 40 på
945 1002 214 32 arbetskraft.
1205 1002 68 31 Det
1296 1001 98 32 torde
1417 1001 114 31 därför
1552 1012 79 20 vara

127 1056 212 41 nödvändigt
371 1056 127 30 bereda
531 1055 178 41 möjlighet
744 1054 52 31 till
830 1053 212 32 anställande
1070 1064 40 20 av
1139 1053 92 31 såväl
1253 1052 195 42 ytterligare
1472 1064 41 19 en
1537 1054 94 29 extra

127 1107 207 41 tjänsteman
358 1108 19 29 å
399 1106 157 31 tekniska
578 1106 107 41 byrån
710 1116 74 20 som
808 1107 48 29 ett
879 1104 133 32 biträde
1028 1106 19 29 å
1063 1114 130 21 samma
1208 1104 92 41 byrå.
1324 1103 103 31 Emot
1443 1103 188 41 styrelsens

128 1158 128 40 förslag
289 1157 52 31 till
375 1157 173 41 placering
581 1156 11 31 i
626 1156 278 31 lönehänseende
937 1166 40 20 av
1006 1154 149 32 nämnda
1182 1154 205 42 tjänsteman
1412 1154 63 31 och
1497 1153 134 32 biträde

129 1219 103 30 synes
256 1208 86 31 intet
365 1218 78 20 vara
465 1209 49 29 att
538 1207 138 31 erinra.»

182 1293 53 31 Då
268 1293 58 31 det
359 1293 98 31 torde
491 1303 78 20 vara
597 1291 227 41 obestridligt,
849 1293 49 29 att
921 1293 18 29 å
962 1292 72 40 väg-
1057 1290 64 32 och
1144 1288 487 43 vattenbyggnadsstyrelsens

129 1344 157 30 tekniska
308 1344 84 41 byrå
407 1343 195 41 ytterligare
619 1342 243 31 arbetskrafter
877 1344 58 28 äro
952 1341 220 41 erforderliga
1187 1341 52 31 för
1255 1352 41 20 en
1312 1340 319 32 tillfredsställande

129 1394 255 41 handläggning
417 1405 40 19 av
491 1393 58 31 det
582 1393 145 41 alltjämt
760 1392 151 32 växande
939 1392 128 31 antalet
1090 1391 149 32 ärenden
1262 1391 145 31 rörande
1431 1390 200 32 automobil-

130 1445 267 31 skattemedlens
431 1444 202 41 fördelning,
657 1443 62 31 har
751 1437 170 37 utskottet
950 1442 73 32 icke
1046 1443 90 31 velat
1159 1444 161 29 motsätta
1343 1442 53 40 sig
1418 1441 213 32 anställande

130 1507 40 20 av
194 1495 91 32 såväl
309 1495 195 42 ytterligare
529 1506 41 20 en
595 1496 94 30 extra
711 1494 250 41 byråingenjör,
985 1493 78 31 med
1085 1493 175 41 placering
1285 1493 11 31 i
1320 1493 71 31 21:a
1413 1492 217 41 lönegraden,

131 1558 74 20 som
240 1546 62 31 ock
336 1548 49 29 ett
417 1546 169 41 kvinnligt
618 1545 144 38 biträde,
791 1545 78 31 med
895 1544 173 42 placering
1090 1544 12 31 i
1124 1545 51 30 4:e
1197 1543 207 42 lönegraden
1428 1555 39 19 av
1491 1543 65 31 den
1579 1543 53 31 för

132 1599 94 29 extra
249 1597 171 31 ordinarie
443 1597 206 41 tjänstemän
673 1595 156 42 gällande
852 1595 208 31 löneskalan.
1095 1594 70 32 Det
1187 1606 40 20 av
1250 1594 125 41 Kungl.
1392 1594 98 41 Maj:t
1506 1594 125 31 äskade

130 1648 173 41 beloppet,
338 1648 115 38 64,800
486 1647 134 38 kronor,
644 1646 53 31 till
724 1649 73 39 väg-
820 1646 64 31 och
906 1645 487 42 vattenbyggnadsstyrelsens
1416 1645 216 31 verksamhet

131 1699 62 30 har
215 1698 169 31 utskottet
407 1697 100 32 alltså
530 1699 113 30 ansett
666 1697 53 41 sig
740 1697 84 31 böra
847 1696 179 42 tillstyrka.

184 1748 179 32 Utskottet
385 1748 205 39 hemställer,

453 1818 50 29 att
536 1815 183 41 riksdagen
753 1816 54 30 må
836 1814 53 32 för
915 1816 68 39 väg-
1007 1814 54 32 och
1084 1814 443 41 vattenbyggnadsstyrelsens
1549 1814 84 31 verk-

400 1867 122 31 samhet
555 1867 52 30 för
639 1865 203 42 budgetåret
878 1865 208 32 1928—1929
1120 1865 118 31 anvisa
1265 1867 49 29 ett
1337 1867 93 29 extra
1453 1864 117 42 anslag
1593 1876 40 20 av

400 1918 115 37 64,800
537 1917 134 31 kronor.

189 2011 63 42 3:0o)
274 2011 126 42 Kungl.
435 2011 97 42 Maj:t
559 2011 61 31 har
641 2010 197 43 ytterligare
861 2009 120 42 (punkt
1002 2011 21 30 4
1045 2021 40 20 av
1108 2009 222 32 förenämnda
1353 2010 281 41 statsrådsproto-

133 2063 81 41 koll)
236 2062 176 42 föreslagit
434 2062 182 41 riksdagen
640 2064 49 28 att
712 2062 10 30 i
746 2061 185 31 riksstaten
954 2061 52 31 för
1028 2060 204 42 budgetåret
1257 2061 205 31 1928—1929
1483 2062 151 40 upptaga

134 2114 58 31 det
215 2113 170 32 ordinarie
409 2113 153 41 anslaget
584 2112 53 32 till
660 2114 73 39 väg-
755 2112 63 31 och
834 2111 487 42 vattenbyggnadsstyrelsens
1338 2111 296 41 distriktstjänste-

135 2167 77 29 män
236 2164 77 32 med
336 2163 197 33 oförändrat
555 2163 137 41 belopp,
717 2163 114 37 30,000
853 2162 134 31 kronor.

187 2233 67 31 Till
287 2232 161 42 avlöning
480 2234 34 29 åt
547 2233 72 40 väg-
653 2231 64 31 och
750 2230 486 42 vattenbyggnadsstyrelsens
1270 2229 364 42 distriktstjänstemän

134 2284 86 32 hava
243 2284 105 32 sedan
371 2283 81 31 flera
475 2284 36 30 år
533 2284 112 39 utgått
667 2282 75 31 dels
766 2283 48 30 ett
836 2277 148 36 bestämt
1007 2280 172 32 ordinarie
1202 2281 119 41 anslag
1336 2282 19 29 å
1370 2281 115 38 30,000
1500 2281 134 37 kronor,

135 2335 75 32 dels
234 2336 48 30 ett
305 2336 94 30 extra
415 2334 118 41 anslag
549 2335 18 29 å
582 2334 94 38 4,500
691 2333 135 37 kronor,
844 2334 110 30 avsett
969 2332 52 31 till
1037 2332 191 31 avlönande
1244 2343 39 20 av
1300 2343 41 20 en
1359 2333 93 29 extra
1468 2331 168 32 distrikts-

136 2386 76 31 chef
245 2385 63 32 och
342 2397 41 20 en
418 2387 93 29 extra
544 2383 316 42 distriktsingenjör
889 2383 11 31 i
924 2382 58 32 det
1004 2393 141 21 numera
1168 2382 11 31 i
1203 2384 55 30 två
1280 2382 139 32 distrikt
1442 2382 193 42 uppdelade

135 2447 102 21 norra
270 2438 72 40 väg-
376 2436 63 31 och
472 2434 479 43 vattenbyggnadsdistriktet.
996 2433 121 42 Någon
1141 2433 146 41 ändring
1309 2433 205 32 härutinnan
1538 2443 98 22 avses

136 2488 30 41 ej
191 2487 107 31 heller
322 2487 95 31 skola
439 2486 134 32 inträda
596 2486 52 31 för
671 2484 282 33 nästkommande
976 2484 176 41 budgetår.

1684 1303 136 24 Utskottets

1684 1339 129 29 yttrande.

1692 2020 64 31 Väg-
1775 2020 43 24 och

1670 2056 167 30 vattenbygg-

1652 2090 207 30 nadsstyrelsens

1695 2124 129 24 distrikts-

1675 2158 167 31 tjänstemän.

1724 2201 65 47 [4.]
