1860 2786
259 178 41 29 22
711 175 252 27 Statsutskottets
987 174 161 28 utlåtande
1172 182 38 18 nr
1234 175 63 26 116.

315 254 126 40 Kungl.
468 255 122 39 Maj:ts
617 264 42 20 av
684 257 131 27 statens
841 255 212 29 lönenämnd
1078 255 10 29 i
1116 256 87 28 stort
1230 256 66 28 sett
1322 254 192 39 tillstyrkta
1540 254 130 39 förslag
1695 254 51 29 in-

259 308 106 29 nebär
389 309 11 28 i
426 308 98 39 fråga
548 317 57 20 om
629 308 253 40 postverket
907 318 43 19 en
973 308 131 39 ökning
1130 317 42 20 av
1197 308 131 29 antalet
1353 308 233 38 postmästare
1611 307 11 29 i
1648 307 45 29 Ca
1707 307 40 29 27

260 362 79 29 från
368 361 42 30 54
439 362 51 29 till
519 362 51 33 55,
599 362 172 39 varjämte
800 362 9 29 i
840 361 402 39 tjänsteförteckningen
1271 361 133 29 införes
1434 360 315 40 utrikesexpeditör

260 416 9 28 i
292 415 45 29 Ca
353 415 39 29 17
415 415 64 30 och
501 415 44 30 Ca
561 415 50 30 15.
633 416 65 28 Det
719 415 206 30 förutsättes
946 415 117 29 vidare
1085 414 37 30 få
1144 415 190 29 ankomma
1355 414 45 39 på
1422 414 126 39 Kungl.
1571 414 106 39 Maj:t
1699 415 50 28 att

258 468 223 30 beträffande
511 469 66 29 den
606 478 42 20 av
676 469 124 38 Kungl.
830 468 107 39 Maj:t
965 468 200 29 fastställda
1194 467 432 40 personalförteckningen
1656 468 94 28 med-

262 523 77 28 dela
362 522 115 29 beslut
500 531 56 20 om
580 522 205 39 minskning
809 531 42 20 av
876 522 131 29 antalet
1030 522 233 39 postmästare
1287 521 11 29 i
1323 521 46 29 Ca
1384 521 40 29 25
1451 520 80 30 från
1557 520 40 29 78
1622 521 51 29 till
1701 521 49 29 77.

314 602 227 30 Belräffande
568 602 345 39 telegrafverket
940 601 145 30 föreslås
1111 601 132 39 ökning
1269 611 42 20 av
1337 601 133 29 antalet
1496 600 255 39 avdelningsdi-

263 656 156 29 rektörer
441 656 11 28 i
474 656 46 39 Cp
536 656 38 28 13
597 655 81 29 från
701 655 17 30 3
741 655 51 29 till
814 655 30 34 4,
866 655 205 39 minskning
1093 664 42 20 av
1158 656 131 28 antalet
1310 654 283 39 byrådirektörer
1616 654 11 29 i
1650 654 45 29 Ca
1710 654 34 29 31

263 709 79 29 från
362 709 41 29 26
423 709 51 29 till
495 709 50 33 25,
565 709 132 38 ökning
717 718 41 20 av
777 709 132 29 antalet
928 708 288 39 byråingenjörer
1235 708 11 29 i
1267 708 45 29 Ca
1327 707 40 30 29
1389 707 80 29 från
1492 707 37 29 17
1552 708 52 28 till
1627 707 38 29 18
1686 707 63 29 och

262 763 131 38 ökning
419 772 42 19 av
486 763 130 28 antalet
641 762 411 39 telegrafkommissarier
1077 762 11 28 i
1115 761 46 30 Ca
1175 761 40 29 27
1242 761 80 29 från
1349 761 39 29 25
1416 761 52 29 till
1495 761 51 29 26.
1574 760 25 29 Å
1626 761 125 38 Kungl.

263 816 106 38 Maj:t
393 816 112 29 skulle
530 815 35 30 få
589 816 189 29 ankomma
803 817 50 28 att
876 815 10 29 i
912 816 67 28 den
1003 824 41 20 av
1068 815 126 38 Kungl.
1220 815 106 39 Maj:t
1350 814 200 30 fastställda
1575 813 177 40 personal-

264 869 267 39 förteckningen
550 869 141 29 minska
712 869 130 29 antalet
861 868 201 39 ingenjörer
1082 868 10 29 i
1114 868 46 29 Ca
1174 868 40 29 235
1237 868 79 29 från
1338 867 41 29 89
1401 868 52 29 till
1475 867 40 29 88
1537 868 64 29 och
1623 868 130 29 antalet

263 922 412 39 telegrafkommissarier
699 922 10 29 i
734 922 45 29 Ca
793 922 40 29 25
858 922 81 29 från
963 921 40 30 29
1028 922 51 29 till
1104 921 52 30 28.

317 1002 72 30 Vad
418 1002 107 39 angår
551 1004 168 28 statens
744 1002 236 39 järnvägar
1006 1002 63 29 har
1095 1001 341 39 järnvägsstyrelsen
1462 1001 132 30 erinrat
1620 1010 56 19 om
1704 1001 49 28 att

262 1056 11 29 i
292 1056 154 39 enlighet
476 1057 78 29 med
584 1056 115 29 beslut
727 1056 56 29 vid
814 1055 161 39 fjolårets
1006 1055 143 39 riksdag
1180 1054 211 40 godstrafik-
1412 1055 65 28 och
1498 1054 253 39 persontrafik-

263 1109 173 39 byråerna
458 1110 283 38 sammanslagits
763 1109 52 29 till
838 1118 42 20 en
903 1108 205 39 trafikbyrå.
1132 1108 13 29 I
1169 1108 204 39 anslutning
1396 1108 52 29 till
1471 1108 206 38 riksdagens
1700 1109 53 27 ut-

264 1164 139 28 talande
428 1163 11 29 i
465 1163 170 29 samband
659 1163 143 29 därmed
827 1171 103 20 anser
955 1162 180 39 styrelsen,
1162 1163 50 27 att
1237 1162 180 38 godstaxe-
1442 1161 65 29 och
1532 1162 222 38 persontaxe-

263 1216 173 39 byråerna
455 1217 67 28 den
543 1216 13 29 1
580 1216 67 39 juli
669 1215 82 30 1953
771 1216 84 29 böra
876 1215 233 30 sammanslås
1131 1215 51 29 till
1204 1224 42 20 en
1266 1214 96 39 byrå,
1383 1215 177 29 benämnd
1580 1214 174 29 kommer-

266 1270 97 29 siella
394 1269 121 39 byrån.
546 1269 67 30 Vid
645 1269 154 30 nämnda
831 1269 168 39 tidpunkt
1030 1269 140 28 komme
1203 1269 66 28 den
1302 1268 204 29 nuvarande
1539 1267 124 30 chefen
1696 1267 55 29 för

264 1322 321 40 persontaxebyrån
608 1324 51 28 att
681 1323 71 29 helt
775 1324 97 37 tagas
894 1322 11 29 i
929 1322 154 39 anspråk
1106 1321 55 30 för
1184 1322 94 29 vissa
1302 1321 175 29 särskilda
1500 1321 168 39 uppdrag.
1693 1321 61 29 Be-

263 1376 179 30 träffande
472 1376 408 39 lönegradsplaceringen
910 1375 54 30 för
993 1376 67 29 den
1089 1375 149 29 sålunda
1267 1375 199 38 föreslagna
1495 1374 259 29 kommersiella

264 1430 130 39 byråns
421 1429 80 30 chef
527 1438 102 21 anser
657 1430 170 38 styrelsen
855 1430 51 28 att
932 1429 81 34 han,
1041 1429 79 29 med
1147 1429 139 38 hänsyn
1313 1428 52 29 till
1393 1428 94 29 vissa
1515 1437 41 20 av
1585 1428 170 38 styrelsen

265 1483 149 30 anförda
436 1483 308 39 omständigheter,
767 1483 76 29 icke
866 1482 63 29 bör
952 1483 155 38 placeras
1130 1482 11 29 i
1165 1482 93 38 lägre
1282 1482 167 39 lönegrad
1473 1482 45 28 än
1542 1481 47 39 Cp
1606 1481 49 29 15.
1681 1481 73 38 Sty-

263 1538 114 28 relsen
398 1536 147 30 föreslår
564 1537 119 29 vidare
704 1546 41 19 en
766 1545 45 30 ny
832 1535 485 39 elektrosektionsindelning.
1339 1534 228 30 Beträffande
1589 1535 66 29 den
1678 1535 77 29 när-

265 1599 95 21 mare
382 1590 217 29 innebörden
623 1599 41 20 av
688 1590 188 39 styrelsens
899 1589 262 39 framställning
1185 1589 96 29 torde
1306 1588 36 29 få
1365 1588 166 30 hänvisas
1555 1589 51 28 till
1631 1597 123 30 propo-

265 1644 151 29 sitionen
450 1644 42 32 (s.
522 1643 139 33 810).
692 1643 136 30 Statens
858 1643 212 29 lönenämnd
1099 1642 64 29 har
1194 1642 168 38 tillstyrkt
1393 1642 189 38 styrelsens
1612 1641 140 38 förslag.

318 1705 396 40 Departementschefen
744 1705 63 29 har
837 1705 142 38 jämväl,
1010 1705 111 28 under
1152 1704 211 38 hänvisning
1395 1704 52 28 till
1478 1704 40 28 de
1549 1704 206 28 uttalanden

268 1768 74 21 som
373 1760 11 28 i
417 1759 65 39 fjol
515 1759 139 39 gjordes
686 1758 57 29 vid
776 1758 292 29 statsmakternas
1100 1757 214 39 behandling
1347 1766 41 20 av
1422 1757 67 29 den
1522 1757 44 29 då
1599 1757 153 29 aktuella

264 1813 124 39 frågan
417 1822 57 19 om
504 1811 323 39 sammanslagning
856 1820 42 20 av
927 1811 210 39 godstrafik-
1166 1811 64 29 och
1259 1810 413 40 persontrafikbyråerna
1704 1810 50 28 till

263 1876 42 19 en
334 1865 206 40 trafikbyrå,
569 1865 170 39 tillstyrkt
768 1865 189 39 styrelsens
986 1864 130 39 förslag
1145 1873 57 20 om
1232 1863 324 40 sammanslagning
1586 1873 41 19 av
1656 1864 99 38 gods-

265 1923 93 27 taxe-
394 1920 66 29 och
497 1918 382 40 persontaxebyråerna
917 1918 52 29 till
1007 1927 42 20 en
1085 1917 238 29 kommersiell
1360 1917 96 39 byrå.
1484 1917 40 38 Ej
1555 1917 108 29 heller
1689 1917 64 28 har

265 1972 387 40 departementschefen
670 1972 118 29 funnit
805 1971 190 39 anledning
1013 1971 51 29 till
1082 1971 143 29 erinran
1242 1972 72 27 mot
1332 1971 66 29 den
1418 1980 41 20 av
1478 1971 170 38 styrelsen
1668 1970 87 29 före-

265 2028 119 37 slagna
411 2025 520 39 elektrosektionsindelningen
955 2025 58 29 vid
1040 2026 132 28 statens
1200 2024 197 39 järnvägar.

319 2088 133 30 Chefen
477 2088 53 29 för
555 2088 67 29 den
647 2087 259 29 kommersiella
931 2086 110 39 byrån
1067 2095 102 21 anses
1195 2086 83 30 böra
1303 2087 158 38 placeras
1488 2095 75 20 som
1588 2085 167 40 byråchef

264 2143 10 28 i
301 2142 47 40 Cp
377 2141 50 35 14,
454 2142 72 29 dvs.
554 2150 135 20 samma
715 2140 248 38 löneställning
990 2149 73 20 som
1090 2140 10 28 i
1128 2139 66 38 fjol
1221 2139 216 30 fastställdes
1465 2139 54 29 för
1547 2139 125 29 chefen
1699 2139 54 29 för

264 2195 232 39 trafikbyrån.
527 2195 193 38 Styrelsens
750 2193 131 39 förslag
910 2202 57 20 om
996 2192 119 39 utbyte
1146 2201 41 20 av
1217 2201 42 20 en
1288 2192 426 39 trafikinspektörstjänst
1744 2192 10 29 i

265 2250 46 29 Ca
325 2249 40 30 33
385 2250 74 28 mot
479 2258 42 19 en
540 2246 430 40 elektroingenjörstjänst
996 2246 4 29 i
1021 2255 135 21 samma
1177 2246 165 39 lönegrad
1363 2245 128 30 liksom
1512 2245 167 39 förslaget
1699 2254 56 20 om

265 2302 57 30 två
351 2301 467 39 elektroingenjörstjänster
847 2300 10 29 i
888 2300 46 29 Ca
948 2300 37 29 31
1017 2299 193 40 tillstyrkes
1239 2299 115 30 också.
1384 2299 66 29 Vid
1479 2298 100 30 bifall
1609 2299 51 28 till
1690 2298 66 29 vad

265 2355 148 30 sålunda
440 2355 197 38 föreslagits
665 2363 101 21 anses
794 2354 132 29 antalet
952 2352 338 40 byråchefstjänster
1317 2353 11 29 i
1357 2352 46 30 Ca
1416 2352 40 30 37
1485 2352 84 30 böra
1596 2352 158 29 minskas

264 2409 80 29 med
368 2408 57 30 två
449 2408 64 30 och
537 2408 131 29 antalet
692 2406 468 40 elektroingenjörstjänster
1183 2406 11 29 i
1219 2406 46 30 Ca
1279 2405 40 30 29
1344 2406 80 29 med
1450 2407 61 32 tre,

321 2470 395 39 Sammanfattningsvis
746 2469 146 29 innebär
923 2468 404 41 departementschefens
1358 2468 132 39 förslag
1520 2469 50 28 att
1600 2468 156 39 följande
