1884 2790
488 170 405 40 Bevillningsutskottets
918 170 219 32 betänkande
1162 178 45 22 nr
1232 169 50 31 11.
1618 170 22 30 5

132 256 74 31 Vad
232 256 11 30 i
270 256 111 31 andra
405 256 136 39 stycket
567 265 42 21 av
634 255 503 39 övergångsbestämmelserna
1163 254 54 30 till
1246 254 252 39 förordningen
1524 254 67 30 den
1617 254 22 30 6

130 298 80 41 juni
228 298 94 34 1952,
339 308 41 20 nr
396 298 74 34 380,
488 298 154 39 stadgats
660 297 178 40 angående
855 306 136 21 samma
1008 296 225 40 förordnings
1251 296 246 40 tillämplighet
1515 296 11 29 i
1543 296 94 31 vissa

133 340 63 31 fall
215 340 58 31 vid
296 341 81 30 1955
399 340 57 30 års
476 340 317 39 inkomsttaxering
813 339 89 30 skall
926 339 122 31 därvid
1069 339 161 40 upphöra
1251 341 50 29 att
1322 339 100 40 gälla.

177 383 14 30 I
212 383 170 30 samband
404 383 146 30 därmed
572 383 89 30 skall
682 382 157 40 följande
860 382 185 39 iakttagas.

174 425 74 30 Har
263 424 46 40 på
328 425 112 39 grund
459 433 43 22 av
520 424 224 40 omläggning
761 433 42 22 av
820 423 260 41 räkenskapsår
1099 433 119 20 annan
1238 423 236 40 skattskyldig
1493 424 45 29 än
1557 423 79 34 den,

132 477 80 21 vars
233 468 111 30 första
364 468 259 39 räkenskapsår
644 468 169 30 avslutats
835 468 87 29 efter
942 468 67 29 den
1031 467 38 30 31
1091 467 181 30 december
1296 467 92 33 1951,
1411 468 153 28 taxerats
1584 466 54 31 till

133 510 253 30 inkomstskatt
409 510 83 30 åren
520 510 215 30 1953—1955
761 510 54 29 för
839 519 42 20 en
904 509 228 37 sammanlagt
1155 509 138 29 kortare
1317 508 190 38 tidsperiod
1531 509 44 28 än
1598 507 41 30 36

129 553 180 34 månader,
335 552 89 30 skall
448 552 67 31 vad
540 552 12 29 i
576 552 114 30 denna
715 551 206 39 förordning
947 551 79 39 sägs
1051 551 64 39 äga
1139 550 247 30 motsvarande
1411 549 227 41 tillämpning

130 595 223 31 beträffande
373 595 110 30 sådan
500 594 235 39 skattskyldig
750 593 57 31 vid
828 593 83 30 1956
928 593 60 30 års
1003 592 326 39 inkomsttaxering.

177 721 68 30 Till
275 721 189 31 utskottets
494 719 213 40 behandling
736 720 64 29 har
829 719 182 31 hänvisats
1042 718 158 40 följande
1230 718 12 29 i
1271 717 190 40 anledning
1489 727 43 20 av
1559 724 81 33 pro-

131 771 201 41 positionen
352 771 127 31 väckta
504 770 182 35 motioner,
711 769 175 40 nämligen

180 822 34 34 1)
244 822 43 30 de
307 822 224 39 likalydande
552 821 220 30 motionerna
793 821 29 29 I:
842 820 60 30 110
923 830 43 21 av
986 820 81 29 herr
1087 818 185 31 Lindblom
1296 829 45 20 m.
1364 819 38 29 fl.
1424 819 65 30 och
1512 818 44 30 II:
1576 817 63 31 139

133 882 43 22 av
191 873 81 29 herr
291 872 103 31 Ohlin
411 882 45 20 m.
476 872 48 34 fl.,
541 872 73 30 vari
632 871 207 34 hemställts,
856 872 50 29 att
924 871 189 38 riksdagen
1129 870 109 30 måtte
1256 870 96 30 avslå
1368 869 127 40 Kungl.
1513 869 126 39 Maj:ts

132 923 219 41 proposition
371 932 42 21 nr
435 923 38 30 17
496 924 80 30 med
596 922 132 39 förslag
748 921 53 31 till
823 921 208 39 förordning
1051 930 57 21 om
1128 920 236 40 begränsning
1383 929 44 22 av
1447 921 116 29 rätten
1583 919 55 30 till

133 974 46 30 fri
199 973 227 40 avskrivning
445 973 20 30 å
482 973 179 30 maskiner
680 973 65 30 och
765 973 108 29 andra
893 971 212 31 inventarier
1124 972 57 30 vid
1205 971 83 30 1955
1309 971 56 30 års
1386 971 254 29 inkomsttaxe-

132 1025 89 39 ring,
243 1033 45 21 m.
310 1033 61 26 m.;
395 1026 91 28 samt

179 1075 36 34 2)
246 1075 41 29 de
307 1074 224 40 likalydande
550 1073 219 30 motionerna
786 1073 29 30 I:
831 1073 63 30 322
913 1082 44 21 av
974 1073 81 30 herr
1074 1072 153 40 Ewerlöf
1245 1082 46 20 m.
1310 1072 37 30 fl.
1367 1072 65 30 och
1451 1071 45 30 II:
1512 1071 61 30 441
1594 1080 46 21 av

133 1126 81 30 herr
236 1124 227 41 Hjalmarson
487 1134 46 21 m.
557 1124 48 34 fl.,
627 1124 75 30 vari
722 1124 207 33 hemställts,
955 1124 71 29 »att
1048 1123 188 39 riksdagen
1260 1122 107 30 måtte
1391 1122 98 30 avslå
1512 1121 128 40 Kungl.

132 1176 126 40 Maj:ts
276 1175 218 40 proposition
514 1184 41 21 nr
577 1175 49 34 17,
647 1175 93 34 eller,
761 1175 116 29 därest
896 1174 96 30 detta
1011 1174 157 39 yrkande
1187 1173 76 30 icke
1284 1173 112 30 skulle
1416 1173 151 34 bifallas,
1587 1173 52 29 att

133 1226 190 40 riksdagen
341 1226 56 30 vid
417 1226 215 39 behandling
652 1235 42 21 av
715 1225 154 30 nämnda
890 1224 219 40 proposition
1130 1225 55 29 för
1208 1224 54 30 sin
1285 1224 54 30 del
1360 1224 110 30 måtte
1491 1223 148 33 besluta,

135 1279 51 29 att
206 1277 19 30 2
247 1276 28 37 8,
297 1277 18 30 3
337 1276 14 37 8
374 1277 64 30 och
460 1277 18 29 6
503 1276 15 37 8
540 1276 251 39 förordningen
812 1285 56 21 om
888 1275 237 40 begränsning
1144 1284 44 21 av
1208 1275 114 29 rätten
1343 1274 53 30 till
1416 1274 47 30 fri
1485 1274 157 30 avskriv-

134 1328 85 39 ning
237 1328 20 30 å
276 1328 178 29 maskiner
474 1328 65 29 och
559 1327 111 30 andra
688 1327 211 30 inventarier
917 1326 59 31 vid
999 1326 82 30 1955
1101 1326 56 30 års
1179 1325 326 39 inkomsttaxering,
1526 1335 45 19 m.
1592 1334 48 20 m.

135 1379 100 30 skola
258 1378 131 30 erhålla
411 1378 115 30 nedan
549 1377 149 40 angivna
719 1377 145 39 lydelse:

850 1460 74 37 28.

179 1529 118 31 Under
323 1528 319 39 beskattningsåret
671 1527 84 31 1954
779 1528 57 30 må
862 1528 130 39 avdrag
1019 1527 55 30 för
1099 1526 314 39 värdeminskning
1437 1527 20 29 å
1483 1526 159 29 inventa-

134 1580 80 34 rier,
240 1589 74 21 som
337 1579 203 30 anskaffats
560 1579 111 30 under
693 1578 330 39 beskattningsåren
1048 1577 82 30 1953
1153 1577 83 30 eller
1261 1576 93 35 1954,
1378 1576 158 40 åtnjutas
1558 1575 82 31 med

135 1631 103 39 högst
260 1630 102 39 tjugu
384 1631 146 39 procent
553 1629 54 30 för
629 1629 38 30 år
688 1629 128 30 räknat
838 1638 42 21 av
902 1628 279 30 inventariernas
1205 1627 366 39 anskaffningsvärde.

181 1681 201 39 Föreligger
413 1680 224 30 beträffande
671 1679 222 34 inventarier,
929 1678 212 30 anskaffade
1174 1678 111 29 under
1317 1677 324 39 beskattningsåret

138 1731 94 34 1953,
257 1731 123 29 sådant
400 1730 73 34 fall,
495 1731 51 28 att
568 1730 130 39 avdrag
716 1747 44 3 —
776 1747 45 3 —
838 1747 45 3 —
904 1728 108 40 enligt
1032 1729 114 29 denna
1168 1728 215 39 förordning.

181 1781 75 30 Vad
278 1781 11 28 i
312 1782 111 29 första
443 1798 45 3 —
508 1798 46 4 —
572 1798 45 4 —
637 1779 211 30 anskaffats.

180 1832 72 29 Har
270 1831 234 39 skattskyldig
520 1831 111 29 under
647 1829 319 40 beskattningsåret
985 1829 82 30 1953
1085 1829 76 30 icke
1178 1829 217 39 tillgodofört
1414 1829 51 39 sig
1481 1846 45 4 —
1539 1846 44 4 —
1597 1845 46 4 —

137 1881 321 40 beskattningsåret
482 1880 93 31 1954.

849 1947 19 30 3
896 1946 27 37 8.

182 2016 72 29 Har
279 2014 234 39 skattskyldig
533 2032 45 3 —
598 2032 44 3 —
663 2031 45 4 —
733 2013 72 30 före
829 2013 173 39 ingången
1028 2022 41 21 av
1092 2013 318 39 beskattningsåret
1438 2012 94 34 1953,
1558 2012 84 30 eller

137 2066 64 29 har
225 2083 45 3 —
290 2082 44 4 —
355 2082 45 4 —
425 2064 265 40 skattepliktiga
714 2064 169 29 intäkten.

182 2115 164 39 Åtnjuter
369 2114 236 40 skattskyldig
624 2132 44 4 —
689 2132 45 3 —
754 2132 44 3 —
821 2114 111 29 under
955 2113 330 39 beskattningsåret.

184 2166 66 30 Om
274 2165 234 39 skattskyldig
527 2183 44 3 —
591 2182 44 4 —
655 2182 45 4 —
722 2164 458 39 anskaffningskostnaden.

851 2247 18 29 6
897 2247 27 36 8.

183 2314 235 39 Ådagalägger
447 2313 244 39 skattskyldig,
720 2315 50 28 att
797 2313 120 29 värdet
946 2313 20 29 å
994 2312 222 34 inventarier,
1247 2321 72 20 som
1350 2312 202 29 anskaffats
1578 2321 65 20 un-

139 2365 60 30 der
219 2363 328 39 beskattningsåren
570 2364 81 29 1953
672 2364 82 29 eller
779 2362 91 35 1954,
892 2362 142 39 nedgått
1088 2380 9 2 —
1122 2380 1 3 —
1196 2380 25 2 —
1242 2363 109 28 större
1372 2362 140 38 avdrag.

183 2415 54 29 Ha
260 2413 222 34 inventarier,
509 2423 74 20 som
610 2413 199 30 anskaffats
835 2413 111 29 under
970 2412 328 39 beskattningsåren
1327 2412 82 29 1953
1437 2412 82 30 eller
1547 2412 96 33 1954,

139 2465 171 38 avyttrats
330 2482 43 3 —
400 2482 1 3 —
453 2481 44 4 —
516 2463 254 40 tillämpning.»
