1878 2796
481 191 288 31 Siatsutskottets
795 190 178 30 utlåtande
998 199 42 20 nr
1065 190 40 29 10
1129 190 40 29 år
1195 189 85 30 1959
1594 189 39 29 45

126 276 143 34 kronor,
292 284 106 21 varav
424 275 49 33 1,5
499 274 88 39 milj.
611 274 133 29 kronor
768 273 111 30 skulle
904 272 213 30 omedelbart
1143 272 121 30 ställas
1289 271 51 30 till
1366 271 268 39 företagareför-

127 326 212 40 eningarnas
357 324 209 40 förfogande
583 324 65 30 och
666 323 200 31 återstoden
883 322 141 31 innestå
1040 322 63 30 hos
1122 322 127 39 Kungl.
1269 322 105 39 Maj:t
1393 321 56 31 för
1467 321 168 30 framtida

128 376 121 30 behov.

173 427 12 29 I
207 427 110 29 likhet
337 426 79 30 med
436 424 372 40 kommerskollegium
828 432 102 22 anser
952 422 387 41 departementschefen
1358 423 58 30 det
1436 423 192 30 realistiskt

130 478 49 28 att
204 477 4 29 i
229 476 203 30 nuvarande
451 475 303 40 konjunkturläge
773 475 112 29 räkna
904 474 80 30 med
1004 483 42 20 en
1064 473 71 30 viss
1155 474 133 39 ökning
1307 482 43 21 av
1369 473 259 30 förlustrisken.

130 528 79 29 Han
234 527 61 29 vill
320 526 89 30 dock
434 526 118 30 erinra
576 535 57 20 om
661 527 51 29 att
737 525 146 39 tidigare
910 524 233 39 sammanlagt
1168 524 31 39 ej
1229 523 136 30 mindre
1392 525 46 28 än
1464 523 52 35 3,3
1542 523 87 39 milj.

131 578 131 29 kronor
291 578 11 29 i
330 576 248 31 subventioner
606 576 114 30 ställts
749 576 54 29 till
834 574 468 41 företagareföreningarnas
1329 573 209 41 förfogande
1566 574 64 29 och

131 630 50 27 att
204 628 42 29 de
269 628 106 29 därav
397 628 97 28 ännu
516 626 67 30 den
605 627 40 30 30
666 626 81 40 juni
772 626 82 30 1958
874 625 92 30 hade
987 625 100 39 drygt
1111 625 48 34 1,7
1184 624 90 39 milj.
1296 624 132 29 kronor
1448 624 183 40 odispone-

131 678 93 30 rade.
245 678 126 30 Vidare
388 678 97 29 finns
506 677 111 29 under
635 676 230 30 förevarande
883 676 123 39 anslag
1024 676 10 28 i
1052 677 83 28 runt
1154 675 50 29 tal
1222 675 63 29 800
1300 674 62 30 000
1381 675 134 28 kronor
1531 683 43 20 av
1590 674 42 29 ti-

131 728 119 40 digare
279 728 169 39 anslagna
479 726 343 31 subventionsmedel
847 725 232 30 reserverade.
1109 725 133 30 Genom
1272 724 268 39 föreningarnas
1568 733 63 20 nu-

133 787 97 21 mera
246 779 158 30 avsevärt
422 777 216 31 förbättrade
656 777 165 29 ekonomi
838 777 64 29 har
919 775 107 31 också
1044 776 144 39 skapats
1205 775 114 30 ökade
1336 774 223 40 möjligheter
1577 774 55 29 för

132 829 80 29 dem
230 831 51 28 att
299 829 112 39 själva
428 828 105 31 täcka
550 828 36 29 in
604 827 20 30 å
641 827 236 30 lånerörelsen
896 825 287 41 uppkommande
1201 825 176 30 förluster.
1396 825 78 31 Med
1495 824 137 39 hänsyn

132 879 122 30 härtill
271 888 102 21 anser
391 879 73 29 han
482 878 77 30 icke
578 877 115 40 någon
712 877 131 40 ökning
861 886 43 21 av
924 875 489 40 subventionsmedelsposten
1431 875 87 29 böra
1536 875 96 29 kom-

133 939 57 20 ma
212 930 54 30 till
290 929 102 30 stånd
414 929 56 30 för
492 930 101 28 nästa
615 927 171 40 budgetår
808 929 86 28 utan
915 926 148 31 föreslår
1085 928 50 28 att
1160 926 54 29 till
1237 925 200 31 ändamålet
1459 925 173 29 beräknas

133 979 207 30 oförändrat
357 980 63 30 300
435 979 64 31 000
516 979 140 30 kronor.

177 1089 186 30 Utskottet.
392 1088 119 30 Under
537 1087 310 40 kapitalbudgeten
873 1087 66 28 har
965 1086 54 29 till
1045 1085 467 39 företagareföreningarnas
1541 1084 90 29 låne-

133 1139 224 29 verksamhet
381 1138 55 30 för
462 1137 237 30 innevarande
723 1136 169 40 budgetår
916 1136 155 30 anvisats
1095 1137 48 28 ett
1167 1134 358 40 investeringsanslag
1549 1143 42 20 av
1614 1134 18 29 5

133 1189 164 39 miljoner
315 1189 141 29 kronor.
477 1188 121 31 Såsom
615 1186 389 42 departementschefen
1024 1186 205 34 framhållit,
1248 1185 99 30 torde
1366 1185 79 29 med
1465 1184 104 29 tanke
1588 1183 44 40 på

135 1239 467 40 utlåningsverksamhetens
622 1240 94 28 stora
735 1237 175 40 betydelse
929 1237 55 30 för
1002 1236 206 30 hantverks-
1227 1236 64 29 och
1311 1234 321 31 småindustriföre-

134 1292 104 37 tagen
262 1299 43 20 en
331 1290 225 39 uppräkning
582 1298 41 20 av
648 1288 159 39 anslaget
832 1288 123 29 kunna
979 1288 198 38 övervägas.
1205 1286 78 29 Med
1308 1286 139 39 hänsyn
1472 1284 54 30 till
1551 1285 83 29 nöd-

133 1340 235 40 vändigheten
386 1350 42 20 av
448 1341 51 28 att
522 1340 6 29 i
546 1338 205 31 nuvarande
769 1337 291 31 statsfinansiella
1079 1338 74 38 läge
1171 1336 171 39 begränsa
1363 1336 41 29 de
1423 1336 140 39 statliga
1581 1337 53 28 ut-

135 1390 153 39 giflerna
304 1392 38 28 är
356 1391 172 29 utskottet
544 1390 88 29 dock
647 1389 78 30 icke
740 1389 109 29 berett
866 1390 50 27 att
931 1387 143 30 förorda
1087 1396 44 20 en
1146 1387 38 29 så
1200 1386 168 30 avsevärd
1383 1386 159 39 höjning,
1560 1395 74 20 som

135 1440 199 40 föreslagits
352 1441 11 29 i
382 1441 41 29 de
443 1439 231 30 förenämnda
693 1439 230 29 motionerna.
942 1438 54 29 En
1016 1437 108 29 sådan
1141 1436 149 40 höjning
1311 1445 102 30 synes
1431 1436 78 29 icke
1528 1436 106 29 heller

135 1490 194 30 motiverad
355 1490 80 30 med
461 1490 138 38 hänsyn
623 1489 52 29 till
702 1488 176 30 storleken
904 1497 42 20 av
971 1487 41 29 de
1037 1486 204 34 lånemedel,
1269 1494 73 21 som
1367 1485 269 40 företagareför-

134 1541 193 39 eningarna
345 1541 122 29 utöver
488 1540 156 38 anslaget
663 1539 124 29 kunna
807 1538 187 39 disponera
1015 1537 110 29 under
1145 1538 104 28 nästa
1268 1536 179 40 budgetår.
1468 1536 165 29 Däremot

134 1591 60 30 vill
215 1591 170 29 utskottet
404 1590 138 30 biträda
563 1587 406 42 departementschefens
988 1587 139 40 förslag,
1149 1589 51 28 att
1220 1587 155 39 anslaget
1395 1586 102 39 höjes
1517 1586 78 29 med
1617 1586 14 29 1

136 1641 125 40 miljon
280 1642 130 29 kronor
428 1641 53 30 till
500 1641 19 29 6
538 1640 165 39 miljoner
720 1640 140 29 kronor.
879 1638 219 30 Motionerna
1119 1638 187 38 avstyrkas
1324 1636 149 30 sålunda
1491 1637 11 28 i
1521 1636 112 30 denna

135 1692 64 30 del.

178 1743 50 29 De
250 1742 132 39 bidrag,
407 1750 75 21 som
506 1742 80 28 över
608 1749 47 20 nu
678 1739 229 30 förevarande
933 1738 121 39 anslag
1079 1738 80 38 utgå
1183 1737 52 30 till
1261 1736 373 40 företagareförening-

135 1802 96 25 arna,
249 1794 60 28 äro
327 1792 151 30 avsedda
497 1792 72 29 dels
588 1791 54 29 för
658 1791 102 29 deras
779 1788 506 34 administrationskostnader,
1303 1788 72 29 dels
1395 1797 76 20 som
1489 1787 145 30 subven-

135 1842 113 30 tioner
267 1842 55 30 för
340 1842 228 38 avskrivning
585 1850 42 21 av
644 1840 269 39 föreningarnas
932 1839 165 30 förluster
1114 1839 46 40 på
1179 1838 359 29 låneverksamheten.
1561 1837 73 30 Vad

136 1892 109 39 angår
267 1890 546 31 administrationskostnaderna
837 1889 173 29 beräknas
1033 1889 100 29 dessa
1156 1888 113 30 under
1291 1888 238 29 innevarande
1551 1887 85 29 bud-

135 1942 98 39 getår
255 1942 115 39 uppgå
392 1942 54 30 till
467 1942 51 33 2,7
543 1940 164 39 miljoner
728 1940 141 29 kronor.
893 1939 67 29 För
981 1938 224 30 bestridande
1229 1947 42 20 av
1292 1936 269 41 ifrågavarande
1584 1938 52 28 ut-

136 1992 105 39 gifter
264 1993 52 28 stå
339 1992 53 30 till
415 1991 268 38 föreningarnas
708 1989 206 40 förfogande
938 1989 74 29 dels
1037 1988 148 39 löpande
1208 1988 195 29 inkomster
1425 2006 44 2 —
1494 1987 142 29 konsul-

137 2042 290 39 tationsavgifter,
454 2041 404 33 nettoränteinkomster,
884 2039 122 39 bidrag
1033 2038 78 30 från
1137 2038 222 39 landstingen
1385 2039 63 28 etc.
1473 2056 44 2 —
1543 2037 93 29 vilka

138 2093 98 29 torde
255 2093 171 38 överstiga
447 2093 19 29 3
487 2091 163 39 miljoner
670 2091 142 33 kronor,
832 2090 72 29 dels
925 2092 75 36 eget
1020 2089 133 39 kapital
1173 2088 45 40 på
1237 2088 52 34 4,4
1312 2088 164 39 miljoner
1496 2088 138 28 kronor.

138 2144 112 28 Kassa
269 2143 65 28 och
353 2143 196 28 inkomster
571 2141 142 28 komma
734 2140 102 29 alltså
856 2141 49 27 att
927 2139 158 29 avsevärt
1106 2138 174 38 överstiga
1300 2137 248 29 kostnaderna.
1571 2137 65 28 För

138 2194 102 28 nästa
265 2192 169 38 budgetår
462 2192 179 28 förväntas
667 2190 269 38 föreningarnas
963 2190 74 37 eget
1064 2188 132 38 kapital
1224 2188 65 29 och
1316 2187 100 29 deras
1443 2187 193 29 inkomster

139 2243 143 28 komma
299 2244 49 27 att
367 2242 89 38 stiga
475 2240 209 39 ytterligare.
705 2241 65 28 Det
789 2240 79 33 kan,
889 2239 116 29 såsom
1026 2237 386 39 departementschefen
1432 2237 203 32 framhållit,

141 2292 109 29 under
272 2292 131 28 sådana
427 2290 244 29 förhållanden
694 2289 236 37 ifrågasättas,
952 2298 57 19 om
1031 2288 102 37 något
1156 2287 142 29 särskilt
1321 2287 317 28 administrations-

139 2342 122 38 bidrag
280 2341 86 29 skall
385 2340 118 29 anslås
522 2340 43 38 på
585 2339 189 29 riksstaten
792 2338 54 29 för
863 2338 56 29 det
937 2337 210 29 kommande
1167 2337 214 38 budgetåret.
1401 2338 11 28 I
1432 2337 107 28 likhet
1560 2336 75 28 med

141 2390 367 38 kommerskollegium
535 2398 100 20 anser
658 2389 171 29 utskottet
852 2388 100 33 dock,
976 2390 49 27 att
1050 2388 137 38 hänsyn
1212 2387 62 29 bör
1297 2389 96 35 tagas
1421 2386 48 29 till
1497 2388 50 27 att
1571 2386 67 28 för-

139 2441 212 38 eningarnas
370 2440 196 28 inkomster
584 2439 9 28 i
613 2439 66 38 hög
698 2438 85 39 grad
804 2439 57 28 äro
881 2437 170 30 beroende
1072 2447 40 19 av
1133 2437 235 37 föränderliga
1389 2437 165 28 faktorer.
1576 2436 63 29 Va-

142 2491 165 29 riationer
332 2491 7 28 i
365 2490 188 37 ränteläget
579 2489 151 39 påverka
754 2488 213 29 omedelbart
992 2488 266 36 föreningarnas
1282 2487 173 29 ekonomi.
1482 2488 49 27 En
1558 2487 81 28 kon-
