1882 2788
468 173 287 29 Statsutskottets
781 174 179 29 utlåtande
984 183 43 20 nr
1054 175 40 28 10
1118 175 39 29 år
1183 176 83 28 1959
1583 176 39 30 69

119 253 268 39 kompensation
415 255 53 29 för
495 255 369 40 kostnadsstegringar
892 256 109 30 under
1029 257 204 39 budgetåret
1264 258 159 36 1957/58,
1452 260 165 29 hemstäl-

120 304 47 30 ler
187 305 179 34 utskottet,

471 358 49 28 att
538 356 188 39 riksdagen
745 357 58 30 må
821 357 52 30 till
893 357 127 40 Bidrag
1040 358 53 29 till
1110 358 342 40 handelshögskolan
1472 359 11 29 i
1495 360 121 29 Stock-

427 407 93 29 holm
548 406 54 30 för
630 407 204 40 budgetåret
864 408 147 36 1959/60
1039 409 123 29 anvisa
1187 411 47 28 ett
1261 410 121 39 anslag
1408 420 41 19 av
1474 411 61 29 561
1552 410 64 30 400

427 457 139 30 kronor.

162 540 95 34 37:0)
283 541 125 36 Bidrag
428 543 51 28 till
498 543 340 35 handelshögskolan
860 544 10 28 i
890 544 180 35 Göteborg.
1092 544 122 37 Kungl.
1235 544 103 36 Maj:t
1358 545 62 29 har
1441 546 176 37 föreslagit

117 590 186 40 riksdagen
332 591 129 39 (punkt
484 592 50 34 92,
559 602 25 21 s.
611 592 188 35 175—181)
828 595 50 27 att
902 593 72 29 dels
998 593 187 39 godkänna
1210 604 42 20 av
1277 594 340 40 departementsche-

119 640 58 29 fen
198 640 165 31 förordad
383 642 191 29 huvudstat
597 642 54 29 för
672 642 343 40 handelshögskolan
1037 644 10 29 i
1070 644 179 40 Göteborg,
1272 647 50 27 att
1344 645 176 40 tillämpas
1545 646 71 29 tills

117 691 117 30 vidare
255 692 111 29 under
387 692 205 39 budgetåret
615 692 159 36 1959/60,
797 693 74 29 dels
893 694 64 29 ock
977 694 51 29 till
1050 694 129 39 Bidrag
1199 695 51 29 till
1271 695 343 39 handelshögskolan

119 743 8 28 i
145 741 170 41 Göteborg
333 742 55 29 för
405 743 153 29 nämnda
576 742 169 40 budgetår
763 743 120 30 anvisa
902 746 47 27 ett
966 743 274 41 förslagsanslag
1257 754 41 20 av
1317 746 60 29 705
1393 746 62 30 900
1474 746 142 29 kronor.

163 834 11 28 I
202 834 55 30 två
285 834 222 39 likalydande
535 835 182 35 motioner,
744 836 126 29 väckta
897 836 66 29 den
990 845 64 21 ena
1081 836 96 30 inom
1204 837 111 30 första
1341 838 205 29 kammaren
1575 848 40 19 av

117 883 80 30 herr
220 884 92 30 Dahl
334 885 65 29 och
425 884 56 30 fru
505 885 358 41 Segerstedt-Wiberg
893 886 45 33 (1:
955 887 80 34 261)
1066 888 65 28 och
1156 887 66 29 den
1246 888 113 29 andra
1384 888 95 29 inom
1504 888 110 30 andra

117 933 206 30 kammaren
349 944 42 20 av
416 935 80 29 herr
522 936 190 40 Gustafson
742 937 9 28 i
779 936 170 40 Göteborg
977 946 45 21 m.
1053 937 38 39 fl.
1125 938 61 33 (II:
1204 937 79 35 324)
1315 938 64 29 har
1406 939 207 33 hemställts,

117 986 50 28 att
190 984 187 40 riksdagen
401 985 108 30 måtte
532 985 137 31 besluta
693 995 58 20 om
774 986 149 41 höjning
948 996 42 20 av
1013 987 158 40 bidraget
1195 988 51 29 till
1271 988 343 40 handelshögskolan

116 1035 9 28 i
154 1035 168 39 Göteborg
349 1036 80 29 med
457 1036 118 30 40000
603 1037 130 29 kronor
761 1037 54 29 för
842 1037 198 30 inrättande
1068 1048 42 19 av
1138 1039 69 29 fem
1234 1039 149 32 lektorat
1410 1039 10 29 i
1447 1039 169 30 samband

117 1086 78 29 med
222 1086 214 39 indragande
463 1096 42 20 av
529 1096 43 20 en
598 1087 168 29 docentur
791 1088 65 29 och
882 1087 76 40 fyra
982 1088 176 40 tillfälliga
1184 1088 341 40 lärarbefattningar.

161 1135 226 31 Beträffande
410 1137 253 40 motiveringen
685 1137 53 30 för
759 1138 173 39 yrkandet
955 1139 165 30 hänvisas
1142 1139 52 29 till
1217 1139 177 29 motionen
1416 1140 44 29 II:
1477 1139 73 30 324.

158 1228 163 39 Anslaget
347 1230 37 28 är
409 1229 54 30 för
487 1229 237 31 innevarande
748 1229 171 40 budgetår
943 1231 144 40 uppfört
1112 1231 79 29 med
1218 1232 61 29 709
1294 1232 63 29 600
1383 1232 138 29 kronor.

158 1280 12 28 I
196 1278 97 40 fråga
317 1288 57 20 om
397 1280 201 38 grunderna
619 1281 55 28 för
697 1280 280 30 bestämmandet
1001 1291 42 20 av
1068 1283 132 28 statens
1224 1282 122 39 bidrag
1372 1282 52 29 till
1449 1282 163 29 handels-

113 1329 193 38 högskolan
332 1330 106 39 gäller
461 1348 43 3 —
531 1330 117 30 såsom
674 1330 205 30 framhålles
905 1332 11 28 i
944 1332 456 39 statsverkspropositionen
1426 1351 43 2 —
1495 1334 48 28 ett
1570 1341 41 21 av

114 1380 123 38 Kungl.
262 1380 105 39 Maj:t
391 1380 65 29 den
479 1382 17 29 5
519 1381 80 39 juni
624 1381 82 29 1953
730 1382 78 28 med
833 1382 76 29 stöd
932 1391 42 20 av
997 1382 207 39 riksdagens
1229 1382 277 39 bemyndigande
1531 1383 80 38 god-

112 1429 86 30 känt
222 1431 101 34 avtal,
348 1439 74 21 som
446 1431 142 29 träffats
612 1431 128 29 mellan
764 1431 217 30 företrädare
1004 1432 55 29 för
1085 1434 123 32 staten,
1233 1432 187 39 Göteborgs
1445 1433 76 29 stad
1546 1433 64 28 och

112 1480 345 39 handelshögskolan
482 1481 11 29 i
521 1481 180 39 Göteborg.
729 1481 117 39 Enligt
875 1482 126 29 avtalet
1029 1483 89 28 skall
1147 1482 190 39 utgifterna
1366 1483 54 28 för
1450 1482 161 30 handels-

112 1530 204 39 högskolan,
344 1531 51 29 till
420 1531 65 29 den
510 1531 54 30 del
589 1532 41 29 de
653 1531 76 30 icke
753 1532 71 29 kan
850 1532 118 29 täckas
994 1542 42 19 av
1059 1532 213 39 högskolans
1298 1540 86 31 egna
1409 1532 121 35 medel,
1555 1532 55 29 be-

113 1581 127 29 stridas
264 1591 42 19 av
329 1583 114 27 staten
464 1582 64 29 och
550 1581 188 40 Göteborgs
762 1582 87 29 stad.
873 1583 130 29 Härvid
1027 1583 132 29 betalar
1185 1585 113 27 staten
1321 1583 57 29 två
1400 1583 211 39 tredjedelar

113 1632 64 28 och
201 1631 187 40 Göteborgs
415 1632 76 29 stad
516 1641 44 20 en
585 1632 169 39 tredjedel
780 1642 42 20 av
850 1633 59 29 105
925 1633 61 29 000
1013 1633 140 30 kronor.
1180 1632 280 40 Överskjutande
1486 1633 125 39 belopp

113 1681 168 30 bestrides
307 1682 78 29 med
411 1685 50 27 tre
487 1682 214 39 fjärdedelar
725 1692 42 20 av
792 1685 114 27 staten
931 1684 62 28 och
1019 1693 42 19 en
1091 1683 171 40 fjärdedel
1288 1693 41 20 av
1355 1683 136 35 staden;
1522 1683 88 29 dock

114 1732 89 29 skall
233 1733 141 29 stadens
404 1733 264 39 sammanlagda
697 1733 122 39 bidrag
848 1734 75 29 icke
952 1734 171 38 överstiga
1156 1734 58 29 175
1231 1734 62 29 000
1324 1734 139 31 kronor.
1494 1734 115 38 Enligt

113 1782 112 30 beslut
245 1792 42 20 av
306 1783 186 38 riksdagen
513 1783 90 29 skall
624 1783 141 30 stadens
785 1783 122 40 bidrag
927 1784 29 39 ej
979 1784 172 39 påverkas
1169 1793 43 20 av
1233 1784 67 29 den
1321 1784 290 29 inkomstminsk-

114 1832 91 39 ning,
227 1842 74 20 som
322 1833 178 29 åsamkats
520 1833 347 39 handelshögskolan
887 1842 123 30 genom
1031 1834 293 29 statsmakternas
1344 1834 112 29 beslut
1477 1843 57 19 om
1556 1843 55 20 av-

113 1882 187 30 skaffande
325 1892 43 20 av
392 1883 297 39 terminsavgifter
714 1884 63 28 och
803 1884 110 29 andra
937 1883 249 38 obligatoriska
1211 1884 147 38 avgifter
1382 1884 56 28 vid
1463 1884 149 38 högsko-

113 1932 67 29 lan.
206 1933 410 39 Inkomstminskningen
640 1934 250 38 kompenseras
917 1942 122 30 genom
1062 1936 47 27 ett
1135 1934 141 28 särskilt
1301 1933 210 39 statsbidrag
1536 1943 74 19 som

114 1983 54 28 för
190 1983 217 29 närvarande
431 1983 99 39 utgår
554 1984 79 28 med
659 1984 60 29 106
734 1984 63 29 900
821 1984 139 29 kronor.

157 2033 134 30 Avtalet
317 2033 193 29 innehåller
535 2043 42 19 en
603 2033 244 31 bestämmelse
872 2036 50 27 att
947 2034 115 29 därest
1089 2034 184 39 väsentligt
1301 2034 153 29 ändrade
1480 2033 130 30 förhål-

115 2084 125 28 landen
258 2102 44 2 —
323 2086 21 27 t.
366 2093 49 20 ex.
437 2094 41 18 en
499 2084 244 40 förskjutning
766 2085 7 28 i
795 2085 276 38 penningvärdet
1101 2103 1 2 —
1157 2084 165 34 inträder,
1344 2084 267 38 förhandlingar

113 2133 87 29 skall
223 2136 171 36 upptagas
414 2143 55 19 om
489 2143 41 19 en
553 2134 171 38 reglering
744 2144 42 19 av
807 2134 141 29 stadens
969 2134 278 39 maximibidrag.
1269 2134 77 29 Med
1369 2134 74 28 stöd
1466 2143 42 20 av
1529 2134 82 29 den-

113 2192 42 20 na
183 2183 242 30 bestämmelse
451 2184 156 29 inleddes
643 2203 1 1 —
699 2184 44 39 på
770 2184 151 29 initiativ
946 2184 77 29 från
1047 2186 136 27 statens
1213 2184 73 29 sida
1313 2202 43 2 —
1383 2184 109 28 under
1521 2193 90 19 som-

114 2242 117 19 maren
259 2234 83 28 1958
370 2233 266 39 förhandlingar
663 2235 126 27 mellan
817 2234 289 38 avtalsparterna,
1134 2234 91 29 vilka
1256 2234 265 37 förhandlingar
1549 2242 62 19 nu-

115 2292 90 20 mera
231 2283 160 28 slutförts
415 2284 62 27 och
503 2284 184 28 resulterat
713 2284 7 28 i
745 2285 50 28 att
821 2283 241 29 företrädarna
1088 2283 52 29 för
1162 2283 190 38 Göteborgs
1378 2283 74 29 stad
1480 2283 130 28 förkla-

114 2334 53 27 rat
187 2333 49 37 sig
257 2332 150 30 beredda
430 2333 150 34 förorda,
602 2335 48 27 att
673 2334 140 28 stadens
836 2333 267 38 maximibidrag
1125 2333 50 29 till
1196 2333 192 37 högskolan
1410 2333 98 37 höjes
1532 2332 77 29 från

116 2383 58 28 175
190 2383 61 29 000
275 2383 50 28 till
350 2384 62 28 200
428 2384 61 28 000
513 2383 130 28 kronor
666 2383 90 33 eller,
780 2393 55 18 om
861 2383 431 37 förhandlingsklausulen
1316 2383 7 28 i
1350 2383 125 28 avtalet
1500 2382 109 38 utgår,

114 2432 49 29 till
185 2433 61 28 225
262 2434 62 28 000
344 2433 139 30 kronor.

158 2482 250 30 Företrädaren
432 2483 52 29 för
505 2485 114 27 staten
640 2483 55 29 vid
719 2483 313 38 förhandlingarna
1056 2483 160 29 förordar
1302 2482 75 29 med
1403 2483 134 38 hänsyn
1561 2482 49 29 till
