1876 2792
468 157 288 30 Statsutskottets
782 158 179 29 utlåtande
985 167 44 20 nr
1054 158 41 30 10
1119 158 39 30 år
1184 159 84 29 1959
1583 159 41 30 25

118 240 158 31 utsikter.
299 241 66 29 Det
387 242 39 28 är
446 240 122 31 därför
588 241 191 39 angeläget,
801 241 134 30 hävdar
957 242 181 38 styrelsen,
1161 242 50 29 att
1232 242 142 39 utvidga
1399 242 66 29 den
1487 242 130 40 grund-

118 290 167 39 läggande
303 291 66 29 och
387 290 210 41 långsiktiga
616 291 231 40 forskningen
864 291 46 41 på
927 291 94 30 detta
1039 291 143 30 område
1200 292 65 29 och
1285 292 203 39 därigenom
1506 293 110 39 skapa

118 340 221 40 möjligheter
364 341 54 30 för
442 341 66 30 den
533 341 151 30 svenska
707 340 274 41 flygindustrien
1005 344 51 28 att
1079 342 45 40 på
1147 342 140 30 kortare
1311 343 65 29 och
1400 343 120 39 längre
1547 343 69 29 sikt

118 390 211 32 konstruera
348 401 70 30 nya
437 391 102 31 civila
559 393 265 39 transportplan
845 402 43 20 av
909 392 110 30 sådan
1038 393 155 34 kvalitet,
1214 394 52 28 att
1288 393 42 29 de
1349 393 71 30 kan
1439 393 109 29 vinna
1568 393 50 30 ef-

117 441 178 40 terfrågan
320 442 46 40 på
388 442 68 30 den
477 442 161 30 växande
660 442 103 31 civila
786 442 399 40 flygplansmarknaden
1208 443 212 30 utomlands.

162 492 135 40 Frågan
315 502 58 20 om
390 492 226 41 tillverkning
634 493 97 30 inom
749 493 118 30 landet
885 496 11 29 i
915 495 72 28 stor
1006 494 99 30 skala
1123 503 43 20 av
1185 494 157 39 flygplan
1361 493 53 31 för
1433 494 68 29 den
1518 494 99 29 kom-

117 543 173 30 mersiella
312 543 225 30 lufttrafiken
559 545 39 29 är
620 543 55 31 för
696 543 222 31 närvarande
938 543 112 31 under
1071 544 213 30 diskussion.
1308 545 67 29 För
1396 544 222 30 närvarande

118 602 102 30 synes
247 593 89 30 dock
360 593 124 36 oklart,
510 603 58 20 om
596 594 42 30 de
661 594 223 30 industriella
908 594 256 39 betingelserna
1189 594 184 40 föreligger
1397 595 11 29 i
1432 594 77 30 vårt
1534 594 82 30 land

118 643 55 30 för
194 653 41 20 en
256 644 97 39 dylik
374 644 125 30 främst
519 644 46 40 på
584 646 123 38 export
726 645 157 29 inriktad
904 644 404 40 flygplansproduktion.
1330 645 13 29 I
1364 645 56 29 det
1441 654 175 20 samman-

116 693 127 40 hanget
264 695 72 29 kan
355 695 158 34 nämnas,
535 697 52 27 att
608 694 240 40 flygtekniska
869 695 336 30 försöksanstaltens
1227 695 145 39 styrelse
1393 695 112 29 under
1526 704 90 20 scm-

118 753 120 21 maren
261 745 84 29 1958
367 744 187 40 uppdragit
575 745 35 30 åt
632 744 240 40 flygtekniska
892 745 97 30 rådet
1012 747 51 28 att
1084 745 200 30 undersöka
1305 745 44 31 bl.
1373 754 29 21 a.
1423 745 193 40 problemet

116 803 60 22 om
192 795 236 30 förhållandet
447 795 130 30 mellan
597 795 131 30 militär
748 796 65 29 och
833 795 80 30 civil
932 795 216 40 flygteknisk
1169 795 195 40 forskning.

161 845 13 29 I
198 845 174 30 avvaktan
396 846 44 40 på
464 845 241 40 flygtekniska
726 846 120 30 rådets
870 845 264 40 undersökning
1158 846 64 29 och
1247 846 42 30 de
1313 845 303 40 kompletterande

116 895 238 40 utredningar,
383 904 75 21 som
482 896 71 29 kan
579 896 143 30 komma
749 898 51 29 att
824 896 77 30 visa
926 897 50 39 sig
1001 896 182 40 behövliga
1209 896 55 30 för
1289 905 43 21 en
1356 896 176 30 realistisk
1559 895 56 30 be-

116 945 167 41 dömning
298 956 44 20 av
357 946 79 30 hela
453 946 126 39 frågan
595 956 57 20 om
669 947 67 29 den
753 947 170 29 framtida
940 946 241 40 inriktningen
1198 947 64 29 hos
1281 947 127 29 svensk
1425 946 191 39 flygforsk-

115 996 93 40 ning,
231 996 100 30 torde
355 996 287 31 återhållsamhet
666 997 84 30 böra
775 997 175 39 iakttagas
974 998 10 28 i
1009 996 100 40 fråga
1134 1006 58 20 om
1215 1006 69 30 nya
1308 997 120 39 anslag
1450 997 53 29 till
1527 996 88 39 flyg-

117 1046 163 31 tekniska
304 1047 330 30 försöksanstalten.
658 1047 397 40 Departementschefen
1079 1048 39 29 är
1142 1047 148 30 sålunda
1315 1047 75 29 icke
1413 1047 129 29 beredd
1567 1048 51 28 att

117 1097 177 39 tillstyrka
321 1097 92 30 ökad
439 1097 321 40 medelsanvisning
788 1098 84 29 eller
898 1098 110 29 andra
1036 1097 249 39 förändringar
1311 1097 111 29 under
1450 1097 167 39 anslagen

117 1147 54 31 till
193 1147 205 40 avlöningar
419 1148 64 29 och
506 1147 252 31 omkostnader
780 1150 88 28 utan
891 1148 161 30 förordar
1076 1150 50 27 att
1153 1148 100 29 dessa
1277 1148 122 39 anslag
1422 1147 111 30 hålles
1559 1146 58 30 vid

118 1206 44 21 en
186 1198 11 29 i
224 1199 87 28 stort
338 1200 67 28 sett
430 1197 216 31 oförändrad
672 1198 90 31 nivå.
789 1198 352 40 Avlöningsanslaget
1167 1198 63 30 bör
1255 1198 10 29 i
1293 1198 151 39 enlighet
1470 1197 147 30 härmed

118 1247 122 32 endast
256 1249 205 39 uppräknas
478 1249 79 29 med
574 1249 138 40 hänsyn
726 1249 56 30 till
798 1249 96 30 vissa
909 1249 238 30 automatiska
1163 1248 326 40 utgiftsändringar.
1508 1248 111 29 Dessa

118 1298 172 30 beräknas
307 1299 55 30 till
378 1299 41 30 48
434 1299 61 31 700
514 1299 143 31 kronor.

162 1416 174 30 Utskottet
361 1416 115 30 finner
499 1416 168 39 påkallat,
691 1418 52 29 att
767 1417 240 40 flygtekniska
1031 1416 337 30 försöksanstaltens
1391 1415 225 30 verksamhet

115 1467 99 37 göres
240 1466 52 30 till
317 1466 147 30 föremål
488 1466 55 30 för
569 1468 163 29 närmare
756 1467 266 39 överväganden
1046 1468 73 28 mot
1142 1466 231 39 bakgrunden
1398 1475 42 20 av
1464 1467 41 29 de
1532 1465 84 30 änd-

117 1516 82 30 rade
218 1516 209 40 betingelser
447 1517 54 30 för
521 1517 127 36 denna,
669 1527 74 20 som
763 1517 100 30 blivit
883 1527 42 20 en
948 1517 90 40 följd
1059 1527 41 20 av
1123 1517 81 30 1958
1225 1517 57 29 års
1303 1516 281 30 försvarsbeslut.
1606 1516 13 29 I

117 1567 173 29 avvaktan
313 1567 45 39 på
381 1568 182 29 resultatet
587 1577 43 20 av
652 1568 178 39 pågående
854 1568 229 39 utredningar
1106 1567 11 29 i
1144 1568 116 29 ämnet
1285 1576 112 30 synes,
1423 1566 116 30 såsom
1563 1566 57 29 de-

122 1617 342 38 partementschefen
497 1617 209 35 framhållit,
740 1618 289 30 återhållsamhet
1060 1618 87 29 böra
1177 1618 175 39 iakttagas
1384 1617 11 29 i
1429 1616 100 40 fråga
1562 1625 57 20 om

115 1675 69 31 nya
202 1668 121 39 anslag
342 1668 52 29 till
414 1669 185 30 anstalten.
622 1669 78 29 Med
719 1669 140 39 hänsyn
878 1669 118 29 härtill
1016 1669 65 29 och
1101 1668 44 29 då
1164 1668 107 39 enligt
1290 1668 67 30 vad
1376 1668 172 29 utskottet
1567 1667 51 29 in-

113 1716 136 31 hämtat
266 1718 501 40 beställningsverksamheten
785 1720 113 29 under
916 1720 102 28 nästa
1035 1719 180 38 budgetår,
1232 1718 58 29 vid
1309 1718 213 30 oförändrad
1541 1726 76 21 ram

115 1769 55 30 för
193 1769 56 31 det
270 1777 89 32 egna
383 1769 349 39 forskningsarbetet,
755 1769 11 30 i
790 1771 87 28 stort
901 1771 65 28 sett
989 1769 99 30 torde
1111 1769 122 29 kunna
1256 1778 155 30 rymmas
1434 1768 96 29 inom
1555 1776 63 21 nu-

113 1821 152 29 varande
288 1821 131 38 anslag,
441 1820 63 29 har
524 1820 172 30 utskottet
717 1820 76 30 icke
816 1820 104 39 något
944 1822 48 27 att
1013 1819 116 29 erinra
1149 1821 71 28 mot
1241 1820 67 29 den
1328 1819 210 29 verkställda
1559 1828 59 20 an-

115 1871 338 37 slagsberäkningen.

157 1921 176 29 Utskottet
353 1920 213 36 hemställer,

467 1972 50 28 att
539 1970 188 39 riksdagen
750 1970 58 29 må

463 2021 36 34 a)
531 2021 187 39 godkänna
743 2020 158 40 följande
927 2019 254 40 avlöningsstat
1205 2019 55 30 för
1285 2019 238 39 flygtekniska
1549 2018 70 30 för-

424 2071 268 34 söksanstalten,
718 2072 51 28 att
794 2071 176 39 tillämpas
996 2069 72 31 tills
1092 2070 118 30 vidare
1235 2069 81 31 från
1341 2069 64 30 och
1429 2070 79 29 med
1532 2069 87 30 bud-

421 2121 130 40 getåret
580 2121 166 35 1959/60:

904 2235 237 38 Avlöningsstat

425 2303 26 29 1.
475 2302 203 38 Avlöningar
700 2302 50 29 till
774 2301 161 30 ordinarie
957 2302 215 38 tjänstemän,
1196 2300 181 39 förslagsvis
1398 2325 26 5 ..
1484 2301 61 29 204
1560 2301 62 29 800

423 2353 29 29 2.
475 2353 167 34 Arvoden,
666 2351 173 31 bestämda
863 2361 42 20 av
928 2351 121 38 Kungl.
1074 2351 97 38 Maj:t
1189 2374 233 6 ............
1506 2351 38 29 18
1558 2351 62 29 000

423 2403 28 29 3.
475 2402 204 38 Avlöningar
695 2402 50 29 till
763 2404 93 27 extra
873 2402 215 38 tjänstemän,
1107 2401 324 29 verkstadsarbetare

477 2453 60 29 och
560 2453 162 38 tillfälliga
746 2452 163 35 biträden,
933 2451 181 39 förslagsvis
1133 2474 291 7 s....sssssssse
1397 2447 30 48 es
1455 2451 91 30 1898
1561 2450 60 30 700
