2214 2612
402 152 40 28 20
605 149 102 28 Första
734 148 187 28 kammarens
944 144 112 30 andra
1081 140 152 37 tillfälliga
1261 140 121 28 utskotts
1409 136 150 29 utlåtande
1583 133 50 31 Nr
1658 134 50 27 21.

1655 594 122 36 Bilaga
1802 594 26 28 1.

621 853 63 31 Till
710 851 190 40 riksdagens
924 850 103 31 första
1051 848 185 31 kammares
1261 846 99 31 andra
1384 844 164 40 tillfälliga
1574 842 138 32 utskott.

496 950 120 30 Genom
652 947 115 32 remiss
802 946 61 32 den
889 947 37 29 12
950 943 143 33 februari
1119 944 82 30 1918
1225 943 58 31 har
1306 941 118 40 Kungl.
1450 939 93 41 Maj:t
1567 937 158 33 anbefallt
1747 936 214 39 kontrollsty-

366 994 105 31 relsen
494 994 50 31 att
568 991 120 41 avgiva
712 991 60 32 och
795 989 50 33 till
869 988 190 40 riksdagens
1082 987 105 31 första
1210 986 185 31 kammares
1419 983 100 32 andra
1542 981 168 41 tillfälliga
1726 980 127 32 utskott
1869 983 92 28 över-

365 1038 109 31 lämna
496 1035 154 42 yttrande
674 1039 78 28 över
775 1033 142 42 följande
940 1031 86 32 inom
1050 1030 106 32 första
1179 1030 189 31 kammaren
1391 1027 122 32 väckta
1535 1025 171 38 motioner,
1731 1023 175 40 nämligen:

496 1091 37 21 nr
558 1081 38 30 51
634 1090 41 21 av
710 1079 73 31 herr
818 1078 162 39 Bergman
1011 1086 41 20 m.
1077 1074 32 32 fl.
1135 1073 164 41 angående
1323 1071 159 33 skrivelse
1505 1069 50 33 till
1577 1069 182 39 Konungen
1781 1066 106 41 ifråga
1911 1076 51 22 om

365 1123 217 43 provisoriskt
622 1122 116 33 förbud
776 1123 68 30 mot
882 1120 88 32 vissa
1009 1117 256 41 alkoholhaltiga
1301 1115 156 41 dryckers
1491 1112 221 40 tillverkning,
1747 1110 132 32 införsel
1903 1109 59 32 och

366 1167 202 42 försäljning,

496 1222 38 20 nr
558 1212 40 30 52
634 1209 156 32 likaledes
826 1218 40 21 av
901 1207 74 31 herr
1008 1206 163 39 Bergman
1205 1215 40 20 m.
1270 1204 30 31 fl.
1337 1201 166 42 angående
1530 1200 159 32 skrivelse
1712 1198 51 33 till
1785 1198 178 39 Konungen

367 1255 106 40 ifråga
505 1265 52 21 om
580 1252 184 40 ersättning
788 1253 34 30 åt
844 1260 163 32 personer,
1032 1249 163 31 anställda
1219 1247 46 32 uti
1288 1245 184 39 industrier,
1498 1255 67 21 som
1590 1243 140 32 drabbas
1755 1253 40 20 av
1818 1240 146 42 proviso-

368 1298 84 32 riskt
475 1296 303 42 rusdrycksförbud,
803 1306 41 21 m.
869 1305 52 28 m.,
947 1295 85 31 samt

497 1352 38 21 nr
559 1342 40 31 63
636 1352 41 20 av
710 1340 75 32 herr
818 1338 74 32 Carl
927 1337 118 32 Gustaf
1070 1335 128 32 Ekman
1221 1346 40 20 m.
1286 1335 30 31 fl.
1343 1333 165 40 angående
1531 1331 159 32 skrivelse
1714 1328 51 33 till
1787 1328 178 40 Konungen

369 1386 72 32 med
472 1386 144 40 begäran
651 1394 51 22 om
738 1381 192 34 utfärdande
965 1391 40 21 av
1040 1379 161 40 tillfälligt
1224 1378 114 32 förbud
1361 1378 70 30 mot
1454 1374 212 40 tillverkning
1690 1372 60 32 och
1774 1371 192 40 försäljning

370 1441 40 20 av
434 1429 204 40 rusdrycker.

499 1473 14 31 I
538 1471 173 40 anledning
727 1470 102 31 härav
853 1469 51 31 får
927 1466 307 41 kontrollstyrelsen
1258 1465 113 31 anföra
1395 1462 151 42 följande.
1917 1489 6 6 .

499 1516 48 31 De
582 1515 10 32 i
627 1514 203 32 motionerna
865 1523 37 21 nr
926 1513 37 30 51
990 1510 60 33 och
1074 1521 38 21 nr
1136 1510 41 31 63
1201 1507 204 33 framställda
1428 1505 189 42 yrkandena
1640 1504 93 31 torde
1757 1503 122 38 sakligt
1902 1503 65 30 sett

370 1562 33 30 få
428 1570 93 22 anses
545 1557 205 41 väsentligen
765 1555 236 33 sammanfalla.
1026 1554 15 31 I
1056 1553 84 32 båda
1161 1552 109 41 yrkas,
1289 1553 50 30 att
1354 1550 176 39 riksdagen
1544 1548 60 31 hos
1620 1547 119 41 Kungl.
1756 1547 94 41 Maj:t
1865 1547 102 30 måtte

370 1603 173 33 hemställa
567 1602 122 38 därom,
715 1601 49 31 att
787 1599 114 32 förbud
924 1600 70 29 mot
1016 1595 213 41 tillverkning
1252 1595 60 32 och
1335 1592 194 42 försäljning
1552 1603 40 20 av
1609 1591 196 40 rusdrycker
1821 1589 147 32 utfärdas

372 1649 50 31 att
455 1646 87 41 gälla
575 1645 182 32 tillsvidare
792 1642 60 33 och
887 1644 50 30 att
970 1640 150 33 förbudet
1144 1639 71 32 icke
1239 1638 166 42 upphäves
1429 1638 78 30 utan
1530 1634 193 40 riksdagens
1746 1632 221 41 medgivande.

371 1692 65 31 Det
458 1690 11 32 i
492 1688 164 34 motionen
680 1698 37 21 nr
742 1688 37 30 51
805 1686 114 41 gjorda
942 1684 162 41 yrkandet
1128 1687 36 28 är
1188 1681 178 33 emellertid
1390 1679 165 33 såtillvida
1577 1678 251 37 vidsträcktare,
1851 1678 49 30 att
1915 1676 54 31 det

373 1735 156 32 omfattar
560 1732 116 32 förbud
706 1731 68 32 dels
797 1732 69 29 mot
888 1728 133 33 införsel
1045 1738 41 21 av
1110 1726 204 40 rusdrycker,
1338 1725 69 31 dels
1430 1725 69 30 mot
1521 1721 212 40 tillverkning
1757 1720 59 32 och
1839 1719 129 42 försälj-

374 1778 77 40 ning
485 1788 39 21 av
558 1774 246 44 pilsnerdricka,
841 1773 108 32 vilken
987 1770 184 41 maltdryck
1207 1769 100 41 enligt
1336 1769 62 31 den
1421 1767 10 32 i
1456 1763 513 44 rusdrycksförsäljningsförord-

374 1822 117 40 ningen
515 1823 143 37 antagna
681 1816 248 41 terminologien
952 1815 71 33 icke
1046 1815 175 31 benämnes
1244 1812 168 41 rusdryck.

504 1862 313 42 Kontrollstyrelsen
850 1860 123 32 tillåter
1001 1859 50 40 sig
1074 1857 108 33 erinra
1205 1857 119 37 därom,
1351 1857 49 30 att
1424 1855 54 31 vid
1500 1855 147 30 närmast
1671 1851 191 41 föregående
1887 1850 83 32 riks-

374 1911 101 39 dagar
509 1908 118 32 väckts
661 1906 124 40 förslag
808 1915 52 21 om
883 1903 192 32 utfärdande
1100 1913 41 20 av
1165 1901 114 32 förbud
1301 1902 70 29 mot
1394 1897 211 40 tillverkning
1628 1896 61 32 och
1714 1894 192 42 försäljning
1930 1904 40 21 av

375 1952 194 41 rusdrycker
593 1951 101 32 under
718 1949 143 32 rådande
883 1948 125 31 kristid.
1054 1946 86 31 Från
1164 1945 94 32 dessa
1280 1943 124 40 förslag
1425 1941 97 42 skilja
1538 1941 50 40 sig
1604 1940 38 31 de
1658 1951 43 20 nu
1718 1938 120 32 väckta
1854 1937 116 32 motio-

374 2007 101 21 nerna
509 1995 9 31 i
553 1995 55 32 det
643 1993 184 37 avseendet,
863 1993 50 30 att
944 1990 150 32 förbudet
1128 1988 73 32 icke
1235 1988 102 31 skulle
1376 1986 169 41 upphävas
1568 1986 79 30 utan
1670 1983 190 39 riksdagens
1883 1981 88 32 med-

374 2040 148 41 givande.
568 2037 141 33 Motivet
741 2035 111 33 härtill
886 2034 155 32 framstår
1075 2031 135 33 särskilt
1243 2031 11 32 i
1288 2031 60 32 den
1384 2041 40 20 av
1448 2029 75 32 herr
1545 2028 163 39 Bergman
1731 2037 41 20 m.
1796 2026 31 31 fl.
1851 2025 121 32 väckta

375 2083 165 33 motionen
560 2092 41 21 nr
625 2083 51 30 51.
723 2079 112 41 Enligt
869 2078 103 32 denna
996 2076 124 33 motion
1143 2080 37 27 är
1203 2074 158 38 avsikten,
1388 2075 50 30 att
1461 2072 149 32 förbudet
1633 2070 85 33 skall
1742 2074 62 36 äga
1826 2068 145 32 bestånd,

376 2127 85 33 intill
484 2127 72 31 dess
580 2126 61 31 den
663 2123 166 43 pågående
854 2121 151 33 officiella
1028 2119 214 40 utredningen
1266 2117 165 41 angående
1456 2118 48 30 ett
1526 2116 193 41 permanent
1742 2113 113 32 förbud
1878 2111 95 32 blivit

376 2171 138 33 slutförd
538 2169 61 32 och
622 2168 103 41 därpå
747 2166 163 41 grundade
935 2165 123 40 förslag
1080 2164 126 31 kunnat
1230 2173 40 21 av
1293 2161 175 40 riksdagen
1491 2164 128 37 prövas.
1667 2157 74 33 Med
1756 2157 127 39 hänsyn
1897 2155 75 31 här-

376 2214 51 33 till
460 2213 92 33 torde
588 2213 54 31 det
677 2210 185 40 föreslagna
895 2208 165 41 tillfälliga
1088 2207 151 32 förbudet
1261 2206 109 31 kunna
1395 2214 94 22 anses
1512 2204 107 30 såsom
1644 2212 39 22 en
1708 2199 263 42 övergångsform

377 2258 49 32 till
461 2258 54 31 det
549 2256 212 43 permanenta
783 2253 158 32 förbudet.
988 2252 119 32 Därest
1131 2250 173 40 riksdagen
1328 2248 105 32 skulle
1458 2246 103 33 uttala
1585 2245 50 42 sig
1658 2246 51 31 för
1733 2245 54 31 det
1809 2242 166 41 tillfälliga
