1922 2832
254 154 127 35 Första
404 152 223 36 kammarens
651 154 117 33 första
793 151 184 40 tillfälliga
999 151 154 34 utskotts
1176 150 183 34 utlåtande
1383 149 50 34 Nr
1458 151 49 31 12.
1577 149 17 32 3

134 245 115 30 finner
286 243 174 31 utskottet
496 241 230 37 vidtagandet
748 251 45 21 av
823 251 44 20 en
890 240 111 31 sådan
1023 239 137 37 åtgärd,
1184 239 196 31 eventuellt
1404 248 124 26 genom
1551 247 88 21 sam-

132 295 128 31 hällets
284 295 148 35 försorg,
457 294 123 30 kunna
602 303 86 21 vara
712 293 58 31 till
795 302 95 27 gagn
913 292 55 31 för
992 301 43 21 en
1057 291 197 31 förbättrad
1278 290 265 36 sexualhygien.

174 347 176 32 Utskottet
384 347 103 36 utgår
521 346 103 35 ifrån,
660 346 51 30 att
744 344 40 32 de
807 344 214 38 synpunkter
1044 353 72 21 som
1139 343 65 31 här
1227 342 178 31 framförts
1429 342 137 30 komma
1590 342 50 29 att

131 410 45 21 av
211 399 132 37 Kungl.
378 399 103 36 Maj:t
515 398 62 31 och
610 396 253 33 vederbörande
897 396 241 37 myndigheter
1172 396 150 35 beaktas,
1357 395 61 30 och
1441 393 199 32 hemställer

132 452 226 36 fördenskull,
381 452 52 30 att
455 450 225 31 förevarande
703 450 130 31 motion
858 449 73 31 icke
954 449 105 31 måtte
1083 448 55 31 till
1162 449 112 35 någon
1298 448 108 30 första
1422 447 218 31 kammarens

131 504 124 36 åtgärd
278 503 207 32 föranleda.»

176 607 225 32 Reservation
434 606 88 32 hade
556 605 131 32 anförts
717 616 44 20 av
795 604 121 32 herrar
947 603 196 38 Magnuson
1167 603 62 31 och
1256 603 207 37 Wagnsson,
1487 612 71 21 som
1582 612 57 21 an-
1679 605 173 24 Reservation.

133 661 76 35 sett,
241 661 52 30 att
316 660 166 31 utskottet
504 659 77 31 bort
604 658 97 37 yrka,
724 659 52 30 att
799 658 108 31 första
930 657 202 31 kammaren
1156 656 85 31 ville
1265 656 54 31 för
1343 656 53 31 sin
1420 655 53 32 del
1496 655 143 36 besluta,

133 713 52 30 att
209 712 184 37 riksdagen
416 712 12 30 i
452 711 166 31 skrivelse
640 710 57 32 till
720 710 133 36 Kungl.
878 710 102 36 Maj:t
1003 710 105 30 måtte
1131 709 142 31 anhålla
1297 718 54 21 om
1373 707 207 37 vidtagande
1596 717 44 21 av

134 764 160 36 åtgärder
317 764 55 31 för
395 765 49 30 ett
467 763 204 37 skyndsamt
693 761 266 37 igångsättande
981 771 44 21 av
1045 760 446 37 upplysningsverksamhet
1507 761 12 29 i
1535 760 106 36 enlig-

134 816 58 31 het
215 816 76 31 med
316 816 67 31 vad
407 815 101 37 lagen
531 825 44 21 av
599 815 65 31 den
688 815 41 30 20
753 814 79 36 juni
856 814 84 30 1918
964 813 177 36 angående
1164 812 161 37 åtgärder
1345 814 71 29 mot
1431 812 210 36 utbredning

133 879 45 20 av
214 867 288 37 könssjukdomar
535 867 141 36 stadgar
711 866 62 31 och
801 866 12 30 i
841 866 88 36 syfte
963 867 50 29 att
1047 865 179 31 motverka
1259 864 196 36 spridandet
1477 875 45 20 av
1545 864 96 30 dessa

134 921 211 36 sjukdomar.

180 1024 68 31 Vid
283 1023 246 36 föredragning
563 1032 44 21 av
642 1021 182 32 utskottets
858 1020 178 32 utlåtande
1070 1031 43 20 nr
1137 1021 18 30 8
1180 1021 106 31 beslöt
1311 1021 106 30 första
1441 1021 198 30 kammaren
1720 1034 93 22 Första

136 1076 63 30 den
225 1077 40 30 17
289 1075 89 36 april
403 1075 85 31 1929
511 1076 53 29 att
587 1074 75 31 visa
687 1073 194 32 utlåtandet
903 1074 74 30 åter
1001 1073 54 30 till
1080 1073 174 31 utskottet.
1683 1069 161 22 kammarens

1689 1103 83 23 beelut
1790 1104 46 23 den

1665 1139 28 22 17
1708 1138 70 30 april
1791 1140 74 24 1929,

180 1231 176 32 Utskottet
385 1231 65 31 har
477 1231 56 31 till
556 1230 67 32 vad
647 1230 166 31 utskottet
835 1230 12 30 i
871 1230 62 31 sitt
955 1228 241 32 ovannämnda
1221 1228 175 31 utlåtande
1419 1238 41 20 nr
1484 1228 18 30 8
1527 1228 116 31 anfört
1668 1224 12 47 =
1701 1242 133 23 uiskottet.

137 1284 88 30 intet
254 1285 51 29 att
328 1283 156 36 tillägga,
508 1292 78 21 men
610 1282 65 31 har
698 1282 166 31 utskottet
886 1282 112 30 ansett
1021 1281 159 36 lämpligt
1203 1282 51 29 att
1277 1280 61 31 vid
1361 1281 59 30 sitt
1443 1280 111 31 denna
1577 1280 66 35 dag

137 1336 154 36 avgivna
324 1335 180 32 utlåtande
527 1335 13 31 i
563 1335 125 36 frågan
722 1334 80 37 foga
831 1334 57 31 det
910 1344 45 21 av
979 1333 283 36 läkarsällskapet
1284 1333 153 36 avgivna
1459 1332 183 37 yttrandet.

181 1388 176 32 Utskottet
392 1388 55 31 får
479 1387 111 36 alltså,
623 1387 109 31 under
754 1387 215 36 hänvisning
993 1386 54 31 till
1072 1386 66 31 vad
1162 1386 165 30 utskottet
1350 1386 11 29 i
1385 1386 60 30 sitt
1467 1385 177 31 utlåtande

139 1451 41 20 nr
205 1441 18 30 8
247 1440 126 37 anfört,
397 1440 193 36 hemställa,

583 1536 49 30 att
666 1535 227 31 förevarande
928 1535 129 31 motion
1090 1535 75 30 icke
1193 1535 106 30 måtte
1322 1534 53 31 till
1400 1535 112 35 någon
1537 1534 106 32 första

540 1588 219 31 kammarens
782 1587 123 37 åtgärd
928 1587 186 31 föranleda.

183 1692 199 31 Stockholm
406 1692 65 32 den
495 1692 40 31 19
559 1692 89 36 april
674 1692 94 31 1929.

682 1795 50 31 På
756 1794 180 31 utskottets
959 1796 146 34 vägnar:

698 1898 34 32 J.
756 1899 39 31 P.
820 1896 277 34 JOHANSSON.

141 2152 217 24 Närvarande
378 2151 47 25 vid
445 2148 174 28 förestående
638 2151 117 24 ärendes
775 2150 231 31 slutbehandling
1024 2151 77 23 inom
1120 2151 150 24 utskottet:
1285 2151 96 24 kerrar
1394 2151 24 24 J.
1432 2152 27 22 P.
1474 2151 171 27 Johansson,

378 2196 107 28 Tamm,
518 2196 163 30 Wagnsson,
710 2194 167 31 Löfvander,
905 2194 167 30 Magnuson,
1091 2191 120 34 Kropp",
1237 2194 153 31 Wijkström
1410 2195 51 23 och
1481 2194 164 30 Bjurström.

377 2279 12 14 +"
409 2283 31 30 Ej
460 2281 174 25 närvarande
655 2281 47 24 vid
722 2281 174 24 utlåtandets
914 2281 143 31 justering.
