1880 2812
320 194 16 5 2
790 175 260 29 Bankoutskottets
1068 178 151 27 utlatande
1238 188 35 17 nr
1291 180 45 25 37.

364 246 89 35 Över
474 252 229 32 förevarande
726 256 169 29 motioner
916 257 62 29 har
1001 257 164 31 utskottet
1188 259 8 28 i
1219 259 213 39 vederbörlig
1455 261 147 39 ordning
1625 262 186 30 införskaf-

319 304 51 30 fat
390 304 177 32 utlåtande
590 306 79 31 från
690 309 252 32 statskontoret,
965 320 74 19 som
1061 311 78 29 hört
1161 313 77 36 väg-
1261 313 64 28 och
1348 310 465 47 vattenbyggnadsstyrelsen

319 362 89 26 samt
431 362 127 27 statens
583 361 299 37 pensionsanstalt.

365 411 83 37 Väg-
470 413 65 29 och
558 413 461 41 vattenbyggnadsstyrelsen
1042 418 63 29 har
1128 418 127 30 anfört:

364 482 49 30 De
436 483 10 29 i
474 483 216 31 motionerna
716 485 25 29 1:
757 486 130 29 39—42
914 492 86 25 samt
1028 488 43 29 II:
1094 489 133 35 50—54,
1255 490 50 34 58,
1333 491 140 35 61—062,
1501 492 127 29 64—67
1658 493 64 28 och
1751 493 61 28 129

319 525 218 33 framställda
560 527 175 39 förslagen
758 539 57 20 om
836 531 143 37 pension
1003 532 114 30 finner
1140 533 49 38 sig
1212 534 166 37 styrelsen
1401 535 74 30 icke
1498 536 120 30 kunna
1643 532 170 46 tillstyrka

319 570 45 39 på
381 571 66 30 den
464 573 113 37 grund
595 577 48 27 att
662 575 255 30 vederbörande
935 577 223 37 vägarbetare
1177 578 74 29 icke
1268 579 10 28 i
1297 581 127 28 statens
1445 580 114 38 tjänst,
1579 581 63 29 hos
1661 580 151 39 väghåll-

319 615 237 39 ningsdistrikt
577 618 82 29 eller
678 619 203 38 vägdistrikt
900 621 109 29 under
1028 631 42 19 en
1093 622 47 29 tid
1159 632 42 20 av
1223 624 230 37 sammanlagt
1473 624 104 31 minst
1602 626 37 29 15
1662 624 37 31 år
1719 625 93 30 inne-

319 660 77 30 haft
414 660 108 31 sådan
542 663 219 38 anställning,
783 673 74 20 som
876 665 128 38 utgjort
1024 666 232 38 huvudsaklig
1276 668 259 38 sysselsättning
1556 670 63 29 och
1642 669 170 31 förvärvs-

319 705 100 30 källa.

364 750 49 29 De
435 750 9 29 i
468 751 215 31 motionerna
708 752 109 36 11:55,
843 754 42 29 59
908 755 64 28 och
996 756 41 28 63
1061 755 217 31 framställda
1303 756 174 39 förslagen
1500 767 57 20 om
1580 759 143 37 pension
1747 759 65 29 fin-

319 803 61 20 ner
401 795 49 37 sig
473 796 166 37 styrelsen
662 796 74 30 icke
757 797 120 31 kunna
899 798 170 39 tillstyrka
1092 800 45 38 på
1160 801 66 28 den
1249 802 111 36 grund
1383 805 47 27 att
1454 802 257 31 vederbörande
1734 804 78 37 väg-

319 838 155 31 arbetare
497 840 108 29 redan
628 840 73 31 före
724 841 39 30 år
787 843 82 29 1943
893 843 103 30 slutat
1018 843 74 31 sina
1116 845 251 38 anställningar
1390 846 58 30 vid
1470 847 230 37 vägväsendet
1724 850 90 27 samt

320 883 149 30 därefter
487 884 75 30 icke
584 885 121 30 vunnit
725 886 264 38 stadigvarande
1009 888 347 40 arbetaranställning
1376 890 95 30 inom
1492 891 66 29 den
1578 892 135 37 statliga
1735 893 77 37 väg-

319 928 288 37 organisationen.

364 972 13 29 I
406 973 176 30 motionen
613 974 98 30 Il:13
740 976 148 29 avsedde
918 977 247 37 vägarbetaren
1194 978 114 30 Johan
1338 979 143 30 Fredrik
1511 980 172 30 Forslund
1711 982 64 29 har
1804 982 9 28 i

320 1016 161 30 skrivelse
498 1018 67 29 den
582 1019 41 29 23
640 1020 190 37 september
850 1021 82 29 1944
949 1021 90 38 gjort
1055 1021 257 40 framställning
1329 1033 57 20 om
1401 1024 155 38 pension,
1576 1024 114 30 vilken
1708 1025 104 30 fram-

319 1061 161 38 ställning
509 1063 79 37 väg-
618 1064 64 28 och
711 1064 464 40 vattenbyggnadsstyrelsen
1205 1068 78 28 med
1310 1067 215 40 underdånig
1556 1069 162 30 skrivelse
1748 1070 65 29 den

323 1106 37 28 10
381 1105 152 31 februari
557 1108 82 29 1945
659 1108 215 31 överlämnat
894 1110 49 29 till
964 1110 201 39 Konungen.
1190 1112 114 29 Under
1324 1112 208 39 hänvisning
1554 1113 49 30 till
1625 1114 188 29 Forslunds

319 1148 209 40 långvariga,
551 1152 56 29 väl
629 1152 194 30 vitsordade
845 1153 227 40 tjänstgöring
1094 1155 58 30 vid
1173 1155 131 31 Statens
1326 1157 194 38 Järnvägar
1542 1158 63 29 och
1628 1158 184 38 vägväsen-

320 1194 54 30 det
397 1213 43 3 —
461 1197 231 38 sammanlagt
715 1198 40 28 42
780 1197 39 30 år
842 1199 19 29 8
885 1198 165 31 månader
1072 1218 43 3 —
1138 1201 64 28 och
1226 1200 44 39 på
1294 1211 42 20 av
1360 1202 165 37 styrelsen
1549 1202 9 29 i
1584 1202 229 30 förenämnda

320 1238 236 40 underdåniga
580 1240 163 31 skrivelse
767 1241 147 31 anförda
938 1243 72 29 skäl
1036 1243 54 30 får
1114 1245 164 37 styrelsen
1303 1245 169 38 tillstyrka
1496 1246 97 30 bifall
1619 1247 49 29 till
1693 1247 119 29 motio-

319 1292 66 21 nen
411 1284 43 29 II:
473 1285 48 29 13.

364 1328 152 31 Svenska
536 1329 86 39 Väg-
643 1331 64 28 och
728 1331 642 38 vattenbyggnadsarbetareförbundet
1387 1335 65 29 har
1471 1336 9 28 i
1501 1334 215 39 underdånig
1728 1336 84 29 skri-

320 1373 89 29 velse
430 1373 66 29 den
517 1375 17 28 7
557 1374 152 30 februari
734 1376 82 29 1945
838 1376 90 38 gjort
948 1376 255 40 framställning
1225 1387 57 20 om
1301 1379 144 37 pension
1466 1379 35 30 åt
1522 1380 89 30 vissa
1634 1380 22 29 f.
1679 1381 31 29 d.
1734 1381 78 37 väg-

319 1417 164 36 arbetare,
506 1418 44 30 bl.
575 1428 29 20 a.
635 1419 4 29 i
663 1420 174 29 motionen
861 1421 97 29 11:57
983 1421 147 30 avsedde
1154 1422 246 38 vägarbetaren
1424 1424 63 29 Per
1510 1424 133 39 Ludvig
1666 1424 145 39 Bylund.

320 1461 84 38 Väg-
435 1463 64 28 och
528 1464 473 39 vattenbyggnadsstyrelsen,
1032 1476 75 19 som
1135 1466 45 39 på
1208 1468 112 36 grund
1348 1477 42 20 av
1418 1468 104 38 nådig
1551 1469 119 30 remiss
1699 1470 66 29 den
1793 1471 20 28 9

319 1505 152 31 februari
498 1508 83 29 1945
606 1508 146 30 häröver
775 1509 126 38 avgivit
923 1509 186 37 utlåtande,
1135 1510 106 39 ansåg
1266 1512 49 37 sig
1339 1512 43 30 då
1405 1512 45 39 på
1474 1513 90 30 vissa
1588 1514 10 29 i
1622 1513 191 30 utlåtandet

319 1550 147 31 anförda
495 1552 75 29 skäl
599 1552 75 30 icke
702 1553 118 30 kunna
849 1553 141 31 förorda
1017 1558 49 27 att
1093 1556 144 37 pension
1267 1556 219 31 tillerkändes
1515 1558 146 38 Bylund.
1692 1558 121 30 Likväl

320 1595 57 29 vill
396 1597 176 36 styrelsen,
593 1598 78 29 med
691 1597 135 39 hänsyn
847 1599 50 28 till
917 1599 153 38 Bylunds
1092 1598 101 39 långa
1212 1601 277 38 anställningstid
1509 1602 9 29 i
1539 1602 105 38 tjänst
1665 1603 62 29 hos
1747 1606 65 26 sta-

320 1642 56 26 ten
399 1641 63 28 och
486 1641 204 38 vägdistrikt
710 1660 43 3 —
776 1644 229 37 sammanlagt
1029 1645 41 29 36
1094 1643 39 31 år
1155 1646 18 27 2
1197 1645 165 30 månader
1385 1647 37 28 21
1450 1646 108 38 dagar
1579 1665 43 3 —
1645 1651 89 26 samt
1758 1648 55 29 det

320 1683 233 32 förhållandet
580 1690 48 25 att
655 1687 69 29 han
750 1686 44 39 på
821 1688 112 37 grund
959 1698 43 19 av
1027 1688 200 32 arbetsbrist
1254 1690 65 29 den
1351 1691 34 28 11
1415 1691 74 37 juni
1520 1692 82 29 1943
1631 1692 102 29 slutat
1761 1691 52 30 sin

320 1729 208 39 anställning
551 1730 10 29 i
586 1734 127 26 statens
737 1731 114 38 tjänst,
876 1732 169 39 tillstyrka
1068 1733 98 30 bifall
1191 1734 47 29 till
1263 1734 174 30 motionen
1460 1735 44 29 II:
1521 1736 50 29 57.

364 1774 12 28 I
403 1773 174 31 motionen
603 1775 44 30 II:
663 1776 40 29 60
728 1776 148 30 avsedde
901 1777 247 38 vägarbetaren
1173 1778 101 31 Ernst
1301 1779 88 29 Emil
1415 1779 166 30 Karlsson
1605 1781 64 29 har
1694 1781 8 29 i
1728 1780 84 30 skri-

319 1819 89 28 velse
433 1818 65 30 den
526 1820 13 28 1
565 1819 63 38 juli
657 1820 80 29 1944
762 1820 90 38 gjort
877 1820 256 40 framställning
1158 1832 57 20 om
1238 1823 153 37 pension,
1417 1823 115 30 vilken
1556 1824 257 39 framställning

319 1863 78 37 väg-
420 1863 64 29 och
506 1864 464 39 vattenbyggnadsstyrelsen
992 1867 79 29 med
1092 1867 216 38 underdånig
1331 1868 162 30 skrivelse
1516 1869 66 29 den
1606 1870 38 29 27
1669 1872 142 36 septem-

318 1907 61 29 ber
404 1908 81 29 1944
508 1909 244 30 överlämnade
775 1910 47 29 till
848 1910 200 38 Konungen.
1073 1911 117 30 Under
1212 1912 206 38 hänvisning
1441 1913 50 29 till
1513 1913 182 30 Karlssons
1718 1913 93 39 lång-

319 1951 117 38 variga
460 1952 65 29 och
551 1953 53 29 väl
633 1952 193 31 vitsordade
854 1954 226 39 tjänstgöring
1107 1955 56 30 vid
1188 1957 136 29 arméns
1350 1956 461 39 fortifikationsförvaltning

319 1996 65 29 och
405 1997 229 37 vägväsendet
654 2016 44 3 —
717 2000 230 37 sammanlagt
968 2000 40 29 28
1030 1999 39 30 år
1091 1992 30 52 -—
1153 2001 65 28 och
1238 2000 44 39 på
1303 2011 43 19 av
1366 2002 166 38 styrelsen
1552 2002 10 29 i
1583 2002 228 30 förenämnda

319 2040 236 40 underdåniga
579 2042 162 30 skrivelse
765 2043 148 30 anförda
936 2044 74 29 skäl
1035 2043 54 31 får
1114 2045 162 38 styrelsen
1302 2045 169 38 tillstyrka
1495 2046 99 30 bifall
1619 2046 47 29 till
1692 2046 118 29 motio-

318 2094 67 20 nen
410 2085 43 30 II:
468 2086 51 29 60.

362 2129 124 32 Tillika
512 2130 56 30 får
594 2132 164 37 styrelsen
785 2132 166 36 meddela,
979 2137 47 26 att
1052 2133 86 30 efter
1163 2133 93 30 inom
1282 2135 250 29 ämbetsverket
1559 2135 176 38 företagen
1761 2138 50 26 ut-

319 2174 143 38 redning
482 2175 89 30 vissa
591 2175 9 29 i
620 2176 214 30 motionerna
855 2177 148 38 angivna
1023 2178 317 38 anställningstider
1359 2179 86 30 visat
1464 2180 49 37 sig
1534 2189 82 21 vara
1637 2179 173 39 felaktiga.

320 2218 12 29 I
351 2219 41 29 de
411 2218 61 30 fall
492 2220 63 29 där
574 2219 38 30 så
630 2221 39 29 är
689 2220 231 31 förhållandet
940 2222 45 30 ha
1004 2222 124 38 bilagts
1148 2223 404 39 anställningsuppgifter
1570 2224 181 30 utvisande
1770 2224 42 29 de

318 2272 42 20 av
394 2263 257 31 vederbörande
687 2265 221 37 vägarbetare
943 2266 194 32 innehavda
1173 2268 295 37 anställningarna
1505 2269 64 28 och
1608 2269 97 29 deras
1741 2278 69 20 om-

318 2307 157 39 fattning.

362 2388 134 30 Statens
520 2391 292 35 pensionsanstalt
836 2391 64 29 har
925 2391 127 30 anfört:

363 2450 48 29 De
437 2450 10 29 i
472 2451 217 30 motionerna
716 2461 41 20 nr
781 2452 111 36 11:13,
918 2454 50 34 55,
995 2454 51 35 57,
1074 2454 129 29 59—60
1230 2455 63 29 och
1321 2455 41 29 63
1389 2454 232 31 omförmälda
1649 2455 161 37 vägarbe-

320 2496 98 28 tarna
445 2495 88 30 hava
565 2496 106 30 redan
701 2496 72 30 före
803 2496 38 30 år
874 2498 80 29 1943
983 2498 102 30 slutat
1114 2497 74 31 sina
1217 2499 250 38 anställningar
1496 2499 57 30 vid
1582 2499 229 37 vägväsendet
