1924 2812
503 147 398 34 Jordbruksutskottets
930 151 188 32 utlåtande
1146 153 52 30 Nr
1222 154 29 29 1.
1529 156 61 30 129

119 221 162 37 ändring,
316 224 45 29 än
395 225 52 29 att
480 224 156 36 anslaget
669 225 57 31 till
760 226 122 37 bidrag
918 228 55 30 till
997 228 137 37 skiften,
1159 230 389 39 hemmansklyvningar
1572 234 61 31 och

123 274 402 37 rågångsförrättningar
547 276 95 37 höjes
665 278 78 31 med
767 279 118 36 25,000
909 280 126 31 kronor
1058 282 56 30 till
1138 283 117 35 75,000
1280 284 134 31 kronor.

167 325 78 31 Med
268 328 169 30 avseende
460 329 22 29 å
505 328 56 31 det
589 330 111 30 såsom
723 332 80 34 nytt
824 332 123 35 anslag
970 335 177 34 upptagna
1170 334 153 37 beloppet
1345 336 20 29 å
1389 337 93 35 5,000
1507 338 126 31 kronor

121 377 54 30 till
210 378 124 36 bidrag
369 380 56 30 till
459 380 251 37 förrättningar
744 383 110 36 enligt
889 384 161 35 gällande
1084 385 57 36 lag
1173 396 56 20 om
1260 387 156 31 enskilda
1438 391 108 34 vägar
1568 390 65 30 har

117 429 377 36 departementschefen
517 433 55 30 till
596 434 373 36 statsrådsprotokollet
992 437 117 31 anfört
1132 434 161 44 följande:

167 493 14 17 »
187 482 76 31 Vad
286 483 55 31 till
365 493 42 21 en
430 484 121 37 början
575 486 108 36 angår
706 486 251 38 förrättningar
973 489 107 35 enligt
1095 499 48 21 nu
1159 491 160 35 gällande
1335 492 55 36 lag
1407 502 53 21 om
1477 494 153 31 enskilda

118 536 111 34 vägar
266 537 44 34 på
343 536 127 37 landet,
505 537 93 31 torde
632 539 113 35 någon
768 540 128 30 tvekan
919 541 74 30 icke
1016 541 80 31 böra
1120 542 83 38 råda
1226 553 56 20 om
1306 544 53 31 det
1383 545 162 37 lämpliga
1568 547 62 30 och

120 588 144 30 rättvisa
288 589 12 29 i
324 590 50 29 att
397 590 120 35 staten,
541 590 13 30 i
576 590 111 31 likhet
709 591 76 31 med
808 592 68 30 vad
899 602 74 21 som
996 593 88 31 skett
1106 594 211 32 beträffande
1333 596 237 37 huvudparten
1586 609 44 19 av

118 638 276 32 förekommande
430 641 460 38 lantmäteriförrättningar,
926 644 72 31 helt
1020 647 177 34 övertager
1219 647 225 32 kostnaderna
1467 649 54 31 för
1544 650 85 31 lant-

117 692 149 29 mätares
290 692 247 31 resekostnads-
559 694 62 30 och
644 695 427 37 traktamentsersättning.
1117 697 53 31 Då
1193 699 373 37 förrättningsmannen
1589 705 40 28 är

119 742 218 38 lantmätare,
361 754 99 26 synes
483 746 176 36 nämligen
682 747 87 30 intet
793 748 151 30 bärande
967 749 73 30 skäl
1064 750 118 30 kunna
1197 751 162 36 åberopas
1376 752 52 31 för
1443 755 49 29 att
1508 754 11 30 i
1536 754 92 31 detta

113 795 170 31 avseende
317 798 83 33 göra
434 797 150 31 skillnad
614 799 127 30 mellan
764 809 48 20 nu
836 800 264 35 ifrågavarande
1123 802 249 37 förrättningar
1395 805 60 30 och
1479 805 40 30 de
1542 806 85 31 lant-

116 847 387 37 mäteriförrättningar,
527 850 209 31 beträffande
760 851 96 30 vilka
879 852 107 36 enligt
1009 853 55 30 det
1087 853 53 30 för
1156 854 202 32 lantmätare
1374 857 156 35 gällande
1546 868 81 21 rese-

116 899 222 36 reglementet
373 900 247 32 lantmätarens
654 903 242 31 resekostnads-
922 904 62 30 och
1007 905 413 39 traktamentsersättning
1443 909 116 36 gäldas
1582 920 44 20 av

112 952 208 30 statsmedel.
366 952 193 32 Enahanda
582 954 135 31 förmån
741 955 71 36 bör,
836 956 109 36 enligt
967 957 73 30 min
1067 959 150 35 mening,
1241 959 131 36 jämväl
1395 961 134 31 beredas
1553 964 72 29 sak-

112 1006 133 33 ägarna
279 1004 59 31 vid
373 1005 105 31 sådan
502 1006 209 36 förrättning
735 1008 111 35 enligt
868 1008 66 31 den
957 1009 155 31 enskilda
1134 1011 180 37 väglagen,
1338 1022 70 21 som
1431 1014 84 30 efter
1537 1015 88 31 läns-

113 1057 160 36 styrelses
309 1057 229 32 förordnande
566 1060 201 31 verkställes
795 1071 43 20 av
862 1071 114 21 annan
999 1065 44 27 än
1066 1063 218 36 lantmätare;
1308 1064 91 31 detta
1421 1076 99 26 synes
1543 1068 80 30 nöd-

114 1109 147 36 vändigt
284 1110 42 35 på
350 1110 65 30 den
432 1111 123 36 grund,
571 1113 51 29 att
638 1112 65 31 den
718 1113 156 31 enskilda
890 1114 184 36 väglagens
1089 1115 235 37 medgivande,
1340 1119 50 29 att
1405 1120 87 29 även
1508 1129 114 21 annan

111 1163 49 28 än
184 1161 207 31 lantmätare
414 1163 58 30 må
495 1163 177 31 förordnas
696 1164 54 30 till
775 1165 320 38 förrättningsman,
1119 1167 119 37 skulle,
1263 1178 55 21 om
1341 1171 46 29 ett
1407 1170 218 37 begagnande

113 1213 108 31 därav
255 1214 52 30 för
342 1215 190 35 sakägarna
555 1216 119 31 ställde
697 1217 52 36 sig
772 1217 214 32 ekonomiskt
1009 1219 284 37 ofördelaktigare
1316 1223 44 29 än
1384 1223 172 31 anlitande
1579 1235 45 19 av

113 1265 215 37 lantmätare,
354 1269 99 33 göras
477 1268 12 29 i
513 1268 69 30 viss
616 1269 82 30 mån
721 1269 200 31 illusoriskt.
969 1270 65 31 Det
1057 1272 57 29 må
1137 1272 94 30 bliva
1255 1273 293 37 länsstyrelsernas
1564 1277 59 30 sak

111 1318 53 29 att
186 1318 89 30 hava
311 1319 341 35 uppmärksamheten
687 1321 68 31 fäst
788 1321 92 36 därå,
909 1323 51 30 att
994 1323 227 32 förordnande
1255 1327 49 29 att
1338 1327 186 31 verkställa
1558 1329 65 30 för-

111 1370 156 35 rättning
301 1380 43 20 av
368 1371 221 31 förevarande
613 1372 73 36 slag
709 1373 117 31 endast
849 1375 169 30 meddelas
1042 1376 105 30 sådan
1170 1387 130 26 person,
1325 1388 71 21 som
1420 1382 78 33 äger
1521 1381 101 30 erfor-

108 1421 134 37 derliga
276 1423 289 36 förutsättningar
597 1424 53 31 för
673 1427 48 29 ett
744 1426 123 37 riktigt
890 1427 62 30 och
976 1427 287 38 ändamålsenligt
1287 1430 180 32 utförande
1489 1443 45 20 av
1557 1433 64 31 den

109 1473 224 38 förrättning,
356 1485 120 21 varom
501 1476 98 37 fråga
623 1479 48 29 är.

155 1526 218 32 Beträffande
397 1528 125 36 frågan
545 1539 54 20 om
623 1530 62 30 och
708 1531 13 29 i
744 1531 118 30 vilken
886 1533 80 29 mån
990 1533 207 36 statsbidrag
1221 1535 55 30 till
1300 1535 250 38 förrättningar
1574 1548 45 20 av

109 1578 224 32 förevarande
368 1580 74 36 slag
477 1581 187 31 härutöver
696 1583 61 30 bör
791 1585 93 34 utgå,
920 1584 89 31 hava
1043 1587 225 34 meningarna
1302 1589 72 33 gått
1403 1598 93 21 mera
1518 1590 12 29 i
1554 1592 63 28 sär.

109 1631 74 35 Att,
216 1632 111 30 såsom
351 1632 183 36 riksdagen
558 1634 101 30 tänkt
682 1635 61 35 sig,
768 1636 193 35 ersättning
983 1647 44 20 av
1049 1638 196 31 statsmedel
1268 1639 111 31 skulle
1401 1641 12 29 i
1437 1641 96 36 varje
1557 1642 62 30 fall

106 1683 182 31 oavkortat
321 1685 84 35 utgå
439 1687 88 28 även
562 1685 54 31 för
648 1686 112 36 själva
792 1687 253 38 förrättningen
1077 1689 105 36 jämte
1205 1691 93 30 lösen
1327 1691 53 32 för
1402 1693 216 36 handlingar,

106 1744 102 27 synes
241 1736 74 30 icke
347 1736 59 30 väl
438 1737 162 36 förenligt
632 1738 76 31 med
742 1739 66 30 vad
832 1749 73 21 som
928 1740 214 32 härutinnan
1166 1743 109 34 gäller
1299 1744 210 32 beträffande
1531 1746 87 35 jord-

106 1787 415 38 delningsförrättningar
552 1790 12 30 i
598 1790 198 33 allmänhet.
844 1791 52 31 Då
920 1792 40 31 de
983 1793 153 31 enskilda
1159 1796 171 34 vägarnas
1354 1796 178 36 byggande
1555 1798 62 31 och

106 1839 184 31 underhåll
324 1841 183 36 rättsligen
541 1842 89 36 lagts
664 1844 43 35 på
741 1843 87 37 dem,
862 1854 71 21 som
965 1846 43 34 på
1039 1846 12 30 i
1083 1846 102 36 lagen
1207 1849 160 29 närmare
1389 1850 139 34 angivet
1551 1852 66 29 sätt

106 1891 92 31 hava
232 1894 100 34 nytta
364 1903 45 20 av
443 1896 121 34 vägen,
600 1895 97 36 tjäna
731 1896 250 36 förrättningar
1015 1908 46 21 av
1093 1909 47 20 nu
1175 1899 263 37 ifrågavarande
1466 1902 72 36 slag
1561 1903 56 31 det

103 1944 160 31 enskilda
285 1945 157 32 intresset
458 1946 13 30 i
485 1947 75 30 icke
576 1947 136 31 mindre
728 1948 85 35 grad
828 1951 46 28 än
889 1949 486 39 jorddelningsförrättningar
1390 1954 12 29 i
1417 1954 196 32 allmänhet.

106 1995 123 37 Någon
258 1997 189 37 anledning
470 2008 97 26 synes
590 1999 43 31 då
656 2000 73 30 icke
753 2000 178 37 föreligga,
955 2003 51 29 att
1029 2002 211 32 beträffande
1263 2005 263 36 ifrågavarande
1550 2008 64 31 för-

105 2049 196 35 rättningar
335 2050 144 31 försätta
513 2051 192 36 sakägarna
740 2053 12 30 i
786 2062 42 22 en
852 2053 108 31 bättre
984 2055 166 36 ställning
1173 2059 44 28 än
1241 2057 207 32 beträffande
1472 2055 142 45 Jorddel-

104 2100 413 38 ningsförrättningarna.

149 2152 162 32 Däremot
328 2154 94 31 torde
438 2156 117 30 starka
570 2156 74 30 skäl
660 2156 119 31 kunna
794 2157 162 36 åberopas
973 2159 53 30 för
1041 2161 51 29 att
1102 2161 37 29 åt
1154 2161 213 32 obemedlade
1383 2163 81 31 eller
1481 2164 132 31 mindre

104 2204 196 32 bemedlade
334 2206 165 36 sakägare
532 2207 120 32 bereda
684 2209 134 31 lättnad
842 2211 122 30 utöver
986 2211 68 31 vad
1078 2213 127 31 statens
1227 2215 226 36 övertagande
1480 2226 44 21 av
1547 2217 65 30 för-

104 2257 342 36 rättningsmannens
471 2260 244 32 resekostnads-
738 2262 62 30 och
823 2262 420 40 traktamentsersättning
1266 2267 152 31 innebär.
1464 2268 148 32 Särskilt

103 2309 95 30 torde
232 2309 126 31 härvid
392 2311 147 36 beaktas,
574 2314 50 29 att
658 2313 97 36 dylik
789 2314 163 36 sakägare
987 2316 68 30 kan
1078 2318 71 29 mot
1172 2318 53 30 sin
1249 2318 88 36 vilja
1359 2320 180 35 påtvingas
1561 2323 51 28 att

104 2360 136 37 deltaga
264 2362 12 30 i
299 2362 213 38 förrättning
535 2374 45 21 av
603 2364 226 32 förevarande
852 2367 83 35 slag.
982 2367 80 32 Men
1085 2371 88 29 även
1196 2370 96 36 eljest
1314 2372 105 30 måste
1442 2372 54 30 det
1514 2382 97 21 anses

102 2413 181 37 naturligt,
306 2415 52 30 att
381 2416 112 31 staten
516 2416 55 31 för
593 2417 106 31 sådan
721 2418 164 36 sakägare
908 2421 43 35 på
974 2422 47 29 ett
1044 2421 174 32 verksamt
1241 2425 66 29 sätt
1330 2424 211 32 underlättar
1563 2428 47 29 ett

102 2466 141 31 rättvist
277 2467 62 30 och
376 2467 163 38 lämpligt
570 2469 174 32 ordnande
775 2481 45 20 av
852 2471 87 32 hans
971 2474 154 31 enskilda
1157 2471 452 47 väghållningsskyldighet.

103 2527 110 31 Bihang
230 2529 40 24 till
285 2529 167 30 riksdagens
470 2531 142 29 protokoll
628 2532 76 25 1926.
746 2535 32 22 10
797 2535 81 24 saml.
919 2537 13 22 1
953 2537 68 30 häft.
1059 2537 50 26 (Nr
1131 2539 35 29 1.)
1557 2540 15 22 9
