1928 2808
66 386 136 24 Utskottet.

52 1221 159 30 Ersättning

50 1256 45 22 till
113 1256 104 22 domän-

54 1290 94 29 fonden
166 1290 42 30 för

44 1325 110 30 utgifter
172 1325 41 30 för

67 1359 93 31 tillsyn
179 1360 16 23 å

62 1394 133 24 enskildas

27 1429 199 30 skyddsskogar.

82 1466 96 41 [118.]

66 1627 134 24 Utskottet.

38 2097 145 31 Skogsvård
202 2098 15 23 å

25 2133 135 24 enskildas
178 2134 55 22 sko-

48 2175 48 23 gar
114 2169 12 22 i
144 2169 71 29 lapp-

60 2204 139 23 markerna

44 2240 68 21 samt
131 2238 85 23 Särna

26 2273 45 22 och
85 2273 64 23 Idre
163 2273 69 23 sock-

57 2314 50 16 nar
125 2316 33 14 m.
177 2308 26 29 fl.

65 2342 131 24 områden.

81 2379 96 41 [119.]

303 158 63 31 118
645 157 398 32 Jordbruksutskottets
1070 155 189 33 utlåtande
1286 156 53 32 Nr
1363 157 27 30 1.

300 237 178 35 Anslagen
501 237 53 30 för
577 235 232 32 instundande
832 235 178 36 budgetår,
1034 234 167 32 avseende
1224 234 238 31 kalenderåret
1487 234 95 36 1926,
1606 234 91 30 hava
1713 233 54 31 be-

256 289 142 30 räknats
421 288 77 31 med
521 289 136 35 hänsyn
681 290 103 33 tagen
807 287 56 30 till
887 287 106 36 sagda
1017 286 227 31 förhållande.

299 392 118 32 Under
451 392 141 31 erinran
626 393 52 29 att
709 391 237 31 innevarande
980 391 141 36 riksdag
1144 391 13 30 i
1180 391 184 30 huvudsak
1389 390 152 37 godkänt
1564 400 44 20 av
1633 389 131 37 Kungl.

254 444 102 36 Maj:t
379 444 166 36 framlagt
580 444 129 35 förslag
744 443 56 30 till
828 443 151 36 grunder
1002 443 53 30 för
1079 442 261 37 dyrtidstillägg
1363 443 36 30 åt
1422 441 344 37 befattningshavare

253 496 13 30 i
290 497 128 30 statens
452 496 118 36 tjänst,
595 496 55 30 får
684 495 175 35 utskottet,
894 504 72 21 som
1000 495 75 30 icke
1109 494 64 30 har
1196 496 105 34 något
1324 495 51 29 att
1399 494 115 30 erinra
1537 495 71 29 mot
1632 493 132 36 Kungl.

255 548 116 36 Maj:ts
388 548 227 31 förevarande
638 547 272 36 framställning,
934 546 195 36 hemställa,

697 627 52 30 att
772 625 185 37 riksdagen
980 626 59 30 må

697 680 33 36 a)
753 678 138 31 minska
915 678 174 30 ordinarie
1106 678 304 35 förslagsanslaget
1426 677 57 31 till
1499 676 193 37 ersättning
1707 676 57 31 till

653 732 128 29 statens
804 730 180 30 domäners
1009 730 82 30 fond
1115 730 54 29 för
1184 729 146 36 utgifter
1346 729 53 30 för
1415 729 123 36 tillsyn
1554 730 21 29 å
1590 728 175 31 enskildas

654 782 123 36 skogar
811 782 13 29 i
859 781 267 36 lappmarkerna
1160 782 90 29 samt
1284 780 112 31 Särna
1419 780 62 31 och
1506 780 79 31 Idre
1608 780 156 35 socknar,

652 844 49 20 nu
738 834 138 36 590,700
908 834 138 35 kronor,
1081 833 77 31 med
1193 833 139 36 245,700
1367 833 127 30 kronor
1529 832 56 31 till
1624 832 139 36 345,000

652 887 137 30 kronor.

695 938 35 38 b)
754 939 56 30 till
834 938 193 36 ersättning
1050 938 56 30 till
1130 939 130 30 statens
1276 938 181 30 domäners
1473 937 82 31 fond
1572 938 53 29 för
1641 946 122 27 genom

654 990 258 36 dyrtidstillägg
936 990 108 30 ökade
1067 990 144 36 utgifter
1235 990 53 30 för
1312 990 98 35 dylik
1433 989 121 35 tillsyn
1570 989 124 30 anvisa
1710 989 55 29 för

653 1042 202 36 budgetåret
880 1042 214 30 1926—1927
1119 1043 48 29 ett
1190 1043 98 29 extra
1304 1041 267 36 förslagsanslag
1587 1051 44 20 av
1646 1041 116 35 57,900

653 1094 137 31 kronor.

297 1224 107 37 122:o0)
451 1224 118 31 Under
603 1225 112 35 punkt
748 1225 62 30 118
843 1225 63 30 har
941 1225 132 35 Kungl.
1098 1224 100 36 Maj:t
1222 1224 178 36 föreslagit
1423 1223 184 36 riksdagen
1631 1225 51 29 att
1705 1224 57 30 till

252 1276 192 36 ersättning
479 1276 53 30 för
567 1278 128 29 statens
730 1277 181 30 domäners
945 1276 82 30 fond
1063 1276 53 30 för
1151 1285 122 27 genom
1297 1275 260 37 dyrtidstillägg
1581 1275 107 31 ökade
1711 1277 53 29 ut-

252 1327 105 36 gifter
381 1328 53 30 för
457 1328 122 36 tillsyn
602 1329 22 30 å
646 1328 173 32 enskildas
843 1328 251 36 skyddsskogar
1118 1328 122 30 anvisa
1257 1328 54 30 för
1327 1327 202 36 budgetåret
1546 1327 216 31 1926—1927

252 1380 47 29 ett
322 1381 99 29 extra
444 1380 270 37 förslagsanslag
737 1391 45 20 av
807 1380 116 36 17,300
947 1380 136 30 kronor.

296 1431 68 30 Till
388 1432 193 36 ersättning
605 1433 54 30 för
682 1434 129 29 statens
834 1433 180 30 domäners
1038 1432 82 30 fond
1145 1432 53 30 för
1222 1440 122 27 genom
1373 1431 258 36 dyrtidstillägg
1655 1431 108 31 ökade

252 1482 145 36 utgifter
431 1484 54 30 för
519 1484 121 36 tillsyn
664 1485 20 29 å
707 1484 175 30 enskildas
906 1484 250 36 skyddsskogar
1180 1486 39 28 är
1243 1483 53 30 för
1319 1483 202 36 budgetåret
1545 1483 215 30 1925—1926

252 1534 140 36 uppfört
415 1536 48 29 ett
486 1536 121 36 anslag
631 1546 44 20 av
700 1536 117 36 17,000
842 1536 135 30 kronor.

296 1621 118 32 Under
448 1623 140 30 erinran
623 1625 50 29 att
707 1623 236 31 innevarande
977 1623 141 36 riksdag
1142 1624 12 29 i
1177 1622 184 31 huvudsak
1385 1622 152 37 godkänt
1560 1633 44 20 av
1628 1623 133 36 Kungl.

251 1673 100 36 Maj:t
385 1674 195 37 föreslagna
615 1676 151 36 grunder
798 1676 54 29 för
886 1675 259 36 dyrtidstillägg
1173 1676 35 29 åt
1232 1675 342 36 befattningshavare
1598 1675 13 29 i
1633 1676 129 30 statens

251 1725 108 36 tjänst
382 1726 199 31 hemställer
604 1728 175 35 utskottet,

696 1806 50 30 att
771 1806 183 35 riksdagen
978 1806 57 29 må
1059 1805 54 30 till
1137 1805 194 35 ersättning
1355 1805 53 30 för
1432 1806 128 29 statens
1581 1805 181 31 domäners

652 1857 83 32 fond
759 1858 52 30 för
836 1867 122 27 genom
982 1857 258 37 dyrtidstillägg
1264 1857 108 31 ökade
1396 1857 143 36 utgifter
1563 1857 54 31 för
1640 1857 121 37 tillsyn

652 1911 21 29 å
705 1911 175 30 enskildas
908 1910 252 36 skyddsskogar
1183 1910 123 30 anvisa
1330 1910 53 30 för
1406 1909 202 37 budgetåret
1632 1910 128 30 1926—

653 1962 83 30 1927
760 1963 47 30 ett
829 1964 98 29 extra
951 1961 271 36 förslagsanslag
1245 1972 45 20 av
1315 1961 117 36 17,300
1457 1962 134 30 kronor.

296 2090 107 38 123:o0)
448 2091 119 31 Under
600 2092 113 35 punkt
747 2092 62 30 119
845 2092 63 30 har
936 2092 132 36 Kungl.
1093 2092 101 36 Maj:t
1219 2092 179 35 föreslagit
1421 2091 185 37 riksdagen
1629 2094 51 28 att
1703 2093 56 30 till

252 2142 196 37 främjande
471 2154 44 20 av
539 2144 189 36 skogsvård
751 2146 21 29 å
795 2145 174 31 enskildas
992 2145 124 36 skogar
1139 2145 13 30 i
1176 2144 266 37 lappmarkerna
1464 2146 91 29 samt
1571 2144 111 31 Särna
1697 2145 63 31 och

252 2195 78 31 Idre
353 2196 145 30 socknar
521 2196 78 31 med
623 2197 83 30 flera
730 2197 162 31 områden
915 2197 123 31 anvisa
1063 2197 53 30 för
1139 2197 202 36 budgetåret
1370 2197 79 30 1926
1467 2198 109 30 —1927
1599 2199 48 29 ett
1663 2199 95 29 extra

252 2248 349 36 reservationsanslag
624 2259 45 19 av
693 2249 117 36 20,000
835 2249 135 30 kronor.

293 2299 219 31 Beträffande
546 2300 231 36 utredningen
811 2301 12 30 i
860 2301 140 31 ärendet
1034 2301 164 30 hänvisas
1220 2301 56 30 till
1300 2301 126 30 nionde
1449 2301 223 31 huvudtiteln
1696 2301 63 31 sid.

252 2350 182 32 343—345.
