1918 2812
77 1306 134 23 Utskottet.

82 2068 122 23 Försöks-

64 2103 159 23 verksamhet

67 2138 58 22 med
144 2137 72 23 köks-

64 2173 91 22 växter
172 2171 45 23 vid

84 2207 114 30 Alnarps

60 2242 165 30 trädgårdar.

103 2279 74 42 [28.]

74 2373 137 23 Motioner.

306 152 40 31 30
652 151 399 33 Jordbruksutskottets
1078 151 189 33 utlåtande
1294 152 52 32 Nr
1369 152 29 31 1.

262 230 85 32 hade
370 230 41 31 de
432 230 105 31 blivit
559 230 75 31 sina
658 238 86 28 egna
768 230 253 36 yrkesutövare.
1067 230 17 31 TI
1108 231 84 30 stort
1215 231 65 30 sett
1303 230 114 31 kunde
1440 230 145 31 sålunda
1601 233 106 34 sägas,
1719 232 53 30 att

262 274 131 31 landets
427 274 400 36 trädgårdstjänstemän,
861 274 63 31 allt
951 274 104 31 sedan
1078 274 95 30 dessa
1196 274 268 36 statsstipendier
1487 274 203 36 tillkommo,
1715 275 55 30 till

262 318 232 36 huvudsaklig
517 318 55 30 del
596 318 206 35 rekryterats
826 317 104 31 bland
953 318 95 30 dessa
1071 317 201 36 stipendiers
1295 318 218 30 innehavare.

306 360 99 31 Även
429 370 65 26 om,
518 362 109 29 såsom
650 361 210 30 framhållits
883 361 12 29 i
919 361 437 35 statsverkspropositionen
1381 361 55 30 till
1453 361 84 30 1925
1554 362 55 29 års
1622 360 148 36 riksdag,

261 404 132 36 Kungl.
429 404 100 35 Maj:t
562 403 85 36 ägde
679 405 61 34 att,
764 406 64 28 när
851 403 56 31 det
929 404 55 30 för
1007 404 85 30 visst
1115 404 259 35 undantagsfall
1398 404 108 30 skulle
1531 404 75 30 visa
1629 404 51 35 sig
1703 406 68 28 sär-

260 448 84 31 skilt
375 448 180 36 angeläget
586 449 51 29 att
660 447 116 31 utdela
799 448 104 35 något
925 447 139 31 enstaka
1088 447 218 36 stipendium,
1330 448 123 30 anvisa
1475 447 222 36 erforderliga
1720 447 51 31 be-

261 492 76 36 lopp
362 492 77 30 från
463 491 122 31 nionde
608 491 239 31 huvudtitelns
870 491 118 36 anslag
1012 491 55 31 till
1090 493 96 29 extra
1209 491 152 36 utgifter,
1386 491 95 31 torde
1508 492 102 31 saken
1633 491 136 31 därmed

260 535 189 37 ingalunda
482 546 85 20 vara
602 535 121 36 hjälpt.
769 536 65 30 Det
868 535 94 31 torde
996 535 176 36 nämligen
1208 545 84 21 vara
1315 535 137 31 alldeles
1475 535 157 37 omöjligt
1655 537 51 29 att
1727 536 44 35 på

262 579 144 31 förhand
430 579 119 31 kunna
572 579 125 35 utpeka
720 589 41 20 en
785 579 71 30 viss
878 589 119 25 person
1021 580 110 29 såsom
1154 579 11 30 i
1189 579 185 30 framtiden
1399 579 143 35 lämplig
1566 579 54 30 för
1642 588 42 21 en
1700 579 71 30 viss

260 622 204 36 befattning.
510 622 65 30 Det
599 622 100 30 borde
723 622 59 30 vid
805 622 97 35 varje
925 622 210 35 befattnings
1158 622 210 30 tillsättande
1391 622 111 30 finnas
1522 622 84 30 flera
1621 621 149 31 sökande

260 667 51 29 att
333 665 96 36 välja
452 666 53 35 på,
530 665 109 31 vilket
662 665 73 31 icke
757 665 94 31 torde
875 665 96 30 bliva
994 665 105 35 fallet,
1123 674 55 21 om
1202 665 72 30 icke
1297 666 48 29 ett
1360 665 111 30 flertal
1487 666 100 29 sattes
1603 665 12 29 i
1632 665 138 30 tillfälle

260 710 52 30 att
334 709 166 30 förskaffa
523 709 52 35 sig
598 709 104 36 nödig
726 709 205 36 kompetens.
978 709 66 30 Det
1067 718 80 21 vore
1171 708 116 31 därför
1311 708 100 36 högst
1433 708 179 36 angeläget
1635 708 53 31 för
1705 708 64 31 den

261 753 144 30 svenska
439 752 340 37 trädgårdsskötseln,
814 753 50 30 att
898 752 269 36 statsstipendier
1202 752 52 31 för
1290 752 137 30 fortsatt
1455 752 199 35 utbildning
1677 752 92 30 inom

261 796 331 36 trädgårdsskötseln
624 797 89 35 ånyo
745 796 134 30 komme
913 797 50 29 att
998 796 142 35 utdelas,
1170 796 116 30 varför
1309 797 47 29 ett
1379 795 216 36 upptagande
1629 796 13 29 i
1675 797 95 29 stats-

261 840 353 35 verkspropositionen
649 839 55 31 till
732 840 84 30 1926
845 840 56 30 års
929 839 139 35 riksdag
1091 849 45 20 av
1159 840 48 29 ett
1230 839 171 30 ordinarie
1425 839 345 35 reservationsanslag

261 892 44 21 av
329 883 95 35 4,800
448 883 125 30 kronor
596 883 52 30 för
671 882 92 31 detta
786 882 161 31 ändamål
971 892 80 20 vore
1074 892 43 20 av
1141 882 140 30 behovet
1304 882 12 30 i
1333 882 66 35 hög
1423 882 85 35 grad
1531 882 163 35 påkallat.

305 926 155 31 Givetvis
489 927 106 30 måste
626 926 94 31 dessa
747 926 196 36 stipendier,
966 926 114 31 därest
1103 926 40 31 de
1166 927 89 35 ånyo
1279 926 136 30 komme
1438 925 55 31 till
1517 925 111 36 stånd,
1651 925 120 31 endast

261 970 36 31 få
330 980 97 21 anses
461 980 71 21 som
564 980 43 21 en
634 971 210 35 provisorisk
867 970 132 37 åtgärd,
1024 970 55 31 till
1102 970 74 31 dess
1199 970 57 31 det
1278 970 116 36 gamla
1417 970 209 31 önskemålet
1649 979 55 21 om
1728 979 41 21 en

261 1014 122 31 svensk
407 1014 344 36 trädgårdshögskola
774 1024 42 21 en
839 1015 90 35 gång
953 1014 115 31 kunde
1092 1014 236 36 förverkligas.

305 1091 378 37 Lantbruksstyrelsen
717 1092 65 30 har
817 1092 12 30 i
864 1091 311 31 remissutlåtande
1210 1091 66 31 den
1301 1093 40 29 10
1365 1092 194 35 september
1583 1092 84 30 1925
1691 1092 43 34 på
1758 1091 12 30 i

261 1143 314 36 framställningen
600 1143 147 31 anförda
771 1144 76 30 skäl
872 1143 177 36 tillstyrkt
1073 1143 103 30 bifall
1200 1143 57 30 till
1282 1142 213 31 densamma.

304 1195 72 30 Till
400 1194 154 32 nämnda
577 1194 269 37 framställning
870 1195 92 30 hava
985 1194 260 31 motionärerna
1269 1194 177 31 hänvisat.

308 1306 52 31 Då
391 1306 78 31 med
504 1306 139 36 hänsyn
677 1306 58 31 till
770 1306 68 31 vad
873 1307 11 30 i
919 1306 142 31 ärendet
1096 1306 151 31 sålunda
1280 1306 135 31 anförts
1450 1306 63 31 och
1548 1306 13 30 i
1593 1306 178 30 motionen

261 1357 47 31 II:
325 1359 40 30 28
389 1358 208 36 ytterligare
631 1358 265 31 understrukits
931 1359 49 30 ett
1013 1358 144 31 fortsatt
1192 1358 159 35 uppskov
1381 1357 77 31 med
1482 1358 142 36 anslags
1648 1357 122 36 uppfö-

260 1410 107 31 rande
402 1410 54 30 för
491 1409 201 31 ändamålet
716 1410 13 31 i
752 1410 103 35 fråga
890 1410 70 30 kan
995 1410 138 31 befaras
1168 1409 99 31 bliva
1301 1409 58 31 till
1389 1409 170 36 allvarlig
1585 1408 107 31 skada
1716 1408 54 31 för

259 1461 138 32 landets
420 1461 326 37 trädgårdsskötsel,
771 1471 102 21 anser
896 1462 55 36 sig
968 1462 169 31 utskottet
1155 1461 12 30 i
1184 1461 113 31 likhet
1313 1461 77 31 med
1407 1460 363 38 lantbruksstyrelsen

260 1515 84 30 böra
368 1514 194 36 tillstyrka,
587 1515 52 30 att
664 1514 56 31 det
744 1514 178 31 ordinarie
946 1514 400 36 reservationsanslaget
1363 1514 58 30 till
1439 1514 106 36 högre
1562 1513 206 36 utbildning

260 1567 12 30 1
296 1566 304 36 trädgårdsfacket
624 1576 48 20 nu
697 1567 90 35 ånyo
812 1567 164 35 uppföres
1000 1566 77 30 med
1102 1567 50 29 ett
1176 1566 124 35 belopp
1323 1576 45 20 av
1393 1566 95 35 4,800
1512 1566 138 30 kronor.

303 1617 120 32 Under
446 1617 217 36 åberopande
688 1628 44 20 av
757 1617 57 31 det
837 1617 149 31 anförda
1010 1617 203 31 hemställer
1237 1617 183 35 utskottet,

706 1705 52 29 att
793 1703 188 37 riksdagen
1015 1704 58 29 må
1107 1703 78 30 med
1210 1703 103 31 bifall
1339 1703 57 30 till
1420 1703 222 30 motionerna
1665 1701 28 31 I:
1707 1702 62 30 200

662 1755 63 31 och
749 1755 46 31 II:
810 1756 40 30 28
875 1756 13 29 i
911 1756 193 30 riksstaten
1133 1755 54 30 för
1211 1754 208 36 budgetåret
1449 1754 212 31 1926—1927
1687 1762 82 27 upp-

663 1807 77 31 föra
756 1807 177 31 ordinarie
949 1806 398 36 reservationsanslaget
1364 1806 58 31 till
1438 1806 107 36 högre
1563 1804 206 36 utbildning

664 1859 11 30 i
699 1859 302 35 trädgårdsfacket
1025 1858 78 31 med
1128 1859 95 35 4,800
1247 1858 140 31 kronor.

306 2058 84 37 32:o0)
424 2058 119 31 Under
574 2058 111 35 punkt
710 2058 40 30 28
775 2057 63 30 har
861 2057 131 35 Kungl.
1018 2057 101 36 Maj:t
1142 2057 179 36 föreslagit
1345 2056 183 36 riksdagen
1551 2057 50 29 att
1624 2056 56 30 till
1704 2056 66 30 för-

261 2110 298 31 söksverksamhet
590 2109 77 31 med
699 2109 206 30 köksväxter
928 2109 59 30 vid
1011 2109 151 35 Alnarps
1185 2109 203 35 trädgårdar
1411 2109 123 30 anvisa
1556 2108 53 30 för
1633 2107 137 35 budget-

261 2163 73 30 året
358 2162 214 31 1926—1927
597 2163 49 29 ett
669 2163 98 29 extra
789 2162 120 35 anslag
932 2171 44 20 av
1001 2161 116 36 15,200
1142 2161 134 30 kronor.

305 2214 220 31 Beträffande
560 2214 229 36 utredningen
812 2214 12 30 i
848 2213 140 31 ärendet
1021 2213 162 31 hänvisas
1212 2213 56 31 till
1302 2213 124 30 nionde
1460 2212 222 31 huvudtiteln
1706 2211 62 31 sid.

262 2267 138 30 68—72.

305 2362 18 30 I
346 2362 92 31 detta
461 2361 250 36 sammanhang
735 2361 63 30 har
822 2361 164 30 utskottet
1009 2361 55 30 till
1088 2360 211 36 behandling
1322 2359 149 31 förehaft
1494 2360 59 30 två
1576 2359 93 30 inom
1685 2359 84 30 riks-

260 2414 109 37 dagen
393 2415 131 34 väckta,
548 2413 221 37 likalydande
793 2414 175 35 motioner,
993 2413 174 36 nämligen
1191 2423 42 20 nr
1257 2413 62 30 199
1344 2413 12 30 i
1380 2412 105 31 första
1509 2412 199 30 kammaren
1724 2421 45 20 av
