1910 2810
82 1710 138 24 Motioner.

319 183 39 44 536
672 185 397 32 Jordbruksutskottets
1097 183 188 31 utlåtande
1313 183 53 30 Nr
1393 184 25 27 I.

274 265 204 35 befattning,
498 265 21 29 å
535 264 117 30 vilken
669 262 224 32 förenämnda
908 260 390 36 avlöningsreglemente
1316 260 154 30 kommer
1485 260 52 29 att
1551 260 66 35 äga
1633 258 148 36 tillämp-

275 318 94 36 ning,
401 317 110 37 enligt
539 316 126 31 hittills
688 315 162 37 gällande
872 313 436 37 avlöningsbestämmelser
1331 314 60 35 ägt
1415 311 152 37 uppbära
1589 312 114 35 någon
1727 310 54 31 del

274 382 44 20 av
341 371 211 35 avlöningen
575 370 12 30 i
612 369 155 35 förskott,
791 368 58 31 vid
874 368 173 35 ingången
1070 377 44 20 av
1137 366 66 36 juli
1226 365 124 31 månad
1375 365 84 31 1926
1481 364 55 31 till
1551 364 125 30 honom
1693 363 89 31 skall

275 424 42 34 på
338 423 222 30 statsverkets
582 421 184 30 bekostnad
791 420 167 30 utbetalas
980 421 48 29 ett
1050 419 130 35 belopp,
1205 417 241 31 motsvarande
1469 416 67 31 vad
1560 416 222 35 befattnings-

275 475 150 30 havaren
459 474 112 30 skulle
604 473 90 30 hava
729 473 8 29 i
775 472 64 30 den
874 471 204 35 befattning,
1113 471 69 29 han
1206 469 59 30 vid
1290 470 175 34 utgången
1487 478 43 20 av
1554 468 79 35 juni
1655 466 126 31 månad

275 527 83 30 1926
382 525 156 36 innehar,
563 525 13 30 i
599 524 144 31 förskott
766 523 164 36 uppburit
953 523 55 30 för
1029 522 67 36 juli
1121 521 124 31 månad
1263 521 95 36 1926,
1374 530 56 21 om
1446 520 41 31 de
1504 518 278 33 dittillsvarande

274 578 481 37 avlöningsbestämmelserna
791 576 43 31 då
867 575 209 32 fortfarande
1111 575 92 30 varit
1238 573 173 37 gällande;
1445 572 70 32 dels
1539 572 168 36 medgiva,
1731 572 50 29 att

275 630 225 31 kostnaderna
532 630 53 30 för
619 628 142 31 berörda
795 627 386 37 övergångsanordning
1212 627 57 29 må
1292 626 165 30 bestridas
1479 636 45 20 av
1548 624 64 31 den
1635 624 13 30 1
1670 625 110 29 staten

275 684 53 29 för
373 683 287 30 länsveterinärer
698 682 174 34 upptagna
905 680 255 36 anslagsposten
1195 679 53 29 för
1282 678 205 35 avlöningar
1520 677 54 30 till
1608 676 174 31 ordinarie

275 735 222 36 tjänstemän;
531 733 72 31 dels
630 733 162 34 förklara,
816 733 51 29 att
890 732 120 35 övriga
1033 741 45 20 av
1102 730 183 36 riksdagen
1309 729 77 31 med
1410 728 164 31 avseende
1596 729 22 29 å
1640 727 67 31 den
1729 726 52 31 de-

275 787 137 31 finitiva
443 786 291 36 löneregleringen
769 784 52 32 för
853 783 341 37 befattningshavare
1229 782 59 32 vid
1322 781 352 37 statsdepartementet
1704 779 77 31 med

275 841 82 30 flera
390 840 84 30 verk
509 839 158 31 lämnade
698 837 250 37 medgivanden
980 838 57 30 må
1067 837 12 29 i
1113 836 210 36 tillämpliga
1354 835 94 31 delar
1483 834 93 36 gälla
1608 836 89 28 även
1730 833 52 30 be-

275 892 168 31 träffande
478 892 303 33 länsveterinärer;
814 890 70 31 dels
916 890 170 36 medgiva,
1118 890 52 30 att
1201 887 238 36 vederbörliga
1471 886 232 36 ersättningar
1726 885 56 31 till

276 945 149 30 vikarier
449 945 52 30 för
525 944 297 34 länsveterinärer,
847 944 121 29 utöver
991 941 221 37 tillgängliga
1227 939 303 36 avlöningsmedel,
1546 939 57 30 må
1620 937 163 32 bestridas

274 1008 44 19 av
352 996 172 31 ordinarie
558 995 302 35 förslagsanslaget
894 994 54 31 till
983 992 277 32 förekommande
1293 992 61 30 och
1380 991 204 31 hämmande
1607 1000 44 20 av
1674 990 109 30 smitt-

275 1058 131 21 samma
438 1048 201 37 sjukdomar
672 1046 104 32 bland
811 1046 204 36 husdjuren;
1049 1045 69 31 dels
1152 1044 183 37 godkänna
1366 1044 57 31 det
1454 1053 44 21 av
1522 1043 263 36 departements-

275 1101 118 31 chefen
429 1101 12 30 i
464 1099 367 37 statsrådsprotokollet
855 1098 193 36 framlagda
1071 1097 163 36 förslaget
1257 1097 56 30 till
1336 1097 260 35 övergångsstat
1619 1095 54 30 för
1695 1095 88 30 läns-

276 1154 217 35 veterinärer,
527 1154 51 29 att
609 1152 174 35 tillämpas
817 1151 109 30 under
954 1150 95 31 tiden
1074 1151 17 29 1
1116 1149 153 37 juli—31
1294 1148 175 31 december
1492 1148 101 34 1926;
1617 1147 70 31 dels
1711 1146 71 35 ock,

276 1205 60 31 vid
373 1205 100 30 bifall
508 1204 131 35 härtill,
672 1203 76 31 med
780 1202 214 32 uteslutande
1027 1212 42 20 ur
1092 1202 183 30 riksstaten
1299 1211 43 20 av
1366 1200 55 31 det
1443 1199 110 31 under
1575 1199 126 30 nionde
1723 1198 60 30 hu-

276 1257 180 35 vudtiteln,
488 1256 231 36 avdelningen
743 1254 355 35 Veterinärväsendet,
1122 1252 341 36 underavdelningen
1487 1251 296 34 veterinärstaten,

277 1309 168 37 uppförda
483 1308 170 32 ordinarie
685 1307 155 36 anslaget
872 1307 56 30 till
962 1306 286 31 länsveterinärer
1280 1305 61 31 och
1377 1302 406 37 veterinärstipendiater,

277 1362 108 31 under
408 1371 132 22 samma
563 1360 296 36 underavdelning
883 1359 145 36 uppföra
1051 1359 107 30 under
1181 1358 76 31 titel
1285 1357 338 31 »Länsveterinärer»
1638 1357 48 29 ett
1698 1355 86 31 ordi-

277 1415 97 30 narie
397 1413 268 36 förslagsanslag
688 1423 44 20 av
757 1412 139 35 166,000
920 1412 141 33 kronor;
1085 1410 109 31 under
1216 1410 75 30 titel
1319 1407 283 38 »Övergångsstat
1626 1408 54 30 för
1696 1408 88 30 läns-

278 1466 227 31 veterinärer»
540 1466 49 30 ett
622 1464 174 31 ordinarie
818 1463 121 36 anslag
963 1473 44 20 av
1032 1463 117 35 12,750
1173 1463 139 33 kronor;
1336 1461 110 30 under
1468 1461 74 30 titel
1570 1460 214 30 »Veterinär-

277 1518 237 36 stipendiater»
541 1518 49 29 ett
613 1516 174 31 ordinarie
809 1516 120 35 anslag
952 1525 43 20 av
1021 1515 94 35 7,200
1140 1515 134 30 kronor.

322 1569 218 32 Beträffande
575 1568 223 36 utredningen
834 1568 10 29 i
877 1567 140 31 ärendet
1049 1566 163 31 hänvisas
1245 1567 51 29 till
1330 1565 121 31 nionde
1475 1564 222 31 huvudtiteln
1722 1563 61 31 sid.

279 1623 180 29 132-142.

322 1701 16 29 I
373 1700 248 35 sammanhang
657 1699 76 30 med
757 1699 131 34 Kungl.
914 1698 118 35 Maj:ts
1056 1697 223 31 förevarande
1303 1696 126 36 förslag
1452 1696 64 30 har
1540 1695 165 30 utskottet
1728 1694 54 30 till

279 1752 206 36 behandling
510 1751 150 31 förehaft
683 1750 152 37 följande
859 1751 93 30 inom
978 1749 184 36 riksdagen
1186 1749 123 31 väckta
1332 1749 177 34 motioner,
1534 1747 190 36 nämligen:

323 1815 42 20 nr
404 1806 61 29 144
490 1805 9 29 i
525 1805 106 30 första
654 1804 199 30 kammaren
882 1813 44 20 av
961 1803 78 30 herr
1063 1800 210 33 Österström
1297 1812 43 20 m.
1366 1801 51 35 fl.,
1442 1800 72 31 lika
1539 1799 146 37 lydande
1708 1799 73 30 med

278 1869 42 19 nr
353 1858 60 30 197
447 1858 12 29 i
491 1856 108 31 andra
631 1857 201 29 kammaren
864 1865 43 20 av
941 1855 79 30 herr
1053 1853 122 37 Öberg,
1200 1855 76 29 vari
1303 1853 201 35 hemställts,
1528 1854 50 28 att
1602 1851 184 36 riksdagen

278 1911 114 34 måtte,
427 1909 76 30 med
536 1908 149 36 ändring
719 1908 12 29 i
754 1907 67 31 vad
846 1907 130 36 Kungl.
1001 1907 102 35 Maj:t
1126 1907 12 29 i
1162 1906 250 36 propositionen
1436 1903 146 31 rörande
1605 1903 180 35 löneregle-

279 1963 77 34 ring
380 1962 52 30 för
449 1961 332 30 länsveterinärerna
794 1959 152 35 föreslår,
961 1959 141 35 besluta,
1115 1959 52 30 att
1181 1958 330 30 länsveterinärerna
1524 1956 12 30 i
1548 1955 40 31 de
1598 1955 77 36 fyra
1688 1955 98 30 nord-

278 2015 122 36 ligaste
435 2014 101 30 länen
568 2012 96 31 skola
698 2012 162 30 hänföras
894 2011 56 31 till
986 2012 74 29 21:a
1094 2010 203 36 lönegraden
1329 2011 89 29 samt
1441 2008 211 31 fortfarande
1675 2008 110 30 såsom

279 2066 125 31 hittills
426 2065 138 36 åtnjuta
587 2075 47 20 nu
658 2063 159 37 gällande
840 2063 168 31 särskilda
1034 2063 200 36 lönetillägg
1257 2063 21 29 å
1302 2062 62 30 300
1388 2062 141 34 kronor;
1553 2062 88 29 samt
1664 2070 42 20 nr
1723 2060 62 31 198

278 2120 11 29 i
314 2119 107 30 första
455 2118 197 30 kammaren
686 2127 43 20 av
757 2117 80 30 herr
861 2116 154 35 Nilsson,
1041 2115 79 31 Nils
1143 2115 132 35 Anton,
1300 2114 76 31 däri
1400 2113 204 36 föreslagits,
1627 2114 50 29 att
1699 2113 87 30 läns-

278 2171 173 30 veterinär
485 2170 160 29 hänföres
680 2169 51 30 till
768 2169 77 30 B21
886 2169 11 29 i
932 2168 404 35 avlöningsreglementet
1371 2166 53 30 för
1447 2165 340 35 befattningshavare

279 2222 57 31 vid
374 2221 312 36 statsdepartement
721 2221 60 29 och
817 2221 92 29 vissa
941 2219 107 31 andra
1084 2220 92 34 verk,
1213 2217 205 32 tillhörande
1452 2217 64 31 den
1551 2217 105 30 civila
1691 2218 96 29 stats-

279 2274 266 35 förvaltningen.

323 2327 17 30 I
373 2327 98 36 fråga
503 2336 54 21 om
590 2326 39 30 de
663 2325 86 36 skäl,
782 2325 255 30 motionärerna
1069 2324 115 30 anfört
1218 2324 53 30 till
1295 2322 73 31 stöd
1394 2323 53 29 för
1470 2323 77 29 sina
1570 2322 140 35 förslag,
1734 2322 53 29 får

279 2381 164 29 utskottet
467 2379 146 30 hänvisa
637 2378 53 30 till
716 2378 220 29 motionerna.

323 2457 182 31 Ordinarie
538 2456 156 36 anslaget
728 2455 54 31 till
819 2455 288 30 länsveterinärer
1142 2455 60 30 och
1237 2453 396 36 veterinärstipendiater
1657 2454 132 33 uppgår

281 2510 108 35 enligt
413 2509 184 30 riksstaten
620 2508 55 30 för
697 2507 202 36 budgetåret
923 2507 215 30 1925—1926
1163 2506 56 30 till
1244 2506 138 35 138,000
1407 2505 134 30 kronor.

325 2562 99 29 Detta
447 2560 120 35 anslag
591 2562 39 28 är
653 2561 110 28 avsett
786 2560 52 29 att
860 2558 148 31 fördelas
1033 2559 41 35 på
1097 2560 67 28 sätt
1188 2558 155 35 framgår
1365 2568 44 20 av
1433 2557 152 36 följande
1607 2559 77 28 stat.
