2310 2708
737 199 103 30 Stats-
850 198 160 32 Utskottets
1039 197 165 32 Utlåtande
1226 196 64 32 N:o
1313 197 53 30 33.
1794 193 39 33 25

269 287 49 33 för
343 288 39 31 de
406 288 231 42 beräkningar,
661 299 67 20 som
755 288 76 42 lågo
851 287 49 31 till
913 286 107 43 grund
1033 286 50 31 för
1095 286 221 31 komiterades
1329 285 133 42 förslag,
1475 290 101 36 yttrat
1590 285 157 40 följande:
1770 283 107 32 »Här-

271 340 48 31 till
355 339 148 31 kommer
537 339 182 31 emellertid
743 338 193 43 ytterligare
960 337 155 32 behofvet
1139 338 34 30 af
1192 342 45 26 ett
1264 337 115 42 anslag
1402 337 50 30 för
1474 336 241 41 inrättningens
1741 335 136 31 förvalt-

270 390 287 42 ningskostnader,
582 390 128 31 hvilkas
738 389 121 43 belopp
885 389 203 31 komiterade
1112 389 127 41 antagit
1263 388 49 31 till
1337 389 111 36 10,000
1471 387 79 31 R:dr
1574 387 135 42 årligen,
1734 392 144 26 motsva-

271 442 116 37 rande,
422 442 79 32 efter
536 443 17 29 5
588 446 138 37 procent
759 446 108 31 ränta,
902 445 47 27 ett
983 439 232 43 grundkapital
1253 440 34 29 af
1316 440 133 37 200,000
1473 438 110 37 R:dr»;
1607 437 79 32 Men
1711 438 46 30 uti
1783 438 39 31 de
1848 438 34 30 af

271 493 203 30 komiterade
507 492 201 42 föreslagna,
743 492 9 30 i
786 493 54 29 nio
871 491 161 31 särskilda
1055 491 142 41 pankter
1221 491 155 30 affattade
1400 490 144 42 grunder
1567 491 49 30 för
1640 490 182 31 ordnandet
1847 491 34 30 af

270 543 288 32 folkskolelärares
592 542 234 42 pensionering
874 541 219 32 förekommer
1127 541 72 31 icke
1224 543 109 40 någon
1358 541 62 31 den
1443 541 146 41 ringaste
1612 540 230 32 bestämmelse
1866 541 10 30 i

270 594 91 43 fråga
396 605 51 20 om
483 593 444 42 förvaltningskostnaderna
962 592 59 31 och
1057 591 123 43 Kongl.
1216 591 95 42 Maj:t
1339 591 59 31 har
1421 592 46 30 uti
1493 592 72 30 dess
1590 592 6 29 i
1623 596 109 26 ämnet
1756 591 119 31 aflåtna

270 646 120 40 nådiga
413 644 214 42 Proposition
652 645 33 30 af
705 644 63 30 den
793 645 14 29 1
835 643 185 31 December
1046 644 78 30 1865
1150 643 115 31 endast
1289 642 108 38 äskat,
1422 647 47 26 att
1491 642 117 31 Rikets
1633 641 151 38 Ständer,
1802 643 73 30 med

269 695 148 42 gillande
452 695 34 30 af
516 695 94 31 dessa
645 695 153 42 grunder,
823 696 100 29 måtte
949 693 163 42 medgifva
1136 694 142 41 lyftning
1302 693 34 30 af
1356 698 45 26 ett
1425 693 49 31 för
1497 693 188 31 ändamålet
1708 693 86 31 förut
1818 705 57 19 an-

269 746 108 31 visadt
414 746 241 41 sammanlagdt
689 744 120 43 belopp
845 745 34 30 af
904 746 133 36 120,000
1062 744 79 31 R:dr
1166 749 46 26 att
1236 744 48 31 för
1308 743 310 31 folkskolelärarnes
1642 744 234 42 pensionering

270 797 105 42 enligt
399 797 94 30 dessa
515 796 144 43 grunder
684 796 179 36 användas,
888 800 84 26 samt
994 795 50 31 för
1066 795 294 42 pensioneringens
1385 794 289 42 upprätthållande
1699 795 112 30 anvisa
1830 799 45 27 ett

271 848 98 41 årligt
403 848 163 31 ordinarie
601 847 114 41 anslag
750 847 33 30 af
814 848 113 35 30,000
962 846 78 31 R:ådr
1060 847 103 40 jemte
1188 847 91 33 1,000
1302 845 79 31 R:dr
1405 845 123 42 årligen
1554 847 106 29 såsom
1686 844 117 43 bidrag
1828 845 46 31 till

270 898 310 31 folkskolelärarnes
615 897 102 32 cenke-
741 896 59 32 och
825 896 213 43 pupillkassa.
1083 896 157 31 Hvarken
1265 896 48 30 uti
1337 895 300 32 Stats-Utskottets
1662 894 180 33 Utlåtande
1866 897 9 29 i

271 954 109 26 ämnet
414 948 76 42 (N:o
521 950 58 29 104
605 949 53 30 vid
682 948 141 31 nämnda
845 947 150 42 riksdag)
1021 947 80 32 eller
1124 948 46 29 uti
1195 947 116 31 Rikets
1335 946 158 32 Ständers
1518 947 34 30 af
1571 946 209 31 direktionen
1798 946 77 31 åbe-

269 1000 123 42 ropade
426 1000 227 42 underdåniga
689 999 170 31 skrifvelse
894 999 33 30 af
959 999 62 30 den
1055 1000 39 29 20
1128 997 81 33 Juni
1240 999 79 30 1866
1343 997 219 32 förekommer
1585 997 197 43 någonting,
1807 1009 67 20 som

270 1051 107 31 skulle
412 1051 135 41 antyda,
583 1055 47 25 att
663 1050 116 31 Rikets
814 1048 142 33 Ständer
979 1050 107 41 ingått
1109 1049 46 30 uti
1180 1060 40 20 en
1244 1049 34 30 af
1298 1048 72 31 dem
1395 1048 73 31 icke
1493 1048 102 32 äskad
1618 1048 204 42 granskning
1846 1049 33 30 af

269 1102 221 31 komiterades
526 1101 210 41 motivering,
772 1100 79 31 eller
886 1105 45 25 att
966 1100 117 31 Rikets
1111 1099 143 32 Ständer
1277 1099 106 31 skulle
1408 1099 170 42 medgifvit
1602 1099 182 31 afsättande
1809 1100 71 30 utaf

270 1158 47 26 ett
350 1152 234 43 grundkapital
620 1152 34 30 af
684 1153 133 36 200,000
851 1151 88 37 R:dr,
967 1150 117 31 hvaraf
1107 1155 117 26 räntan
1247 1150 106 31 skulle
1378 1150 165 32 användas
1568 1149 46 31 till
1640 1150 236 42 förvaltnings-

270 1203 188 38 kostnader,
487 1203 223 31 destomindre
734 1214 83 25 som,
842 1204 41 39 på
907 1207 64 25 sätt
994 1202 97 30 ofvan
1113 1201 168 38 förmäles,
1306 1201 55 31 det
1384 1201 54 31 vid
1462 1201 107 31 denna
1591 1201 135 41 riksdag
1748 1201 50 31 för
1825 1201 51 31 in-

269 1255 206 41 rättningens
499 1253 275 43 grundläggande
799 1253 154 31 anvisade
976 1252 140 42 kapital,
1139 1252 142 31 förutom
1307 1252 226 42 årsanslagen,
1557 1251 73 31 icke
1656 1251 145 43 uppgick
1827 1252 47 30 till

270 1305 103 43 högre
407 1305 121 41 belopp
564 1310 41 25 än
641 1305 132 36 120,000
807 1303 87 32 R:dr.
939 1303 80 31 Men
1044 1303 94 31 äfven
1162 1314 51 20 om
1237 1302 118 32 Rikets
1379 1302 141 32 Ständer
1544 1302 105 31 skulle
1672 1301 98 32 hafva
1793 1303 83 42 god-

270 1356 80 31 känt
384 1355 250 43 ifrågavarande
667 1354 407 42 förvaltningskostnader,
1098 1353 126 32 hvilket
1247 1353 95 38 dock,
1367 1353 103 43 enligt
1493 1353 190 31 Utskottets
1709 1353 113 38 tanke,
1846 1353 28 41 ej

270 1408 84 30 varit
387 1406 235 37 förhållandet,
657 1410 105 26 möter
796 1405 52 31 väl
872 1405 94 31 deraf
984 1404 73 31 icke
1081 1407 100 39 något
1204 1404 117 31 hinder
1345 1409 47 26 att
1414 1404 49 31 för
1486 1404 174 31 framtiden
1684 1404 103 31 ordna
1809 1404 67 32 för-

270 1458 194 41 valtningen
498 1459 42 39 på
563 1461 47 26 ett
633 1456 317 42 ändamålsenligare
975 1455 60 32 och
1059 1454 152 43 billigare
1235 1459 73 27 sätt.
1353 1454 174 32 IFluruvida
1551 1455 91 31 detta
1665 1454 64 31 kan
1753 1455 58 31 ske
1835 1457 42 39 på

271 1508 55 31 det
361 1508 32 31 af
425 1508 219 31 Revisorerne
678 1507 186 41 föreslagna
898 1511 65 26 sätt
987 1506 79 31 eller
1090 1506 208 37 annorledes,
1322 1505 58 31 har
1402 1505 175 32 Utskottet
1601 1505 48 32 för
1672 1506 204 31 närvarande

271 1561 88 29 svårt
393 1563 48 27 att
474 1558 155 37 bedöma,
665 1557 84 32 dock
784 1569 96 29 synes
915 1568 40 20 en
989 1557 141 31 särskild
1164 1557 154 41 styrelse-
1347 1556 62 32 och
1431 1556 373 42 förvaltningspersonal
1827 1557 50 31 för

271 1610 40 31 de
335 1609 89 32 olika
446 1609 420 42 pensionsinrättningarne
891 1608 145 31 medföra
1059 1607 102 43 högre
1184 1607 399 43 förvaltningskostnader
1607 1613 40 25 än
1661 1618 51 20 om
1725 1607 152 42 förening

271 1662 8 30 i
315 1661 91 31 detta
429 1660 187 32 hänseende
640 1659 110 31 kunde
775 1658 249 43 åvägabringas.
1070 1658 53 32 Då
1147 1658 182 32 emellertid
1354 1657 123 43 Kongl.
1501 1657 94 42 Maj:t
1620 1657 73 32 bäst
1717 1663 35 26 är
1775 1659 9 29 i
1810 1658 67 31 till-

272 1712 73 31 fälle
381 1717 47 25 att
461 1710 156 38 bedöma,
651 1722 51 20 om
738 1710 61 31 och
833 1713 42 39 på
899 1709 83 32 hvad
1006 1715 65 26 sätt
1094 1709 117 32 sådant
1233 1709 178 42 lämpligen
1436 1710 65 30 kan
1525 1720 62 31 ega
1609 1720 86 26 rum,
1719 1709 80 31 eller
1823 1720 51 20 om

271 1763 60 31 och
366 1763 133 30 hvilken
538 1773 108 19 annan
681 1761 116 42 åtgärd
831 1761 50 30 till
916 1760 458 43 förvaltningskostnadernas
1409 1760 248 42 nedbringande
1680 1759 61 32 bör
1764 1760 112 31 kunna

271 1814 165 41 vidtagas,
461 1812 190 32 hemställer
673 1811 189 38 Utskottet,

674 1867 48 26 att
744 1862 191 42 Riksdagen
959 1862 78 31 ville
1061 1862 46 30 uti
1120 1862 207 42 underdånig
1340 1861 170 32 skrifvelse
1525 1861 140 37 anhålla,
1682 1861 55 31 det
1749 1860 125 43 Kongl.

672 1913 96 41 Maj:t
801 1913 126 31 täcktes
961 1913 9 30 i
1006 1913 153 31 afseende
1194 1915 18 28 å
1238 1913 243 42 förvaltningen
1511 1912 34 31 af
1564 1912 311 32 folkskolelärarnes

673 1964 338 42 pensionsinrättning
1046 1963 163 32 anbefalla
1243 1963 123 31 sådana
1400 1963 161 42 åtgärder,
1586 1967 47 27 att
1654 1963 222 32 kostnaderna

672 2016 49 30 för
744 2015 107 31 denna
873 2014 201 42 förvaltning
1098 2016 51 29 må
1173 2014 9 31 i
1205 2014 188 43 väsendtlig
1416 2016 74 29 mån
1515 2013 207 44 nedbringas.

358 2380 72 33 Bih.
457 2383 46 30 till
529 2383 107 32 Riksd.
662 2383 85 29 Prot.
772 2382 87 30 1870.
904 2383 19 30 4
947 2381 94 31 Saml.
1088 2383 18 29 1
1132 2380 91 42 Afd..
1251 2382 42 30 20
1316 2381 91 42 Häft.
1774 2384 19 27 4
