2213 2662
706 123 229 36 Lag-Utskottets
960 128 149 30 Utlåtande
1133 131 55 29 N:o
1213 135 27 26 7.
1716 141 21 31 5

176 205 46 32 att
249 206 113 32 bereda
398 217 37 22 cn
468 208 139 41 jemnare
634 211 174 44 fördelning
836 216 34 31 af
895 217 89 32 dessa
1012 218 178 42 inkomster,
1219 222 57 32 har
1304 224 115 42 Kongl.
1449 225 92 44 Maj:t
1567 239 112 30 genom
1707 242 71 31 pro-

173 257 132 40 position
342 259 57 32 den
441 262 41 30 16
517 261 171 34 December
721 267 93 31 1859
845 269 185 33 underställt
1057 272 105 33 Rikets
1192 273 144 35 Ständers
1363 279 144 42 pröfning
1534 281 82 33 vissa
1644 286 135 38 grunder

174 309 46 31 för
261 319 36 22 en
338 311 96 32 sådan
470 314 154 41 reglering
657 317 55 30 och
741 318 106 33 dervid
875 321 64 31 dels
969 323 161 42 föreslagit
1157 326 50 32 det
1234 327 191 44 lönebelopp,
1456 341 67 22 som
1550 333 51 32 vid
1628 337 148 39 reglerin-

173 371 58 30 gen
273 363 94 32 borde
407 364 106 42 hvarje
554 366 107 42 biskop
697 369 148 41 tilldelas,
876 373 55 31 och
959 384 66 22 som
1054 377 46 31 för
1128 378 142 41 biskopen
1299 380 10 31 i
1336 382 104 33 Lunds
1468 384 67 32 stift
1562 386 111 42 ansågs
1704 390 73 32 böra

173 413 191 33 bestämmas
392 416 48 31 till
472 418 133 38 15,000
635 420 88 39 R:dr,
754 423 64 31 dels
846 425 55 30 ock
927 425 9 30 i
966 427 91 40 öfrigt
1092 429 170 40 hemställt,
1292 432 94 32 bland
1415 437 103 37 annat,
1548 438 46 31 att
1621 448 48 22 om
1699 442 77 31 efter

172 464 96 32 skedd
310 466 163 42 utredning
514 469 174 42 biskopslön
730 474 147 33 befunnes
911 477 164 42 öfverstiga
1104 480 51 32 det
1182 482 161 34 bestämda
1370 485 142 42 beloppet
1539 489 70 31 med
1637 490 34 32 så
1699 493 78 32 stort

174 517 104 39 värde,
321 527 64 23 som
429 521 131 32 svarade
601 524 65 31 mot
702 525 214 44 afkastningen
945 530 35 30 af
1003 531 44 31 ett
1074 532 75 32 eller
1176 534 74 32 flera
1278 537 71 31 med
1376 537 131 41 tjensten
1535 541 143 33 förenade
1706 554 69 31 pre-

170 568 249 42 bendepastorat,
450 582 121 23 samma
600 576 140 38 pastorat
768 579 92 32 borde
889 580 132 33 derifrån
1050 583 117 42 skiljas,
1198 586 76 32 dock
1301 588 33 31 så
1363 590 45 31 att
1435 592 50 30 vid
1509 592 106 42 hvarje
1634 595 139 41 biskops-

169 620 60 31 stol
269 622 44 30 ett
351 624 298 41 prebendepastorat
689 629 101 33 blefve
827 631 102 32 såsom
957 632 110 34 sådant
1094 636 182 39 bibehållet;
1307 641 55 38 att,
1393 651 50 21 om
1470 643 175 41 biskopslön
1674 647 98 33 skulle

171 672 187 42 öfverskjuta
400 675 51 32 det
492 677 46 31 för
579 678 181 34 densamma
798 683 160 32 bestämda
988 686 91 32 värde
1107 689 71 31 med
1206 690 98 33 större
1332 692 111 42 belopp
1472 698 37 28 än
1537 705 67 22 som
1632 700 138 31 motsra-

167 724 75 32 rade
278 725 172 34 inkomsten
488 729 34 31 af
547 729 131 33 derifrån
708 733 98 33 skilda
834 736 305 43 prebendepastorat,
1169 741 116 42 Kongl.
1314 744 93 41 Maj:t
1434 746 98 33 skulle
1561 758 57 31 ega
1646 751 46 31 att
1720 752 51 32 be-

167 777 144 39 stämma,
355 779 105 32 hvilka
501 781 167 33 inkomster
709 786 180 41 ytterligare
931 788 93 32 borde
1064 791 66 31 från
1172 793 89 32 lönen
1304 796 123 40 skiljas;
1471 800 82 31 samt
1585 801 47 32 att
1660 802 36 32 de
1724 803 46 31 in-

166 827 145 40 komster,
355 830 105 32 hvilka
502 832 64 33 icke
608 835 50 31 vid
691 836 224 42 biskopsstolen
945 840 181 41 bibehöllos,
1157 844 98 33 skulle
1283 846 71 42 ingå
1381 849 49 30 till
1458 848 237 43 Statskontoret,
1725 855 46 32 för

167 880 46 31 att
253 881 96 32 under
391 883 68 31 titel
501 884 513 47 »biskopslöneregleringsfonden»
1055 895 159 33 redovisas
1255 898 57 31 och
1344 900 50 31 till
1417 901 165 41 jemnande
1612 906 34 30 af
1670 915 99 24 annan

165 931 175 42 biskopslön
371 936 168 32 användas.

318 985 62 31 Till
409 996 70 22 svar
507 988 75 32 härå
609 991 182 34 meddelade
819 994 106 33 Rikets
955 995 129 34 Ständer
1112 998 10 31 i
1150 1000 160 34 skrifvelse
1339 1003 57 32 den
1427 1006 43 30 29
1502 1006 133 34 Oktober
1659 1011 108 39 1860,

164 1035 46 31 att
238 1035 36 32 de
302 1036 49 32 till
378 1038 64 31 alla
471 1039 85 32 delar
591 1041 92 40 gillat
719 1045 56 30 och
808 1047 120 40 antagit
955 1048 81 32 hvad
1064 1050 114 42 Kongl.
1208 1052 93 41 Maj:t
1328 1055 9 31 i
1365 1056 226 34 ofvannämnda
1618 1060 149 34 hänseen-

163 1087 58 31 den
262 1088 170 42 föreslagit,
476 1101 70 22 men
588 1094 46 30 att
669 1095 107 32 Rikets
810 1097 128 33 Ständer
966 1101 173 33 emellertid
1167 1104 76 32 trott
1271 1106 47 41 sig
1345 1107 75 32 böra
1447 1109 55 32 hos
1531 1110 114 43 Kongl.
1675 1113 93 42 Maj:t

164 1139 134 39 anmäla,
342 1140 149 34 hurusom
532 1143 10 31 i
584 1145 142 33 afseende
762 1148 38 40 på
837 1150 57 31 den
922 1151 236 41 ifrågavarande
1186 1157 193 41 regleringen
1407 1161 34 30 af
1464 1161 198 41 biskoparnes
1692 1166 74 31 aflö-

161 1190 75 41 ning
271 1192 232 34 Presteståndet
539 1195 47 32 för
614 1197 45 31 sin
689 1198 49 32 del
766 1202 110 38 ansett,
908 1204 45 30 att
982 1204 83 32 utom
1094 1205 81 33 hvad
1204 1208 56 32 den
1288 1209 111 42 nådiga
1426 1214 226 39 propositionen
1680 1218 85 32 inne-

161 1242 82 32 hölle
284 1244 93 32 borde
417 1247 160 32 meddelas
618 1249 94 32 bland
753 1254 95 30 annat
889 1255 56 31 den
986 1256 229 42 bestämmelse,
1255 1261 46 31 att
1338 1263 176 43 afkastning
1542 1267 35 30 af
1600 1268 162 40 boställen,

161 1294 157 40 hemman,
361 1297 179 40 lägenheter
568 1300 74 32 celler
676 1302 117 40 jordar,
825 1315 66 21 som
919 1307 46 31 för
993 1308 43 31 all
1063 1310 128 32 framtid
1218 1312 102 33 blifvit
1346 1315 106 41 biskop
1480 1317 10 31 i
1517 1317 77 34 visst
1621 1320 68 32 stift
1716 1323 48 30 ut-

161 1346 170 41 Wyckligen
360 1349 221 41 tillförsäkrad,
612 1353 24 40 ej
666 1354 79 41 finge
773 1356 49 31 till
850 1367 100 22 annan
978 1360 122 41 biskops
1129 1363 134 41 aflöning
1290 1367 168 32 användas.

312 1399 88 32 Efter
429 1401 51 32 det
508 1403 227 34 vederbörande
763 1409 213 40 myndigheter
1004 1411 163 35 inkommit
1193 1416 71 31 med
1292 1417 117 42 förslag
1436 1423 130 30 rörande
1594 1423 36 32 de
1660 1423 102 43 åtgär-

161 1449 62 39 der,
253 1450 105 32 hvilka
385 1452 48 31 för
460 1454 226 35 verkställande
715 1459 34 30 af
773 1459 57 32 den
860 1461 34 31 af
917 1462 115 42 Kongl.
1064 1464 91 42 Maj:t
1182 1468 57 30 och
1266 1469 106 32 Rikets
1402 1470 129 34 Ständer
1558 1473 130 34 sålunda
1708 1478 52 31 be-

160 1501 121 33 slutade
322 1504 156 41 reglering
518 1507 202 36 erfordrades,
756 1513 82 30 samt
864 1513 116 41 Kongl.
1010 1515 92 42 Maj:t
1129 1517 132 34 derefter
1288 1531 110 29 genom
1426 1523 106 41 nådigt
1559 1526 70 32 bref
1653 1528 57 31 den
1741 1531 18 30 2

159 1552 149 32 Februari
348 1556 94 31 1864
481 1558 165 41 uppdragit
674 1560 30 32 åt
732 1562 36 31 de
795 1565 159 38 nämnder,
984 1566 104 33 hvilka
1116 1570 96 40 enligt
1239 1572 115 41 Kongl.
1383 1575 214 41 förordningen
1627 1579 56 31 den
1717 1584 39 28 11

158 1603 66 32 Juli
257 1606 94 31 1862
389 1607 59 32 fått
484 1609 47 39 sig
560 1611 178 33 anförlrodd
766 1614 56 31 den
852 1616 157 33 allmänna
1036 1620 192 42 regleringen
1259 1624 30 30 af
1315 1626 244 41 presterskapets
1588 1629 95 40 löner,
1714 1633 46 31 att

154 1654 117 41 jemväl
313 1658 167 32 verkställa
523 1661 163 43 utredning
722 1665 34 31 af
790 1666 62 32 alla
890 1669 70 30 med
995 1669 287 42 biskopsembetena
1310 1676 145 33 förenade
1483 1678 167 35 inkomster
1678 1686 82 30 samt

159 1707 54 39 att,
245 1708 101 32 derest
374 1710 90 32 dessa
491 1712 168 33 inkomster
686 1716 148 33 befunnes
864 1719 167 42 öfverstiga
1060 1723 35 31 de
1124 1725 33 30 af
1181 1725 116 41 Kongl.
1327 1728 92 41 Maj:t
1446 1730 161 33 bestämda
1635 1734 121 42 belopp,

156 1759 115 31 föreslå
310 1760 236 42 frånskiljandet
587 1766 94 31 under
723 1769 227 33 ofvannämnda
992 1773 97 32 vilkor
1117 1776 33 31 af
1175 1778 44 30 ett
1246 1778 75 31 eller
1349 1780 75 31 flera
1450 1782 306 44 prebendepastorat,

157 1809 33 32 så
217 1810 57 32 har
300 1812 396 43 löneregleringsnämnden
737 1819 83 32 inom
862 1822 177 34 Malmöhus
1075 1826 61 39 län,
1166 1828 49 31 till
1241 1830 193 41 fullgörande
1463 1834 34 31 af
1520 1837 134 31 nämnda
1681 1848 75 31 upp-

157 1862 86 40 drag,
288 1864 65 31 dels
394 1866 134 41 npplyst,
559 1869 45 30 att
632 1870 93 31 bland
753 1872 279 35 löneinkomsterna
1060 1878 50 31 vid
1139 1879 223 41 biskopsstolen
1390 1884 10 30 i
1427 1885 89 32 Lund
1543 1887 135 33 förekom
1707 1890 48 31 år-

154 1913 59 40 ligt
254 1916 128 31 arrende
424 1918 34 30 af
495 1919 51 31 det
586 1920 144 42 biskopen
771 1925 149 41 anslagna
949 1928 130 32 boställe
1107 1931 140 41 Helgona
1275 1933 76 40 gård
1378 1936 55 30 och
1461 1938 86 39 gods,
1579 1940 176 41 uppgående

154 1965 49 31 till
245 1968 131 37 18,449
416 1969 163 34 Riksdaler
621 1974 40 30 17
702 1978 60 36 öre,
794 1976 64 32 dels
886 1978 171 43 föreslagit,
1088 1983 45 31 att
1159 1984 131 33 Lomma
1317 1987 184 43 församling
1528 1990 97 33 skulle
1653 1993 102 33 såsom

153 2018 295 42 prebendepastorat
475 2023 48 32 vid
553 2023 223 42 biskopsstolen
805 2028 181 42 bibehållas,
1016 2042 70 23 men
1115 2035 138 33 deremot
1280 2038 93 40 Fjelie
1401 2040 57 32 och
1484 2042 105 33 Flädie
1616 2046 140 38 pastorat

153 2069 133 32 derifrån
314 2072 120 41 skiljas.

305 2123 13 30 I
354 2124 126 41 afgifvet
515 2128 157 34 utlåtande
700 2131 81 32 öfver
809 2133 84 33 detta
921 2135 124 41 förslag,
1075 2137 56 32 har
1158 2140 208 42 Domkapitlet
1393 2143 10 31 i
1430 2144 97 39 Lund,
1557 2146 101 33 såsom
1687 2149 65 32 skäl

150 2173 44 31 för
222 2174 54 32 sitt
304 2175 225 36 instämmande
557 2181 9 30 i
595 2184 167 32 nämndens
791 2185 113 43 förslag
932 2188 46 30 att
1005 2187 65 32 från
1100 2191 257 41 biskopsembetet
1385 2196 88 40 skilja
1502 2198 50 31 det
1579 2200 96 32 större
1696 2202 56 31 och

150 2224 206 44 indrägtigare
393 2230 322 42 prebendepastoratet
751 2237 94 40 Fjelie
874 2239 55 32 och
958 2239 114 40 Flädie,
1104 2244 106 39 anfört,
1243 2247 44 30 utt
1316 2247 210 42 afkastningen
1554 2251 33 31 af
1611 2252 140 41 Helgona
