1894 2776
254 112 18 29 6
700 120 277 32 Statsutskottets
990 123 174 31 utlåtande
1188 134 42 20 nr
1249 125 68 30 137.

258 209 60 33 per
342 204 99 30 kund
464 206 126 30 räknat
613 206 10 29 i
646 207 127 39 många
797 208 61 30 fall
882 210 116 39 uppgå
1022 211 51 29 till
1098 213 122 29 endast
1244 214 196 40 obetydliga
1462 215 135 40 belopp.
1623 216 141 39 Härige-

260 263 82 20 nom
374 256 216 39 uppkomma
623 258 273 31 förhållandevis
930 262 94 29 stora
1058 262 189 30 kostnader
1278 264 54 29 för
1365 265 258 40 centraldepån,
1657 266 107 29 vilket

258 303 160 31 minskar
442 305 130 40 depåns
595 307 223 40 möjligheter
841 312 50 27 att
915 310 52 29 till
991 311 203 40 förmånligt
1216 313 71 39 pris
1311 314 267 32 tillhandahålla
1602 317 162 29 materia-

259 354 64 29 len.
346 355 121 39 Någon
490 357 147 40 ändring
658 366 42 21 av
722 361 202 29 nuvarande
946 362 237 38 organisation
1205 373 101 20 anses
1328 365 192 30 emellertid
1543 366 75 29 icke
1640 367 123 39 möjlig

258 404 81 30 eller
362 406 143 39 lämplig
528 409 49 28 att
599 409 213 37 genomföra.
836 410 176 31 Utskottet
1034 412 64 29 har
1118 414 55 29 för
1196 413 53 30 sin
1272 415 53 29 del
1347 414 76 30 icke
1447 415 105 39 något
1574 419 50 28 att
1646 417 116 30 erinra

257 457 72 27 mot
350 457 50 28 att
422 457 265 40 centraldepåns
708 460 223 30 verksamhet
951 461 45 39 på
1016 463 94 29 detta
1132 463 141 30 område
1295 466 179 29 fortsättes
1496 466 9 28 i
1528 466 234 31 oförändrade

258 504 141 35 former,
430 516 80 20 men
539 508 58 29 vill
628 508 10 29 i
667 510 204 39 anslutning
900 511 53 29 till
982 513 65 29 vad
1078 514 260 30 sakrevisionen
1368 516 118 30 anfört
1516 514 244 47 understryka,

257 557 50 27 att
331 565 42 20 en
397 557 282 41 rationalisering
704 559 62 30 bör
789 560 236 31 eftersträvas.
1052 563 11 29 I
1088 564 65 29 den
1178 564 82 29 mån
1284 565 221 39 möjligheter
1529 567 118 31 härtill
1673 568 89 30 före-

256 605 90 39 ligga
375 614 124 31 genom
526 610 50 28 att
603 609 254 31 vidmakthålla
885 612 65 29 och
977 613 177 30 förstärka
1182 616 209 29 samarbetet
1419 618 79 29 med
1524 618 42 29 de
1594 614 166 48 frivilliga

255 655 436 41 hjälporganisationerna,
717 660 83 30 böra
827 663 101 29 dessa
953 662 248 41 tillvaratagas.

301 706 267 32 Sakrevisionen
594 709 65 30 har
685 710 148 31 kommit
860 711 53 30 till
941 713 66 29 den
1034 714 281 41 uppfattningen,
1342 719 51 28 att
1420 718 248 40 centraldepån
1695 719 66 30 hit-

256 755 70 31 tills
353 757 78 29 icke
459 758 135 31 kunnat
622 760 326 32 tillfredsställande
976 763 85 39 fylla
1088 764 55 30 sin
1170 766 148 39 uppgift,
1347 768 63 28 när
1439 768 57 30 det
1524 769 106 39 gäller
1668 770 38 30 fö
1718 765 42 48 r-

256 807 232 40 säljning
525 817 52 22 av
612 810 205 40 färdiga
853 821 157 22 varor.
1047 815 50 29 Av
1116 816 88 29 flera
1223 817 75 29 skäl
1318 825 112 26 anses,
1453 818 149 31 framför
1621 820 61 30 allt
1701 820 58 29 vid

254 865 42 21 en
324 858 139 38 stegrad
490 859 221 41 försäljning,
739 863 203 38 uppenbara
969 864 221 39 olägenheter
1217 875 83 22 vara
1327 867 166 31 förenade
1519 870 79 29 med
1626 872 50 28 att
1703 871 56 29 be-

254 906 97 31 driva
375 909 204 31 densamma
586 902 21 56 i
635 911 118 40 statlig
774 912 82 39 regi,
880 914 65 29 och
969 914 130 40 förslag
1121 916 45 30 ha
1189 917 120 30 därför
1331 917 184 41 framlagts
1540 921 50 29 att
1612 929 75 20 som
1710 922 48 28 ett

253 957 235 39 provisorium
513 961 160 30 överföra
700 962 114 30 denna
839 964 224 31 verksamhet
1089 965 52 30 till
1167 967 41 29 de
1234 967 137 31 blindas
1397 969 171 40 förening.
1597 971 11 29 I
1636 971 123 29 motio-

253 1016 107 22 nerna
383 1009 98 30 1:450
503 1011 63 29 och
587 1011 45 29 II:
649 1012 63 30 545
733 1012 64 30 har
818 1014 198 39 föreslagits
1037 1025 42 20 en
1100 1017 308 42 decentralisering
1428 1029 42 21 av
1490 1020 268 40 försäljningar-

252 1066 45 21 na
320 1058 51 29 till
396 1060 42 29 de
464 1061 114 30 lokala
601 1062 352 41 försäljningsorgan,
979 1074 75 21 som
1077 1067 108 29 redan
1210 1067 126 36 finnas,
1362 1069 65 29 och
1451 1071 50 29 att
1524 1071 100 30 dessa
1648 1080 108 31 organ

252 1107 132 31 erhålla
405 1109 87 31 visst
513 1112 77 29 stöd
613 1112 79 29 från
713 1114 294 31 statsmakternas
1029 1116 84 30 sida.
1136 1117 276 32 Verksamheten
1434 1120 112 30 skulle
1567 1121 44 30 då
1633 1121 124 30 fortfa-

252 1159 107 29 rande
381 1159 54 30 stå
455 1162 110 29 under
584 1164 267 39 centraldepåns
872 1165 151 40 ledning.

296 1209 12 29 I
334 1209 111 31 likhet
469 1212 78 29 med
571 1213 259 31 motionärerna
855 1224 103 21 anser
981 1217 170 30 utskottet
1177 1217 57 31 det
1257 1218 10 29 i
1290 1220 68 38 hög
1382 1221 85 38 grad
1491 1222 189 39 angeläget,
1705 1224 50 29 att

250 1257 75 31 icke
347 1259 133 32 sådana
500 1261 160 39 åtgärder
681 1263 167 40 vidtagas,
872 1275 75 20 som
969 1266 138 31 minska
1129 1268 40 29 de
1191 1269 114 30 lokala
1326 1270 164 40 frivilliga
1512 1280 171 31 organens
1704 1273 51 29 in-

251 1310 107 28 tresse
378 1312 51 28 att
447 1311 142 41 bidraga
608 1312 52 30 till
679 1313 268 40 ifrågavarande
965 1318 233 30 verksamhet.
1218 1320 63 29 Det
1300 1320 359 40 försäljningsarbete,
1679 1332 75 20 som

248 1359 158 31 bedrives
429 1369 123 31 genom
574 1364 110 33 dessa,
707 1365 158 30 kommer
887 1366 143 39 givetvis
1052 1368 61 29 allt
1133 1369 174 39 framgent
1330 1372 51 28 att
1400 1380 84 21 vara
1505 1381 42 21 av
1568 1375 72 27 stor
1660 1374 94 39 bety-

249 1409 92 30 delse
364 1410 55 30 för
442 1414 51 28 att
515 1414 134 29 avsätta
672 1415 41 29 de
735 1414 121 31 blinda
877 1417 279 31 hantverkarnas
1179 1420 202 38 produkter.
1406 1421 58 30 Att
1487 1423 102 30 döma
1613 1433 42 20 av
1677 1425 41 29 de
1743 1424 10 28 i

246 1460 262 36 propositionen
542 1462 202 31 redovisade
780 1465 275 39 utredningarna
1090 1477 104 29 synas
1229 1469 192 30 emellertid
1456 1472 296 39 avsättningssvå-

248 1509 199 40 righeterna
465 1513 45 30 ha
527 1514 100 30 ökats
645 1517 159 28 avsevärt
822 1525 124 30 genom
965 1518 94 31 såväl
1078 1520 122 40 skärpt
1218 1521 221 31 konkurrens
1458 1523 80 30 från
1555 1524 197 30 industrien

248 1569 74 21 som
343 1570 41 20 en
406 1564 146 29 tendens
573 1565 79 30 från
674 1566 175 39 köparnas
872 1568 76 30 sida
968 1571 50 27 att
1039 1570 159 30 alltmera
1218 1572 225 31 centralisera
1464 1573 76 31 sina
1561 1574 118 40 inköp.
1700 1576 52 28 En

245 1611 91 30 ökad
360 1613 423 40 överskottsproduktion,
808 1626 75 21 som
907 1618 76 30 icke
1007 1620 70 29 kan
1100 1621 165 39 försäljas
1290 1632 42 19 av
1354 1623 261 31 hantverkarna
1640 1625 110 39 själva

246 1661 63 29 och
331 1662 41 29 de
394 1662 165 41 frivilliga
581 1665 115 31 lokala
718 1667 334 39 organisationerna,
1075 1672 97 28 torde
1196 1672 118 29 därför
1336 1673 239 40 otvivelaktigt
1596 1685 84 20 vara
1701 1677 50 28 att

246 1713 140 28 emotse.
416 1713 116 30 Under
560 1715 130 31 sådana
718 1717 246 31 förhållanden
992 1720 111 30 måste
1130 1721 107 39 enligt
1264 1723 189 30 utskottets
1482 1725 141 39 mening
1649 1725 102 30 efter-

245 1763 134 29 strävas
405 1763 95 30 såväl
523 1774 41 20 en
586 1765 259 42 intensifiering
866 1778 42 20 av
930 1770 41 29 de
994 1770 164 40 frivilliga
1180 1772 114 30 lokala
1317 1774 342 38 organisationernas
1682 1776 69 30 för-

245 1812 154 40 säljving
427 1823 75 20 som
528 1816 196 31 förbättrad
752 1820 130 29 central
910 1821 200 39 avsättning
1137 1832 42 19 av
1204 1823 468 41 överskottsproduktionen.
1700 1827 50 29 De

244 1862 86 33 skäl,
355 1871 76 22 som
455 1865 135 30 anförts
613 1869 73 27 mot
709 1870 49 27 att
780 1869 115 30 denna
917 1871 213 41 försäljning
1151 1872 156 31 bedrives
1331 1873 11 29 i
1365 1875 119 39 statlig
1505 1876 81 39 regi,
1611 1877 64 29 har
1697 1879 53 27 ut-

244 1912 129 30 skottet
405 1914 120 31 funnit
555 1916 164 35 bärande,
750 1919 65 28 och
847 1920 172 30 utskottet
1049 1921 193 40 tillstyrker
1274 1923 166 40 förslaget
1471 1927 50 28 att
1552 1926 44 39 på
1628 1927 121 30 försök

242 1963 162 31 överföra
432 1966 267 31 verksamheten
730 1968 52 29 till
810 1970 41 29 de
879 1969 138 31 blindas
1045 1972 171 40 förening.
1245 1974 116 38 Enligt
1389 1976 189 30 utskottets
1606 1977 142 39 mening

240 2012 86 31 böra
345 2014 270 40 möjligheterna
637 2017 52 29 till
711 2017 118 31 intimt
851 2021 195 29 samarbete
1068 2023 79 29 med
1169 2024 41 28 de
1232 2023 164 40 frivilliga
1419 2025 329 40 hjälporganisatio-

241 2071 109 23 nerna
370 2065 204 39 härigenom
596 2076 143 22 snarare
759 2070 191 30 förbättras
972 2072 43 29 än
1038 2072 202 31 försämras.
1262 2075 176 30 Utskottet
1459 2076 70 29 kan
1549 2077 102 30 alltså
1671 2077 76 30 icke

241 2112 177 41 tillstyrka
437 2116 166 40 förslaget
628 2118 4 28 i
651 2120 240 37 nyssnämnda
910 2121 182 35 motioner,
1112 2125 50 27 att
1181 2123 257 41 försäljningen
1457 2126 160 31 kvarstår
1636 2128 111 30 under

241 2165 268 40 centraldepåns
536 2168 141 39 ledning
704 2170 65 28 och
796 2170 71 29 helt
896 2171 142 31 baseras
1066 2173 44 39 på
1137 2174 41 29 de
1206 2174 114 31 lokala
1349 2171 396 50 försäljningsorganen,

240 2223 79 21 men
343 2215 61 30 vill
427 2217 244 40 understryka,
696 2221 50 28 att
770 2229 82 21 man
877 2222 111 29 under
1012 2223 237 32 försökstiden
1274 2225 103 39 följer
1402 2227 244 40 utvecklingen
1670 2228 76 30 icke

240 2264 108 31 minst
367 2266 10 29 i
396 2266 101 40 fråga
515 2276 56 21 om
589 2269 101 30 dessa
708 2277 126 32 organs
853 2271 295 42 förutsättningar
1167 2276 51 28 att
1235 2275 141 31 bedriva
1395 2276 54 30 sin
1467 2278 233 30 verksamhet.

284 2315 74 30 Vad
376 2316 10 29 i
405 2317 263 40 propositionen
686 2318 198 41 föreslagits
903 2330 58 21 om
979 2322 336 33 tillhandahållande
1333 2335 42 21 av
1394 2326 266 41 förlagskapital
1680 2329 65 29 och

238 2365 123 40 bidrag
388 2366 54 30 till
469 2367 325 33 driftkostnaderna
822 2371 55 30 för
905 2371 501 41 försäljningsverksamheten
1434 2377 64 30 har
1524 2377 76 31 icke
1628 2379 118 30 föran-

238 2415 61 30 lett
320 2416 115 40 någon
456 2418 139 30 erinran
616 2419 81 30 från
717 2420 181 31 utskottet.
