2232 2634
726 199 248 33 Statsutskottets
1005 196 171 34 Utlåtande
1199 196 66 32 N:o
1290 196 54 31 82.
1817 195 21 30 3

232 285 14 36 i
274 286 105 46 fråga
407 296 57 24 om
492 282 198 47 värdering
718 282 40 35 af
782 280 251 37 vattenfallets
1061 278 136 37 storlek
1225 278 14 35 i
1257 277 225 35 hästkrafter
1501 276 63 36 vid
1583 276 97 36 olika
1699 279 138 33 vatten-

231 339 107 36 stånd
380 339 68 35 och
488 337 303 47 byggnadssättet
826 338 20 32 å
876 335 55 35 för
959 332 294 38 vattenkraftens
1280 331 313 47 tillgodogörande
1621 330 216 47 erforderlig

233 383 305 61 dammbyggnad.
1225 381 6 7 |

340 445 56 36 Af
433 446 69 35 den
543 443 210 47 utredning,
797 441 153 37 hvilken
992 439 165 38 bemälde
1199 438 172 36 Ekelund
1400 440 45 45 på
1473 438 120 47 grund
1622 438 40 35 af
1685 438 153 35 berörda

234 500 243 36 förordnande
506 498 202 45 verkställt,
737 497 172 46 framgår,
938 495 113 35 bland
1079 496 126 33 annat:
1236 495 56 33 att
1320 492 400 46 förrättningsmannen
1746 492 92 35 efter

232 554 147 35 utförda
415 551 251 47 afvägningar,
696 550 128 36 hvilka
852 549 164 35 hänförts
1044 548 57 36 till
1131 547 60 35 det
1214 545 309 49 jämförelseplan,
1553 557 74 23 som
1657 546 97 46 legat
1781 545 57 35 till

233 607 121 47 grund
383 606 55 35 för
466 606 271 35 häradsrättens
766 602 268 37 ofvannämnda
1062 601 132 46 utslag,
1225 599 135 44 funnit,
1391 602 52 32 att
1472 600 69 34 den
1571 598 162 48 fallhöjd,
1762 610 76 24 som

234 673 132 35 genom
402 672 46 23 en
476 658 295 48 dammbyggnad
798 656 65 37 vid
890 655 228 37 Prästforsen
1147 654 124 35 kunde
1300 656 144 44 uttagas
1472 656 91 32 utan
1590 655 55 33 att
1673 652 166 36 ofvanför

233 714 174 47 liggande
449 713 63 35 fall
554 713 40 35 af
632 711 222 46 dämningen
895 710 80 35 lede
1018 709 124 43 skada,
1179 706 196 47 rätteligen
1404 706 168 48 utgjorde
1602 709 68 41 4,33
1704 710 133 41 meter;

236 771 54 32 att
333 767 310 46 vattenmängden
684 765 12 35 i
740 764 151 36 Gafleån
932 775 85 24 vore
1059 761 146 48 mycket
1246 761 215 36 varierande
1496 760 67 36 och
1596 760 152 35 sålunda
1776 760 63 35 vid

234 822 130 46 högsta
407 820 191 46 iakttagna
625 818 234 37 vattenstånd
887 816 189 36 befunnits
1106 817 121 45 uppgå
1256 814 58 35 till
1346 816 72 33 165
1449 814 67 35 och
1545 813 62 36 vid
1635 814 117 46 lägsta
1780 813 59 35 till

235 875 30 48 ej
308 874 87 35 fullt
435 876 19 33 5
493 873 234 35 kubikmeter
765 872 13 35 i
814 871 207 42 sekunden;
1053 872 53 33 att
1134 870 72 34 den
1233 867 197 47 riktigaste
1460 867 128 35 siffran
1616 870 46 44 på
1691 866 147 36 ordinär

235 927 404 46 minimivattenmängd
667 925 115 47 enligt
810 924 416 47 förrättningsmannens
1254 921 97 36 åsikt
1380 924 124 44 syntes
1532 921 87 35 böra
1647 923 113 33 sättas
1780 920 59 36 till

237 984 20 33 8
289 981 233 36 kubikmeter
550 981 13 34 i
592 979 206 45 sekunden;
831 982 93 32 samt
953 980 64 43 att,
1038 977 45 35 då
1103 976 40 35 af
1159 976 119 34 denna
1297 974 314 37 vattenkvantitet
1631 977 50 42 0,5
1705 973 132 36 kubik-

235 1038 115 33 meter
391 1035 110 35 borde
543 1034 171 35 afräknas
750 1033 58 35 till
841 1032 205 46 laxtrappa,
1076 1030 56 35 för
1160 1030 179 35 hvardera
1367 1029 262 46 strandägaren
1657 1028 181 35 återstode

238 1091 68 42 3,7s
346 1088 234 36 kubikmeter
615 1087 13 35 i
657 1087 200 43 sekunden,
888 1085 151 37 hvilken
1067 1083 265 46 vattenmängd
1360 1083 83 35 med
1471 1082 262 36 ofvanberörda
1762 1081 78 35 fall-

236 1142 87 48 höjd
361 1142 42 35 af
436 1145 68 42 4,3
545 1144 114 32 meter
694 1139 296 49 representerade
1028 1141 52 32 ett
1108 1137 231 46 kraftbelopp
1370 1136 40 35 af
1438 1138 72 33 180
1541 1135 174 36 effektiva
1743 1135 96 35 häst-

237 1196 142 35 krafter
408 1198 21 33 å
456 1195 219 36 turbinaxel.

346 1249 19 35 I
408 1261 46 23 en
495 1248 57 36 till
593 1248 115 35 Eders
743 1246 136 46 Kungl.
911 1245 107 48 Maj:t
1046 1243 165 47 ingifven
1240 1243 112 35 skrift
1380 1243 67 35 har
1473 1255 52 22 nu
1552 1242 153 36 berörda
1732 1242 107 46 bolag

237 1323 51 5 —
317 1302 83 35 med
442 1302 188 43 förmälan,
674 1303 53 33 att
768 1300 145 46 bolaget
954 1299 94 34 hade
1090 1298 57 34 för
1183 1296 113 36 afsikt
1324 1299 54 32 att
1407 1296 153 46 anlägga
1589 1296 118 34 damm
1738 1295 101 36 öfver

237 1356 152 35 Gafleån
417 1355 63 36 vid
508 1354 230 36 Prästforsen
766 1353 56 35 för
850 1352 201 47 uttagande
1080 1352 67 34 och
1174 1350 311 46 tillgodogörande
1510 1349 40 35 af
1564 1349 275 35 vattenkraften

237 1412 20 32 å
293 1410 72 34 den
406 1421 107 23 norra
549 1408 173 35 stranden
755 1407 40 35 af
820 1409 58 42 ån,
907 1406 148 36 hvarest
1082 1403 424 47 terrängförhållandena
1533 1415 86 23 vore
1648 1402 55 35 för
1732 1402 107 35 ända-

238 1462 110 36 målet
377 1461 237 49 synnerligen
641 1460 164 49 tjänliga,
836 1460 13 35 i
879 1461 147 34 motsats
1055 1457 57 37 till
1141 1458 98 35 hvad
1268 1457 102 35 fallet
1396 1469 84 23 vore
1501 1459 20 32 å
1541 1456 104 35 södra
1665 1456 175 35 stranden

238 1517 40 35 af
311 1519 46 32 ån
396 1538 50 3 —
484 1516 13 35 i
532 1515 296 47 underdånighet
870 1512 164 44 anhållit,
1079 1515 54 33 att
1166 1511 117 35 Eders
1311 1511 138 46 Kungl.
1479 1510 107 48 Maj:t
1613 1509 142 36 täcktes
1783 1509 57 35 till

236 1570 249 36 innevarande
520 1572 58 32 års
607 1568 165 46 Riksdag
801 1573 87 41 göra
916 1565 271 46 framställning
1215 1577 57 23 om
1302 1563 215 49 försäljning
1545 1563 58 36 till
1631 1563 144 46 bolaget
1803 1562 41 35 af

238 1624 162 35 kronans
441 1623 57 36 till
539 1622 236 36 förenämnda
817 1620 301 47 kungsladugård
1155 1618 161 36 hörande
1346 1617 107 36 andel
1480 1617 56 35 uti
1564 1617 275 46 ifrågavarande

237 1677 192 36 vattenfall
467 1676 112 47 jämte
616 1678 20 32 å
673 1676 106 34 södra
815 1674 175 36 stranden
1017 1673 41 34 af
1082 1675 47 32 ån
1157 1671 234 46 erforderligt
1419 1671 143 35 område
1591 1670 55 35 för
1674 1670 166 35 fästande

238 1731 66 35 och
334 1729 172 36 framtida
533 1728 196 35 underhåll
758 1728 40 34 af
824 1728 70 34 den
923 1727 55 34 för
1006 1725 293 36 vattenkraftens
1328 1724 198 46 uttagande
1554 1723 133 46 nödiga
1707 1724 133 33 damm-

237 1783 186 48 byggnad.
480 1782 69 35 Till
592 1782 79 35 stöd
713 1782 56 34 för
811 1779 253 48 ansökningen
1106 1779 67 34 har
1216 1777 129 36 därvid
1374 1777 40 35 af
1438 1777 142 46 bolaget
1609 1776 149 44 anförts,
1789 1778 52 33 att

238 1837 82 35 hela
349 1836 71 35 den
448 1836 13 35 i
489 1835 227 36 Prästforsen
744 1834 191 46 befintliga
963 1832 275 37 vattenkraften
1267 1831 82 35 icke
1377 1842 86 24 vore
1487 1830 167 35 afsevärd
1673 1830 77 42 och,
1772 1829 68 35 för-

239 1890 105 36 delad
387 1892 46 44 på
475 1890 43 34 de
559 1889 93 35 båda
694 1888 273 47 strandägarne,
998 1886 165 35 lämnade
1191 1885 107 47 ringa
1326 1884 130 47 utbyte
1485 1884 12 35 i
1521 1883 208 48 jämförelse
1758 1883 82 35 med

239 1945 44 34 de
326 1944 208 43 kostnader,
579 1955 73 23 som
692 1942 40 35 af
765 1954 46 23 en
848 1942 91 34 hvar
968 1940 40 35 af
1032 1940 82 35 dem
1142 1941 113 33 måste
1284 1938 197 46 nedläggas
1510 1937 55 35 för
1593 1937 165 35 kraftens
1787 1940 54 31 ut-

238 1998 158 46 tagande
434 2000 92 31 samt
553 1999 54 32 att
636 1997 61 34 det
724 1996 117 34 under
870 1995 134 34 sådana
1033 1992 251 36 förhållanden
1312 1994 123 44 syntes
1464 2002 87 24 vara
1579 1991 82 34 med
1690 1990 61 35 det
1780 1990 60 34 all-

240 2057 152 28 männas
430 2050 114 35 fördel
572 2049 82 35 bäst
681 2048 184 45 förenligt,
896 2050 53 32 att
977 2046 277 46 ifrågavarande
1283 2044 236 43 vattenkraft,
1541 2043 13 35 i
1574 2044 119 34 stället
1712 2043 55 34 för
1787 2046 54 31 att

240 2103 258 46 tillgodogöras
527 2113 130 35 genom
687 2104 139 32 statens
855 2099 144 36 direkta
1027 2099 223 45 åtgöranden
1279 2097 87 35 eller
1385 2097 56 34 för
1460 2097 125 45 längre
1605 2096 148 34 framtid
1774 2096 66 33 för-

240 2156 116 36 blifva
398 2155 177 43 oanvänd,
613 2157 142 32 snarast
783 2153 141 48 möjligt
952 2152 145 47 gjordes
1126 2150 197 47 produktiv
1351 2162 128 34 genom
1510 2150 81 34 dess
1619 2148 221 47 upplåtande

243 2209 155 36 medelst
430 2207 215 48 försäljning
672 2207 58 35 till
758 2207 71 35 den
857 2206 167 35 enskilda
1052 2204 216 44 industrien,
1300 2203 128 35 därvid
1457 2204 114 34 såsom
1600 2202 150 45 ledning
1778 2201 64 35 vid

241 2262 286 36 bestämmandet
569 2261 39 35 af
647 2259 312 48 köpeskillingens
997 2257 130 47 belopp
1157 2260 123 45 syntes
1310 2257 126 34 kunna
1463 2255 100 48 tjäna
1592 2255 249 46 stadgandena
