2220 2630
698 198 246 32 Statsutskottets
975 197 170 33 Utlåtande
1168 198 65 31 N:o
1258 199 54 31 82.
1787 193 20 31 5

208 282 167 47 gällande
417 281 269 36 bestämmelser
714 280 30 48 ej
776 279 116 36 heller
920 282 123 45 syntes
1073 282 96 33 möta
1197 280 55 35 för
1281 278 180 49 afyttring
1489 277 81 36 från
1599 277 140 35 kronan
1772 276 40 35 af

210 336 97 36 såväl
341 338 246 34 vattenrätten
616 347 75 23 som
720 334 124 35 därtill
873 334 159 35 hörande
1062 333 125 45 utmål,
1217 334 118 34 Eders
1363 332 136 47 Kungl.
1530 331 126 48 Maj:ts
1684 330 124 36 befall-

210 389 304 47 ningshafvande,
557 389 116 34 under
714 387 262 47 förutsättning
1005 390 52 32 att
1085 387 368 47 kungsladugårdens
1482 385 210 35 arrendator
1720 387 88 32 utan

210 444 159 35 kronans
411 442 232 47 betungande
685 442 113 34 hölles
840 441 226 47 fullkomligt
1106 441 197 45 skadeslös,
1339 440 13 35 i
1381 440 171 35 händelse
1581 439 70 34 den
1679 438 130 46 ifråga-

211 500 93 33 satta
333 495 263 49 försäljningen
624 495 142 35 komme
794 495 58 35 till
881 495 117 44 stånd,
1029 496 132 45 ansåge
1190 494 56 47 sig
1274 495 87 34 böra
1389 493 57 36 till
1467 494 69 34 den
1557 492 253 46 underdåniga

213 550 316 46 framställningen
557 549 184 47 tillstyrka
769 548 114 35 bifall.

320 604 70 35 För
418 615 92 35 egen
539 603 58 35 del
625 603 67 34 har
721 602 309 47 domänstyrelsen
1059 601 120 35 anfört
1207 601 170 47 följande.

320 657 83 35 Den
440 656 236 44 vattenkraft,
707 668 87 31 som,
824 655 92 36 efter
944 656 97 34 hvad
1070 655 273 42 ofvanberörda,
1375 654 40 35 af
1440 652 209 46 sakkunnig
1677 664 133 35 person

213 710 224 37 verkställda
465 709 198 47 utredning
691 709 106 47 gåfve
825 709 63 35 vid
917 709 156 44 handen,
1104 709 123 35 kunde
1256 712 145 43 uttagas
1429 720 44 22 ur
1501 707 71 35 den
1598 706 58 35 till
1675 706 135 46 kungs-

213 765 224 46 ladugården
474 764 161 35 hörande
664 763 105 35 andel
798 762 13 36 i
839 763 238 43 Prästforsen,
1108 774 84 24 vore
1221 762 31 48 ej
1284 762 41 34 af
1350 762 113 34 sådan
1490 760 234 47 betydenhet,
1756 762 55 33 att

216 819 70 35 den
317 818 123 35 kunde
468 817 131 36 tänkas
626 816 116 36 blifva
769 815 58 36 till
855 828 97 35 gagn
980 816 55 35 för
1063 819 111 44 något
1202 815 163 47 speciellt
1394 814 268 36 statsändamål.
1721 814 89 34 Där-

214 874 96 33 emot
350 883 85 24 vore
472 871 148 35 kraften
648 883 75 22 mer
752 875 46 30 än
826 869 198 47 tillräcklig
1051 870 56 35 för
1136 872 52 32 att
1216 870 125 34 kunna
1370 869 83 34 med
1481 868 115 35 fördel
1625 867 186 35 användas

215 926 13 35 i
270 926 71 34 den
383 924 169 36 enskilda
593 924 225 35 industriens
860 923 128 48 tjänst;
1018 924 67 34 och
1114 924 45 34 då
1187 922 291 36 vattenkraftens
1506 921 221 47 upplåtande
1756 920 56 35 för

217 979 127 35 sådant
373 978 167 35 ändamål
568 980 124 45 syntes
720 977 56 35 för
805 977 142 35 kronan
969 976 116 36 blifva
1113 977 84 35 vida
1225 988 98 23 mera
1352 975 154 36 lönande
1536 980 46 29 än
1611 975 80 35 dess
1715 973 98 36 bibe-

215 1032 170 36 hållande
427 1032 115 35 under
577 1031 358 46 kungsladugården,
966 1031 94 34 helst
1088 1030 289 36 vattenkraftens
1406 1028 197 47 uttagande
1631 1028 20 34 å
1679 1028 134 45 kungs-

216 1086 246 47 ladugårdens
491 1085 125 35 strand
645 1088 123 44 syntes
798 1083 114 36 blifva
940 1084 150 35 förenad
1119 1084 81 35 med
1228 1096 46 22 en
1303 1083 30 48 ej
1366 1082 185 48 obetydlig
1571 1081 156 36 kostnad
1747 1081 68 35 och

219 1140 180 35 dessutom
442 1138 146 36 kraften
630 1139 128 34 endast
800 1137 58 36 till
900 1150 46 23 en
987 1137 107 47 ringa
1131 1138 57 34 del
1217 1138 124 34 kunde
1368 1137 100 34 finna
1496 1135 236 46 användning
1760 1134 56 36 för

215 1192 338 49 jordbruksdriften
582 1195 20 32 å
631 1191 357 46 kungsladugården,
1010 1193 132 44 ansåge
1162 1191 178 47 styrelsen
1359 1190 159 35 kronans
1538 1188 278 47 ifrågavarande

220 1246 229 36 vattenkraft
492 1246 87 35 böra
620 1245 173 47 försäljas.
851 1245 75 34 Det
968 1245 124 34 kunde
1134 1256 120 35 synas,
1294 1246 116 33 såsom
1439 1256 55 22 om
1523 1243 131 35 härvid
1683 1245 133 32 största

218 1300 166 35 utsikten
426 1299 55 35 för
522 1298 209 36 erhållande
774 1298 40 35 af
846 1298 292 35 vattenkraftens
1176 1298 109 34 värde
1315 1297 86 35 fullt
1429 1296 251 36 motsvarande
1708 1295 109 46 köpe-

219 1353 152 46 skilling
413 1352 117 35 skulle
568 1352 129 35 vinnas
725 1363 128 35 genom
884 1352 83 34 dess
995 1351 225 47 utbjudande
1248 1353 21 32 å
1298 1350 164 43 auktion,
1493 1362 82 22 men
1604 1349 45 35 då
1677 1351 139 33 vatten-

219 1406 146 35 kraften
407 1418 86 23 vore
535 1405 13 35 i
591 1405 167 46 förening
799 1405 84 35 med
918 1405 345 46 kungsladugården
1292 1403 260 36 utarrenderad
1580 1402 57 35 till
1666 1402 70 35 den
1768 1404 48 33 14

220 1472 95 23 mars
362 1461 99 33 1909
505 1459 67 36 och
609 1458 363 47 kungsladugårdens
1002 1458 210 35 arrendator
1240 1458 129 35 endast
1397 1457 115 35 under
1540 1455 275 47 förutsättning,

222 1517 53 32 att
302 1512 275 37 vattenkraften
606 1512 193 36 öfverlätes
827 1512 58 35 till
913 1511 317 47 sökandebolaget,
1260 1511 177 35 förklarat
1455 1510 57 47 sig
1530 1509 105 47 villig
1655 1509 163 35 därifrån

222 1567 92 35 afstå
349 1567 77 35 före
454 1566 158 35 nämnda
640 1566 80 47 dag,
752 1565 119 36 skulle
900 1565 199 36 auktionen
1127 1565 30 48 ej
1189 1565 128 35 kunna
1344 1564 127 44 hållas,
1501 1564 124 35 förrän
1653 1565 112 44 några
1779 1565 40 32 år

222 1621 76 34 före
327 1620 273 35 arrendetidens
629 1622 147 44 utgång,
807 1620 67 35 och
903 1619 253 35 dessförinnan
1184 1619 125 34 kunde
1336 1618 146 46 bolaget
1510 1617 109 35 hafva
1637 1616 183 47 begagnat

222 1674 57 46 sig
321 1673 40 35 af
400 1674 70 34 den
511 1674 144 45 bolaget
696 1673 46 45 på
769 1673 120 46 grund
918 1673 40 34 af
984 1672 255 35 Gästriklands
1268 1675 96 32 östra
1391 1670 176 47 tingslags
1596 1670 223 35 häradsrätts

222 1727 263 35 ofvanberörda
513 1726 120 35 beslut
661 1725 276 35 tillkommande
965 1728 73 32 rätt
1066 1728 53 32 att
1147 1725 121 47 bygga
1288 1725 119 34 damm
1426 1725 100 34 öfver
1545 1723 239 44 Prästforsen,
1807 1722 12 35 i

222 1780 144 35 hvilket
386 1779 63 35 fall
470 1780 60 35 det
549 1779 31 48 ej
603 1782 123 44 syntes
746 1778 116 36 blifva
881 1779 69 34 lätt
970 1781 52 32 att
1042 1778 137 35 erhålla
1193 1777 184 48 nöjaktigt
1392 1777 216 46 köpeanbud
1624 1779 20 32 å
1659 1776 159 35 kronans

222 1832 235 44 vattenkraft,
502 1833 56 35 för
600 1833 107 35 hvars
747 1832 314 46 tillgodogörande
1091 1832 160 46 köparen
1280 1843 84 23 vore
1392 1830 247 35 underkastad
1667 1829 152 35 bestäm-

221 1887 180 35 melserna
429 1886 13 35 1
470 1888 23 33 4
523 1886 22 46 8
574 1886 40 35 af
638 1885 131 47 nådiga
798 1885 260 46 förordningen
1087 1897 56 23 om
1167 1884 213 48 jordägares
1408 1887 73 32 rätt
1509 1884 102 35 öfver
1638 1886 141 32 vattnet
1800 1885 19 32 å

222 1940 93 35 hans
343 1940 121 46 grund
493 1940 70 35 den
594 1942 48 33 30
672 1939 189 35 december
894 1941 110 33 1880.
1063 1938 93 44 Som,
1187 1938 12 35 i
1229 1938 69 35 den
1327 1938 172 34 händelse
1525 1936 295 47 köpeskillingen

223 1994 55 34 för
306 1993 274 35 vattenkraften
607 1993 206 35 bestämdes
841 1995 46 45 på
916 1993 60 34 det
1005 1995 81 40 sätt,
1116 1992 144 45 bolaget
1288 1991 12 35 i
1330 1991 57 35 sin
1415 1990 251 46 underdåniga
1690 1990 130 35 ansök-

223 2047 91 45 ning
357 2046 198 46 föreslagit,
598 2045 87 35 eller
723 2046 12 34 i
764 2045 370 35 öfverensstämmelse
1163 2045 82 34 med
1274 2045 249 45 stadgandena
1551 2044 13 34 i
1591 2043 132 46 nådiga
1751 2043 68 34 för-

225 2099 204 45 ordningen
458 2099 70 34 den
560 2101 46 31 14
637 2098 92 47 april
763 2100 112 41 1866,
905 2098 200 45 tillräcklig
1133 2098 173 34 säkerhet
1335 2098 55 34 för
1419 2097 140 34 kronan
1588 2099 122 43 syntes
1731 2095 88 34 före-

224 2153 118 34 finnas
372 2155 52 31 att
452 2151 137 35 erhålla
616 2151 67 34 full
710 2151 225 46 godtgörelse
965 2151 55 34 för
1048 2150 285 43 vattenkraften,
1355 2150 67 35 och
1442 2150 61 35 det
1523 2161 83 23 vore
1627 2148 193 45 antagligt,

225 2209 54 32 att
321 2205 218 43 densamma,
584 2205 170 45 upplåten
796 2204 58 35 till
891 2204 154 46 bolaget,
1076 2203 96 35 inom
1202 2203 84 35 kort
1315 2203 142 35 komme
1485 2202 57 35 till
1571 2201 247 46 användning,

226 2260 131 44 ansåge
401 2258 56 47 sig
499 2258 189 47 styrelsen,
725 2269 74 24 som
829 2257 30 47 ej
891 2257 93 35 hade
1014 2259 108 44 något
1150 2259 51 33 att
1230 2256 121 35 erinra
1380 2259 74 33 mot
1483 2255 183 46 omfånget
1694 2255 40 34 af
1760 2254 61 35 det
