1882 2798
491 166 328 30 Utrikesutskottets
839 165 179 31 utlåtande
1037 175 42 20 nr
1096 165 20 30 2
1134 166 40 29 år
1194 165 84 30 1955
1619 162 15 31 1

824 307 60 40 Nr
912 307 23 40 2

355 408 330 32 Utrikesutskottets
710 409 179 31 ullåtunde
913 410 11 30 i
944 408 191 41 anledning
1155 418 43 21 av
1218 407 126 41 Kungl.
1366 407 125 41 Maj:ts
1512 415 124 33 propo-

574 460 105 30 silion
709 460 52 30 till
785 459 188 40 riksdagen
1000 459 178 40 angående
1203 458 257 41 godkännande
1488 467 43 21 av
1558 466 79 32 pro-

577 511 108 30 tokoll
705 511 207 40 upprättade
932 511 66 30 den
1021 511 39 29 14
1078 510 81 40 juni
1181 510 84 30 1954
1284 519 44 21 av
1346 508 292 41 generalsekrete-

574 571 102 21 raren
707 562 11 29 i
746 560 286 32 Internationella
1062 561 100 30 civila
1193 559 443 41 luftfartsorganisationen

578 612 141 35 (ICAO)
741 611 147 32 rörande
910 612 92 30 vissa
1021 611 190 41 ändringar
1228 620 43 22 av
1291 610 258 31 konventionen
1569 610 67 31 den

577 663 17 30 7
624 664 181 30 december
835 663 84 30 1944
949 662 177 40 angående
1158 661 260 31 internationell
1447 661 81 31 civil
1555 661 82 41 luft-

573 714 82 39 fart.

178 816 130 31 Genom
331 824 42 21 en
396 815 68 30 den
486 814 20 30 4
530 823 93 21 mars
650 814 82 30 1955
758 814 219 39 dagtecknad
1002 812 227 42 proposition,
1254 822 41 20 nr
1323 812 72 36 107,
1419 812 65 30 har
1508 811 126 40 Kungl.

133 866 114 40 Maj:t,
274 866 109 30 under
407 865 218 40 åberopande
650 874 42 21 av
714 864 264 41 propositionen
1002 864 107 40 bilagt
1132 864 125 39 utdrag
1281 873 42 21 av
1348 863 288 40 statsrådsproto-

133 917 106 31 kollet
261 918 80 29 över
364 915 551 41 utrikesdepartementsärenden
941 924 135 21 samma
1098 915 76 39 dag,
1200 914 102 31 äskat
1325 914 206 40 riksdagens
1556 913 80 40 god-

132 968 186 30 kännande
344 977 41 20 av
408 967 42 30 de
476 977 41 20 av
542 966 380 40 generalsekreteraren
947 966 11 29 i
985 965 284 30 Internationella
1295 964 102 31 civila
1421 964 215 30 luftfartsor-

134 1018 242 39 ganisationen
404 1017 137 36 (ICAO)
570 1017 66 29 den
662 1016 39 31 14
724 1016 78 40 juni
831 1016 83 30 1954
940 1016 208 40 upprättade
1174 1015 219 41 protokollen
1421 1015 148 30 rörande
1594 1015 41 30 de

134 1079 42 21 av
200 1068 302 41 organisationens
529 1067 141 31 åttonde
696 1066 321 40 församlingsmöte
1043 1066 180 31 beslutade
1250 1066 237 40 ändringarna
1515 1075 41 21 av
1583 1075 53 21 ar-

135 1120 153 30 tiklarna
309 1119 52 35 45,
386 1118 41 31 48
457 1119 68 35 (a),
549 1117 41 31 49
620 1118 51 35 (e)
702 1118 64 30 och
789 1117 39 30 61
854 1117 12 30 i
889 1117 259 30 konventionen
1171 1117 179 39 angående
1374 1116 262 31 internationell

132 1170 80 31 civil
233 1170 150 30 luftfart.
820 1207 3 4 |
1010 1198 1 4 |

178 1221 13 30 I
211 1221 99 40 fråga
326 1229 58 21 om
403 1216 255 43 ändringarnas
677 1219 168 31 innebörd
864 1219 56 31 får
939 1218 170 31 utskottet
1126 1218 146 31 hänvisa
1291 1218 52 32 till
1362 1218 273 42 propositionen.

178 1322 185 34 Utskottet,
385 1330 76 21 som
481 1321 56 31 vid
559 1321 161 30 ärendets
742 1320 212 40 behandling
975 1319 76 31 icke
1072 1320 120 30 funnit
1212 1319 189 41 anledning
1422 1320 53 30 till
1495 1319 141 31 erinran

134 1374 74 29 mot
229 1374 50 28 att
301 1372 167 39 förslaget
489 1371 148 35 bifalles,
661 1371 55 30 får
739 1371 196 35 hemställa,

490 1423 50 29 att
567 1421 187 40 riksdagen
782 1421 118 35 måtte,
929 1421 78 30 med
1036 1421 99 30 bifall
1162 1421 52 30 till
1242 1421 125 40 Kungl.
1396 1421 124 39 Maj:ts
1548 1421 89 30 före-

443 1472 152 31 varande
613 1471 227 41 proposition,
861 1471 159 30 meddela
1038 1481 41 21 av
1097 1471 125 40 Kungl.
1240 1471 107 40 Maj:t
1365 1472 101 30 äskat
1486 1472 152 39 godkän-

444 1523 113 31 nande
576 1532 43 22 av
635 1522 184 41 protokoll,
839 1522 209 40 upprättade
1069 1522 66 30 den
1160 1522 38 30 14
1217 1523 80 40 juni
1320 1522 82 30 1954
1422 1532 43 21 av
1484 1522 152 40 general-

443 1574 238 30 sekreteraren
711 1573 10 29 i
749 1572 284 31 Internationella
1061 1572 101 31 civila
1191 1572 445 40 luftfartsorganisationen

448 1624 137 34 (ICAO)
611 1623 149 31 rörande
779 1623 93 31 vissa
895 1623 189 40 ändringar
1105 1633 43 20 av
1169 1623 259 31 konventionen
1450 1624 67 30 den
1540 1624 16 29 7
1580 1624 56 30 de-

443 1675 136 30 cember
606 1674 83 30 1944
715 1674 177 40 angående
917 1673 260 31 internationell
1202 1674 78 30 civil
1307 1674 151 31 luftfart.

179 1743 199 31 Stockholm
401 1743 66 30 den
489 1742 39 31 31
551 1751 95 21 mars
671 1742 81 30 1955

607 1827 47 30 På
671 1826 326 31 utrikesutskottets
1015 1827 144 39 vägnar:

673 1909 195 30 RICKARD
890 1909 205 31 SANDLER

510 2155 61 30 Vid
594 2153 160 32 ärendets
779 2153 212 42 behandling
1016 2154 44 31 ha
1086 2153 171 33 närvarit:

183 2216 79 30 från
287 2215 166 29 första
481 2216 218 29 kammaren:
730 2215 117 29 herrar
875 2214 154 34 Sandler,
1057 2214 136 34 Strand,
1222 2214 124 35 Ohlon,
1375 2215 154 39 Sjödahl,
1556 2215 83 30 Näs-

134 2257 93 39 gård,
246 2256 120 34 Åman,
386 2256 158 38 Bergvall
562 2256 64 29 och
646 2256 125 34 Domö;
792 2258 91 27 saml

179 2316 79 30 från
283 2315 152 29 andra
460 2314 221 29 kammaren:
710 2314 119 29 herrar
855 2313 120 34 Ward,
1004 2313 208 34 Rubbestad,
1239 2313 236 37 Kristensson,
1504 2314 133 33 Hallén,

134 2358 209 33 Andersson,
366 2355 177 39 Skoglund
564 2355 11 30 i
597 2356 210 38 Doverstorp
827 2355 65 29 och
915 2355 144 38 Edberg.

166 2489 13 28 1
222 2490 110 31 Bihang
345 2490 46 24 till
403 2488 168 32 riksdagens
583 2488 147 31 protokoll
743 2488 74 25 1955.
837 2490 15 23 5
870 2490 76 24 saml.
966 2490 14 23 I
999 2490 56 24 avd.
1077 2490 37 23 Nr
1132 2493 14 20 2
