1886 2780
298 176 38 29 18
742 176 286 30 Statsutskottets
1049 177 181 30 utlåtande
1250 187 43 20 nr
1311 178 52 29 32.

299 266 107 28 snabb
424 266 239 36 prisstegring,
685 266 144 29 särskilt
847 275 57 20 om
923 267 159 36 reglerna
1101 267 55 28 för
1174 266 457 38 dyrtidskompensationen
1652 268 147 29 innebär

297 321 50 26 att
366 319 231 37 ofullständig
616 319 167 37 täckning
802 319 93 36 gives
914 319 55 29 för
988 319 405 37 kostnadsökningarna.
1414 320 253 37 Utvecklingen
1686 321 113 29 under

297 372 56 29 det
371 374 136 27 senaste
523 372 234 37 världskriget
774 372 260 30 aktualiserade
1051 373 43 36 på
1111 373 113 36 grund
1242 373 109 29 härav
1368 373 125 36 frågan
1510 382 57 20 om
1587 373 212 37 förbättring

298 435 42 19 av
357 435 24 19 s.
398 425 33 29 k.
449 425 96 30 äldre
562 426 196 36 pensioner,
776 426 32 29 d.
824 435 30 20 v.
873 434 25 20 s.
915 426 187 36 pensioner
1119 426 108 36 enligt
1244 426 148 36 tidigare
1409 426 266 29 bestämmelser
1693 427 46 29 än
1757 427 42 29 de

299 479 54 28 för
376 479 67 29 den
467 478 118 30 aktiva
610 479 209 37 personalen
844 478 170 37 gällande.
1040 479 266 36 Förbättringar
1331 488 42 19 av
1399 479 95 29 äldre
1522 480 278 36 statspensioner

298 532 64 28 och
387 532 144 29 därmed
559 532 8 28 i
594 532 326 37 pensionstekniskt
945 531 199 30 hänseende
1169 531 204 37 jämförliga
1399 532 188 36 pensioner
1613 533 44 29 ha
1683 533 116 29 åstad-

298 585 166 29 kommits
480 585 45 29 bl.
542 594 29 21 a.
587 593 123 29 genom
729 585 174 29 särskilda
918 585 115 29 beslut
1047 585 57 29 vid
1124 585 93 34 1943,
1238 585 93 34 1944,
1352 585 82 29 1946
1451 585 65 29 och
1536 586 81 29 1947
1635 585 57 30 års
1710 586 88 29 riks-

298 639 116 36 dagar.
435 639 219 29 Innebörden
672 648 42 20 av
732 638 42 29 de
793 638 52 29 till
863 638 65 29 och
946 638 79 29 med
1045 638 39 29 år
1105 638 81 29 1946
1207 637 230 37 genomförda
1456 638 262 37 regleringarna
1737 648 62 19 var

299 694 49 27 att
365 701 42 20 en
422 692 9 28 i
447 692 138 37 princip
601 692 152 36 enhetlig
769 691 248 37 pensionsnivå
1032 691 77 29 blev
1124 690 161 37 gällande
1302 691 55 29 för
1374 691 251 29 förutvarande
1641 692 160 28 arbetare

298 746 63 28 och
384 745 217 36 tjänstemän
623 746 10 28 i
656 745 102 36 högst
780 744 203 30 nuvarande
1008 744 77 29 17:e
1109 744 220 36 lönegraden,
1354 746 135 27 oavsett
1510 744 58 29 vid
1592 744 118 29 vilken
1733 745 67 28 tid-

298 799 112 36 punkt
430 798 260 29 vederbörande
709 798 120 36 avgått
848 807 41 20 ur
909 797 122 36 tjänst.
1052 797 66 29 Vid
1143 797 81 29 1947
1246 797 58 29 års
1324 797 172 37 reglering
1516 807 43 20 av
1579 798 97 29 äldre
1697 799 104 27 stats-

299 852 185 37 pensioner
500 861 45 19 m.
562 861 44 20 m.
622 851 206 30 åstadkoms
843 850 197 37 principiell
1055 850 230 36 likställighet
1301 850 87 29 även
1404 850 9 29 i
1432 850 98 36 fråga
1545 859 57 20 om
1619 850 182 37 pensions-

299 907 116 34 tagare
439 914 74 20 som
535 905 89 29 varit
647 905 212 29 innehavare
880 913 42 20 av
943 904 106 36 högre
1071 904 151 36 tjänster
1245 904 45 28 än
1312 912 83 28 nyss
1418 905 105 35 sagts.
1547 904 75 28 Den
1644 903 155 29 omstän-

298 959 163 36 digheten
483 960 51 27 att
555 958 276 36 likställigheten
853 957 130 29 mellan
1003 957 288 37 pensionstagare
1312 966 42 20 av
1377 956 114 29 skilda
1513 956 173 37 årgångar
1707 956 95 29 bibe-

299 1012 89 28 hölls
414 1012 57 29 vid
501 1012 81 29 1947
609 1012 57 28 års
692 1011 173 36 reglering
891 1011 146 28 innebar
1063 1011 87 28 även
1174 1027 45 4 —
1245 1010 43 36 på
1315 1009 113 37 grund
1454 1019 43 19 av
1524 1009 67 29 den
1620 1009 180 36 samtidigt

300 1065 229 36 genomförda
546 1064 386 37 pensionsregleringen
949 1064 55 28 för
1020 1064 67 29 den
1103 1063 118 29 aktiva
1237 1062 209 37 personalen
1462 1080 45 3 —
1522 1071 44 20 en
1580 1062 71 29 viss
1668 1062 133 29 allmän

301 1119 151 36 lyftning
469 1127 43 20 av
529 1118 106 29 nivån
654 1118 54 29 för
726 1117 42 30 de
787 1117 95 29 äldre
901 1117 243 36 pensionerna.
1164 1116 167 28 Däremot
1348 1115 191 29 beaktades
1559 1115 145 36 givetvis
1724 1114 77 29 icke

302 1172 129 29 sådana
449 1172 191 36 ändringar
657 1171 8 29 i
685 1170 188 30 lönenivån
890 1170 53 29 för
960 1170 68 29 den
1045 1169 117 29 aktiva
1181 1168 218 37 personalen,
1420 1177 75 20 som
1513 1168 89 29 efter
1621 1167 181 37 pensions-

303 1227 159 33 tagarens
484 1225 133 36 avgång
639 1233 41 20 ur
702 1224 112 36 tjänst
835 1223 159 37 uppstått
1015 1222 53 29 till
1091 1222 89 36 följd
1203 1231 43 19 av
1268 1220 533 37 tjänsteförteckningsrevision

300 1279 82 29 eller
403 1278 102 36 eljest
527 1278 43 37 på
592 1278 111 36 grund
725 1286 43 20 av
789 1276 133 30 ändrad
944 1275 376 37 lönegradsplacering.

347 1336 10 28 I
391 1336 97 36 fråga
519 1344 56 20 om
607 1335 40 29 de
680 1335 81 29 från
793 1336 132 27 statens
956 1333 300 37 pensionsanstalt
1288 1333 172 36 utgående
1493 1333 234 36 pensionerna
1758 1349 45 3 —

303 1389 370 36 »SPA-pensionerna»
708 1406 45 3 —
784 1388 38 29 är
854 1388 89 36 läget
976 1389 48 27 ett
1057 1389 117 27 annat.
1208 1386 298 36 Motsvarigheten
1539 1386 53 29 till
1627 1385 82 30 1947
1744 1385 59 29 års

302 1442 339 37 pensionsreglering
671 1442 55 28 för
757 1443 132 27 statens
918 1441 118 28 aktiva
1065 1440 162 37 personal
1257 1448 46 20 m.
1334 1439 36 29 fl.
1401 1438 247 37 genomfördes
1678 1438 54 29 för
1761 1438 42 29 de

301 1496 118 29 aktiva
438 1496 298 36 SPA-grupperna
755 1494 90 29 först
862 1494 79 29 från
959 1494 65 29 och
1042 1493 78 29 med
1138 1493 67 29 den
1225 1493 12 28 1
1260 1492 141 36 januari
1424 1492 82 29 1950
1525 1492 9 28 i
1553 1492 65 29 och
1636 1491 79 29 med
1734 1491 69 29 till-

303 1550 161 28 komsten
481 1558 43 19 av
542 1549 57 29 det
616 1558 67 27 nya
703 1547 335 36 SPA-reglementet.
1058 1547 49 29 De
1126 1546 96 29 äldre
1242 1545 332 37 SPA-pensionerna
1594 1544 211 36 omreglera-

302 1603 60 29 des
382 1602 206 37 visserligen
610 1602 127 29 liksom
761 1601 41 29 de
825 1601 94 29 äldre
943 1600 323 36 statspensionerna
1289 1599 39 29 år
1353 1599 82 29 1947
1460 1607 81 20 men
1565 1598 54 28 för
1642 1598 41 28 de
1707 1597 97 29 äldre

303 1656 330 36 SPA-pensionerna
662 1654 206 30 åstadkoms
896 1654 123 29 härvid
1048 1653 87 29 blott
1164 1662 43 19 en
1236 1652 211 36 förbättring
1477 1660 75 20 som
1582 1652 9 27 i
1621 1652 86 27 stort
1738 1652 64 27 sett

303 1709 283 30 överensstämde
604 1709 78 29 med
701 1708 41 29 de
762 1707 264 36 sammanlagda
1045 1706 256 36 förhöjningar,
1323 1714 74 20 som
1416 1705 41 29 de
1476 1704 112 29 under
1604 1704 85 29 åren
1710 1703 95 33 1943,

307 1764 81 28 1944
407 1763 65 29 och
495 1762 81 30 1946
598 1761 229 37 genomförda
847 1760 259 36 regleringarna
1126 1769 41 19 av
1189 1758 324 37 statspensionerna
1533 1757 163 29 medfört.
1717 1757 87 28 Här-

303 1816 50 29 till
369 1816 160 28 kommer
543 1817 50 27 att
609 1814 244 37 utgångsläget
866 1822 61 20 var
941 1813 93 36 lägre
1049 1813 64 29 och
1129 1821 96 20 mera
1239 1811 138 36 ojämnt
1392 1810 54 30 för
1461 1810 344 36 SPA-pensionerna.

303 1870 127 28 Dessas
451 1869 80 29 nivå
551 1869 107 36 ligger
678 1868 122 29 därför
820 1868 8 28 i
850 1867 125 36 många
997 1866 61 29 fall
1079 1866 159 29 avsevärt
1259 1864 111 30 under
1391 1864 67 29 den
1479 1863 140 36 statliga
1641 1863 54 28 för
1715 1862 89 36 jäm-

303 1923 124 35 förliga
450 1922 250 36 befattningar.
722 1920 306 37 Tjänstepension,
1054 1928 74 20 som
1150 1918 102 36 utgår
1274 1918 108 36 enligt
1407 1917 82 29 1919
1513 1916 57 29 års
1594 1916 210 36 reglemente

305 1977 53 27 för
378 1977 133 27 statens
531 1974 310 37 pensionsanstalt,
864 1974 63 28 har
947 1973 10 29 i
979 1972 137 37 princip
1136 1971 191 30 beräknats
1348 1970 98 29 skola
1467 1969 115 37 uppgå
1604 1969 52 29 till
1678 1969 63 33 2/3
1763 1977 41 19 av

303 2029 391 36 befattningshavarens
727 2027 59 29 lön
820 2027 109 29 under
964 2025 253 36 förutsättning
1250 2026 50 27 att
1332 2023 376 36 befattningshavaren
1741 2021 64 29 har

305 2083 78 28 fullt
410 2082 97 29 antal
535 2081 160 37 tjänstår.
723 2081 122 28 Denna
872 2079 148 30 relation
1046 2079 129 28 mellan
1202 2078 148 36 pension
1375 2077 65 29 och
1467 2076 59 29 lön
1551 2075 254 30 överensstäm-

305 2145 72 20 mer
402 2136 8 28 i
436 2137 87 27 stort
548 2137 65 27 sett
636 2135 78 28 med
739 2134 66 29 vad
832 2142 72 20 som
929 2133 108 36 gäller
1062 2132 55 29 för
1142 2133 133 27 statens
1300 2130 228 36 tjänstemän.
1552 2128 252 36 Utvecklingen

305 2190 62 28 har
394 2189 194 29 emellertid
615 2188 65 29 vad
710 2188 41 29 de
780 2187 95 29 äldre
905 2185 331 37 SPA-pensionerna
1263 2183 174 30 beträffar
1465 2182 163 34 medfört,
1657 2183 51 27 att
1737 2181 69 29 för-

305 2242 178 30 hållandet
505 2242 130 29 mellan
657 2242 58 28 lön
738 2241 65 29 och
826 2240 147 37 pension
996 2239 9 29 i
1029 2238 187 37 praktiken
1238 2237 31 37 ej
1295 2237 99 29 blivit
1417 2237 57 29 det
1497 2236 81 29 från
1600 2235 127 36 början
1750 2243 55 19 av-

306 2296 115 29 sedda.
446 2296 103 28 Detta
575 2294 295 36 sammanhänger
895 2292 78 30 med
998 2294 51 27 att
1074 2291 254 36 löneökningar
1353 2290 76 29 icke
1454 2289 99 29 alltid
1580 2288 150 29 kommit
1754 2288 52 28 att

304 2349 159 29 medföra
488 2347 248 30 motsvarande
762 2346 189 37 höjningar
975 2354 42 20 av
1040 2344 287 38 pensionsnivån.
1352 2344 54 29 En
1430 2343 68 33 lön,
1526 2350 75 21 som
1627 2341 55 29 för
1706 2341 102 35 länge

307 2403 105 28 sedan
438 2402 148 29 förlorat
610 2401 54 29 sin
688 2400 197 34 aktualitet,
911 2399 64 29 har
1002 2398 147 29 sålunda
1175 2398 74 28 ofta
1274 2397 150 29 kommit
1449 2397 51 28 att
1525 2395 105 29 förbli
1656 2393 150 30 bestäm-

305 2456 126 28 mande
454 2455 57 29 vid
536 2454 241 29 beräknandet
801 2462 42 20 av
866 2452 202 37 pensionen.
1093 2450 184 30 Bristande
1302 2447 351 32 överensstämmelse
1677 2446 129 29 mellan

304 2509 67 29 den
397 2508 157 29 faktiska
579 2508 103 28 lönen
707 2507 66 29 och
799 2506 68 29 den
891 2503 375 39 pensionsgrundande
1292 2502 237 29 förekommer
1556 2500 31 36 ej
1615 2500 88 29 blott
1730 2499 6 28 i
1765 2498 44 28 de
