2230 2600
687 187 346 36 Jordbruksutskottets
1055 191 164 35 utlåtande
1243 194 53 33 Nr
1319 196 52 31 45.
1814 200 15 30 1

938 647 83 43 Nr.
1053 648 84 43 45.

759 737 114 25 Ankom
894 737 43 25 till
957 738 168 34 riksdagens
1145 740 94 25 kansli
1259 740 54 26 den
1334 741 16 26 3
1370 742 70 33 april
1462 742 69 26 1916
1551 743 37 27 kl.
1609 744 14 26 7
1644 752 23 17 e.
1688 753 37 17 m.

667 880 196 43 Utlåtande,
895 883 13 34 i
931 883 196 47 anledning
1164 896 44 24 av
1241 887 100 35 väckt
1372 888 128 35 motion
1536 899 56 25 om
1620 889 215 48 vidtagande

767 965 45 23 av
827 954 167 45 åtgärder
1003 954 66 44 för
1083 956 212 45 upplåtande
1309 956 57 37 till
1378 959 119 46 odling
1513 971 44 24 av
1570 961 126 47 tjänlig
1711 962 121 36 krono-

759 1023 100 47 jord,
891 1025 143 46 belägen
1057 1028 61 35 vid
1153 1028 450 39 kommunikationsleder
1595 1019 23 59 i
1629 1031 201 38 Norrland.

1523 1084 74 49 (2:a
1626 1085 97 50 avd.)

340 1236 64 36 Uti
437 1249 45 23 en
510 1236 96 36 inom
636 1237 114 37 första
774 1238 210 37 kammaren
1015 1243 117 44 väckt,
1163 1242 58 37 till
1246 1243 398 48 jordbruksutskottets
1674 1247 154 36 förbere-

229 1289 120 36 dande
387 1290 225 48 behandling
640 1292 179 36 hänvisad
848 1293 148 45 motion,
1031 1307 44 23 ur
1106 1298 59 42 71,
1196 1297 67 35 har
1287 1298 85 35 herr
1398 1298 116 36 Rosén
1543 1300 198 44 hemställt,
1773 1304 54 33 att

228 1342 198 48 riksdagen
472 1346 112 34 måtte
626 1345 140 36 besluta
808 1349 54 33 att
894 1346 14 36 i
945 1347 177 38 skrivelse
1165 1350 58 36 till
1265 1352 134 47 Kungl.
1434 1352 109 48 Maj:t
1584 1354 145 36 anhålla
1770 1367 57 23 om

228 1396 220 48 vidtagande
491 1410 44 24 av
578 1399 166 47 åtgärder
777 1399 13 36 i
818 1400 107 47 syfte,
970 1404 52 33 att
1065 1404 70 35 den
1177 1404 232 48 odlingsbara
1436 1406 206 48 kronojord,
1678 1420 76 24 som
1789 1414 39 30 är

228 1450 154 47 belägen
410 1451 62 37 vid
500 1452 436 38 kommunikationsleder
964 1454 13 36 i
995 1456 191 46 Norrland,
1209 1461 111 34 måtte
1340 1463 140 33 snarast
1500 1460 140 49 möjligt
1659 1462 168 47 upplåtas

227 1504 55 36 för
308 1504 134 48 odling.

335 1558 72 36 Till
436 1559 80 36 skäl
545 1560 123 36 härför
697 1561 66 35 har
792 1561 224 38 motionären
1045 1565 119 36 anfört
1193 1566 176 48 följande:

339 1613 73 35 »På
448 1614 120 46 grund
599 1626 43 24 av
671 1614 289 48 bemyndigande
989 1617 205 37 tillkallade
1224 1620 132 36 chefen
1384 1620 56 36 för
1459 1620 363 50 jordbruksdeparte-

227 1668 141 33 mentet
410 1666 70 35 den
521 1669 43 32 11
604 1667 82 47 juni
720 1670 99 33 1915
846 1668 71 36 fem
948 1670 231 49 sakkunniga
1209 1673 56 35 för
1289 1677 53 31 att
1370 1673 142 36 biträda
1540 1674 97 36 inom
1667 1678 159 34 nämnda

226 1719 250 47 departement
512 1719 62 36 vid
616 1722 234 46 uppgörande
888 1735 45 23 av
976 1724 136 48 förslag
1150 1725 58 36 till
1250 1727 86 46 plan
1372 1727 56 36 för
1456 1740 46 22 en
1531 1728 135 36 allmän
1697 1726 128 61 under-

225 1772 159 48 sökning
425 1773 153 35 rörande
611 1777 138 33 statens
788 1775 56 35 för
886 1776 431 39 kolonisationsändamål
1345 1780 232 48 tillgängliga
1605 1783 66 35 och
1702 1783 123 36 därtill

225 1825 155 49 tjänliga
412 1826 301 49 marktillgångar
751 1827 96 37 inom
891 1830 43 35 de
976 1843 66 23 sex
1069 1832 223 49 nordligaste
1317 1834 107 35 länen
1453 1835 81 35 med
1562 1836 190 48 undantag
1780 1850 44 24 av

226 1880 191 35 trakterna
453 1893 92 23 ovan
574 1881 299 48 odlingsgränsen
902 1883 12 35 i
944 1884 275 39 Västerbottens
1249 1888 66 35 och
1344 1888 241 36 Norrbottens
1614 1890 80 35 läns
1723 1891 100 47 lapp-

226 1934 157 35 marker.
441 1934 164 35 Föremål
646 1935 54 36 för
743 1936 44 35 de
817 1936 251 49 sakkunnigas
1098 1940 303 48 överläggningar
1429 1943 94 35 hava
1552 1943 110 35 varit:
1695 1944 129 35 under-

226 1986 222 47 sökningens
482 1988 177 43 ändamål,
691 1989 230 48 omfattning,
953 1995 72 32 sätt
1049 1994 66 34 och
1143 1994 173 46 ordning;
1347 1995 265 48 planläggning
1632 2009 43 24 av
1696 1998 128 35 under-

225 2040 205 46 sökningen
460 2041 114 34 under
603 2053 203 23 sommaren
840 2044 112 43 1916,
978 2049 95 31 samt
1092 2045 287 37 införskaffande
1399 2060 44 23 av
1463 2049 188 46 uppgifter
1671 2052 153 34 rörande

229 2094 32 44 1)
306 2093 72 35 den
420 2093 229 47 omfattning,
681 2094 12 35 i
724 2094 123 36 vilken
876 2095 176 38 intensivt
1081 2099 205 46 skogsbruk
1316 2100 72 35 kan
1417 2101 167 36 bedrivas
1614 2105 20 32 å
1662 2103 159 36 kronans

225 2146 146 35 marker
400 2146 12 35 i
441 2147 194 43 Norrland,
671 2148 34 45 2)
736 2148 155 36 behovet
921 2162 43 23 av
994 2151 94 36 fasta
1118 2152 286 47 skogsarbetare,
1438 2155 34 45 3)
1498 2155 229 48 ungefärliga
1751 2157 72 35 till-

224 2202 144 45 gången
397 2202 45 44 på
470 2199 227 47 odlingsbara
728 2202 154 43 marker,
915 2204 35 44 4)
981 2206 180 46 åtgången
1190 2209 46 43 på
1265 2207 312 36 husbehovsvirke
1607 2210 55 34 för
1682 2209 141 36 mindre

225 2253 225 48 fastigheter.

269 2315 134 39 Bihang
428 2314 47 32 till
500 2314 190 42 riksdagens
713 2317 155 38 protokoll
897 2321 91 28 1916.
1044 2322 36 28 10
1104 2320 89 31 saml.
1242 2324 45 28 27
1311 2321 80 41 häft.
1440 2322 64 33 (Nr
1529 2325 70 36 45.)
1809 2326 7 29 I
