2257 2773
434 208 103 30 Första
561 209 179 29 Kammarens
766 209 154 38 Tillfälliga
946 208 125 30 Utskotts
1094 209 72 35 (N:o
1189 209 37 34 2)
1253 210 150 29 Utlåtande
1426 209 56 32 N:o
1504 209 52 31 20.
1737 213 11 27 1

941 671 40 26 so
1009 662 75 35 20.

971 848 61 24 Ank.
1053 847 37 24 till
1109 848 84 24 Riksd.
1213 849 81 24 Kansli
1313 849 21 24 d.
1354 848 15 24 8
1388 849 49 31 Maj
1461 848 70 30 1868,
1551 849 33 26 kl.
1606 849 29 25 12
1653 850 71 25 midd.

395 950 124 36 Första
548 951 237 35 Kammarens
815 951 197 49 Tillfälliga
1046 951 145 36 Utskotts
1220 952 90 45 (N:o
1341 950 42 47 2)
1417 953 184 37 Utlåtande
1629 951 93 48 (N:o
1742 952 51 48 6),

594 1019 77 35 med
699 1018 192 49 anledning
919 1020 46 48 af
986 1020 124 35 väckta
1138 1020 166 36 motioner
1332 1021 151 36 rörande
1504 1021 214 37 Folkskolan
1733 1023 60 35 och

595 1086 403 37 Elementarläroverket.

329 1205 141 36 Genom
512 1205 130 36 Första
679 1206 246 35 Kammarens
953 1206 358 50 protokolls-utdrag,
1341 1207 67 36 N:o
1439 1212 80 38 199,
1548 1208 65 36 har
1639 1210 55 35 till
1722 1209 72 37 Ut-

195 1257 135 35 skottet
371 1257 119 35 blifvit
529 1257 192 35 hänvisadt
759 1257 61 35 det
847 1257 225 36 Kammaren
1101 1271 129 35 genom
1257 1259 351 50 protokolls-utdrag
1634 1261 160 48 delgifna

193 1308 131 40 beslut,
364 1309 232 47 hvarigenom
637 1309 123 35 Andra
801 1308 226 36 Kammaren
1065 1310 76 34 dels
1183 1310 243 41 oförändradt,
1467 1311 77 35 dels
1585 1312 83 35 med
1695 1312 97 36 vissa

195 1359 300 41 modifikationer,
523 1359 133 36 bifallit
684 1359 94 35 hvad
806 1359 11 35 i
846 1360 82 35 dess
957 1359 198 49 Tillfälliga
1169 1360 171 37 Utskotts
1357 1360 84 46 (N:o
1459 1359 38 47 1)
1514 1361 198 37 Utlåtande
1725 1363 66 36 N:o

195 1413 45 32 39
270 1411 203 47 punkterna
501 1414 32 39 3,
564 1415 32 36 4,
626 1414 31 37 6,
686 1412 32 40 7,
747 1413 32 38 8,
808 1414 31 37 9,
870 1414 56 37 10,
956 1415 55 39 11,
1043 1415 55 37 12,
1129 1415 55 38 13,
1216 1416 45 31 14
1289 1413 66 34 och
1385 1416 44 32 16
1447 1412 119 36 blifvit
1582 1415 47 47 på
1642 1415 151 35 anförda

194 1461 78 35 skäl
300 1461 188 48 tillstyrkt.
528 1461 190 36 Utskottet
745 1461 65 35 har
833 1462 135 48 jemväl
996 1462 144 35 erhållit
1168 1463 57 35 del
1253 1464 39 34 af
1317 1464 43 34 de
1383 1465 205 47 yttranden,
1602 1478 78 22 som
1694 1465 97 36 inom

193 1510 131 37 Första
351 1512 226 36 Kammaren
606 1512 55 35 vid
693 1512 176 36 remissen
897 1514 173 47 afgåfvos.

329 1563 17 35 I
375 1563 169 36 afseende
573 1565 47 46 på
647 1564 161 48 punkten
837 1567 19 32 3
886 1563 65 36 har
978 1565 124 34 Andra
1129 1565 225 35 Kammaren
1381 1566 56 34 för
1464 1566 56 35 sin
1543 1567 59 35 del
1625 1567 167 43 beslutat,

194 1620 71 29 »att
292 1614 304 48 undervisningen
624 1614 11 35 i
664 1614 204 36 folkskolan
905 1614 64 36 bör
996 1615 124 36 ställas
1149 1617 49 40 så,
1227 1623 52 28 att
1307 1617 61 34 det
1395 1617 290 49 kunskapsmått,
1714 1631 79 23 som

195 1670 39 30 är
262 1665 230 35 föreskrifvet
519 1667 55 34 för
602 1665 419 36 elementarläroverkets
1048 1668 61 34 två
1136 1668 168 35 nedersta
1331 1667 148 42 klasser,
1507 1669 83 35 med
1611 1669 183 48 undantag

195 1716 38 34 af
268 1716 109 48 tyska
415 1717 156 47 språket,
599 1716 63 35 der
690 1718 60 33 må
777 1717 121 34 kunna
924 1717 207 36 inhemtas».
1185 1717 94 36 Dess
1307 1718 152 36 Utskott
1487 1719 92 35 hade
1608 1719 186 49 föreslagit

194 1766 100 36 detta
322 1767 280 48 kunskapsmått
629 1768 83 34 med
740 1768 248 47 nyssnämnda
1014 1769 184 48 undantag
1224 1775 89 29 samt
1339 1769 79 35 med
1445 1769 42 36 de
1514 1769 279 47 modifikationer

194 1816 12 35 i
242 1817 117 48 öfrigt,
388 1831 74 22 som
490 1818 154 48 betingas
673 1818 45 49 af
733 1818 222 48 folkskolans
983 1819 89 47 kraf
1086 1819 57 48 på
1168 1832 41 23 en
1236 1832 96 23 mera
1358 1820 159 47 praktisk
1545 1821 61 35 och
1633 1821 159 48 afslutad

193 1867 172 37 lärokurs.
419 1869 140 36 Genom
600 1870 231 34 förkastande
870 1870 39 34 af
934 1870 94 35 hvad
1055 1870 10 35 i
1094 1884 43 21 en
1165 1871 215 48 föregående
1409 1872 116 48 punkt
1551 1872 121 35 blifvit
1697 1873 95 35 före-

194 1919 115 48 slaget
347 1920 12 35 1
401 1920 170 35 afseende
599 1921 47 47 på
672 1920 162 35 vilkoren
861 1921 55 34 för
944 1920 140 36 inträde
1112 1921 11 35 i
1152 1922 68 34 den
1249 1922 178 48 egentliga
1454 1923 215 44 folkskolan,
1699 1923 91 36 hade

194 1971 123 35 Andra
354 1970 224 36 Kammaren
606 1972 110 34 redan
745 1971 136 48 betagit
907 1971 117 36 henne
1052 1973 70 35 den
1149 1973 111 35 frihet
1287 1974 81 34 från
1396 1974 43 34 de
1467 1974 114 35 första
1609 1974 185 36 innanläs-

194 2022 329 48 ningsöfningarne,
552 2022 234 35 hvarförutan
813 2023 113 34 under
954 2023 70 35 den
1051 2024 103 35 korta
1177 2024 180 35 skoltiden
1372 2025 65 34 och
1455 2025 68 35 den
1539 2031 96 29 ännu
1650 2025 143 36 kortare

195 2073 219 48 skolgången
441 2074 181 47 knappast
649 2073 120 35 kunde
797 2073 215 36 medhinnas
1040 2076 117 47 någon
1181 2075 159 35 särdeles
1363 2076 99 35 öfver
1481 2077 137 34 hennes
1634 2076 160 36 minimi-

195 2123 86 35 kurs
310 2125 178 34 utsträckt
521 2124 267 48 undervisning,
817 2124 66 35 och
912 2137 128 35 genom
1069 2126 229 35 uteslutande
1328 2127 38 34 af
1392 2127 105 35 ofvan
1526 2127 156 36 citerade
1710 2128 84 35 kur-

196 2174 161 36 siverade
396 2175 63 35 ord
494 2176 65 34 har
591 2174 238 42 Kammaren,
858 2176 82 34 med
967 2176 240 42 förbiseende,
1236 2178 120 34 såsom
1384 2178 61 35 det
1471 2178 138 48 tyckes,
1638 2179 38 35 af
1700 2178 95 36 folk-

194 2225 146 35 skolans
369 2226 168 35 ändamål
565 2232 53 29 att
645 2226 167 35 meddela
839 2238 44 22 en
911 2226 134 49 slutlig,
1073 2228 115 35 ehuru
1211 2228 199 36 kortfattad
1425 2229 67 35 och
1507 2229 151 36 allmänt
1672 2229 122 36 hållen

280 2282 57 29 Bih.
362 2285 41 26 till
424 2284 97 27 Riksd.
544 2284 82 27 Prot.
650 2281 87 31 1868.
781 2282 19 29 &
822 2284 87 27 Saml.
931 2282 22 30 2
975 2285 68 35 Ajd.
1068 2284 16 29 1
1111 2286 89 27 Band.
1223 2284 39 30 14
1286 2287 80 34 Häöft.
1737 2291 13 26 1
