2185 2738
630 221 219 51 Bevillnings-
861 221 180 51 Utskottets
1058 225 173 33 Utlåtande
1254 225 63 32 N:o
1348 227 28 29 6.
1723 227 37 29 13

204 326 108 22 maren
349 317 117 36 ansett,
500 317 52 29 att
577 314 82 32 hvad
688 314 10 31 i
721 313 78 32 sista
820 324 95 21 mom.
940 312 36 32 af
998 311 208 33 förevarande
1229 310 197 41 stadganden
1450 310 191 32 bestämmes
1667 309 137 32 rörande

204 365 264 42 tilläggsstämpel
506 367 18 30 å
563 365 83 32 vissa
680 364 309 43 bouppteckningar,
1028 374 68 22 som
1133 363 51 32 vid
1211 362 193 33 Häradsrätt
1432 361 129 40 företes,
1585 361 91 32 äfven
1704 360 99 34 borde

203 417 203 33 föreskrifvas
429 417 50 32 för
505 416 300 42 bouppteckningar
831 416 35 32 af
889 415 167 32 enahanda
1079 414 232 39 beskaffenhet,
1340 425 67 21 som
1438 413 50 32 till
1500 413 132 32 Hofrätt
1655 412 147 41 ingifvas.

336 469 88 32 Enär
457 468 61 32 den
541 468 186 41 förändring
749 479 74 21 man
850 468 10 31 i
883 466 80 33 först
989 466 137 33 berörda
1148 465 182 33 hänseende
1356 464 116 34 önskat
1500 484 44 5 —
1569 464 78 32 eller
1673 466 48 30 att
1743 464 60 32 den

202 519 240 42 stämpelafgift,
480 519 151 32 hvarmed
668 518 299 43 bouppteckningar
1000 519 9 30 i
1047 518 176 32 allmänhet
1251 517 89 32 skola
1371 517 111 37 förses,
1506 518 98 30 måtte
1627 518 101 29 sättas
1754 516 50 31 till

202 573 40 30 25
272 574 54 29 öre
355 570 51 32 för
428 571 107 42 hvarje
563 570 78 32 fulla
666 573 60 30 100
748 570 48 32 kr.
824 569 27 46 (i
877 569 109 32 stället
1012 568 49 33 för
1088 579 39 21 en
1150 568 170 42 fjerdedels
1347 564 147 49 procent)
1517 567 34 31 af
1576 566 228 41 behållningen

203 623 11 31 i
244 622 75 32 boet
345 642 42 4 —
420 621 232 41 otvifvelaktigt
678 621 136 32 innebär
836 632 38 21 en
902 620 180 41 förenkling
1109 620 59 32 och
1191 619 70 32 icke
1283 629 92 32 synes
1398 619 10 32 i
1432 620 104 39 någon
1559 618 148 32 afsevärd
1730 619 71 31 mån

204 673 125 32 minska
363 676 121 29 statens
511 673 187 39 inkomster,
734 673 59 31 har
826 672 164 33 Utskottet
1013 672 26 42 ej
1064 671 108 32 tvekat
1197 674 48 29 att
1266 670 117 33 föreslå
1405 669 180 41 Riksdagen
1613 669 191 41 vidtagande

204 725 34 31 af
270 724 139 33 nämnda
441 724 202 41 förändring;
683 724 59 32 och
783 724 144 38 emedan,
964 723 49 32 för
1045 723 60 32 den
1129 722 152 32 händelse
1306 742 42 4 —
1370 723 104 31 såsom
1498 732 72 21 man
1593 731 91 31 synes
1711 720 94 32 hafva

204 777 125 40 antagit
361 795 49 5 —
442 776 57 31 fall
534 775 104 32 skulle
675 775 198 33 förekomma
911 775 40 31 då
982 774 71 33 från
1076 774 125 41 adeliga
1227 774 78 31 eller
1327 773 129 32 dermed
1478 772 152 33 likstälda
1656 772 150 32 sterbhus

204 827 156 33 särskilda
389 826 297 43 bouppteckningar
716 826 134 42 ingifvas
884 826 49 32 till
964 825 84 33 olika
1080 825 177 40 Hofrätter,
1290 824 61 33 den
1377 825 11 31 i
1415 824 98 32 slutet
1539 824 35 32 af
1598 823 208 33 förevarande

204 879 216 41 stadgandens
448 879 79 31 sista
556 889 93 21 mom.
681 877 259 33 förekommande
966 877 222 32 bestämmelse
1210 876 139 33 rörande
1371 875 287 42 tilläggsstämpeln
1683 876 19 31 å
1723 875 83 32 vissa

205 929 311 43 bouppteckningar,
540 940 67 22 som
630 929 49 32 till
712 928 239 33 underdomstol
984 930 19 30 å
1024 928 110 32 landet
1156 927 145 42 ingifvas,
1326 927 91 33 torde
1440 927 191 42 följdrigtigt
1653 926 79 32 böra
1754 929 52 29 ut-

201 982 146 31 sträckas
384 981 51 32 till
469 981 295 41 bouppteckningar
795 981 36 31 af
860 980 168 32 enahanda
1067 979 232 40 beskaffenhet,
1337 990 67 21 som
1431 979 49 32 till
1503 978 131 32 Hofrätt
1656 977 147 42 ingifvas,

203 1033 59 32 har
295 1032 165 33 Utskottet
492 1032 116 42 jemväl
648 1032 84 33 velat
769 1032 179 32 framställa
981 1032 117 40 förslag
1133 1034 48 29 att
1216 1033 47 30 ett
1299 1031 111 40 tillägg
1443 1031 10 31 i
1482 1030 116 32 sådant
1624 1029 182 33 hänseende

205 1085 99 31 måtte
331 1084 130 32 införas.

337 1134 164 34 Utskottet
526 1134 185 32 hemställer
736 1134 103 39 alltså,

974 1222 60 29 8:0.

690 1342 49 29 att
759 1338 61 32 den
835 1338 10 32 i
860 1339 47 42 86
919 1338 35 32 af
964 1335 505 44 stämpelpappersföroräningen
1482 1334 261 33 förekommande
1756 1346 52 21 ru-

606 1390 112 32 briken
756 1390 293 41 bouppteckningar
1084 1391 98 30 måtte
1222 1386 124 33 erhålla
1373 1386 61 32 den
1457 1385 192 32 förändrade
1676 1385 130 43 lydelse,

608 1452 67 21 som
703 1441 126 40 bilagda
856 1440 330 42 författningsförslag
1209 1440 131 31 utvisar.

344 1544 52 32 Uti
427 1543 87 33 19:de
542 1543 143 42 punkten
713 1543 177 32 hemstälde
918 1542 174 39 Utskottet,
1118 1545 48 29 att
1192 1542 214 41 geometriska
1432 1529 117 51 kartor,
1578 1552 67 21 som
1674 1541 137 41 utgifvas

206 1597 69 31 från
314 1594 515 33 General-landtmäterikontoret
869 1596 83 30 samt
984 1594 34 31 af
1038 1593 215 33 landtmätare
1279 1593 10 32 i
1317 1593 233 39 landsorterna,
1576 1594 99 31 måtte
1702 1592 108 42 beläg-

206 1658 56 30 gas
286 1646 71 32 med
384 1646 136 41 stämpel
547 1646 49 31 till
623 1646 115 41 belopp
766 1646 34 31 af
825 1648 39 30 50
892 1649 64 28 öre.

339 1698 115 31 Denna
475 1696 103 42 punkt
601 1697 57 31 har
680 1697 35 31 af
739 1696 110 32 Andra
874 1697 193 31 Kammaren
1090 1696 50 31 till
1162 1695 165 33 Utskottet
1353 1695 229 32 återförvisats.

340 1749 115 31 Första
487 1749 193 31 Kammaren
720 1749 70 30 åter
828 1748 59 31 har
919 1747 117 32 bifallit
1058 1747 158 42 punkten;
1244 1747 60 32 och
1331 1747 174 32 föranlåtes
1526 1746 52 32 vid
1605 1745 116 33 sådant
1747 1746 65 31 för-

209 1800 150 33 hållande
386 1799 174 39 Utskottet,
584 1810 67 21 som
674 1799 108 32 funnit
803 1799 39 31 de
864 1799 11 31 i
897 1799 109 32 Andra
1033 1799 192 32 Kammaren
1253 1798 188 33 framstälda
1467 1797 249 41 anmärkningar
1742 1795 70 34 icke

208 1852 92 31 böra”
310 1851 165 32 föranleda
497 1851 50 31 till
571 1850 194 41 frångående
792 1850 34 32 af
847 1850 80 32 hvad
956 1850 164 32 Utskottet
1146 1850 11 31 i
1184 1849 209 33 förevarande
1416 1849 183 32 hänseende
1618 1848 99 33 redan
1729 1848 84 32 före-

208 1904 105 39 slagit,
339 1905 48 30 att
409 1903 136 31 allenast
568 1902 168 32 hemställa

985 1990 58 28 9I:0.

693 2108 47 28 att
765 2106 117 42 jemväl
908 2106 108 32 Andra
1043 2106 191 32 Kammaren
1262 2105 162 41 behagade
1447 2106 81 31 fatta
1548 2106 108 31 beslut
1677 2107 135 31 rörande

609 2156 141 34 nämnda
776 2158 100 40 fråga.

342 2260 15 30 I
395 2258 151 32 afseende
572 2260 20 30 å
619 2260 61 31 den
710 2261 10 30 i
748 2262 16 39 8
789 2262 17 28 6
834 2260 259 32 förekommande
1116 2259 152 32 rubriken
1296 2260 107 40 köpe-,
1439 2261 101 40 bytes-
1563 2260 59 32 och
1645 2260 177 43 gåfvobref

210 2314 86 30 samt
327 2310 278 34 testamentariska
636 2312 246 39 förordnanden
910 2312 83 33 hade
1016 2311 165 33 Utskottet
1203 2312 10 31 i
1241 2314 102 30 21:sta
1369 2311 144 44 punkten
1539 2312 36 32 af
1593 2311 224 35 Betänkandet
