1872 2842
279 170 21 29 4
709 175 101 28 Andra
834 176 198 36 lagutskottets
1054 178 149 28 utlåtande
1225 180 49 27 Nr
1295 182 49 27 20.

336 248 77 33 Viss
431 251 226 39 övervakning
672 253 138 32 rörande
826 254 55 32 det
897 256 75 36 sätt,
990 256 44 37 på
1050 254 103 35 vilket
1169 257 385 41 skyddskoppympning
1571 261 203 39 verkställes,

280 299 128 39 åligger
425 301 474 40 hälsovårdsmyndigheterna
915 305 11 31 i
944 306 246 34 kommunerna.
1220 308 120 38 Enligt
1359 310 38 31 19
1416 309 18 38 8
1452 311 12 30 i
1481 311 97 38 lagen
1597 313 60 31 har
1674 313 43 32 K.
1736 313 38 33 B.

281 353 50 30 att
347 351 86 32 vaka
450 352 147 39 däröver,
617 355 49 30 att
682 354 474 40 hälsovårdsmyndigheterna
1172 359 11 31 i
1202 359 89 32 länet
1309 360 147 38 fullgöra
1472 363 65 31 vad
1556 363 72 31 dem
1647 364 128 38 åligger

278 402 74 31 med
372 402 130 38 hänsyn
522 402 54 33 till
597 404 433 40 skyddskoppympningen.
1063 408 51 32 Då
1134 409 118 33 sådant
1273 410 108 33 finnes
1400 423 80 20 vara
1500 424 41 20 av
1561 414 114 38 nöden,
1697 420 78 33 äger

279 450 43 33 K.
346 452 36 33 B.
406 452 173 38 förelägga
601 454 161 39 lämpliga
783 456 99 33 viten.
917 457 18 31 I
958 459 39 31 21
1022 460 59 31 och
1105 460 39 31 22
1168 459 40 38 $$
1231 462 166 32 meddelas
1419 463 90 32 vissa
1530 464 211 34 föreskrifter
1763 468 11 30 i

277 502 91 37 syfte
389 505 48 30 att
457 503 206 40 framtvinga
681 506 327 40 ympningspliktens
1030 509 220 38 fullgörande.
1282 512 18 31 I
1322 514 37 30 21
1382 512 18 38 8
1420 515 136 37 stadgas
1576 515 198 39 befogenhet

278 551 53 33 för
352 553 434 40 hälsovårdsmyndigheten
809 560 51 30 att
881 560 138 32 medelst
1043 560 236 39 föreläggande
1302 575 40 20 av
1364 564 100 38 viten,
1488 577 69 21 som
1579 566 141 40 tillhopa
1743 570 29 36 ej

277 604 53 30 må
349 604 165 38 överstiga
531 606 98 37 tjugu
647 607 129 39 kronor,
796 608 147 34 tillhålla
961 611 73 38 den,
1054 623 67 20 som
1141 617 37 27 är
1196 613 137 39 skyldig
1351 617 50 30 att
1419 616 106 37 enligt
1544 618 17 30 2
1581 616 18 38 8
1617 618 156 33 befordra

276 652 83 34 barn
377 653 51 33 till
446 656 174 40 ympning,
638 659 50 30 att
705 658 149 38 fullgöra
872 660 106 33 denna
995 661 51 32 sin
1064 662 203 38 skyldighet.
1298 664 163 34 Tredskas
1479 667 67 33 han
1564 668 136 40 ändock,
1720 671 52 31 må

278 705 237 38 myndigheten
538 709 130 31 anmäla
690 708 226 34 förhållandet
937 712 59 32 hos
1019 713 43 32 K.
1086 713 48 38 B.,
1160 725 67 22 som
1251 720 79 33 äger
1353 719 48 29 att
1424 718 56 32 vid
1506 718 152 39 förhöjda
1683 720 90 32 viten

276 754 79 37 giva
374 756 173 33 enahanda
566 757 245 40 föreläggande.
846 762 40 30 22
907 761 18 38 8
947 763 184 32 innehåller
1149 764 246 35 bestämmelser
1414 781 50 19 om
1487 769 196 33 bötesstraff
1704 772 70 31 dels

277 805 52 32 för
354 806 70 39 den,
450 818 69 21 som
545 809 189 32 underlåter
758 813 50 30 att
833 811 148 38 fullgöra
1005 815 278 39 ympningsplikt,
1309 817 111 33 vilken
1444 819 172 39 påbjudits
1641 822 55 32 vid
1722 823 49 31 in-

274 855 130 34 träffad
426 857 80 32 eller
528 858 141 34 hotande
691 861 354 41 smittkoppsepidemi,
1068 865 79 32 eller
1167 868 51 30 att
1239 867 53 32 till
1315 869 231 38 undergående
1569 884 40 19 av
1630 873 142 33 sålunda

274 906 100 38 ålagd
390 907 165 40 ympning
569 909 154 34 befordra
739 923 118 27 annan,
875 913 53 32 för
943 926 76 21 vars
1035 915 220 35 befordrande
1271 917 54 34 till
1341 920 164 39 ympning
1520 922 65 31 han
1601 934 168 28 ansvarar,

274 956 70 33 dels
363 958 58 31 ock
440 958 53 32 för
511 961 253 33 stamanställda
783 966 86 29 samt
887 964 90 33 vissa
994 966 229 39 värnpliktiga
1241 969 59 31 och
1319 970 225 40 utlänningar,
1565 985 67 20 som
1651 975 118 31 under-

272 1006 71 33 låta
366 1007 148 39 fullgöra
537 1009 51 32 sin
613 1011 278 40 ympningsplikt.
928 1014 126 34 Vidare
1078 1018 134 37 stadgas
1237 1019 11 31 i
1272 1019 198 39 lagrummet
1495 1022 198 34 bötesstraff
1717 1025 53 32 för

273 1057 143 34 ledamot
432 1071 41 20 av
489 1061 141 38 styrelse
645 1062 52 32 för
713 1063 94 32 skola
822 1064 80 32 eller
917 1066 83 32 läro-
1017 1067 80 32 eller
1112 1069 356 39 uppfostringsanstalt
1484 1074 90 38 eller,
1592 1075 58 32 där
1666 1077 102 31 sådan

272 1108 139 37 styrelse
430 1110 28 38 ej
479 1109 119 41 finnes,
619 1112 52 32 för
688 1114 244 34 vederbörande
950 1116 236 41 föreståndare,
1207 1132 50 20 om
1277 1120 11 31 i
1307 1122 114 32 skolan
1440 1124 80 31 eller
1539 1127 163 31 anstalten
1721 1127 46 31 in-

271 1159 93 36 tages
382 1159 162 39 lärjunge,
563 1162 111 32 vilken
693 1165 44 37 på
754 1166 109 36 grund
883 1178 41 20 av
942 1168 195 33 underlåten
1156 1171 270 39 ympningsplikt
1444 1174 74 32 icke
1536 1176 54 31 må
1608 1177 60 32 där
1685 1180 82 30 mot-

271 1210 106 38 tagas,
395 1213 86 30 samt
499 1212 54 31 för
572 1213 60 32 den
650 1225 67 21 som
737 1216 158 32 anställer
913 1218 80 31 eller
1010 1220 162 37 mottager
1190 1232 127 28 person,
1338 1235 66 20 som
1424 1226 42 36 på
1483 1227 110 35 grund
1610 1238 41 21 av
1670 1228 97 32 brist-

273 1258 112 39 fälligt
403 1261 292 40 ympningsskydd
713 1265 73 32 icke
804 1267 53 31 må
874 1267 100 33 vinna
992 1268 150 35 tillträde
1159 1271 53 32 till
1231 1272 90 33 vissa
1337 1274 105 37 yrken
1460 1277 60 30 och
1538 1279 159 31 anstalter
1715 1279 52 32 för

269 1310 304 40 yrkesutbildning.
606 1314 18 31 I
646 1315 39 32 26
708 1314 18 38 8
748 1316 209 40 föreskrives,
980 1322 51 29 att
1052 1332 50 20 om
1125 1321 143 39 tillgång
1288 1324 53 31 till
1363 1324 153 34 böternas
1538 1328 79 32 eller
1639 1329 126 33 vitenas

270 1359 88 33 fulla
378 1362 166 36 gäldande
567 1364 128 39 saknas,
719 1366 166 33 desamma
907 1369 94 32 skola
1023 1370 192 34 förvandlas
1237 1374 105 37 enligt
1364 1376 123 32 allmän
1510 1378 169 39 strafflag.

325 1462 67 34 Vid
410 1466 87 32 1930
513 1466 54 32 års
584 1467 137 40 riksdag
738 1468 163 35 framlade
920 1471 127 39 Kungl.
1067 1472 98 39 Maj:t
1182 1475 11 31 i
1211 1477 201 37 proposition
1431 1491 38 20 nr
1489 1481 62 31 213
1571 1481 125 39 förslag
1714 1496 50 19 om

270 1513 176 35 införande
462 1528 41 20 av
520 1519 67 30 rätt
603 1518 53 32 för
669 1519 188 40 Konungen
873 1524 51 30 att
938 1524 106 32 under
1058 1525 89 32 vissa
1162 1529 280 37 omständigheter
1459 1530 156 35 förordna
1632 1545 50 20 om
1699 1534 67 31 till-

271 1564 114 39 fälligt
402 1567 222 38 upphävande
642 1582 40 20 av
701 1572 310 39 ympningsplikten
1029 1596 44 3 —
1091 1576 54 32 det
1164 1577 91 32 förut
1273 1581 195 32 omnämnda
1487 1583 19 30 4
1525 1595 95 21 mom.
1640 1596 41 20 av
1700 1586 18 30 5
1739 1585 27 37 8.

271 1615 182 40 Samtidigt
468 1618 136 34 därmed
620 1620 181 39 föreslogos
817 1623 89 33 vissa
921 1625 114 38 andra,
1052 1632 122 27 smärre
1189 1629 179 38 ändringar
1384 1632 11 31 i
1410 1632 106 38 lagen,
1535 1634 233 39 förnämligast

268 1666 12 31 i
297 1667 149 37 reglerna
463 1671 139 31 rörande
618 1672 256 38 undantagande
889 1674 75 32 från
977 1677 164 38 ympning
1158 1676 193 42 (ändringar
1364 1682 11 31 i
1390 1683 17 30 2
1422 1682 28 39 $,
1466 1685 18 30 5
1500 1683 18 37 8
1533 1685 18 30 2
1565 1685 58 32 och
1639 1687 18 31 3
1670 1698 95 21 mom.

268 1719 86 30 samt
375 1718 36 31 11
432 1719 60 32 och
513 1720 40 32 16
574 1717 66 41 $$).
672 1721 18 32 I
708 1734 39 20 en
767 1725 133 37 motion,
922 1725 29 32 I:
970 1727 71 38 159,
1062 1727 194 34 hemställde
1275 1731 75 32 herr
1370 1732 131 40 Björck,
1522 1735 170 40 Wilhelm,
1713 1749 50 20 om

267 1766 12 31 i
299 1767 176 34 huvudsak
496 1781 126 22 samma
641 1773 143 38 ändring
802 1786 42 20 av
866 1777 16 30 5
905 1775 18 38 $
945 1778 18 30 3
985 1789 107 27 mom.,
1114 1791 67 20 som
1203 1792 44 19 nu
1269 1782 136 33 föreslås
1426 1784 9 30 i
1458 1785 164 34 motionen
1644 1788 29 31 TI:
1691 1789 71 31 247.

267 1816 19 31 I
303 1829 39 20 en
360 1818 133 40 motion,
513 1820 31 32 I:
563 1822 70 39 196,
652 1823 197 34 hemställde
867 1826 75 32 herr
959 1826 119 40 Rosén,
1098 1832 50 30 att
1164 1832 186 37 punkterna
1368 1830 33 37 a)
1422 1836 59 31 och
1500 1833 37 40 b)
1557 1838 12 30 i
1588 1838 18 30 3
1626 1837 18 38 8
1663 1840 101 31 måtte

267 1869 180 37 upphävas.
481 1871 166 39 Slutligen
665 1874 213 35 hemställdes
898 1878 11 31 i
928 1878 217 39 likalydande
1164 1883 203 33 motionerna
1384 1885 31 32 I:
1431 1887 63 31 318
1514 1900 40 19 av
1574 1889 74 31 herr
1666 1889 97 38 Bjur-

266 1920 102 32 ström
389 1932 40 21 m.
452 1921 38 33 fl.
513 1923 60 32 och
594 1923 49 32 II:
659 1926 62 31 513
742 1937 42 20 av
804 1927 75 32 herr
900 1928 117 33 Olsson
1037 1930 12 31 i
1069 1931 93 33 Mora
1181 1945 40 20 m.
1244 1934 49 38 fl.,
1315 1937 49 30 att
1385 1936 178 40 riksdagen
1583 1940 101 32 måtte
1704 1941 58 32 hos

265 1969 127 40 Kungl.
414 1971 101 39 Maj:t
534 1974 135 33 anhålla
688 1987 51 20 om
761 1988 39 20 en
822 1978 136 40 allsidig
977 1982 59 31 och
1058 1981 307 41 förutsättningslös
1386 1989 190 39 utredning,
1597 1991 165 34 huruvida

265 2021 60 32 och
345 2021 12 32 i
377 2023 63 32 vad
462 2024 77 32 mån
559 2027 80 30 utan
660 2029 226 36 äventyrande
907 2041 41 20 av
969 2030 190 35 folkhälsan
1179 2035 195 39 ytterligare
1395 2038 167 34 lättnader
1582 2041 11 31 i
1614 2041 147 34 vaccina-

267 2071 227 40 tionstvånget
518 2076 102 32 måtte
644 2077 111 33 kunna
781 2080 209 36 genomföras
1015 2083 59 31 och
1099 2096 50 20 om
1174 2086 251 38 möjligheterna
1450 2102 41 20 av
1518 2092 54 31 det
1598 2093 166 33 allmänna

264 2122 337 41 ympningstvångets
620 2128 230 37 upphävande.

320 2172 116 34 Andra
459 2174 230 43 lagutskottet,
714 2190 69 21 som
806 2180 207 36 behandlade
1036 2186 244 37 propositionen
1304 2190 56 31 och
1387 2191 211 40 motionerna,
1623 2194 138 33 anförde

263 2221 11 32 i
296 2223 181 40 utlåtande,
500 2238 40 21 nr
563 2228 49 38 39,
634 2228 100 34 bland
758 2234 113 29 annat:

319 2281 75 34 Med
410 2284 131 39 hänsyn
557 2286 53 32 till
626 2288 263 35 vaccinationens
905 2294 100 31 värde
1022 2306 67 20 som
1106 2295 234 38 skyddsmedel
1357 2303 66 29 mot
1439 2313 38 20 en
1495 2302 181 34 förödande
1692 2304 67 32 far-

262 2326 52 30 sot
334 2336 100 26 synas
455 2326 246 36 bestämmelser
722 2343 51 20 om
795 2332 217 38 obligatorisk
1033 2338 209 39 vaccinering
1262 2340 71 33 icke
1354 2342 112 33 kunna
1487 2344 69 32 helt
1577 2346 58 31 och
1656 2347 104 32 hållet

262 2366 166 34 undvaras
447 2368 12 31 i
479 2370 75 32 vårt
572 2370 87 34 land.
691 2372 65 35 Det
776 2374 183 35 allmännas
979 2377 137 34 intresse
1135 2382 92 31 torde
1246 2383 141 33 sålunda
1404 2385 114 40 kräva,
1539 2389 51 30 att
1606 2399 154 27 personer

261 2407 13 31 i
294 2409 115 39 yrken,
430 2422 69 21 som
521 2417 56 27 äro
598 2415 135 33 särskilt
753 2418 128 31 utsatta
901 2419 52 32 för
973 2421 198 40 smittofara,
1194 2424 106 32 såsom
1321 2426 121 38 läkare,
1464 2428 294 41 sjukhuspersonal

262 2450 60 31 och
345 2451 135 40 sjömän,
504 2454 217 35 underkastas
745 2458 217 39 obligatorisk
985 2463 215 34 vaccination.
1235 2462 33 36 Å
1291 2469 101 32 andra
1415 2470 95 33 sidan
1533 2471 60 32 har
1614 2473 143 33 erfaren-

261 2491 98 34 heten
378 2494 85 37 givit
483 2496 57 33 vid
561 2497 138 40 handen,
721 2503 50 30 att
792 2501 55 33 det
865 2501 71 35 icke
956 2509 37 28 är
1012 2506 205 39 nödvändigt
1237 2509 54 31 för
1310 2513 49 30 att
1379 2512 379 41 smittkoppsepidemier
