1896 2842
110 1467 134 22 Utskottet.

344 176 19 29 2
686 176 399 32 Jordbruksutskottets
1113 177 188 32 utlåtande
1325 178 53 31 Nr
1402 180 29 29 4.

343 252 34 38 b)
409 252 12 30 i
443 252 99 36 fråga
566 262 55 21 om
644 253 108 31 sådan
775 253 102 31 mark
900 253 81 31 eller
1002 254 148 31 särskild
1166 256 78 34 rätt,
1261 264 55 21 om
1333 264 80 21 vars
1428 255 182 31 avstående
1625 255 85 31 eller
1724 265 82 27 upp-

298 304 139 31 låtande
460 305 130 30 central
614 305 440 37 förvaltningsmyndighet
1077 306 189 36 förordnat,
1290 317 46 20 av
1359 317 133 21 samma
1514 307 218 37 myndighet;

343 357 32 37 2)
410 357 51 30 att
484 357 12 30 i
518 357 100 36 fråga
650 367 54 21 om
739 358 112 36 mark,
880 367 73 22 som
976 360 40 29 är
1039 358 126 31 avsedd
1188 360 51 29 att
1261 359 179 31 användas
1464 359 53 31 för
1540 359 266 37 framdragande

298 419 45 20 av
366 409 163 31 elektrisk
565 409 151 37 ledning,
753 412 96 29 utom
880 411 68 30 vad
982 411 111 31 under
1127 412 31 36 1)
1190 411 138 36 stadgas
1350 412 135 36 jämväl
1509 412 296 31 föreskrifterna
1786 405 21 47 i

298 461 102 36 lagen
424 462 64 31 den
512 463 41 31 27
577 463 77 35 juni
678 463 97 36 1902,
799 463 238 31 innefattande
1069 464 93 30 vissa
1185 464 255 31 bestämmelser
1463 475 53 20 om
1540 465 186 31 elektriska
1748 475 58 21 an-

298 514 216 36 läggningar,
538 515 97 31 skola
657 515 105 31 lända
785 516 57 31 till
865 516 240 35 efterrättelse;

343 566 31 38 3)
409 568 60 35 att,
494 567 63 31 där
579 568 132 35 Kungl.
735 567 103 37 Maj:t
861 569 133 30 lämnat
1017 569 175 36 kommun,
1216 569 135 31 enskild
1375 579 118 26 person
1517 570 82 30 eller
1622 569 101 37 bolag
1739 569 68 31 till-

297 618 102 32 stånd
431 620 51 30 att
513 620 96 30 inom
641 620 90 31 riket
764 621 151 36 anlägga
947 621 147 37 järnväg
1126 621 83 31 eller
1241 621 61 31 där
1326 622 100 35 fråga
1449 624 38 28 är
1510 632 56 21 om
1588 622 218 36 anläggande

297 671 85 31 eller
413 672 203 37 förändring
648 683 43 21 av
724 673 133 31 allmän
891 675 76 35 väg,
996 674 228 36 medgivande
1251 675 68 35 må,
1343 674 63 31 där
1428 676 38 29 så
1489 677 124 33 prövas
1636 675 169 36 lämpligt,

297 724 136 31 lämnas
467 725 31 35 ej
534 725 137 31 mindre
705 725 122 31 därtill
862 727 52 30 att
947 726 111 36 mark,
1091 736 73 21 som
1192 728 70 29 står
1285 726 111 31 under
1419 727 151 30 kronans
1593 726 213 32 omedelbara

298 776 201 36 disposition
533 777 82 31 eller
649 778 122 31 tillhör
803 779 114 35 någon
950 789 44 20 av
1017 779 42 31 de
1082 779 109 31 under
1215 779 89 30 bruk
1329 779 62 31 och
1415 779 169 36 bergverk
1608 779 54 31 för
1685 779 120 36 nödigt

298 829 185 36 skogsfång
507 830 166 36 upplåtna
696 831 262 36 allmänningar
981 831 85 31 eller
1088 833 113 34 någon
1224 842 45 21 av
1293 832 42 31 de
1355 841 123 27 genom
1496 832 310 36 domänstyrelsens

297 881 134 36 försorg
464 882 266 32 utarrenderade
765 883 324 37 kronoegendomar,
1126 884 97 30 vilka
1258 884 74 31 icke
1366 884 166 36 upplåtits
1566 884 57 31 till
1647 884 158 30 förenade

297 935 510 35 mötespassevolanskassornas
839 936 92 36 fond,
969 937 207 30 stuterierna
1210 936 84 31 eller
1326 936 174 31 Vadstena
1531 936 275 37 krigsmanshus-

296 985 93 37 fond,
422 987 56 30 må
509 988 115 30 avstås
658 986 90 42 eller!
772 988 158 36 upplåtas
964 991 86 29 utan
1081 999 116 20 annan
1221 989 194 36 ersättning
1439 989 56 31 till
1518 989 133 30 kronan
1675 991 46 28 än
1743 989 62 34 att,

296 1038 115 31 därest
433 1039 61 30 och
518 1039 12 30 i
554 1039 64 31 den
650 1041 82 30 mån
756 1041 21 30 å
800 1041 144 31 marken
968 1041 157 31 växande
1149 1042 82 35 skog
1255 1042 102 35 ingår
1379 1042 13 29 i
1416 1041 225 31 överlåtelsen
1664 1041 62 30 och
1750 1041 57 30 det

296 1090 76 31 icke
407 1091 108 31 finnes
548 1092 130 36 skäligt
712 1093 220 31 annorlunda
966 1094 172 35 medgiva,
1173 1094 193 36 ersättning
1401 1093 52 31 för
1480 1093 106 31 sådan
1609 1093 84 36 skog
1716 1092 89 31 skall

297 1144 84 34 utgå
404 1143 84 31 efter
520 1144 253 31 vederbörande
801 1145 220 37 myndighets
1045 1145 274 36 bestämmande;
1355 1148 45 28 än
1423 1148 89 28 även
1535 1145 119 31 därtill
1677 1146 53 30 att
1752 1145 55 30 för

298 1195 166 36 företaget
491 1196 114 36 ifråga
634 1198 57 29 må
720 1197 245 32 kostnadsfritt
989 1198 172 36 begagnas
1184 1198 129 31 sådana
1336 1199 21 29 å
1380 1198 152 31 kronans
1555 1200 83 34 ägor
1660 1197 147 36 belägna

297 1247 95 31 kalk-
415 1248 61 30 och
499 1249 168 31 stenbrott
690 1251 91 29 samt
805 1250 204 36 grustäkter,
1035 1260 73 20 som
1125 1250 119 30 kunna
1267 1260 86 20 vara
1377 1250 208 36 disponibla;
1609 1251 91 29 samt

342 1300 32 36 4)
409 1301 50 29 att
482 1300 67 31 vad
573 1301 144 31 sålunda
740 1301 154 36 stadgats
918 1302 73 30 icke
1015 1302 65 30 har
1102 1302 165 30 avseende
1283 1303 21 29 å
1321 1301 41 31 de
1382 1301 75 36 fall,
1474 1302 43 30 då
1533 1302 70 30 rätt
1618 1301 84 31 eller
1718 1301 88 36 plikt

297 1352 53 31 att
373 1352 72 30 lösa
467 1352 134 31 kronan
623 1353 158 36 tillhörig
805 1354 100 30 mark
929 1354 103 36 följer
1055 1365 46 20 av
1124 1354 236 30 bestämmelse
1383 1354 13 30 i
1420 1354 130 30 allmän
1573 1354 67 35 lag.

340 1456 78 30 1931
441 1456 58 32 års
521 1456 148 37 riksdag
692 1457 66 30 har
783 1458 136 31 lämnat
943 1457 188 32 enahanda
1153 1457 237 36 medgivande
1414 1457 56 31 för
1493 1457 98 31 tiden
1616 1456 97 31 intill
1736 1457 67 30 den

297 1508 19 29 1
339 1507 69 37 juli
432 1508 87 31 1932.
562 1508 193 36 Utskottet,
779 1519 75 20 som
877 1509 33 36 ej
933 1509 66 31 har
1023 1511 110 34 något
1155 1511 55 29 att
1234 1508 123 31 erinra
1379 1511 74 29 mot
1478 1508 327 36 framställningen,

296 1559 217 37 hemställer,

740 1666 55 29 att
812 1664 236 31 förevarande
1065 1664 222 36 proposition
1302 1665 58 29 må
1376 1674 45 20 av
1438 1663 192 36 riksdagen
1646 1663 155 31 bifallas.

341 1767 203 31 Stockholm
565 1767 67 31 den
653 1767 19 31 9
694 1767 163 31 februari
879 1766 87 32 1932.

733 1868 53 32 På
808 1869 383 36 jordbruksutskottets
1210 1871 154 34 vägnar:

837 1971 36 33 C.
896 1972 32 31 J.
977 1971 263 32 JOHANSSON.

342 2224 54 24 Vid
416 2224 77 24 detta
511 2223 117 24 ärendes
648 2223 232 30 slutbehandling
899 2224 71 22 hava
988 2223 138 23 närvarit:

342 2273 62 27 från
423 2278 106 23 första
548 2277 177 23 kammaren:
747 2276 100 23 herrar
866 2276 168 29 Sederholm,
1054 2275 125 29 Linders,
1200 2275 187 28 Gabrielsson,
1405 2275 71 31 Elof
1489 2276 30 23 B.
1539 2275 164 26 Andersson,
1720 2275 83 30 Tjäll-

298 2327 77 24 gren,
395 2321 135 29 Granath,
550 2320 102 30 Fritiof
668 2319 153 31 Gustafson
841 2319 53 24 och
915 2320 125 24 Norman
1060 2320 73 22 samt

341 2369 62 27 från
422 2372 105 24 andra
545 2373 177 23 kammaren:
752 2372 100 23 herrar
879 2372 159 24 Johansson
1068 2372 8 23 i
1101 2371 169 31 Uppmälby,
1299 2372 153 23 Pettersson
1479 2371 10 24 i
1508 2371 107 31 Bjälbo,
1644 2371 158 25 Hedlund
1786 2365 19 42 i

300 2417 93 28 Häste,
424 2417 160 29 Carlström,
613 2416 84 31 Björk
716 2416 8 23 i
744 2415 101 31 Tryde,
869 2415 122 30 Weibull,
1009 2415 157 24 Andersson
1185 2415 9 23 i
1213 2415 151 30 Tungelsta
1377 2415 51 23 och
1448 2416 136 23 Pehrsson
1603 2415 8 23 i
1633 2415 171 29 Bramstorp.
