2234 2614
391 200 39 30 14
580 199 245 33 Sammansatta
847 201 94 29 stats-
964 198 55 32 och
1034 197 112 42 första
1168 198 223 40 lagutskottets
1412 208 42 21 nr
1475 200 21 28 3
1518 197 170 32 utlåtande
1711 197 54 31 Nr
1786 199 29 29 1.

389 284 155 37 stående
573 285 141 36 antalet
743 284 127 48 dagar.
899 283 313 37 Kommissionen
1231 283 105 48 finge
1355 283 127 37 därför
1502 282 58 36 för
1578 282 57 36 sin
1651 282 60 37 del
1726 281 200 49 tillstyrka,
1943 287 57 31 att

388 337 165 36 nämnda
581 336 261 49 tjänstgöring
870 335 226 36 avkortades
1123 335 85 36 med
1239 334 240 49 erforderligt
1507 334 103 36 antal
1637 334 132 48 dagar.
1824 333 15 36 I
1860 333 141 36 anslut-

388 389 94 47 ning
521 388 57 36 till
619 387 75 36 vad
723 387 414 49 departementschefen
1164 387 212 47 ifrågasatt,
1404 386 102 49 finge
1534 386 298 36 kommissionen
1854 385 147 49 jämväl

387 439 203 49 tillstyrka,
633 444 54 31 att
728 438 292 49 ifrågavarande
1060 438 260 49 värnpliktiga
1359 437 187 38 befriades
1587 437 82 36 från
1699 438 219 47 skyldighet
1947 442 56 31 att

388 492 164 47 fullgöra
594 491 84 36 dem
716 490 257 37 innevarande
1002 493 41 33 år
1069 490 207 48 åliggande
1303 489 377 49 repetitionsövning.
1736 488 87 37 Med
1851 489 150 48 hänsyn

388 543 57 36 till
474 542 331 50 angelägenheten
833 556 48 22 av
910 547 53 31 att
992 542 46 36 de
1066 542 260 48 värnpliktiga
1354 546 148 31 snarast
1529 541 150 49 möjligt
1700 540 140 37 erhölle
1860 540 142 36 känne-

389 595 87 36 dom
505 595 143 47 härom,
678 600 131 43 syntes
837 594 244 48 erforderliga
1108 593 242 37 föreskrifter
1368 593 12 36 i
1400 593 244 36 förevarande
1663 592 215 36 hänseende
1896 592 105 48 böra,

389 650 42 33 så
461 652 104 31 snart
593 647 66 36 ske
687 646 137 46 kunde,
853 645 183 37 utfärdas.

493 698 305 37 Vidkommande
838 697 164 37 härefter
1043 697 72 37 den
1155 697 223 49 ifrågasatta
1420 696 281 48 avkortningen
1740 709 46 22 av
1814 695 188 49 tjänstgö-

389 749 212 50 ringstiden
639 750 59 36 för
726 750 194 36 studenter
948 749 72 36 och
1049 748 191 37 likställda
1269 749 155 46 anslöte
1442 748 60 48 sig
1529 747 298 37 kommissionen
1854 747 57 36 till
1939 747 65 36 det

389 815 46 23 av
464 802 419 48 departementschefen
911 801 228 36 härutinnan
1169 800 236 36 framställda
1432 800 192 48 förslaget.

495 853 82 36 Vad
619 854 182 48 slutligen
843 853 168 48 anginge
1054 852 72 37 den
1158 852 12 36 i
1199 851 21 50 $
1250 854 47 34 26
1328 865 112 23 mom.
1473 854 20 33 2
1523 852 70 36 och
1622 853 21 33 3
1673 850 329 49 värnpliktslagen

389 905 238 36 föreskrivna
654 905 256 48 uttagningen
938 905 60 36 för
1026 904 218 49 utbildning
1271 904 56 36 till
1354 903 220 36 underbefäl
1594 903 90 36 eller
1704 902 187 47 fackmän,
1911 915 92 23 vore

390 957 63 36 det
481 957 151 49 tydligt,
662 962 56 31 att
745 957 86 37 med
860 957 73 36 den
962 956 253 49 omläggning
1244 969 47 23 av
1320 954 578 50 tjänstgöringsförhållandena,
1920 967 82 23 som

390 1014 67 43 ägt
497 1022 95 34 rum,
634 1011 130 47 någon
806 1008 106 50 dylik
952 1008 208 49 uttagning
1200 1008 82 36 icke
1324 1008 207 49 lämpligen
1568 1006 117 37 borde
1713 1006 288 49 ifrågakomma.

389 1061 292 36 Bestämmelser
722 1066 129 44 syntes
893 1060 128 36 därför
1052 1060 91 36 böra
1170 1060 172 36 utfärdas
1371 1059 143 47 därom,
1544 1064 53 31 att
1625 1058 208 48 uttagning
1860 1058 57 36 för
1944 1063 59 30 ut-

389 1112 187 49 bildning,
604 1125 132 23 varom
765 1113 68 35 här
859 1125 89 24 vore
976 1112 119 47 fråga,
1123 1112 85 35 icke
1236 1112 121 35 skulle
1385 1111 78 35 ske.

494 1164 148 47 Därest,
684 1167 48 45 på
774 1168 76 32 sätt
892 1177 98 23 ovan
1032 1169 162 43 nämnts,
1232 1164 98 35 1918
1360 1164 60 34 års
1449 1162 101 35 klass
1578 1160 188 37 befriades
1794 1160 84 36 från
1907 1163 97 33 årets

389 1216 424 48 repetitionsövningar,
846 1215 121 36 skulle
996 1215 109 36 dessa
1133 1214 134 37 endast
1295 1214 153 36 komma
1476 1218 55 31 att
1559 1213 157 36 omfatta
1744 1212 260 49 värnpliktiga

390 1281 48 22 av
469 1269 96 35 1916
596 1268 71 36 och
698 1269 97 34 1917
826 1270 59 33 års
913 1267 156 36 klasser.
1125 1266 198 37 Huruvida
1350 1265 292 49 ifrågavarande
1669 1264 102 37 båda
1799 1263 206 37 årsklasser

390 1320 152 36 komme
583 1325 54 31 att
678 1319 163 36 inkallas
883 1319 56 36 till
980 1319 111 36 dessa
1127 1318 200 48 övningar,
1357 1323 130 43 syntes
1517 1316 209 37 emellertid
1755 1329 90 22 vara
1873 1316 129 36 ovisst.

391 1371 137 37 Därest
556 1371 72 36 den
656 1371 60 37 för
742 1370 237 37 närvarande
1006 1370 166 37 rådande
1200 1369 400 49 influensaepidemien
1628 1368 81 36 icke
1739 1367 265 37 dessförinnan

391 1423 120 36 skulle
539 1424 100 35 hava
666 1423 176 49 upphört,
871 1423 107 36 torde
1007 1423 142 47 Kungl.
1180 1421 121 49 Maj:t,
1330 1421 84 36 med
1444 1420 84 37 stöd
1558 1433 46 23 av
1631 1419 268 37 förutnämnda
1918 1432 86 36 pro-

391 1475 187 36 visoriska
609 1475 259 48 lagstiftning,
898 1475 152 35 komma
1079 1479 55 31 att
1163 1473 192 45 förordna,
1385 1477 55 31 att
1468 1475 98 33 årets
1594 1471 412 49 repetitionsövningar

392 1526 120 37 skulle
552 1526 240 49 uppskjutas.
847 1526 131 48 Några
1019 1525 285 36 bestämmelser
1344 1524 130 35 härom
1516 1528 130 44 syntes
1686 1522 207 37 emellertid
1921 1523 85 36 icke

392 1579 130 35 kunna
561 1577 170 37 utfärdas
773 1578 79 35 förr
880 1583 48 30 än
957 1582 80 31 mot
1065 1577 114 36 slutet
1207 1589 48 23 av
1285 1588 227 34 sommaren,
1543 1575 46 36 då
1616 1574 283 37 vederbörande
1928 1587 79 23 me-

394 1630 170 37 dicinska
590 1629 268 49 myndigheter
886 1629 193 48 svårligen
1107 1628 265 36 dessförinnan
1399 1627 127 36 kunde
1554 1631 94 44 göra
1675 1629 121 46 något
1813 1626 193 36 uttalande

393 1695 73 33 om,
508 1681 187 37 huruvida
736 1682 84 35 från
860 1680 207 49 hygienisk
1108 1680 196 49 synpunkt
1345 1679 133 36 hinder
1514 1684 115 31 mötte
1658 1679 59 36 för
1746 1678 260 48 övningarnas

393 1733 222 37 avhållande
656 1734 12 35 i
711 1733 234 36 föreskriven
988 1732 174 49 ordning.
1220 1732 57 36 De
1318 1731 259 49 värnpliktiga
1616 1730 151 36 komme
1805 1730 106 35 alltså
1949 1734 57 31 att

394 1791 116 31 sväva
537 1786 13 35 i
569 1785 237 49 okunnighet
827 1798 73 34 om,
921 1784 96 36 huru
1038 1784 108 36 deras
1167 1782 544 50 tjänstgöringsförhållanden
1730 1781 121 36 under
1869 1782 138 36 hösten

393 1838 152 36 komme
572 1841 56 32 att
657 1837 109 36 ställa
795 1836 70 49 sig,
894 1849 47 23 en
970 1835 283 48 omständighet
1282 1848 81 23 som
1393 1835 57 35 för
1476 1837 139 45 många
1641 1833 118 37 bland
1779 1833 83 36 dem
1882 1833 125 48 givet-

393 1889 58 36 vis
479 1892 120 33 måste
627 1889 172 36 medföra
827 1887 207 37 avsevärda
1062 1888 257 47 olägenheter.
1374 1886 16 36 I
1419 1885 246 38 betraktande
1694 1885 117 36 härav
1830 1885 70 36 och
1919 1884 88 37 med

393 1941 149 48 hänsyn
571 1940 126 36 därtill
726 1945 55 31 att
808 1939 480 49 repetitionsövningarnas
1318 1937 223 37 avhållande
1567 1937 85 37 med
1682 1937 135 36 endast
1843 1939 63 33 två
1931 1939 77 33 års-

393 1993 146 36 klasser
579 1995 119 33 måste
740 2004 111 23 anses
883 2004 45 23 ur
955 1991 140 36 militär
1123 1991 195 49 synpunkt
1346 1990 146 36 mindre
1520 1988 360 47 tillfredsställande,
1909 1987 99 37 hade

394 2044 295 36 kommissionen
727 2048 125 31 ansett
888 2043 62 48 sig
978 2043 92 36 böra
1097 2042 209 47 hemställa,
1337 2047 54 31 att
1414 2041 145 49 jämväl
1589 2042 98 35 1916
1718 2041 71 36 och
1821 2042 95 34 1917
1947 2042 60 34 års

394 2096 156 47 klasser,
583 2096 105 35 vilka
716 2095 148 36 erhållit
891 2100 176 31 avsevärt
1094 2095 132 48 längre
1254 2093 222 49 utbildning
1503 2098 48 31 än
1579 2093 160 36 flertalet
1768 2092 132 48 övriga
1932 2094 76 33 års-

394 2148 155 45 klasser,
579 2150 114 34 måtte
721 2147 141 36 befrias
891 2147 83 36 från
1004 2146 242 49 fullgörande
1274 2159 48 23 av
1351 2146 83 36 dem
1462 2144 255 37 innevarande
1742 2146 42 34 år
1804 2142 204 50 åliggande

395 2199 382 50 repetitionsövning.
832 2198 59 36 En
921 2198 105 49 dylik
1055 2198 134 49 åtgärd
1219 2198 117 36 funne
1364 2197 297 36 kommissionen
1686 2196 92 36 böra
1797 2198 41 34 så
1857 2195 152 49 mycket

396 2265 102 22 mera
526 2251 189 49 vidtagas,
746 2264 81 23 som
856 2251 222 47 därigenom
1108 2250 120 36 skulle
1256 2250 84 36 icke
1367 2249 97 37 blott
1490 2249 137 40 vinnas
1656 2248 99 36 ökad
1780 2246 229 38 arbetskraft

396 2304 58 35 för
483 2304 62 35 det
572 2303 121 36 under
720 2302 220 37 nuvarande
969 2302 262 37 förhållanden
1259 2314 103 24 mera
1381 2307 48 30 än
1448 2301 148 48 vanligt
1615 2300 150 48 viktiga
1783 2298 226 50 produktiva
