2206 2656
418 178 123 31 Första
564 179 219 31 kommarens
806 177 127 34 första
958 179 172 41 tillfälliga
1153 180 140 31 utskolts
1315 179 174 33 utlåtande
1512 180 52 31 Nr
1587 182 52 30 17.
1808 180 13 31 1

956 437 61 40 Nr
1037 437 58 42 17.

856 599 111 24 Ankom
986 599 45 24 till
1050 599 172 32 Riksdagens
1241 600 92 25 kansli
1351 600 52 25 den
1424 598 33 27 15
1476 600 72 32 april
1566 599 70 27 1913
1655 601 37 25 kl.
1712 600 16 26 3
1747 609 23 18 e.
1790 609 36 18 m.

446 742 131 36 Första
606 743 219 36 kammarens
846 743 146 44 första
1020 744 180 46 tillfälliga
1227 745 143 36 utskotts
1397 745 178 36 utlåtande
1592 757 45 24 nr
1656 747 91 43 17,1
1766 758 60 24 an-

660 814 139 46 ledning
832 827 43 24 av
908 827 41 24 en
978 828 42 24 av
1048 816 81 36 herr
1157 816 168 36 Starbäck
1351 818 93 35 inom
1471 816 128 37 Andra
1627 819 201 35 kammaren

658 888 101 35 väckt
798 889 138 43 motion,
979 901 45 23 nr
1064 890 91 43 229,
1199 901 52 24 om
1284 891 162 34 skrivelse
1478 890 52 35 till
1556 890 132 45 Kungl.
1717 890 112 44 Maj:t

660 960 177 44 angående
869 961 115 44 kungl.
1011 960 244 46 Djurgårdens
1275 961 192 36 bevarande
1493 962 14 35 i
1534 965 126 33 största
1687 963 141 44 möjliga

659 1033 241 44 utsträckning
927 1033 113 36 såsom
1067 1034 156 44 naturlig
1243 1034 104 44 park.

337 1174 20 35 I
400 1186 46 24 en
487 1174 100 36 inom
634 1174 131 36 Andra
807 1175 214 36 kammaren
1063 1188 47 24 av
1151 1177 85 34 herr
1276 1176 169 36 Starbäck
1484 1177 121 45 väckt,
1643 1178 57 36 till
1744 1179 83 35 dess

231 1227 119 49 tredje
395 1228 187 47 tillfälliga
628 1229 146 35 utskott
823 1229 183 36 hänvisad
1057 1229 150 45 motion,
1259 1242 45 23 nr
1352 1233 86 42 229,
1486 1232 67 34 har
1599 1232 230 36 motionären

230 1282 200 45 hemställt,
475 1285 54 32 att
571 1282 217 47 Riksdagen
830 1283 87 35 ville
962 1305 48 4 —
1053 1284 57 35 för
1147 1284 59 35 sin
1246 1285 59 34 del
1342 1285 192 35 uttalande
1568 1286 73 35 den
1672 1286 154 45 önskan,

234 1339 54 33 att
319 1336 130 47 kungl.
479 1336 238 48 Djurgården
746 1336 63 37 vid
836 1337 209 36 Stockholm
1076 1338 14 35 i
1118 1340 40 33 så
1187 1341 76 33 stor
1290 1339 261 46 utsträckning
1579 1352 76 23 som
1685 1341 144 48 möjligt

232 1390 205 35 bibehölles
467 1393 119 33 såsom
615 1391 164 47 naturlig
807 1390 94 48 park
930 1413 48 3 —
999 1391 14 36 i
1032 1391 180 37 skrivelse
1228 1392 58 35 till
1305 1393 139 46 Kungl.
1467 1393 108 48 Maj:t
1595 1394 157 44 anhålla,
1776 1398 54 33 att

232 1444 202 47 utredning
477 1444 257 44 verkställdes,
778 1444 57 36 för
877 1448 54 32 att
959 1448 146 33 snarast
1132 1445 144 49 möjligt
1305 1458 45 23 en
1378 1447 154 47 lämplig
1560 1453 110 41 gräns
1699 1448 128 36 kunde

231 1497 148 37 fastslås
420 1497 56 37 för
505 1499 45 34 de
581 1499 185 44 områden,
803 1511 76 24 som
908 1499 114 36 borde
1051 1502 119 33 såsom
1200 1500 93 47 park
1320 1500 57 36 för
1405 1501 49 35 all
1481 1501 149 36 framtid
1659 1501 165 38 bevaras.

341 1606 72 35 Till
441 1606 83 35 stöd
551 1606 57 35 för
636 1607 155 35 berörda
820 1607 220 35 hemställan
1070 1608 68 34 har
1165 1607 231 36 motionären
1425 1608 121 36 anfört
1573 1609 179 48 följande:

347 1674 14 19 »
371 1659 94 37 Vitt
506 1660 146 36 beresta
694 1673 176 34 personer
911 1661 95 36 hava
1036 1664 93 44 sagt,
1160 1664 54 33 att
1248 1662 141 36 varken
1415 1662 268 47 Köpenhamns
1711 1664 117 48 Dyre-

232 1715 134 43 haven,
410 1714 155 35 Pratern
594 1714 63 36 vid
684 1714 125 45 Wien,
839 1715 359 47 Boulognerskogen
1227 1716 61 36 vid
1316 1716 104 36 Paris
1449 1717 89 35 eller
1566 1717 261 48 Regentspark

231 1768 64 36 vid
337 1768 168 45 London,
551 1769 106 34 dessa
692 1769 174 35 berömda
896 1769 355 48 sommartillflykter
1278 1769 55 36 för
1362 1771 44 34 de
1434 1772 163 34 nämnda
1627 1772 198 36 huvudstä-

234 1822 133 35 dernas
395 1821 231 48 befolkning,
659 1825 46 44 på
733 1825 115 44 något
876 1826 73 32 sätt
976 1823 130 35 kunna
1131 1823 175 48 jämföras
1336 1825 84 34 med
1449 1825 231 35 Stockholms
1716 1826 110 48 Djur-

233 1876 92 47 gård
352 1876 14 35 i
395 1876 246 36 omväxlande
685 1876 159 36 skönhet
873 1877 66 35 och
968 1877 174 47 behag'»,
1173 1879 75 34 står
1276 1879 62 34 det
1365 1878 13 35 i
1407 1890 46 23 en
1480 1878 243 49 beskrivning
1740 1885 87 31 över

233 1930 238 47 Djurgården
500 1930 83 34 från
615 1933 112 32 1867.
785 1931 221 46 Tillgången
1035 1931 58 35 till
1121 1934 53 32 ett
1202 1932 147 35 område
1379 1944 46 23 av
1453 1932 255 48 Djurgårdens
1737 1937 88 32 stor-

233 1983 74 45 lek,
337 1983 59 36 till
425 1984 58 35 sin
512 1986 133 33 största
674 1984 262 47 utsträckning
963 1984 200 48 begränsat
1191 1998 46 24 av
1265 1985 86 36 vida
1379 1989 127 32 vatten
1521 1987 69 35 och
1608 1986 217 37 inramande

234 2036 168 48 verkliga
442 2038 252 46 skogspartier
723 2050 45 24 av
796 2039 241 47 ursprunglig
1064 2038 148 48 fägring
1241 2040 68 35 och
1336 2039 169 45 friskhet,
1535 2041 67 35 har
1631 2041 110 36 också
1770 2043 56 34 för

236 2091 231 35 Stockholms
509 2091 221 47 befolkning
770 2091 83 36 icke
883 2092 112 36 minst
1021 2105 45 23 ur
1093 2094 308 47 hälsosynpunkt,
1433 2095 101 35 såväl
1561 2095 158 47 psykisk
1747 2107 77 24 som

234 2144 130 49 fysisk,
396 2145 96 36 varit
520 2158 46 23 av
595 2146 191 35 oskattbar
814 2146 201 48 betydelse.
1075 2147 232 36 Storstadens
1337 2148 231 35 omedelbara
1597 2150 225 46 grannskap,

236 2211 76 24 som
343 2201 39 34 så
410 2199 159 48 lyckligt
595 2200 229 36 underlättat
852 2200 243 36 samfärdseln
1123 2204 43 33 ut
1192 2202 13 34 i
1234 2202 71 35 den
1325 2202 311 47 hälsobringande
1653 2208 169 39 naturen,

235 2254 68 35 har
342 2253 205 36 emellertid
590 2254 191 47 samtidigt
808 2254 96 37 varit
933 2258 53 32 ett
1014 2254 167 48 ständigt
1209 2256 68 35 och
1306 2256 65 35 allt
1399 2268 77 23 mer
1503 2257 171 35 växande
1703 2259 120 35 varsel

280 2317 136 39 Bihang
441 2317 50 29 till
514 2317 211 39 Riksdagens
744 2318 163 38 protokoll
931 2319 95 29 1913.
1076 2319 43 29 12
1142 2318 96 30 saml.
1276 2320 18 28 1
1319 2319 72 30 avd.
1417 2320 42 29 14
1472 2320 81 37 häft.
1580 2319 63 38 (Nr
1656 2320 65 39 17.)
1764 2321 13 28 1

1860 1680 149 29 Motionen.
