2214 2660
418 176 36 29 18
596 176 121 30 Första
741 176 216 30 kammarens
982 173 126 33 första
1134 174 171 40 tillfälliga
1329 175 141 29 utskotts
1494 173 172 31 utlåtande
1693 173 47 30 Nr
1765 174 49 29 17.

411 258 12 35 i
452 258 93 35 intet
572 257 65 36 fall
666 260 46 45 på
742 258 197 36 områdena
968 257 141 36 bortom
1139 257 242 45 Bellmansro,
1414 257 94 35 dock
1538 256 82 36 med
1649 257 192 45 undantag
1878 268 44 23 av
1953 259 53 31 att

412 316 20 32 å
476 314 44 35 de
566 313 229 36 sistnämnda
838 312 215 48 antagligen
1096 312 144 36 komme
1281 314 52 33 att
1362 311 173 48 uppföras
1566 313 52 34 ett
1646 310 155 37 boställe
1831 312 37 34 åt
1896 310 109 49 Djur-

411 369 157 46 gårdens
596 368 207 36 intendent.

516 423 71 36 För
629 435 94 35 egen
757 423 60 36 del
845 424 115 46 ansåg
988 422 192 44 utskottet,
1211 424 53 33 att
1294 422 62 35 det
1384 434 65 24 var
1477 420 178 48 tämligen
1684 421 146 48 tydligt,
1862 423 64 41 att,
1958 421 45 34 då

410 478 232 36 Stockholms
686 478 82 36 stad
796 478 188 47 utvidgats
1015 477 96 36 ända
1139 476 57 37 till
1224 476 256 49 Djurgårdens
1510 481 163 42 gränser,
1706 476 62 35 det
1796 474 31 50 ej
1858 475 146 36 kunnat

409 533 198 45 undvikas,
643 535 53 34 att
725 545 46 23 en
801 533 59 35 del
887 532 229 49 byggnader,
1148 532 83 35 med
1261 532 71 35 den
1362 531 186 36 allmänna
1577 532 219 45 meningens
1826 529 174 48 gillande,

408 590 169 46 uppstått
617 590 47 45 på
708 589 71 34 den
812 591 164 33 närmast
1008 587 131 37 staden
1167 585 175 49 liggande
1373 586 107 36 delen
1511 599 44 23 av
1584 585 248 49 Djurgården.
1890 584 112 37 Detta

408 643 96 35 hade
534 645 39 33 så
603 642 148 48 mycket
781 655 98 23 mera
908 641 95 37 varit
1038 641 140 48 nödigt,
1210 653 75 25 som
1317 641 131 36 staden
1476 641 95 35 hade
1602 642 64 34 ont
1695 652 57 23 om
1772 639 231 48 tomtplatser

408 696 55 36 för
491 709 47 23 en
568 696 59 35 del
656 697 189 46 offentliga
873 696 218 47 byggnader
1120 696 67 35 och
1216 695 261 47 tomtpriserna
1504 695 98 35 inom
1628 694 270 36 stadsområdet
1915 706 87 23 vore

409 753 40 34 så
476 751 220 48 uppdrivna,
730 753 52 34 att
811 751 62 35 det
902 750 120 36 skulle
1052 762 87 24 vara
1168 753 100 32 snart
1298 752 83 45 sagt
1406 747 167 50 omöjligt
1592 751 54 33 att
1664 748 36 36 få
1721 748 138 36 sådana
1875 747 128 36 offent-

407 806 75 46 liga
526 805 219 48 byggnader
781 805 57 35 till
882 806 118 43 stånd,
1039 818 55 22 om
1130 808 141 32 tomten
1299 804 57 36 för
1385 804 187 35 desamma
1601 803 120 36 skulle
1746 802 56 37 till
1832 802 171 47 gällande

407 860 117 47 priser
550 859 169 49 inköpas.

513 915 19 35 I
574 914 113 37 slutet
729 927 45 23 av
816 913 64 37 sitt
912 914 192 37 utlåtande
1133 918 107 43 säger
1272 912 196 37 utskottet:
1513 912 94 35 »Det
1636 911 106 49 syfte,
1774 910 229 37 motionären

407 981 132 35 genom
571 969 56 35 sin
656 968 273 47 framställning
958 969 101 36 velat
1086 968 209 47 tillgodose,
1326 979 110 36 synes
1466 966 181 36 utskottet
1677 965 240 50 synnerligen
1944 966 58 34 be-

406 1023 285 50 hjärtansvärdt.
754 1024 100 35 Utan
896 1023 115 37 tvivel
1053 1024 116 35 måste
1213 1022 61 36 det
1315 1021 151 36 framstå
1505 1023 118 34 såsom
1668 1033 46 23 en
1753 1020 250 36 fosterländsk

407 1079 283 47 angelägenhet,
736 1081 53 33 att
831 1078 254 49 Djurgårdens
1127 1077 246 48 bebyggande
1415 1075 83 37 icke
1531 1077 58 34 må
1619 1074 65 37 ske
1714 1077 46 46 på
1790 1077 52 34 ett
1871 1074 131 36 sådant

407 1136 72 33 sätt
521 1133 89 36 eller
651 1133 12 35 i
693 1146 45 23 en
772 1134 115 35 sådan
916 1132 271 47 utsträckning,
1220 1134 52 34 att
1300 1131 257 49 Djurgårdens
1586 1129 189 49 egenskap
1807 1142 43 24 av
1881 1134 120 43 öppen

405 1188 94 46 park
542 1189 111 34 därav
696 1187 75 35 kan
814 1188 147 35 komma
1004 1190 53 33 att
1098 1186 85 35 lida.
1243 1186 89 35 Men
1373 1185 121 47 enligt
1527 1184 199 36 utskottets
1756 1184 151 46 mening
1935 1184 67 34 har

406 1242 187 36 motionen
635 1241 148 49 främjat
821 1242 100 36 detta
952 1241 95 48 syfte
1077 1241 114 35 redan
1222 1239 225 48 därigenom,
1480 1241 53 34 att
1563 1239 71 35 den
1662 1238 13 36 i
1703 1238 54 36 tid
1785 1237 116 37 riktat
1930 1238 72 35 den

405 1296 186 35 allmänna
637 1295 377 48 uppmärksamheten
1060 1297 46 45 på
1152 1294 284 47 ifrågavarande
1471 1293 269 36 förbållanden.
1797 1292 69 36 Att
1895 1291 106 36 Riks-

405 1351 121 46 dagen
554 1350 132 45 skulle,
717 1353 118 33 såsom
867 1350 229 36 motionären
1124 1349 203 47 ifrågasatt,
1359 1348 12 35 i
1396 1348 179 36 skrivelse
1595 1347 57 36 till
1667 1348 214 46 Konungen
1895 1346 106 35 fram-

404 1405 87 35 bära
520 1405 80 36 sina
631 1404 230 48 önskningar
888 1404 238 44 härutinnan,
1159 1415 109 36 synes
1298 1402 184 37 utskottet
1511 1401 30 49 ej
1574 1414 87 24 vara
1688 1414 44 23 av
1756 1400 162 37 behovet
1941 1402 59 45 på-

403 1459 126 36 kallat.
588 1458 60 38 Av
692 1459 71 36 den
804 1459 233 36 förestående
1079 1457 250 48 utredningen
1371 1457 162 47 framgår
1573 1455 201 48 mnämligen,
1811 1457 53 33 att
1897 1458 104 32 tomt-

402 1515 228 46 upplåtelser
673 1516 19 33 å
726 1513 283 47 ifrågavarande
1039 1513 149 35 område
1216 1512 119 35 under
1365 1512 44 35 de
1440 1523 129 23 senare
1600 1513 87 32 åren
1716 1509 83 36 icke
1830 1512 63 44 ägt
1920 1521 78 23 rum

402 1568 12 34 i
458 1568 256 36 oroväckande
755 1567 272 47 utsträckning,
1065 1569 94 33 samt
1192 1568 53 33 att
1278 1565 114 47 nödig
1421 1565 116 47 pietet
1566 1565 68 35 och
1664 1563 175 37 omtanke
1869 1563 131 47 ådaga-

401 1623 97 45 lagts
526 1622 13 35 i
568 1622 104 48 fråga
701 1634 57 24 om
789 1621 290 48 användningen
1109 1620 68 37 och
1205 1619 313 37 underhållandet
1547 1631 45 24 av
1612 1618 386 49 Djurgårdsområdet.

402 1677 58 34 Då
487 1676 126 36 härtill
641 1675 177 45 kommer,
851 1679 52 33 att
932 1678 123 44 någon
1084 1675 119 36 bättre
1230 1674 208 47 anordning
1468 1679 46 30 än
1545 1673 72 35 den
1636 1672 217 37 nuvarande
1873 1673 13 34 i
1905 1672 95 47 syfte

402 1733 53 33 att
482 1730 136 37 bevara
647 1730 257 49 Djurgårdens
934 1729 178 36 karaktär
1141 1741 45 24 av
1215 1741 46 23 en
1290 1733 121 43 öppen
1441 1728 68 35 och
1535 1726 198 49 obebyggd
1757 1726 93 48 park
1865 1731 134 42 näppe-

400 1785 102 46 ligen
531 1786 104 35 torde
665 1785 129 35 kunna
823 1785 137 44 träffas,
992 1784 56 36 får
1075 1784 184 36 utskottet
1287 1782 205 46 hemställa,
1521 1784 53 34 att
1602 1781 244 37 förevarande
1863 1780 136 37 motion

399 1838 83 36 icke
513 1841 57 33 må
600 1839 57 35 till
685 1841 124 45 någon
839 1838 130 37 Andra
998 1838 235 36 kammarens
1264 1837 131 47 åtgärd
1422 1836 228 36 föranleda.»

498 1893 72 36 Till
598 1892 202 37 utskottets
829 1893 193 36 utlåtande
1053 1904 65 24 var
1146 1892 111 47 fogad
1288 1903 46 23 en
1363 1890 228 37 reservation
1621 1902 45 24 av
1686 1890 85 35 herr
1791 1888 206 47 Lindqvist,

401 1960 86 32 som,
520 1947 280 45 framhållande,
833 1951 53 33 att
915 1948 118 35 ehuru
1063 1960 44 23 av
1132 1947 201 35 utskottets
1363 1945 202 47 utredning
1580 1943 193 48 framgick,
1801 1946 53 33 att
1873 1942 126 36 risken

399 2002 56 35 för
484 2004 54 33 att
571 2001 256 48 Djurgårdens
864 2003 107 34 södra
1002 2001 60 35 del
1091 2000 121 36 skulle
1240 2000 101 36 bliva
1369 1999 175 48 bebyggd
1572 1999 12 34 i
1614 2011 46 22 en
1690 1998 115 35 sådan
1819 1997 180 36 utsträck-

399 2055 102 48 ning,
533 2058 54 34 att
615 2056 83 36 dess
729 2055 188 48 egenskap
949 2068 44 24 av
1023 2060 120 43 öppen
1173 2054 93 48 park
1296 2054 111 36 därav
1428 2053 127 36 kunde
1570 2052 86 45 lida,
1673 2051 83 37 icke
1772 2054 126 46 syntes
1911 2063 89 25 vara

401 2110 189 45 avsevärd,
637 2112 125 45 ansåg,
810 2113 63 41 att,
907 2110 45 35 då
982 2110 131 47 frågan
1141 2122 51 22 nu
1221 2108 108 37 blivit
1357 2108 108 47 bragt
1493 2110 47 44 på
1569 2107 52 36 tal
1644 2106 97 36 inför
1770 2105 227 47 Riksdagen,

401 2165 62 34 det
502 2163 84 36 icke
628 2176 64 24 var
735 2164 203 47 olämpligt,
981 2166 54 33 att
1063 2163 218 46 Riksdagen
1308 2162 166 36 uttalade
1504 2174 46 22 en
1580 2160 143 36 önskan
1752 2161 12 34 i
1793 2160 206 36 motionens

400 2219 107 46 syfte,
538 2219 69 35 och
637 2217 123 37 därför
784 2218 172 47 föreslog,
990 2221 53 32 att
1071 2218 131 35 Andra
1230 2216 217 36 kammaren
1477 2215 86 37 ville
1591 2215 56 36 för
1676 2214 57 36 sin
1759 2214 59 35 del
1841 2213 157 45 besluta,

399 2272 62 36 det
498 2272 218 47 Riksdagen
758 2272 13 35 i
814 2272 180 36 skrivelse
1038 2271 56 36 till
1142 2272 212 46 Konungen
1407 2270 164 36 uttalade
1625 2270 71 34 den
1744 2268 154 45 önskan,
1935 2272 63 40 att,
