2178 2722
398 233 16 28 6
776 230 214 41 Bevillnings-
999 232 166 31 Utskottets
1188 232 209 31 Betänkande
1423 231 57 32 N:o
1503 231 29 32 4,

951 423 377 41 Reservation:

553 534 101 31 emot
682 529 97 47 3:dje
808 530 166 48 punkten

485 631 40 36 af
550 631 95 37 Herr
684 631 93 38 Sven
814 632 241 49 Magnusson:
1083 632 147 36 »Ehuru
1258 632 191 37 Utskottet
1477 632 196 50 medgifvit
1703 634 74 35 min
1808 633 142 35 motion

353 688 52 31 ett
432 684 94 35 visst
552 684 269 47 berättigande,
852 685 66 35 har
945 684 203 45 Utskottet,
1177 685 119 36 under
1323 684 230 37 förmälande
1583 685 38 36 af
1645 685 45 36 de
1721 684 231 50 svårigheter

353 748 82 21 som
464 741 99 29 möta
591 735 57 35 för
678 737 236 34 utfinnandet
943 736 37 35 af
1005 742 112 29 sättet
1145 736 54 35 för
1227 736 264 35 utkräfvandet
1512 737 69 34 och
1601 737 209 35 kontrollen
1828 735 39 36 af
1879 736 71 35 den

351 785 386 49 stämpelbeläggning
760 786 66 49 jag
845 787 10 33 i
877 786 76 35 min
983 786 141 35 motion
1156 786 149 50 åsyftat,
1334 786 160 50 afstyrkt
1522 787 211 35 densamma
1752 786 83 35 med
1852 787 98 34 erin-

351 850 78 29 ran,
471 837 191 44 harusom,
706 837 47 36 då
793 838 157 48 bolagen
991 847 62 26 äro
1082 838 9 34 i
1121 837 145 37 tillfälle
1299 838 185 47 nedlägga
1512 844 119 30 större
1661 837 200 37 kostnader
1892 836 60 37 för

352 887 162 36 skötseln
556 886 39 37 af
633 890 57 34 sin
723 888 94 36 fasta
846 889 194 46 egendom,
1082 894 129 38 staten,
1240 902 136 35 genom
1405 889 120 36 denna
1553 889 199 48 egendoras
1780 888 172 48 förhöjda

352 938 127 44 värde,
506 939 69 36 bör
603 940 134 42 kunna,
765 941 13 34 i
806 939 95 36 form
931 939 39 37 af
993 941 216 48 bevillning,
1237 941 165 48 påräkna
1430 940 238 48 godtgörelse
1698 940 57 35 för
1783 940 69 35 den
1869 940 81 35 icke

350 990 211 49 betydande
602 991 213 46 minskning
842 992 10 34 i
881 992 268 46 stämpelskatt,
1190 1005 79 22 som
1304 992 244 48 uppkommer
1581 992 211 47 derigenom
1821 996 55 30 att
1904 1004 45 23 en

350 1040 180 51 fastighet
557 1043 169 48 vanligen
748 1044 125 44 längre
901 1050 151 29 stannar
1080 1044 10 34 i
1120 1048 54 30 ett
1201 1043 231 46 aktiebolags
1460 1056 80 35 ego.

487 1092 76 37 Mot
592 1093 121 37 denna
741 1094 209 36 Utskottets
980 1095 146 35 erinran
1153 1095 65 35 vill
1244 1095 65 47 jag
1337 1095 187 44 anmärka,
1542 1099 54 31 att
1613 1095 122 47 hvarje
1751 1107 197 36 represen-

351 1150 82 30 tant
461 1144 63 36 vid
553 1145 209 47 riksdagen,
797 1159 78 22 som
905 1152 72 30 sett
1004 1147 95 34 vissa
1126 1146 331 49 fastighetsbolags
1484 1145 143 48 afröjda
1655 1146 147 47 skogar,
1818 1149 129 39 måste,

350 1197 11 34 i
390 1195 120 36 likhet
550 1196 84 36 med
668 1198 89 48 mig,
785 1204 98 29 sätta
910 1198 120 35 starkt
1058 1198 11 34 i
1097 1197 114 47 fråga,
1242 1197 185 36 huruvida
1454 1197 273 48 egendomarne
1756 1210 79 23 som
1864 1197 87 50 lyda

352 1246 116 35 under
509 1247 168 47 bolagen,
719 1251 45 45 på
805 1249 61 34 det
906 1255 75 29 sätt
1014 1249 45 34 de
1093 1227 173 69 vanligen
1298 1228 208 63 behandlas,
1535 1249 190 43 bibringas
1753 1254 53 29 ett
1834 1248 115 46 högre

350 1297 129 37 värde.
533 1298 59 36 Må
622 1299 119 35 hända
769 1299 109 36 torde
908 1300 68 35 ock
1005 1300 124 35 kunna
1155 1299 246 49 ifrågasättas,
1418 1312 57 23 om
1493 1300 78 35 icke
1586 1280 226 55 industriens
1835 1277 116 69 jemna

349 1349 216 49 utveckling
593 1350 189 36 äfvensom
812 1351 354 47 kapitalbildningen
1196 1352 11 34 i
1237 1354 83 33 vårt
1347 1351 88 35 land
1463 1351 135 35 vunnit
1624 1351 75 35 lika
1725 1351 149 49 mycket
1894 1354 56 44 på,

351 1413 60 22 om
453 1401 288 47 bolagsvurmen
783 1410 97 27 rasat
922 1405 114 43 något
1072 1403 143 34 saktare
1244 1402 69 35 och
1343 1403 223 46 näringarne
1594 1401 71 36 fått
1693 1403 8 34 i
1732 1403 103 46 lugn,
1863 1415 84 22 men

350 1451 83 35 med
466 1452 149 36 säkrare
648 1457 92 43 steg,
778 1459 39 29 så
845 1454 230 46 småningom
1107 1452 117 36 trefva
1251 1454 56 44 sig
1334 1452 144 37 framåt.
1533 1453 67 35 Att
1628 1453 113 35 heller
1768 1453 80 35 icke
1877 1458 72 30 sta-

349 1509 82 28 tens
460 1502 136 36 förlust
622 1516 133 35 genom
787 1505 272 34 aktiebreftvens
1089 1503 170 36 befrielse
1287 1504 80 35 från
1396 1505 169 47 stämpel,
1594 1504 46 35 då
1655 1504 44 35 de
1719 1507 44 43 på
1778 1517 48 35 ny
1842 1516 107 35 egare

347 1553 210 44 öfverlåtas,
586 1562 41 27 är
655 1558 38 32 så
722 1556 104 45 ringa
855 1555 210 58 betydande
1093 1568 77 22 som
1201 1555 192 36 Utskottet
1421 1555 108 35 söker
1556 1562 89 36 göra
1673 1555 138 46 troligt,
1839 1533 110 57 torde

349 1605 158 47 framgå,
537 1618 57 22 om
629 1619 84 21 man
743 1613 68 39 gör
838 1607 54 44 sig
920 1606 135 36 mödan
1085 1619 176 34 genomse
1291 1606 44 35 de
1364 1607 10 33 i
1403 1606 113 35 rikets
1544 1586 253 55 Kammarrätt
1824 1604 125 37 förva-

347 1654 90 37 rade
478 1633 475 71 taxeringshandlingarne,
996 1657 64 35 der
1102 1670 81 23 man
1225 1658 120 35 finner
1381 1657 325 47 taxeringsvärdet
1734 1655 57 37 för
1817 1655 131 49 fastig-

349 1706 115 45 heter,
507 1719 79 23 som
615 1720 84 35 egas
728 1708 38 35 af
798 1708 120 46 bolas,
953 1713 46 42 gå
1028 1722 75 34 upp
1133 1709 54 34 till
1215 1716 90 27 nära
1332 1709 110 34 tretio
1471 1709 201 35 millioner.
1727 1707 132 36 Härtill
1889 1710 59 32 må

348 1757 96 35 dock
472 1758 127 46 läggas
628 1737 131 57 värdet
787 1759 37 35 af
851 1740 54 54 de
923 1760 31 47 ej
985 1759 215 49 obetydliga
1227 1758 226 48 egendomar
1480 1758 121 36 under
1629 1759 114 36 andra
1760 1771 123 31 namn,
1903 1766 45 28 än

348 1807 64 37 det
441 1808 38 36 af
504 1788 148 68 bolaget
679 1816 174 41 antagna,
881 1823 78 24 som
989 1811 88 49 lyda
1106 1810 119 36 under
1252 1823 45 23 en
1325 1810 58 36 del
1412 1809 40 37 af
1464 1811 159 46 bolagen
1641 1811 68 35 och
1727 1823 79 23 som
1823 1787 125 58 kunna

346 1872 90 23 vara
463 1840 157 67 belägna
649 1862 11 33 i
689 1874 120 23 annan
839 1840 136 57 socken
1004 1862 88 36 eller
1120 1862 114 35 härad
1263 1870 44 27 än
1336 1861 70 35 den
1434 1862 89 34 eller
1551 1837 72 74 det,
1653 1862 104 35 hvari
1786 1860 162 36 hufvud-

347 1912 167 34 rörelsen
543 1911 201 44 bedrifves,
774 1913 146 35 hvilkas
948 1913 306 48 taxeringsvärde
1277 1914 65 45 jag
1368 1913 79 35 icke
1475 1912 222 35 medhunnit
1717 1914 11 34 i
1745 1911 203 49 längderna

347 1967 54 30 att
428 1962 177 48 uppsöka.
659 1963 187 47 ”Tillägges
878 1964 100 36 detta
1007 1964 125 40 värde,
1162 1967 39 32 så
1229 1964 129 43 skulle,
1375 1977 59 22 om
1455 1963 258 36 aktiebrefven
1731 1963 95 36 efter
1841 1969 105 29 taxe-

346 2013 238 48 ringsvärdet
625 2012 57 38 för
723 2014 71 36 den
837 2015 108 36 andel
973 2016 10 34 i
1013 2015 69 36 den
1124 2014 93 36 fasta
1255 2015 191 46 egendom,
1489 2027 78 23 som
1598 2014 44 36 de
1680 2020 266 42 representera,

346 2064 213 36 karterades
601 2078 46 22 en
689 2065 94 36 enda
824 2069 108 45 gång,
973 2068 177 46 beloppet
1191 2066 127 35 derför
1350 2070 46 43 gå
1424 2066 147 35 utöfver
1601 2067 158 42 200,000
1788 2066 157 42 kronor;

347 2115 66 35 och
455 2121 53 29 att
549 2129 44 22 en
635 2116 114 36 sådan
790 2130 144 23 summa
961 2117 108 36 äfven
1099 2118 68 34 kan
1199 2130 67 33 ega
1295 2120 121 44 någon
1445 2117 230 57 betydenhet
1702 2116 58 36 för
1788 2129 44 22 en
1860 2122 86 37 stat,

347 2166 64 35 det
453 2166 107 37 hafva
601 2168 33 34 vi
675 2174 172 40 nogsamt
887 2168 126 36 erfarit
1054 2168 61 36 vid
1144 2147 232 70 regleringen
1406 2167 38 36 af
1468 2168 200 36 riksstaten
1696 2167 120 36 under
1843 2170 40 33 år
1911 2145 39 57 af

346 2225 120 27 sämre
503 2197 284 69 konjunkturer.
839 2219 85 35 Men
954 2219 106 36 äfven
1091 2232 59 22 om
1181 2232 81 21 man
1292 2220 120 34 skulle
1441 2232 88 23 anse
1558 2225 140 29 statens
1725 2218 135 36 förlust
1889 2217 57 36 för

346 2268 204 48 obetydlig,
591 2272 39 32 så
669 2277 39 27 är
741 2269 95 35 dock
871 2269 39 36 af
943 2272 79 46 vigt
1051 2276 54 29 att
1134 2270 115 35 ändra
1279 2276 53 29 ett
1360 2270 214 48 stadgande,
1603 2283 92 31 som,
1723 2269 122 36 under
1872 2269 74 35 lika

346 2319 258 38 förhållanden
633 2321 11 35 i
672 2320 123 49 öfrigt,
837 2334 146 36 gynnar
1025 2322 72 36 den
1138 2334 66 23 ena
1235 2321 269 49 medborgaren
1535 2334 78 25 mer
1641 2329 43 28 än
1714 2320 72 37 den
1814 2319 127 37 andra.
