1892 2828
120 867 147 25 Utskottet.

298 159 17 28 2
757 161 276 29 Bankoutskottets
1055 162 158 28 utlåtande
1234 163 44 27 Nr
1299 163 47 28 39.

298 237 118 40 göring
438 239 80 30 eller
539 242 83 27 utan
644 240 110 39 giltigt
775 241 118 31 förfall
914 241 143 31 avhållit
1079 242 49 39 sig
1149 241 79 31 från
1250 242 237 40 tjänstgöring.
1522 244 163 31 Däremot
1708 246 77 29 sker

298 290 30 38 ej
351 291 128 39 avdrag
502 292 10 29 i
537 292 221 39 tjänstetiden
780 294 54 30 för
856 294 58 36 tid,
938 295 172 30 varunder
1132 295 211 39 tjänsteman
1365 295 141 40 åtnjutit
1528 297 258 40 tjänstledighet

298 342 43 39 på
363 345 110 37 grund
494 354 51 26 av,
567 345 106 31 bland
693 350 117 32 annat,
831 347 175 40 offentligt
1025 348 167 39 uppdrag.

340 397 244 40 Huvudregeln
607 398 55 32 för
686 399 360 41 tjänstårsberäkning
1068 401 103 39 enligt
1194 401 513 41 tjänstepensionsreglementet
1731 404 54 31 för

298 450 154 30 arbetare
474 452 47 34 är,
545 454 48 27 att
615 452 58 35 tid,
698 453 111 29 under
831 453 114 30 vilken
968 454 156 30 arbetare
1145 454 76 30 före
1241 453 207 40 uppnående
1471 465 42 21 av
1537 456 145 39 stadgad
1705 466 80 30 pen-

298 502 187 31 sionsålder
510 511 123 31 genom
657 505 294 40 pensionsavdrag
975 506 149 40 bidragit
1147 507 51 30 till
1224 507 53 30 sin
1301 507 250 39 pensionering,
1578 508 54 31 får
1656 510 128 29 räknas

298 555 128 30 honom
445 556 51 30 till
515 557 87 38 godo
620 557 54 30 för
692 558 155 38 pension.
879 559 210 39 Härigenom
1107 559 110 37 ernås,
1237 563 50 27 att
1305 560 145 39 tjänstår
1469 561 65 30 och
1558 562 224 39 »avdragsår»

300 608 10 29 i
330 611 83 28 stort
433 612 63 27 sett
515 610 141 30 komma
676 613 49 27 att
745 612 254 30 sammanfalla.
1021 612 270 30 Bestämmelsen
1311 612 10 30 i
1340 612 99 40 fråga
1459 623 100 29 synes
1578 615 45 30 bl.
1645 624 30 21 a.
1696 615 90 30 hava

298 662 169 39 betingats
491 672 42 21 av
556 663 275 31 administrativa
854 665 85 35 skäl,
963 665 10 30 i
998 664 55 31 det
1076 668 49 28 att
1148 666 161 30 förandet
1332 675 43 21 av
1398 666 67 31 den
1488 667 297 39 tjänstematrikel,

299 725 73 20 som
392 716 88 30 skall
498 716 115 31 finnas
632 718 154 38 upplagd
805 717 53 31 för
877 721 49 27 att
945 718 96 39 tjäna
1060 718 50 31 till
1128 719 140 39 ledning
1287 719 58 31 vid
1363 719 170 40 prövning
1551 730 42 21 av
1612 722 173 30 arbetares

298 769 239 39 pensionsrätt,
562 770 201 39 därigenom
786 772 155 29 avsevärt
964 771 185 31 förenklas.

342 864 119 32 Såsom
481 875 43 21 av
543 867 65 30 den
627 868 163 30 lämnade
809 869 239 39 redogörelsen
1067 869 163 40 framgår,
1251 871 80 38 äger
1351 870 58 30 vid
1429 869 356 40 tjänstårsberäkning

298 918 102 39 enligt
426 919 101 30 civila
553 919 513 41 tjänstepensionsreglementet
1090 923 129 38 avdrag
1244 923 76 31 icke
1344 933 78 21 rum
1447 924 55 30 för
1527 923 59 36 tid,
1613 922 172 30 varunder

298 970 255 41 tjänstledighet
575 972 157 40 åtnjutits
755 974 44 40 på
822 975 110 38 grund
955 985 42 20 av
1020 976 174 39 offentligt
1215 976 167 39 uppdrag,
1408 976 126 30 medan
1556 976 156 30 däremot
1734 974 51 30 så-

299 1024 83 30 dant
397 1025 129 39 avdrag
542 1027 96 37 göres
654 1027 106 39 enligt
776 1027 512 40 tjänstepensionsreglementet
1303 1029 54 30 för
1373 1030 164 30 arbetare.
1554 1029 123 30 Denna
1694 1028 92 30 skill-

297 1078 68 29 nad
390 1079 96 29 torde
510 1080 154 30 närmast
689 1081 276 39 sammanhänga
990 1082 79 30 med
1094 1082 41 30 de
1160 1082 93 30 olika
1279 1085 137 36 system,
1443 1092 74 20 som
1544 1082 89 39 gälla
1658 1080 127 31 beträf-

298 1130 103 31 fande
427 1131 403 45 tjänstårsberäkningen
855 1134 105 39 enligt
986 1135 41 30 de
1074 1134 91 31 båda
1190 1135 263 39 reglementena,
1480 1135 10 30 i
1516 1135 56 30 det
1596 1138 50 27 att
1671 1134 114 43 denna

297 1184 190 39 beräkning
517 1186 103 38 enligt
650 1186 101 31 civila
781 1187 512 40 tjänstepensionsreglementet
1322 1189 170 38 anknyter
1521 1188 51 30 till
1601 1188 185 30 innehavet

299 1247 42 20 av
358 1238 66 30 den
442 1238 401 41 pensionsberättigande
860 1241 239 39 befattningen
1116 1260 43 3 —
1176 1242 80 30 med
1274 1242 129 39 avdrag
1421 1241 54 31 för
1494 1241 58 36 tid,
1573 1241 44 31 då
1634 1251 43 20 av
1695 1240 91 31 vissa

298 1291 147 39 angivna
470 1292 226 39 anledningar
721 1293 228 40 tjänstgöring
973 1294 32 39 ej
1030 1293 172 40 fullgjorts
1226 1313 45 3 —
1294 1295 126 30 medan
1447 1295 105 39 enligt
1577 1294 208 39 tjänstepen-

299 1344 313 40 sionsreglementet
635 1346 54 30 för
713 1347 155 30 arbetare
891 1346 412 40 tjänstårsberäkningen,
1328 1351 131 27 oavsett
1481 1348 172 30 huruvida
1677 1347 109 39 själva

300 1398 253 40 anställningen
579 1399 124 30 fortfar
729 1400 80 30 eller
835 1400 40 38 ej,
902 1400 129 31 hänför
1057 1400 49 39 sig
1131 1401 146 30 allenast
1302 1401 51 30 till
1379 1401 59 35 tid,
1466 1400 44 31 då
1535 1400 45 40 på
1605 1401 113 39 grund
1744 1409 42 21 av

299 1451 154 39 fullgjort
484 1452 115 30 arbete
628 1452 294 40 pensionsavdrag
953 1453 20 30 å
1003 1453 206 39 avlöningen
1241 1454 57 38 ägt
1328 1463 86 21 rum.
1457 1454 117 39 Enligt
1603 1454 183 30 utskottets

298 1505 138 39 mening
462 1506 70 29 kan
558 1506 55 30 det
638 1506 191 30 emellertid
854 1509 84 27 trots
965 1507 153 30 nämnda
1144 1506 189 31 åtskillnad
1357 1506 230 40 ifrågasättas,
1614 1506 172 31 huruvida

299 1558 30 39 ej
345 1559 186 39 anledning
546 1559 190 30 förefinnes
751 1563 49 26 att
815 1561 84 29 söka
914 1559 241 31 åstadkomma
1172 1559 109 31 sådan
1296 1560 146 39 ändring
1457 1561 10 29 i
1484 1560 302 39 tjänstepensions-

298 1612 220 38 reglementet
544 1612 54 30 för
624 1613 166 35 arbetare,
819 1616 49 27 att
895 1613 222 39 likställighet
1143 1609 128 34 mellan
1300 1614 209 38 tjänstemän
1537 1614 64 30 och
1631 1614 156 29 arbetare

300 1664 249 40 åvägabringas
578 1665 221 31 beträffande
826 1667 111 29 rätten
966 1666 53 30 till
1047 1665 357 41 tjänstårsberäkning
1432 1666 55 31 för
1516 1666 59 37 tid,
1605 1666 45 31 då
1679 1666 109 30 under

301 1718 106 39 själva
436 1719 271 39 anställningens
736 1719 153 30 fortvaro
918 1719 383 40 anställningshavaren
1329 1719 45 40 på
1403 1720 112 39 grund
1543 1730 41 20 av
1613 1720 175 38 offentligt

300 1772 155 39 uppdrag
476 1772 31 39 ej
528 1771 126 39 fullgör
676 1772 238 40 tjänstgöring.
949 1773 53 30 En
1023 1772 121 40 åtgärd
1163 1773 11 30 i
1195 1772 110 31 sådan
1325 1773 153 39 riktning
1499 1774 96 30 torde
1615 1774 174 38 knappast

300 1826 132 30 behöva
450 1826 10 29 i
479 1826 193 30 nämnvärd
689 1825 84 30 mån
791 1826 137 30 minska
947 1827 42 30 de
1008 1827 149 30 fördelar
1175 1836 41 21 ur
1234 1826 254 31 administrativ
1507 1827 186 39 synpunkt,
1713 1835 75 21 som

300 1889 81 19 man
402 1880 90 29 velat
513 1878 81 31 ernå
616 1887 125 31 genom
762 1880 200 30 nuvarande
983 1880 102 30 enkla
1106 1880 108 39 regler
1235 1879 55 31 för
1311 1879 401 40 tjänstårsberäkningen
1734 1879 55 30 för

301 1933 162 30 arbetare.
496 1933 74 29 Den
588 1933 160 30 närmare
767 1932 182 39 utredning
970 1943 43 20 av
1031 1932 133 40 frågan,
1185 1943 75 20 som
1279 1933 172 30 erfordras
1470 1933 74 30 före
1562 1933 227 30 utarbetande

300 1995 42 20 av
359 1985 129 39 förslag
507 1985 50 30 till
573 1985 425 39 författningsändringar,
1017 1995 100 30 synes
1135 1986 191 30 emellertid
1342 1987 84 30 böra
1444 1987 201 30 verkställas
1665 1994 123 31 genom

302 2039 121 39 Kungl.
450 2038 118 39 Maj:ts
592 2038 145 40 försorg.
776 2039 170 30 Utskottet
971 2040 64 29 har
1059 2039 117 31 därför
1201 2042 113 28 ansett
1340 2040 49 38 sig
1414 2040 83 30 böra
1523 2039 190 31 inskränka
1739 2039 49 39 sig

302 2093 50 29 till
370 2095 48 28 att
437 2093 140 30 förorda
596 2102 42 20 en
657 2092 208 31 hemställan
885 2092 79 31 från
983 2093 201 39 riksdagens
1204 2093 74 30 sida
1298 2103 57 20 om
1373 2093 183 39 utredning
1575 2093 65 30 och
1660 2093 130 38 förslag

302 2145 8 30 i
334 2146 124 30 ämnet.

345 2233 47 31 På
412 2226 112 47 grund
542 2235 106 30 härav
667 2234 199 31 hemställer
885 2235 175 36 utskottet,

653 2327 50 27 att
724 2324 194 39 riksdagen,
942 2325 10 29 i
975 2323 186 40 anledning
1185 2331 42 24 av
1251 2325 226 30 förevarande
1499 2323 133 31 motion
1655 2324 45 30 II:
1715 2324 74 32 461,

609 2376 57 31 må
693 2377 11 29 i
733 2377 161 30 skrivelse
922 2377 51 30 till
1002 2377 121 39 Kungl.
1154 2374 100 42 Maj:t
1281 2377 150 37 anhålla,
1460 2381 49 27 att
1538 2370 122 45 Kungl.
1690 2369 100 46 Maj:t

610 2429 88 36 ville,
724 2429 10 30 i
761 2431 341 29 överensstämmelse
1125 2430 80 30 med
1229 2427 68 34 väd
1321 2432 166 29 utskottet
1510 2440 90 21 ovan
1624 2418 167 52 förordat,

610 2481 70 31 låta
704 2483 184 30 verkställa
912 2483 218 39 utredning
1118 2473 21 55 i
1155 2483 99 39 fråga
1278 2494 57 20 om
1358 2479 153 35 ändrade
1533 2477 259 36 bestämmelser
