2242 2634
290 223 62 29 254
1136 225 139 36 Elfsborgs
1297 226 52 27 län.

2084 330 68 42 22

2042 408 102 39 så

1833 448 25 52 2
1942 449 202 56 FIS

348 492 98 42 Härad.
551 497 107 26 Socken.
992 496 331 33 Egendomens
1369 504 136 18 namn.
1833 503 17 42 =
1938 489 29 68 Ez
2035 493 155 55 öl

1833 548 18 27 =
1942 554 25 16 =
2076 554 25 18 ov

1832 577 6 6 .
2084 574 28 31 =”
2122 571 29 39 e&

2076 608 75 20 =]

2132 629 5 11 '

2025 676 97 24 Kronor
2137 666 4 50 |

2187 729 2 18 |

1617 760 157 37 Transport
1850 779 41 3 —
1959 779 41 3 —
2092 779 91 3 —I—

331 803 131 37 Kulliogs
492 796 21 54 |
539 801 133 39 Alingsås
698 796 21 54 |
739 810 9 20 1
772 802 138 36 Fagerlid,
932 802 130 35 indraget
1084 800 295 46 kronofogdeboställe
1519 825 83 4 0...
1876 802 121 40 13
2093 811 96 13 ——

772 846 67 20 Anm.
875 843 88 23 Derest
982 842 158 24 arrendatorn
1160 842 65 23 inom
1245 842 46 23 den
1313 844 11 21 1
1345 842 111 24 Oktober
1477 843 63 24 1897
1560 826 99 48 uppför
1663 826 29 49 MN
1707 826 68 42 ladu-

872 875 59 32 gård
955 876 38 23 vid
1013 878 81 29 torpet
1113 875 147 31 Sågsvedjan
1280 876 46 23 och
1346 876 67 23 inom
1432 876 45 23 den
1499 879 10 21 1
1530 876 111 25 Oktober
1661 879 63 23 1899
1743 886 30 23 ny

873 910 149 31 drängstuga
1054 909 39 24 vid
1121 908 195 32 hufvudgården,
1344 908 108 32 åtnjuter
1479 909 54 27 han,
1559 909 100 31 jemlikt
1686 912 87 31 Kongl.

872 943 229 31 Domänstyrelsens
1128 943 80 24 beslut
1235 943 45 23 den
1309 944 32 24 28
1369 943 134 24 December
1533 944 71 30 1895,
1633 945 140 31 afkortning

872 977 55 23 med
955 978 46 23 277
1029 977 91 23 kronor
1146 975 13 25 å
1187 977 44 23 den
1260 977 182 31 arrendeafgift,
1468 985 50 16 som
1543 963 111 39 förfaller
1677 979 37 24 till
1733 979 40 24 be-

872 1011 95 31 taloing
986 1012 107 22 närmast
1112 1011 61 23 efter
1193 1011 40 23 det
1251 1010 173 32 byggnaderna
1443 1011 80 23 blifvit
1543 1011 123 32 insynade.

550 1055 107 29 Fölene
736 1062 14 20 2
771 1054 96 28 Fölene
890 1052 165 39 Backegård,
1077 1054 130 36 indraget
1229 1052 227 31 furirsboställe..
1566 1078 70 5 senses
1870 1055 19 29 8
1983 1055 13 28 1
2091 1073 96 10 —|—

560 1097 90 29 Södra
736 1104 14 20 3|
771 1096 117 29 Fölened
909 1095 163 38 Nolgården,
1094 1096 44 28 d:o
1161 1095 293 29 hofsmedsboställe
1431 1091 27 47 ..
1609 1092 15 46 vn.
1871 1097 18 29 6
1984 1097 11 29 1
2091 1115 91 3 ——

546 1140 116 28 Härene
771 1140 65 21 Anm.
873 1138 88 23 Derest
983 1137 159 24 arrendatorn
1165 1137 64 23 inom
1254 1137 45 23 den
1321 1139 9 21 1
1353 1120 113 41 Oktober
1483 1120 71 42 1897
1565 1139 38 22 vid
1624 1121 147 48 egendomen

872 1172 90 31 uppför
995 1179 30 23 ny
1055 1170 106 24 visthus-
1188 1170 44 23 och
1261 1170 169 31 bodbyggnad,
1457 1170 109 32 åtnjuter
1594 1172 55 28 han,
1674 1172 98 31 jemlikt

872 1205 87 31 Kongl.
979 1204 229 31 Domänstyrelsens
1227 1204 80 23 beslut
1321 1205 45 23 den
1383 1205 28 23 17
1426 1205 100 24 Januari
1544 1207 72 28 1896,
1631 1192 140 44 afkortning

872 1238 12 24 å
910 1238 112 24 arrendet
1048 1238 54 23 med
1127 1239 49 23 800
1199 1238 98 28 kronor,
1317 1240 36 21 att
1372 1238 50 24 lika
1440 1239 104 24 fördelas
1563 1238 30 33 på
1612 1239 29 24 de
1660 1241 112 23 arrende-

872 1273 107 31 afgifter,
1003 1280 52 16 som
1080 1272 36 23 till
1137 1272 124 30 betalning
1281 1272 98 23 förfalla
1399 1275 120 21 närmaste
1539 1275 14 22 4
1573 1272 57 25 åren
1650 1274 61 23 efter
1729 1282 42 23 ny-

871 1306 154 31 byggnadens
1045 1305 183 31 godkännande.

939 1338 129 32 Angående
1082 1339 187 31 arrendeafdrag
1284 1340 38 23 för
1335 1347 77 16 annan
1428 1339 185 32 nybyggnad,
1588 1334 25 43 se
1627 1341 144 32 anteckning

871 1374 7 23 i
898 1373 66 23 äldre
984 1373 163 31 förteckning.

569 1412 69 45 Hols
734 1423 14 20 4|
769 1417 167 35 Hallestorp,
959 1416 130 36 indraget
1111 1415 230 36 profossboställe
1873 1417 12 28 1
1960 1416 36 40 1,
2089 1434 91 3 ——

754 1454 83 54 fekaa
873 1457 174 27 Arrendatorn,
1066 1465 51 15 som
1139 1457 37 23 vid
1196 1456 148 31 egendomen
1366 1458 99 31 uppfört
1484 1461 35 20 ett
1539 1441 53 48 nytt
1607 1442 163 49 boningshus,

871 1490 115 31 ätnjuter,
1002 1490 99 31 jemlikt
1121 1490 86 31 Kongl.
1226 1490 230 31 Domänstyrelsens
1470 1491 79 24 beslut
1564 1493 45 23 den
1626 1496 28 21 12
1668 1494 101 23 Januari

871 1526 72 28 1894,
967 1524 143 31 afkortning
1134 1522 13 25 å
1170 1524 28 24 de
1218 1524 211 30 arrendeafgifter,
1448 1534 51 15 som
1519 1525 38 24 till
1577 1526 125 32 betalning
1721 1527 49 24 för-

832 1552 10 10 ”
870 1558 57 23 falla
958 1557 56 25 åren
1048 1559 174 27 1896—1901,
1241 1558 53 24 med
1322 1560 50 23 350
1399 1559 89 24 kronor
1515 1558 93 33 årligen
1636 1561 59 24 eller
1721 1561 49 24 till-

869 1600 121 15 sammans
1009 1593 74 28 2,100
1102 1592 97 24 kronor.

560 1634 85 30 Siene
735 1630 31 46 5:
769 1634 179 37 Mångskolm,
969 1635 133 36 indraget
1123 1634 334 37 kompanichefsboställe
1606 1662 4 2 z
1870 1636 13 28 1
1979 1636 12 28 1
2088 1652 91 3 ——

769 1679 66 21 Anm.
872 1675 130 32 Angående
1021 1676 189 38 arrendeafdrag
1237 1677 38 23 för
1299 1676 117 32 nyodling
1435 1677 44 24 och
1497 1662 168 47 täckdikning,
1678 1662 20 2 s
1685 1687 24 15 se
1728 1687 41 16 an-

546 1706 114 38 Norska
869 1710 143 30 teckningar
1030 1710 8 23 i
1057 1710 66 23 äldre
1143 1710 160 30 förteckning.

512 1752 180 37 Skogsbygds
703 1747 15 46 |
734 1759 13 20 6|
768 1753 124 36 Bögared
913 1751 148 38 Lillegård,
1083 1753 132 36 indraget
1236 1753 316 36 trumpetareboställe..
1867 1754 18 28 20
1958 1753 35 40 Mm
2087 1769 91 3 ——

317 1793 147 30 Gäseneds
574 1795 58 28 Hof
734 1800 12 22 71
768 1795 161 36 Kläckened,
951 1795 220 28 kronohemman
1216 1818 114 4 =...
1869 1796 13 27 1
1978 1796 12 27 1
2087 1811 91 3 ——

733 1843 14 21 8)
773 1836 72 38 Ubby
871 1813 153 64 Storegård,
1046 1837 131 36 indraget
1199 1818 292 55 fanjunkareboställe
1870 1838 12 28 1
1978 1838 14 27 1
2087 1853 87 3 ——

531 1878 142 37 Källunga
696 1870 20 52 |
734 1885 13 21 9|
768 1879 159 35 Fateburen,
950 1879 44 29 d:o
1017 1878 299 30 förareboställe........
1492 1904 26 4 -
1761 1906 4 4 .
1868 1879 13 29 1
1955 1878 38 41 ys
2086 1895 92 4 NN

768 1931 66 21 Anm.
872 1929 88 23 Derest
987 1928 158 23 arrendatorn
1174 1928 37 23 vid
1240 1904 154 56 egendomen
1414 1904 90 57 uppför
1528 1938 29 15 en
1576 1938 30 23 ny
1593 1905 4 4 y
1622 1905 145 57 ladugårds-

869 1962 120 31 byggnad,
1013 1960 108 32 åtnjuter
1145 1962 54 25 han,
1216 1961 98 32 jemlikt
1335 1963 86 31 Kongl,
1442 1964 227 31 Domänstyrelsens
1689 1965 78 23 beslut

868 1996 45 23 den
935 1997 29 22 12
983 1995 100 24 Januari
1104 1997 71 27 1894,
1195 1997 141 30 afkortning
1355 1995 13 25 å
1387 1997 111 24 arrendet
1517 1998 54 24 med
1593 1999 68 27 1,321
1677 1998 90 24 kronor

869 2031 31 22 40
927 2031 50 28 öre,
1005 2031 35 22 att
1067 2029 50 23 lika
1143 2030 104 23 fördelas
1271 2029 12 24 å
1307 2030 28 24 de
1357 2032 30 22 10
1406 2032 53 22 näst
1477 2032 61 23 efter
1557 2032 155 31 byggnadens
1731 2032 35 23 in-

868 2063 105 31 synande
992 2063 38 23 till
1049 2063 125 31 betalning
1194 2064 145 24 förfallande
1359 2064 210 30 arrendeafgifter.

522 2105 156 37 Eriksberg
714 2112 32 20 10!
765 2106 144 37 Björstorp
934 2104 154 39 Storegård,
1109 2107 131 36 indraget
1262 2106 297 31 fältväbelsboställe...
1868 2106 13 29 Yo
1954 2106 38 40 v,
2085 2122 91 3 ——

714 2154 27 21 11
766 2148 148 37 Eriksberg
937 2147 189 38 Kampagård,
1148 2149 44 28 d:0
1215 2149 343 36 trumslagareboställe
1529 2143 61 46 .....
1614 2174 25 4 ..
1814 2148 69 34 1,20
1953 2147 38 40 3
2085 2164 90 3 ——

767 2192 67 21 Anm.
871 2188 100 25 Försåld
991 2189 53 24 med
1064 2189 173 24 tillträdesrätt
1256 2190 45 24 den
1323 2192 29 22 14
1371 2190 67 24 Mars
1454 2192 61 23 1897
1530 2174 40 41 för
1581 2174 74 46 6,310
1667 2174 98 42 kronor.

505 2230 193 38 Mjelldrunga
713 2238 8 20 1
731 2226 28 48 2|
765 2232 96 37 Jäder,
883 2233 130 36 indraget
1035 2233 267 36 sergeantsboställe
1868 2233 13 28 1
1953 2231 39 40 3,
2084 2248 91 4 —

1609 2301 157 38 Transport
