2190 2610
419 142 19 30 [Ce

780 146 397 33 Jordbruksutskottets
1210 149 186 32 utlåtande
1429 150 53 31 Nr
1505 151 20 30 9
1538 150 39 32 B.

164 211 171 60 Hovbeslags-
507 221 73 49 3:o)
608 221 128 38 Under
776 221 124 50 punkt
928 224 21 34 3
979 223 67 36 har
1073 223 143 49 Kungl.
1246 224 107 50 Maj:t
1381 225 197 50 föreslagit
1604 227 203 52 riksdagen
1837 235 56 32 att
1920 231 55 37 för

175 259 153 73 sera
376 272 185 38 täckande
594 287 47 23 av
668 273 173 37 motsedd
869 273 96 37 brist
990 274 64 36 vid
1082 274 367 50 hovbeslagsskolan
1476 278 64 37 vid
1567 278 146 51 Alnarp
1741 282 58 36 för
1829 284 97 35 1922
1956 286 20 34 å

217 333 68 45 r3.]
329 319 16 64 —
376 323 232 51 tilläggsstat
636 325 58 36 för
722 338 144 23 samma
895 328 41 34 år
963 325 131 38 anvisa
1121 332 55 31 ett
1202 327 308 50 förslagsanslag,
1531 329 129 50 högst,
1692 334 111 45 1,500
1822 334 150 37 kronor.

218 370 11 8 i
504 375 266 49 Utredningen
788 376 13 36 i
820 377 155 49 ärendet
993 378 204 37 återfinnes
1217 381 20 34 å
1257 379 69 37 sid.
1349 382 23 34 2
1392 381 71 36 och
1483 383 21 34 3
1520 381 12 36 i
1547 383 425 49 statsrådsprotokollet.

505 426 124 38 Sedan
670 428 206 49 riksdagen
917 429 118 37 under
1076 429 92 37 flera
1208 433 41 34 år
1288 432 151 36 anvisat
1467 433 135 49 anslag
1630 436 21 34 å
1678 440 105 31 extra
1811 442 76 30 stat
1914 437 57 37 till

374 478 365 49 hovbeslagsskolan
781 480 64 36 vid
872 481 146 49 Alnarp
1047 487 129 31 senast
1203 482 59 37 för
1292 484 98 35 1918
1419 484 85 37 med
1532 490 55 31 ett
1614 485 137 51 belopp
1781 500 47 23 av
1857 489 116 47 4,500

373 529 152 49 kronor,
561 531 187 49 uppförde
779 533 98 35 1918
907 535 60 34 års
994 533 159 49 lagtima
1180 533 159 50 riksdag
1367 535 120 37 under
1515 536 263 49 anslagstiteln
1810 539 163 37 »under-

372 581 357 50 visningsanstalter
769 583 59 37 för
863 583 187 48 jordbruk
1092 585 72 36 och
1204 585 427 51 lantmannanäringar»
1674 589 57 36 för
1758 589 215 39 ändamålet

371 633 198 37 enahanda
611 633 136 51 belopp
776 637 124 34 såsom
930 636 185 37 ordinarie
1144 637 143 49 anslag.
1343 637 58 37 Då
1430 639 208 37 emellertid
1667 640 101 37 detta
1797 643 174 49 anslags-

370 684 137 50 belopp
549 685 56 37 till
646 686 95 49 följd
782 700 47 23 av
857 686 174 50 dyrtiden
1059 688 101 37 visat
1188 688 61 50 sig
1276 689 261 50 otillräckligt,
1567 691 197 38 anvisades
1792 706 48 23 av
1871 696 99 35 1919

369 738 60 34 årg
457 737 159 48 lagtima
643 737 156 51 riksdag
827 739 56 36 till
912 739 183 37 täckande
1124 753 46 23 av
1193 740 260 49 uppkommen
1482 743 71 36 och
1581 743 173 37 motsedd
1783 743 96 38 brist
1907 746 64 37 vid

369 787 135 37 skolan
532 789 121 36 under
693 792 88 35 åren
826 792 98 35 1918
962 791 67 36 och
1063 792 97 36 1919
1187 794 20 34 å
1234 792 236 50 tilläggsstat
1497 794 59 36 för
1582 795 237 38 sistnämnda
1846 799 43 34 år
1917 802 55 32 ett

369 840 135 49 anslag
532 854 46 23 av
620 842 113 46 5,000
773 842 151 37 kronor.
979 842 153 38 Jämväl
1161 843 58 37 för
1246 848 54 32 ett
1328 851 85 30 vart
1441 858 48 23 av
1518 848 89 34 åren
1639 848 98 36 1920
1766 848 72 37 och
1872 850 95 36 1921

368 891 207 49 beviljades
616 893 132 37 skolan
790 896 21 34 å
844 893 236 49 tilläggsstat
1108 900 53 31 ett
1193 895 136 50 belopp
1359 909 47 24 av
1436 897 112 46 2,500
1576 898 140 37 kronor
1743 902 125 34 såsom
1897 900 74 37 för-

368 942 253 51 slagsanslag,
650 945 124 48 högst.

181 1042 130 56 Utskottet.
497 1047 59 36 Av
584 1048 253 50 utredningen
865 1050 12 35 i
901 1050 154 36 ärendet
1074 1050 69 36 har
1167 1051 186 37 utskottet
1374 1051 125 38 funnit
1517 1053 217 49 ådagalagt,
1755 1059 55 31 att
1831 1055 138 47 jämväl

369 1099 58 35 för
458 1100 96 35 1922
585 1105 54 30 ett
667 1100 296 49 tilläggsanslag
990 1103 107 35 torde
1124 1115 91 23 vara
1242 1102 254 50 erforderligt.

496 1150 348 51 Anslagsbeloppet
873 1152 212 37 föranleder
1112 1153 83 36 icke
1224 1156 126 46 någon
1378 1154 202 38 utskottets
1608 1157 161 36 erinran.

496 1236 195 38 Utskottet
719 1237 226 46 hemställer,
963 1239 127 37 därför
1117 1240 120 37 under
1263 1240 236 50 hänvisning
1527 1242 120 37 tillika
1675 1242 57 37 till
1759 1244 74 36 vad
1853 1250 113 32 stats-

366 1288 187 37 utskottet
589 1289 11 35 i
638 1288 121 50 punkt
798 1292 18 34 1
856 1304 47 23 av
944 1291 66 37 sitt
1051 1305 47 23 av
1135 1292 203 48 riksdagen
1366 1293 205 48 godkända
1598 1294 193 38 utlåtande
1819 1309 45 23 nr
1897 1298 18 35 1
1940 1298 27 35 A

366 1339 126 37 anfört
512 1340 196 49 angående
727 1341 45 36 de
792 1347 29 31 s:
838 1342 36 36 k.
892 1343 489 50 förstärkningsanslagens
1396 1344 322 50 budgettekniska
1731 1347 237 51 behandling

898 1417 54 31 att
979 1412 208 49 riksdagen
1214 1415 60 34 må
1302 1413 59 36 för
1389 1413 185 38 täckande
1602 1428 48 22 av
1678 1416 173 37 motsedd
1872 1416 97 38 brist

768 1462 63 36 vid
871 1463 365 49 hovbeslagsskolan
1264 1464 62 37 vid
1355 1465 146 49 Alnarp
1529 1466 59 36 för
1619 1468 96 35 1922
1745 1470 20 34 å
1793 1468 175 50 tilläggs-

767 1520 75 30 stat
882 1515 60 36 för
982 1528 144 24 samma
1167 1518 40 34 år
1242 1515 132 37 anvisa
1411 1522 54 30 ett
1502 1517 309 50 förslagsanslag,
1841 1519 125 50 högst,

770 1566 112 46 1,500
911 1566 149 36 kronor.

159 1668 162 59 ars
500 1667 74 49 4:o0)
602 1667 17 36 I
661 1668 169 49 enlighet
871 1669 85 36 med
994 1670 140 49 Kungl.
1164 1671 125 49 Maj:ts
1318 1671 147 49 förslag
1492 1671 70 37 och
1590 1673 119 36 under
1736 1674 233 50 hänvisning

212 1711 68 74 [4]
322 1722 6 6 "
370 1719 56 36 till
454 1719 72 36 vad
554 1719 185 37 utskottet
767 1720 119 37 under
913 1721 122 49 punkt
1063 1723 49 35 43
1141 1722 12 36 i
1182 1722 65 37 sitt
1274 1722 195 37 utlåtande
1496 1737 44 22 nr
1568 1726 21 34 9
1618 1724 33 36 A
1681 1725 124 37 anfört
1834 1727 57 35 får
1910 1733 58 30 ut-

256 1767 6 7 |
371 1770 142 37 skottet
541 1770 208 48 hemställa,

900 1830 56 31 att
995 1825 208 49 riksdagen
1244 1828 60 33 må
1335 1826 57 35 till
1420 1827 216 48 reparation
1665 1829 71 35 och
1763 1829 204 50 inredning

768 1889 46 22 av
854 1875 338 50 bostadslägenhet
1231 1890 45 23 av
1309 1877 321 50 stallbyggnaden
1659 1881 21 35 å
1709 1880 71 37 den
1813 1881 57 36 till
1902 1882 64 36 Al-

767 1940 114 36 narps
923 1927 226 49 trädgårdar
1185 1929 166 36 hörande
1386 1929 164 50 Alnarps
1581 1930 235 50 Mellangård
1844 1935 22 34 å
1894 1933 73 36 till-

766 1979 191 48 läggsstat
985 1980 59 36 för
1088 1982 97 35 1922
1227 1981 132 36 anvisa
1401 1986 54 31 ett
1495 1982 312 51 förslagsanslag,
1836 1984 126 49 högst,

769 2032 138 45 10,000
936 2031 149 37 kronor.

141 2070 206 67 Frid

141 2106 61 79 ånra
220 2110 129 58 öht
498 2132 74 49 5:o)
599 2132 127 37 Under
767 2133 122 49 punkt
931 2136 20 34 5
994 2133 67 37 har
1097 2134 143 48 Kungl.
1276 2135 109 49 Maj:t
1417 2136 196 50 föreslagit
1640 2138 204 49 riksdagen
1873 2144 55 31 att
1955 2140 11 36 i

144 2178 82 60 mid
227 2179 104 59 län&
368 2183 161 38 avbidan
570 2186 48 47 på
655 2184 72 37 den
762 2186 237 48 proposition
1032 2187 196 47 angående
1256 2186 285 51 dyrtidstillägg
1568 2191 37 34 åt
1630 2189 119 38 lärare
1776 2190 65 37 vid
1870 2190 97 37 lant-

148 2233 191 41 lanthushålls-
368 2235 279 48 Mannaskolor,
685 2236 381 38 lanthushållsskolor
1103 2237 72 37 och
1202 2238 345 50 lantbruksskolor,
1575 2253 82 24 som
1686 2241 143 49 Kungl.
1859 2242 107 49 Maj:t
