<?xml version="1.0" encoding="UTF-8"?>
<alto xmlns="http://www.loc.gov/standards/alto/ns-v3#" xmlns:xlink="http://www.w3.org/1999/xlink" xmlns:xsi="http://www.w3.org/2001/XMLSchema-instance" xsi:schemaLocation="http://www.loc.gov/standards/alto/ns-v3# http://www.loc.gov/alto/v3/alto-3-0.xsd">
	<Description>
		<MeasurementUnit>pixel</MeasurementUnit>
		<sourceImageInformation>
			<fileName>/tmp/tess_gsat7r81_input.PNG</fileName>
		</sourceImageInformation>
		<OCRProcessing ID="OCR_0">
			<ocrProcessingStep>
				<processingSoftware>
					<softwareName>tesseract 5.3.0</softwareName>
				</processingSoftware>
			</ocrProcessingStep>
		</OCRProcessing>
	</Description>
	<Layout>
		<Page WIDTH="1896" HEIGHT="2760" PHYSICAL_IMG_NR="0" ID="page_0">
			<PrintSpace HPOS="0" VPOS="0" WIDTH="1896" HEIGHT="2760">
				<ComposedBlock ID="cblock_0" HPOS="426" VPOS="150" WIDTH="1198" HEIGHT="31">
					<TextBlock ID="block_0" HPOS="426" VPOS="150" WIDTH="1198" HEIGHT="31">
						<TextLine ID="line_0" HPOS="426" VPOS="150" WIDTH="1198" HEIGHT="31">
							<String ID="string_0" HPOS="426" VPOS="150" WIDTH="390" HEIGHT="31" WC="0.91" CONTENT="Jordbruksutskottets"/><SP WIDTH="24" VPOS="150" HPOS="816"/>
							<String ID="string_1" HPOS="840" VPOS="151" WIDTH="179" HEIGHT="30" WC="0.96" CONTENT="utlåtande"/><SP WIDTH="22" VPOS="151" HPOS="1019"/>
							<String ID="string_2" HPOS="1041" VPOS="160" WIDTH="43" HEIGHT="20" WC="0.95" CONTENT="nr"/><SP WIDTH="24" VPOS="160" HPOS="1084"/>
							<String ID="string_3" HPOS="1108" VPOS="152" WIDTH="39" HEIGHT="29" WC="0.96" CONTENT="10"/><SP WIDTH="22" VPOS="152" HPOS="1147"/>
							<String ID="string_4" HPOS="1169" VPOS="151" WIDTH="40" HEIGHT="30" WC="0.95" CONTENT="år"/><SP WIDTH="24" VPOS="151" HPOS="1209"/>
							<String ID="string_5" HPOS="1233" VPOS="151" WIDTH="84" HEIGHT="30" WC="0.96" CONTENT="1962"/><SP WIDTH="268" VPOS="151" HPOS="1317"/>
							<String ID="string_6" HPOS="1585" VPOS="150" WIDTH="39" HEIGHT="31" WC="0.96" CONTENT="49"/>
						</TextLine>
					</TextBlock>
				</ComposedBlock>
				<ComposedBlock ID="cblock_1" HPOS="432" VPOS="234" WIDTH="1191" HEIGHT="294">
					<TextBlock ID="block_1" HPOS="432" VPOS="234" WIDTH="1191" HEIGHT="294">
						<TextLine ID="line_1" HPOS="479" VPOS="234" WIDTH="1144" HEIGHT="41">
							<String ID="string_7" HPOS="479" VPOS="235" WIDTH="56" HEIGHT="35" WC="0.51" CONTENT="&gt;4)"/><SP WIDTH="24" VPOS="235" HPOS="535"/>
							<String ID="string_8" HPOS="559" VPOS="236" WIDTH="11" HEIGHT="29" WC="0.96" CONTENT="i"/><SP WIDTH="21" VPOS="236" HPOS="570"/>
							<String ID="string_9" HPOS="591" VPOS="236" WIDTH="166" HEIGHT="30" WC="0.96" CONTENT="skrivelse"/><SP WIDTH="19" VPOS="236" HPOS="757"/>
							<String ID="string_10" HPOS="776" VPOS="235" WIDTH="52" HEIGHT="31" WC="0.96" CONTENT="till"/><SP WIDTH="20" VPOS="235" HPOS="828"/>
							<String ID="string_11" HPOS="848" VPOS="236" WIDTH="125" HEIGHT="39" WC="0.94" CONTENT="Kungl."/><SP WIDTH="21" VPOS="236" HPOS="973"/>
							<String ID="string_12" HPOS="994" VPOS="236" WIDTH="106" HEIGHT="39" WC="0.93" CONTENT="Maj:t"/><SP WIDTH="19" VPOS="236" HPOS="1100"/>
							<String ID="string_13" HPOS="1119" VPOS="235" WIDTH="196" HEIGHT="34" WC="0.91" CONTENT="hemställa,"/><SP WIDTH="21" VPOS="235" HPOS="1315"/>
							<String ID="string_14" HPOS="1336" VPOS="237" WIDTH="50" HEIGHT="28" WC="0.95" CONTENT="att"/><SP WIDTH="18" VPOS="237" HPOS="1386"/>
							<String ID="string_15" HPOS="1404" VPOS="234" WIDTH="219" HEIGHT="31" WC="0.95" CONTENT="motionerna"/>
						</TextLine>
						<TextLine ID="line_2" HPOS="434" VPOS="285" WIDTH="1189" HEIGHT="41">
							<String ID="string_16" HPOS="434" VPOS="286" WIDTH="28" HEIGHT="30" WC="0.90" CONTENT="I:"/><SP WIDTH="17" VPOS="286" HPOS="462"/>
							<String ID="string_17" HPOS="479" VPOS="286" WIDTH="62" HEIGHT="31" WC="0.95" CONTENT="235"/><SP WIDTH="25" VPOS="286" HPOS="541"/>
							<String ID="string_18" HPOS="566" VPOS="286" WIDTH="65" HEIGHT="30" WC="0.96" CONTENT="och"/><SP WIDTH="25" VPOS="286" HPOS="631"/>
							<String ID="string_19" HPOS="656" VPOS="287" WIDTH="45" HEIGHT="29" WC="0.95" CONTENT="II:"/><SP WIDTH="17" VPOS="287" HPOS="701"/>
							<String ID="string_20" HPOS="718" VPOS="286" WIDTH="60" HEIGHT="30" WC="0.96" CONTENT="381"/><SP WIDTH="27" VPOS="286" HPOS="778"/>
							<String ID="string_21" HPOS="805" VPOS="286" WIDTH="109" HEIGHT="40" WC="0.96" CONTENT="jämte"/><SP WIDTH="26" VPOS="286" HPOS="914"/>
							<String ID="string_22" HPOS="940" VPOS="286" WIDTH="189" HEIGHT="30" WC="0.96" CONTENT="utskottets"/><SP WIDTH="24" VPOS="286" HPOS="1129"/>
							<String ID="string_23" HPOS="1153" VPOS="286" WIDTH="182" HEIGHT="30" WC="0.96" CONTENT="utlåtande"/><SP WIDTH="24" VPOS="286" HPOS="1335"/>
							<String ID="string_24" HPOS="1359" VPOS="285" WIDTH="11" HEIGHT="30" WC="0.96" CONTENT="i"/><SP WIDTH="25" VPOS="285" HPOS="1370"/>
							<String ID="string_25" HPOS="1395" VPOS="285" WIDTH="228" HEIGHT="30" WC="0.95" CONTENT="förevarande"/>
						</TextLine>
						<TextLine ID="line_3" HPOS="434" VPOS="335" WIDTH="1189" HEIGHT="41">
							<String ID="string_26" HPOS="434" VPOS="337" WIDTH="54" HEIGHT="30" WC="0.96" CONTENT="del"/><SP WIDTH="22" VPOS="337" HPOS="488"/>
							<String ID="string_27" HPOS="510" VPOS="337" WIDTH="221" HEIGHT="30" WC="0.96" CONTENT="överlämnas"/><SP WIDTH="21" VPOS="337" HPOS="731"/>
							<String ID="string_28" HPOS="752" VPOS="336" WIDTH="52" HEIGHT="31" WC="0.95" CONTENT="till"/><SP WIDTH="24" VPOS="336" HPOS="804"/>
							<String ID="string_29" HPOS="828" VPOS="338" WIDTH="131" HEIGHT="30" WC="0.91" CONTENT="statens"/><SP WIDTH="22" VPOS="338" HPOS="959"/>
							<String ID="string_30" HPOS="981" VPOS="336" WIDTH="327" HEIGHT="40" WC="0.91" CONTENT="jordbruksnämnd"/><SP WIDTH="23" VPOS="336" HPOS="1308"/>
							<String ID="string_31" HPOS="1331" VPOS="337" WIDTH="11" HEIGHT="29" WC="0.96" CONTENT="i"/><SP WIDTH="23" VPOS="337" HPOS="1342"/>
							<String ID="string_32" HPOS="1365" VPOS="336" WIDTH="58" HEIGHT="30" WC="0.96" CONTENT="det"/><SP WIDTH="23" VPOS="336" HPOS="1423"/>
							<String ID="string_33" HPOS="1446" VPOS="335" WIDTH="105" HEIGHT="41" WC="0.96" CONTENT="syftet"/><SP WIDTH="23" VPOS="335" HPOS="1551"/>
							<String ID="string_34" HPOS="1574" VPOS="337" WIDTH="49" HEIGHT="28" WC="0.96" CONTENT="att"/>
						</TextLine>
						<TextLine ID="line_4" HPOS="433" VPOS="387" WIDTH="1190" HEIGHT="40">
							<String ID="string_35" HPOS="433" VPOS="388" WIDTH="177" HEIGHT="30" WC="0.96" CONTENT="nämnden"/><SP WIDTH="23" VPOS="388" HPOS="610"/>
							<String ID="string_36" HPOS="633" VPOS="389" WIDTH="12" HEIGHT="30" WC="0.96" CONTENT="i"/><SP WIDTH="23" VPOS="389" HPOS="645"/>
							<String ID="string_37" HPOS="668" VPOS="387" WIDTH="141" HEIGHT="31" WC="0.95" CONTENT="samråd"/><SP WIDTH="23" VPOS="387" HPOS="809"/>
							<String ID="string_38" HPOS="832" VPOS="388" WIDTH="79" HEIGHT="29" WC="0.96" CONTENT="med"/><SP WIDTH="23" VPOS="388" HPOS="911"/>
							<String ID="string_39" HPOS="934" VPOS="387" WIDTH="227" HEIGHT="40" WC="0.96" CONTENT="jordbrukets"/><SP WIDTH="24" VPOS="387" HPOS="1161"/>
							<String ID="string_40" HPOS="1185" VPOS="387" WIDTH="278" HEIGHT="39" WC="0.96" CONTENT="organisationer"/><SP WIDTH="24" VPOS="387" HPOS="1463"/>
							<String ID="string_41" HPOS="1487" VPOS="388" WIDTH="136" HEIGHT="28" WC="0.96" CONTENT="snarast"/>
						</TextLine>
						<TextLine ID="line_5" HPOS="433" VPOS="436" WIDTH="1189" HEIGHT="42">
							<String ID="string_42" HPOS="433" VPOS="439" WIDTH="90" HEIGHT="29" WC="0.96" CONTENT="skall"/><SP WIDTH="22" VPOS="439" HPOS="523"/>
							<String ID="string_43" HPOS="545" VPOS="438" WIDTH="121" HEIGHT="30" WC="0.96" CONTENT="kunna"/><SP WIDTH="22" VPOS="438" HPOS="666"/>
							<String ID="string_44" HPOS="688" VPOS="438" WIDTH="142" HEIGHT="40" WC="0.96" CONTENT="vidtaga"/><SP WIDTH="22" VPOS="438" HPOS="830"/>
							<String ID="string_45" HPOS="852" VPOS="437" WIDTH="227" HEIGHT="41" WC="0.96" CONTENT="erforderliga"/><SP WIDTH="23" VPOS="437" HPOS="1079"/>
							<String ID="string_46" HPOS="1102" VPOS="437" WIDTH="161" HEIGHT="40" WC="0.96" CONTENT="åtgärder"/><SP WIDTH="23" VPOS="437" HPOS="1263"/>
							<String ID="string_47" HPOS="1286" VPOS="437" WIDTH="55" HEIGHT="30" WC="0.96" CONTENT="för"/><SP WIDTH="22" VPOS="437" HPOS="1341"/>
							<String ID="string_48" HPOS="1363" VPOS="446" WIDTH="43" HEIGHT="21" WC="0.96" CONTENT="en"/><SP WIDTH="23" VPOS="446" HPOS="1406"/>
							<String ID="string_49" HPOS="1429" VPOS="436" WIDTH="193" HEIGHT="31" WC="0.96" CONTENT="förbättrad"/>
						</TextLine>
						<TextLine ID="line_6" HPOS="432" VPOS="488" WIDTH="882" HEIGHT="40">
							<String ID="string_50" HPOS="432" VPOS="489" WIDTH="360" HEIGHT="39" WC="0.92" CONTENT="inkomstutveckling"/><SP WIDTH="23" VPOS="489" HPOS="792"/>
							<String ID="string_51" HPOS="815" VPOS="489" WIDTH="10" HEIGHT="29" WC="0.96" CONTENT="i"/><SP WIDTH="25" VPOS="489" HPOS="825"/>
							<String ID="string_52" HPOS="850" VPOS="489" WIDTH="40" HEIGHT="29" WC="0.96" CONTENT="de"/><SP WIDTH="24" VPOS="489" HPOS="890"/>
							<String ID="string_53" HPOS="914" VPOS="488" WIDTH="148" HEIGHT="30" WC="0.93" CONTENT="berörda"/><SP WIDTH="25" VPOS="488" HPOS="1062"/>
							<String ID="string_54" HPOS="1087" VPOS="488" WIDTH="227" HEIGHT="35" WC="0.37" CONTENT="områdena;&gt;»"/>
						</TextLine>
					</TextBlock>
				</ComposedBlock>
				<ComposedBlock ID="cblock_2" HPOS="123" VPOS="588" WIDTH="1502" HEIGHT="697">
					<TextBlock ID="block_2" HPOS="123" VPOS="588" WIDTH="1500" HEIGHT="93">
						<TextLine ID="line_7" HPOS="167" VPOS="588" WIDTH="1456" HEIGHT="42">
							<String ID="string_55" HPOS="167" VPOS="590" WIDTH="36" HEIGHT="36" WC="0.95" CONTENT="4)"/><SP WIDTH="25" VPOS="590" HPOS="203"/>
							<String ID="string_56" HPOS="228" VPOS="600" WIDTH="43" HEIGHT="21" WC="0.96" CONTENT="av"/><SP WIDTH="17" VPOS="600" HPOS="271"/>
							<String ID="string_57" HPOS="288" VPOS="591" WIDTH="123" HEIGHT="30" WC="0.96" CONTENT="herrar"/><SP WIDTH="17" VPOS="591" HPOS="411"/>
							<String ID="string_58" HPOS="428" VPOS="591" WIDTH="105" HEIGHT="36" WC="0.96" CONTENT="Nord,"/><SP WIDTH="20" VPOS="591" HPOS="533"/>
							<String ID="string_59" HPOS="553" VPOS="591" WIDTH="79" HEIGHT="30" WC="0.96" CONTENT="Carl"/><SP WIDTH="17" VPOS="591" HPOS="632"/>
							<String ID="string_60" HPOS="649" VPOS="590" WIDTH="195" HEIGHT="36" WC="0.92" CONTENT="Eskilsson,"/><SP WIDTH="20" VPOS="590" HPOS="844"/>
							<String ID="string_61" HPOS="864" VPOS="589" WIDTH="168" HEIGHT="41" WC="0.91" CONTENT="Ringaby,"/><SP WIDTH="20" VPOS="589" HPOS="1032"/>
							<String ID="string_62" HPOS="1052" VPOS="591" WIDTH="185" HEIGHT="35" WC="0.96" CONTENT="Jonasson,"/><SP WIDTH="21" VPOS="591" HPOS="1237"/>
							<String ID="string_63" HPOS="1258" VPOS="590" WIDTH="163" HEIGHT="29" WC="0.96" CONTENT="Hansson"/><SP WIDTH="21" VPOS="590" HPOS="1421"/>
							<String ID="string_64" HPOS="1442" VPOS="590" WIDTH="10" HEIGHT="29" WC="0.96" CONTENT="i"/><SP WIDTH="21" VPOS="590" HPOS="1452"/>
							<String ID="string_65" HPOS="1473" VPOS="588" WIDTH="150" HEIGHT="40" WC="0.96" CONTENT="Skegrie,"/>
						</TextLine>
						<TextLine ID="line_8" HPOS="123" VPOS="639" WIDTH="1195" HEIGHT="42">
							<String ID="string_66" HPOS="123" VPOS="641" WIDTH="125" HEIGHT="40" WC="0.92" CONTENT="Antby,"/><SP WIDTH="21" VPOS="641" HPOS="248"/>
							<String ID="string_67" HPOS="269" VPOS="641" WIDTH="141" HEIGHT="30" WC="0.95" CONTENT="Nilsson"/><SP WIDTH="18" VPOS="641" HPOS="410"/>
							<String ID="string_68" HPOS="428" VPOS="641" WIDTH="13" HEIGHT="30" WC="0.95" CONTENT="i"/><SP WIDTH="20" VPOS="641" HPOS="441"/>
							<String ID="string_69" HPOS="461" VPOS="641" WIDTH="195" HEIGHT="34" WC="0.96" CONTENT="Lönsboda,"/><SP WIDTH="22" VPOS="641" HPOS="656"/>
							<String ID="string_70" HPOS="678" VPOS="640" WIDTH="150" HEIGHT="31" WC="0.96" CONTENT="Östlund"/><SP WIDTH="20" VPOS="640" HPOS="828"/>
							<String ID="string_71" HPOS="848" VPOS="641" WIDTH="65" HEIGHT="29" WC="0.96" CONTENT="och"/><SP WIDTH="19" VPOS="641" HPOS="913"/>
							<String ID="string_72" HPOS="932" VPOS="640" WIDTH="125" HEIGHT="36" WC="0.96" CONTENT="Hedin,"/><SP WIDTH="20" VPOS="640" HPOS="1057"/>
							<String ID="string_73" HPOS="1077" VPOS="639" WIDTH="96" HEIGHT="31" WC="0.96" CONTENT="vilka"/><SP WIDTH="20" VPOS="639" HPOS="1173"/>
							<String ID="string_74" HPOS="1193" VPOS="641" WIDTH="125" HEIGHT="33" WC="0.96" CONTENT="ansett,"/>
						</TextLine>
					</TextBlock>
					<TextBlock ID="block_3" HPOS="123" VPOS="689" WIDTH="1500" HEIGHT="94">
						<TextLine ID="line_9" HPOS="169" VPOS="689" WIDTH="1454" HEIGHT="43">
							<String ID="string_75" HPOS="169" VPOS="692" WIDTH="73" HEIGHT="30" WC="0.96" CONTENT="dels"/><SP WIDTH="26" VPOS="692" HPOS="242"/>
							<String ID="string_76" HPOS="268" VPOS="694" WIDTH="51" HEIGHT="28" WC="0.96" CONTENT="att"/><SP WIDTH="25" VPOS="694" HPOS="319"/>
							<String ID="string_77" HPOS="344" VPOS="692" WIDTH="112" HEIGHT="39" WC="0.96" CONTENT="tredje"/><SP WIDTH="27" VPOS="692" HPOS="456"/>
							<String ID="string_78" HPOS="483" VPOS="692" WIDTH="134" HEIGHT="40" WC="0.96" CONTENT="stycket"/><SP WIDTH="26" VPOS="692" HPOS="617"/>
							<String ID="string_79" HPOS="643" VPOS="692" WIDTH="44" HEIGHT="39" WC="0.93" CONTENT="på"/><SP WIDTH="25" VPOS="692" HPOS="687"/>
							<String ID="string_80" HPOS="712" VPOS="701" WIDTH="27" HEIGHT="21" WC="0.92" CONTENT="s."/><SP WIDTH="27" VPOS="701" HPOS="739"/>
							<String ID="string_81" HPOS="766" VPOS="691" WIDTH="41" HEIGHT="30" WC="0.96" CONTENT="39"/><SP WIDTH="25" VPOS="691" HPOS="807"/>
							<String ID="string_82" HPOS="832" VPOS="691" WIDTH="12" HEIGHT="29" WC="0.96" CONTENT="i"/><SP WIDTH="26" VPOS="691" HPOS="844"/>
							<String ID="string_83" HPOS="870" VPOS="691" WIDTH="190" HEIGHT="30" WC="0.96" CONTENT="utskottets"/><SP WIDTH="25" VPOS="691" HPOS="1060"/>
							<String ID="string_84" HPOS="1085" VPOS="690" WIDTH="181" HEIGHT="30" WC="0.96" CONTENT="utlåtande"/><SP WIDTH="26" VPOS="690" HPOS="1266"/>
							<String ID="string_85" HPOS="1292" VPOS="690" WIDTH="78" HEIGHT="30" WC="0.95" CONTENT="bort"/><SP WIDTH="25" VPOS="690" HPOS="1370"/>
							<String ID="string_86" HPOS="1395" VPOS="690" WIDTH="47" HEIGHT="29" WC="0.95" CONTENT="ha"/><SP WIDTH="25" VPOS="690" HPOS="1442"/>
							<String ID="string_87" HPOS="1467" VPOS="689" WIDTH="156" HEIGHT="40" WC="0.96" CONTENT="följande"/>
						</TextLine>
						<TextLine ID="line_10" HPOS="123" VPOS="743" WIDTH="145" HEIGHT="40">
							<String ID="string_88" HPOS="123" VPOS="743" WIDTH="145" HEIGHT="40" WC="0.96" CONTENT="lydelse:"/>
						</TextLine>
					</TextBlock>
					<TextBlock ID="block_4" HPOS="123" VPOS="790" WIDTH="1502" HEIGHT="295">
						<TextLine ID="line_11" HPOS="170" VPOS="790" WIDTH="1454" HEIGHT="41">
							<String ID="string_89" HPOS="170" VPOS="794" WIDTH="33" HEIGHT="29" WC="0.54" CONTENT="»I"/><SP WIDTH="19" VPOS="794" HPOS="203"/>
							<String ID="string_90" HPOS="222" VPOS="793" WIDTH="223" HEIGHT="30" WC="0.96" CONTENT="motionerna"/><SP WIDTH="18" VPOS="793" HPOS="445"/>
							<String ID="string_91" HPOS="463" VPOS="794" WIDTH="29" HEIGHT="29" WC="0.84" CONTENT="I:"/><SP WIDTH="17" VPOS="794" HPOS="492"/>
							<String ID="string_92" HPOS="509" VPOS="793" WIDTH="62" HEIGHT="30" WC="0.96" CONTENT="583"/><SP WIDTH="21" VPOS="793" HPOS="571"/>
							<String ID="string_93" HPOS="592" VPOS="794" WIDTH="64" HEIGHT="29" WC="0.96" CONTENT="och"/><SP WIDTH="20" VPOS="794" HPOS="656"/>
							<String ID="string_94" HPOS="676" VPOS="793" WIDTH="45" HEIGHT="29" WC="0.93" CONTENT="II:"/><SP WIDTH="18" VPOS="793" HPOS="721"/>
							<String ID="string_95" HPOS="739" VPOS="792" WIDTH="60" HEIGHT="30" WC="0.96" CONTENT="741"/><SP WIDTH="23" VPOS="792" HPOS="799"/>
							<String ID="string_96" HPOS="822" VPOS="792" WIDTH="65" HEIGHT="30" WC="0.96" CONTENT="har"/><SP WIDTH="19" VPOS="792" HPOS="887"/>
							<String ID="string_97" HPOS="906" VPOS="792" WIDTH="11" HEIGHT="29" WC="0.96" CONTENT="i"/><SP WIDTH="20" VPOS="792" HPOS="917"/>
							<String ID="string_98" HPOS="937" VPOS="791" WIDTH="205" HEIGHT="40" WC="0.96" CONTENT="anslutning"/><SP WIDTH="19" VPOS="791" HPOS="1142"/>
							<String ID="string_99" HPOS="1161" VPOS="792" WIDTH="53" HEIGHT="30" WC="0.92" CONTENT="till"/><SP WIDTH="19" VPOS="792" HPOS="1214"/>
							<String ID="string_100" HPOS="1233" VPOS="790" WIDTH="391" HEIGHT="41" WC="0.91" CONTENT="jordbruksnämndens"/>
						</TextLine>
						<TextLine ID="line_12" HPOS="124" VPOS="841" WIDTH="1499" HEIGHT="43">
							<String ID="string_101" HPOS="124" VPOS="843" WIDTH="262" HEIGHT="41" WC="0.93" CONTENT="framställning"/><SP WIDTH="16" VPOS="843" HPOS="386"/>
							<String ID="string_102" HPOS="402" VPOS="844" WIDTH="133" HEIGHT="40" WC="0.90" CONTENT="yrkats,"/><SP WIDTH="19" VPOS="844" HPOS="535"/>
							<String ID="string_103" HPOS="554" VPOS="845" WIDTH="50" HEIGHT="28" WC="0.93" CONTENT="att"/><SP WIDTH="16" VPOS="845" HPOS="604"/>
							<String ID="string_104" HPOS="620" VPOS="843" WIDTH="190" HEIGHT="30" WC="0.92" CONTENT="hundbröd"/><SP WIDTH="18" VPOS="843" HPOS="810"/>
							<String ID="string_105" HPOS="828" VPOS="842" WIDTH="88" HEIGHT="31" WC="0.95" CONTENT="skall"/><SP WIDTH="19" VPOS="842" HPOS="916"/>
							<String ID="string_106" HPOS="935" VPOS="842" WIDTH="179" HEIGHT="30" WC="0.96" CONTENT="överföras"/><SP WIDTH="21" VPOS="842" HPOS="1114"/>
							<String ID="string_107" HPOS="1135" VPOS="842" WIDTH="52" HEIGHT="30" WC="0.93" CONTENT="till"/><SP WIDTH="16" VPOS="842" HPOS="1187"/>
							<String ID="string_108" HPOS="1203" VPOS="841" WIDTH="420" HEIGHT="40" WC="0.91" CONTENT="jordbruksregleringen."/>
						</TextLine>
						<TextLine ID="line_13" HPOS="123" VPOS="891" WIDTH="1502" HEIGHT="42">
							<String ID="string_109" HPOS="123" VPOS="895" WIDTH="177" HEIGHT="30" WC="0.96" CONTENT="Utskottet"/><SP WIDTH="23" VPOS="895" HPOS="300"/>
							<String ID="string_110" HPOS="323" VPOS="894" WIDTH="117" HEIGHT="30" WC="0.96" CONTENT="finner"/><SP WIDTH="24" VPOS="894" HPOS="440"/>
							<String ID="string_111" HPOS="464" VPOS="895" WIDTH="41" HEIGHT="29" WC="0.96" CONTENT="de"/><SP WIDTH="23" VPOS="895" HPOS="505"/>
							<String ID="string_112" HPOS="528" VPOS="894" WIDTH="13" HEIGHT="30" WC="0.96" CONTENT="i"/><SP WIDTH="22" VPOS="894" HPOS="541"/>
							<String ID="string_113" HPOS="563" VPOS="894" WIDTH="222" HEIGHT="30" WC="0.96" CONTENT="motionerna"/><SP WIDTH="22" VPOS="894" HPOS="785"/>
							<String ID="string_114" HPOS="807" VPOS="893" WIDTH="198" HEIGHT="30" WC="0.96" CONTENT="framförda"/><SP WIDTH="23" VPOS="893" HPOS="1005"/>
							<String ID="string_115" HPOS="1028" VPOS="893" WIDTH="277" HEIGHT="40" WC="0.96" CONTENT="synpunkterna,"/><SP WIDTH="26" VPOS="893" HPOS="1305"/>
							<String ID="string_116" HPOS="1331" VPOS="892" WIDTH="142" HEIGHT="30" WC="0.93" CONTENT="särskilt"/><SP WIDTH="22" VPOS="892" HPOS="1473"/>
							<String ID="string_117" HPOS="1495" VPOS="891" WIDTH="130" HEIGHT="31" WC="0.92" CONTENT="beträf-"/>
						</TextLine>
						<TextLine ID="line_14" HPOS="124" VPOS="942" WIDTH="1499" HEIGHT="42">
							<String ID="string_118" HPOS="124" VPOS="945" WIDTH="105" HEIGHT="30" WC="0.91" CONTENT="fande"/><SP WIDTH="19" VPOS="945" HPOS="229"/>
							<String ID="string_119" HPOS="248" VPOS="945" WIDTH="365" HEIGHT="39" WC="0.92" CONTENT="beredskapshänsyn,"/><SP WIDTH="21" VPOS="945" HPOS="613"/>
							<String ID="string_120" HPOS="634" VPOS="945" WIDTH="55" HEIGHT="29" WC="0.96" CONTENT="väl"/><SP WIDTH="22" VPOS="945" HPOS="689"/>
							<String ID="string_121" HPOS="711" VPOS="944" WIDTH="170" HEIGHT="30" WC="0.96" CONTENT="motivera"/><SP WIDTH="21" VPOS="944" HPOS="881"/>
							<String ID="string_122" HPOS="902" VPOS="946" WIDTH="49" HEIGHT="27" WC="0.93" CONTENT="att"/><SP WIDTH="21" VPOS="946" HPOS="951"/>
							<String ID="string_123" HPOS="972" VPOS="951" WIDTH="247" HEIGHT="32" WC="0.92" CONTENT="varugruppen"/><SP WIDTH="21" VPOS="951" HPOS="1219"/>
							<String ID="string_124" HPOS="1240" VPOS="943" WIDTH="188" HEIGHT="30" WC="0.90" CONTENT="hundbröd"/><SP WIDTH="21" VPOS="943" HPOS="1428"/>
							<String ID="string_125" HPOS="1449" VPOS="942" WIDTH="174" HEIGHT="30" WC="0.91" CONTENT="överföres"/>
						</TextLine>
						<TextLine ID="line_15" HPOS="124" VPOS="992" WIDTH="1500" HEIGHT="43">
							<String ID="string_126" HPOS="124" VPOS="995" WIDTH="52" HEIGHT="30" WC="0.90" CONTENT="till"/><SP WIDTH="23" VPOS="995" HPOS="176"/>
							<String ID="string_127" HPOS="199" VPOS="995" WIDTH="421" HEIGHT="40" WC="0.77" CONTENT="jordbruksregleringen."/><SP WIDTH="25" VPOS="995" HPOS="620"/>
							<String ID="string_128" HPOS="645" VPOS="994" WIDTH="220" HEIGHT="30" WC="0.96" CONTENT="Motionerna"/><SP WIDTH="23" VPOS="994" HPOS="865"/>
							<String ID="string_129" HPOS="888" VPOS="996" WIDTH="28" HEIGHT="29" WC="0.0" CONTENT="I:"/><SP WIDTH="17" VPOS="996" HPOS="916"/>
							<String ID="string_130" HPOS="933" VPOS="994" WIDTH="63" HEIGHT="30" WC="0.0" CONTENT="583"/><SP WIDTH="25" VPOS="994" HPOS="996"/>
							<String ID="string_131" HPOS="1021" VPOS="994" WIDTH="65" HEIGHT="30" WC="0.96" CONTENT="och"/><SP WIDTH="24" VPOS="994" HPOS="1086"/>
							<String ID="string_132" HPOS="1110" VPOS="994" WIDTH="45" HEIGHT="29" WC="0.93" CONTENT="II:"/><SP WIDTH="18" VPOS="994" HPOS="1155"/>
							<String ID="string_133" HPOS="1173" VPOS="993" WIDTH="59" HEIGHT="30" WC="0.93" CONTENT="741"/><SP WIDTH="27" VPOS="993" HPOS="1232"/>
							<String ID="string_134" HPOS="1259" VPOS="993" WIDTH="64" HEIGHT="30" WC="0.96" CONTENT="bör"/><SP WIDTH="23" VPOS="993" HPOS="1323"/>
							<String ID="string_135" HPOS="1346" VPOS="993" WIDTH="148" HEIGHT="30" WC="0.96" CONTENT="sålunda"/><SP WIDTH="24" VPOS="993" HPOS="1494"/>
							<String ID="string_136" HPOS="1518" VPOS="992" WIDTH="106" HEIGHT="40" WC="0.95" CONTENT="enligt"/>
						</TextLine>
						<TextLine ID="line_16" HPOS="124" VPOS="1045" WIDTH="812" HEIGHT="40">
							<String ID="string_137" HPOS="124" VPOS="1046" WIDTH="189" HEIGHT="30" WC="0.96" CONTENT="utskottets"/><SP WIDTH="21" VPOS="1046" HPOS="313"/>
							<String ID="string_138" HPOS="334" VPOS="1046" WIDTH="142" HEIGHT="39" WC="0.92" CONTENT="mening"/><SP WIDTH="18" VPOS="1046" HPOS="476"/>
							<String ID="string_139" HPOS="494" VPOS="1045" WIDTH="141" HEIGHT="31" WC="0.91" CONTENT="bifallas"/><SP WIDTH="20" VPOS="1045" HPOS="635"/>
							<String ID="string_140" HPOS="655" VPOS="1055" WIDTH="43" HEIGHT="20" WC="0.96" CONTENT="av"/><SP WIDTH="19" VPOS="1055" HPOS="698"/>
							<String ID="string_141" HPOS="717" VPOS="1045" WIDTH="219" HEIGHT="39" WC="0.89" CONTENT="riksdagen.»"/>
						</TextLine>
					</TextBlock>
					<TextBlock ID="block_5" HPOS="168" VPOS="1094" WIDTH="1284" HEIGHT="40">
						<TextLine ID="line_17" HPOS="168" VPOS="1094" WIDTH="1284" HEIGHT="40">
							<String ID="string_142" HPOS="168" VPOS="1096" WIDTH="73" HEIGHT="30" WC="0.96" CONTENT="dels"/><SP WIDTH="17" VPOS="1096" HPOS="241"/>
							<String ID="string_143" HPOS="258" VPOS="1097" WIDTH="66" HEIGHT="29" WC="0.96" CONTENT="ock"/><SP WIDTH="20" VPOS="1097" HPOS="324"/>
							<String ID="string_144" HPOS="344" VPOS="1099" WIDTH="49" HEIGHT="27" WC="0.96" CONTENT="att"/><SP WIDTH="18" VPOS="1099" HPOS="393"/>
							<String ID="string_145" HPOS="411" VPOS="1097" WIDTH="189" HEIGHT="29" WC="0.96" CONTENT="utskottets"/><SP WIDTH="19" VPOS="1097" HPOS="600"/>
							<String ID="string_146" HPOS="619" VPOS="1096" WIDTH="211" HEIGHT="29" WC="0.96" CONTENT="hemställan"/><SP WIDTH="19" VPOS="1096" HPOS="830"/>
							<String ID="string_147" HPOS="849" VPOS="1096" WIDTH="110" HEIGHT="29" WC="0.93" CONTENT="under"/><SP WIDTH="18" VPOS="1096" HPOS="959"/>
							<String ID="string_148" HPOS="977" VPOS="1095" WIDTH="37" HEIGHT="29" WC="0.92" CONTENT="B."/><SP WIDTH="20" VPOS="1095" HPOS="1014"/>
							<String ID="string_149" HPOS="1034" VPOS="1095" WIDTH="35" HEIGHT="34" WC="0.96" CONTENT="3)"/><SP WIDTH="23" VPOS="1095" HPOS="1069"/>
							<String ID="string_150" HPOS="1092" VPOS="1094" WIDTH="78" HEIGHT="30" WC="0.96" CONTENT="bort"/><SP WIDTH="18" VPOS="1094" HPOS="1170"/>
							<String ID="string_151" HPOS="1188" VPOS="1094" WIDTH="83" HEIGHT="40" WC="0.96" CONTENT="lyda"/><SP WIDTH="18" VPOS="1094" HPOS="1271"/>
							<String ID="string_152" HPOS="1289" VPOS="1094" WIDTH="163" HEIGHT="30" WC="0.96" CONTENT="sålunda:"/>
						</TextLine>
					</TextBlock>
					<TextBlock ID="block_6" HPOS="431" VPOS="1143" WIDTH="1194" HEIGHT="142">
						<TextLine ID="line_18" HPOS="480" VPOS="1143" WIDTH="1144" HEIGHT="38">
							<String ID="string_153" HPOS="480" VPOS="1147" WIDTH="56" HEIGHT="34" WC="0.67" CONTENT="»3)"/><SP WIDTH="28" VPOS="1147" HPOS="536"/>
							<String ID="string_154" HPOS="564" VPOS="1146" WIDTH="79" HEIGHT="30" WC="0.95" CONTENT="med"/><SP WIDTH="23" VPOS="1146" HPOS="643"/>
							<String ID="string_155" HPOS="666" VPOS="1145" WIDTH="100" HEIGHT="30" WC="0.96" CONTENT="bifall"/><SP WIDTH="23" VPOS="1145" HPOS="766"/>
							<String ID="string_156" HPOS="789" VPOS="1145" WIDTH="54" HEIGHT="30" WC="0.96" CONTENT="till"/><SP WIDTH="22" VPOS="1145" HPOS="843"/>
							<String ID="string_157" HPOS="865" VPOS="1145" WIDTH="221" HEIGHT="30" WC="0.95" CONTENT="motionerna"/><SP WIDTH="23" VPOS="1145" HPOS="1086"/>
							<String ID="string_158" HPOS="1109" VPOS="1145" WIDTH="29" HEIGHT="30" WC="0.84" CONTENT="I:"/><SP WIDTH="17" VPOS="1145" HPOS="1138"/>
							<String ID="string_159" HPOS="1155" VPOS="1145" WIDTH="62" HEIGHT="30" WC="0.84" CONTENT="583"/><SP WIDTH="24" VPOS="1145" HPOS="1217"/>
							<String ID="string_160" HPOS="1241" VPOS="1145" WIDTH="65" HEIGHT="29" WC="0.96" CONTENT="och"/><SP WIDTH="24" VPOS="1145" HPOS="1306"/>
							<String ID="string_161" HPOS="1330" VPOS="1145" WIDTH="45" HEIGHT="29" WC="0.68" CONTENT="II:"/><SP WIDTH="18" VPOS="1145" HPOS="1375"/>
							<String ID="string_162" HPOS="1393" VPOS="1143" WIDTH="59" HEIGHT="31" WC="0.95" CONTENT="741"/><SP WIDTH="26" VPOS="1143" HPOS="1452"/>
							<String ID="string_163" HPOS="1478" VPOS="1144" WIDTH="146" HEIGHT="34" WC="0.95" CONTENT="besluta,"/>
						</TextLine>
						<TextLine ID="line_19" HPOS="431" VPOS="1195" WIDTH="1194" HEIGHT="40">
							<String ID="string_164" HPOS="431" VPOS="1199" WIDTH="53" HEIGHT="29" WC="0.93" CONTENT="att"/><SP WIDTH="20" VPOS="1199" HPOS="484"/>
							<String ID="string_165" HPOS="504" VPOS="1197" WIDTH="187" HEIGHT="30" WC="0.91" CONTENT="hundbröd"/><SP WIDTH="22" VPOS="1197" HPOS="691"/>
							<String ID="string_166" HPOS="713" VPOS="1197" WIDTH="90" HEIGHT="29" WC="0.96" CONTENT="skall"/><SP WIDTH="20" VPOS="1197" HPOS="803"/>
							<String ID="string_167" HPOS="823" VPOS="1196" WIDTH="169" HEIGHT="30" WC="0.95" CONTENT="hänföras"/><SP WIDTH="22" VPOS="1196" HPOS="992"/>
							<String ID="string_168" HPOS="1014" VPOS="1196" WIDTH="51" HEIGHT="30" WC="0.95" CONTENT="till"/><SP WIDTH="22" VPOS="1196" HPOS="1065"/>
							<String ID="string_169" HPOS="1087" VPOS="1196" WIDTH="42" HEIGHT="29" WC="0.93" CONTENT="de"/><SP WIDTH="20" VPOS="1196" HPOS="1129"/>
							<String ID="string_170" HPOS="1149" VPOS="1196" WIDTH="163" HEIGHT="39" WC="0.92" CONTENT="varuslag"/><SP WIDTH="20" VPOS="1196" HPOS="1312"/>
							<String ID="string_171" HPOS="1332" VPOS="1195" WIDTH="113" HEIGHT="30" WC="0.90" CONTENT="under"/><SP WIDTH="21" VPOS="1195" HPOS="1445"/>
							<String ID="string_172" HPOS="1466" VPOS="1195" WIDTH="159" HEIGHT="29" WC="0.90" CONTENT="tulltaxe-"/>
						</TextLine>
						<TextLine ID="line_20" HPOS="434" VPOS="1245" WIDTH="1144" HEIGHT="40">
							<String ID="string_173" HPOS="434" VPOS="1257" WIDTH="162" HEIGHT="20" WC="0.96" CONTENT="nummer"/><SP WIDTH="20" VPOS="1257" HPOS="596"/>
							<String ID="string_174" HPOS="616" VPOS="1247" WIDTH="106" HEIGHT="34" WC="0.96" CONTENT="23.07,"/><SP WIDTH="22" VPOS="1247" HPOS="722"/>
							<String ID="string_175" HPOS="744" VPOS="1256" WIDTH="76" HEIGHT="21" WC="0.96" CONTENT="som"/><SP WIDTH="20" VPOS="1256" HPOS="820"/>
							<String ID="string_176" HPOS="840" VPOS="1246" WIDTH="167" HEIGHT="30" WC="0.96" CONTENT="omfattas"/><SP WIDTH="21" VPOS="1246" HPOS="1007"/>
							<String ID="string_177" HPOS="1028" VPOS="1256" WIDTH="43" HEIGHT="20" WC="0.96" CONTENT="av"/><SP WIDTH="19" VPOS="1256" HPOS="1071"/>
							<String ID="string_178" HPOS="1090" VPOS="1246" WIDTH="251" HEIGHT="39" WC="0.96" CONTENT="förordningen"/><SP WIDTH="22" VPOS="1246" HPOS="1341"/>
							<String ID="string_179" HPOS="1363" VPOS="1245" WIDTH="98" HEIGHT="30" WC="0.79" CONTENT="1956:"/><SP WIDTH="16" VPOS="1245" HPOS="1461"/>
							<String ID="string_180" HPOS="1477" VPOS="1245" WIDTH="101" HEIGHT="35" WC="0.79" CONTENT="401;»"/>
						</TextLine>
					</TextBlock>
				</ComposedBlock>
				<ComposedBlock ID="cblock_3" HPOS="169" VPOS="1350" WIDTH="405" HEIGHT="33">
					<TextBlock ID="block_7" HPOS="169" VPOS="1350" WIDTH="405" HEIGHT="33">
						<TextLine ID="line_21" HPOS="169" VPOS="1350" WIDTH="405" HEIGHT="33">
							<String ID="string_181" HPOS="169" VPOS="1350" WIDTH="35" HEIGHT="33" WC="0.95" CONTENT="5)"/><SP WIDTH="25" VPOS="1350" HPOS="204"/>
							<String ID="string_182" HPOS="229" VPOS="1360" WIDTH="42" HEIGHT="20" WC="0.95" CONTENT="av"/><SP WIDTH="19" VPOS="1360" HPOS="271"/>
							<String ID="string_183" HPOS="290" VPOS="1350" WIDTH="82" HEIGHT="29" WC="0.95" CONTENT="herr"/><SP WIDTH="17" VPOS="1350" HPOS="372"/>
							<String ID="string_184" HPOS="389" VPOS="1350" WIDTH="185" HEIGHT="29" WC="0.96" CONTENT="Jonasson."/>
						</TextLine>
					</TextBlock>
				</ComposedBlock>
				<ComposedBlock ID="cblock_4" HPOS="376" VPOS="2467" WIDTH="1000" HEIGHT="32">
					<TextBlock ID="block_8" HPOS="376" VPOS="2467" WIDTH="1000" HEIGHT="32">
						<TextLine ID="line_22" HPOS="376" VPOS="2467" WIDTH="1000" HEIGHT="32">
							<String ID="string_185" HPOS="376" VPOS="2472" WIDTH="166" HEIGHT="25" WC="0.96" CONTENT="Stockholm"/><SP WIDTH="15" VPOS="2472" HPOS="542"/>
							<String ID="string_186" HPOS="557" VPOS="2471" WIDTH="74" HEIGHT="24" WC="0.96" CONTENT="1962."/><SP WIDTH="21" VPOS="2471" HPOS="631"/>
							<String ID="string_187" HPOS="652" VPOS="2471" WIDTH="79" HEIGHT="24" WC="0.96" CONTENT="Isaac"/><SP WIDTH="12" VPOS="2471" HPOS="731"/>
							<String ID="string_188" HPOS="743" VPOS="2471" WIDTH="112" HEIGHT="23" WC="0.96" CONTENT="Marcus"/><SP WIDTH="12" VPOS="2471" HPOS="855"/>
							<String ID="string_189" HPOS="867" VPOS="2468" WIDTH="187" HEIGHT="31" WC="0.96" CONTENT="Boktryckeri"/><SP WIDTH="13" VPOS="2468" HPOS="1054"/>
							<String ID="string_190" HPOS="1067" VPOS="2467" WIDTH="170" HEIGHT="31" WC="0.96" CONTENT="Aktiebolag"/><SP WIDTH="43" VPOS="2467" HPOS="1237"/>
							<String ID="string_191" HPOS="1280" VPOS="2470" WIDTH="96" HEIGHT="23" WC="0.91" CONTENT="620451"/>
						</TextLine>
					</TextBlock>
				</ComposedBlock>
			</PrintSpace>
		</Page>
	</Layout>
</alto>
