1908 2760
453 166 388 31 Jordbruksutskottets
866 165 179 30 utlåtande
1068 173 43 20 nr
1135 165 39 30 10
1198 164 39 29 år
1262 164 83 29 1962
1609 164 38 29 217

193 252 173 40 Omkring
391 252 135 30 hälften
552 261 41 20 av
619 251 148 30 råvaran
792 250 58 30 vid
875 249 225 39 tillverkning
1127 258 41 20 av
1193 247 310 31 kärnbindemedel
1530 247 119 39 utgörs

150 304 106 40 enligt
283 302 390 41 jordbruksnämndens
701 301 216 39 redogörelse
945 309 42 21 av
1014 298 256 40 veteeftermjöl
1298 298 65 30 och
1392 297 87 30 visst
1508 297 73 39 slag
1609 305 40 22 av

149 354 175 39 vetemjöl.
345 354 66 30 Vid
432 353 145 30 införsel
601 362 42 20 av
665 352 124 30 sådant
808 351 87 40 mjöl
917 352 95 28 uttas
1033 349 161 31 införsel-
1216 349 64 30 och
1303 348 347 40 kompensationsav-

151 404 103 39 gifter
274 405 78 29 med
374 404 146 39 tillhopa
540 403 41 31 28
602 404 52 29 kr.
676 402 41 31 40
737 404 58 29 öre
816 411 61 30 per
897 401 148 34 deciton,
1066 400 108 30 vilket
1195 401 38 29 är
1254 400 19 29 8
1292 399 53 30 kr.
1368 399 40 30 85
1430 399 59 30 öre
1510 407 74 21 mer
1607 399 42 29 än

150 455 245 30 motsvarande
418 454 147 40 avgifter
587 454 67 30 den
679 455 14 28 1
718 453 141 40 januari
884 452 94 30 1960.

194 506 74 29 Den
293 505 203 40 minskning
521 514 43 20 av
588 504 256 39 gränsskyddet
869 503 65 30 och
958 503 67 29 den
1050 502 131 39 ökning
1207 511 42 20 av
1273 500 376 34 råvarukostnaderna,

151 565 75 20 som
254 556 148 30 sålunda
429 556 91 30 skett
545 555 12 29 i
585 555 98 39 fråga
709 563 58 21 om
792 553 322 33 kärnbindemedel,
1140 552 65 30 har
1231 551 153 30 medfört
1410 560 43 21 en
1479 550 171 39 väsentlig

151 606 212 40 försämring
389 616 41 20 av
454 606 40 30 de
518 605 230 30 ekonomiska
772 604 342 39 förutsättningarna
1139 603 54 30 för
1218 603 67 29 den
1312 602 149 30 svenska
1485 601 164 30 kärnbin-

151 657 364 30 demedelsindustrin.
543 656 99 30 Efter
668 657 49 28 att
743 656 46 29 ha
815 655 193 30 undersökt
1034 654 94 30 olika
1155 653 221 39 möjligheter
1404 654 50 28 att
1481 652 168 39 begränsa

148 707 367 31 råvarukostnaderna
538 706 149 30 föreslår
709 705 382 40 jordbruksnämnden,
1116 706 50 28 att
1191 704 107 39 priset
1322 703 45 40 på
1391 703 57 30 det
1471 704 91 28 vete-
1587 702 61 30 och

150 757 264 40 veteeftermjöl,
440 766 74 21 som
540 757 158 30 används
721 756 58 30 vid
803 755 270 40 tillverkningen
1100 764 41 21 av
1166 753 320 37 kärnbindemedel,
1512 753 140 30 reduce-

151 816 56 22 ras
225 809 81 29 med
323 810 48 28 ett
389 808 134 39 belopp,
544 817 75 20 som
639 816 119 22 svarar
777 809 72 28 mot
869 807 67 29 den
953 806 59 30 vid
1029 805 99 40 varje
1146 805 166 39 tidpunkt
1331 804 159 40 gällande
1509 812 143 31 procen-

152 859 106 30 tuella
290 858 278 40 avtrappningen
600 868 42 20 av
672 857 345 40 införselavgifterna
1048 856 55 30 för
1134 855 310 31 kärnbindemedel
1477 856 175 38 gentemot

152 909 311 30 EFTA-länderna.

196 960 71 30 Mot
289 959 391 40 jordbruksnämndens
703 959 130 39 förslag
856 959 64 29 har
944 958 60 39 jag
1027 958 11 29 i
1062 957 137 40 princip
1224 957 87 30 intet
1335 958 49 28 att
1407 956 126 29 erinra.
1559 955 12 29 I
1596 965 56 20 en-

152 1010 106 40 lighet
286 1010 145 30 härmed
459 1010 161 30 förordar
647 1010 69 39 jag,
745 1011 49 28 att
823 1009 178 29 nämnden
1028 1009 93 33 eller,
1149 1008 80 29 med
1256 1007 79 30 dess
1363 1006 288 40 bemyndigande,

153 1060 204 39 föreningen
381 1059 130 31 Svensk
536 1059 334 40 spannmålshandel
894 1059 89 30 skall
1007 1060 64 38 äga
1093 1060 50 28 att
1165 1058 80 30 från
1268 1058 64 29 och
1355 1058 78 29 med
1456 1057 67 30 den
1547 1058 14 28 1
1586 1056 66 40 juli

154 1110 93 35 1962,
273 1111 80 30 med
377 1111 141 40 ledning
543 1120 42 20 av
608 1111 429 39 tlillverkningsrapporter
1062 1109 80 30 från
1167 1108 228 31 tillverkarna
1420 1117 41 21 av
1485 1107 167 30 kärnbin-

153 1162 163 35 demedel,
340 1162 150 30 utbetala
513 1161 410 39 prisutjämningsbidrag
946 1160 91 30 intill
1064 1159 241 40 nyssnämnda
1329 1159 124 39 belopp
1478 1167 62 31 per
1565 1158 86 29 kilo-

153 1219 97 31 gram
278 1211 56 30 för
360 1212 57 29 det
446 1212 73 39 slag
547 1221 42 20 av
614 1213 90 28 vete-
730 1211 83 30 eller
840 1210 265 39 veteeftermjöl,
1135 1218 77 21 som
1239 1210 148 29 använts
1414 1209 58 29 vid
1500 1208 153 30 tillverk-

153 1262 139 39 ningen.
314 1262 52 30 Då
385 1262 95 30 inom
500 1262 120 31 landet
641 1261 193 31 framställs
855 1261 162 39 omkring
1039 1262 18 29 2
1071 1260 63 30 000
1155 1263 61 27 ton
1237 1259 321 34 kärnbindemedel,
1580 1259 70 29 kan

152 1311 57 30 det
228 1312 110 31 tolala
356 1311 458 40 prisutjämningsbeloppet
834 1311 54 30 för
908 1310 219 30 närvarande
1149 1310 172 30 beräknas
1343 1310 116 39 uppgå
1479 1310 52 29 till
1552 1310 101 39 drygt

155 1361 60 30 100
230 1361 63 31 000
318 1362 53 30 kr.
397 1371 60 30 per
482 1362 49 30 år.
558 1362 117 39 Enligt
701 1362 72 29 min
799 1362 141 38 mening
966 1361 63 30 bör
1055 1361 161 39 beloppet
1241 1361 127 29 liksom
1393 1360 45 30 då
1463 1361 58 29 det
1547 1360 106 39 gäller

153 1412 116 30 torkat
298 1412 222 40 äggalbumin
547 1412 121 30 ställas
695 1413 51 29 till
774 1411 209 40 förfogande
1010 1420 42 20 ur
1079 1412 42 28 de
1148 1410 401 40 införselavgiftsmedel,
1579 1419 72 21 som

152 1462 144 39 inflyter
317 1463 122 29 utöver
461 1462 260 30 normalramen
745 1462 54 30 för
822 1462 67 29 den
912 1462 181 39 egentliga,
1118 1461 147 40 löpande
1288 1461 365 39 prisregleringsverk-

154 1513 192 29 samheten.

196 1587 68 30 För
288 1589 41 29 de
353 1588 116 40 övriga
493 1588 283 36 stärkelsevaror,
802 1597 75 21 som
901 1587 171 40 påverkas
1098 1597 41 20 av
1163 1587 402 34 EFTA-konventionen,
1591 1587 62 30 har

152 1637 370 39 jordbruksnämnden
546 1639 72 29 inte
642 1648 46 20 nu
712 1638 165 39 framlagt
901 1638 131 40 förslag
1056 1638 52 30 till
1133 1638 161 39 åtgärder
1319 1639 120 29 utöver
1464 1638 90 34 dem,
1580 1647 73 20 som

152 1689 80 29 med
257 1689 77 30 stöd
360 1698 41 21 av
426 1689 293 30 statsmakternas
743 1689 113 30 beslut
881 1689 126 30 hittills
1032 1689 176 39 vidtagits.
1233 1689 74 29 Vad
1333 1689 176 29 nämnden
1535 1688 118 30 härut-

153 1739 109 29 innan
282 1739 116 30 anfört
418 1739 198 31 föranleder
635 1740 71 29 inte
725 1740 114 39 någon
859 1740 141 29 erinran
1020 1739 80 30 från
1119 1739 74 29 min
1213 1739 83 31 sida.

198 1806 13 28 I
230 1806 152 39 enlighet
400 1807 77 29 med
498 1807 181 29 uttalande
697 1807 56 29 vid
776 1807 78 29 1961
877 1807 56 29 års
953 1806 142 39 riksdag
1115 1806 128 39 åligger
1262 1807 56 29 det
1338 1806 316 39 jordbruksnämn-

154 1855 65 30 den
246 1858 49 27 att
318 1874 44 4 —
386 1865 56 21 om
467 1859 48 27 ett
538 1866 98 20 mera
661 1857 166 39 påtagligt
852 1856 300 30 inkomstbortfall
1177 1856 54 30 för
1255 1856 208 39 jordbruket
1487 1857 53 29 till
1565 1857 88 38 följd

155 1915 41 20 av
224 1906 393 30 EFTA-konventionen
647 1906 186 31 framdeles
863 1907 112 29 skulle
1005 1907 128 39 uppstå
1161 1926 43 3 —
1232 1907 51 29 till
1314 1907 125 39 Kungl.
1469 1907 106 39 Maj:t
1604 1907 50 29 in-

154 1955 143 31 komma
324 1957 79 29 med
431 1956 140 40 förslag,
602 1966 72 21 som
704 1957 69 30 kan
803 1958 116 38 läggas
949 1957 52 29 till
1031 1957 112 39 grund
1173 1957 54 30 för
1256 1957 194 29 nämndens
1479 1958 175 38 överlägg-

155 2006 124 39 ningar
305 2007 11 28 i
345 2007 115 30 ämnet
489 2008 78 28 med
595 2007 226 39 jordbrukets
849 2007 452 40 förhandlingsdelegation.
1331 2008 77 29 Med
1436 2008 138 39 hänsyn
1603 2008 48 30 till

154 2056 373 40 importutvecklingen
551 2058 111 29 under
684 2057 236 30 innevarande
944 2058 231 39 regleringsår
1198 2058 172 29 beräknar
1393 2058 187 38 nämnden,
1605 2060 49 28 att

155 2106 40 29 de
225 2107 299 30 inkomstbortfall
554 2108 65 29 och
649 2108 165 30 förluster
845 2108 54 29 för
927 2108 218 39 jordbruket,
1177 2117 74 21 som
1281 2109 69 29 kan
1380 2108 45 30 ha
1455 2109 158 39 uppstålt
1644 2109 9 28 i

154 2155 399 40 EFTA-sammanhang,
574 2157 146 30 bortsett
739 2158 78 30 från
840 2159 330 33 stärkelsevarorna,
1192 2158 134 39 uppgår
1346 2158 51 30 till
1420 2158 234 30 förhållande-

154 2205 50 30 vis
221 2207 76 29 små
312 2206 134 39 belopp.
463 2207 183 30 Nämnden
664 2208 63 29 och
745 2208 486 39 förhandlingsdelegationen
1248 2209 64 28 har
1327 2209 106 38 enligt
1448 2209 67 29 vad
1533 2210 121 28 nämn-

154 2255 66 29 den
241 2256 164 38 upplyser
426 2258 123 33 ansett,
571 2259 49 27 att
642 2257 122 40 frågan
786 2267 56 20 om
863 2267 41 20 en
926 2258 119 39 slutlig
1065 2258 171 39 reglering
1257 2268 41 19 av
1319 2267 46 20 nu
1387 2258 267 40 ifrågavarande

155 2304 166 30 törluster
343 2306 186 39 lämpligen
555 2306 61 30 bör
640 2307 36 30 få
699 2308 100 29 anstå
822 2308 199 38 ylterligare
1045 2308 112 38 någon
1181 2308 61 29 lid.
1268 2308 71 30 Mot
1361 2309 115 30 denna
1500 2309 154 38 uppfatt-

155 2354 82 40 ning
261 2355 116 30 finner
399 2356 58 39 jag
481 2357 71 29 inte
577 2357 187 39 anledning
788 2358 82 39 göra
893 2358 152 29 erinran.
1070 2358 13 29 I
1108 2367 121 21 senare
1253 2359 255 38 sammanhang
1532 2360 122 28 ämnar

154 2404 59 39 jag
236 2405 137 36 föreslå,
398 2408 48 28 att
469 2407 177 29 nämnden
670 2408 87 29 skall
781 2408 132 30 erhålla
936 2409 159 39 uppdrag
1118 2411 49 27 atl
1228 2429 4 2 --—
1255 2410 86 28 även
1365 2418 56 20 om
1445 2411 47 28 ett
1515 2411 140 28 eventu-

154 2454 59 30 ellt
235 2455 297 31 inkomstbortfall
557 2457 70 30 inte
650 2457 67 30 kan
742 2458 177 30 betraktas
944 2458 115 30 såsom
1083 2468 94 20 mera
1200 2459 166 39 påtagligt
1395 2450 27 53 —
1454 2460 51 30 till
1529 2460 124 39 Kungl.

156 2504 102 40 Maj:l
281 2506 180 30 inkomma
483 2508 76 29 med
583 2518 40 19 en
647 2509 151 29 översikt
822 2509 7 28 i
854 2509 99 38 fråga
975 2519 55 19 om
1053 2510 100 29 dessa
1177 2509 175 31 förluster.
