1868 2786
479 155 405 47 Bevillningsutskottets
905 151 218 37 betänkande
1143 161 42 22 nr
1203 150 51 32 41.
1583 141 36 32 17

474 252 33 34 1)
532 250 146 33 besluta,
698 248 50 29 att
766 246 55 30 för
841 244 94 30 tiden
954 242 79 30 från
1053 240 65 30 och
1137 238 77 30 med
1234 237 67 29 den
1323 235 13 29 1
1360 231 153 32 februari
1536 229 82 30 1955

430 304 52 29 till
501 303 66 30 och
587 300 79 30 med
686 299 74 38 dag,
782 305 76 21 som
879 293 124 39 Kungl.
1025 290 107 39 Maj:t
1153 288 220 32 bestämmer,
1395 283 88 30 dock
1503 280 118 30 senast

433 354 66 29 den
523 352 39 30 31
588 349 141 41 januari
757 346 94 34 1956,
876 345 68 29 rätt
968 344 50 29 att
1043 341 54 29 till
1120 340 90 29 riket
1233 337 117 30 införa
1374 334 120 30 socker
1526 331 97 35 (tull-

433 407 241 28 taxenummer
703 399 61 30 119
792 397 64 31 och
887 395 77 34 120)
996 393 79 30 med
1104 401 42 20 av
1172 388 125 40 Kungl.
1325 385 106 40 Maj:t
1458 382 165 39 stadgade

433 456 180 37 undantag
632 452 75 30 icke
728 449 89 31 skall
836 447 197 30 tillkomma
1054 451 118 22 annan
1193 442 44 29 än
1257 440 114 29 staten
1390 436 81 30 eller
1491 434 77 34 den,
1589 433 35 29 åt

433 507 117 30 vilken
569 502 126 40 Kungl.
715 500 106 39 Maj:t
842 496 168 33 överlåter
1031 494 110 31 sådan
1160 493 83 33 rätt;

478 558 36 34 2)
541 553 210 41 bemyndiga
773 549 127 39 Kungl.
923 547 105 39 Maj:t
1051 546 51 29 att
1124 542 141 31 utfärda
1288 540 42 30 de
1353 540 160 28 närmare
1536 535 90 30 före-

437 608 153 33 skrifter,
618 614 74 21 som
719 603 57 30 må
803 599 177 32 erfordras
1007 597 54 29 för
1089 590 308 45 upprätthållande
1424 598 41 21 av
1491 596 47 20 nu
1568 593 59 22 an-

438 660 100 40 givna
564 655 207 33 ensamrätt;
798 652 92 30 samt

481 710 36 34 3)
542 707 133 39 medge,
696 706 50 30 att
766 702 93 32 avtal
879 701 59 30 må
956 698 127 31 träffas
1105 696 128 30 mellan
1255 694 113 29 staten
1389 690 62 31 och
1474 688 155 31 Svenska

440 752 493 38 sockerfabriksaktiebolaget
951 748 147 31 rörande
1118 741 387 37 sockertillverkningen
1522 747 44 21 m.
1586 747 44 20 m.

438 813 13 29 i
472 807 235 39 huvudsaklig
730 799 347 37 överensstämmelse
1101 798 79 29 med
1202 796 66 30 vad
1294 785 337 52 departementsche-

441 864 57 29 fen
517 862 57 30 vid
594 858 159 32 ärendets
772 852 248 40 föredragning
1038 849 95 30 inför
1151 846 125 39 Kungl.
1296 844 105 39 Maj:t
1421 842 126 30 anfört.

180 934 200 33 Stockholm
400 932 64 30 den
484 931 18 29 6
522 928 90 42 april
633 925 92 31 1954.

566 1030 48 30 På
635 1022 397 41 bevillningsutskottets
1054 1019 145 38 vägnar:

659 1127 115 31 FILIP
798 1120 314 35 KRISTENSSON.

767 1332 240 35 Närvarande:

188 1409 79 31 från
301 1405 166 32 första
502 1403 222 29 kammaren:
750 1397 123 29 herrar
899 1393 169 32 Heäman,
1096 1389 108 40 Spetz,
1230 1385 124 32 Gustaf
1381 1382 172 33 Elofsson,
1580 1380 63 29 Ve-

144 1452 130 33 lander,
294 1446 212 41 Söderquist,
526 1443 199 32 Niklasson,
744 1439 108 30 Einar
872 1435 178 32 Eriksson,
1070 1430 212 33 Damström,
1303 1428 114 38 Snygg
1435 1425 63 30 och
1518 1422 127 30 fröken

147 1492 193 35 Ranmark;
363 1490 90 30 samt

192 1553 79 31 från
304 1549 154 33 andra
489 1547 223 29 kammaren:
735 1542 123 28 herrar
882 1537 225 30 Kristensson
1130 1533 11 29 i
1165 1531 102 40 Osby,
1292 1526 145 41 Orgård,
1460 1526 153 29 Jonsson
1637 1521 11 29 i

150 1590 210 48 Skedsbygd,
381 1590 140 37 Brandt,
541 1586 131 34 Allard,
693 1582 162 35 Strandh,
877 1579 180 30 Anderson
1076 1577 11 28 i
1110 1573 194 34 Sundsvall,
1325 1570 136 30 Nilsson
1483 1568 10 28 i
1514 1565 134 34 Svalöv,

150 1640 70 40 Asp
240 1638 64 29 och
324 1635 199 30 Andersson
541 1632 11 28 i
572 1628 136 32 Essvik.

201 2562 16 25 2
257 2560 112 28 Bihang
381 2557 45 24 till
438 2555 168 29 riksdagens
618 2549 145 34 protokoll
779 2548 74 25 1954.
874 2547 14 24 7
901 2545 81 24 saml.
1003 2544 39 24 Nr
1061 2542 107 26 39-42.
