1878 2764
461 186 120 30 Andra
596 184 246 38 lagutskottets
859 184 179 30 utlåtande
1054 192 42 20 nr
1111 184 40 29 32
1168 183 39 29 år
1225 182 81 29 1964
1606 179 18 28 3

140 275 125 30 dernas
286 274 255 31 handhavande
562 274 63 29 och
646 273 160 30 inbördes
829 272 195 34 relationer,
1044 271 96 30 torde
1160 270 106 30 likväl
1287 268 267 38 möjligheterna
1575 266 50 30 till

140 329 142 38 politisk
298 328 160 38 styrning
473 337 42 20 av
531 326 373 38 kapitalströmmande
919 324 184 37 väsentligt
1119 323 168 31 minskas.

184 382 49 30 De
262 382 78 30 med
369 381 66 30 den
464 380 197 37 föreslagna
690 379 185 37 delningen
904 387 41 21 av
973 377 227 30 AP-medlens
1232 375 211 37 förvaltning
1472 373 157 36 förknip-

140 436 87 37 pade
249 434 185 39 praktiska
456 434 201 37 problemen
681 433 97 30 torde
801 432 84 30 böra
909 432 140 30 utredas
1073 440 42 21 av
1139 439 41 21 en
1204 428 309 39 parlamentariskt
1538 435 89 21 sam-

140 490 154 29 mansatt
315 488 186 37 utredning
522 488 78 29 med
621 487 134 30 biträde
776 495 40 21 av
838 487 157 36 experter
1015 484 79 30 från
1115 483 203 37 näringsliv,
1339 480 287 32 kreditmarknad

142 544 90 29 samt
248 543 280 36 representanter
542 541 56 29 för
612 541 107 29 bank-
733 540 65 30 och
814 538 341 38 fondinspektionen.

798 667 168 31 Utskottet

184 738 67 30 För
276 738 179 30 allmänna
478 735 298 39 pensionsfonden
800 736 38 29 är
862 744 42 20 en
927 733 150 31 särskild
1101 732 214 38 förvaltning
1338 731 192 35 anordnad,
1554 738 74 22 som

141 792 159 30 handhas
330 801 42 21 av
399 793 53 28 tre
479 791 174 37 styrelser.
681 789 123 30 Första
832 788 258 38 fondstyrelsen
1118 786 169 31 förvaltar
1315 785 147 38 avgifter
1490 783 139 38 erlagda

142 845 54 31 för
222 847 133 29 statens
383 845 65 30 och
474 845 274 29 kommunernas
776 842 183 36 anställda,
986 842 108 29 andra
1122 840 258 37 fondstyrelsen
1406 838 148 37 avgifter
1580 845 50 21 er-

143 900 99 37 lagda
263 899 55 30 för
338 899 174 30 anställda
532 898 10 29 i
562 897 157 30 enskilda
739 896 135 38 företag
894 896 76 30 med
991 895 106 30 minst
1118 894 40 31 20
1178 894 237 36 arbetstagare
1434 892 64 30 och
1518 890 112 37 tredje

144 953 257 37 fondstyrelsen
427 951 148 38 avgifter
598 951 55 29 för
675 950 174 30 anställda
873 949 10 30 i
907 949 133 37 företag
1063 948 77 30 med
1164 947 136 30 mindre
1324 947 44 29 än
1392 946 40 30 20
1457 944 173 31 anställda

144 1008 164 28 ävensom
337 1006 42 29 de
408 1004 246 39 egenavgifter,
681 1004 94 29 vilka
804 1003 152 37 erlägges
986 1002 54 29 för
1068 1001 155 30 inkomst
1251 1010 42 20 av
1321 1001 108 28 annat
1458 998 173 30 förvärvs-

144 1060 116 30 arbete
281 1061 44 28 än
346 1058 224 37 anställning.
591 1057 106 37 Varje
717 1056 233 37 fondstyrelse
969 1055 116 30 består
1104 1064 41 20 av
1166 1054 57 29 nio
1244 1063 42 20 av
1307 1053 124 37 Kungl.
1453 1052 106 36 Maj:t
1579 1052 52 28 ut-

143 1114 106 29 sedda
278 1113 200 30 ledamöter.
508 1111 77 30 Alla
613 1111 200 34 ledamöter,
841 1111 97 29 utom
966 1108 236 31 ordföranden
1230 1108 10 29 i
1269 1106 96 37 varje
1394 1106 145 37 styrelse
1566 1104 65 30 och

144 1167 57 30 två
224 1176 42 20 av
289 1167 41 29 de
354 1166 109 30 andra
486 1165 237 30 ledamöterna
747 1164 11 30 i
781 1163 110 30 första
915 1162 268 37 fondstyrelsen,
1206 1162 94 28 utses
1326 1160 87 29 efter
1436 1159 131 37 förslag
1591 1167 40 20 av

143 1220 288 38 organisationer,
452 1228 75 21 som
549 1218 192 30 företräder
762 1216 205 31 försäkrade
987 1215 65 31 och
1073 1214 292 38 avgiftsbetalare.
1387 1212 244 37 Fondstyrelse

144 1275 80 37 äger
242 1274 150 30 anställa
411 1273 42 30 de
468 1272 228 37 tjänstemän,
714 1280 75 21 som
808 1270 115 30 finnes
941 1269 237 36 erforderliga.
1196 1269 50 29 De
1262 1270 52 28 tre
1332 1266 300 37 fondstyrelserna

143 1328 64 29 har
220 1328 218 36 gemensamt
453 1326 125 30 kansli.

188 1381 13 29 I
223 1380 229 30 förevarande
472 1378 173 30 motioner
663 1377 201 30 hemställes
883 1386 57 20 om
959 1375 187 37 utredning
1166 1374 178 37 angående
1364 1372 268 37 möjligheterna

145 1435 50 29 att
221 1433 93 30 förse
340 1433 178 29 allmänna
544 1430 317 39 pensionsfondens
886 1432 52 28 tre
962 1428 181 31 delfonder
1168 1428 78 29 med
1271 1436 62 21 var
1357 1427 60 29 sitt
1442 1425 191 30 fristående

145 1487 126 34 kansli,
289 1487 10 29 i
318 1486 91 37 syfte
427 1487 49 28 att
494 1485 140 30 minska
650 1484 67 30 den
734 1482 367 31 maktkoncentration
1120 1490 75 21 som
1213 1481 66 29 den
1296 1479 203 30 nuvarande
1516 1479 117 29 enhet-

145 1541 67 37 liga
229 1539 259 38 förvaltningen
505 1538 249 37 underbygger.

190 1594 177 31 Utskottet
392 1593 65 29 har
482 1593 10 28 i
518 1592 181 30 utlåtande
724 1600 42 21 nr
790 1590 38 30 31
857 1590 39 30 år
922 1589 83 31 1964
1029 1589 120 37 begärt
1174 1587 186 37 utredning
1386 1587 111 29 under
1521 1585 113 38 parla-

146 1648 193 30 mentarisk
360 1646 212 30 medverkan
609 1645 177 37 angående
806 1644 44 30 bl.
865 1653 29 20 a.
915 1642 364 36 fondförvaltningens
1300 1640 166 30 framtida
1487 1639 147 30 utform-

147 1702 92 37 ning.
260 1702 52 29 En
331 1700 110 31 sådan
458 1699 187 37 utredning
663 1698 62 30 bör
744 1699 87 29 även
849 1698 120 29 kunna
988 1697 50 30 till
1059 1695 170 38 prövning
1248 1696 153 36 upptaga
1419 1703 48 20 nu
1486 1692 149 31 aktuali-

147 1755 120 30 serade
287 1753 183 39 spörsmål.
491 1752 47 30 På
556 1752 113 38 grund
688 1752 108 29 härav
815 1759 102 22 anser
936 1750 169 30 utskottet
1123 1749 105 36 något
1249 1747 150 30 initiativ
1418 1747 10 29 i
1447 1746 187 36 anledning

146 1817 42 21 av
204 1807 229 30 förevarande
448 1806 172 30 motioner
634 1805 75 30 icke
724 1804 231 36 erforderligt.

190 1861 178 30 Utskottet
384 1859 54 30 får
452 1859 133 30 således
601 1858 196 34 hemställa,

512 1913 51 28 att
591 1911 230 34 motionerna,
849 1909 97 31 1:436
974 1909 63 30 och
1067 1908 124 34 11:526,
1219 1908 75 29 icke
1322 1907 106 29 måtte
1457 1906 179 29 föranleda

467 1956 114 37 någon
598 1956 203 36 riksdagens
817 1954 132 38 åtgärd.

191 2065 202 31 Stockholm
409 2065 66 29 den
490 2063 18 30 2
525 2063 88 38 april
631 2063 83 29 1964

591 2169 48 30 På
658 2169 109 30 andra
787 2168 245 37 lagutskottets
1052 2167 146 36 vägnar:

679 2257 115 30 JOHN
815 2257 37 29 R.
874 2254 237 30 ANDERSON
