1848 2792
537 169 285 30 Statsutskottets
848 169 180 30 utlåtande
1052 178 43 21 nr
1114 168 73 31 146.
1560 169 38 30 15

731 457 230 43 Förslag

816 526 53 31 till

104 595 246 44 kungörelse
373 606 65 23 om
463 595 156 34 ändrad
643 595 153 44 lydelse
819 606 50 23 av
892 596 44 33 10
959 593 20 45 8
1004 595 74 34 och
1102 595 43 34 13
1169 593 20 45 8
1212 596 22 32 2
1258 605 119 23 mom.
1400 595 88 34 1947
1517 593 66 35 års

188 657 591 44 familjepensionsreglemente
802 656 63 34 för
887 656 231 34 folkskolan
1143 656 78 34 den
1244 657 45 33 30
1310 656 85 43 juni
1418 657 88 33 1947

751 717 68 42 (ar
840 717 94 43 421).

137 812 212 40 Härigenom
368 812 196 35 förordnas,
583 813 50 29 att
654 812 40 31 10
715 812 16 37 $
753 812 64 30 och
838 811 38 31 13
898 812 15 36 $
935 811 19 30 2
973 820 104 21 mom.
1099 810 83 31 1947
1203 811 57 30 års
1280 811 317 40 familjepensions-

94 863 209 39 reglemente
324 863 54 30 för
399 862 200 31 folkskolan
620 863 66 30 den
708 862 41 30 30
769 863 78 39 juni
870 862 83 30 1947
976 862 98 30 skola
1095 861 133 31 erhålla
1249 862 133 30 ändrad
1403 862 129 39 lydelse
1552 861 44 40 på

94 914 66 29 sätt
182 913 117 30 nedan
318 913 151 40 angives.

797 997 39 30 10
863 996 28 37 8.

138 1073 123 30 Såsom
279 1073 152 39 tjänstår
448 1091 45 3 —
510 1091 45 3 —
570 1091 45 3 —
632 1073 113 30 under
765 1073 56 35 a);
843 1074 92 29 samt

137 1124 34 33 c)
201 1124 62 34 tid,
282 1133 74 20 som
373 1123 80 30 från
471 1123 186 31 dödsfallet
671 1124 86 30 eller
775 1123 178 40 avgången
972 1123 80 30 från
1068 1123 243 40 befattningen
1328 1123 58 30 må
1402 1123 90 30 hava
1509 1122 88 30 åter-

94 1174 83 30 stått
194 1174 53 30 till
264 1174 449 40 pensioneringsperiodens
730 1173 142 41 utgång.

797 1274 39 31 13
863 1275 28 37 38.

136 1351 20 29 2
176 1360 106 21 mom.
303 1351 402 39 Familjepensionstalet
725 1351 56 30 för
801 1351 149 30 livränta
970 1351 221 34 bestämmes,
1213 1351 63 30 där
1297 1350 30 40 ej
1351 1353 108 27 annat
1481 1350 115 30 föran-

94 1401 92 30 ledes
209 1410 43 22 av
273 1402 66 29 vad
360 1401 66 30 här
448 1402 115 29 nedan
585 1402 150 39 stadgas,
759 1401 53 30 till
835 1403 47 28 ett
903 1401 126 40 belopp
1052 1402 246 29 motsvarande
1321 1401 38 30 så
1383 1403 72 28 stor
1478 1401 53 30 del
1555 1410 41 21 av

93 1452 56 30 det
177 1451 57 31 för
260 1451 371 40 befattningshavaren
659 1453 118 29 senast
805 1451 159 40 gällande
992 1451 500 40 familjepensionunderlaget,
1522 1460 74 21 som

93 1502 131 30 antalet
245 1502 58 30 vid
326 1501 178 40 avgången
527 1501 189 40 uppnådda
739 1501 88 31 fulla
848 1502 83 29 eller
952 1501 191 40 påbörjade
1167 1501 191 40 fjärdedels
1380 1501 152 40 tjänstår
1555 1511 42 21 av

94 1553 56 29 det
170 1552 85 40 slag,
274 1561 120 21 varom
413 1552 11 30 i
446 1552 39 30 10
508 1552 15 37 $
545 1552 36 34 a)
603 1552 67 30 och
688 1551 40 35 b)
753 1552 177 34 förmäles,
950 1552 103 39 utgör
1071 1561 42 21 av
1135 1552 62 30 120
1218 1552 81 30 eller
1317 1570 45 3 —
1381 1553 63 29 där
1463 1552 57 30 vid
1540 1561 56 21 av-

94 1602 134 40 gången
254 1602 189 41 uppnådda
467 1602 161 40 tjänstår,
654 1602 153 30 utökade
832 1603 80 29 med
937 1602 52 31 tid
1014 1611 74 21 som
1115 1602 81 30 från
1221 1602 178 40 avgången
1425 1603 57 29 må
1507 1603 88 30 hava

94 1653 162 31 återstått
271 1654 53 29 till
340 1653 450 40 pensioneringsperiodens
807 1653 147 34 inträde,
972 1652 116 41 uppgå
1104 1653 54 30 till
1175 1662 74 21 mer
1267 1654 45 29 än
1330 1653 62 30 120
1410 1653 87 30 fulla
1514 1654 82 29 eller

93 1703 192 40 påbörjade
307 1703 191 39 fjärdedels
520 1703 152 40 tjänstår
692 1721 45 3 —
760 1713 41 21 av
824 1704 56 29 det
904 1704 111 29 större
1038 1703 57 35 tal,
1120 1712 75 22 som
1219 1704 231 40 uppkommer
1474 1712 121 32 genom

93 1754 148 31 berörda
262 1754 182 39 utökning.

137 1804 67 31 Vid
221 1804 194 39 beräkning
431 1822 45 3 —
492 1821 44 4 —
552 1822 44 3 —
613 1804 58 30 två
689 1804 221 40 tredjedelar.

138 1855 12 29 I
173 1855 113 39 övrigt
305 1872 43 3 —
368 1872 42 3 —
430 1872 44 3 —
496 1855 245 29 motsvarande
762 1854 233 40 tillämpning.

138 2014 122 29 Denna
284 2014 207 39 kungörelse
512 2014 116 30 träder
648 2014 10 30 i
682 2014 97 29 kraft
801 2014 64 29 den
889 2013 41 30 20
951 2013 79 40 juni
1053 2013 93 30 1951.
