2236 2620
731 205 250 31 Statsutskoltets
1012 203 173 33 Utlåtande
1208 203 66 33 N:o
1298 206 49 30 42.
1775 200 18 30 d

370 289 77 35 dels
483 288 62 36 ock
579 291 56 31 att
663 285 290 50 löseskillingen
982 285 113 48 finge,
1124 286 48 47 på
1199 295 147 24 samma
1372 286 77 32 sätt
1477 294 82 23 som
1587 279 247 50 köpeskillin-

244 352 117 37 garne
403 340 59 35 för
503 338 165 37 försålda
709 338 147 36 mindre
899 336 365 49 kronoegendomar,
1307 333 195 38 användas
1539 332 58 37 till
1632 332 117 49 inköp
1778 331 58 36 för

244 392 166 36 kronans
438 391 168 47 räkning
631 389 44 38 af
698 390 268 48 skogbärande
995 389 92 37 eller
1114 387 54 37 till
1199 386 213 49 skogsbörd
1439 385 142 50 tjenlig
1609 384 117 36 mark.

372 443 72 37 Till
464 442 276 37 ofvanberörda
758 440 379 50 statsrådsprotokoll
1157 440 68 36 har
1241 438 279 49 föredragande
1535 437 301 49 departements-

245 495 133 37 chefen
406 496 128 35 anfört
562 494 180 48 följande.

373 547 66 37 Uti
480 560 47 23 en
568 546 59 36 till
668 546 139 49 Kongl.
851 545 111 48 Maj:t
1001 543 110 48 stäld,
1153 543 41 36 af
1226 539 497 40 öfverståthållareembetet
1753 539 85 37 med

245 599 199 37 skrifvelse
486 599 42 36 af
566 598 74 36 den
681 599 47 35 25
771 598 75 48 maj
893 599 97 35 1900
1033 595 258 38 öfverlemnad
1327 594 111 37 skrift
1472 593 96 37 hade
1597 591 241 37 Stockholms

245 650 362 49 stadsfullmägtige,
650 650 86 37 med
763 649 200 48 förmälan,
1001 653 57 32 att
1086 647 242 49 fullmägtige
1356 646 167 37 beslutat
1550 644 142 49 inköpa
1717 657 120 35 egen-

245 703 180 37 domarne
466 702 209 48 Norsborg,
717 701 190 49 Vellinge,
949 699 239 50 Bergaholm,
1231 698 180 50 Fogelsta
1445 698 72 36 och
1546 696 180 37 Sturehof
1753 695 86 37 med

244 755 93 37 flera
365 755 104 36 inom
497 754 195 49 Botkyrka
717 753 75 37 och
821 753 145 38 Salems
994 753 161 36 socknar
1182 750 43 37 af
1247 750 242 37 Stockholms
1512 749 65 36 län
1596 748 58 37 för
1674 748 163 48 anlägg-

245 807 96 49 ning
379 807 42 36 af
454 811 54 32 ett
540 811 87 44 nytt
655 806 230 36 vattenverk
912 805 64 36 vid
1003 804 189 49 Bornsjön
1220 803 72 37 och
1320 802 169 37 Mälaren
1518 801 197 36 äfvensom
1743 799 95 50 god-

244 859 95 36 känt
367 858 210 50 uppgjordt
604 857 146 49 förslag
778 857 59 36 till
865 855 291 49 vattenledning
1182 856 87 35 från
1297 854 198 47 Norsborg
1522 852 59 37 till
1605 851 233 47 Stockholm,

245 911 129 36 vidare
416 911 136 46 anfört,
596 914 56 32 att
691 910 251 36 omförmälda
983 907 286 50 egendomsköp
1310 912 68 43 egt
1417 920 83 23 rum
1538 904 83 37 icke
1655 904 97 36 blott
1781 903 59 37 för

245 963 192 37 vinnande
466 962 43 37 af
532 961 182 50 lämpliga
742 966 272 44 vattentägter,
1043 965 93 31 utan
1162 959 72 36 ock
1262 959 12 35 i
1302 959 101 48 syfte
1432 963 63 42 att,
1523 956 125 37 såvidt
1674 955 163 49 möjligt,

247 1015 147 49 skydda
433 1015 111 36 dessa
581 1022 79 28 mot
686 1013 180 37 framtida
894 1012 232 48 förorening,
1155 1010 162 37 hvarvid
1344 1009 180 37 särskildt
1550 1009 100 48 lagts
1678 1008 85 49 vigt
1790 1010 49 46 på

245 1067 263 37 beherskande
537 1066 41 37 af
599 1066 211 48 Bornsjöns
839 1064 302 45 vattenområde;
1164 1068 54 31 att
1238 1063 135 36 staden
1393 1062 57 37 för
1469 1060 235 38 sistnämnda
1724 1060 114 36 ända-

247 1119 76 36 mål
364 1119 196 37 äfvensom
602 1119 58 36 för
700 1117 334 50 tillgodogörande
1075 1115 40 37 af
1145 1114 475 50 grundvattentillgången
1646 1112 13 36 i
1686 1112 153 36 trakten

246 1171 163 37 behöfde
449 1170 226 50 ytterligare
716 1170 205 48 förvärfva,
958 1168 117 37 bland
1111 1172 127 43 annat,
1268 1167 63 36 det
1359 1166 153 37 område
1540 1165 41 36 af
1604 1165 235 47 kronoegen-

246 1223 139 37 domen
413 1222 170 37 Lindhof
606 1222 13 36 i
646 1222 194 49 Botkyrka
869 1221 150 47 socken,
1047 1219 145 37 hvilket
1220 1218 259 49 begränsades
1507 1218 13 35 i
1547 1230 88 22 norr
1660 1216 43 36 af
1721 1216 119 36 Born-

248 1276 86 48 sjön
364 1275 69 36 och
462 1273 195 50 Botkyrka
686 1273 221 49 prestgårds
936 1285 103 36 egor,
1060 1272 13 35 i
1092 1275 102 32 öster
1214 1271 40 36 af
1271 1270 193 37 allmänna
1483 1268 238 48 landsvägen
1741 1272 99 32 samt

246 1327 12 36 i
300 1327 111 36 söder
453 1327 72 36 och
561 1330 127 32 vester
716 1326 41 36 af
780 1328 243 46 rågångarna
1051 1328 78 31 mot
1157 1322 103 49 Säby
1286 1322 74 36 och
1387 1321 181 48 Fogelsta
1595 1320 71 36 och
1693 1318 148 37 hvilket

248 1378 152 37 område
428 1378 124 48 enligt
579 1390 48 24 en
654 1378 42 36 af
719 1378 117 36 förste
865 1377 279 36 landtmätaren
1168 1374 127 36 Thure
1315 1374 123 36 Essén
1457 1376 42 33 år
1521 1373 97 35 1900
1638 1371 203 49 upprättad

248 1431 110 36 karta
399 1430 85 37 med
522 1430 90 36 derå
639 1427 181 40 tecknadt
848 1429 111 49 intyg
986 1432 169 45 upptoge
1185 1440 48 23 en
1262 1426 101 36 areal
1392 1426 40 35 af
1456 1426 112 46 82,90
1599 1424 78 47 har,
1707 1423 137 36 hvaraf

248 1485 111 44 3,278
399 1482 69 36 har
504 1481 176 50 utgjorde
708 1482 109 46 åker;
847 1481 70 37 och
946 1480 95 37 hade
1070 1478 349 49 stadsfullmägtige
1447 1480 48 46 på
1524 1476 123 49 grund
1676 1476 41 35 af
1742 1475 98 36 hvad

249 1535 159 36 sålunda
436 1534 145 36 anförts
610 1534 167 47 anhållit,
806 1534 115 36 bland
950 1536 128 43 annat,
1108 1544 59 23 om
1200 1529 172 38 tillstånd
1399 1530 60 36 för
1487 1528 242 37 Stockholms
1757 1528 84 35 stad

249 1591 56 32 att
346 1587 194 36 förvärfva
582 1585 249 37 omförmälda
873 1585 151 37 område
1066 1597 61 23 om
1167 1585 111 45 82,90
1319 1582 69 36 har
1416 1582 40 35 af
1482 1579 360 48 kronoegendomen

248 1638 170 36 Lindhof
455 1644 80 30 mot
574 1638 226 49 ersättning,
839 1650 82 23 som
948 1636 125 37 blefve
1102 1634 170 36 bestämd
1299 1634 12 36 i
1339 1634 73 36 den
1439 1632 177 49 ordning,
1646 1644 81 24 som
1756 1631 87 36 med

250 1690 177 36 afseende
470 1693 20 32 å
528 1689 108 49 jords
677 1689 92 37 eller
810 1688 202 49 lägenhets
1054 1686 195 37 afstående
1287 1686 60 36 för
1380 1685 158 36 allmänt
1565 1683 118 37 behof
1707 1683 135 36 funnes

249 1741 170 49 stadgad.

380 1793 52 36 Af
470 1793 46 35 de
556 1792 65 36 vid
655 1791 369 50 stadsfullmägtiges
1055 1789 284 48 framställning
1366 1788 138 48 fogade
1533 1787 228 48 handlingar
1789 1787 54 35 in-

249 1845 197 36 hemtades
474 1844 235 37 beträffande
738 1844 74 36 den
840 1844 223 48 ifrågasatta
1084 1840 541 49 vattenverksanläggningen
1644 1839 63 35 vid
1728 1839 115 35 Nors-

249 1898 98 48 borg
387 1897 71 36 och
499 1896 208 48 ledningen
749 1896 166 36 derifrån
956 1895 57 35 till
1047 1893 293 47 hufvudstaden,
1376 1897 54 32 att
1456 1891 269 36 vattenverket
1753 1903 90 23 vore

251 1949 122 36 afsedt
415 1953 54 32 att
510 1948 129 36 kunna
679 1948 125 36 lemna
843 1961 49 23 en
933 1946 276 48 vattenmängd
1251 1946 40 35 af
1319 1946 161 45 100,000
1509 1943 240 36 kubikmeter
1777 1955 67 35 per

250 2001 118 48 dygn,
398 2014 87 22 men
515 2004 65 43 att,
610 2002 40 33 så
677 1999 114 48 länge
817 1999 153 36 stadens
997 1998 227 35 vattenverk
1252 1997 65 35 vid
1342 1988 232 44 Årstaviken
1594 2007 88 23 vore
1703 1994 11 35 i
1734 1994 108 46 bruk,

250 2065 47 22 on
326 2055 41 33 så
395 2057 78 30 stor
507 2051 277 47 vattenmängd
812 2051 82 35 icke
923 2062 90 23 vore
1040 2049 60 35 för
1128 2048 301 35 hufvudstadens
1458 2046 118 35 behof
1601 2045 241 46 erforderlig;

251 2108 55 31 att
347 2104 64 34 det
454 2102 114 35 likväl
608 2115 90 22 vore
740 2101 250 46 fördelaktigt
1026 2104 53 31 att
1113 2099 116 36 redan
1258 2113 50 21 nu
1337 2098 169 36 anordna
1535 2110 44 22 en
1609 2096 233 47 rörledning,

251 2168 78 22 som
360 2154 126 36 kunde
515 2153 183 36 framleda
727 2154 138 46 50,000
895 2152 238 36 kubikmeter
1160 2164 67 35 per
1256 2151 118 48 dygn,
1397 2149 69 36 och
1487 2149 214 35 sedermera
1721 2148 124 35 utföra

251 2211 101 30 ännn
395 2219 46 22 en
471 2205 117 48 dylik,
625 2205 45 35 då
698 2205 119 35 behof
842 2204 109 37 deraf
976 2202 189 44 inträdde;
1196 2207 56 31 att
1279 2201 145 46 förslag
1449 2200 52 35 till
1534 2200 134 48 sjelfva
1699 2203 145 31 vatten-

253 2257 144 47 verket,
441 2257 146 36 hvilket
620 2269 90 22 vore
740 2256 123 36 afsedt
891 2260 55 32 att
974 2255 150 51 byggas
1152 2264 48 38 på
1229 2255 153 35 stadens
1410 2252 107 35 mark
1547 2251 61 36 vid
1635 2251 209 47 Norsborg,

253 2309 80 37 icke
376 2309 125 36 blifvit
533 2308 227 47 utarbetadt,
790 2321 87 23 men
907 2312 54 32 att
989 2306 207 36 kostnaden
1227 2306 59 36 för
1313 2306 210 36 detsamma
1552 2302 293 51 approximativt
