2165 2656
351 219 57 54 20
808 237 101 34 Stats-
919 237 169 33 Utskottets
1116 234 172 35 Utlåtande
1316 233 57 34 N:o
1397 233 51 33 15.

322 322 79 50 gits
429 321 13 38 i
484 319 252 39 betraktande
778 318 63 38 vid
876 318 46 37 de
951 315 188 40 särskilda
1169 314 227 39 arfvodenas
1424 311 303 40 bestämmande.
1781 311 131 38 Ehuru

322 377 64 36 det
428 374 160 38 sålunda
630 378 41 32 är
710 372 230 50 uppenbart,
974 375 56 32 att
1058 372 128 46 någon
1215 382 80 23 som
1326 367 102 37 helst
1455 371 76 33 rätt
1557 365 56 37 till
1641 364 161 51 pension
1830 364 84 37 icke

323 429 59 36 för
410 428 110 37 desse
549 427 234 49 tjenstemän
812 424 220 47 förefinnes,
1063 422 71 37 och
1163 422 120 36 ehuru
1313 420 65 37 det
1401 432 115 37 synes
1536 417 198 39 Utskottet
1753 417 162 38 betänk-

323 481 72 49 ligt
422 480 158 38 beträda
609 479 74 37 den
710 483 127 44 vägen
862 482 56 32 att
941 475 227 52 pensionera
1184 474 245 49 tjenstemän,
1446 471 131 38 hvilka
1595 471 135 37 endast
1745 470 171 50 uppbära

325 548 79 23 mer
433 534 92 36 eller
555 531 147 38 mindre
730 530 194 49 tillfälliga
954 528 197 47 arfvoden,
1180 527 68 37 har
1277 526 198 38 Utskottet
1503 524 98 37 dock
1630 524 126 36 funnit
1788 523 128 49 billig-

322 588 117 37 heten
467 586 149 47 kräfva,
642 589 56 32 att
722 589 126 32 staten
877 583 32 50 ej
940 583 96 36 låter
1064 582 111 36 dessa
1193 592 196 38 personer,
1406 577 131 37 hvilka
1554 577 96 37 efter
1670 579 41 34 så
1730 576 104 49 lång,
1855 575 62 38 väl

323 639 198 38 vitsordad
551 639 120 50 tjenst
699 637 57 37 till
785 636 90 49 följd
903 635 42 37 af
961 635 104 37 ålder
1085 634 93 37 eller
1203 632 213 51 sjuklighet
1436 630 192 49 svårligen
1647 629 122 37 skulle
1786 629 131 36 kunna

324 699 92 29 utan
447 690 310 37 statsunderstöd
786 702 73 35 ega
887 688 66 36 sitt
981 686 219 50 uppehälle,
1231 686 152 34 komma
1412 683 13 36 i
1454 682 211 37 oförvållad
1694 682 87 36 nöd.
1828 682 87 35 Men

324 744 202 39 Utskottet
567 743 68 36 har
669 740 209 38 emellertid
915 739 82 37 icke
1027 739 147 36 kunnat
1201 736 11 37 i
1241 736 73 37 allo
1343 734 149 39 biträda
1517 733 139 50 Kongl.
1686 733 126 50 Maj:ts
1841 733 75 36 för-

325 798 98 47 slag.
467 797 74 36 Det
568 795 70 37 har
665 793 196 50 nemligen
890 797 108 45 synts
1026 791 210 46 Utskottet,
1267 802 80 24 som
1374 787 123 37 skulle
1518 792 125 32 staten
1664 786 9 36 i
1691 786 66 37 fall
1773 785 143 37 sådana

328 863 82 25 som
445 849 104 37 detta
592 847 115 37 hafva
742 845 152 51 uppfylt
923 845 73 36 alla
1025 843 133 49 billiga
1187 841 226 48 fordringar,
1443 853 60 23 om
1533 840 74 36 den
1635 838 116 50 gåfve
1779 838 137 37 under-

328 902 87 38 stöd
451 902 58 36 till
549 901 116 48 högst
707 899 130 37 halfva
866 896 257 38 årsarfvodets
1161 894 157 50 belopp;
1347 893 71 37 och
1447 893 47 37 då
1521 891 210 48 Utskottet,
1759 890 13 37 1
1796 890 122 37 likhet

329 955 85 37 med
430 952 421 52 Byggnadsstyrelsen,
883 950 126 37 funnit
1028 945 402 52 Stationsingeniören
1449 945 284 37 Waldenström
1754 943 70 37 och
1839 943 78 37 Ma-

328 1007 349 39 terialförvaltaren
710 1003 264 49 Hedenskoug
1006 1015 90 24 vara
1125 1000 45 38 de
1199 999 42 37 af
1265 998 208 38 understöd
1503 1002 99 32 mest
1630 996 190 50 förtjente,
1849 996 69 36 har

328 1061 200 38 Utskottet
570 1063 127 34 ansett
741 1057 84 36 dem
868 1056 93 37 böra
1002 1055 153 48 hugnas
1198 1052 84 37 med
1316 1051 143 37 sådana
1488 1050 57 37 till
1571 1049 129 38 halfva
1729 1049 188 49 beloppen

329 1113 86 38 utaf
441 1113 110 36 deras
580 1109 262 48 årsarfvoden,
871 1107 195 38 hvarefter
1090 1105 257 51 pensionerna
1376 1104 57 36 för
1461 1103 45 37 de
1536 1102 124 49 öfrige
1685 1101 109 38 torde
1815 1101 103 48 böra,

331 1166 87 36 med
460 1164 268 38 bibehållande
769 1161 270 49 ungefärligen
1075 1159 42 36 af
1147 1158 75 37 den
1256 1156 222 50 proportion
1511 1154 408 50 Byggnadsstyrelsen

330 1217 210 49 föreslagit,
582 1216 198 37 nedsättas
821 1214 120 36 under
969 1212 148 37 hälften
1149 1210 72 37 och
1250 1208 160 37 sålunda
1434 1210 93 46 utgå
1555 1207 58 36 för
1640 1206 164 37 Nisbeth
1834 1206 85 36 med

334 1272 110 47 1,000
486 1270 141 36 kronor
668 1271 99 34 samt
799 1266 58 37 för
886 1265 189 37 hvardera
1108 1262 41 38 af
1173 1262 141 49 Hjelm,
1343 1260 171 50 Lychou,
1544 1258 132 51 Stolpe
1705 1258 71 38 och
1803 1258 116 37 Beur-

331 1323 82 49 ling
442 1322 86 38 med
554 1323 74 36 800
656 1321 150 36 kronor.

460 1428 52 36 På
540 1426 127 51 grund
696 1425 42 38 af
760 1424 102 38 hvad
891 1423 162 39 sålunda
1082 1422 145 39 anförts
1253 1421 223 38 hemställer
1504 1419 210 50 Utskottet,

860 1533 55 32 att
956 1529 222 47 Riksdagen
1220 1530 61 34 må
1317 1525 130 38 bifalla
1489 1524 141 49 Kongl.
1664 1524 128 49 Maj:ts
1825 1523 96 37 före-

730 1581 169 38 varande
933 1581 146 49 förslag
1116 1583 48 46 på
1198 1579 66 37 det
1292 1583 88 43 sätt,
1410 1582 56 32 att
1489 1590 47 24 en
1564 1577 97 36 hvar
1690 1576 41 38 af
1754 1575 168 51 följande

732 1634 64 37 vid
833 1639 147 31 statens
1018 1630 423 52 jernvägsbyggnader
1478 1629 173 38 anstälde
1692 1629 231 50 tjenstemän

731 1689 60 34 må
819 1686 83 36 från
932 1686 70 36 och
1028 1685 86 37 med
1139 1684 189 37 månaden
1356 1687 87 32 näst
1472 1682 95 37 efter
1596 1681 86 48 den,
1703 1680 220 38 hvarunder

730 1740 76 36 han
836 1738 215 49 entledigas
1080 1737 84 36 från
1193 1735 236 48 anställning
1457 1734 63 37 vid
1550 1739 147 32 statens
1717 1734 205 50 jernvägs-

731 1790 238 50 byggnader,
1008 1790 147 49 åtnjuta
1197 1789 85 36 från
1314 1788 193 37 allmänna
1535 1786 388 49 indragningsstaten

732 1843 97 49 årlig
857 1842 163 50 pension
1045 1841 123 38 under
1188 1841 56 37 sin
1273 1839 242 39 återstående
1536 1838 121 38 lifstid
1676 1838 59 37 till
1756 1838 167 50 följande

732 1896 160 49 belopp:

862 1947 33 49 a)
926 1945 400 50 Stationsingeniören
1356 1944 45 38 G.
1436 1944 40 37 F.
1505 1942 286 39 Waldenström
1809 1944 114 47 3,000

732 2001 159 44 kronor;

861 2051 37 50 b)
928 2050 410 39 Materialförvaltaren
1368 2050 46 37 N.
1448 2049 42 38 F.
1520 2048 265 49 Hedenskoug
1813 2049 110 47 1,800

735 2106 159 46 kronor;

863 2157 32 49 c)
920 2156 222 37 Nivellören
1169 2155 41 37 L.
1240 2155 42 37 T.
1312 2155 41 37 F.
1383 2154 165 38 Nisbeth
1576 2154 111 48 1,000
1716 2152 155 47 kronor;

866 2209 36 49 d)
931 2208 256 37 Bokhållaren
1212 2207 42 38 O.
1281 2207 45 37 G.
1356 2207 129 48 Hjelm
1515 2207 74 37 800
1618 2205 159 47 kronor;
1896 2212 9 12 !

864 2262 33 49 e)
926 2261 255 38 Bokhållaren
1210 2260 40 38 R.
1272 2260 44 37 E.
1345 2259 159 50 Lychou
1534 2259 74 37 800
1636 2257 159 48 kronor;

863 2314 29 45 f)
917 2313 255 37 Bokhållaren
1202 2312 44 38 G.
1277 2312 45 38 U.
1352 2311 133 51 Stolpe
1514 2313 74 35 800
1616 2310 156 47 kronor;
1802 2310 70 37 och

863 2365 39 50 g)
931 2364 256 38 Bokhållaren
1218 2365 43 37 A.
1291 2364 184 50 Beurling
1504 2365 75 36 800
1607 2363 153 37 kronor.
