1902 2816
284 162 20 30 8
699 157 294 34 Statsutskottets
1016 157 186 34 utlåtande
1227 157 53 33 Nr
1304 159 53 31 62.

285 236 397 44 departementschefen
707 237 10 33 i
740 236 99 43 fråga
857 249 59 21 om
933 236 208 39 Jacobsson,
1159 236 159 42 Sjöblom
1336 237 67 33 och
1418 237 153 39 Sterner,
1585 237 99 33 vilka
1698 238 78 33 full-

284 282 96 43 gjort
404 294 75 21 mer
496 286 45 29 än
557 282 204 42 respektive
779 285 40 29 10
833 281 51 42 '/2,
904 285 40 29 14
964 281 65 33 och
1049 285 40 29 12
1107 282 56 32 års
1181 281 241 43 tjänstgöring
1438 282 60 33 vid
1516 282 260 42 folkhögskola.

327 336 81 34 Vad
432 335 200 34 beträffade
656 334 216 43 Ljusterdal,
897 334 154 42 förelåge
1068 334 63 33 det
1148 334 252 40 förhållandet,
1418 340 56 28 att
1490 335 90 33 hans
1598 337 180 40 övergång

284 381 11 33 i
319 380 212 41 statstjänst
554 380 169 33 inverkat
747 380 145 32 särskilt
916 384 217 37 ogynnsamt
1153 380 46 41 på
1216 380 88 32 hans
1322 380 363 41 löneklassplacering
1701 393 75 20 som

285 425 166 42 adjunkt.
469 424 120 34 Såvitt
605 424 122 34 kunde
743 424 171 33 bedömas
926 436 45 21 av
984 424 10 32 i
1008 424 150 33 ärendet
1172 424 241 42 föreliggande
1426 424 225 42 handlingar,
1665 425 112 33 skulle

284 470 206 42 Ljusterdal
514 469 191 42 nämligen,
730 481 57 21 om
812 469 72 32 han
902 468 31 42 ej
953 469 167 40 övergått
1137 468 54 33 till
1209 469 258 33 statsläroverk
1485 473 89 29 utan
1591 470 186 33 kvarstått

284 527 77 21 som
385 514 179 33 ordinarie
585 514 238 33 ämneslärare
840 513 62 33 vid
919 513 209 33 kommunal
1147 513 232 33 mellanskola
1397 513 68 33 den
1484 517 15 29 1
1518 513 144 42 januari
1682 518 93 35 1939,

283 560 46 42 på
354 559 116 42 grund
495 571 44 20 av
564 558 517 42 övergångsbestämmelserna
1106 558 55 33 till
1186 558 371 33 mellanskollärarnas
1574 558 203 43 avlönings-

284 604 217 42 reglemente
533 603 73 34 fått
640 603 266 42 tillgodoräkna
937 602 192 42 tjänstetid
1163 603 61 32 vid
1256 602 110 42 högre
1391 603 178 33 folkskola
1593 603 67 33 och
1685 603 91 34 däri-

284 660 128 31 genom
445 649 141 32 kunnat
619 648 118 33 såsom
770 648 114 33 lärare
918 647 61 33 vid
1011 647 211 33 kommunal
1255 648 233 32 mellanskola
1513 648 161 42 placeras
1699 648 9 33 i
1733 652 42 29 26

283 693 224 34 löneklassen
532 692 80 33 från
638 692 67 34 och
722 692 80 33 med
820 692 224 33 sistnämnda
1062 692 80 41 dag,
1160 691 129 34 medan
1306 692 73 33 han
1397 704 48 21 nu
1463 692 117 33 såsom
1598 692 178 34 ordinarie

284 736 343 42 läroverksadjunkt
651 737 176 42 placerats
852 737 11 32 i
888 740 42 29 24
951 737 224 33 löneklassen
1193 736 78 33 från
1288 737 67 32 och
1373 737 81 33 med
1472 737 68 33 den
1560 740 15 30 1
1594 736 67 42 juli
1681 741 94 29 1938.

284 783 17 33 I
335 782 242 34 betraktande
602 782 114 33 härav
744 786 123 37 syntes
893 781 89 33 hans
1007 781 265 42 framställning
1295 781 88 33 böra
1408 782 10 32 i
1436 781 70 34 viss
1524 782 253 41 utsträckning

284 827 161 42 förtjäna
469 826 320 42 tillmötesgående.

326 881 210 41 Palmgrens
571 879 202 42 ansökning
811 879 168 42 slutligen
1017 880 132 41 avsåge
1182 892 42 20 en
1256 879 183 33 avvikelse
1477 879 80 33 från
1597 879 43 33 de
1674 879 102 42 eljest

282 925 167 42 gällande
478 925 161 41 reglerna
668 937 45 21 av
747 937 119 20 annan
900 928 56 29 art
987 927 45 30 än
1058 924 43 33 de
1127 936 47 21 nu
1200 924 161 39 berörda,
1387 924 179 42 nämligen
1592 924 148 34 avbrott
1765 925 10 33 i

282 971 70 32 den
376 970 186 42 pågående
586 969 300 42 tjänstgöringen,
912 968 171 33 föranlett
1109 981 46 20 av
1180 968 274 42 tjänstledighet
1479 968 55 34 för
1555 969 221 33 bedrivande

283 1027 46 21 av
362 1014 148 39 studier,
539 1014 99 33 vilka
663 1014 77 33 icke
764 1018 197 37 utmynnat
984 1013 11 33 i
1020 1013 131 42 avlagd
1176 1013 321 34 licentiatexamen.
1534 1013 241 42 Tjänstledig-

283 1060 107 33 heten
417 1059 92 33 hade
538 1058 175 34 omfattat
736 1058 261 33 höstterminen
1017 1062 94 29 1932.
1131 1058 103 33 Hade
1251 1058 69 33 den
1337 1058 11 33 i
1366 1058 121 33 stället
1504 1057 176 34 omfattat
1696 1059 79 32 vår-

283 1104 177 34 terminen
485 1116 138 20 samma
649 1104 48 39 år,
722 1103 91 33 hade
838 1108 55 28 ett
917 1103 290 42 bemyndigande
1231 1102 10 33 1
1267 1106 133 36 ämnet,
1419 1115 74 21 som
1511 1103 136 41 Kungl.
1666 1103 109 41 Maj:t

283 1148 145 34 erhållit
452 1160 45 21 av
525 1152 83 30 1933
635 1148 56 33 års
708 1148 154 41 riksdag,
888 1147 95 33 varit
1008 1147 211 42 tillämpligt
1235 1148 45 41 på
1298 1148 144 32 honom.
1468 1148 66 33 Väl
1551 1147 123 33 kunde
1692 1160 83 20 man

283 1194 65 33 här
380 1194 77 33 tala
491 1205 59 21 om
585 1197 55 29 ett
665 1192 181 42 gränsfall,
871 1192 131 33 sådant
1026 1204 77 21 som
1128 1195 129 30 nästan
1282 1192 104 33 alltid
1412 1192 190 42 uppstode,
1630 1192 46 33 då
1704 1204 71 31 nya

283 1237 506 42 författningsbestämmelser
821 1236 238 33 meddelades.
1108 1237 89 32 Men
1226 1236 225 33 beträffande
1474 1237 192 41 Palmgren
1691 1249 84 21 vore

282 1283 210 42 gränsfallet
516 1282 142 39 sådant,
684 1286 56 28 att
763 1281 210 42 billigheten
997 1285 123 37 syntes
1145 1280 176 33 motivera
1346 1285 55 28 ett
1425 1286 126 36 avsteg
1575 1280 81 34 från
1673 1281 103 42 eljest

282 1328 166 41 gällande
471 1326 403 42 bedömningsgrunder,
899 1326 47 33 då
969 1325 71 33 han
1064 1325 106 41 eljest
1193 1325 111 33 skulle
1329 1325 133 33 förlora
1479 1325 77 33 icke
1573 1326 140 33 mindre
1730 1330 45 29 än

285 1376 39 30 16
357 1373 189 33 terminers
581 1370 255 43 tjänstgöring,
861 1382 77 21 som
962 1370 71 33 han
1058 1370 146 33 bestritt
1230 1369 73 34 före
1329 1370 54 33 sin
1409 1370 276 41 tjänstledighet
1708 1371 66 33 och

282 1429 132 22 annars
439 1422 121 37 syntes
585 1417 47 32 ha
658 1415 71 34 fått
753 1420 85 36 taga
863 1415 10 33 i
898 1414 242 34 betraktande
1165 1414 54 33 för
1242 1415 372 41 löneklassplacering.

326 1462 71 34 Vid
422 1462 64 33 sitt
510 1460 346 42 ställningstagande
881 1459 55 33 till
961 1459 124 41 frågan
1111 1471 59 21 om
1195 1459 67 33 den
1287 1459 232 42 omfattning,
1545 1459 10 33 1
1585 1459 120 33 vilken
1731 1460 43 32 de

282 1506 64 34 här
380 1506 241 33 omhandlade
650 1506 141 32 lärarna
816 1504 159 42 skäligen
999 1504 111 33 borde
1135 1503 205 42 tillgodoses
1365 1504 10 33 i
1400 1504 374 39 löneturshänseende,

283 1552 131 41 ansåge
439 1549 396 44 departementschefen
860 1549 53 41 sig
938 1548 225 34 beträffande
1189 1548 186 42 Ambjörn,
1402 1549 146 39 Ernolv,
1566 1549 208 39 Jacobsson,

282 1596 145 33 Sterner
452 1596 67 33 och
546 1595 185 40 Wihlborg
753 1594 124 32 kunna
902 1593 10 33 i
936 1593 193 33 huvudsak
1155 1593 141 33 ansluta
1321 1593 54 42 sig
1395 1594 55 32 till
1466 1598 55 29 ett
1537 1593 144 42 förslag,
1698 1606 76 21 som

282 1640 214 34 framställts
521 1652 45 21 av
592 1639 207 33 dåvarande
824 1638 468 41 undervisningsväsendets
1316 1638 229 33 lönenämnd.
1576 1638 18 33 I
1619 1638 156 41 enlighet

282 1685 148 33 härmed
462 1685 113 33 skulle
608 1683 160 42 följande
792 1684 115 32 lärare
931 1682 79 34 från
1035 1683 67 32 och
1127 1682 81 33 med
1233 1682 68 33 den
1328 1686 15 29 1
1370 1683 143 41 januari
1539 1686 97 36 1938,
1662 1683 45 33 då
1731 1683 43 33 de

282 1731 168 41 övergått
481 1730 53 33 till
565 1741 51 30 ny
640 1728 266 41 lönereglering,
931 1728 173 41 placeras:
1130 1727 175 42 Ambjörn
1330 1727 10 33 1
1366 1731 41 29 25
1433 1728 234 38 löneklassen,
1693 1728 81 33 med

283 1778 74 30 rätt
383 1779 57 29 att
466 1775 112 32 räkna
604 1774 119 32 denna
746 1773 183 41 placering
952 1772 116 33 såsom
1094 1772 156 33 erhållen
1275 1771 79 34 från
1377 1773 66 32 och
1461 1772 81 33 med
1560 1772 69 33 den
1649 1776 14 28 1
1684 1773 89 41 april

284 1823 96 36 1936,
398 1824 95 28 samt
510 1819 148 38 Ernolv,
675 1818 196 33 Jacobsson
890 1817 66 33 och
974 1816 185 41 Wihlborg
1176 1816 9 33 i
1207 1820 36 29 26
1255 1816 233 34 löneklassen.
1503 1817 146 33 Sterner
1662 1817 113 33 skulle

282 1864 80 33 från
387 1864 67 33 och
478 1863 81 33 med
579 1863 70 33 den
676 1866 15 29 1
717 1862 64 41 juli
809 1865 95 36 1938,
930 1861 46 33 då
999 1861 71 33 han
1096 1861 184 33 tillträdde
1303 1861 211 42 nyreglerad
1540 1861 126 42 tjänst,
1687 1862 87 32 lika-

281 1909 97 33 ledes
402 1909 159 41 placeras
578 1908 12 33 i
607 1911 43 29 26
668 1907 234 33 löneklassen.
928 1906 130 41 Någon
1075 1905 208 42 ytterligare
1300 1906 308 42 tillgodoräkning
1624 1905 54 33 för
1694 1906 79 33 sist-

281 1953 161 34 nämnda
475 1952 79 43 fyra
587 1953 126 38 lärare,
742 1951 98 33 vilka
863 1950 40 42 ju
927 1951 112 33 skulle
1064 1950 135 33 erhålla
1223 1950 144 39 slutlön,
1393 1950 101 33 torde
1519 1962 150 21 numera
1693 1950 80 33 med

281 1998 142 42 hänsyn
448 1998 54 33 till
527 1997 69 33 den
621 1996 65 39 tid,
711 2008 76 21 som
811 1995 156 34 förflutit
991 1995 110 33 sedan
1126 1995 263 33 lönenämnden
1414 2006 117 30 avgav
1549 1995 66 33 sitt
1632 1994 141 42 förslag,

282 2043 77 33 icke
390 2042 141 34 behöva
560 2040 227 34 föreskrivas.
835 2040 132 34 Vidare
991 2039 174 42 föresloge
1190 2039 396 42 departementschefen
1612 2058 41 3 —
1678 2039 10 33 i
1713 2051 60 20 an-

282 2087 162 41 slutning
467 2087 54 33 till
546 2086 44 33 de
614 2098 50 21 nu
689 2085 157 33 nämnda
871 2084 108 34 fallen
995 2103 41 3 —
1054 2089 57 28 att
1138 2084 159 42 Sjöblom
1320 2084 124 39 skulle,
1461 2084 132 33 räknat
1611 2084 79 33 från
1707 2083 66 33 och

282 2132 82 33 med
390 2132 69 33 den
463 2124 21 53 1
512 2131 65 42 juli
597 2134 85 30 1939
707 2130 45 33 då
777 2130 71 32 han
873 2129 186 33 tillträdde
1083 2129 210 42 nyreglerad
1318 2128 126 42 tjänst,
1470 2128 35 33 få
1526 2129 160 41 placeras
1702 2128 10 33 i
1729 2131 42 29 25

280 2177 225 34 löneklassen
530 2175 82 34 med
637 2178 74 30 rätt
735 2179 56 29 att
815 2175 114 32 räkna
953 2174 117 33 denna
1094 2174 180 41 placering
1298 2174 118 33 såsom
1437 2173 157 34 erhållen
1612 2173 78 34 från
1707 2172 66 33 och

280 2221 84 34 med
389 2221 69 34 den
485 2225 15 29 1
525 2220 145 42 januari
696 2223 93 29 1937.

326 2266 234 33 Beträffande
584 2264 206 42 Ljusterdal
814 2263 94 33 hade
932 2262 396 43 departementschefen
1353 2262 81 33 med
1454 2262 141 42 hänsyn
1612 2261 54 34 till
1683 2260 89 34 före-

282 2311 166 41 liggande
465 2309 307 42 omständigheter
797 2313 121 28 ansett
942 2308 52 41 sig
1016 2308 124 33 kunna
1165 2307 153 39 förorda,
1351 2312 57 28 att
1424 2307 70 33 han
1512 2306 80 34 från
1610 2306 65 33 och
1692 2305 80 33 med

283 2355 68 34 den
390 2358 15 30 1
441 2354 142 42 januari
610 2357 96 36 1938,
732 2353 45 33 då
801 2353 73 33 han
899 2353 165 41 övergått
1089 2352 55 33 till
1169 2364 48 30 ny
1241 2351 266 42 lönereglering,
1533 2350 205 43 placerades
1762 2350 10 32 i

283 2400 253 41 förmånligare
568 2399 178 33 löneklass
771 2401 44 29 än
841 2410 77 20 som
943 2397 347 41 författningsenligt
1314 2397 141 32 kunnat
1479 2396 71 33 ske.
1599 2396 173 41 Departe-

283 2444 246 34 mentschefen
553 2443 113 34 funne
690 2443 52 41 sig
766 2442 91 33 dock
882 2442 77 33 icke
982 2442 124 33 kunna
1131 2442 192 41 tillstyrka,
1349 2445 56 29 att
1429 2441 70 32 han
1517 2440 132 34 erhölle
1666 2440 107 41 högre

283 2489 182 44 placering
489 2492 46 30 än
559 2488 10 33 i
594 2491 43 30 25
663 2487 233 39 löneklassen,
921 2486 130 34 räknat
1076 2486 80 33 från
1181 2486 65 33 och
1270 2485 82 34 med
1378 2484 224 34 sistnämnda
1627 2485 78 41 dag.
