1866 2776
249 172 18 29 2
585 171 312 30 Bankoutskottets
921 171 179 29 utlåtande
1122 180 42 20 nr
1186 172 41 29 23
1249 171 39 29 år
1312 172 83 28 1958

301 259 13 30 I
334 257 166 31 skrivelse
519 258 68 30 den
607 258 38 30 27
666 257 155 31 februari
843 258 82 30 1958
943 258 66 30 har
1026 257 221 41 fullmäktige
1269 257 11 30 i
1299 257 215 31 riksbanken
1535 258 93 39 gjort
1646 258 109 30 fram-

258 308 166 40 ställning
447 309 149 29 rörande
619 308 142 30 fortsatt
784 308 214 40 provisorisk
1022 308 220 39 lagstiftning
1265 317 58 20 om
1346 308 235 30 riksbankens
1606 308 149 30 sedelut-

258 358 142 40 givning
422 360 167 29 ävensom
611 359 179 30 hemställt
812 368 56 20 om
891 358 144 30 fortsatt
1057 358 160 30 befrielse
1241 358 55 30 för
1319 358 215 30 riksbanken
1559 358 80 30 från
1664 359 91 39 skyl-

258 409 163 40 digheten
438 410 49 29 att
503 409 114 30 inlösa
632 418 43 21 av
689 408 140 30 banken
845 408 142 40 utgivna
1005 409 114 29 sedlar
1136 409 78 29 med
1231 409 93 39 guld.
1342 408 88 31 Över
1447 408 307 40 framställningen

257 459 75 34 har,
349 459 89 30 efter
455 459 135 34 remiss,
608 458 161 40 yttrande
787 458 145 40 avgivits
951 468 42 21 av
1009 458 221 40 fullmäktige
1250 458 11 30 i
1277 458 351 40 riksgäldskontoret.

299 508 227 30 Beträffande
563 508 190 30 innehållet
790 509 10 29 i
835 508 358 40 bankofullmäktiges
1220 509 166 29 skrivelse
1411 509 65 29 och
1501 509 258 39 riksgäldsfull-

255 559 172 39 mäktiges
448 559 288 39 remissyttrande
760 559 54 29 får
836 559 170 29 utskottet
1028 559 147 30 hänvisa
1196 559 52 29 till
1270 559 273 40 propositionen.

296 609 303 40 Föredraganden,
621 609 50 30 t.f.
694 609 124 30 chefen
840 609 54 30 för
916 609 406 40 finansdepartementet,
1346 609 188 30 statsrådet
1555 609 114 39 Kling,
1692 609 64 29 har

255 661 118 29 anfört
396 660 172 39 följande:

303 712 13 29 I
338 711 98 40 fråga
458 720 58 21 om
538 711 233 30 riksbankens
794 712 69 29 rätt
884 712 50 29 att
956 711 119 40 utgiva
1097 711 114 30 sedlar
1233 711 107 39 gäller
1362 711 55 30 för
1438 711 220 30 närvarande
1680 728 44 4 —-
1744 710 11 30 i

258 762 117 30 stället
390 762 54 30 för
459 761 311 40 riksbankslagens
787 761 245 31 motsvarande
1050 761 217 40 stadganden
1282 779 44 4 —
1341 760 271 31 föreskrifterna
1628 761 11 29 i
1655 760 101 40 lagen

258 812 68 30 den
345 812 39 31 31
406 812 71 40 maj
501 813 83 30 1957
605 813 79 29 med
704 812 174 31 särskilda
897 812 263 31 bestämmelser
1180 812 150 30 rörande
1350 811 235 30 riksbankens
1608 811 149 30 sedelut-

259 862 152 40 givning.
436 863 111 30 Dessa
570 862 156 35 innebär,
751 863 106 30 bland
881 864 119 34 annat,
1025 864 51 29 att
1100 862 215 30 riksbanken
1340 862 58 30 må
1421 861 119 41 utgiva
1565 861 114 31 sedlar
1704 860 53 31 till

257 915 51 28 ett
326 913 124 40 belopp
468 922 44 21 av
528 913 103 40 högst
648 914 19 30 6
681 913 63 31 300
763 913 164 40 miljoner
945 913 142 30 kronor.
1108 913 82 31 1957
1210 912 57 31 års
1287 913 64 39 lag,
1372 922 76 20 som
1466 912 109 40 gäller
1592 912 93 30 intill
1703 913 54 29 ut-

259 963 135 40 gången
411 972 43 21 av
469 963 80 40 juni
567 963 129 31 månad
716 964 94 35 1958,
828 963 63 30 har
908 982 44 4 —
968 964 129 29 liksom
1114 963 67 30 den
1199 963 209 39 föregående
1426 962 268 41 lagstiftningen
1712 962 46 41 på

259 1013 159 31 området
439 1032 44 4 —
503 1013 205 31 tillkommit
730 1023 76 21 som
827 1015 48 29 ett
895 1013 236 41 provisorium
1152 1013 11 30 i
1184 1013 175 31 avvaktan
1380 1013 45 40 på
1446 1015 51 28 att
1518 1022 44 21 en
1583 1022 97 21 mera
1700 1012 58 31 de-

259 1063 119 31 finitiv
395 1063 173 41 reglering
587 1073 43 21 av
647 1064 414 40 sedelutgivningsrätten
1080 1064 158 30 kommer
1258 1063 53 31 till
1330 1063 114 31 stånd.

305 1114 122 30 Såsom
446 1123 43 22 av
508 1114 58 31 det
586 1114 209 41 föregående
815 1114 167 40 framgått
1002 1116 39 29 är
1062 1114 125 40 frågan
1206 1123 58 21 om
1284 1123 44 21 en
1349 1123 47 31 ny
1416 1113 343 40 riksbankslagstift-

260 1164 85 40 ning
367 1183 44 4 —
432 1165 65 30 och
521 1164 145 31 därmed
689 1174 42 21 en
755 1174 97 21 mera
874 1167 209 38 permanent
1105 1164 172 40 reglering
1301 1173 43 21 av
1367 1164 158 31 bankens
1551 1163 208 41 sedelutgiv-

260 1214 175 41 ningsrätt
453 1233 44 4 —
514 1215 154 40 alltjämt
687 1215 148 32 föremål
854 1215 55 31 för
927 1215 265 40 överväganden
1211 1215 97 30 inom
1327 1215 227 30 riksbanken.
1574 1215 79 30 Med
1672 1214 87 32 hän-

260 1274 67 31 syn
350 1265 53 30 till
426 1267 51 29 att
500 1265 133 41 förslag
655 1265 53 31 till
732 1275 47 31 ny
802 1265 248 40 riksbankslag
1073 1267 95 29 ännu
1192 1265 77 30 icke
1292 1265 139 30 kunnat
1455 1265 214 40 framläggas
1693 1264 65 31 har

260 1315 222 40 fullmäktige
505 1316 190 36 hemställt,
720 1318 50 29 att
793 1316 67 30 den
882 1315 240 41 provisoriska
1145 1315 266 40 lagstiftningen
1435 1315 151 31 rörande
1610 1315 149 31 sedelut-

260 1365 279 41 givningsrätten
557 1366 175 40 förlänges
751 1365 55 31 för
823 1366 200 40 ytterligare
1042 1368 49 28 ett
1108 1366 49 31 år.
1176 1366 234 39 Fullmäktige
1428 1366 12 30 i
1458 1365 302 41 riksgäldskonto-

260 1418 53 28 ret
333 1416 65 30 har
418 1416 171 40 tillstyrkt
609 1416 358 40 bankofullmäktiges
989 1417 222 30 hemställan.
1233 1416 95 31 Även
1347 1416 60 40 jag
1429 1416 194 39 tillstyrker
1644 1417 51 29 att
1716 1416 42 30 de

260 1466 175 31 särskilda
453 1467 312 30 bestämmelserna
784 1476 57 20 om
859 1467 234 30 riksbankens
1114 1466 369 40 sedelutgivningsrätt
1503 1466 93 40 gives
1617 1466 142 31 fortsatt

260 1516 158 41 giltighet
436 1517 55 30 för
509 1517 201 40 ytterligare
728 1519 49 29 ett
795 1517 50 30 år.

305 1567 75 32 Vad
400 1567 342 40 bankofullmäktige
763 1567 118 31 anfört
901 1567 149 31 rörande
1073 1567 241 31 sedelbehovet
1335 1567 112 30 under
1468 1567 58 30 det
1547 1566 213 30 kommande

259 1617 206 41 budgetåret
487 1627 104 31 synes
613 1626 39 32 ge
673 1618 57 30 vid
752 1618 150 35 handen,
925 1619 51 29 att
996 1627 44 21 en
1061 1618 70 30 viss
1153 1617 207 40 utvidgning
1383 1627 42 20 av
1447 1616 313 40 sedelutgivnings-

260 1669 116 29 rätten
392 1669 39 30 är
447 1668 177 40 påkallad.
642 1669 13 30 I
673 1668 110 31 likhet
800 1669 79 30 med
896 1668 222 40 fullmäktige
1136 1668 11 29 i
1165 1668 340 39 riksgäldskontoret
1522 1667 65 30 har
1606 1668 59 39 jag
1683 1667 75 30 icke

261 1718 116 40 någon
392 1718 143 31 erinran
551 1721 73 28 mot
640 1719 167 39 förslaget
823 1721 50 28 att
888 1719 84 39 höja
989 1719 309 40 maximibeloppet
1314 1718 53 30 till
1394 1719 8 29 6
1417 1718 63 31 600
1498 1717 165 40 miljoner
1680 1717 79 30 kro-

260 1777 75 21 nor.
359 1769 64 40 Jag
446 1769 162 30 förordar
632 1769 158 34 sålunda,
815 1771 50 28 att
888 1769 264 30 bestämmelser
1175 1768 150 31 rörande
1350 1768 234 30 riksbankens
1611 1768 149 30 sedelut-

260 1819 143 40 givning
422 1819 112 30 under
554 1819 96 30 tiden
670 1819 67 30 den
760 1821 15 29 1
797 1819 66 40 juli
885 1820 199 30 1958—den
1104 1820 40 30 30
1165 1819 79 40 juni
1266 1819 84 30 1959
1372 1819 177 30 meddelas
1571 1826 125 32 genom
1716 1827 44 21 en

262 1869 151 30 särskild
436 1870 66 39 lag,
526 1870 179 30 utformad
728 1870 11 29 i
762 1870 348 31 överensstämmelse
1133 1869 79 30 med
1238 1870 82 30 1957
1344 1869 57 30 års
1425 1870 55 38 lag
1503 1869 11 29 i
1538 1870 118 29 ämnet
1679 1868 80 30 med

260 1919 68 30 den
353 1920 234 40 jämkningen
613 1922 49 29 att
688 1920 307 40 maximibeloppet
1021 1920 55 30 för
1104 1919 324 40 sedelutgivningen
1454 1919 101 40 höjes
1583 1919 53 30 till
1665 1919 15 30 6
1695 1919 64 30 600

260 1972 165 40 miljoner
442 1971 141 30 kronor.

304 2022 75 30 Vad
399 2022 164 39 slutligen
581 2022 172 30 beträffar
771 2020 527 41 guldinlösningsskyldigheten
1318 2019 161 31 förordar
1498 2021 59 39 jag
1576 2019 12 29 i
1607 2019 152 39 enlighet

260 2073 80 30 med
357 2072 359 40 bankofullmäktiges
734 2072 141 39 förslag,
894 2074 50 29 att
961 2072 127 39 Kungl.
1106 2071 105 39 Maj:t
1229 2070 108 31 måtte
1355 2070 130 31 föreslå
1502 2070 189 39 riksdagen
1709 2070 50 29 att

261 2123 169 39 medgiva,
451 2124 51 28 att
521 2122 216 30 riksbanken
757 2122 58 30 må
833 2122 54 30 för
907 2122 95 30 tiden
1022 2122 80 29 från
1121 2122 64 29 och
1205 2122 79 29 med
1304 2121 67 30 den
1394 2123 14 29 1
1429 2121 67 39 juli
1518 2120 84 31 1958
1622 2120 52 29 till
1694 2119 64 30 och

261 2173 80 30 med
360 2173 67 30 den
446 2173 41 30 30
505 2173 80 39 juni
607 2174 82 29 1959
709 2182 83 22 vara
811 2173 150 39 fritagen
981 2172 81 29 från
1083 2172 243 39 skyldigheten
1346 2173 50 29 att
1416 2171 58 29 vid
1494 2170 194 30 anfordran
1708 2170 52 29 in-

262 2224 74 29 lösa
357 2233 42 20 av
418 2223 142 30 banken
580 2223 144 40 utgivna
745 2223 113 30 sedlar
879 2223 79 29 med
979 2223 83 39 guld
1084 2222 87 30 efter
1192 2222 102 30 deras
1316 2221 140 40 lydelse,
1479 2221 79 30 med
1580 2222 70 29 rätt
1670 2220 90 30 dock

261 2274 56 30 för
341 2274 139 29 banken
505 2275 62 33 att,
591 2282 57 21 om
672 2273 268 30 förhållandena
965 2273 119 30 därtill
1109 2280 58 32 ger
1191 2272 199 39 anledning,
1416 2272 75 29 före
1517 2271 176 40 utgången
1718 2279 43 21 av

260 2325 155 29 nämnda
434 2324 50 30 tid
505 2323 230 40 återupptaga
754 2322 221 40 inlösningen
995 2331 43 21 av
1056 2322 158 30 bankens
1235 2321 124 33 sedlar.
