1884 2756
264 168 19 29 6
458 168 187 32 Allmänna
666 170 398 40 beredningsutskottets
1087 174 178 31 utlåtande
1285 184 44 20 nr
1348 176 43 30 35
1412 176 39 30 år
1472 177 84 29 1962

265 247 242 39 myndigheter
525 249 63 29 och
606 257 118 31 organ.
744 251 110 30 Rådet
874 251 114 32 finner
1007 253 56 30 det
1083 254 239 39 angelägnare,
1342 258 50 28 att
1410 256 110 30 ökade
1539 258 111 29 medel
1669 258 86 30 stäl-

264 299 49 29 les
331 300 53 29 till
404 300 204 40 förfogande
628 302 53 30 för
700 303 185 41 forskning
903 305 44 39 på
965 306 56 30 det
1040 307 128 29 sociala
1186 308 168 30 området.

306 352 236 40 Sociologiska
567 355 243 31 institutionen
835 357 58 29 vid
918 359 149 39 Uppsala
1093 360 203 31 universitet
1321 361 117 30 finner
1461 362 67 31 den
1552 362 198 41 föreslagna

261 407 232 39 utredningen
514 409 220 39 synnerligen
755 411 200 39 angelägen.
976 412 151 31 Behovet
1148 423 41 19 av
1210 415 104 29 social
1336 415 185 40 forskning
1541 417 39 29 är
1600 420 147 32 enormt,

263 459 64 29 och
357 459 228 40 forskningen
613 462 62 29 bör
702 463 238 31 intensifieras
967 465 86 30 både
1081 466 58 30 vid
1168 467 259 35 universiteten,
1457 469 291 30 socialinstituten

263 512 63 29 och
352 512 57 29 vid
432 514 195 29 eventuella
652 515 160 38 speciella
837 516 354 41 forskningsinstitut.
1217 520 75 30 Alla
1317 521 65 29 har
1407 521 76 30 sina
1508 521 151 31 fördelar
1684 523 64 29 och

262 565 190 30 nackdelar
466 567 67 29 och
550 567 41 30 de
609 568 92 30 olika
719 569 268 39 möjligheterna
1005 572 61 29 bör
1084 573 125 38 prövas
1227 582 42 21 av
1287 574 242 39 utredningen.

305 618 221 39 Sydsvenska
551 620 285 32 socialinstitutet
861 622 172 32 förklarar
1059 626 51 38 sig
1134 626 10 29 i
1169 627 135 39 princip
1328 627 191 31 instämma
1543 629 11 29 i
1578 629 174 30 motionä-

260 680 123 21 rernas
406 672 99 39 syfte.
527 673 63 30 Det
614 674 110 30 skulle
746 684 82 21 vara
851 677 137 38 mycket
1010 678 187 30 värdefullt
1220 689 55 19 om
1299 679 229 41 forskningen
1549 681 46 39 på
1616 682 56 30 det
1695 691 53 20 so-

261 723 90 30 ciala
368 725 156 30 området
542 726 94 39 finge
654 728 109 30 större
781 737 168 23 resurser.
968 730 124 30 Starka
1111 732 74 29 skäl
1205 733 87 28 talar
1311 733 55 29 för
1384 736 50 27 att
1452 743 42 20 en
1512 735 238 39 upprustning

260 776 11 29 i
289 776 112 31 första
418 778 94 30 hand
529 779 62 30 bör
610 780 59 29 ske
686 781 57 29 vid
762 781 511 34 universitetsinstitutionerna
1291 786 65 29 och
1376 786 302 31 socialinstituten.
1697 788 50 29 De

259 830 215 38 begränsade
494 833 193 37 personella
708 843 205 21 resurserna
932 836 61 29 bör
1012 836 75 30 icke
1108 837 156 39 splittras
1284 839 44 39 på
1349 839 127 39 många
1496 840 93 30 olika
1608 841 142 29 institu-

260 882 123 30 tioner.
402 884 64 30 Det
483 894 79 21 vore
581 886 166 31 önskvärt
766 888 78 29 med
863 898 42 19 en
924 889 110 30 bättre
1054 890 225 40 samordning
1299 892 94 29 inom
1414 892 40 30 de
1474 893 140 39 statliga
1631 894 118 29 utred-

260 936 171 38 ningarna
452 938 62 28 och
536 941 49 27 att
606 939 91 29 vissa
717 940 183 31 bestämda
920 941 344 40 forskningsarbeten
1285 945 10 28 i
1317 945 170 30 samband
1508 947 77 28 med
1607 947 140 38 statliga

259 988 229 40 utredningar
508 990 223 31 »beställdes»
752 993 64 30 hos
836 994 94 29 olika
947 995 261 40 vetenskapliga
1226 996 249 31 institutioner.

304 1042 178 31 Institutet
502 1044 103 29 anför
623 1044 133 31 vidare:

301 1104 260 31 Motionärerna
580 1106 108 39 pekar
707 1107 44 39 på
771 1110 51 28 att
843 1109 128 30 sociala
991 1109 362 42 forskningsproblem
1373 1113 72 30 inte
1465 1114 62 29 bör
1547 1114 91 30 lösas
1660 1116 85 28 utan

256 1147 140 40 hänsyn
423 1149 51 29 till
503 1150 310 32 socialinstitutens
840 1154 238 38 organisation
1105 1156 64 29 och
1197 1157 224 30 verksamhet
1448 1159 64 28 och
1540 1158 206 31 framhåller

257 1194 50 27 att
324 1201 44 20 en
385 1193 112 30 bättre
514 1195 226 40 samordning
757 1197 129 29 mellan
905 1198 421 42 socionomutbildningen
1344 1202 65 29 och
1428 1202 241 40 utbildningen
1687 1203 57 30 vid

257 1236 205 31 universitet
485 1239 64 29 och
572 1239 187 39 högskolor
782 1242 38 28 är
843 1242 185 30 önskvärd.
1053 1243 174 40 Styrelsen
1250 1245 65 29 har
1338 1246 52 39 sig
1412 1246 128 31 bekant
1564 1249 49 28 att
1637 1247 109 30 socio-

257 1281 513 40 nomutbildningskommittén
798 1285 109 31 delvis
934 1286 158 31 kommer
1118 1290 51 28 att
1195 1289 124 29 beröra
1345 1290 42 29 de
1415 1299 43 21 av
1484 1291 259 30 motionärerna

256 1325 155 39 antydda
434 1326 211 39 problemen.
670 1328 176 31 Eftersom
870 1330 114 31 denna
1006 1331 185 31 kommitté
1214 1333 171 31 beräknat
1408 1337 51 27 att
1482 1335 178 38 publicera
1682 1336 61 30 sitt

255 1369 344 32 huvudbetänkande
620 1373 111 29 under
750 1374 126 29 hösten
899 1375 92 34 1962,
1013 1384 102 22 anser
1137 1378 169 38 styrelsen
1327 1381 51 27 att
1399 1379 57 30 det
1478 1379 95 30 finns
1593 1381 78 29 skäl
1692 1382 52 28 att

256 1413 150 30 avvakta
425 1414 226 32 kommitténs
673 1417 397 40 ståndpunktstagande.

297 1484 377 40 Socionomförbundet
695 1487 116 31 finner
832 1489 41 30 de
894 1499 42 20 av
955 1491 260 31 motionärerna
1234 1493 150 30 anförda
1406 1495 152 29 motiven
1578 1495 165 30 bärande.

256 1537 199 40 Forskning
480 1540 64 28 och
573 1540 197 40 utbildning
797 1542 63 29 bör
888 1543 200 40 ömsesidigt
1117 1546 205 30 samordnas
1351 1548 64 28 och
1444 1548 175 30 redovisas
1646 1549 97 29 inom

256 1599 137 21 samma
409 1591 250 31 institutioner.
679 1594 64 30 Det
763 1596 38 28 är
821 1595 122 30 därför
961 1596 189 40 angeläget,
1171 1601 49 27 att
1241 1599 293 31 socialinstituten
1555 1600 54 30 får
1629 1609 116 21 resur-

255 1652 55 20 ser
338 1643 55 30 för
420 1644 184 41 forskning
632 1648 62 28 och
722 1649 49 28 att
799 1657 41 20 en
869 1650 170 29 eventuell
1066 1652 132 28 central
1226 1652 515 40 socialforskningsinstitution

256 1695 54 30 får
326 1698 86 28 nära
430 1698 219 40 anknytning
665 1700 50 29 till
734 1701 515 39 utbildningsinstitutionerna.
1267 1705 50 29 En
1337 1706 187 39 utredning
1541 1707 63 29 bör
1620 1707 123 30 kunna

255 1748 177 32 anförtros
460 1751 34 29 åt
522 1752 66 29 den
618 1753 149 29 sittande
797 1755 619 41 socionomutbildningskommittén.
1445 1759 200 31 Förbundet
1673 1760 69 30 till-

254 1803 139 38 styrker
412 1804 228 30 motionerna.

913 1936 168 32 Utskottet

295 2010 70 30 För
389 2010 183 41 forskning
596 2014 63 28 och
683 2015 252 40 undervisning
958 2017 11 29 i
992 2017 93 30 olika
1109 2019 126 29 ämnen
1259 2020 64 28 och
1349 2021 289 30 ämnesområden
1664 2031 74 20 som

250 2062 103 30 berör
373 2064 128 30 sociala
520 2065 118 40 frågor
658 2067 114 30 finnes
793 2070 48 28 ett
862 2070 94 29 antal
977 2070 254 39 lärartjänster,
1252 2072 230 38 professurer,
1504 2074 149 30 lektorat
1674 2074 64 29 och

250 2115 218 36 docenturer,
490 2118 57 29 vid
569 2119 41 29 de
632 2119 105 40 högre
760 2120 301 33 läroanstalterna.
1085 2125 12 28 I
1122 2124 123 30 sådant
1268 2125 199 30 hänseende
1489 2127 70 29 kan
1582 2126 155 30 förutom

248 2169 293 39 lärartjänsterna
561 2173 58 29 vid
641 2174 293 30 socialinstituten
957 2178 147 28 nämnas
1126 2178 208 39 exempelvis
1356 2179 220 39 professurer
1597 2181 11 29 i
1629 2181 108 29 socio-

249 2221 69 39 logi
337 2223 10 28 i
367 2223 162 39 Uppsala,
550 2225 110 34 Lund,
681 2227 202 30 Stockholm
904 2229 62 29 och
986 2229 179 40 Göteborg,
1186 2231 71 29 åtta
1276 2231 208 30 docenturer
1503 2234 63 28 och
1587 2233 147 30 lektorat

248 2274 9 29 i
281 2284 136 21 samma
437 2278 100 29 ämne
558 2279 10 28 i
589 2279 152 30 nämnda
763 2280 127 34 städer,
912 2291 41 20 en
974 2282 167 30 docentur
1162 2284 10 29 i
1194 2284 326 40 socialantropologi
1541 2286 10 29 i
1573 2287 161 38 Uppsala,

250 2337 42 20 en
318 2328 182 39 professur
525 2331 11 28 i
563 2332 200 29 Stockholm
791 2334 64 28 och
883 2344 41 20 en
951 2335 167 30 docentur
1145 2337 9 28 i
1182 2337 99 29 Lund
1309 2338 10 28 i
1347 2339 117 28 ämnet
1492 2338 242 40 socialpolitik,

248 2380 209 31 docenturer
472 2383 10 29 i
498 2383 291 40 kriminalpolitik
806 2387 64 28 och
887 2387 223 40 kriminologi
1126 2389 10 29 i
1154 2390 151 38 Uppsala
1321 2391 195 38 respektive
1533 2392 201 29 Stockholm

247 2437 90 27 samt
370 2435 181 39 professur
582 2438 10 28 i
625 2438 259 31 socialmedicin
915 2441 57 29 vid
1005 2442 161 39 samtliga
1198 2443 219 30 medicinska
1449 2444 188 31 fakulteter
1669 2446 65 29 och

245 2487 189 39 högskolor
454 2490 78 29 med
552 2491 179 39 undantag
752 2491 55 30 för
827 2493 203 30 karolinska
1050 2495 186 30 institutet.
1257 2497 179 30 Institutet
1456 2498 65 29 har
1541 2499 192 29 emellertid
