1848 2778
284 196 38 30 14
543 197 122 35 Tredje
700 196 244 39 lagutskottets
978 196 178 31 utlåtande
1190 206 42 19 nr
1267 197 38 28 19
1339 196 37 29 år
1410 197 82 28 1961

280 303 279 30 ikraftträdande
581 303 64 29 har
668 303 161 39 samtliga
850 320 43 4 —
915 303 78 29 med
1017 303 35 29 få
1075 304 181 38 undantag
1275 321 44 3 —
1342 303 66 29 fått
1432 303 76 29 sina
1531 303 228 29 ekonomiska

278 348 207 39 betingelser
511 347 86 30 låsta
622 348 10 29 i
658 348 169 29 samband
852 348 78 29 med
956 348 430 39 grundhyressättningen.
1413 348 129 29 Därvid
1568 347 190 30 fastställes

279 392 92 30 såväl
396 393 58 29 det
477 392 344 39 marknadsmässiga
844 392 355 36 produktionsvärdet
1224 402 73 20 som
1322 393 159 29 häremot
1505 393 169 29 svarande
1699 393 60 36 hy-

279 437 219 31 resintäkter.
518 437 63 28 Vid
599 437 237 39 beräkningen
854 446 41 20 av
912 437 264 37 hyresintäkten
1195 437 169 39 granskas
1382 438 178 28 dessutom
1579 445 88 31 noga
1686 437 73 29 fas-

279 481 171 39 tighetens
468 481 100 29 drift-
585 481 62 29 och
668 482 333 36 kapitalkostnader.
1019 482 48 30 De
1086 482 172 39 generella
1277 482 293 38 hyreshöjningar
1590 491 73 20 som
1682 482 78 29 här-

280 525 85 30 efter
387 526 69 29 kan
476 526 45 29 ha
541 526 193 39 medgivits,
755 527 63 28 har
839 526 204 31 tillkommit
1063 527 54 29 för
1138 529 52 28 att
1211 527 229 36 kompensera
1462 527 122 29 enbart
1605 526 155 29 faktiska

280 571 424 38 omkostnadsstegringar
725 580 78 20 men
824 572 74 29 icke
919 571 54 30 för
994 573 50 28 att
1064 580 39 30 ge
1123 574 175 34 utrymme
1320 571 53 30 för
1395 571 223 40 förräntning
1639 580 40 20 av
1702 571 58 29 ka-

278 615 198 36 pitalinsats
498 616 119 28 utöver
638 616 57 29 det
717 616 244 39 ursprungliga
983 616 364 36 produktionsvärdet.

322 661 72 29 Vad
420 661 106 29 sedan
550 661 105 39 gäller
679 661 157 36 punkten
861 662 35 33 2)
925 670 99 25 ovan,
1048 662 176 38 nämligen
1249 661 229 39 fastighetens
1503 661 176 30 restvärde
1702 661 57 29 vid

279 706 171 38 sanering,
476 706 38 29 är
538 706 113 29 denna
676 705 99 40 fråga
800 706 10 29 i
834 705 110 30 första
968 706 93 29 hand
1086 706 171 29 beroende
1283 715 41 21 av
1349 706 173 29 huruvida
1548 706 210 39 fastigheten

278 750 85 29 vilar
382 750 45 36 på
446 750 73 29 s.k.
540 749 44 30 fri
603 751 64 28 och
686 758 84 31 egen
790 751 110 38 grund
921 751 82 29 eller
1022 750 43 36 på
1086 751 101 29 mark
1207 760 73 19 som
1301 750 169 36 upplåtits
1491 751 77 29 med
1589 752 169 28 tomträtt.

278 795 65 28 För
362 794 205 40 fastigheter
585 795 43 35 på
648 794 134 37 friköpt
800 795 99 29 mark
919 797 256 34 representerar
1194 795 145 30 marken
1359 796 239 38 regelmässigt
1617 797 48 28 ett
1684 796 75 29 vär-

278 841 50 33 de,
350 840 88 29 dock
461 842 51 28 att
532 840 93 29 detta
647 840 105 29 värde
775 840 169 35 påverkas
966 849 41 20 av
1029 842 48 28 ett
1099 840 116 29 flertal
1240 840 165 35 faktorer,
1428 840 115 29 såsom
1565 841 194 38 byggnads-

278 886 112 28 rätten
413 885 57 29 vid
496 884 347 39 saneringstillfället,
866 886 152 29 tomtens
1041 885 206 39 belägenhet
1271 885 94 29 inom
1390 894 42 21 en
1458 886 116 31 tätort,
1601 885 158 29 kommu-

277 929 208 34 nikationer,
508 929 205 39 butiksläge.
738 929 48 29 De
809 929 204 39 fastigheter
1035 930 158 29 däremot
1217 939 73 20 som
1314 929 162 37 uppförts
1499 930 44 36 på
1567 931 192 28 tomträtts-

278 974 110 33 mark,
410 974 66 30 har
498 974 93 39 inget
613 974 245 29 motsvarande
881 974 206 30 markvärde
1110 974 120 30 varför
1254 975 191 29 restvärdet
1468 975 64 29 här
1556 976 138 37 utgöres
1718 984 41 20 av

278 1019 186 29 eventuellt
484 1018 222 37 lösenbelopp
727 1028 74 20 som
821 1019 387 36 tomträttsupplåtaren
1230 1019 68 30 kan
1318 1020 132 38 nödgas
1469 1020 138 39 erlägga
1626 1019 57 30 vid
1704 1029 56 20 av-

278 1063 163 29 talstiden
461 1063 140 39 utgång.

320 1109 41 29 Vi
380 1109 65 28 har
464 1109 78 28 med
562 1109 56 29 det
638 1117 89 20 ovan
748 1108 147 30 anförda
914 1109 91 30 velat
1024 1109 128 36 belysa,
1174 1111 51 28 att
1244 1108 113 39 någon
1378 1109 142 39 entydig
1538 1109 222 39 bestämning

278 1161 41 21 av
338 1162 42 20 en
401 1153 291 39 hyresfastighets
714 1153 297 30 marknadsvärde
1032 1154 75 29 icke
1129 1155 38 28 är
1188 1154 123 39 möjlig
1331 1155 51 29 att
1403 1155 83 38 göra
1508 1154 109 29 under
1640 1154 119 39 fastig-

276 1199 121 29 hetens
417 1199 169 29 »livstid».
605 1198 42 30 Så
665 1199 100 38 länge
782 1198 288 39 prisregleringen
1087 1198 44 36 på
1149 1199 107 36 hyror
1272 1198 126 34 består,
1416 1198 175 40 undergår
1607 1199 153 29 värdena

277 1243 54 30 för
354 1243 205 40 fastigheter
583 1244 102 38 ingen
709 1242 147 40 höjning
881 1252 73 20 som
979 1243 69 29 kan
1072 1243 187 30 motiveras
1284 1252 41 21 av
1347 1243 412 39 penningvärdeförsäm-

277 1295 130 31 ringen.

320 1333 66 29 Till
407 1333 94 29 detta
523 1332 156 30 kommer
699 1334 52 27 att
770 1342 41 20 en
832 1332 133 39 statligt
983 1332 146 30 belånad
1152 1332 176 39 fastighet,
1348 1333 108 39 enligt
1476 1333 42 29 de
1536 1333 127 29 villkor
1684 1342 75 20 som

278 1378 104 38 gäller
404 1377 55 29 för
480 1378 41 28 de
543 1377 139 39 statliga
704 1377 113 35 lånen,
839 1377 75 30 icke
936 1377 54 30 får
1011 1377 171 30 överlåtas
1205 1378 51 28 till
1279 1378 104 38 högre
1404 1378 106 29 värde
1533 1379 43 28 än
1598 1378 65 29 den
1687 1377 73 30 lån-

277 1422 144 38 givande
438 1422 246 39 myndigheten
703 1422 211 39 godkänner,
930 1422 107 30 vilket
1053 1431 73 21 som
1144 1423 91 38 regel
1252 1423 38 29 är
1306 1423 65 29 den
1388 1422 269 40 ursprungligen
1675 1422 85 30 fast-

276 1466 125 30 ställda
421 1466 441 36 produktionskostnaden.

319 1512 69 29 När
406 1512 58 30 det
482 1512 105 29 sedan
605 1512 108 39 gäller
731 1520 42 21 en
792 1511 404 39 bostadsrättsförening,
1216 1513 134 38 uttages
1369 1512 9 29 i
1398 1511 109 30 sådan
1526 1512 160 39 förening
1704 1522 54 20 re-

276 1557 199 39 gelmässigt
499 1556 206 39 årsavgifter
730 1565 74 21 som
828 1556 115 30 direkt
966 1559 183 33 anpassats
1174 1557 52 29 till
1253 1556 229 39 fastighetens
1507 1556 155 31 faktiska
1688 1557 70 30 års-

276 1601 247 29 omkostnader
550 1600 341 37 (kapitalkostnader
913 1601 54 29 för
988 1601 170 36 upplånat
1180 1601 131 36 kapital
1335 1603 90 28 samt
1447 1601 310 34 driftkostnader).

277 1645 42 29 Så
338 1645 98 39 länge
455 1646 388 29 bostadsrättshavaren
864 1645 90 37 själv
972 1646 105 29 bebor
1096 1647 205 38 lägenheten
1323 1646 53 29 får
1395 1647 71 29 han
1486 1647 210 39 avkastning
1715 1646 44 37 på

277 1690 58 30 sitt
351 1690 131 29 insatta
500 1690 129 36 kapital
648 1698 123 30 genom
788 1700 41 20 en
847 1691 92 38 lägre
956 1690 168 39 årsavgift
1140 1691 10 29 i
1168 1691 219 30 förhållande
1404 1692 53 28 till
1475 1692 58 28 det
1548 1691 211 37 hyresvärde

275 1734 205 38 lägenheten
499 1734 111 30 skulle
629 1734 109 31 åsatts
758 1735 43 36 på
819 1736 64 28 den
903 1736 115 35 öppna
1035 1736 335 36 hyresmarknaden.

318 1780 64 29 Vid
399 1780 222 30 överlåtelser
636 1789 42 20 av
693 1780 253 29 bostadsrätter
962 1780 73 35 har,
1052 1780 114 30 såsom
1184 1781 217 29 motionären
1419 1780 216 34 framhåller,
1652 1781 9 29 i
1678 1781 81 30 fler-

275 1825 83 29 talet
385 1824 201 40 föreningar
614 1825 193 35 tillämpats
836 1825 64 29 den
928 1824 180 37 principen
1138 1825 54 29 för
1221 1825 220 40 bestämning
1470 1834 42 21 av
1539 1825 219 30 överlåtelse-

274 1869 181 34 villkoren,
485 1870 51 29 att
562 1869 389 30 bostadsrättshavaren
979 1870 181 38 medgivits
1192 1871 68 28 rätt
1289 1872 50 28 att
1367 1879 41 20 av
1437 1870 66 29 den
1533 1870 224 30 tillträdande

274 1913 388 30 bostadsrättshavaren
685 1914 133 29 erhålla
840 1915 224 38 ursprunglig
1086 1914 226 39 grundavgift
1339 1914 144 34 (insats)
1511 1914 109 37 jämte
1643 1915 44 36 på
1711 1916 47 28 lä-

274 1958 169 39 genheten
469 1958 154 30 fallande
647 1959 215 29 verkställda
886 1960 263 37 amorteringar.
1176 1959 160 29 Metoden
1362 1959 146 29 innebär
1533 1960 11 29 i
1570 1960 186 35 praktiken

275 2006 49 28 att
344 2003 326 30 överlåtelsevärdet
694 2003 169 30 likställes
885 2004 77 29 med
985 2004 278 29 bostadsrättens
1286 2004 237 31 andelsvärde.
1547 2004 51 29 Då
1622 2005 135 29 andels-

273 2050 151 29 värdena
446 2050 268 37 sammantagna
737 2057 73 20 som
833 2049 90 37 regel
946 2050 193 28 motsvarar
1162 2049 58 29 det
1242 2049 245 39 ursprungliga
1509 2049 248 36 produktions-

273 2095 119 29 värdet
417 2093 55 30 för
498 2093 221 39 fastigheten,
745 2093 144 29 innebär
915 2093 158 29 metoden
1100 2094 179 38 samtidigt
1305 2095 51 28 att
1380 2093 270 31 överlåtelserna
1677 2095 80 29 sker

273 2139 87 29 efter
377 2139 130 29 värden
528 2147 73 20 som
620 2138 158 29 ansluter
797 2138 50 29 till
866 2138 264 38 lägenheternas
1149 2138 397 36 produktionskostnad.

316 2185 65 29 Det
401 2184 155 29 nämnda
578 2182 426 30 överlåtelseförfarandet
1026 2182 264 30 sammanfaller
1313 2184 76 29 med
1413 2184 41 29 de
1478 2183 279 40 överlåtelsereg-

274 2229 47 30 ler
340 2238 73 20 som
433 2228 320 37 Bostadsstyrelsen
774 2228 106 29 sätter
898 2236 75 20 som
992 2227 125 30 villkor
1136 2227 55 30 för
1211 2228 138 38 statliga
1369 2227 56 30 lån
1446 2228 51 30 till
1517 2228 159 30 enskilda
1696 2229 61 36 hy-

274 2273 271 39 resfastigheter,
569 2282 79 20 men
672 2272 141 30 avviker
837 2272 78 29 från
940 2272 245 39 grundtanken
1210 2272 10 29 i
1245 2273 18 28 6
1290 2272 15 37 $
1333 2273 97 39 lagen
1455 2282 56 20 om
1538 2273 151 29 kontroll
1715 2282 42 20 av

273 2318 193 36 upplåtelse
490 2318 65 29 och
578 2317 204 29 överlåtelse
807 2326 41 20 av
871 2317 215 29 bostadsrätt
1111 2326 43 20 m.
1170 2326 45 20 m.
1240 2317 73 29 vari
1340 2319 97 37 säges
1463 2319 51 28 att
1538 2317 218 30 överlåtelse-

272 2362 238 39 ersättningen
536 2362 88 29 skall
649 2362 174 29 beräknas
849 2362 77 28 med
953 2361 263 39 utgångspunkt
1242 2361 79 30 från
1347 2362 408 31 bostadsrättshavarens

272 2407 100 29 andel
396 2407 10 29 i
430 2407 224 38 föreningens
678 2406 163 30 behållna
865 2406 251 38 förmögenhet.

315 2450 52 30 Då
389 2460 42 20 av
454 2452 57 28 det
533 2451 147 29 anförda
704 2450 155 39 framgår
882 2452 50 28 att
955 2451 57 29 det
1035 2450 68 30 f.n.
1127 2450 44 37 på
1195 2450 405 39 fastighetsmarknaden
1625 2451 129 30 saknas

273 2495 107 39 regler
397 2495 55 29 för
469 2496 221 39 bestämning
707 2504 42 21 av
767 2495 221 39 fastigheters
1006 2495 298 30 marknadsvärde
1321 2496 63 29 och
1402 2496 143 29 därmed
1563 2497 85 28 även
1667 2496 88 37 möj-
