1846 2778
277 147 39 30 18
540 147 124 36 Tredje
698 147 245 39 lagutskottets
976 147 178 30 utlåtande
1187 156 43 20 nr
1264 147 39 29 19
1336 146 39 30 år
1408 146 82 30 1961

277 254 108 30 fallet.
409 254 193 29 Resultatet
624 263 42 20 av
685 253 238 40 beräkningen
947 253 68 30 kan
1038 254 10 29 i
1071 254 95 30 detta
1188 253 61 30 fall
1274 254 100 39 sägas
1397 261 39 31 ge
1459 253 140 37 uttryck
1623 252 55 30 för
1700 252 59 30 bo-

277 308 231 28 stadsrättens
536 306 155 40 verkliga
719 307 114 29 värde.

320 360 13 29 I
356 360 58 31 det
436 359 185 40 förgående
643 360 64 29 har
729 359 74 30 icke
825 360 144 29 särskilt
990 359 159 30 beaktats
1172 361 52 29 att
1245 359 205 30 lånevillkor
1473 368 74 20 som
1570 359 189 36 uppställts

277 413 9 29 i
315 413 170 29 samband
510 413 77 29 med
615 412 197 37 beviljande
842 422 42 19 av
913 412 180 30 tertiärlån
1124 412 54 30 för
1206 411 456 41 bostadsrättsföreningars
1692 411 66 30 hus

278 466 69 30 kan
374 466 178 30 innehålla
576 466 262 29 bestämmelser
864 466 95 29 vilka
986 465 54 30 får
1067 474 134 21 samma
1228 466 130 29 verkan
1387 474 75 21 som
1490 465 95 30 förut
1611 465 149 30 berörda

279 519 393 39 stadgebestämmelser.
697 519 76 29 Med
797 519 138 37 hänsyn
959 519 52 29 till
1036 519 219 29 sistnämnda
1279 518 221 30 förhållande
1524 527 103 29 synes
1650 535 45 4 —
1718 527 42 20 ur

278 573 126 29 hittills
427 572 222 30 diskuterade
669 572 218 37 synpunkter
974 571 186 40 anledning
1182 572 129 30 saknas
1333 573 51 28 att
1407 572 143 29 särskilt
1571 571 190 37 uppmärk-

279 634 135 21 samma
435 625 258 39 verkningarna
715 634 41 20 av
777 626 100 28 dessa
900 625 114 29 såsom
1038 625 206 29 lånevillkor
1266 625 199 30 utformade
1487 625 272 30 bestämmelser.

321 679 66 29 Vid
412 687 48 21 nu
484 678 149 39 angivna
657 678 245 29 förhållanden
928 678 128 29 saknar
1081 678 171 30 utskottet
1275 678 189 39 anledning
1489 679 79 38 taga
1594 678 166 40 ställning

278 732 51 29 till
353 732 119 39 övriga
495 731 57 30 två
573 731 65 30 här
659 731 96 29 förut
777 731 148 30 berörda
949 731 127 39 frågor.
1100 731 227 30 Beträffande
1353 730 124 40 frågan
1500 731 175 30 huruvida
1700 732 60 29 all-

278 786 131 28 männa
428 784 339 39 föreningsrättsliga
783 784 177 36 principer
978 785 114 38 lägger
1109 784 125 30 hinder
1252 785 10 28 i
1280 785 109 39 vägen
1408 784 54 30 för
1480 793 42 21 en
1541 784 221 40 lagstiftning

278 846 42 21 av
349 838 10 29 i
389 838 177 29 motionen
596 837 185 39 ifrågasatt
810 838 74 38 slag
915 837 69 30 kan
1014 837 171 30 utskottet
1214 836 192 31 emellertid
1433 838 147 29 hänvisa
1611 838 52 30 till
1694 838 66 29 vad

278 890 83 30 HSB
371 886 21 46 i
425 890 60 31 sitt
510 890 286 37 remissyttrande
823 890 129 30 anfört.

322 943 49 30 På
390 944 113 39 grund
523 952 41 20 av
580 944 66 28 vad
667 943 147 30 sålunda
834 943 136 30 anförts
991 943 54 29 får
1064 943 172 31 utskottet
1253 943 197 35 hemställa,

631 998 51 28 att
699 996 227 30 förevarande
943 997 131 29 motion
1091 996 45 29 II:
1153 996 63 30 600
1232 997 75 29 icke
1324 996 108 31 måtte
1448 996 181 31 föranleda
1646 997 114 40 någon

587 1049 206 39 riksdagens
817 1049 133 40 åtgärd.

322 1155 203 30 Stockholm
548 1156 66 29 den
638 1155 40 30 18
701 1156 87 36 april
814 1155 81 30 1961

702 1261 48 30 På
776 1262 112 36 tredje
916 1262 246 39 lagutskottets
1184 1263 146 38 vägnar:

854 1368 123 30 HUGO
1003 1368 175 31 OSVALD

323 1536 64 29 Vid
407 1536 95 30 detta
522 1536 147 30 ärendes
690 1536 212 40 behandling
922 1537 66 29 har
1008 1537 172 30 närvarit:

320 1589 81 29 från
453 1589 164 30 första
669 1589 219 30 kammaren:
941 1590 121 29 herrar
1101 1590 141 35 Osvald,
1282 1590 115 38 Grym,
1438 1591 109 40 Georg
1586 1592 174 35 Carlsson,

276 1641 253 35 Kristiansson,
568 1642 94 30 Ebbe
690 1642 183 36 Ohlsson+,
912 1642 72 30 Åke
1011 1643 163 34 Larsson,
1212 1643 283 31 Alexanderson?
1523 1645 64 29 och
1612 1645 148 30 Herbert

276 1695 170 34 Larsson;

320 1748 81 30 från
446 1749 153 29 andra
637 1748 221 31 kammaren:
903 1749 122 30 herrar
1068 1749 200 30 Johansson
1301 1750 11 30 i
1344 1750 105 37 Torp,
1483 1750 57 30 fru
1573 1752 187 35 Torbrink,

275 1801 123 29 herrar
433 1801 199 31 Andersson
667 1802 205 39 Ryggestad,
905 1803 200 29 Johansson
1129 1803 10 29 i
1163 1802 143 35 Öckerö,
1342 1804 185 39 Svenning,
1561 1804 198 30 Carlsson
1736 1797 26 50 i

277 1854 214 34 Stockholm,
517 1854 155 31 Grebäck
697 1856 65 29 och
786 1856 194 39 Bengtsson
1006 1856 11 29 i
1042 1855 180 40 Göteborg.

324 1961 34 32 +)
376 1961 35 35 Ej
433 1961 200 28 närvarande
652 1962 56 27 vid
727 1961 194 28 utlåtandets
938 1962 164 35 justering.

902 2147 223 29 Reservation

317 2236 42 20 av
385 2227 123 29 herrar
539 2225 139 38 Osvald,
709 2225 93 31 Ebbe
836 2226 163 37 Ohlsson,
1030 2226 272 39 Alexanderson,
1333 2227 201 31 Johansson
1567 2228 10 29 i
1610 2228 146 35 Öckerö,

271 2279 196 39 Bengtsson
488 2280 10 29 i
519 2279 170 40 Göteborg
709 2279 64 30 och
793 2279 164 31 Carlsson
979 2280 10 29 i
1011 2280 211 35 Stockholm,
1243 2280 95 31 vilka
1359 2283 115 28 ansett
1495 2283 51 28 att
1566 2282 191 30 utskottets

274 2332 181 30 utlåtande
474 2333 110 29 under
602 2332 166 30 rubriken
789 2332 217 30 »Utskottet>
1026 2333 79 30 bort
1122 2333 46 30 ha
1186 2332 157 38 följande
1363 2334 145 38 lydelse:

318 2386 70 29 »De
408 2385 224 37 kooperativa
651 2385 196 40 företagens
868 2386 102 29 andel
989 2386 11 29 i
1019 2386 403 36 bostadsproduktionen
1442 2388 64 29 har
1526 2388 110 30 under
1659 2388 98 30 1950-

273 2439 84 29 talet
378 2438 187 40 undergått
588 2448 43 21 en
656 2439 138 30 relativt
819 2438 132 40 kraftig
975 2439 140 40 ökning.
1141 2440 14 29 I
1181 2441 213 38 genomsnitt
1419 2441 97 30 torde
1542 2441 147 40 ungefär
1716 2442 41 30 25
