2230 2624
428 152 40 31 10
903 153 252 32 Statsutskottets
1178 154 164 32 utlåtande
1365 155 54 30 Nr
1441 156 30 31 7.

182 237 100 41 Arvode
302 236 41 43 till
516 230 97 48 19:0)
656 230 143 48 Kungl.
828 230 108 49 Maj:t
964 231 67 36 har
1059 232 11 35 i
1098 232 123 48 punkt
1253 235 43 33 18
1326 232 198 49 föreslagit
1551 234 204 48 riksdagen
1785 239 65 42 att,
1880 235 12 35 i
1921 247 64 23 av-

167 271 189 66 Oe
383 280 114 37 bidan
538 284 48 46 på
627 282 236 48 proposition
891 282 12 35 1
932 288 137 42 ämnet,
1099 283 54 36 till
1184 284 211 36 beredande
1422 297 47 22 av
1497 286 138 36 arvode
1663 286 58 36 till
1749 299 45 22 en
1823 286 162 36 särskild

191 342 135 22 kommers
384 333 239 48 Bjöåklagare
655 332 69 37 hos
752 333 398 50 kommerskollegium
1179 335 113 36 bland
1317 336 45 36 de
1382 341 105 31 extra
1508 337 184 49 anslagen
1710 338 118 36 under
1848 338 136 48 sjunde

190 375 144 82 "8
383 384 240 37 huvudtiteln
652 385 58 35 för
737 388 41 33 år
810 386 95 35 1916
936 385 165 36 beräkna
1130 391 54 32 ett
1211 387 139 49 belopp
1379 401 47 22 av
1460 389 111 45 3,000
1600 389 149 37 kronor.

504 463 100 44 Över
623 470 122 37 denna
765 471 280 48 framställning
1064 472 172 36 kommer
1256 473 183 36 utskottet
1460 478 52 31 att
1530 473 200 39 framdeles
1749 474 121 37 under
1888 474 94 37 riks-

382 521 125 48 dagen
535 522 136 48 avgiva
699 522 207 47 utlåtande,
935 523 115 36 vilket
1078 524 184 36 utskottet
1290 525 122 36 skolat
1440 525 222 49 härigenom
1693 527 57 36 för
1777 526 206 48 riksdagen

913 593 157 35 anmäla.

512 693 98 48 20:0)
650 694 85 36 Med
776 695 265 49 tillstyrkande
1083 710 47 22 av
1172 696 107 37 bifall
1319 697 58 36 till
1418 697 141 49 Kungl.
1588 697 127 49 Maj:ts
1743 698 12 36 i
1782 699 124 48 punkt
1937 700 44 35 19

172 755 171 39 publikation,
379 745 137 49 gjorda
558 745 282 50 framställning
876 747 70 35 och
975 747 119 36 under
1123 747 233 50 hänvisning
1384 749 56 36 till
1468 749 72 36 vad
1568 749 414 50 statsrådsprotokollet

156 790 204 59 kommersiella
380 796 82 50 (gid,
493 797 167 49 40—43)
689 797 12 36 i
728 803 128 31 ämnet
885 798 216 48 innehåller,
1132 800 57 35 får
1217 801 183 36 utskottet
1427 801 207 47 hemställa,

212 861 94 80 19.)
910 889 55 31 att
1004 885 208 48 riksdagen
1253 888 71 44 må,
1355 885 11 36 1
1394 886 119 36 likhet
1554 887 87 36 med
1683 887 72 36 vad
1791 887 59 36 för
1878 888 104 36 inne-

779 936 164 36 varande
979 939 41 33 år
1055 941 67 44 ägt
1159 951 95 33 rum,
1284 938 58 35 för
1370 938 206 48 utgivande
1605 951 142 35 genom
1774 939 207 37 kommers-

780 987 155 48 kollegiu
967 988 150 49 försorg
1145 1002 48 22 av
1220 1002 46 23 en
1293 989 194 48 periodisk
1510 989 250 49 publikation,
1788 992 193 35 »kommer-

779 1041 104 34 siella
924 1041 297 46 meddelanden»,
1262 1041 11 35 1
1314 1041 257 49 huvudsaklig
1604 1043 377 35 överensstämmelse

780 1091 86 36 med
904 1091 185 36 fastställd
1122 1092 101 49 plan,
1256 1095 47 46 på
1331 1098 105 30 extra
1464 1098 74 31 stat
1566 1093 59 36 för
1654 1096 40 34 år
1724 1095 94 35 1916
1848 1094 133 36 anvisa

779 1148 53 30 ett
861 1143 135 49 belopp
1026 1156 46 23 av
1104 1145 137 46 12,000
1270 1144 148 36 kronor.

152 1231 208 58 lasta
506 1243 98 50 21:0)
633 1244 52 36 På
714 1245 124 49 grund
867 1258 47 23 av
942 1246 141 48 Kungl.
1116 1247 126 48 Maj:ts
1270 1247 10 35 i
1309 1247 122 49 punkt
1459 1248 47 35 20
1535 1247 137 49 gjorda
1699 1247 281 49 framställning

156 1300 202 40 kommerskolle-
378 1296 71 36 och
490 1296 120 36 under
642 1296 238 49 åberopande
909 1311 46 22 av
982 1298 74 35 vad
1083 1298 13 35 i
1124 1299 411 48 statsrådsprotokollet
1562 1298 83 49 (sid.
1677 1300 165 48 43—44)
1870 1300 110 36 blivit

211 1344 78 73 [20:
289 1354 14 63 ]
378 1348 12 35 1
419 1351 128 32 ämnet
575 1348 136 47 anfört,
743 1348 56 36 får
830 1349 180 36 utskottet
1037 1350 211 47 hemställa,

909 1439 54 31 att
1004 1436 206 49 riksdagen
1252 1439 71 43 må,
1360 1436 12 36 1
1400 1436 120 37 likhet
1560 1437 86 36 med
1688 1438 72 36 vad
1801 1438 58 36 för
1896 1444 83 30 vart

778 1487 71 35 och
891 1492 55 31 ett
987 1501 46 22 av
1064 1490 89 34 åren
1185 1490 252 34 1911—1915
1467 1494 66 43 ägt
1559 1502 96 34 rum,
1685 1489 55 36 till
1768 1489 210 37 beredande

778 1551 47 23 av
865 1541 130 35 arvode
1024 1541 36 34 åt
1088 1552 43 24 en
1168 1541 240 35 vaktmästare
1445 1543 62 34 hos
1536 1543 365 44 kommerskollegium
1931 1544 47 46 på

778 1596 108 30 extra
926 1596 72 31 stat
1039 1591 59 36 för
1140 1594 41 33 år
1223 1593 95 35 1916
1360 1592 131 36 anvisa
1530 1598 53 30 ett
1621 1591 139 50 belopp
1789 1606 47 23 av
1866 1595 110 45 1,175

778 1641 148 37 kronor.

184 1737 162 67 Ordinarie
508 1744 98 49 22:0)
636 1744 17 37 I
682 1745 182 48 förslaget
892 1746 55 35 till
975 1746 156 37 riksstat
1161 1747 56 36 för
1245 1750 38 33 år
1305 1749 96 35 1916
1423 1748 68 36 har
1509 1748 142 49 Kungl.
1674 1748 107 49 Maj:t
1799 1748 179 49 upptagit

189 1785 128 50 kammar.
353 1781 14 69 —
378 1795 185 37 Ordinarie
605 1797 172 48 anslaget
817 1796 55 37 till
915 1797 295 38 kammarrätten
1251 1798 84 37 med
1377 1799 216 37 oförändrat
1630 1799 150 50 belopp,
1810 1801 166 47 258,300

203 1848 96 22 rätten.
376 1847 148 37 kronor.

505 1951 85 37 Med
632 1952 149 49 hänsyn
822 1951 57 37 till
920 1953 72 36 vad
1025 1966 47 23 av
1099 1953 417 49 departementschefen
1544 1955 207 36 meddelats
1780 1954 196 50 angående

376 2002 251 49 möjligheten
656 2016 47 23 av
730 2009 54 31 att
811 2004 56 36 till
895 2004 254 37 innevarande
1176 2005 156 48 riksdag
1359 2006 75 36 kan
1460 2006 152 36 komma
1641 2011 56 31 att
1724 2007 142 36 avlåtas
1894 2019 82 36 pro-

375 2054 164 48 position
581 2067 62 24 om
684 2055 213 37 inrättande
940 2069 45 23 av
1025 2062 54 31 ett
1119 2056 359 38 riksrevisionsverk
1513 2057 171 37 kommer
1711 2058 183 37 utskottet
1922 2064 54 30 att

376 2105 200 37 framdeles
608 2106 119 37 under
752 2106 204 50 riksdagen
984 2112 101 44 yttra
1114 2109 62 47 sig
1203 2108 12 36 i
1243 2108 107 49 fråga
1378 2122 62 23 om
1468 2122 49 23 nu
1546 2109 248 38 förevarande
1822 2110 152 49 anslag;

375 2156 118 38 vilket
522 2157 183 37 utskottet
732 2158 221 49 härigenom
982 2159 124 37 skolat
1130 2160 58 36 för
1214 2159 202 50 riksdagen

906 2246 156 36 anmäla.
