2232 2626
436 170 19 31 6
911 168 251 32 Statsutskottets
1184 167 164 32 utlåtande
1372 168 54 30 Nr
1448 169 29 30 7.

174 244 193 67 fnsrällande.
525 247 73 49 9:0)
627 247 143 47 Kungl.
800 246 108 49 Maj:t
935 246 69 35 har
1031 245 11 36 i
1069 246 123 48 punkt
1222 248 20 33 9
1272 245 198 48 föreslagit
1496 246 205 48 riksdagen
1730 250 52 30 att
1801 245 11 35 i
1833 244 165 38 avbidan

177 318 136 31 kollegium
333 325 30 16 av
394 302 48 47 På
483 299 74 36 den
597 298 235 49 proposition
874 311 62 23 om
978 297 208 36 anvisande
1229 311 45 22 av
1317 297 122 36 medel
1473 297 57 36 för
1557 297 224 46 ändamålet,
1811 309 81 23 som
1923 296 75 36 kan

169 361 30 50 em
197 353 179 58 adjungerad
395 351 103 57 bliva
540 350 170 48 förelagd
751 349 218 48 riksdagen,
1011 348 58 58 för
1110 348 233 58 anställande
1376 348 69 36 hos
1474 348 377 48 kammarkollegium
1879 348 121 36 under

174 424 76 22 extra
268 406 102 39 notarie
395 402 105 36 tiden
528 402 83 35 från
640 401 72 36 och
739 401 85 36 med
853 401 73 36 den
958 403 18 33 1
1004 400 71 49 juli
1107 402 98 34 1915
1234 399 56 37 till
1319 400 71 36 och
1419 399 84 37 med
1530 403 201 46 utgången
1759 413 46 23 av
1833 402 40 33 år
1900 401 98 35 1916

178 458 46 23 och
243 465 33 31 en
294 458 75 38 extra
397 467 46 23 av
472 467 48 22 en
548 452 236 50 adjungerad
811 453 179 46 ledamot,
1020 465 45 23 en
1094 458 107 30 extra
1228 453 143 35 notarie
1401 451 70 36 och
1491 464 46 23 en
1557 457 106 31 extra
1683 451 182 37 arkivarie
1884 450 116 37 bland

204 493 139 22 arkiverten
397 505 45 36 de
484 511 104 30 extra
629 504 185 48 anslagen
855 504 120 36 under
1015 504 135 47 sjunde
1191 503 240 36 huvudtiteln
1469 503 58 36 för
1554 506 40 32 år
1625 505 97 34 1916
1751 502 167 38 beräkna
1946 508 54 30 ett

244 528 66 46 [9]
397 556 137 49 belopp
564 570 46 22 av
641 557 137 46 19,350
808 555 152 37 kronor.

528 650 101 46 Över
670 660 123 36 denna
834 659 281 49 framställning
1155 660 171 35 kommer
1353 658 186 37 utskottet
1567 663 56 32 att
1651 658 201 37 framdeles
1880 658 121 36 under

397 711 205 49 riksdagen
623 711 140 49 avgiva
782 711 205 46 utlåtande,
1008 711 117 36 vilket
1144 711 187 36 utskottet
1350 711 125 35 skolat
1489 710 222 48 härigenom
1727 710 57 36 för
1797 710 204 48 riksdagen

930 815 158 36 anmäla.

176 916 102 66 Oe
306 916 75 58 un
534 918 95 49 10:0)
659 919 17 35 I
703 919 186 48 förslaget
915 918 57 37 till
998 918 156 36 riksstat
1184 919 57 35 för
1269 920 39 34 år
1334 919 97 35 1916
1453 918 68 35 har
1539 917 143 48 Kungl.
1705 916 105 49 Maj:t
1828 915 176 50 upptagit

178 987 194 22 statskontoret.
400 970 185 37 Ordinarie
604 971 175 47 anslaget
798 971 56 35 till
874 970 270 37 statskontoret
1163 969 84 36 med
1267 970 219 36 oförändrat
1505 969 151 49 belopp,
1676 969 161 46 173,500
1852 968 150 36 kronor.

530 1074 86 36 Med
643 1073 151 49 hänsyn
821 1074 58 36 till
905 1074 74 35 vad
1007 1086 46 22 av
1078 1072 418 50 departementschefen
1515 1072 55 36 till
1590 1070 416 50 statsrådsprotokollet

401 1125 82 48 (sid.
528 1125 36 49 3)
606 1126 156 35 uttalats
803 1125 195 49 angående
1039 1124 248 49 möjligheten
1324 1138 47 22 av
1400 1129 55 31 att
1482 1123 58 36 till
1567 1123 256 36 innevarande
1850 1122 157 47 riksdag

404 1177 74 36 kan
518 1177 155 36 komma
714 1182 55 31 att
804 1177 143 36 avlåtas
975 1176 234 50 proposition
1238 1189 60 23 om
1327 1175 214 37 inrättande
1570 1188 45 23 av
1644 1180 54 31 ett
1724 1174 283 36 riksrevisions-

403 1229 104 46 verk,
544 1228 171 37 kommer
742 1228 181 37 utskottet
952 1233 56 32 att
1037 1228 199 36 framdeles
1265 1228 118 36 under
1409 1227 205 48 riksdagen
1642 1231 103 44 yttra
1772 1226 61 48 sig
1859 1226 12 35 1
1900 1225 108 48 fråga

406 1292 60 24 om
495 1294 50 22 nu
567 1280 245 37 förevarande
831 1280 147 49 anslag,
998 1280 120 36 vilket
1137 1279 184 37 utskottet
1340 1279 221 48 härigenom
1582 1278 125 36 skolat
1727 1278 57 36 för
1802 1277 205 49 riksdagen

937 1383 157 36 anmäla.

187 1483 189 64 Ålderstillägg
539 1486 95 49 11:0o)
663 1487 17 35 I
708 1486 170 49 enlighet
905 1487 84 35 med
1018 1487 141 48 Kungl.
1189 1486 126 49 Maj:ts
1334 1485 12 36 i
1365 1486 122 48 punkt
1509 1487 45 34 10
1574 1483 138 50 gjorda
1731 1483 279 49 framställning

180 1527 58 57 för,
254 1522 132 66 framnnga
408 1539 69 37 och
505 1539 119 36 under
651 1538 235 49 hänvisning
913 1538 58 36 till
998 1538 72 36 vad
1099 1538 186 36 utskottet
1312 1537 120 36 under
1459 1536 122 49 punkt
1611 1537 20 35 6
1662 1536 69 35 här
1756 1548 97 23 ovan
1873 1535 136 47 anfört,

187 1596 192 24 statskontoret.
407 1591 58 36 får
492 1590 186 37 utskottet
706 1590 212 48 hemställa,

243 1630 93 47 [10.7]

940 1698 55 31 att
1033 1693 205 47 riksdagen
1280 1695 70 43 må,
1393 1691 230 37 beträffande
1667 1691 45 35 de
1745 1691 12 35 i
1790 1694 122 32 staten
1955 1690 58 36 för

810 1745 272 37 statskontoret
1123 1749 197 44 upptagna
1360 1742 199 49 kvinnliga
1595 1742 198 36 biträdena
1820 1755 45 22 av
1893 1741 120 49 högre

811 1797 70 36 och
900 1797 107 47 lägre
1022 1795 300 49 avlöningsgrad
1337 1795 148 36 besluta
1501 1794 116 36 sådan
1633 1793 164 49 ändring
1809 1792 13 36 i
1836 1793 177 48 gällande

811 1848 249 47 föreskrifter,
1102 1853 55 31 att
1197 1846 145 37 biträde
1370 1860 47 22 av
1444 1846 104 47 lägre
1574 1845 110 49 grad,
1715 1857 92 35 som,
1837 1844 95 37 efter
1959 1844 56 36 in-

812 1899 177 49 tjänande
1009 1913 47 22 av
1075 1899 97 36 båda
1187 1897 309 49 ålderstilläggen
1514 1897 12 36 i
1545 1897 125 36 denna
1689 1896 106 49 grad,
1817 1896 196 36 befordras

813 1952 56 36 till
910 1951 383 47 biträdesbefattning
1330 1963 48 22 av
1405 1949 120 48 högre
1552 1948 109 49 grad,
1691 1951 61 33 må
1779 1947 235 37 omedelbart

812 2004 152 35 komma
992 2004 12 35 i
1032 2002 223 49 åtnjutande
1299 2016 47 22 av
1383 2006 53 31 ett
1464 2000 263 49 ålderstillägg
1755 2000 11 35 i
1794 1999 72 36 den
1895 1999 120 49 högre

812 2055 156 48 graden.

203 2151 172 25 Anställande

205 2188 178 23 RER
546 2158 97 49 12:00
686 2158 16 36 I
743 2158 121 50 punkt
908 2160 44 33 11
997 2158 67 36 har
1104 2157 144 49 Kungl.
1285 2156 108 48 Maj:t
1421 2155 194 49 föreslagit
1642 2155 205 48 riksdagen
1877 2160 54 30 att
1959 2154 58 36 för

221 2222 99 23 revisor
351 2221 4 23 å
414 2210 235 41 anställande
677 2223 47 24 av
757 2223 47 24 en
832 2214 102 33 extra
963 2211 138 36 revisor
1129 2212 22 33 å
1179 2210 270 35 statskontorets
1480 2208 328 44 riksbokslutsbyrå
1836 2209 48 46 på
1913 2211 104 32 extra

185 2257 199 61 Morot,
415 2268 77 31 Stat
519 2263 57 36 för
604 2265 40 33 år
674 2263 97 35 1916
802 2263 129 35 anvisa
959 2266 54 32 ett
1039 2261 139 49 belopp
1208 2273 47 23 av
1283 2261 113 46 3,100
1425 2259 148 36 kronor.

254 2329 71 31 byrå.

248 2365 94 47 (11.]
