1880 2790
267 197 38 30 10
684 201 285 32 Statsutskottets
989 204 181 31 utlåtande
1190 214 42 21 nr
1252 206 71 29 122.

260 286 105 40 enligt
381 287 293 41 byggnadslagen.
690 289 103 40 Dylik
808 291 261 40 tvångsinlösen
1085 293 65 29 har
1166 293 94 30 inom
1276 294 354 41 flygförvaltningens
1646 298 98 29 verk-

261 339 296 32 samhetsområde
574 341 227 32 förekommit
816 344 11 29 i
844 345 50 29 ett
911 345 94 30 antal
1023 345 72 35 fall,
1113 346 121 30 varvid
1251 347 236 32 kostnaderna
1504 366 45 4 —
1564 349 12 30 i
1593 349 88 31 brist
1699 351 44 39 på

258 392 108 29 andra
388 393 215 37 tillgängliga
624 394 113 30 medel
756 412 45 5 —
819 396 157 31 bestritts
997 397 79 31 från
1096 398 122 38 anslag
1241 399 53 30 för
1315 400 244 31 markförvärv
1581 402 53 30 till
1656 402 86 38 flyg-

258 445 74 30 fält.
351 446 104 30 Detta
473 447 204 31 förfarande
695 448 63 31 har
776 449 386 41 departementschefen
1181 455 113 28 ansett
1313 463 84 21 vara
1416 454 136 31 mindre
1571 456 169 40 lämpligt.

258 497 48 31 De
327 498 254 40 tvångsinlösta
602 500 253 41 fastigheterna
876 504 61 29 äro
958 504 74 30 icke
1054 505 58 30 vid
1133 505 175 31 förvärvet
1329 507 226 40 erforderliga
1577 509 56 29 för
1654 509 87 40 flyg-

258 551 108 30 fälten
387 552 65 29 och
474 552 119 31 kunna
615 555 124 29 endast
760 556 251 40 undantagsvis
1031 557 175 32 beräknas
1226 559 46 30 bli
1293 560 58 30 det
1371 560 11 29 i
1404 560 200 31 framtiden.
1626 562 53 30 Då
1699 563 41 30 de

257 604 54 29 för
327 605 246 31 markförvärv
589 606 53 30 till
660 607 139 40 flygfält
816 610 151 30 avsedda
985 611 166 39 anslagen
1170 612 75 30 icke
1262 613 60 29 äro
1340 613 199 31 beräknade
1557 616 80 29 med
1655 615 85 30 hän-

257 664 63 28 syn
349 657 52 28 till
431 658 227 30 förevarande
689 662 95 28 extra
812 661 205 39 belastning,
1048 663 64 30 har
1141 664 58 30 det
1229 667 96 35 synts
1355 666 385 37 departementschefen

256 709 199 40 lämpligast
480 713 50 29 att
553 712 56 30 för
634 714 199 31 ändamålet
857 716 12 29 i
894 716 99 40 fråga
1017 717 156 31 beräkna
1199 719 172 30 särskilda
1396 720 111 30 medel
1532 722 113 29 under
1670 722 69 30 del-

255 765 121 37 posten
393 764 52 29 till
460 764 228 32 oförutsedda
703 767 153 40 utgifter.
872 768 394 41 Departementschefen
1282 772 64 30 har
1362 773 168 35 förordat,
1547 776 51 28 att
1615 777 123 37 posten

255 815 53 30 för
325 816 199 32 ändamålet
540 819 205 39 uppräknas
759 822 79 29 med
855 821 40 30 25
911 822 63 30 000
989 823 141 30 kronor.

297 868 67 30 För
383 870 228 32 oförutsedda
630 872 144 40 utgifter
793 873 55 31 för
867 875 245 32 markförvärv
1131 877 64 30 har
1215 878 102 30 alltså
1336 878 188 32 beräknats
1545 882 48 28 ett
1613 880 124 41 belopp

253 930 42 21 av
315 922 58 33 (26
388 922 64 31 000
468 924 36 37 +
520 924 40 30 25
575 924 64 31 000
654 925 59 35 =)
734 926 38 30 51
789 926 63 31 000
868 927 141 31 kronor.

295 1028 64 31 Det
378 1031 264 40 sammanlagda
661 1033 279 32 medelsbehovet
958 1036 54 30 för
1030 1036 65 30 här
1114 1038 150 30 avsedda
1283 1039 245 31 markförvärv
1547 1040 113 30 skulle
1680 1050 57 20 en-

251 1081 60 40 ligt
328 1082 406 40 departementschefens
750 1086 235 42 beräkningar
1003 1089 102 31 alltså
1124 1091 115 39 uppgå
1258 1091 51 30 till
1334 1091 81 34 (500
1430 1092 62 30 000
1508 1093 37 37 +
1561 1093 42 30 20
1618 1093 63 30 000
1697 1094 37 37 +

250 1134 20 29 9
284 1135 61 30 000
361 1136 39 37 +
415 1136 40 30 51
471 1136 62 31 000
548 1138 58 34 =)
630 1138 65 30 580
709 1139 63 31 000
789 1140 142 31 kronor.

294 1241 176 31 Utskottet
486 1243 63 30 har
566 1244 121 31 funnit
706 1245 50 40 sig
773 1246 122 31 kunna
911 1247 176 40 tillstyrka
1105 1249 43 30 de
1166 1249 130 41 förslag
1314 1250 52 30 till
1384 1252 255 35 markförvärv,
1660 1262 74 21 som

249 1294 124 40 Kungl.
397 1295 106 40 Maj:t
524 1305 48 22 nu
595 1297 176 40 framlagt,
794 1300 65 29 och
882 1300 65 30 har
969 1300 75 31 icke
1066 1301 122 31 funnit
1210 1303 190 41 anledning
1421 1305 52 29 till
1496 1305 142 31 erinran
1661 1309 72 28 mot

247 1347 213 32 verkställda
477 1349 236 41 beräkningar
730 1361 42 21 av
788 1352 237 32 kostnaderna
1042 1354 134 32 härför.

291 1400 177 31 Utskottet
489 1411 103 21 anser
615 1403 53 40 sig
689 1404 117 31 vidare
828 1405 85 31 böra
935 1406 187 41 tillstyrka,
1146 1410 51 29 att
1218 1410 111 29 medel
1353 1410 52 30 till
1429 1411 228 31 oförutsedda
1680 1415 53 28 ut-

246 1453 102 39 gifter
365 1454 56 30 för
436 1455 245 32 markförvärv
696 1458 138 30 anvisas
849 1459 12 30 i
877 1459 151 40 enlighet
1044 1462 80 29 med
1141 1462 125 40 Kungl.
1283 1463 125 40 Maj:ts
1425 1464 140 40 förslag.
1583 1465 76 31 Vad
1676 1467 56 29 de-

250 1510 339 38 partementschefen
611 1512 119 30 anfört
751 1513 10 29 i
782 1513 100 40 fråga
903 1523 56 21 om
981 1516 270 39 användningen
1274 1527 41 20 av
1336 1518 268 39 ifrågavarande
1626 1519 111 31 medel

245 1559 199 32 föranleder
460 1561 75 31 icke
552 1563 116 40 någon
686 1564 140 31 erinran
844 1566 81 30 från
943 1567 189 31 utskottets
1152 1568 85 31 sida.

288 1613 226 41 AÄberopande
531 1616 57 29 det
606 1617 149 31 anförda
772 1618 203 31 hemställer
992 1621 181 34 utskottet,

597 1671 52 29 att
674 1670 187 40 riksdagen
886 1673 59 30 må
970 1674 51 29 till
1050 1674 100 30 Vissa
1175 1676 245 39 markförvärv
1446 1677 54 30 för
1526 1678 204 40 budgetåret

554 1722 151 36 1951/52
724 1724 119 31 anvisa
863 1728 49 28 ett
930 1726 354 42 investeringsanslag
1304 1739 42 21 av
1365 1730 64 30 580
1444 1731 61 30 000
1525 1731 142 31 kronor.

564 1946 246 38 STATENS
838 1941 580 48 UTLÅNINGSFONDER.

293 2046 70 42 6:0)
399 2046 400 43 Värnpliktslånefonden.
838 2053 113 30 Sedan
972 2054 124 41 Kungl.
1119 2056 106 40 Maj:t
1245 2057 10 29 i
1276 2058 261 39 propositionen
1558 2070 43 20 nr
1625 2061 15 29 1
1664 2071 63 20 un-

241 2101 60 29 der
321 2101 310 42 kapitalbudgeten
658 2104 74 34 (bil.
754 2106 50 34 25,
826 2107 115 39 punkt
962 2107 58 35 45)
1047 2108 180 41 föreslagit
1249 2111 188 40 riksdagen
1459 2114 60 33 att,
1541 2113 11 30 i
1575 2114 151 31 avbidan

240 2154 45 39 på
306 2155 151 30 särskild
478 2157 218 39 proposition
716 2158 11 29 i
748 2159 127 35 ämnet,
898 2160 51 30 till
970 2160 268 41 ifrågavarande
1259 2165 163 30 ändamål
1445 2166 54 30 för
1520 2162 205 49 budgetåret

244 2207 146 35 1951/52
408 2208 153 32 beräkna
578 2212 50 28 ett
644 2210 354 44 investeringsanslag
1015 2224 43 21 av
1076 2216 62 29 150
1153 2216 63 30 000
1233 2217 139 35 kronor,
1392 2218 63 30 har
1473 2219 126 40 Kungl.
1619 2221 105 39 Maj:t

239 2260 11 29 i
266 2260 204 32 förberörda
486 2263 218 40 proposition
721 2274 41 20 nr
781 2265 60 30 109
864 2265 130 41 (punkt
1011 2267 29 35 8,
1058 2277 25 21 s.
1102 2268 147 36 34—39)
1271 2270 180 41 föreslagit
1468 2272 188 40 riksdagen
1674 2275 50 28 att

239 2313 72 29 dels
330 2314 146 35 besluta,
495 2317 50 29 att
564 2316 309 32 bestämmelserna
892 2320 177 36 angående
1089 2321 256 38 värnpliktslån
1368 2324 97 30 skola
1485 2325 129 30 ändras
1635 2326 10 29 i
1667 2335 56 20 en-

237 2366 106 39 lighet
360 2369 81 29 med
459 2370 65 29 vad
543 2370 9 29 i
573 2371 383 40 statsrådsprotokollet
975 2374 79 29 över
1073 2374 312 34 försvarsärenden
1405 2378 54 30 för
1479 2379 66 29 den
1568 2380 38 29 16
1627 2389 95 20 mars

242 2420 77 29 1951
351 2421 147 35 anförts,
527 2422 74 30 dels
630 2423 66 30 ock
724 2424 51 29 till
805 2425 419 37 Värnpliktslånefonden
1255 2429 53 30 för
1338 2430 203 37 budgetåret
1574 2432 148 35 1951/52

237 2474 119 28 anvisa
374 2475 49 28 ett
441 2475 351 39 investeringsanslag
810 2486 42 21 av
871 2478 63 30 200
949 2479 61 30 000
1029 2479 141 32 kronor.
