1894 2834
271 162 40 31 28
695 167 304 31 Bankoutskottets
1024 167 175 31 utlåtande
1224 168 49 30 Nr
1294 169 51 30 45.

318 252 30 29 4.
387 247 45 35 Är
458 253 64 29 den
548 261 78 21 som
653 252 153 36 åtnjuter
831 252 275 36 tjänstepension
1132 253 80 29 eller
1237 252 278 36 tjänstelivränta
1543 252 104 35 enligt
1674 254 103 33 regle-

274 296 129 27 mentet
423 293 109 31 tillika
552 294 192 36 berättigad
765 294 51 30 till
836 295 147 30 särskild
1000 294 140 31 förmån
1161 304 41 21 av
1223 294 156 37 följande
1397 295 81 36 slag,
1502 295 173 36 nämligen
1696 303 80 27 pen-

275 335 77 30 sion
377 334 77 31 från
479 336 509 37 pensionsförsäkringsfonden
1014 337 45 37 på
1087 338 109 36 grund
1219 347 42 20 av
1286 337 213 36 inbetalning
1524 337 52 30 till
1602 337 175 36 pensions-

275 378 166 35 styrelsen
461 376 139 37 jämlikt
620 379 189 36 stadgande
829 379 11 30 i
862 379 142 36 tidigare
1025 380 158 36 gällande
1203 380 208 36 författning
1430 380 148 29 rörande
1600 379 177 36 pensione-

274 419 78 37 ring
374 428 41 21 av
436 420 9 30 i
465 422 127 28 statens
614 420 107 36 tjänst
741 422 152 29 anställd
916 425 159 33 personal
1096 423 80 29 eller
1199 422 145 30 därmed
1367 421 177 37 jämförlig
1563 421 215 37 uppskjuten

274 461 146 36 pension
440 461 77 31 från
541 472 43 20 av
605 465 110 28 staten
738 465 189 35 upprättad
947 465 82 29 eller
1048 465 212 30 understödd
1281 465 293 36 pensionsanstalt
1592 465 82 29 eller
1696 473 81 27 pen-

274 503 208 37 sionskassa,
504 504 89 30 skall
614 506 274 37 grundbeloppet
910 516 42 20 av
972 506 317 37 tjänstepensionen
1310 507 191 35 respektive
1523 506 255 37 tjänstelivrän-

273 550 80 29 tans
370 549 123 37 belopp
514 549 156 30 minskas
688 549 79 30 med
784 550 161 36 beloppet
965 558 41 21 av
1024 550 154 30 nämnda
1198 549 149 30 förmån.
1370 549 63 30 Vid
1452 549 263 30 bestämmande
1736 558 43 20 av

275 590 57 31 det
351 591 230 30 oreducerade
602 592 272 36 grundbeloppet
891 592 191 36 respektive
1101 592 306 36 livräntebeloppet
1427 592 88 30 skall
1535 592 11 29 i
1564 590 123 31 sådant
1705 591 73 36 fall,

275 632 93 31 ändå
389 636 48 27 att
457 637 106 27 annat
586 633 102 37 följer
710 644 42 20 av
774 633 100 37 eljest
894 634 203 36 tillämpliga
1118 635 267 35 bestämmelser,
1406 633 115 31 såsom
1542 633 148 37 tjänstår
1713 633 65 30 till-

275 675 218 36 godoräknas
513 676 46 29 all
579 676 66 30 den
667 676 58 35 tid,
746 685 76 21 som
843 677 86 36 lagts
949 676 50 30 till
1020 677 112 36 grund
1152 677 54 30 för
1225 676 194 37 beräkning
1438 685 42 21 av
1503 676 106 37 sagda
1629 675 149 31 förmån.

320 716 122 31 Därest
468 717 284 36 pensionsåldern
780 719 55 29 för
863 719 64 29 den
952 719 10 29 i
989 718 285 37 nästföregående
1304 719 117 37 stycke
1449 719 234 30 omförmälda
1710 718 67 30 för-

276 757 125 31 månen
427 759 74 31 icke
527 760 264 30 sammanfaller
816 761 81 30 med
922 761 64 30 den
1013 761 174 37 tidpunkt,
1213 760 79 31 från
1319 761 115 30 vilken
1462 760 317 37 tjänstepensionen

275 805 84 30 eller
379 804 300 36 tjänstelivräntan
700 804 104 36 enligt
826 805 92 29 detta
940 804 205 35 reglemente
1166 804 119 35 börjar
1306 803 92 36 utgå,
1420 804 81 29 eler
1523 804 65 28 ock
1611 804 38 28 är
1671 803 111 34 valfri,

275 847 90 29 skall
392 847 10 29 i
429 845 286 37 nästföregående
744 847 119 35 stycke
890 846 212 30 omförmäld
1131 846 199 37 minskning
1362 846 59 31 ske
1449 846 80 30 med
1558 846 56 30 det
1642 846 136 36 belopp,

274 898 77 21 som
372 888 103 37 enligt
494 889 43 29 de
560 888 55 30 för
635 889 238 36 beräkningen
894 898 42 21 av
959 888 183 31 förmånen
1166 889 158 36 gällande
1345 889 197 36 grunderna
1566 888 112 30 skolat
1698 886 82 37 utgå

275 930 81 31 från
375 932 64 28 och
459 931 78 29 med
556 930 150 36 angivna
724 931 174 36 tidpunkt.

321 978 69 30 För
415 977 75 32 den,
521 987 75 20 som
626 978 39 28 är
693 976 194 36 berättigad
916 975 50 30 till
995 976 149 29 livränta
1174 973 77 31 från
1280 975 112 29 ränte-
1420 974 64 29 och
1513 972 268 37 kapitalförsäk-

274 1019 267 36 ringsanstalten
564 1019 9 29 i
598 1018 202 30 Stockholm
822 1017 45 38 på
892 1018 110 37 grund
1025 1027 44 20 av
1094 1016 213 37 inbetalning
1329 1016 52 30 till
1404 1015 171 31 anstalten
1596 1014 104 36 enligt
1725 1014 55 30 för

275 1061 203 37 personalen
493 1061 57 30 vid
564 1060 230 31 riksbankens
811 1060 242 37 sedeltryckeri
1067 1059 143 37 tidigare
1227 1059 160 37 gällande
1403 1058 133 35 villkor,
1554 1058 88 30 skall
1659 1058 120 29 nämn-

273 1104 47 29 da
341 1103 136 30 förmån
497 1104 130 29 räknas
649 1102 112 31 såsom
785 1103 55 30 del
862 1111 42 21 av
926 1103 130 29 honom
1074 1102 105 36 enligt
1201 1102 93 30 detta
1315 1101 206 36 reglemente
1545 1100 234 30 tillkomman-

275 1146 43 30 de
341 1144 273 38 tjänstepension
637 1146 80 29 eller
744 1145 285 36 tjänstelivränta,
1054 1144 116 31 vilken
1194 1143 100 31 alltså
1320 1144 88 29 skall
1436 1143 155 30 minskas
1619 1142 78 30 med
1723 1142 56 30 be-

274 1188 84 37 lopp
378 1188 243 30 motsvarande
640 1188 65 29 den
725 1188 171 30 särskilda
918 1186 192 32 förmånen.

321 1235 30 29 5.
400 1234 68 30 Där
488 1233 139 37 jämlikt
646 1233 306 30 bestämmelserna
972 1232 10 29 i
1004 1231 94 30 detta
1119 1231 205 36 reglemente
1346 1229 136 36 hänsyn
1502 1228 89 30 skall
1613 1230 95 34 tagas
1729 1226 51 30 till

276 1277 239 36 grundbelopp
538 1285 44 20 av
602 1275 274 37 tjänstepension
897 1274 89 35 eller,
1008 1274 11 29 i
1043 1273 110 30 andra
1176 1272 60 30 fall
1261 1272 45 29 än
1329 1271 10 30 i
1361 1272 20 29 6
1402 1270 156 37 punkten
1581 1270 65 29 här
1666 1269 114 30 nedan

276 1319 88 35 sägs,
391 1318 50 30 till
467 1317 463 37 tjänstepensionsunderlag
956 1316 106 35 enligt
1092 1315 109 30 andra
1228 1311 553 39 tjänstepensionsbestämmelser

276 1362 44 29 än
351 1361 41 30 de
418 1361 11 30 i
456 1361 91 29 detta
574 1360 205 36 reglemente
808 1358 222 36 innefattade,
1060 1356 126 32 förstås
1211 1357 80 30 med
1322 1355 239 37 grundbelopp
1589 1353 192 37 respektive

275 1401 459 38 tjänstepensionsunderlag
756 1401 265 36 sammanlagda
1040 1400 160 37 beloppet
1220 1399 57 29 vid
1300 1398 185 30 indextalet
1509 1397 61 30 156
1600 1396 73 37 (juli
1697 1396 83 30 1914

273 1457 49 13 =
348 1444 72 38 100)
450 1454 42 20 av
520 1445 72 29 dels
619 1443 318 37 tjänstepensionen
963 1442 191 37 respektive
1178 1440 504 37 tjänstepensionsunderlaget,
1708 1438 73 30 dels

275 1487 77 35 ock,
375 1487 10 30 i
408 1486 286 31 förekommande
716 1486 71 35 fall,
813 1485 280 38 pensionstillägg
1117 1484 64 30 och
1202 1481 368 39 pensionsförhöjning
1592 1484 88 28 samt
1703 1490 77 27 pro-

275 1529 162 30 centuellt
459 1528 260 38 dyrtidstillägg.

320 1576 30 29 6.
380 1575 121 30 Därest
517 1575 60 29 vid
593 1573 219 38 tillämpning
829 1582 44 21 av
891 1572 202 37 stadgandet
1112 1574 9 29 i
1143 1572 38 30 14
1200 1572 18 36 8
1247 1573 6 28 I
1277 1581 106 20 mom.
1405 1572 108 29 andra
1534 1571 133 36 stycket
1689 1570 92 30 detta

274 1617 206 36 reglemente
505 1617 139 36 hänsyn
669 1616 88 30 skall
781 1618 99 34 tagas
905 1615 49 30 till
983 1614 228 37 tjänstemans
1238 1613 461 37 tjänstepensionsunderlag
1726 1612 55 30 för

274 1659 52 30 tid
348 1659 106 30 innan
478 1659 221 36 reglementet
722 1658 77 30 blev
822 1657 159 36 gällande
1003 1657 56 30 för
1082 1657 138 35 honom,
1245 1656 91 30 skall
1359 1655 123 31 därvid
1507 1654 37 31 så
1571 1664 109 26 anses,
1706 1664 75 21 som

275 1711 57 20 om
353 1701 54 30 för
425 1700 278 37 tjänstemannen
722 1700 81 36 gällt
820 1700 57 30 det
893 1698 470 37 tjänstepensionsunderlag,
1383 1707 73 21 som
1473 1698 106 35 enligt
1595 1698 184 34 reglemen-

274 1746 49 27 tet
341 1744 38 29 är
398 1743 162 30 fastställt
579 1742 56 30 för
655 1742 65 30 den
740 1741 119 37 tjänst,
878 1742 70 29 han
966 1742 111 29 under
1096 1740 152 31 nämnda
1268 1740 51 30 tid
1338 1740 167 35 innehaft,
1526 1740 84 30 eller
1629 1739 54 31 för
1703 1739 77 30 där-

275 1786 81 30 med
378 1786 154 29 närmast
553 1783 178 38 jämförlig
753 1783 118 37 tjänst.

321 1829 29 29 7.
386 1827 66 30 För
475 1828 67 29 den
567 1836 74 21 som
665 1827 214 29 omedelbart
902 1826 73 30 före
999 1826 237 36 reglementets
1261 1824 280 31 ikraftträdande
1569 1834 61 20 var
1656 1824 123 30 under-

276 1869 125 30 kastad
431 1870 81 29 1935
541 1868 56 31 års
626 1868 498 37 tjänstepensionsreglemente
1152 1867 54 30 för
1237 1867 202 36 riksdagens
1469 1867 84 30 verk
1583 1867 87 30 skall
1698 1886 44 3 —
1770 1866 10 30 i

276 1912 113 30 stället
410 1911 54 30 för
487 1911 67 30 vad
576 1911 11 29 i
615 1911 38 29 15
677 1911 18 36 8
719 1912 18 28 2
763 1920 106 20 mom.
893 1911 91 29 detta
1005 1910 207 36 reglemente
1236 1909 139 36 stadgas
1401 1909 63 30 och
1492 1911 132 28 oavsett
1648 1909 66 29 vad
1738 1909 42 29 24

275 1954 19 36 8
319 1955 14 28 1
355 1962 103 21 mom.
478 1953 111 30 andra
609 1953 132 36 stycket
759 1952 33 37 b)
819 1953 219 36 reglementet
1056 1951 191 31 innehåller
1263 1969 45 3 —
1328 1952 79 29 med
1428 1952 168 29 avseende
1619 1951 19 30 å
1658 1951 121 30 beräk-

275 1995 84 38 ning
378 2005 41 20 av
438 1994 147 37 tjänstår
602 1995 55 30 för
676 1995 50 30 tid
744 1995 74 30 före
838 1994 291 30 ikraftträdandet
1150 1994 97 36 gälla,
1269 1996 50 27 att
1341 1992 113 32 såsom
1472 1992 148 37 tjänstår
1639 1992 56 31 må
1714 1993 65 30 till-

276 2038 218 35 godoräknas
514 2038 71 29 dels
603 2037 60 35 tid,
683 2038 173 29 varunder
873 2036 280 37 tjänstemannen
1172 2036 86 31 varit
1274 2036 237 30 underkastad
1529 2038 11 29 i
1561 2036 15 29 1
1598 2036 18 37 8
1637 2036 19 30 4
1674 2045 105 21 mom.

275 2079 111 31 första
413 2080 131 36 stycket
571 2080 93 29 detta
690 2080 207 35 reglemente
924 2079 232 30 omförmälda
1181 2078 561 37 tjänstepensionsbestämmelser,
1770 2078 10 30 i

275 2121 67 30 den
363 2122 208 37 omfattning
591 2121 107 30 sådan
717 2122 49 29 tid
788 2121 65 31 fått
873 2121 271 36 tillgodoräknas
1165 2121 103 36 enligt
1291 2122 84 29 1935
1397 2120 55 31 års
1473 2120 305 37 tjänstepensions-

274 2164 206 35 reglemente
503 2164 80 30 med
606 2164 115 29 därtill
745 2164 156 30 hörande
924 2163 413 37 övergångsstadganden,
1361 2163 72 30 dels
1457 2164 65 29 ock
1548 2163 50 30 tid
1626 2163 10 30 i
1660 2163 119 36 övrigt,

274 2206 118 30 vilken
412 2206 69 29 han
501 2207 57 35 ägt
580 2206 111 29 räkna
716 2205 114 31 såsom
854 2205 146 37 tjänstår
1024 2206 56 29 för
1102 2206 141 36 pension
1266 2206 192 36 respektive
1481 2205 214 37 uppskjuten
1718 2205 60 30 liv-

274 2248 102 30 ränta
398 2248 160 36 antingen
583 2248 104 35 enligt
713 2247 216 31 sistnämnda
952 2247 497 37 tjänstepensionsreglemente
1473 2249 79 29 med
1577 2247 202 37 övergångs-

275 2290 213 36 stadganden
514 2290 83 29 eller
620 2290 64 29 ock
708 2290 105 36 enligt
839 2290 42 30 de
905 2290 107 29 andra
1040 2289 551 37 tjänstepensionsbestämmelser
1617 2299 41 21 av
1683 2299 96 27 nyss-

274 2333 123 30 nämnt
420 2333 79 35 slag,
523 2332 95 29 vilka
642 2332 70 29 han
735 2332 89 30 varit
847 2332 234 30 underkastad
1107 2333 152 29 närmast
1284 2331 75 31 före
1382 2332 57 30 det
1463 2332 149 37 angivna
1639 2331 139 37 tjänste-

274 2374 372 36 pensionsreglemente
666 2374 96 30 blivit
784 2374 55 30 för
860 2374 129 30 honom
1007 2374 167 35 gällande.

319 2416 30 29 8.
382 2415 66 31 För
464 2415 364 37 justitieombudsman
846 2416 81 29 eller
946 2415 364 36 militieombudsman,
1332 2425 74 21 som
1424 2416 173 30 innehade
1617 2416 162 30 ombuds-

274 2458 237 30 mansämbete
529 2457 76 30 före
620 2458 58 29 det
697 2458 54 29 val
771 2458 51 30 till
841 2457 107 31 sådan
965 2458 195 36 befattning
1177 2458 178 30 förrättats
1373 2458 57 30 vid
1451 2458 81 30 1941
1554 2457 55 31 års
1628 2458 150 36 riksdag,
1795 2453 12 16 "

274 2498 58 31 må
354 2499 56 30 vid
430 2499 192 37 beräkning
646 2509 41 20 av
710 2499 258 37 tjänsteperiod,
993 2509 119 20 varom
1138 2500 8 29 i
1169 2501 38 28 22
1231 2500 17 35 8
1273 2501 88 34 sägs,
1387 2499 106 31 sådan
1519 2500 96 30 äldre
1639 2499 139 36 tjänste-
