1892 2830
285 170 18 28 4
713 174 304 30 Bankoutskottets
1043 174 176 31 utlåtande
1244 175 48 30 Nr
1316 177 48 29 15.

333 258 13 29 I
373 258 110 36 övrigt
508 259 90 30 hava
624 259 42 30 de
694 258 234 37 föreliggande
954 259 173 36 förslagen
1155 260 30 35 ej
1213 259 164 31 föranlett
1403 258 113 38 någon
1543 259 139 31 erinran
1709 261 82 29 eller

288 300 104 37 något
415 301 175 30 uttalande
612 300 79 31 från
713 300 235 37 fullmäktiges
971 301 83 30 sida.

335 367 171 37 Styrelsen
530 368 55 37 för
609 368 368 37 riksdagsbiblioteket,
1001 368 202 36 riksdagens
1227 368 365 37 justitieombudsman
1615 369 65 30 och
1704 369 86 29 riks-

287 418 130 37 dagens
434 418 350 31 militieombudsman
800 418 92 30 hava
909 418 73 30 icke
998 419 76 30 haft
1090 418 105 37 något
1211 422 48 27 att
1275 418 114 32 erinra
1408 422 71 27 mot
1499 420 64 29 vad
1582 419 205 30 kommittén

288 467 10 30 i
319 468 233 31 betänkandet
573 469 184 36 föreslagit.

334 518 270 31 Lönenämnden
629 520 55 36 för
708 519 200 37 riksdagens
933 520 81 29 verk
1039 520 64 29 har
1127 520 117 30 anfört
1267 520 168 39 följande:

331 576 66 30 Det
420 577 233 36 föreliggande
678 578 162 35 förslaget
865 587 99 21 anser
987 578 49 36 sig
1060 579 255 30 lönenämnden
1339 579 120 30 kunna
1483 579 9 30 i
1517 579 184 30 huvudsak
1727 580 63 29 till-

286 620 130 36 styrka.
446 619 150 31 Allenast
625 620 10 29 i
666 619 154 37 följande
849 621 220 30 hänseenden
1099 622 65 29 har
1192 622 193 30 detsamma
1414 621 81 36 givit
1524 621 186 36 anledning
1739 621 51 30 till

285 671 150 21 erinran.

331 704 13 30 I
368 705 20 29 6
411 705 18 37 8
455 706 13 29 1
492 714 104 21 mom.
619 715 43 20 av
684 705 163 36 förslaget
870 705 50 31 till
943 706 497 37 tjänstepensionsreglemente
1462 707 89 29 hava
1574 706 216 30 föreskrifter

286 746 139 36 intagits
445 756 56 21 om
520 746 227 37 tjänstemans
767 747 195 38 skyldighet
982 751 48 27 att
1050 748 87 36 avgå
1158 748 77 30 från
1255 748 162 36 tjänsten.
1439 748 64 31 Till
1524 749 99 30 dessa
1643 749 146 30 bestäm-

285 789 125 30 melser
430 790 135 30 ansluta
585 790 53 36 sig
656 790 236 36 stadgandena
913 792 9 29 i
953 792 8 28 2
981 800 104 21 mom.
1107 800 57 21 om
1186 790 147 31 anstånd
1355 792 78 29 med
1455 791 137 30 avsked.
1615 791 114 36 Enligt
1749 792 42 29 de

285 831 10 29 i
313 832 94 30 detta
424 836 151 27 moment
592 832 139 31 införda
748 833 437 36 huvudbestämmelserna,
1205 833 92 30 vilka
1315 833 11 29 i
1345 833 134 37 princip
1498 834 291 30 överensstämma

285 875 80 28 med
392 875 66 29 vad
485 884 73 20 som
586 876 10 29 i
624 876 242 29 motsvarande
893 876 195 29 hänseende
1115 876 105 35 gäller
1245 876 105 35 enligt
1377 876 176 30 allmänna
1581 875 208 37 tjänstepen-

285 915 324 38 sionsreglementet,
637 918 78 35 äger
742 918 257 29 vederbörande
1025 918 202 37 myndighet
1251 919 111 29 under
1388 918 90 31 vissa
1504 918 286 37 förutsättningar

284 958 159 36 medgiva
463 958 208 37 tjänsteman
691 959 146 30 anstånd
857 961 79 29 med
955 961 128 29 avsked
1102 960 86 30 efter
1208 960 300 37 pensionsålderns
1528 961 134 31 inträde
1681 961 109 29 under

285 1001 230 36 sammanlagt
538 1002 102 35 högst
662 1005 47 27 ett
731 1001 47 37 år,
806 1001 169 37 varjämte
1000 1003 200 36 delegerade
1223 1002 66 36 må,
1317 1003 45 30 då
1386 1003 169 30 särskilda
1579 1004 210 35 omständig-

284 1044 97 29 heter
404 1044 114 30 därtill
539 1044 190 36 föranleda,
753 1044 159 36 medgiva
934 1045 195 36 ytterligare
1151 1045 227 30 kvarstående
1399 1045 10 29 i
1431 1044 115 38 tjänst,
1570 1046 89 29 dock
1682 1045 74 32 icke
1779 1045 11 30 i

285 1084 104 37 något
409 1086 60 30 fall
487 1087 117 35 längre
624 1088 44 29 än
687 1087 230 36 sammanlagt
935 1090 50 27 tre
1002 1087 47 31 år.
1071 1087 193 30 Härutöver
1283 1088 64 29 har
1367 1087 187 31 emellertid
1582 1088 2 29 i
1603 1090 187 28 momentet

283 1127 141 37 intagits
444 1137 40 22 en
506 1129 296 30 särbestämmelse
823 1139 43 20 av
886 1129 177 37 innebörd,
1084 1133 49 27 att
1154 1130 341 36 befattningshavare
1513 1130 80 30 med
1614 1130 175 37 pensions-

284 1170 97 31 ålder
407 1180 41 20 av
471 1172 41 29 60
537 1170 38 31 år
600 1171 207 31 tillhörande
833 1172 163 36 lönegrad
1023 1171 56 30 RA
1109 1173 39 29 13
1173 1173 79 29 eller
1278 1173 106 35 högre
1410 1173 161 35 lönegrad
1598 1172 58 30 må
1680 1173 109 29 under

284 1221 136 22 samma
444 1213 122 30 villkor
592 1223 75 20 som
692 1213 103 37 enligt
818 1214 236 36 huvudregeln
1079 1214 145 35 beviljas
1249 1214 149 30 anstånd
1423 1215 78 29 med
1526 1215 129 30 avsked
1680 1215 110 30 under

284 1255 231 36 sammanlagt
537 1256 102 36 högst
663 1257 17 28 5
704 1256 47 31 år.
778 1256 281 35 Lönenämnden,
1086 1265 75 21 som
1185 1256 82 30 intet
1291 1257 65 29 har
1381 1259 49 27 att
1454 1256 113 31 erinra
1591 1260 72 27 mot
1687 1258 66 30 den
1779 1257 10 29 i

284 1298 228 30 förevarande
535 1298 198 30 hänseende
757 1298 195 35 föreslagna
978 1299 246 36 huvudregeln,
1249 1298 58 31 vill
1341 1299 219 32 beträffande
1598 1300 65 29 den
1700 1299 87 30 före-

284 1340 155 30 nämnda
465 1341 321 30 särbestämmelsen
814 1339 196 37 framhålla,
1039 1344 49 27 att
1115 1341 202 31 densamma
1345 1341 157 30 kommer
1529 1345 48 26 att
1605 1342 91 30 bliva
1723 1342 64 30 till-

283 1382 144 37 lämplig
451 1383 143 29 allenast
616 1382 21 31 å
661 1383 142 29 verkens
828 1381 177 37 kvinnliga
1028 1382 342 37 befattningshavare
1395 1384 8 30 i
1427 1384 105 36 högre
1557 1385 162 35 lönegrad
1744 1386 44 28 än

284 1424 57 31 RA
367 1426 48 29 12.
440 1425 49 29 En
513 1424 220 37 tillämpning
754 1434 42 21 av
820 1425 114 30 denna
954 1427 89 34 regel
1067 1426 70 30 kan
1161 1425 145 31 sålunda
1329 1426 142 30 komma
1494 1429 48 27 att
1566 1427 157 29 medföra
1746 1436 41 20 en

283 1467 238 36 utsträckning
541 1477 43 20 av
603 1466 221 37 tjänstetiden
844 1467 55 30 för
920 1467 263 36 ifrågavarande
1203 1468 340 36 befattningshavare
1562 1468 88 31 intill
1671 1469 41 30 65
1732 1468 56 31 års

283 1508 106 31 ålder.
409 1505 91 35 Även
518 1519 58 20 om
596 1510 56 30 det
671 1510 69 29 kan
758 1509 211 36 förutsättas,
991 1513 48 27 att
1057 1511 324 30 särbestämmelsen
1400 1512 143 29 allenast
1563 1512 156 29 kommer
1739 1514 49 28 att

283 1551 175 36 tillämpas
477 1552 122 31 endast
621 1552 9 29 i
650 1551 96 37 ringa
767 1552 247 36 utsträckning,
1037 1562 102 21 anser
1159 1553 256 30 lönenämnden
1435 1553 103 31 likväl
1560 1552 131 32 sådana
1713 1554 73 30 skäl

284 1594 75 30 icke
383 1594 173 36 föreligga,
580 1604 76 20 som
678 1595 118 29 kunna
819 1594 167 31 motivera
1008 1595 237 36 upptagandet
1267 1595 9 30 i
1300 1596 220 35 reglementet
1543 1606 42 20 av
1609 1606 42 20 en
1674 1597 112 29 särbe-

284 1637 196 29 stämmelse
501 1646 40 20 av
564 1646 47 21 nu
633 1637 141 35 angiven
799 1637 178 30 innebörd.
1000 1637 271 30 Lönenämnden
1293 1637 58 30 vill
1373 1637 121 36 erinra,
1517 1641 49 27 att
1587 1638 122 36 frågan
1731 1648 56 21 om

284 1678 198 31 införandet
501 1688 41 21 av
563 1688 42 21 en
627 1678 258 37 pensionsålder
904 1688 41 21 av
965 1680 40 29 65
1027 1679 37 30 år
1085 1679 55 30 för
1160 1680 144 29 verkens
1325 1680 107 36 högre
1451 1680 176 36 kvinnliga
1648 1680 138 37 tjänste-

283 1722 82 29 män
390 1722 10 29 i
424 1725 104 26 annat
552 1722 252 35 sammanhang
828 1721 89 30 varit
940 1720 146 31 föremål
1109 1722 55 30 för
1187 1723 271 35 överväganden,
1483 1723 92 30 vilka
1599 1723 188 30 emellertid

283 1764 76 31 icke
382 1764 58 30 lett
462 1763 49 32 till
534 1762 148 37 ändring
703 1773 41 21 av
767 1764 68 29 den
857 1773 48 21 nu
926 1764 158 36 gällande
1107 1763 294 37 pensionsåldern.
1424 1764 65 31 Vid
1512 1764 123 31 sådant
1659 1764 126 32 förhål-

282 1806 104 30 lande
410 1815 98 21 anser
533 1806 264 35 lönenämnden,
822 1808 59 33 att,
908 1808 85 29 även
1018 1807 9 29 i
1052 1807 67 29 vad
1144 1806 104 36 gäller
1273 1806 264 37 ifrågavarande
1561 1808 225 36 befattnings-

282 1848 138 35 havare,
444 1849 40 30 de
507 1849 169 35 generella
698 1847 321 37 anståndsreglerna
1042 1849 85 29 böra
1151 1848 182 36 tillämpas.
1359 1849 74 30 Den
1456 1850 194 35 föreslagna
1673 1851 113 29 särbe-

282 1891 221 30 stämmelsen
526 1891 63 29 bör
614 1890 143 31 sålunda
782 1890 106 36 enligt
911 1891 193 30 nämndens
1129 1890 138 36 mening
1290 1891 82 36 utgå
1396 1901 40 20 ur
1461 1892 324 36 reglementsförsla-

282 1935 63 34 get.

328 1975 13 29 1
366 1976 20 29 6
410 1976 17 36 3
451 1976 18 28 4
493 1984 104 20 mom.
622 1976 64 29 har
708 1974 174 37 upptagits
907 1984 41 21 en
971 1975 297 32 särbestämmelse
1292 1975 10 29 i
1327 1977 242 29 motsvarande
1592 1978 195 29 hänseende

282 2018 55 29 för
363 2020 95 27 extra
481 2017 174 30 ordinarie
679 2017 340 36 befattningshavare
1044 2018 79 29 med
1150 2018 41 31 60
1216 2017 55 31 års
1298 2018 258 36 pensionsålder
1580 2019 207 31 tillhörande

283 2060 164 35 lönegrad
466 2059 48 32 Eo
536 2060 38 30 13
592 2060 82 30 eller
691 2060 104 36 högre
814 2060 173 35 lönegrad.
1007 2059 116 31 Under
1142 2060 136 30 erinran
1298 2070 57 21 om
1375 2062 66 29 vad
1460 2070 88 21 ovan
1567 2062 133 30 anförts
1721 2063 65 29 och

284 2102 45 31 då
346 2106 95 27 extra
460 2103 172 30 ordinarie
652 2102 209 36 tjänstemän
881 2103 140 36 givetvis
1040 2103 75 29 icke
1133 2103 85 29 böra
1237 2103 115 35 intaga
1370 2113 43 20 en
1432 2104 245 36 förmånligare
1696 2105 91 29 ställ-

282 2143 82 37 ning
385 2146 45 29 än
448 2144 199 37 jämförliga
666 2144 173 31 ordinarie
859 2144 351 37 befattningshavare,
1232 2145 115 30 finner
1367 2145 49 36 sig
1437 2147 254 30 lönenämnden
1711 2146 76 30 icke

281 2187 122 31 kunna
419 2187 169 37 tillstyrka
604 2187 198 30 införandet
818 2196 42 21 av
878 2187 65 31 den
960 2186 201 37 ifrågasatta
1178 2188 321 30 särbestämmelsen
1517 2188 54 30 för
1588 2188 197 31 förenämn-

281 2230 44 30 da
348 2232 96 28 extra
464 2229 173 31 ordinarie
658 2229 220 37 tjänstemän.

328 2288 93 31 Från
445 2284 270 35 lönenämndens
739 2287 179 31 utlåtande
940 2289 88 30 hava
1052 2288 59 31 två
1134 2289 188 30 ledamöter
1345 2290 130 30 anmält
1499 2290 192 31 avvikande
1716 2300 67 20 me-

282 2340 92 36 ning.
398 2338 151 31 Sålunda
571 2339 65 30 har
656 2339 78 30 herr
754 2338 130 31 Amnér
905 2342 118 32 ansett,
1046 2342 49 27 att
1116 2339 256 30 lönenämnden
1394 2340 76 30 bort
1491 2340 170 37 tillstyrka
1683 2342 97 29 kom-

283 2390 140 30 mitténs
444 2390 127 36 förslag
590 2391 86 29 även
696 2390 11 29 i
727 2390 65 29 vad
813 2390 192 30 detsamma
1025 2390 146 36 anginge
1191 2390 40 29 de
1251 2390 9 30 i
1281 2390 19 29 6
1322 2390 17 37 8
1361 2391 18 29 2
1399 2391 64 30 och
1484 2392 18 28 4
1523 2401 94 20 mom.
1648 2391 139 36 tjänste-

282 2440 386 36 pensionsreglementet
698 2440 202 30 meddelade
929 2440 305 31 bestämmelserna
1265 2440 178 36 angående
1474 2441 216 37 delegerades
1721 2443 67 29 rätt

282 2493 49 27 att
352 2491 157 35 medgiva
530 2491 90 30 vissa
641 2490 171 30 ordinarie
835 2492 65 29 och
922 2493 94 28 extra
1037 2490 174 31 ordinarie
1231 2490 210 36 tjänstemän
1462 2492 146 30 anstånd
1631 2493 77 29 med
1730 2502 56 21 av-
