1890 2838
518 185 306 32 Bankoutskottets
849 186 176 31 utlåtande
1050 187 49 30 Nr
1121 189 49 30 45.
1561 183 38 33 19

86 269 82 31 eller
182 270 81 31 från
279 279 116 22 annan
411 270 205 37 befattning,
632 281 76 21 som
726 272 39 30 är
781 271 145 31 förenad
943 272 81 30 med
1040 271 371 38 tjänstepensionsrätt,
1429 274 83 30 eller
1528 274 66 30 har

87 310 71 31 han
175 320 127 28 genom
322 312 77 36 laga
415 312 96 31 kraft
530 313 133 36 ägande
681 313 112 31 beslut
813 313 97 31 blivit
929 313 57 31 för
1003 314 205 37 förbrytelse
1227 315 10 30 i
1259 315 143 36 tidigare
1420 315 176 32 innehavd

87 354 106 36 tjänst
211 364 43 21 av
271 354 124 31 sådant
412 355 74 36 slag
502 355 116 35 dömd,
637 356 11 30 i
665 356 112 31 stället
795 356 56 30 för
868 356 49 30 till
935 357 206 36 avsättning,
1160 357 52 31 till
1230 357 105 31 straff
1351 358 105 36 enligt
1474 359 19 29 2
1511 358 80 37 kap.

89 397 37 30 17
148 397 18 36 $
186 397 217 36 strafflagen,
423 397 59 31 må
500 398 72 30 han
591 398 31 36 ej
642 399 143 30 komma
804 399 11 30 i
834 398 206 36 åtnjutande
1059 408 43 21 av
1121 399 156 36 pension.

131 438 71 32 Där
216 439 222 31 beträffande
451 440 212 36 tjänsteman
678 441 122 36 beslut,
818 450 74 21 som
907 442 11 30 i
934 441 289 37 nästföregående
1238 443 119 36 stycke
1373 451 108 28 avses,
1498 443 95 30 med-

87 481 108 31 delats
213 491 81 21 men
313 482 31 36 ej
364 482 123 31 vunnit
505 483 78 36 laga
600 483 104 36 kraft,
725 484 82 30 eller
824 484 212 36 tjänsteman
1055 484 109 31 hålles
1184 485 132 30 häktad
1335 485 55 30 för
1408 485 103 36 brott,
1532 485 59 31 vil-

86 523 57 31 ket
161 524 71 31 kan
251 524 182 32 föranleda
452 528 50 28 att
522 526 71 29 han
612 526 119 31 dömes
751 526 51 30 till
821 526 197 37 avsättning
1036 527 90 36 eller,
1147 527 12 30 i
1178 528 113 30 stället
1310 527 57 31 för
1385 528 207 37 avsättning,

86 565 50 31 till
157 566 107 31 straff
282 567 105 36 enligt
408 568 19 29 2
449 568 81 36 kap.
556 568 37 30 17
618 568 18 37 8
659 568 214 37 strafflagen,
896 569 83 31 eller
1000 568 212 37 tjänsteman
1233 579 44 21 av
1299 570 294 37 polismyndighet

86 608 197 32 kvarhålles
304 608 115 32 såsom
440 610 186 31 misstänkt
645 611 57 30 för
722 611 124 31 sådant
865 612 102 36 brott,
989 611 59 32 må
1068 611 125 37 frågan
1214 622 58 21 om
1293 612 299 36 tjänstemannens

86 651 67 30 rätt
171 653 50 29 att
239 652 142 30 komma
400 652 11 30 i
430 651 207 37 åtnjutande
655 663 43 21 av
717 654 144 36 pension
879 655 76 30 icke
973 657 172 34 upptagas
1163 655 52 30 till
1234 655 179 36 prövning,
1435 654 39 32 så
1493 656 100 36 länge

87 691 123 33 sådant
228 693 221 31 förhållande
467 694 192 37 föreligger.

794 782 39 30 12
853 781 28 37 8.

131 852 15 28 1
173 860 106 21 mom.
315 850 288 36 Tjänstepension
630 851 138 36 utgöres
796 859 43 21 av
865 849 242 38 grundbelopp
1135 853 100 33 samt,
1264 850 11 30 i
1303 849 290 32 förekommande

85 892 72 37 fall,
174 892 121 38 rörligt
311 892 123 38 tillägg.

129 935 20 30 2
173 944 106 21 mom.
316 934 290 37 Tjänstepension
625 934 103 37 utgår
747 934 80 32 från
847 934 66 31 och
933 935 80 30 med
1035 935 110 36 dagen
1164 936 80 30 näst
1264 935 87 30 efter
1370 936 76 34 den,
1469 935 46 31 då
1534 944 57 22 av-

84 976 88 38 gång
189 977 81 31 från
287 976 151 37 tjänsten
456 979 58 34 ägt
530 987 88 26 rum,
636 978 53 30 till
704 978 67 30 och
788 978 78 30 med
884 978 67 30 den
970 978 77 36 dag,
1066 977 45 31 då
1128 987 41 21 en
1187 977 131 31 månad
1336 977 152 32 förflutit
1504 977 89 31 efter

85 1020 324 36 pensionstagarens
434 1019 175 31 frånfälle.

130 1061 120 31 Såsom
266 1062 180 36 undantag
459 1061 160 32 härifrån
635 1062 88 30 skall
738 1062 89 31 dock
843 1062 99 37 gälla,
960 1062 73 31 dels
1048 1065 50 28 att
1114 1063 76 35 den,
1207 1071 76 22 som
1299 1063 113 30 dömts
1427 1063 53 30 till
1496 1062 94 31 mist-

85 1103 82 37 ning
183 1103 46 37 på
245 1104 69 30 viss
331 1104 48 31 tid
397 1114 42 21 av
457 1105 176 30 innehavd
650 1104 118 37 tjänst,
786 1105 76 30 icke
878 1104 58 31 må
954 1104 137 37 åtnjuta
1108 1104 147 37 pension
1273 1105 57 30 för
1345 1104 153 37 tjänsten
1516 1104 75 31 före

84 1146 173 37 utgången
277 1156 43 21 av
339 1147 155 30 nämnda
514 1146 60 37 tid,
594 1147 72 30 dels
686 1148 66 30 ock
770 1150 61 33 att,
852 1148 64 30 där
934 1147 12 30 i
966 1146 100 38 fråga
1086 1156 58 21 om
1164 1147 282 37 pensionstagare
1467 1146 125 32 sådant

83 1188 113 31 beslut
211 1188 191 37 föreligger,
417 1198 78 21 som
510 1189 11 30 i
540 1190 37 29 11
596 1189 19 37 6
640 1190 10 30 3
665 1199 106 21 mom.
789 1189 109 31 första
914 1190 135 36 stycket
1065 1199 107 26 avses,
1191 1190 189 36 pensionen
1396 1190 90 30 skall
1503 1199 87 27 upp-

84 1231 86 30 höra
183 1234 51 27 att
247 1230 83 37 utgå
343 1230 79 32 från
436 1232 67 30 och
517 1232 80 30 med
612 1231 174 32 månaden
801 1233 78 30 näst
894 1232 88 31 efter
995 1232 77 36 den,
1088 1232 111 31 under
1213 1232 115 31 vilken
1343 1232 147 30 beslutet
1506 1242 84 20 vun-

84 1273 50 30 nit
153 1273 86 37 laga.
249 1273 105 31 kraft.

129 1315 64 31 Vid
216 1316 220 36 tillämpning
460 1326 45 21 av
526 1316 266 32 bestämmelsen
815 1317 11 31 i
849 1317 110 32 första
983 1318 134 36 stycket
1139 1317 179 37 iakttages,
1344 1320 49 28 att
1416 1317 58 30 för
1496 1317 93 30 tiden

83 1357 88 31 efter
191 1357 180 32 frånfället
392 1358 173 37 utgående
586 1360 289 36 pensionsbelopp
897 1360 77 31 icke
996 1359 59 32 må
1077 1360 232 36 sammanlagt
1332 1360 170 36 överstiga
1526 1360 64 30 600

83 1405 139 30 kronor.

127 1447 21 30 3
171 1456 106 20 mom.
315 1445 294 37 Pensionstagare,
632 1455 75 21 som
728 1444 173 37 undergår
922 1445 113 30 direkt
1056 1444 120 31 ådömt
1196 1444 231 31 frihetsstraff
1447 1445 82 30 eller
1552 1445 39 29 är

84 1488 147 31 föremål
242 1488 63 30 för
320 1487 130 37 åtgärd,
469 1497 76 21 som
562 1488 187 30 förklarats
768 1488 97 30 skola
882 1487 100 31 träda
999 1487 12 30 i
1027 1487 114 30 stället
1160 1487 57 30 för
1234 1486 124 31 sådant
1375 1486 114 36 straff,
1509 1486 82 30 eller

83 1531 65 30 ock
162 1529 164 37 avtjänar
339 1529 118 32 ådömt
473 1529 250 37 tvångsarbete,
738 1529 59 31 må
811 1530 55 30 för
881 1530 67 30 den
962 1529 95 31 tiden
1071 1529 162 36 uppbära
1248 1529 144 31 allenast
1406 1538 44 21 en
1465 1528 124 36 tredje-

84 1573 55 30 del
159 1582 43 21 av
223 1573 68 30 den
311 1572 155 36 pension,
489 1581 77 21 som
586 1571 98 37 eljest
705 1572 113 30 skolat
839 1572 51 31 till
910 1572 133 30 honom
1063 1571 92 37 utgå.

128 1615 74 31 Har
220 1615 307 36 pensionstagaren
547 1615 156 36 anhörig,
723 1614 115 30 vilken
858 1614 56 31 för
933 1614 58 31 sitt
1010 1614 187 36 uppehälle
1215 1615 41 29 är
1273 1613 172 31 beroende
1466 1623 42 21 av
1528 1613 60 30 ho-

83 1666 92 27 nom,
194 1656 60 32 må
272 1657 66 30 den
355 1657 213 36 myndighet,
587 1666 75 21 som
679 1657 165 31 fastställt
862 1656 200 37 pensionen,
1081 1657 122 30 kunna
1222 1655 158 37 medgiva
1399 1655 110 31 sådan
1529 1665 59 21 an-

82 1699 99 37 hörig
195 1700 70 30 rätt
280 1702 50 27 att
344 1699 161 36 uppbära
521 1700 57 30 det
593 1699 208 31 förverkade
815 1699 326 36 pensionsbeloppet
1158 1699 83 30 eller
1257 1699 55 30 del
1329 1699 117 30 därav.

126 1742 20 29 4
170 1751 105 21 mom.
314 1741 222 37 Utbetalning
555 1751 43 22 av
615 1741 275 37 tjänstepension
909 1742 80 31 sker
1008 1741 199 32 månadsvis
1227 1742 11 30 i
1258 1741 193 35 efterskott;
1473 1741 115 30 veder-

82 1784 155 30 börande
260 1784 203 36 myndighet
485 1784 109 31 likväl
617 1785 158 36 obetaget
797 1788 50 28 att
870 1784 88 31 efter
980 1784 325 37 pensionstagarens
1330 1783 166 31 frånfälle
1519 1782 69 31 för-

83 1827 161 30 skottsvis
267 1827 152 31 utbetala
442 1826 216 32 återstående
679 1827 302 37 pensionsbelopp.

528 1952 347 35 Tjänstepensionens
897 1950 249 37 grundbelopp.

790 2038 39 30 13
849 2037 29 37 8.

127 2109 16 29 1
170 2117 105 21 mom.
314 2107 176 31 Storleken
507 2106 56 31 för
577 2105 39 32 år
630 2107 126 30 räknat
771 2115 42 22 av
828 2104 337 38 tjänstepensionens
1182 2104 240 37 grundbelopp
1439 2104 148 31 bestäm-

82 2160 81 26 mes,
182 2151 65 29 där
263 2149 31 36 ej
315 2152 104 28 annat
437 2149 197 30 föranledes
652 2158 42 21 av
713 2148 236 35 stadgandena
967 2148 11 30 i
997 2148 85 29 2—4
1101 2156 105 21 mom.
1226 2148 65 29 här
1309 2147 123 36 nedan,
1454 2147 71 30 dels
1545 2156 43 21 av

82 2193 56 30 det
154 2191 471 37 tjänstepensionsunderlag,
644 2200 74 21 som
736 2190 104 36 enligt
857 2189 265 31 föreskrifterna
1139 2190 11 30 i
1170 2189 39 30 14
1229 2189 19 36 8
1267 2189 87 30 skall
1373 2189 57 30 för
1445 2188 141 36 tjänste-

82 2244 152 21 mannen
256 2234 185 36 tillämpas,
466 2233 72 30 dels
562 2234 64 29 ock
650 2242 42 21 av
716 2233 66 30 den
805 2233 48 30 tid
876 2232 281 36 tjänstemannen
1181 2232 105 36 enligt
1311 2232 38 29 15
1374 2231 18 37 8
1417 2233 82 34 äger
1521 2231 64 30 till-

82 2277 202 35 godoräkna
309 2275 113 31 såsom
447 2274 158 37 tjänstår,
631 2275 61 30 allt
716 2274 105 36 enligt
844 2275 43 30 de
910 2275 163 29 närmare
1097 2274 268 35 bestämmelser,
1392 2283 76 21 som
1493 2274 92 29 med-

82 2318 122 36 delas
196 2313 20 45 i
227 2318 128 30 16—19
375 2317 50 36 88.

125 2361 20 28 2
169 2369 105 20 mom.
312 2359 73 29 Har
405 2359 56 29 för
481 2357 174 32 ordinarie
675 2358 108 36 tjänst
804 2358 146 36 ändring
972 2358 89 30 skett
1082 2357 222 30 beträffande
1326 2357 262 36 pensionsålder

81 2402 81 29 eller
185 2401 471 36 tjänstepensionsunderlag,
683 2400 59 31 må
768 2400 274 36 grundbeloppet
1068 2409 42 21 av
1136 2399 274 36 tjänstepension
1437 2399 57 30 för
1519 2400 66 29 den

82 2453 73 20 som
176 2443 213 30 omedelbart
409 2443 75 29 före
505 2442 190 36 ändringen
717 2443 172 29 innehade
910 2441 151 36 tjänsten
1084 2441 106 30 likväl
1212 2442 76 30 icke
1309 2441 199 36 understiga
1531 2442 55 29 det

82 2486 134 35 belopp,
236 2485 113 30 vartill
369 2485 55 29 det
443 2485 111 30 skulle
573 2486 88 29 hava
680 2485 196 35 beräknats,
897 2485 114 29 därest
1031 2484 190 35 ändringen
1241 2483 75 31 icke
1335 2484 55 36 ägt
1410 2493 79 20 rum
1509 2483 75 34 och,
