1864 2778
257 166 18 29 6
614 163 409 39 Bevillningsutskottets
1050 162 221 30 betänkande
1295 170 44 21 nr
1363 162 52 31 51.

260 249 223 29 motionären
508 248 148 30 berörda
683 248 220 40 spörsmålen
930 249 87 28 utan
1043 247 174 39 dröjsmål
1243 249 172 38 upptagas
1446 248 54 29 till
1524 247 215 40 behandling
1765 249 11 28 i

261 300 173 29 samband
452 300 78 29 med
549 308 43 20 en
610 299 149 38 översyn
776 308 42 20 av
835 307 95 21 arvs-
952 298 65 29 och
1036 297 360 39 gåvobeskattningen
1414 298 11 29 i
1443 298 100 39 fråga
1561 307 57 20 om
1636 299 142 29 förvärv

261 359 42 20 av
320 350 71 29 rätt
409 350 55 28 till
482 349 212 39 försäkring.
713 349 14 29 I
748 349 111 29 likhet
878 349 81 29 med
980 348 83 31 1950
1082 348 57 30 års
1158 348 146 39 riksdag
1322 348 117 30 finner
1461 348 182 34 utskottet,
1664 351 50 27 att
1734 359 42 19 en

261 400 139 40 lösning
421 409 43 21 av
484 400 102 29 dessa
605 399 368 39 beskattningsfrågor
994 399 38 29 är
1053 407 42 21 av
1115 398 148 31 behovet
1285 399 114 29 starkt
1420 399 177 39 påkallad.

306 500 117 30 Under
442 500 220 39 åberopande
680 509 43 20 av
741 499 66 30 vad
826 499 151 30 sålunda
995 499 137 29 anförts
1151 499 56 30 får
1225 499 173 30 utskottet
1417 499 198 34 hemställa,

620 552 51 28 att
698 550 181 29 motionen
907 550 29 29 1:
952 548 64 31 349
1043 559 42 20 av
1112 549 83 30 herr
1224 549 152 30 Ewerlöf
1404 559 58 20 om
1489 550 150 39 höjning
1666 560 43 20 av
1736 551 41 29 de

575 600 187 30 skattefria
780 600 173 39 beloppen
970 600 55 29 för
1041 599 281 39 förmånstagare
1339 600 54 29 till
1409 600 253 39 livförsäkring
1672 610 46 20 m.
1731 611 45 19 m.

575 651 108 29 måtte
703 659 102 21 anses
825 650 172 30 besvarad
1018 657 124 32 genom
1161 650 67 30 vad
1248 650 172 30 utskottet
1441 659 89 21 ovan
1553 651 128 30 anfört.

307 752 204 30 Stockholm
531 751 67 30 den
619 751 40 30 23
679 751 70 39 maj
774 751 94 29 1952.

696 851 49 30 På
764 850 403 40 bevillningsutskottets
1188 852 147 38 vägnar:

791 951 118 30 FILIP
931 951 317 30 KRISTENSSON.

899 1161 243 30 Närvarande:

308 1227 81 30 från
430 1227 168 30 första
636 1227 224 30 kammaren:
890 1228 124 30 herrar
1046 1228 155 39 Sjödahl,
1231 1229 173 34 Heäöman,
1433 1230 193 35 Franzon”,
1656 1230 125 30 Gustaf

262 1269 199 34 Elofsson”,
484 1269 180 34 Velander,
685 1270 97 34 Falk,
805 1270 182 37 Ramberg,
1009 1270 197 34 Niklasson,
1230 1271 97 36 Spetz
1350 1271 65 30 och
1440 1271 227 38 Magnusson;
1693 1274 87 27 samt

308 1329 81 30 från
451 1329 123 30 andra
601 1330 223 29 kammaren:
843 1330 124 29 herrar
983 1330 227 29 Kristensson
1227 1331 10 28 i
1255 1331 105 39 Osby,
1378 1331 232 38 Björklund",
1627 1332 153 30 Jonsson

264 1371 10 29 i
291 1371 214 39 Skedsbygd,
521 1371 145 39 Orgård,
686 1371 220 34 Sundström,
924 1371 122 39 Sjölin,
1063 1372 200 36 Olofsson”,
1281 1373 186 34 Strandh”,
1485 1373 215 30 Kärrlander
1716 1374 64 30 och

268 1413 142 30 Nilsson
428 1415 11 28 i
458 1414 133 30 Svalöv.

310 1496 10 10 "
344 1496 64 25 Icke
429 1497 132 24 närvarit
580 1497 50 24 vid
650 1497 146 31 justering
817 1505 35 17 av
872 1497 208 25 betänkandet.

490 2485 108 23 527567.
635 2482 178 26 Stockholm.
831 2483 82 26 Isaac
929 2484 114 26 Marcus
1059 2483 190 31 Boktryckeri
1268 2483 182 31 Aktiebolag.
1469 2483 77 26 1952,
