1880 2810
257 160 41 31 36
728 161 264 29 Statsutskottets
1015 159 168 29 utlåtande
1206 168 37 19 nr
1261 159 46 28 96.

258 235 126 42 ningen
408 236 135 40 ansåge,
567 236 49 29 att
639 244 121 31 genom
783 244 42 20 en
849 233 93 41 dylik
965 232 192 41 anordning
1180 231 41 31 de
1243 231 99 31 bästa
1363 229 171 43 garantier
1556 239 130 21 vunnes
1710 228 53 31 för

262 287 73 32 dels
360 286 188 32 ärendenas
574 285 129 32 snabba
725 284 264 42 handläggning,
1016 284 74 31 dels
1117 281 543 33 administrationskostnadernas
1685 280 77 31 ned-

261 336 188 42 bringande
472 336 53 31 till
549 336 109 41 lägsta
680 335 140 42 möjliga
842 335 87 31 nivå.
963 334 242 32 Kostnaderna
1229 334 53 30 för
1305 344 42 20 en
1372 332 103 32 sådan
1501 331 262 40 koncentrering

263 400 40 20 av
331 386 470 33 administrationslokalerna
829 386 191 31 beräknade
1050 384 227 41 utredningen
1307 384 53 30 för
1390 382 217 33 Stockholms
1638 381 125 41 örlogs-

262 449 80 20 varv
364 438 53 31 till
441 437 156 41 omkring
619 438 61 30 450
693 437 61 31 000
777 437 126 30 kronor
926 435 169 32 inklusive
1120 434 183 32 kostnader
1327 435 54 30 för
1405 433 191 40 inredning,
1622 432 140 37 möbler,

261 487 377 42 telefonanläggningar
660 499 41 20 m.
725 499 42 19 m.

312 538 68 32 Vid
404 538 156 31 anmälan
585 549 40 20 av
649 537 230 42 nyssberörda
903 537 215 42 proposition
1145 535 140 32 anförde
1311 533 376 43 departementschefen
1711 532 53 31 be-

260 588 170 32 träffande
456 589 41 31 de
524 600 41 20 av
591 587 332 43 omorganisationen
949 587 200 31 föranledda
1174 586 259 41 lokalfrågorna,
1460 587 49 29 att
1533 584 68 31 han
1627 584 30 41 ej
1684 594 80 20 vore

259 638 130 33 beredd
410 641 49 29 att
482 639 43 31 då
546 641 80 40 taga
648 639 163 41 ställning
833 639 53 30 till
908 639 117 40 frågan
1049 649 53 20 om
1125 637 217 31 anordnande
1366 647 40 20 av
1430 646 248 31 gemensamma
1701 634 63 31 för-

260 689 380 42 valtningsbyggnader.
669 690 81 31 Med
778 689 207 42 avgörandet
1013 700 39 19 av
1082 688 93 31 detta
1201 687 167 42 spörsmål
1397 689 117 39 syntes
1544 686 108 41 enligt
1678 685 86 31 hans

260 740 221 42 uppfattning
505 741 35 30 få
564 742 99 30 anstå
685 741 12 30 i
721 740 147 31 avbidan
893 742 42 39 på
960 749 41 21 en
1026 741 153 29 närmare
1205 738 190 41 utredning,
1422 748 72 21 som
1519 736 245 31 marinförvalt-

259 790 128 41 ningen
410 790 188 32 förebådat.
625 791 165 31 Häremot
814 790 88 32 hade
926 790 181 41 riksdagen
1130 789 103 41 ingen
1258 789 143 31 erinran.

313 841 18 31 I
359 841 74 31 sina
461 841 304 32 medelsäskanden
796 841 53 31 för
876 843 98 29 nästa
999 840 169 41 budgetår
1195 840 61 31 har
1282 839 363 41 marinförvaltningen
1675 838 90 41 gjort

261 891 252 42 framställning
530 902 54 21 om
600 891 184 32 anvisande
800 903 41 19 av
857 891 109 31 medel
983 891 52 31 för
1050 890 93 32 vissa
1158 902 40 19 av
1214 890 333 42 omorganisationen
1565 888 201 32 föranledda

261 941 384 42 ombyggnadsarbeten.
670 941 260 32 Ämbetsverket
951 942 61 31 har
1034 941 163 32 beräknat
1220 941 229 31 kostnaderna
1472 940 108 41 enligt
1601 940 164 42 prisläget

261 991 66 32 den
355 994 15 29 1
396 992 64 41 juli
487 993 80 31 1941
594 993 54 31 för
673 993 41 31 de
738 992 183 42 planerade
947 992 229 41 omändrings-
1202 991 62 32 och
1290 990 396 42 tillbyggnadsarbetena
1711 991 53 30 till

261 1042 222 41 sammanlagt
501 1043 60 31 341
576 1043 62 31 000
655 1042 133 31 kronor.
809 1042 240 32 Kostnaderna
1069 1042 131 31 fördela
1219 1042 53 41 sig
1290 1044 43 39 på
1354 1042 40 31 de
1414 1042 91 31 olika
1523 1041 243 42 byggnaderna

261 1092 107 41 enligt
390 1092 152 42 följande
565 1093 325 41 sammanställning.

262 1152 250 32 Varvschefens
529 1152 64 31 och
609 1152 407 32 marindistriktschefens
1033 1152 195 31 nuvarande
1245 1151 214 41 kanslibygg-

316 1202 104 32 NACCL
455 1227 999 6 oosooserererererrrrrererrrrrrrere
918 1198 44 46 rer
973 1198 78 46 rrrrrr
1056 1198 38 46 rer
1102 1198 33 46 rer
1145 1198 18 46 RA
1171 1198 24 46 rr
1200 1198 18 46 Rs
1226 1198 6 46 tr
1240 1198 24 46 Er
1269 1198 7 46 e
1283 1198 47 46 rss
1338 1198 84 46 resetest
1433 1198 24 46 sa
1481 1201 126 32 kronor
1631 1202 60 31 130
1704 1202 61 31 000

262 1252 134 32 Kasern
415 1252 18 31 d
454 1278 1001 5 ossosoososrrrsrrreresrrrrsrer
848 1247 51 47 esse
904 1247 136 47 rrerrrrrrr
1045 1247 36 47 rer
1086 1247 24 47 rr
1112 1247 25 47 rr
1142 1247 39 47 ere
1186 1247 51 47 ser
1253 1247 10 47 r
1268 1247 48 47 rer
1324 1247 7 47 r
1339 1247 50 47 resa
1400 1247 60 47 sena
1537 1266 13 14 »
1652 1252 39 31 88
1704 1252 61 31 500

261 1302 461 42 Sjökrigsskolebyggnaden
750 1329 20 5 =.
779 1328 677 5 sssmssrsreresresrrrerererrrnrerrrsrnenrr
1350 1298 39 51 rna
1391 1298 39 51 nen
1433 1298 26 51 ra
1538 1316 13 14 »
1653 1302 39 31 72
1704 1302 62 32 500

264 1353 365 32 HantverkskaserneD
668 1378 788 6 oo.ssmsmssseorrrrrrrrresersrrrrr
1102 1348 35 46 rer
1142 1348 24 46 rr
1171 1348 50 46 rrrr
1228 1348 36 46 ers
1269 1348 35 46 rer
1312 1348 50 46 esse
1366 1348 93 46 sasson
1538 1366 13 15 »
1652 1353 40 31 50
1705 1353 61 31 000

1463 1411 141 31 Summa
1622 1412 59 30 341
1694 1412 70 30 000.

316 1487 80 32 1945
419 1489 54 30 års
495 1487 319 32 markkommission
836 1488 61 31 har
919 1488 11 31 i
953 1488 163 31 skrivelse
1141 1488 65 31 den
1231 1488 37 31 13
1292 1488 176 31 december
1492 1488 81 31 1945
1595 1508 43 3 —
1660 1489 108 31 under

263 1537 256 39 framFHållande,
546 1538 105 31 bland
676 1541 111 35 annat,
815 1541 51 28 att
890 1538 266 32 kommissionen
1182 1538 58 32 vid
1265 1538 215 42 inventering
1505 1550 41 20 av
1572 1539 66 31 den
1664 1539 102 38 mark,

264 1598 74 21 som
365 1588 111 32 kunde
505 1588 94 32 bliva
628 1589 140 31 föremål
798 1589 54 31 för
880 1589 258 41 förhandlingar
1165 1589 92 31 inom
1284 1589 277 39 kommissionen,
1592 1590 175 42 uppmärk-

264 1641 140 29 sammat
433 1638 218 32 Stockholms
679 1639 263 41 örlogsstations
970 1639 62 31 och
1062 1639 216 32 Stockholms
1308 1640 214 42 örlogsvarvs
1550 1641 102 37 mark,
1682 1644 86 29 samt

264 1690 50 30 att
339 1689 269 31 kommissionen
635 1689 117 31 därvid
779 1689 140 42 utginge
946 1690 75 30 från
1048 1692 50 29 att
1124 1690 288 41 örlogsstationen
1439 1691 63 31 och
1529 1694 116 29 varvet
1672 1692 95 31 fram-

264 1738 94 32 deles
381 1739 110 32 skulle
517 1739 95 32 bliva
637 1739 198 41 förflyttade
862 1740 73 31 från
962 1740 208 38 Stockholm,
1196 1741 194 41 varigenom
1415 1742 137 31 marken
1578 1742 109 32 skulle
1713 1743 55 31 fri-

263 1790 98 40 göras
385 1790 53 31 för
459 1789 219 41 användning
700 1789 53 31 till
775 1789 105 31 andra
903 1789 168 32 allmänna
1094 1790 156 31 ändamål
1269 1810 43 3 —
1332 1791 184 39 hemställt,
1539 1794 50 29 att
1612 1792 156 41 åtgärder

263 1840 73 31 icke
356 1842 102 30 måtte
477 1840 157 41 vidtagas
652 1840 11 30 i
682 1840 105 30 sådan
807 1840 213 41 omfattning,
1040 1842 49 29 att
1108 1852 42 19 en
1168 1841 159 31 framtida
1345 1841 221 42 förflyttning
1584 1853 41 20 av
1643 1843 125 41 örlogs-

264 1891 170 30 stationen
460 1890 63 31 och
548 1892 116 29 varvet
689 1890 188 41 uppskötes
903 1890 82 31 eller
1009 1890 224 32 försvårades.

317 1939 262 41 Föredragande
606 1941 184 31 statsrådet
816 1941 63 31 har
905 1941 53 31 för
983 1942 54 31 sin
1065 1942 55 31 del
1147 1942 112 31 anfört
1286 1943 160 41 följande.

317 1990 110 32 Innan
449 1991 57 42 jag
526 1991 99 41 ingår
645 1993 43 39 på
708 1991 118 41 frågan
849 2001 54 20 om
925 1991 185 32 anvisande
1131 2002 40 20 av
1192 1992 110 31 medel
1324 1993 53 30 för
1399 1993 41 31 de
1461 2004 40 20 av
1522 1994 244 31 marinförvalt-

263 2034 127 41 ningen
411 2034 195 41 föreslagna
627 2034 244 41 ombyggnads-
893 2034 62 31 och
977 2034 460 42 moderniseringsarbetena,
1460 2037 98 31 torde
1580 2038 84 31 böra
1687 2049 79 30 upp-

263 2078 95 39 tagas
385 2076 53 32 till
464 2076 212 41 behandling
701 2077 65 30 den
793 2087 41 20 av
863 2076 79 31 1945
969 2079 53 29 års
1050 2077 317 32 markkommission
1394 2078 146 32 berörda
1566 2080 119 41 frågan
1713 2091 54 20 om

265 2118 216 32 Stockholms
512 2118 187 41 örlogsbas
729 2118 205 42 utflyttning
963 2119 74 31 från
1069 2119 207 31 Stockholm.
1317 2120 121 32 Denna
1468 2121 94 41 fråga
1591 2122 61 31 har
1681 2123 87 30 varit

264 2160 141 31 föremål
432 2161 53 30 för
512 2161 167 41 ingående
707 2161 230 41 utredningar.
976 2161 52 30 Av
1056 2161 90 31 olika
1174 2162 81 37 skäl,
1283 2162 104 32 bland
1415 2166 102 28 annat
1545 2164 42 31 de
1615 2165 77 30 med
1721 2167 46 29 ut-

264 2202 208 41 flyttningen
498 2203 162 31 förenade
686 2203 133 41 mycket
845 2203 192 41 betydande
1064 2204 237 38 kostnaderna,
1328 2205 62 31 har
1415 2205 86 31 dock
1527 2206 77 31 med
1631 2207 136 40 frågans

264 2245 190 40 avgörande
477 2245 126 32 hittills
625 2245 64 31 fått
711 2247 106 30 anstå.
853 2245 288 32 Erfarenheterna
1162 2247 75 30 från
1261 2247 144 41 tidigare
1428 2248 207 31 verkställda
1659 2249 109 30 utred-

264 2286 120 40 ningar
404 2286 81 38 visa,
507 2290 50 29 att
578 2287 117 41 frågan
716 2298 53 20 om
790 2287 125 32 basens
936 2288 217 41 förläggning
1173 2290 36 29 är
1230 2289 132 40 mycket
1383 2289 156 38 svårlöst,
1561 2291 114 30 varför
1696 2301 72 20 san-

263 2329 110 31 nolikt
394 2330 164 31 avsevärd
580 2330 50 31 tid
651 2330 150 31 kommer
822 2333 49 29 att
893 2330 148 41 förflyta,
1064 2331 104 30 innan
1191 2331 193 31 densamma
1405 2331 117 41 bragts
1546 2331 54 32 till
1622 2343 42 20 en
1688 2332 80 31 slut-

265 2371 99 41 giltig
393 2371 138 42 lösning
585 2371 205 32 OÖOvissheten
822 2372 143 31 rörande
996 2372 241 42 örlogsbasens
1269 2373 159 32 framtida
1459 2374 218 41 förläggning
1707 2374 61 30 har

265 2413 189 32 emellertid
470 2416 132 29 ansetts
619 2414 72 31 icke
707 2414 83 31 böra
807 2414 177 32 förhindra
1001 2415 196 31 utförandet
1215 2426 39 20 av
1271 2415 186 42 angelägna
1474 2415 294 42 kompletterings-

265 2455 63 31 och
351 2455 431 42 moderniseringsarbeten
809 2456 58 32 vid
892 2457 65 31 den
981 2457 195 31 nuvarande
1201 2457 268 42 förläggningen,
1496 2458 63 31 och
1584 2458 184 31 avsevärda
