1882 2810
280 168 40 31 22
752 174 263 28 Statsutskottets
1038 174 168 28 utlåtande
1228 183 38 19 nr
1280 175 47 27 96.

282 245 58 31 det
363 248 50 28 att
435 256 75 20 man
532 246 145 41 tidigare
701 246 118 31 räknat
841 247 77 30 med
940 247 205 41 friliggande
1168 247 115 32 förråd
1305 247 61 30 har
1388 246 80 31 krav
1490 257 46 20 nu
1559 249 87 29 rests
1670 249 44 39 på
1736 249 49 29 att

283 296 92 32 vissa
398 297 123 37 förråd,
546 297 138 32 särskilt
707 298 359 31 ammunitionsförråd
1091 298 123 32 liksom
1239 298 115 31 förråd
1378 298 53 31 för
1455 300 136 39 spräng-
1616 298 63 31 och
1704 298 81 31 min-

283 347 164 37 materiel,
470 347 94 31 skola
585 348 169 31 anordnas
777 348 208 41 insprängda
1006 349 11 30 i
1039 348 93 42 berg.
1166 349 54 30 Då
1242 359 121 30 genom
1386 348 219 32 anordnande
1629 360 41 20 av
1692 348 94 42 berg-

283 397 117 31 förråd
426 397 214 32 materielens
667 398 204 41 lagringstid
896 398 170 42 betydligt
1093 399 82 31 ökas
1205 399 62 31 och
1294 401 84 29 även
1406 399 105 31 andra
1537 398 151 32 fördelar
1714 399 71 31 här-

284 446 136 41 igenom
442 448 52 29 stå
514 449 48 29 att
584 447 111 37 vinna,
718 458 98 20 anser
838 448 166 31 utskottet
1026 448 54 41 sig
1100 448 84 31 böra
1206 448 145 37 förorda,
1375 450 49 29 att
1446 447 200 41 bergförråd
1669 448 117 31 ställas

284 497 54 32 till
361 497 200 42 förfogande
583 498 12 31 i
618 499 192 41 föreslagen
833 499 214 41 omfattning.
1083 499 178 32 Utskottet
1284 499 189 40 tillstyrker
1496 499 101 31 alltså
1621 499 58 31 det
1703 499 83 32 före-

287 547 119 41 slagna
427 547 443 42 utbyggnadsprogrammet
892 549 122 40 jämväl
1036 549 12 30 i
1071 549 65 31 vad
1157 560 97 20 avser
1276 548 177 31 förrådens
1475 547 230 32 anordnande.

343 597 121 32 Såsom
483 609 84 20 ovan
586 601 135 29 nämnts
741 601 112 39 uppgå
870 599 301 31 merkostnaderna
1189 600 53 30 för
1260 599 57 31 det
1334 599 160 30 fortsatta
1512 597 276 42 förrådsutbygg-

286 649 314 41 nadsprogrammet
626 650 54 31 till
705 650 112 31 38527
832 650 62 31 300
918 650 132 31 kronor.
1079 650 100 31 Efter
1203 649 248 31 frånräknande
1465 660 41 19 av
1518 648 53 31 till
1585 649 202 40 förfogande

286 700 141 31 stående
449 700 109 31 medel
581 703 128 29 återstå
730 701 37 31 27
782 701 61 31 200
856 702 60 31 000
937 702 133 30 kronor.
1104 702 54 30 Då
1180 703 44 40 på
1245 703 68 30 sätt
1334 701 186 31 statsrådet
1541 699 178 42 föreslagit
1741 701 48 29 ett

286 749 75 31 från
387 750 286 42 förskottsanslag
697 751 132 31 anvisat
855 754 89 28 ännu
970 752 73 31 icke
1068 752 55 31 för
1147 752 76 30 med
1248 751 225 41 anvisningen
1498 752 111 30 avsett
1634 750 155 31 ändamål

287 800 166 41 utnyttjat
472 800 125 42 belopp
619 812 40 20 av
680 801 61 31 505
754 802 61 30 000
835 801 125 31 kronor
980 801 185 42 lämpligen
1185 801 62 31 bör
1269 801 147 31 tillföras
1438 800 351 42 budgetutjämnings-

287 849 138 39 fonden,
450 851 82 31 böra
555 851 301 32 merkostnaderna
879 852 98 41 höjas
1002 852 53 31 till
1081 852 11 30 i
1118 855 80 28 runt
1221 852 47 31 tal
1292 852 113 30 27700
1418 852 61 30 000
1503 851 133 31 kronor.
1674 851 116 31 Härav

286 901 126 41 belöpa
439 902 132 31 720000
599 902 126 31 kronor
752 904 43 39 på
822 903 115 30 förråd
964 903 54 30 för
1044 902 41 31 de
1115 903 74 30 från
1218 902 199 31 Stockholm
1445 901 184 42 utflyttade
1658 901 132 31 förban-

288 950 65 32 den
373 963 40 19 ur
432 951 216 32 Stockholms
667 952 169 41 garnison.
867 952 178 31 Utskottet
1063 952 198 41 tillstyrker,
1280 954 51 29 att
1349 952 100 31 dessa
1468 963 118 21 senare
1606 952 186 31 kostnader

286 1000 172 33 bestridas
480 1002 74 31 från
576 1004 49 29 ett
647 1002 57 31 vid
726 1002 98 31 sidan
846 1013 40 20 av
908 1002 319 31 försvarsbeslutets
1248 1002 237 31 kostnadsram
1508 1002 134 31 anvisat
1663 1002 126 42 anslag.

288 1050 132 32 Härom
447 1052 148 31 kommer
623 1053 168 31 utskottet
818 1055 49 28 att
895 1054 81 40 göra
1003 1052 204 32 hemställan
1236 1052 108 31 under
1372 1054 149 29 närmast
1549 1052 242 42 efterföljande

288 1102 117 41 punkt.
444 1101 225 33 Återstående
696 1103 184 31 kostnader
905 1103 83 32 eller
1014 1104 10 30 i
1052 1103 168 31 avrundat
1245 1103 47 31 tal
1319 1103 38 30 27
1372 1103 61 31 000
1446 1103 61 30 000
1533 1102 126 31 kronor
1685 1103 107 41 enligt

288 1153 196 31 nuvarande
513 1153 159 41 prisläge,
703 1153 237 31 motsvarande
970 1153 114 31 23500
1097 1153 61 31 000
1189 1153 125 31 kronor
1343 1152 108 41 enligt
1480 1153 166 40 prisläget
1677 1153 66 30 den
1776 1154 14 30 1

284 1202 64 42 juli
378 1203 90 37 1941,
496 1203 82 31 böra
606 1203 153 30 däremot
785 1202 170 31 bestridas
983 1202 93 30 inom
1105 1201 320 31 försvarsbeslutets
1453 1201 247 31 kostnadsram.
1740 1201 52 30 Av

288 1254 147 31 nämnda
454 1253 125 42 belopp
599 1253 125 42 belöpa
744 1253 155 41 omkring
918 1254 60 30 250
991 1253 61 31 000
1072 1253 126 31 kronor
1217 1255 43 39 på
1279 1252 239 32 markförvärv.
1550 1253 55 31 Då
1626 1252 167 32 utskottet

289 1314 46 21 nu
363 1304 188 40 tillstyrker
577 1304 66 31 den
672 1304 193 41 föreslagna
891 1303 357 41 medelsanvisningen
1275 1303 201 31 förutsätter
1502 1303 169 34 utskottet
1698 1303 11 30 i
1735 1303 58 32 lik-

289 1354 59 32 het
368 1355 77 31 med
465 1354 193 38 statsrådet,
680 1356 49 29 att
750 1353 221 41 erforderliga
992 1353 116 31 förråd
1129 1353 95 31 skola
1244 1353 113 31 kunna
1378 1353 168 31 anordnas
1567 1353 93 31 inom
1680 1364 112 20 ramen

290 1404 54 31 för
367 1416 47 20 nu
438 1404 191 31 beräknade
654 1404 126 41 belopp
806 1404 62 30 och
893 1406 50 28 att
965 1402 197 42 ytterligare
1188 1403 313 41 medelsanvisning
1525 1404 54 30 för
1603 1403 191 32 ändamålet

291 1453 74 32 icke
388 1454 86 31 skall
497 1454 250 41 ifrågakomma.

343 1505 83 32 Med
451 1505 167 32 avseende
645 1507 19 29 å
690 1504 210 41 påbörjande
926 1515 40 20 av
992 1515 66 30 nya
1085 1503 391 42 gymnastikbyggnader
1502 1504 63 31 och
1592 1504 202 42 badanlägg-

291 1555 130 41 ningar,
447 1555 211 41 uppförande
683 1566 39 19 av
745 1554 309 41 musikbyggnader
1077 1556 86 29 samt
1186 1554 179 31 utförande
1389 1565 40 20 av
1451 1565 67 30 nya
1539 1554 257 41 idrottsplatser

291 1606 61 31 har
375 1606 185 31 statsrådet
585 1605 76 31 med
686 1605 132 40 hänsyn
842 1605 54 30 till
921 1604 89 41 läget
1035 1606 44 39 på
1104 1604 322 31 arbetsmarknaden
1452 1604 62 31 och
1539 1604 189 41 tillgången
1752 1605 44 40 på

294 1655 333 43 byggnadsmaterial
648 1666 41 19 m.
710 1666 41 19 m.
772 1656 113 29 ansett
904 1654 109 31 medel
1031 1653 73 31 icke
1124 1653 84 31 böra
1226 1653 11 30 i
1258 1653 91 41 regel
1368 1653 166 31 beräknas
1554 1653 125 32 härför.
1713 1653 83 31 Här-

293 1708 54 31 till
365 1708 152 31 ansluter
534 1707 53 40 sig
604 1706 175 31 utskottet.

346 1759 178 32 Utskottet
543 1758 61 31 vill
629 1758 6 30 i
655 1757 93 32 detta
767 1757 242 40 sammanhang
1028 1755 227 42 understryka
1274 1767 41 19 av
1335 1755 182 42 riksdagen
1537 1755 146 42 tidigare
1705 1756 90 41 gjort

292 1809 176 31 uttalande
490 1819 54 20 om
564 1806 290 42 angelägenheten
876 1817 40 20 av
938 1808 50 28 att
1008 1807 127 29 största
1156 1805 140 41 möjliga
1316 1804 212 41 sparsamhet
1549 1804 169 41 iakttages
1739 1804 57 31 vid

293 1860 425 42 byggnadsprogrammets
749 1856 273 42 förverkligande
1053 1856 63 32 och
1146 1858 50 29 att
1225 1856 121 31 endast
1377 1856 41 31 de
1448 1855 347 42 byggnadsåtgärder,

294 1920 74 20 som
394 1911 56 29 äro
476 1908 224 41 nödvändiga,
726 1907 133 31 komma
882 1907 54 31 till
962 1906 181 32 utförande
1169 1906 107 31 under
1301 1906 301 41 femårsperioden.

348 1960 120 32 Under
489 1958 222 32 förevarande
733 1958 109 41 punkt
863 1957 61 32 har
947 1957 185 32 statsrådet
1156 1958 92 30 utom
1273 1956 235 32 ovannämnda
1531 1956 266 32 förrådslokaler

293 2010 128 32 anmält
446 2010 91 30 vissa
562 2008 106 32 andra
693 2009 114 30 armén
833 2006 188 32 berörande
1047 2006 321 41 byggnadsföretag,
1395 2005 90 30 vilka
1511 2005 178 31 befunnits
1715 2004 83 31 böra

294 2062 135 31 komma
451 2061 53 31 till
527 2060 181 32 utförande
731 2059 108 31 under
861 2058 95 31 tiden
980 2058 53 31 till
1056 2058 64 31 och
1144 2057 76 31 med
1243 2057 203 40 budgetåret
1471 2056 134 31 1946/47
1632 2058 88 29 samt
1744 2067 53 20 an-

295 2112 86 41 givit
399 2112 41 31 de
457 2110 192 32 beräknade
667 2109 228 32 kostnaderna
912 2108 124 32 härför.
1068 2107 134 32 Räknat
1220 2107 86 32 efter
1324 2106 166 42 prisläget
1509 2106 65 32 den
1595 2107 16 30 1
1632 2106 64 41 juli
1717 2106 79 31 1941

296 2162 62 31 har
385 2162 93 31 detta
504 2160 197 42 ytterligare
728 2158 241 32 medelsbehov
994 2157 183 31 beräknats
1204 2157 53 31 till
1284 2156 222 41 sammanlagt
1532 2156 17 29 4
1564 2155 137 31 454300
1727 2154 72 31 kro-

296 2223 71 20 nor.
404 2213 75 31 Vad
504 2211 184 32 statsrådet
713 2211 11 30 i
748 2210 198 41 anslutning
969 2209 117 31 härtill
1110 2209 115 30 anfört
1248 2208 123 31 liksom
1397 2207 43 32 de
1463 2218 40 20 av
1527 2207 127 31 honom
1679 2205 120 42 gjorda

295 2261 438 41 kostnadsberäkningarna
769 2261 61 30 har
864 2260 72 31 icke
973 2259 85 41 givit
1094 2259 168 31 utskottet
1297 2258 186 41 anledning
1507 2257 54 32 till
1587 2257 139 31 särskilt
1752 2259 47 29 ut-

298 2312 145 31 talande.

351 2363 119 32 Under
492 2362 215 42 åberopande
731 2372 39 20 av
794 2361 57 32 det
874 2360 142 32 anförda
1038 2359 199 32 hemställer
1260 2359 176 37 utskottet,

591 2433 50 29 att
661 2429 181 41 riksdagen
861 2430 54 29 må

592 2480 30 40 a)
651 2479 53 32 till
736 2478 99 31 Vissa
864 2478 316 40 byggnadsarbeten
1208 2487 41 20 m.
1279 2487 41 20 m.
1351 2476 53 31 för
1431 2474 204 42 budgetåret
1665 2472 134 32 1946/47

549 2530 119 32 anvisa
688 2531 49 29 ett
758 2527 348 42 investeringsanslag
1127 2537 40 20 av
1187 2527 39 31 32
1243 2526 56 31 000
1318 2521 56 52 000
1394 2525 137 37 kronor;
