1882 2814
546 166 264 30 Statsutskottets
833 169 167 28 utlåtande
1023 179 37 18 nr
1089 171 47 27 96.
1555 171 41 30 49

90 236 101 40 givet,
228 239 50 29 att
312 238 197 41 härigenom
545 239 115 32 kunna
696 242 125 39 uppstå
855 241 92 31 vissa
984 242 125 31 sociala
1145 244 155 40 problem
1336 245 92 30 såväl
1465 246 53 30 för
1554 246 40 30 de

90 279 157 32 enskilda
280 280 255 42 arbetstagarna
566 292 73 21 som
673 283 54 30 för
757 283 211 33 Karlskrona
989 285 84 30 stad.
1106 285 68 31 Det
1195 286 62 30 har
1276 287 76 30 med
1373 287 131 41 hänsyn
1525 288 70 30 här-

94 321 53 31 till
175 325 97 38 synts
300 323 69 42 mig
396 324 177 42 angeläget
600 327 49 30 att
678 326 53 31 för
758 328 97 30 nästa
882 327 168 41 budgetår
1077 328 126 32 bereda
1232 330 362 42 marinförvaltningen

94 364 179 42 möjlighet
295 368 49 29 att
365 366 192 42 igångsätta
578 367 92 32 vissa
692 368 366 42 anläggningsarbeten
1080 371 11 30 i
1113 371 221 39 Karlskrona,
1358 373 114 32 därest
1494 376 38 29 så
1554 386 40 19 ur

92 406 475 44 arbetsmarknadssynpunkt
588 410 109 32 skulle
718 411 158 32 befinnas
898 412 165 41 lämpligt,
1086 415 85 29 även
1193 425 54 20 om
1269 415 160 31 arbetena
1450 427 39 19 ur
1510 416 83 31 mili-

93 450 52 30 tär
161 450 174 41 synpunkt
351 451 72 31 icke
440 453 57 29 äro
515 454 37 29 så
568 453 196 41 angelägna,
782 456 49 29 att
848 454 41 31 de
907 465 40 21 av
965 455 110 32 denna
1092 456 186 41 anledning
1294 457 77 31 med
1388 458 206 41 nödvändig-

93 491 58 32 het
171 492 110 32 skulle
301 493 131 32 behöva
452 494 129 32 utföras
602 497 37 29 så
660 495 110 42 tidigt.

146 534 120 32 Ehuru
285 535 56 42 jag
358 536 10 30 i
387 536 56 31 det
462 536 204 42 föregående
684 540 112 30 ansett
814 539 68 41 mig
900 539 73 32 icke
991 539 114 32 kunna
1124 541 53 30 för
1194 542 209 31 närvarande
1422 542 172 41 tillstyrka

93 577 215 40 uppförande
325 589 40 19 av
381 579 284 40 gymnastiksalar
682 591 41 20 m.
742 592 52 26 m.,
813 581 113 31 finner
942 582 57 41 jag
1015 582 69 41 mig
1101 594 40 19 ur
1158 594 45 20 nu
1223 584 142 31 anförda
1383 585 211 41 synpunkter

93 618 129 32 beredd
242 620 147 38 förorda,
411 624 50 28 att
480 622 109 31 medel
611 623 54 30 för
685 624 97 30 nästa
803 623 167 41 budgetår
991 624 165 33 beräknas
1179 625 54 31 för
1254 626 212 41 uppförande
1489 638 40 20 av
1551 638 42 20 en

92 661 198 32 idrottshall
315 662 52 31 för
393 662 215 41 Sydkustens
633 664 258 33 marindistrikt.
929 666 154 32 Behovet
1110 678 41 20 av
1177 667 194 33 densamma
1397 680 102 29 synes
1525 669 69 41 mig

90 702 54 31 till
163 703 85 31 fullo
268 703 111 42 styrkt
396 715 121 31 genom
536 705 63 31 vad
618 706 363 42 marinförvaltningen
1012 708 122 31 anfört.
1165 708 51 31 På
1234 709 165 40 grundval
1418 720 40 20 av
1476 710 118 30 marin-

88 744 272 43 förvaltningens
388 749 135 29 senaste
551 747 392 43 kostnadsberäkningar
970 749 167 32 beräknar
1163 750 57 42 jag
1247 751 54 31 för
1327 752 191 31 ändamålet
1545 754 48 29 ett

88 787 128 42 belopp
233 800 40 19 av
290 789 61 31 525
364 789 60 31 000
441 789 133 31 kronor.
604 790 52 31 Av
673 791 65 31 vad
755 791 57 41 jag
827 802 82 30 nyss
928 792 114 31 anfört
1060 794 155 40 framgår,
1235 796 50 28 att
1301 793 91 42 läget
1408 796 44 40 på
1468 795 125 31 arbets-

88 830 207 32 marknaden
316 831 63 31 bör
399 831 93 32 bliva
512 833 191 40 avgörande
725 834 53 30 för
799 835 127 40 frågan,
947 836 61 29 när
1028 835 133 33 arbetet
1181 835 86 32 skall
1288 836 218 42 igångsättas.
1528 837 66 42 Jag

87 874 40 29 är
144 873 74 31 icke
237 873 129 32 beredd
384 876 49 29 att
452 875 53 30 för
523 875 209 32 närvarande
752 878 77 39 taga
847 876 119 42 slutlig
985 877 164 42 ställning
1167 878 54 31 till
1240 878 353 43 förläggningsfrågan

89 926 77 20 men
185 917 99 40 utgår
301 916 88 31 ifrån
407 919 49 29 att
475 917 56 32 det
549 917 86 31 skall
653 918 178 32 ankomma
848 921 44 39 på
907 919 127 41 Kungl.
1053 919 102 42 Maj:t
1171 923 50 28 att
1239 922 10 30 i
1268 921 110 33 denna
1395 923 95 41 fråga
1507 923 86 31 efter

86 958 201 41 ytterligare
308 959 183 41 utredning
510 959 136 33 besluta
666 961 125 31 därom.

721 1063 238 35 SJÖMANSKÅREN.

141 1128 87 31 Vissa
250 1129 127 30 arbeten
399 1130 13 29 i
434 1132 218 29 tvättrummen
674 1131 13 30 i
707 1132 270 31 etablissementet
999 1133 233 31 Ankarstierna.
1272 1135 68 31 För
1356 1136 238 42 nybyggnads-

88 1179 65 31 och
168 1179 430 42 iståndsättningsarbeten
613 1183 93 30 inom
722 1183 93 31 detta
831 1183 257 33 etablissement
1103 1185 43 31 ha
1163 1185 93 31 inom
1272 1186 319 34 försvarsbeslutets

90 1229 239 33 kostnadsram
349 1231 125 32 hittills
497 1233 150 31 anvisats
670 1233 147 41 tillhopa
838 1234 11 30 i
871 1237 80 29 runt
972 1235 48 31 tal
1045 1235 92 31 1575
1150 1236 62 31 000
1233 1236 125 32 kronor
1380 1237 107 42 enligt
1509 1238 83 42 pris-

90 1280 92 41 läget
202 1280 65 32 den
290 1282 15 30 1
327 1281 63 41 juli
412 1282 90 31 1941.
535 1283 117 31 Härav
671 1281 125 44 belöpa
816 1285 61 31 890
890 1285 62 31 000
973 1285 125 31 kronor
1118 1288 44 39 på
1184 1287 214 41 uppförande
1420 1299 40 21 av
1482 1300 42 20 en
1546 1300 45 30 ny

90 1330 131 38 kasern,
247 1332 222 41 sammanlagt
493 1333 155 42 omkring
671 1334 62 31 525
746 1335 61 31 000
831 1335 126 32 kronor
981 1337 44 40 på
1049 1336 85 31 skol-
1159 1337 64 31 och
1249 1338 343 42 sjukhusbyggnader

91 1384 87 29 samt
214 1382 145 42 tillhopa
393 1383 154 42 omkring
584 1385 135 31 160000
755 1385 125 32 kronor
915 1388 45 39 på
995 1387 215 41 ombyggnad
1247 1399 39 20 av
1323 1389 267 42 matinrättning,

88 1431 219 32 anordnande
331 1443 40 20 av
395 1433 348 40 expeditionslokaler
765 1446 41 19 m.
831 1446 41 19 m.
908 1435 18 31 I
950 1436 236 32 förstnämnda
1208 1437 126 42 belopp
1357 1438 80 41 ingå
1459 1439 132 31 således

89 1482 74 31 icke
184 1483 111 31 medel
317 1484 53 30 för
392 1484 214 41 ombyggnad
628 1496 41 20 av
690 1486 42 31 de
755 1486 92 31 äldre
870 1487 411 42 förläggningslokalerna
1302 1489 92 32 inom
1417 1491 173 32 etablisse-

89 1535 137 29 mentet.

138 1583 18 30 I
179 1583 76 33 sina
278 1583 310 41 anslagsäskanden
611 1586 54 30 för
688 1587 98 30 nästa
808 1586 168 41 budgetår
998 1587 61 30 har
1081 1588 362 42 marinförvaltningen
1467 1591 121 37 anfört,

89 1636 50 29 att
159 1634 42 31 de
222 1637 88 29 mest
329 1635 251 32 framträdande
602 1636 155 32 behoven
779 1648 40 21 av
840 1638 231 42 renoverings-
1094 1639 63 31 och
1179 1640 375 42 ombyggnadsarbeten
1578 1642 12 31 i

89 1684 42 31 de
163 1683 94 32 äldre
290 1684 205 33 kasernerna
526 1686 57 31 vid
616 1687 257 41 ifrågavarande
907 1688 258 33 etablissement
1198 1701 80 21 vore
1313 1691 73 32 dels
1420 1691 170 42 iordning-

90 1734 168 32 ställande
281 1736 62 30 och
364 1736 272 42 modernisering
657 1749 41 20 av
720 1740 96 29 tvätt-
839 1739 62 31 och
924 1739 406 43 toalettanordningarna,
1355 1742 73 32 dels
1451 1742 139 42 uppdel-

89 1784 83 41 ning
194 1785 12 30 i
229 1785 131 31 mindre
385 1786 139 32 enheter
547 1798 40 20 av
610 1787 182 43 befintliga
816 1791 108 30 större
949 1790 180 41 logement,
1153 1791 92 31 vilka
1269 1803 44 20 nu
1339 1804 79 20 vore
1442 1793 147 31 avsedda

89 1835 54 30 för
171 1835 155 42 omkring
352 1837 40 30 40
420 1837 137 41 platser.
599 1838 100 32 Trots
729 1839 40 32 de
799 1840 219 41 olägenheter
1046 1843 49 30 ett
1122 1842 241 32 bibehållande
1393 1854 40 20 av
1462 1844 41 31 de
1532 1855 57 19 nu-

89 1885 147 31 varande
261 1888 92 29 stora
376 1887 214 41 logementen
613 1889 175 38 innebure,
813 1890 113 31 kunde
951 1891 363 42 marinförvaltningen
1339 1893 85 31 dock
1447 1913 42 3 —
1513 1894 76 31 med

88 1935 133 40 hänsyn
247 1936 53 30 till
325 1936 298 33 kostnadsramens
648 1939 12 30 i
686 1940 111 40 övrigt
822 1942 93 29 stora
940 1941 195 41 belastning
1159 1962 43 3 —
1226 1943 72 30 icke
1324 1954 45 20 nu
1396 1944 126 31 föreslå
1548 1955 41 20 en

89 1985 85 30 total
195 1986 214 41 ombyggnad
429 1998 40 19 av
488 1987 213 32 kasernerna.
734 1989 162 33 Däremot
917 1990 106 32 borde
1044 1992 110 31 medel
1176 2004 45 19 nu
1241 1993 166 32 beräknas
1429 1994 53 31 för
1502 1995 87 30 iord-

89 2034 252 42 ningställande
366 2048 39 19 av
430 2038 222 41 erforderliga
678 2042 170 29 tvättrum.
886 2041 242 32 Kostnaderna
1153 2043 116 31 därför
1294 2044 106 41 enligt
1425 2044 164 42 prisläget

89 2085 66 31 den
178 2087 15 29 1
216 2086 65 40 juli
304 2087 77 30 1941
404 2087 210 34 beräknades
638 2090 54 31 till
714 2091 114 31 91500
850 2091 134 32 kronor.
1019 2093 275 42 Prisstegringen
1318 2094 53 31 till
1395 2094 64 32 den
1485 2096 15 30 1
1525 2095 63 41 juli

91 2135 80 31 1945
195 2137 244 40 uppskattades
462 2139 53 30 till
541 2140 37 30 13
592 2140 61 31 000
676 2140 133 32 kronor.

138 2185 260 41 Föredragande
425 2188 184 32 statsrådet
632 2189 61 30 har
717 2191 121 36 anfört,
864 2193 58 34 att,
949 2192 106 30 ehuru
1081 2192 58 31 det
1163 2193 86 31 varit
1274 2194 168 36 önskvärt,
1469 2206 53 19 om
1548 2206 41 19 en

85 2246 91 20 mera
194 2237 287 40 genomgripande
500 2238 214 41 ombyggnad
733 2251 40 19 av
791 2240 41 31 de
851 2241 92 30 äldre
963 2241 410 40 förläggningslokalerna
1391 2244 90 30 inom
1500 2244 88 31 etab-

86 2285 212 32 lissementet
316 2287 244 31 Ankarstierna
579 2288 128 31 kunnat
726 2289 132 31 komma
877 2291 53 29 till
950 2291 109 36 stånd,
1080 2292 66 30 han
1165 2293 10 28 i
1196 2292 106 31 likhet
1321 2293 75 30 med
1416 2294 173 30 marinför-

85 2335 196 40 valtningen
306 2348 39 19 av
368 2337 238 31 kostnadsskäl
630 2341 112 29 ansett
766 2340 53 40 sig
841 2340 175 31 nödsakad
1040 2342 133 36 föreslå,
1198 2344 50 28 att
1269 2342 160 31 arbetena
1452 2343 136 41 begrän-

84 2385 99 31 sades
203 2386 52 31 till
275 2387 85 29 tvätt-
389 2387 62 30 och
470 2388 403 41 toalettanordningarna.
905 2390 385 41 Marinförvaltningens
1309 2392 278 32 kostnadsberik-

86 2435 120 40 ningar
223 2436 86 31 hade
328 2437 71 30 icke
417 2437 84 39 givit
519 2439 183 30 statsrådet
721 2440 184 40 anledning
922 2440 52 30 till
993 2441 143 30 erinran.
1172 2442 74 30 Han
1265 2442 163 31 beräknar
1446 2444 143 31 sålunda

87 2485 52 30 för
159 2486 193 31 ändamålet
371 2487 9 30 i
404 2488 164 31 avrundat
590 2489 46 29 tal
657 2490 40 29 92
711 2491 61 28 000
792 2490 132 30 kronor.

140 2547 114 36 Bihang
278 2548 45 28 till
346 2549 167 35 riksdagens
535 2551 144 35 protokoll
708 2552 85 28 1946.
833 2554 19 26 6
867 2553 82 28 saml.
986 2553 45 27 Nr
1056 2555 46 26 96.
1403 2564 39 18 702
1459 2564 26 17 46
1529 2557 17 27 4
