<?xml version="1.0" encoding="UTF-8"?>
<alto xmlns="http://www.loc.gov/standards/alto/ns-v3#" xmlns:xlink="http://www.w3.org/1999/xlink" xmlns:xsi="http://www.w3.org/2001/XMLSchema-instance" xsi:schemaLocation="http://www.loc.gov/standards/alto/ns-v3# http://www.loc.gov/alto/v3/alto-3-0.xsd">
	<Description>
		<MeasurementUnit>pixel</MeasurementUnit>
		<sourceImageInformation>
			<fileName>/tmp/tess_w363zd1e_input.PNG</fileName>
		</sourceImageInformation>
		<OCRProcessing ID="OCR_0">
			<ocrProcessingStep>
				<processingSoftware>
					<softwareName>tesseract 5.3.0</softwareName>
				</processingSoftware>
			</ocrProcessingStep>
		</OCRProcessing>
	</Description>
	<Layout>
		<Page WIDTH="1920" HEIGHT="2788" PHYSICAL_IMG_NR="0" ID="page_0">
			<PrintSpace HPOS="0" VPOS="0" WIDTH="1920" HEIGHT="2788">
				<ComposedBlock ID="cblock_0" HPOS="476" VPOS="170" WIDTH="1184" HEIGHT="43">
					<TextBlock ID="block_0" HPOS="476" VPOS="170" WIDTH="1184" HEIGHT="43">
						<TextLine ID="line_0" HPOS="476" VPOS="170" WIDTH="1184" HEIGHT="43">
							<String ID="string_0" HPOS="476" VPOS="175" WIDTH="120" HEIGHT="30" WC="0.93" CONTENT="Andra"/><SP WIDTH="22" VPOS="175" HPOS="596"/>
							<String ID="string_1" HPOS="618" VPOS="173" WIDTH="245" HEIGHT="40" WC="0.91" CONTENT="lagutskottets"/><SP WIDTH="23" VPOS="173" HPOS="863"/>
							<String ID="string_2" HPOS="886" VPOS="172" WIDTH="179" HEIGHT="30" WC="0.96" CONTENT="utlåtande"/><SP WIDTH="21" VPOS="172" HPOS="1065"/>
							<String ID="string_3" HPOS="1086" VPOS="181" WIDTH="44" HEIGHT="20" WC="0.96" CONTENT="nr"/><SP WIDTH="19" VPOS="181" HPOS="1130"/>
							<String ID="string_4" HPOS="1149" VPOS="172" WIDTH="43" HEIGHT="30" WC="0.96" CONTENT="36"/><SP WIDTH="20" VPOS="172" HPOS="1192"/>
							<String ID="string_5" HPOS="1212" VPOS="171" WIDTH="41" HEIGHT="30" WC="0.96" CONTENT="år"/><SP WIDTH="22" VPOS="171" HPOS="1253"/>
							<String ID="string_6" HPOS="1275" VPOS="171" WIDTH="84" HEIGHT="29" WC="0.96" CONTENT="1960"/><SP WIDTH="283" VPOS="171" HPOS="1359"/>
							<String ID="string_7" HPOS="1642" VPOS="170" WIDTH="18" HEIGHT="29" WC="0.69" CONTENT="5"/>
						</TextLine>
					</TextBlock>
				</ComposedBlock>
				<ComposedBlock ID="cblock_1" HPOS="849" VPOS="466" WIDTH="139" HEIGHT="101">
					<TextBlock ID="block_1" HPOS="849" VPOS="466" WIDTH="139" HEIGHT="101">
						<TextLine ID="line_1" HPOS="849" VPOS="466" WIDTH="139" HEIGHT="43">
							<String ID="string_8" HPOS="849" VPOS="466" WIDTH="139" HEIGHT="43" WC="0.96" CONTENT="Förslag"/>
						</TextLine>
						<TextLine ID="line_2" HPOS="887" VPOS="537" WIDTH="54" HEIGHT="30">
							<String ID="string_9" HPOS="887" VPOS="537" WIDTH="54" HEIGHT="30" WC="0.96" CONTENT="till"/>
						</TextLine>
					</TextBlock>
				</ComposedBlock>
				<ComposedBlock ID="cblock_2" HPOS="874" VPOS="623" WIDTH="99" HEIGHT="47">
					<TextBlock ID="block_2" HPOS="874" VPOS="623" WIDTH="99" HEIGHT="47">
						<TextLine ID="line_3" HPOS="874" VPOS="623" WIDTH="99" HEIGHT="47">
							<String ID="string_10" HPOS="874" VPOS="623" WIDTH="99" HEIGHT="47" WC="0.96" CONTENT="Lag"/>
						</TextLine>
					</TextBlock>
				</ComposedBlock>
				<ComposedBlock ID="cblock_3" HPOS="268" VPOS="722" WIDTH="1308" HEIGHT="98">
					<TextBlock ID="block_3" HPOS="268" VPOS="722" WIDTH="1308" HEIGHT="98">
						<TextLine ID="line_4" HPOS="268" VPOS="722" WIDTH="1308" HEIGHT="48">
							<String ID="string_11" HPOS="268" VPOS="726" WIDTH="173" HEIGHT="44" WC="0.96" CONTENT="angående"/><SP WIDTH="22" VPOS="726" HPOS="441"/>
							<String ID="string_12" HPOS="463" VPOS="725" WIDTH="128" HEIGHT="32" WC="0.96" CONTENT="ändrad"/><SP WIDTH="22" VPOS="725" HPOS="591"/>
							<String ID="string_13" HPOS="613" VPOS="725" WIDTH="122" HEIGHT="42" WC="0.96" CONTENT="lydelse"/><SP WIDTH="22" VPOS="725" HPOS="735"/>
							<String ID="string_14" HPOS="757" VPOS="736" WIDTH="43" HEIGHT="20" WC="0.96" CONTENT="av"/><SP WIDTH="23" VPOS="736" HPOS="800"/>
							<String ID="string_15" HPOS="823" VPOS="725" WIDTH="43" HEIGHT="31" WC="0.96" CONTENT="37"/><SP WIDTH="24" VPOS="725" HPOS="866"/>
							<String ID="string_16" HPOS="890" VPOS="724" WIDTH="22" HEIGHT="41" WC="0.43" CONTENT="8"/><SP WIDTH="23" VPOS="724" HPOS="912"/>
							<String ID="string_17" HPOS="935" VPOS="724" WIDTH="99" HEIGHT="43" WC="0.96" CONTENT="lagen"/><SP WIDTH="22" VPOS="724" HPOS="1034"/>
							<String ID="string_18" HPOS="1056" VPOS="723" WIDTH="65" HEIGHT="31" WC="0.96" CONTENT="den"/><SP WIDTH="23" VPOS="723" HPOS="1121"/>
							<String ID="string_19" HPOS="1144" VPOS="723" WIDTH="42" HEIGHT="31" WC="0.96" CONTENT="14"/><SP WIDTH="22" VPOS="723" HPOS="1186"/>
							<String ID="string_20" HPOS="1208" VPOS="723" WIDTH="70" HEIGHT="41" WC="0.96" CONTENT="maj"/><SP WIDTH="26" VPOS="723" HPOS="1278"/>
							<String ID="string_21" HPOS="1304" VPOS="722" WIDTH="84" HEIGHT="31" WC="0.96" CONTENT="1954"/><SP WIDTH="23" VPOS="722" HPOS="1388"/>
							<String ID="string_22" HPOS="1411" VPOS="724" WIDTH="60" HEIGHT="42" WC="0.96" CONTENT="(nr"/><SP WIDTH="22" VPOS="724" HPOS="1471"/>
							<String ID="string_23" HPOS="1493" VPOS="722" WIDTH="83" HEIGHT="42" WC="0.95" CONTENT="243)"/>
						</TextLine>
						<TextLine ID="line_5" HPOS="688" VPOS="776" WIDTH="471" HEIGHT="44">
							<String ID="string_24" HPOS="688" VPOS="789" WIDTH="57" HEIGHT="21" WC="0.91" CONTENT="om"/><SP WIDTH="21" VPOS="789" HPOS="745"/>
							<String ID="string_25" HPOS="766" VPOS="776" WIDTH="393" HEIGHT="44" WC="0.91" CONTENT="yrkesskadeförsäkring"/>
						</TextLine>
					</TextBlock>
				</ComposedBlock>
				<ComposedBlock ID="cblock_4" HPOS="176" VPOS="874" WIDTH="1487" HEIGHT="99">
					<TextBlock ID="block_4" HPOS="176" VPOS="874" WIDTH="1487" HEIGHT="99">
						<TextLine ID="line_6" HPOS="218" VPOS="874" WIDTH="1445" HEIGHT="46">
							<String ID="string_26" HPOS="218" VPOS="880" WIDTH="213" HEIGHT="40" WC="0.96" CONTENT="Härigenom"/><SP WIDTH="18" VPOS="880" HPOS="431"/>
							<String ID="string_27" HPOS="449" VPOS="879" WIDTH="198" HEIGHT="35" WC="0.96" CONTENT="förordnas,"/><SP WIDTH="20" VPOS="879" HPOS="647"/>
							<String ID="string_28" HPOS="667" VPOS="880" WIDTH="50" HEIGHT="29" WC="0.96" CONTENT="att"/><SP WIDTH="19" VPOS="880" HPOS="717"/>
							<String ID="string_29" HPOS="736" VPOS="878" WIDTH="39" HEIGHT="31" WC="0.93" CONTENT="37"/><SP WIDTH="23" VPOS="878" HPOS="775"/>
							<String ID="string_30" HPOS="798" VPOS="878" WIDTH="15" HEIGHT="37" WC="0.84" CONTENT="$"/><SP WIDTH="21" VPOS="878" HPOS="813"/>
							<String ID="string_31" HPOS="834" VPOS="878" WIDTH="101" HEIGHT="39" WC="0.96" CONTENT="lagen"/><SP WIDTH="18" VPOS="878" HPOS="935"/>
							<String ID="string_32" HPOS="953" VPOS="878" WIDTH="69" HEIGHT="29" WC="0.96" CONTENT="den"/><SP WIDTH="20" VPOS="878" HPOS="1022"/>
							<String ID="string_33" HPOS="1042" VPOS="876" WIDTH="40" HEIGHT="30" WC="0.96" CONTENT="14"/><SP WIDTH="19" VPOS="876" HPOS="1082"/>
							<String ID="string_34" HPOS="1101" VPOS="876" WIDTH="72" HEIGHT="40" WC="0.96" CONTENT="maj"/><SP WIDTH="26" VPOS="876" HPOS="1173"/>
							<String ID="string_35" HPOS="1199" VPOS="875" WIDTH="83" HEIGHT="31" WC="0.96" CONTENT="1954"/><SP WIDTH="18" VPOS="875" HPOS="1282"/>
							<String ID="string_36" HPOS="1300" VPOS="885" WIDTH="58" HEIGHT="21" WC="0.93" CONTENT="om"/><SP WIDTH="18" VPOS="885" HPOS="1358"/>
							<String ID="string_37" HPOS="1376" VPOS="874" WIDTH="287" HEIGHT="41" WC="0.91" CONTENT="yrkesskadeför-"/>
						</TextLine>
						<TextLine ID="line_7" HPOS="176" VPOS="929" WIDTH="1133" HEIGHT="44">
							<String ID="string_38" HPOS="176" VPOS="933" WIDTH="144" HEIGHT="40" WC="0.96" CONTENT="säkring"/><SP WIDTH="16" VPOS="933" HPOS="320"/>
							<String ID="string_39" HPOS="336" VPOS="933" WIDTH="89" HEIGHT="29" WC="0.96" CONTENT="skall"/><SP WIDTH="17" VPOS="933" HPOS="425"/>
							<String ID="string_40" HPOS="442" VPOS="932" WIDTH="133" HEIGHT="30" WC="0.96" CONTENT="erhålla"/><SP WIDTH="14" VPOS="932" HPOS="575"/>
							<String ID="string_41" HPOS="589" VPOS="931" WIDTH="135" HEIGHT="30" WC="0.96" CONTENT="ändrad"/><SP WIDTH="15" VPOS="931" HPOS="724"/>
							<String ID="string_42" HPOS="739" VPOS="930" WIDTH="131" HEIGHT="40" WC="0.96" CONTENT="lydelse"/><SP WIDTH="14" VPOS="930" HPOS="870"/>
							<String ID="string_43" HPOS="884" VPOS="930" WIDTH="45" HEIGHT="40" WC="0.96" CONTENT="på"/><SP WIDTH="14" VPOS="930" HPOS="929"/>
							<String ID="string_44" HPOS="943" VPOS="931" WIDTH="70" HEIGHT="29" WC="0.96" CONTENT="sätt"/><SP WIDTH="13" VPOS="931" HPOS="1013"/>
							<String ID="string_45" HPOS="1026" VPOS="929" WIDTH="116" HEIGHT="30" WC="0.93" CONTENT="nedan"/><SP WIDTH="15" VPOS="929" HPOS="1142"/>
							<String ID="string_46" HPOS="1157" VPOS="929" WIDTH="152" HEIGHT="39" WC="0.90" CONTENT="angives."/>
						</TextLine>
					</TextBlock>
				</ComposedBlock>
				<ComposedBlock ID="cblock_5" HPOS="220" VPOS="1016" WIDTH="1450" HEIGHT="855">
					<TextBlock ID="block_5" HPOS="220" VPOS="1016" WIDTH="1283" HEIGHT="160">
						<TextLine ID="line_8" HPOS="337" VPOS="1016" WIDTH="1166" HEIGHT="45">
							<String ID="string_47" HPOS="337" VPOS="1021" WIDTH="226" HEIGHT="36" WC="0.96" CONTENT="(Nuvarande"/><SP WIDTH="16" VPOS="1021" HPOS="563"/>
							<String ID="string_48" HPOS="579" VPOS="1020" WIDTH="148" HEIGHT="41" WC="0.96" CONTENT="lydelse)"/><SP WIDTH="384" VPOS="1020" HPOS="727"/>
							<String ID="string_49" HPOS="1111" VPOS="1018" WIDTH="227" HEIGHT="39" WC="0.96" CONTENT="(Föreslagen"/><SP WIDTH="17" VPOS="1018" HPOS="1338"/>
							<String ID="string_50" HPOS="1355" VPOS="1016" WIDTH="148" HEIGHT="41" WC="0.96" CONTENT="lydelse)"/>
						</TextLine>
						<TextLine ID="line_9" HPOS="871" VPOS="1072" WIDTH="95" HEIGHT="36">
							<String ID="string_51" HPOS="871" VPOS="1073" WIDTH="40" HEIGHT="30" WC="0.96" CONTENT="37"/><SP WIDTH="26" VPOS="1073" HPOS="911"/>
							<String ID="string_52" HPOS="937" VPOS="1072" WIDTH="29" HEIGHT="36" WC="0.77" CONTENT="8."/>
						</TextLine>
						<TextLine ID="line_10" HPOS="220" VPOS="1132" WIDTH="1118" HEIGHT="44">
							<String ID="string_53" HPOS="220" VPOS="1137" WIDTH="475" HEIGHT="39" WC="0.91" CONTENT="Försäkringsinrättningen"/><SP WIDTH="19" VPOS="1137" HPOS="695"/>
							<String ID="string_54" HPOS="714" VPOS="1136" WIDTH="80" HEIGHT="39" WC="0.93" CONTENT="äger"/><SP WIDTH="15" VPOS="1136" HPOS="794"/>
							<String ID="string_55" HPOS="809" VPOS="1153" WIDTH="45" HEIGHT="3" WC="0.93" CONTENT="—"/><SP WIDTH="16" VPOS="1153" HPOS="854"/>
							<String ID="string_56" HPOS="870" VPOS="1152" WIDTH="44" HEIGHT="4" WC="0.92" CONTENT="—"/><SP WIDTH="14" VPOS="1152" HPOS="914"/>
							<String ID="string_57" HPOS="928" VPOS="1152" WIDTH="45" HEIGHT="4" WC="0.91" CONTENT="—"/><SP WIDTH="17" VPOS="1152" HPOS="973"/>
							<String ID="string_58" HPOS="990" VPOS="1135" WIDTH="11" HEIGHT="28" WC="0.93" CONTENT="i"/><SP WIDTH="18" VPOS="1135" HPOS="1001"/>
							<String ID="string_59" HPOS="1019" VPOS="1132" WIDTH="319" HEIGHT="31" WC="0.91" CONTENT="naturaförmåner."/>
						</TextLine>
					</TextBlock>
					<TextBlock ID="block_6" HPOS="946" VPOS="1193" WIDTH="724" HEIGHT="678">
						<TextLine ID="line_11" HPOS="991" VPOS="1193" WIDTH="676" HEIGHT="42">
							<String ID="string_60" HPOS="991" VPOS="1197" WIDTH="50" HEIGHT="30" WC="0.95" CONTENT="På"/><SP WIDTH="34" VPOS="1197" HPOS="1041"/>
							<String ID="string_61" HPOS="1075" VPOS="1195" WIDTH="263" HEIGHT="40" WC="0.95" CONTENT="framställning"/><SP WIDTH="32" VPOS="1195" HPOS="1338"/>
							<String ID="string_62" HPOS="1370" VPOS="1203" WIDTH="42" HEIGHT="21" WC="0.93" CONTENT="av"/><SP WIDTH="33" VPOS="1203" HPOS="1412"/>
							<String ID="string_63" HPOS="1445" VPOS="1193" WIDTH="222" HEIGHT="41" WC="0.91" CONTENT="nykterhets-"/>
						</TextLine>
						<TextLine ID="line_12" HPOS="946" VPOS="1246" WIDTH="720" HEIGHT="42">
							<String ID="string_64" HPOS="946" VPOS="1250" WIDTH="135" HEIGHT="29" WC="0.96" CONTENT="nämnd"/><SP WIDTH="21" VPOS="1250" HPOS="1081"/>
							<String ID="string_65" HPOS="1102" VPOS="1250" WIDTH="82" HEIGHT="38" WC="0.93" CONTENT="äger"/><SP WIDTH="21" VPOS="1250" HPOS="1184"/>
							<String ID="string_66" HPOS="1205" VPOS="1246" WIDTH="461" HEIGHT="42" WC="0.91" CONTENT="försäkringsinrättningen"/>
						</TextLine>
						<TextLine ID="line_13" HPOS="950" VPOS="1300" WIDTH="717" HEIGHT="41">
							<String ID="string_67" HPOS="950" VPOS="1303" WIDTH="145" HEIGHT="37" WC="0.96" CONTENT="besluta,"/><SP WIDTH="18" VPOS="1303" HPOS="1095"/>
							<String ID="string_68" HPOS="1113" VPOS="1304" WIDTH="52" HEIGHT="28" WC="0.96" CONTENT="att"/><SP WIDTH="16" VPOS="1304" HPOS="1165"/>
							<String ID="string_69" HPOS="1181" VPOS="1301" WIDTH="240" HEIGHT="40" WC="0.95" CONTENT="sjukpenning"/><SP WIDTH="16" VPOS="1301" HPOS="1421"/>
							<String ID="string_70" HPOS="1437" VPOS="1301" WIDTH="110" HEIGHT="39" WC="0.92" CONTENT="jämte"/><SP WIDTH="20" VPOS="1301" HPOS="1547"/>
							<String ID="string_71" HPOS="1567" VPOS="1300" WIDTH="100" HEIGHT="30" WC="0.92" CONTENT="barn-"/>
						</TextLine>
						<TextLine ID="line_14" HPOS="951" VPOS="1353" WIDTH="718" HEIGHT="43">
							<String ID="string_72" HPOS="951" VPOS="1356" WIDTH="118" HEIGHT="40" WC="0.95" CONTENT="tillägg"/><SP WIDTH="36" VPOS="1356" HPOS="1069"/>
							<String ID="string_73" HPOS="1105" VPOS="1354" WIDTH="266" HEIGHT="31" WC="0.95" CONTENT="tillkommande"/><SP WIDTH="34" VPOS="1354" HPOS="1371"/>
							<String ID="string_74" HPOS="1405" VPOS="1354" WIDTH="78" HEIGHT="37" WC="0.96" CONTENT="den,"/><SP WIDTH="35" VPOS="1354" HPOS="1483"/>
							<String ID="string_75" HPOS="1518" VPOS="1363" WIDTH="76" HEIGHT="20" WC="0.95" CONTENT="som"/><SP WIDTH="35" VPOS="1363" HPOS="1594"/>
							<String ID="string_76" HPOS="1629" VPOS="1353" WIDTH="40" HEIGHT="30" WC="0.96" CONTENT="är"/>
						</TextLine>
						<TextLine ID="line_15" HPOS="948" VPOS="1405" WIDTH="719" HEIGHT="43">
							<String ID="string_77" HPOS="948" VPOS="1409" WIDTH="192" HEIGHT="39" WC="0.91" CONTENT="hemfallen"/><SP WIDTH="36" VPOS="1409" HPOS="1140"/>
							<String ID="string_78" HPOS="1176" VPOS="1409" WIDTH="36" HEIGHT="29" WC="0.96" CONTENT="åt"/><SP WIDTH="33" VPOS="1409" HPOS="1212"/>
							<String ID="string_79" HPOS="1245" VPOS="1406" WIDTH="323" HEIGHT="32" WC="0.94" CONTENT="alkoholmissbruk"/><SP WIDTH="35" VPOS="1406" HPOS="1568"/>
							<String ID="string_80" HPOS="1603" VPOS="1405" WIDTH="64" HEIGHT="30" WC="0.94" CONTENT="och"/>
						</TextLine>
						<TextLine ID="line_16" HPOS="950" VPOS="1459" WIDTH="718" HEIGHT="42">
							<String ID="string_81" HPOS="950" VPOS="1461" WIDTH="221" HEIGHT="40" WC="0.96" CONTENT="beträffande"/><SP WIDTH="16" VPOS="1461" HPOS="1171"/>
							<String ID="string_82" HPOS="1187" VPOS="1461" WIDTH="115" HEIGHT="30" WC="0.96" CONTENT="vilken"/><SP WIDTH="14" VPOS="1461" HPOS="1302"/>
							<String ID="string_83" HPOS="1316" VPOS="1460" WIDTH="185" HEIGHT="40" WC="0.93" CONTENT="föreligger"/><SP WIDTH="14" VPOS="1460" HPOS="1501"/>
							<String ID="string_84" HPOS="1515" VPOS="1459" WIDTH="153" HEIGHT="30" WC="0.92" CONTENT="omstän-"/>
						</TextLine>
						<TextLine ID="line_17" HPOS="951" VPOS="1513" WIDTH="717" HEIGHT="42">
							<String ID="string_85" HPOS="951" VPOS="1515" WIDTH="119" HEIGHT="40" WC="0.96" CONTENT="dighet"/><SP WIDTH="16" VPOS="1515" HPOS="1070"/>
							<String ID="string_86" HPOS="1086" VPOS="1515" WIDTH="11" HEIGHT="29" WC="0.96" CONTENT="i"/><SP WIDTH="15" VPOS="1515" HPOS="1097"/>
							<String ID="string_87" HPOS="1112" VPOS="1514" WIDTH="113" HEIGHT="40" WC="0.96" CONTENT="övrigt"/><SP WIDTH="15" VPOS="1514" HPOS="1225"/>
							<String ID="string_88" HPOS="1240" VPOS="1523" WIDTH="76" HEIGHT="21" WC="0.96" CONTENT="som"/><SP WIDTH="17" VPOS="1523" HPOS="1316"/>
							<String ID="string_89" HPOS="1333" VPOS="1513" WIDTH="11" HEIGHT="30" WC="0.95" CONTENT="i"/><SP WIDTH="17" VPOS="1513" HPOS="1344"/>
							<String ID="string_90" HPOS="1361" VPOS="1514" WIDTH="40" HEIGHT="30" WC="0.96" CONTENT="15"/><SP WIDTH="17" VPOS="1514" HPOS="1401"/>
							<String ID="string_91" HPOS="1418" VPOS="1513" WIDTH="15" HEIGHT="37" WC="0.60" CONTENT="8"/><SP WIDTH="18" VPOS="1513" HPOS="1433"/>
							<String ID="string_92" HPOS="1451" VPOS="1513" WIDTH="112" HEIGHT="39" WC="0.93" CONTENT="första"/><SP WIDTH="16" VPOS="1513" HPOS="1563"/>
							<String ID="string_93" HPOS="1579" VPOS="1514" WIDTH="89" HEIGHT="37" WC="0.93" CONTENT="styc-"/>
						</TextLine>
						<TextLine ID="line_18" HPOS="951" VPOS="1565" WIDTH="717" HEIGHT="42">
							<String ID="string_94" HPOS="951" VPOS="1569" WIDTH="60" HEIGHT="29" WC="0.96" CONTENT="ket"/><SP WIDTH="28" VPOS="1569" HPOS="1011"/>
							<String ID="string_95" HPOS="1039" VPOS="1568" WIDTH="100" HEIGHT="39" WC="0.96" CONTENT="lagen"/><SP WIDTH="30" VPOS="1568" HPOS="1139"/>
							<String ID="string_96" HPOS="1169" VPOS="1576" WIDTH="56" HEIGHT="21" WC="0.93" CONTENT="om"/><SP WIDTH="30" VPOS="1576" HPOS="1225"/>
							<String ID="string_97" HPOS="1255" VPOS="1565" WIDTH="295" HEIGHT="41" WC="0.92" CONTENT="nykterhetsvård"/><SP WIDTH="29" VPOS="1565" HPOS="1550"/>
							<String ID="string_98" HPOS="1579" VPOS="1566" WIDTH="89" HEIGHT="38" WC="0.96" CONTENT="sägs,"/>
						</TextLine>
						<TextLine ID="line_19" HPOS="950" VPOS="1619" WIDTH="720" HEIGHT="39">
							<String ID="string_99" HPOS="950" VPOS="1621" WIDTH="93" HEIGHT="30" WC="0.96" CONTENT="skall"/><SP WIDTH="24" VPOS="1621" HPOS="1043"/>
							<String ID="string_100" HPOS="1067" VPOS="1620" WIDTH="172" HEIGHT="30" WC="0.96" CONTENT="utbetalas"/><SP WIDTH="26" VPOS="1620" HPOS="1239"/>
							<String ID="string_101" HPOS="1265" VPOS="1620" WIDTH="53" HEIGHT="29" WC="0.96" CONTENT="till"/><SP WIDTH="23" VPOS="1620" HPOS="1318"/>
							<String ID="string_102" HPOS="1341" VPOS="1619" WIDTH="208" HEIGHT="30" WC="0.93" CONTENT="kommunal"/><SP WIDTH="21" VPOS="1619" HPOS="1549"/>
							<String ID="string_103" HPOS="1570" VPOS="1627" WIDTH="100" HEIGHT="31" WC="0.91" CONTENT="myn-"/>
						</TextLine>
						<TextLine ID="line_20" HPOS="952" VPOS="1672" WIDTH="717" HEIGHT="41">
							<String ID="string_104" HPOS="952" VPOS="1674" WIDTH="118" HEIGHT="39" WC="0.96" CONTENT="dighet"/><SP WIDTH="17" VPOS="1674" HPOS="1070"/>
							<String ID="string_105" HPOS="1087" VPOS="1674" WIDTH="83" HEIGHT="29" WC="0.96" CONTENT="eller"/><SP WIDTH="16" VPOS="1674" HPOS="1170"/>
							<String ID="string_106" HPOS="1186" VPOS="1673" WIDTH="66" HEIGHT="30" WC="0.93" CONTENT="den"/><SP WIDTH="18" VPOS="1673" HPOS="1252"/>
							<String ID="string_107" HPOS="1270" VPOS="1672" WIDTH="399" HEIGHT="39" WC="0.92" CONTENT="ersättningsberättiga-"/>
						</TextLine>
						<TextLine ID="line_21" HPOS="951" VPOS="1726" WIDTH="718" HEIGHT="39">
							<String ID="string_108" HPOS="951" VPOS="1727" WIDTH="60" HEIGHT="30" WC="0.96" CONTENT="des"/><SP WIDTH="20" VPOS="1727" HPOS="1011"/>
							<String ID="string_109" HPOS="1031" VPOS="1727" WIDTH="103" HEIGHT="30" WC="0.96" CONTENT="make"/><SP WIDTH="21" VPOS="1727" HPOS="1134"/>
							<String ID="string_110" HPOS="1155" VPOS="1726" WIDTH="83" HEIGHT="30" WC="0.96" CONTENT="eller"/><SP WIDTH="18" VPOS="1726" HPOS="1238"/>
							<String ID="string_111" HPOS="1256" VPOS="1735" WIDTH="117" HEIGHT="21" WC="0.96" CONTENT="annan"/><SP WIDTH="19" VPOS="1735" HPOS="1373"/>
							<String ID="string_112" HPOS="1392" VPOS="1734" WIDTH="128" HEIGHT="31" WC="0.95" CONTENT="person"/><SP WIDTH="17" VPOS="1734" HPOS="1520"/>
							<String ID="string_113" HPOS="1537" VPOS="1726" WIDTH="55" HEIGHT="29" WC="0.93" CONTENT="att"/><SP WIDTH="18" VPOS="1726" HPOS="1592"/>
							<String ID="string_114" HPOS="1610" VPOS="1733" WIDTH="59" HEIGHT="21" WC="0.90" CONTENT="an-"/>
						</TextLine>
						<TextLine ID="line_22" HPOS="952" VPOS="1777" WIDTH="718" HEIGHT="40">
							<String ID="string_115" HPOS="952" VPOS="1780" WIDTH="131" HEIGHT="30" WC="0.96" CONTENT="vändas"/><SP WIDTH="25" VPOS="1780" HPOS="1083"/>
							<String ID="string_116" HPOS="1108" VPOS="1779" WIDTH="52" HEIGHT="31" WC="0.96" CONTENT="till"/><SP WIDTH="21" VPOS="1779" HPOS="1160"/>
							<String ID="string_117" HPOS="1181" VPOS="1779" WIDTH="66" HEIGHT="30" WC="0.93" CONTENT="den"/><SP WIDTH="23" VPOS="1779" HPOS="1247"/>
							<String ID="string_118" HPOS="1270" VPOS="1777" WIDTH="400" HEIGHT="40" WC="0.92" CONTENT="ersättningsberättiga-"/>
						</TextLine>
						<TextLine ID="line_23" HPOS="952" VPOS="1830" WIDTH="653" HEIGHT="41">
							<String ID="string_119" HPOS="952" VPOS="1833" WIDTH="59" HEIGHT="29" WC="0.96" CONTENT="des"/><SP WIDTH="24" VPOS="1833" HPOS="1011"/>
							<String ID="string_120" HPOS="1035" VPOS="1832" WIDTH="83" HEIGHT="30" WC="0.96" CONTENT="eller"/><SP WIDTH="21" VPOS="1832" HPOS="1118"/>
							<String ID="string_121" HPOS="1139" VPOS="1832" WIDTH="90" HEIGHT="29" WC="0.95" CONTENT="hans"/><SP WIDTH="22" VPOS="1832" HPOS="1229"/>
							<String ID="string_122" HPOS="1251" VPOS="1831" WIDTH="135" HEIGHT="40" WC="0.96" CONTENT="familjs"/><SP WIDTH="24" VPOS="1831" HPOS="1386"/>
							<String ID="string_123" HPOS="1410" VPOS="1830" WIDTH="195" HEIGHT="40" WC="0.96" CONTENT="uppehälle."/>
						</TextLine>
					</TextBlock>
				</ComposedBlock>
				<GraphicalElement ID="cblock_6" HPOS="1248" VPOS="1895" WIDTH="130" HEIGHT="4"></GraphicalElement >
				<ComposedBlock ID="cblock_7" HPOS="951" VPOS="1941" WIDTH="715" HEIGHT="95">
					<TextBlock ID="block_7" HPOS="951" VPOS="1941" WIDTH="715" HEIGHT="95">
						<TextLine ID="line_24" HPOS="996" VPOS="1941" WIDTH="670" HEIGHT="40">
							<String ID="string_124" HPOS="996" VPOS="1945" WIDTH="123" HEIGHT="28" WC="0.96" CONTENT="Denna"/><SP WIDTH="32" VPOS="1945" HPOS="1119"/>
							<String ID="string_125" HPOS="1151" VPOS="1943" WIDTH="55" HEIGHT="38" WC="0.96" CONTENT="lag"/><SP WIDTH="33" VPOS="1943" HPOS="1206"/>
							<String ID="string_126" HPOS="1239" VPOS="1942" WIDTH="115" HEIGHT="29" WC="0.96" CONTENT="träder"/><SP WIDTH="31" VPOS="1942" HPOS="1354"/>
							<String ID="string_127" HPOS="1385" VPOS="1943" WIDTH="11" HEIGHT="29" WC="0.96" CONTENT="i"/><SP WIDTH="29" VPOS="1943" HPOS="1396"/>
							<String ID="string_128" HPOS="1425" VPOS="1941" WIDTH="97" HEIGHT="40" WC="0.96" CONTENT="kraft"/><SP WIDTH="30" VPOS="1941" HPOS="1522"/>
							<String ID="string_129" HPOS="1552" VPOS="1941" WIDTH="65" HEIGHT="29" WC="0.95" CONTENT="den"/><SP WIDTH="35" VPOS="1941" HPOS="1617"/>
							<String ID="string_130" HPOS="1652" VPOS="1941" WIDTH="14" HEIGHT="28" WC="0.95" CONTENT="1"/>
						</TextLine>
						<TextLine ID="line_25" HPOS="951" VPOS="1996" WIDTH="260" HEIGHT="40">
							<String ID="string_131" HPOS="951" VPOS="1996" WIDTH="144" HEIGHT="40" WC="0.96" CONTENT="januari"/><SP WIDTH="21" VPOS="1996" HPOS="1095"/>
							<String ID="string_132" HPOS="1116" VPOS="1996" WIDTH="95" HEIGHT="30" WC="0.96" CONTENT="1961."/>
						</TextLine>
					</TextBlock>
				</ComposedBlock>
				<ComposedBlock ID="cblock_8" HPOS="185" VPOS="2552" WIDTH="1260" HEIGHT="44">
					<TextBlock ID="block_8" HPOS="185" VPOS="2552" WIDTH="1260" HEIGHT="44">
						<TextLine ID="line_26" HPOS="185" VPOS="2552" WIDTH="1260" HEIGHT="44">
							<String ID="string_133" HPOS="185" VPOS="2560" WIDTH="37" HEIGHT="28" WC="0.0" CONTENT="1+«"/><SP WIDTH="27" VPOS="2560" HPOS="222"/>
							<String ID="string_134" HPOS="249" VPOS="2577" WIDTH="20" HEIGHT="2" WC="0.91" CONTENT="—"/><SP WIDTH="5" VPOS="2577" HPOS="269"/>
							<String ID="string_135" HPOS="274" VPOS="2558" WIDTH="151" HEIGHT="38" WC="0.88" CONTENT="Bihang"/><SP WIDTH="21" VPOS="2558" HPOS="425"/>
							<String ID="string_136" HPOS="446" VPOS="2557" WIDTH="51" HEIGHT="29" WC="0.96" CONTENT="till"/><SP WIDTH="18" VPOS="2557" HPOS="497"/>
							<String ID="string_137" HPOS="515" VPOS="2557" WIDTH="205" HEIGHT="38" WC="0.96" CONTENT="riksdagens"/><SP WIDTH="19" VPOS="2557" HPOS="720"/>
							<String ID="string_138" HPOS="739" VPOS="2554" WIDTH="175" HEIGHT="41" WC="0.96" CONTENT="protokoll"/><SP WIDTH="20" VPOS="2554" HPOS="914"/>
							<String ID="string_139" HPOS="934" VPOS="2554" WIDTH="94" HEIGHT="30" WC="0.92" CONTENT="1960."/><SP WIDTH="19" VPOS="2554" HPOS="1028"/>
							<String ID="string_140" HPOS="1047" VPOS="2554" WIDTH="19" HEIGHT="29" WC="0.92" CONTENT="9"/><SP WIDTH="19" VPOS="2554" HPOS="1066"/>
							<String ID="string_141" HPOS="1085" VPOS="2553" WIDTH="100" HEIGHT="29" WC="0.96" CONTENT="saml."/><SP WIDTH="19" VPOS="2553" HPOS="1185"/>
							<String ID="string_142" HPOS="1204" VPOS="2553" WIDTH="19" HEIGHT="29" WC="0.95" CONTENT="2"/><SP WIDTH="19" VPOS="2553" HPOS="1223"/>
							<String ID="string_143" HPOS="1242" VPOS="2552" WIDTH="76" HEIGHT="30" WC="0.95" CONTENT="avd."/><SP WIDTH="19" VPOS="2552" HPOS="1318"/>
							<String ID="string_144" HPOS="1337" VPOS="2552" WIDTH="48" HEIGHT="28" WC="0.96" CONTENT="Nr"/><SP WIDTH="19" VPOS="2552" HPOS="1385"/>
							<String ID="string_145" HPOS="1404" VPOS="2552" WIDTH="41" HEIGHT="28" WC="0.96" CONTENT="36"/>
						</TextLine>
					</TextBlock>
				</ComposedBlock>
			</PrintSpace>
		</Page>
	</Layout>
</alto>
