1876 2800
443 163 119 31 Andra
584 164 248 39 lagutskottets
855 166 185 32 utlåtande
1055 177 44 21 nr
1119 169 20 30 3
1159 169 40 30 år
1221 169 84 31 1955
1606 173 14 29 1

794 451 58 39 Nr
877 451 24 40 3

332 566 185 31 Utlåtande
537 570 12 29 i
565 568 190 41 anledning
772 579 43 21 av
834 570 122 31 väckta
974 572 174 30 motioner
1165 573 80 30 med
1262 574 133 40 förslag
1413 574 53 30 till
1483 574 56 41 lag
1555 584 55 21 om

553 619 187 39 förkortad
754 620 174 33 ordinarie
944 622 171 31 arbetstid
1128 623 57 41 för
1199 624 234 40 arbetstagare
1449 627 81 29 med
1544 627 72 29 sär-

554 669 85 30 skilt
652 670 226 40 påfrestande
894 672 84 31 eller
989 673 223 41 hälsofarligt
1228 675 127 30 arbete.

154 766 118 32 Andra
288 768 228 39 lagutskottet
532 770 65 30 har
615 770 51 30 till
684 771 214 41 behandling
913 773 154 31 förehaft
1085 775 57 30 två
1158 775 96 30 inom
1270 776 187 40 riksdagen
1475 778 134 37 väckta,

112 816 51 30 till
181 817 192 40 lagutskott
391 819 191 32 hänvisade
601 822 182 35 motioner,
804 832 42 21 nr
865 823 20 30 4
903 823 11 30 i
934 824 112 31 första
1064 825 205 32 kammaren
1288 836 43 22 av
1350 828 81 30 herr
1449 824 162 46 Persson,

109 866 150 39 Helmer,
282 870 64 29 och
367 870 81 30 herr
469 871 147 40 Norling
637 874 90 28 samt
749 882 42 20 nr
814 873 19 30 4
855 874 11 29 i
889 875 109 31 andra
1022 876 207 32 kammaren
1251 887 42 22 av
1315 878 80 31 herr
1417 879 161 40 Hagberg
1601 880 10 29 i

109 918 200 31 Stockholm
323 928 49 22 mm.
388 920 39 40 fl.

155 969 12 29 I
192 969 229 36 motionerna,
446 972 95 31 vilka
566 974 39 28 är
631 973 234 41 likalydande,
892 976 63 30 har
980 977 208 37 hemställts,
1214 981 50 28 att
1288 980 188 40 riksdagen
1502 982 109 30 måtte

109 1020 126 39 antaga
252 1020 157 40 följande
427 1022 131 41 förslag
576 1023 53 30 till

819 1187 75 45 Lag

220 1270 61 21 om
302 1258 186 35 förkortad
510 1261 180 35 ordinarie
711 1263 170 34 arbetstid
902 1264 58 34 för
981 1265 240 45 arbetstagare
1242 1268 82 33 med
1345 1269 144 34 särskilt

490 1328 224 43 påfrestande
736 1330 85 33 eller
842 1331 222 45 hälsofarligt
1086 1334 131 34 arbete.

148 1430 210 40 Härigenom
376 1432 186 32 förordnas
580 1443 75 21 som
672 1435 120 40 följer:

820 1520 16 36 $
862 1521 28 29 1.

148 1581 13 29 I
180 1582 40 29 de
239 1582 72 34 fall,
330 1592 120 21 varom
469 1583 10 29 i
498 1585 114 30 denna
634 1586 54 39 lag
707 1587 150 39 stadgas,
878 1589 97 30 skola
994 1599 57 20 om
1069 1590 279 42 begränsningen
1367 1603 43 21 av
1427 1594 68 29 den
1515 1595 90 29 ordi-

102 1632 96 29 narie
222 1633 212 31 arbetstiden
459 1635 107 40 enligt
590 1636 177 31 allmänna
792 1639 289 41 arbetstidslagen
1106 1642 90 39 gälla
1221 1644 113 29 nedan
1358 1644 149 40 angivna
1534 1647 70 28 sär-

102 1681 113 31 skilda
233 1682 272 33 bestämmelser.

816 1772 69 37 82

144 1832 49 30 De
211 1834 10 28 i
240 1834 178 31 allmänna
437 1836 289 41 arbetstidslagen
745 1840 148 30 rörande
911 1841 279 41 begränsningen
1210 1855 40 20 av
1271 1846 65 29 den
1356 1846 174 31 ordinarie
1550 1857 53 20 ar-

100 1882 172 31 betstiden
296 1885 149 39 angivna
469 1886 240 40 tidrymderna
733 1889 20 30 å
776 1889 42 30 48
842 1891 63 29 och
929 1891 40 29 96
993 1891 142 32 timmar
1160 1895 98 30 skola
1280 1896 10 28 i
1315 1897 113 29 stället
1451 1907 82 21 vara
1560 1898 41 30 40

100 1933 193 39 respektive
313 1934 40 30 80
373 1935 141 30 timmar
532 1937 221 31 beträffande

144 1983 35 34 a)
210 1984 115 30 arbete
351 1986 110 29 under
481 1987 81 38 jord
586 1988 10 28 i
618 1996 107 31 gruva
746 1990 83 30 eller
852 1991 170 30 stenbrott
1044 1994 82 29 eller
1149 1995 55 30 vid
1226 1997 210 40 anläggning
1460 2008 42 21 av
1524 2001 77 27 tun-

99 2033 72 35 nel;

143 2084 37 33 b)
211 2085 115 30 arbete
349 2086 10 28 i
381 2087 182 38 gjuterier;

143 2134 34 33 c)
207 2136 115 29 arbete
350 2145 74 21 som
451 2139 78 28 med
557 2139 234 39 regelbunden
820 2142 268 42 skiftindelning
1116 2146 156 33 bedrives
1300 2149 127 39 dygnet
1456 2153 96 33 runt;

143 2185 38 32 d)
211 2185 116 30 arbete
347 2196 74 20 som
442 2187 107 31 minst
570 2189 18 28 3
611 2189 140 31 timmar
772 2192 38 29 är
832 2193 127 38 förlagt
980 2194 52 29 till
1054 2196 128 30 mellan
1203 2198 46 30 kl.
1271 2199 39 28 23
1331 2200 64 29 och
1416 2201 34 34 9;

141 2234 33 33 e)
205 2235 115 29 arbete
346 2237 8 28 i
377 2237 107 29 vilket
510 2239 261 39 arbetstagaren
796 2244 147 29 utsättes
968 2244 54 29 för
1047 2246 320 42 röntgenstrålning
1392 2251 82 29 eller
1500 2253 99 29 strål-

96 2284 84 37 ning
205 2284 77 30 från
311 2287 210 31 radioaktivt
549 2290 101 30 ämne
678 2290 9 28 i
715 2291 108 30 sådan
852 2293 213 40 omfattning
1092 2305 74 20 som
1193 2298 70 30 kan
1289 2299 167 32 innebära
1484 2302 113 30 hälso-

96 2334 91 34 fara;

141 2384 29 34 f)
201 2385 114 30 arbete
341 2396 74 20 som
442 2388 133 30 utföres
601 2400 41 19 av
667 2390 268 39 sjuksköterska
961 2394 19 30 å
1006 2395 178 39 kirurgisk
1211 2400 386 42 operationsavdelning

95 2434 56 29 vid
175 2436 150 29 normal-
350 2437 82 29 eller
454 2440 293 35 centrallasarett;

128 2499 10 25 1
181 2501 110 31 Bihang
309 2503 47 23 till
374 2504 168 30 riksdagens
561 2507 147 29 protckoll
729 2508 73 23 1955.
822 2509 15 23 9
854 2509 83 24 saml.
956 2512 14 23 2
989 2512 63 23 avd.
1070 2513 39 23 Nr
1123 2516 15 22 3
