1888 2780
241 176 61 31 116
563 176 388 31 Jordbruksutskottets
973 177 178 32 utlåtande
1173 188 43 20 nr
1237 180 15 29 1
1275 178 39 30 år
1335 179 84 30 1958

1020 262 262 39 Avlöningsstat

557 320 27 29 1.
610 319 212 40 Avlöningar
848 321 52 30 till
925 321 178 31 ordinarie
1129 322 227 40 tjänstemän,
1381 323 167 40 förslags-

608 369 50 31 DS
689 392 854 11 oeeerereterererrrerrerr
1182 365 69 50 ers
1272 365 32 50 rr
1316 365 32 50 rr
1360 365 32 50 RR
1404 365 32 50 rr
1447 365 98 50 RAA
1608 373 62 30 732
1684 373 64 32 600

554 420 29 30 2.
608 420 160 30 Arvoden
796 421 66 29 och
889 422 175 30 särskilda
1091 422 245 40 ersättningar,
1363 422 184 32 bestämda

608 479 42 21 av
673 471 126 39 Kungl.
825 471 115 39 Maj:t,
965 471 204 40 förslagsvis
1199 495 342 9 osssvsssesserr
1507 467 36 48 ers
1682 474 64 30 400

553 521 30 30 3.
609 521 212 40 Avlöningar
838 522 52 30 till
907 523 164 38 personal
1089 522 54 30 för
1161 523 174 30 särskilda
1354 524 192 30 undersök-

607 571 134 39 ningar,
765 571 206 40 förslagsvis
1026 595 516 9 ossseseseserererr
1402 567 53 49 rer
1466 567 81 49 red
1608 575 58 29 151
1683 574 64 31 900

555 620 31 31 4.
610 621 213 40 Avlöningar
856 622 52 30 till
941 623 98 39 övrig
1070 623 269 30 icke-ordinarie
1371 624 175 40 personal,

606 670 204 41 förslagsvis
848 695 695 9 Lssseseerseserseerrrrsr
1312 666 33 51 rr
1357 666 33 51 rr
1402 666 32 51 rs
1446 666 33 51 er
1491 666 55 51 sea
1576 675 94 30 1312
1684 674 64 31 300

551 721 30 30 5.
607 721 132 40 Rörligt
758 721 128 40 tillägg,
903 722 206 40 förslagsvis
1129 745 412 10 ................-+>
1605 724 63 31 320
1683 724 64 31 300

1252 791 142 30 Summa
1415 791 132 30 kronor
1572 792 18 30 2
1605 792 62 30 517
1682 792 63 30 500

596 855 34 34 e)
674 855 54 31 till
765 855 139 30 Statens
933 856 392 31 veterinärmedicinska
1353 858 148 30 anstalt:
1531 858 215 40 Avlöningar

552 905 55 30 för
624 905 203 41 budgetåret
848 906 150 36 1958/59
1017 907 119 30 anvisa
1155 909 48 30 ett
1222 907 274 41 förslagsanslag
1515 918 43 20 av
1572 909 18 29 2
1604 909 61 30 517
1681 909 63 31 500

549 955 140 31 kronor.

285 1081 98 35 91:0)
410 1082 136 30 Statens
570 1082 386 31 veterinärmedicinska
981 1084 142 30 anstalt:
1150 1084 263 30 Omkostnader.
1439 1085 120 30 Under
1583 1085 159 39 punkten

242 1131 60 31 101
328 1131 43 35 (s.
389 1131 194 36 338—341)
605 1132 66 31 har
688 1133 127 39 Kungl.
834 1133 106 40 Maj:t
958 1133 180 40 föreslagit
1157 1143 44 21 en
1218 1134 81 30 med
1317 1134 41 31 22
1372 1134 63 31 300
1455 1134 53 30 kr.
1529 1135 54 29 till
1601 1134 62 31 703
1677 1134 64 31 000

240 1182 53 30 kr.
314 1182 212 40 uppräknad
547 1183 330 40 medelsanvisning.

283 1257 397 40 Departementschefen
706 1257 65 31 har
796 1276 45 4 —
866 1258 89 30 efter
983 1258 217 40 redogörelse
1228 1259 55 30 för
1311 1259 342 40 anstaltsstyrelsens
1681 1269 61 20 an-

241 1307 368 41 slagsframställning,
635 1308 237 31 innebärande
897 1308 150 41 höjning
1071 1309 78 30 med
1175 1309 41 30 78
1230 1309 64 31 400
1319 1309 63 37 kr.,
1407 1309 66 30 och
1498 1310 56 30 för
1578 1310 163 40 yttrande

240 1359 147 30 däröver
407 1367 43 21 av
469 1358 255 31 statskontoret
743 1376 45 5 —
806 1359 119 31 anfört
945 1359 12 29 i
977 1359 188 30 huvudsak
1185 1359 169 40 följande.

286 1408 269 41 »Belastningen
576 1417 44 22 av
639 1408 181 41 delposten
841 1409 53 30 till
913 1409 153 36 bränsle,
1087 1409 73 40 lyse
1181 1409 65 30 och
1267 1411 120 29 vatten
1409 1419 103 30 synes
1534 1410 142 40 påkalla
1697 1420 44 21 en

240 1459 224 40 uppräkning
482 1468 43 21 av
541 1459 117 30 denna
674 1460 79 30 med
774 1459 39 30 18
827 1460 62 30 000
907 1460 142 30 kronor.
1067 1460 126 30 Vidare
1211 1461 60 29 vill
1289 1460 59 40 jag
1366 1460 154 35 förorda,
1539 1462 51 29 att
1608 1460 137 41 delpos-

241 1510 58 29 ten
316 1509 52 30 till
384 1509 120 40 övriga
520 1518 168 31 expenser
705 1509 204 40 uppräknas
926 1509 80 31 med
1024 1511 19 30 3
1057 1510 62 31 400
1137 1510 132 31 kronor
1285 1510 45 40 på
1347 1510 113 40 grund
1477 1520 43 22 av
1536 1510 108 40 höjda
1662 1512 80 29 tele-

240 1559 212 40 fonavgifter
472 1569 46 21 m.
538 1569 57 25 m.,
614 1562 123 38 posten
757 1560 51 31 till
827 1560 343 40 publikationstryck
1189 1561 79 30 med
1288 1561 63 30 400
1372 1561 131 31 kronor
1522 1561 12 30 i
1553 1562 190 39 anledning

240 1617 44 22 av
308 1610 111 30 ökade
447 1610 398 40 tryckningskostnader
872 1615 91 27 samt
990 1611 181 40 delposten
1199 1611 53 30 till
1280 1612 87 31 tvätt
1395 1611 65 31 och
1488 1611 77 31 inre
1592 1612 151 30 renhåll-

240 1659 84 40 ning
342 1660 78 30 med
437 1661 18 29 2
471 1661 63 31 000
551 1661 130 30 kronor
699 1661 53 30 till
769 1660 90 40 följd
876 1670 42 21 av
935 1663 79 38 nytt
1030 1661 262 30 kollektivavtal
1309 1661 55 32 för
1383 1662 359 40 städningspersonal.

240 1709 127 31 Utöver
386 1710 67 30 vad
474 1710 60 40 jag
555 1720 48 20 nu
625 1711 179 40 föreslagit
825 1712 39 30 är
883 1711 60 40 jag
965 1713 87 29 även
1073 1712 128 30 beredd
1223 1713 51 28 att
1297 1712 151 35 förorda,
1471 1714 52 29 att
1543 1714 124 38 posten
1691 1712 52 30 till

239 1760 109 40 inköp
370 1760 65 30 och
456 1760 186 31 underhåll
663 1770 42 21 av
725 1761 84 39 djur
830 1761 204 40 uppräknas
1056 1762 78 30 med
1155 1762 39 30 25
1210 1762 63 31 000
1295 1762 140 31 kronor.
1458 1762 27 30 ÄÅ
1507 1762 111 30 andra
1641 1763 101 30 sidan

239 1810 99 31 torde
362 1810 315 41 sjukvårdsposten
701 1811 65 30 och
789 1811 182 39 delposten
995 1811 54 31 till
1073 1811 402 41 förbrukningsartiklar
1499 1812 80 30 med
1603 1813 139 40 hänsyn

240 1860 54 30 till
315 1860 243 40 belastningen
578 1861 121 29 kunna
720 1860 199 31 nedräknas
940 1861 81 30 med
1044 1862 92 30 1500
1157 1862 132 29 kronor
1308 1862 196 40 respektive
1528 1864 39 29 15
1581 1863 62 30 000
1665 1863 79 30 kro-

240 1919 75 21 nor.
330 1911 75 29 Den
417 1910 134 40 yrkade
565 1911 269 40 uppräkningen
848 1920 42 21 av
904 1911 182 40 delposten
1100 1912 52 30 till
1166 1912 109 40 inköp
1290 1912 64 30 och
1369 1912 185 31 underhåll
1569 1922 43 21 av
1625 1913 120 31 inven-

240 1960 108 30 tarier
365 1961 65 29 och
448 1963 193 38 apparatur
658 1961 71 29 kan
746 1961 60 40 jag
823 1961 76 30 icke
917 1961 149 32 biträda.
1086 1963 13 29 I
1118 1962 116 30 stället
1252 1962 98 31 torde
1369 1962 116 31 denna
1504 1963 136 40 delpost
1658 1964 85 30 böra

239 2011 199 30 nedräknas
456 2011 80 30 med
556 2011 39 31 10
610 2011 62 30 000
689 2012 131 29 kronor
836 2011 80 30 med
933 2012 139 40 hänsyn
1091 2012 50 30 till
1159 2014 51 28 att
1227 2015 50 28 ett
1295 2013 280 41 engångsbelopp
1594 2023 42 21 av
1654 2016 88 28 mot-

241 2061 170 30 svarande
432 2061 134 30 storlek
586 2062 183 29 anvisades
791 2061 54 31 för
866 2062 236 31 innevarande
1122 2063 180 39 budgetår.

284 2111 74 30 Vad
378 2111 156 30 härefter
554 2112 108 39 angår
682 2112 265 40 anslagsposten
970 2112 52 31 till
1044 2113 172 30 särskilda
1239 2114 305 40 undersökningar
1565 2116 97 29 torde
1681 2116 60 40 jag

240 2160 38 30 få
296 2161 116 30 erinra
431 2170 57 20 om
507 2163 52 28 att
578 2161 126 40 Kungl.
723 2162 106 39 Maj:t
848 2162 11 29 i
877 2162 115 30 beslut
1012 2162 66 31 den
1101 2163 37 30 13
1159 2164 195 39 september
1374 2164 64 29 och
1459 2164 68 30 den
1548 2165 41 30 20
1609 2165 134 30 decem-

238 2210 62 31 ber
324 2212 80 30 1957
428 2212 177 39 medgivit,
628 2214 50 28 att
700 2221 43 21 av
764 2212 68 30 den
851 2214 12 29 i
885 2214 194 30 anstaltens
1102 2214 300 30 omkostnadsstat
1425 2215 56 31 för
1503 2215 237 30 innevarande

238 2261 170 40 budgetår
432 2264 181 38 upptagna
637 2262 265 40 anslagsposten
928 2263 53 30 till
1007 2264 239 39 nyssnämnda
1272 2264 305 41 undersökningar
1602 2265 56 30 må
1687 2265 54 31 för

238 2311 211 31 bedrivande
471 2321 43 21 av
536 2312 303 40 undersökningar
860 2314 150 30 rörande
1032 2314 224 39 tillverkning
1278 2323 43 21 av
1342 2315 89 29 mul-
1451 2315 67 30 och
1539 2315 203 40 klövsjuke-

242 2361 118 30 vaccin
378 2362 112 30 under
509 2362 96 30 tiden
625 2363 15 29 1
659 2362 67 40 juli
747 2362 170 31 1957—30
935 2362 80 40 juni
1036 2363 83 30 1958
1139 2365 96 38 tagas
1253 2364 12 29 i
1284 2365 154 39 anspråk
1456 2365 149 40 tillhopa
1626 2365 38 31 10
1678 2366 63 30 350

238 2410 141 31 kronor.

284 2462 68 30 För
369 2461 206 40 budgetåret
597 2462 146 37 1958/59
763 2463 62 30 bör
847 2462 116 32 såsom
984 2464 321 39 anstaltsstyrelsen
1326 2465 178 40 föreslagit
1525 2465 111 30 under
1657 2466 84 31 ifrå-
