1892 2786
461 164 388 34 Jordbruksutskottets
871 161 179 32 utlåtande
1071 170 43 21 nr
1135 161 15 30 1
1172 160 40 30 år
1233 159 84 30 1958
1583 156 59 31 107

184 256 13 29 I
223 252 452 42 anslagsframställningen
699 250 64 29 har
790 243 570 43 täckdikningsförsöksnämnden
1386 241 180 31 hemställt
1590 241 52 29 att

138 306 76 30 dels
232 300 661 43 täckdikningsförsöksverksamheten
911 298 89 30 skall
1017 296 169 30 inordnas
1203 295 11 30 i
1231 292 413 32 försöksverksamheten

140 357 11 30 i
168 356 112 40 övrigt
295 355 45 41 på
354 354 227 41 jordbrukets
597 351 142 31 område
755 350 64 30 och
835 348 177 31 definitivt
1028 348 128 38 knytas
1173 345 50 30 till
1240 342 402 40 lantbrukshögskolans

141 407 202 30 institution
364 405 56 30 för
441 403 224 41 agronomisk
686 400 236 41 hydroteknik
945 401 91 28 samt
1057 399 51 28 att
1130 395 177 32 nämnden
1328 393 172 31 ombildas
1521 393 52 30 till
1595 393 49 29 ett

139 457 198 31 beredande
355 464 122 31 organ,
498 454 73 30 dels
593 453 53 31 för
665 451 271 32 verksamheten
957 450 149 29 inrättas
1127 448 92 29 vissa
1240 446 150 40 tjänster
1410 445 57 29 vid
1489 442 154 32 nämnda

141 507 202 32 institution
367 507 65 29 och
456 505 138 30 anvisas
618 504 40 30 74
672 503 63 30 460
758 503 52 29 kr.
834 501 55 30 för
912 500 163 39 avlöning
1098 508 43 20 av
1162 497 218 41 personalen,
1403 495 74 30 dels
1500 494 52 30 till
1576 493 69 30 för-

142 557 355 33 söksverksamheten
519 555 138 30 anvisas
682 553 137 31 112500
841 552 53 30 kr.

185 631 395 43 Departementschefen
599 631 65 29 har
675 647 45 4 —
732 628 88 30 efter
834 629 162 28 närmare
1015 624 217 40 redogörelse
1245 623 55 30 för
1311 619 335 42 anslagsframställ-

143 685 129 40 ningen
294 686 91 27 samt
404 681 164 41 yttrande
590 681 145 30 däröver
756 688 43 21 av
819 678 171 39 styrelsen
1011 676 54 30 för
1086 672 383 40 lantbrukshögskolan
1491 671 65 30 och
1576 671 70 28 sta-

143 738 79 28 tens
242 732 311 33 lantbruksförsök
572 750 43 3 —
636 730 117 31 anfört
775 728 168 40 följande.

191 786 114 30 >Enär
327 785 80 30 hela
432 784 67 29 den
521 782 58 30 vid
603 779 384 40 lantbrukshögskolan
1010 777 65 30 och
1101 778 132 28 statens
1257 771 311 33 lantbruksförsök
1591 770 56 30 be-

142 837 127 30 drivna
291 835 220 38 forsknings-
534 833 64 30 och
621 829 411 33 försöksverksamheten
1052 829 41 29 är
1117 825 146 32 föremål
1287 825 55 30 för
1365 823 189 39 utredning
1576 821 71 30 kan

144 888 62 40 jag
229 886 76 31 icke
329 885 188 40 tillstyrka,
542 885 51 29 att
616 883 70 31 den
708 891 43 21 av
774 876 573 42 täckdikningsförsöksnämnden
1372 874 150 31 utövade
1546 872 100 30 verk-

146 937 184 32 samheten
347 945 49 21 nu
413 935 168 30 inordnas
599 933 11 30 i
627 932 214 41 högskolans
859 929 204 31 institution
1080 927 55 31 för
1154 925 227 42 agronomisk
1397 922 248 42 hydroteknik.

191 989 68 30 För
277 988 67 30 den
362 986 81 31 med
462 985 156 39 anslaget
637 983 152 31 avsedda
806 980 270 32 verksamheten
1095 978 63 30 bör
1177 978 87 29 även
1283 976 56 30 för
1359 976 102 29 nästa
1479 972 170 40 budgetår

147 1039 120 31 finnas
283 1036 210 41 tillgängligt
511 1037 49 29 ett
577 1034 125 40 belopp
720 1042 43 21 av
783 1031 61 31 140
859 1031 63 30 000
941 1031 141 30 kronor.
1102 1027 66 31 Vid
1187 1027 174 40 ingången
1381 1034 44 21 av
1444 1023 205 40 budgetåret

149 1088 151 37 1957/58
318 1087 107 31 fanns
443 1095 43 22 en
506 1083 214 32 reservation
740 1083 20 30 å
778 1082 158 39 anslaget
956 1090 43 21 av
1017 1079 42 31 60
1074 1078 64 31 000
1156 1078 141 38 kronor,
1316 1085 107 21 varav
1442 1075 90 31 dock
1553 1073 97 31 förra

146 1140 94 31 årets
257 1138 143 39 riksdag
415 1137 201 40 disponerat
633 1134 42 31 40
691 1134 62 30 000
771 1133 131 30 kronor
920 1132 56 30 för
993 1128 268 33 verksamheten
1279 1127 112 30 under
1409 1123 241 42 nyssnämnda

146 1189 181 41 budgetår.
347 1188 52 30 Av
418 1186 220 32 återstående
656 1183 215 31 reservation
890 1182 98 30 torde
1008 1180 39 31 15
1062 1179 63 31 000
1144 1180 130 29 kronor
1293 1177 37 31 få
1349 1178 98 38 tagas
1466 1176 12 30 i
1496 1174 155 41 anspråk

147 1240 113 31 under
276 1240 103 30 nästa
391 1237 180 40 budgetår,
586 1234 121 33 varvid
721 1234 158 39 anslaget
894 1232 148 31 sålunda
1058 1230 149 30 behöver
1224 1228 170 41 uppföras
1409 1227 81 30 med
1510 1225 61 31 125
1587 1224 63 31 000

146 1292 162 29 kronor.>

195 1366 186 31 Utskottet.
401 1364 126 39 Kungl.
547 1362 125 40 Maj:ts
691 1360 131 39 förslag
841 1360 112 29 möter
971 1358 104 39 ingen
1094 1356 142 31 erinran
1255 1354 81 30 från
1356 1353 188 31 utskottets
1565 1352 86 29 sida.

148 1417 177 31 Utskottet
346 1414 203 31 hemställer
570 1411 158 35 sålunda,

502 1465 49 29 att
574 1462 188 39 riksdagen
784 1460 58 30 må
865 1460 52 29 till
943 1454 385 42 Täckdikningsförsök
1352 1464 45 20 m.
1420 1463 46 20 m.
1490 1453 55 30 för
1566 1451 87 31 bud-

458 1514 131 40 getåret
609 1512 148 36 1958/59
777 1511 121 30 anvisa
917 1511 48 28 ett
983 1506 357 39 reservationsanslag
1358 1514 41 20 av
1419 1504 60 31 125
1494 1503 62 31 000
1574 1503 79 29 kro-

461 1574 74 21 nor.
