1884 2786
441 160 388 31 Jordbruksutskottets
853 157 178 31 utlåtande
1053 166 42 19 nr
1117 157 14 28 I
1155 156 38 29 år
1216 155 82 29 1958
1564 151 56 29 151

167 248 72 30 Vad
262 246 107 40 angår
391 245 220 30 förfarandet
632 243 56 30 vid
709 241 190 40 antagning
920 251 42 20 av
982 241 111 29 elever
1114 239 153 30 biträder
1288 238 61 39 jag
1369 236 251 39 utredningens

123 299 139 38 förslag.
284 296 159 31 Rörande
464 294 314 38 undervisningens
798 291 214 39 omfattning
1034 291 64 29 och
1118 288 219 40 utformning
1358 288 70 29 kan
1448 287 60 39 jag
1526 286 11 29 i
1558 286 63 29 hu-

123 349 133 30 vudsak
282 348 189 29 instämma
495 346 10 28 i
529 344 252 39 utredningens
804 342 191 33 uttalande,
1020 343 50 28 att
1094 341 68 29 den
1186 348 48 21 nu
1259 338 202 39 tillämpade
1487 338 134 29 ämnes-

122 398 286 31 kombinationen
431 398 37 28 är
493 397 54 29 väl
570 395 89 30 vald.
684 395 65 38 Jag
770 394 63 29 har
855 393 10 29 i
889 393 57 29 det
970 391 208 39 föregående
1202 389 189 39 föreslagit,
1416 390 50 28 att
1490 389 132 28 statens

123 449 250 31 förberedande
400 447 231 39 skogskurser
657 445 152 39 alltjämt
837 443 89 31 skall
953 442 202 30 bibehållas.
1185 441 102 29 Detta
1315 439 145 30 innebär
1487 440 50 28 att
1563 438 60 39 jag

122 501 75 29 icke
221 500 152 30 biträder
397 498 251 38 utredningens
674 496 131 38 förslag
828 504 56 21 om
909 493 225 40 förlängning
1159 501 42 20 av
1224 489 316 40 utbildningstiden
1565 487 57 31 vid

123 550 271 40 skogsskolorna
419 549 52 30 till
494 547 163 39 omkring
683 547 14 28 1
727 546 59 35 1/2
813 545 47 30 år.
887 545 112 39 Sagda
1022 542 269 39 utbildningstid
1315 541 62 30 bör
1403 539 220 31 fortfarande

122 611 84 20 vara
227 601 14 29 1
265 601 48 30 år.
333 600 119 39 Någon
472 598 214 40 uppdelning
706 606 42 21 av
770 594 384 41 skogsskolestudierna
1175 593 45 40 på
1240 593 142 29 förkurs
1404 591 65 30 och
1488 590 135 30 huvud-

123 653 85 29 kurs
225 652 159 29 kommer
403 650 148 29 sålunda
569 648 76 30 icke
662 648 11 28 i
691 647 108 39 fråga.
818 646 77 29 Med
914 646 138 38 hänsyn
1069 644 53 30 till
1139 645 66 29 vad
1224 643 61 39 jag
1301 641 147 40 tidigare
1466 641 157 30 förordat

124 702 147 30 rörande
293 702 144 39 skärpta
459 699 198 39 fordringar
679 698 20 29 å
720 697 188 30 teoretiska
929 695 271 39 förkunskaper,
1223 701 103 32 synes
1348 692 179 31 studierna
1549 691 12 29 i
1581 690 42 30 de

124 753 170 39 egentliga
317 750 354 41 skogsskoleämnena
693 749 122 28 kunna
834 746 165 41 påbörjas
1023 746 38 30 så
1082 746 73 39 gott
1177 754 75 20 som
1274 743 124 30 direkt.
1421 742 117 39 Enligt
1558 741 66 30 vad

122 804 60 39 jag
202 803 174 29 inhämtat
394 811 42 21 av
453 799 302 40 domänstyrelsen
775 798 71 34 bör,
866 798 117 29 därest
1003 793 449 42 skogsskoleutbildningen
1472 792 152 30 bibehål-

125 855 48 29 les
192 854 56 30 vid
271 854 14 28 1
308 853 48 34 år,
376 851 296 39 undervisningen
693 850 127 29 liksom
839 857 47 21 nu
908 848 179 38 förläggas
1104 846 53 30 till
1179 845 95 30 tiden
1296 843 329 31 november—okto-

124 906 70 29 ber.
215 904 12 29 I
246 904 169 30 avseende
432 902 46 40 på
495 902 41 29 de
556 902 92 29 olika
668 902 168 28 ämnenas
855 898 215 39 omfattning
1086 898 65 29 och
1170 896 155 30 innehåll
1345 894 60 31 vill
1424 894 60 39 jag
1503 894 122 29 utöver

124 956 66 29 vad
212 955 59 39 jag
293 954 145 39 tidigare
463 952 118 31 anfört
603 951 148 30 rörande
774 948 323 40 arbetsledningens
1122 947 175 39 betydelse
1323 945 141 30 förorda
1488 946 51 28 att
1562 953 63 20 un-

125 1005 244 39 dervisningen
399 1004 11 28 i
437 1002 280 39 motorkunskap
747 1001 65 29 och
840 998 280 41 fotogrammetri
1149 1006 58 32 ges
1237 997 110 30 större
1376 997 176 37 utrymme
1581 994 44 40 på

125 1056 225 39 kursplanen.
372 1053 296 40 Skogsskolornas
689 1051 239 30 motorkurser
947 1050 58 30 vid
1026 1050 41 29 de
1087 1048 154 30 militära
1262 1046 281 30 motorskolorna
1563 1045 61 29 bör

126 1107 173 29 fortsätta.
320 1105 48 30 På
386 1104 246 30 motsvarande
655 1103 67 30 sätt
744 1102 61 29 bör
826 1101 116 30 såsom
963 1099 302 39 domänstyrelsen
1288 1096 179 39 föreslagit
1488 1095 138 39 möjlig-

126 1158 143 29 heterna
294 1158 50 27 att
368 1156 176 38 inrymma
570 1152 294 39 undervisningen
889 1152 11 29 i
925 1150 281 30 hästkännedom
1232 1148 65 30 och
1321 1145 269 40 virkeskörning
1615 1145 11 29 i

126 1208 235 40 programmet
377 1206 54 29 för
449 1204 232 31 Strömsholm
697 1203 136 40 prövas.
850 1202 13 29 I
881 1202 95 30 detta
994 1200 256 39 sammanhang
1267 1199 59 30 vill
1342 1198 61 39 jag
1419 1197 111 30 uttala
1547 1195 79 31 mitt

126 1257 258 31 instämmande
409 1256 10 29 i
445 1255 295 39 skogsstyrelsens
764 1253 173 39 yttrande,
962 1253 50 29 att
1037 1252 67 29 den
1127 1259 96 21 mera
1247 1249 170 39 ingående
1443 1247 184 40 specialut-

126 1308 167 39 bildning,
314 1316 74 21 som
407 1306 178 30 erfordras
606 1306 54 29 för
680 1305 79 29 dem
780 1313 74 20 som
873 1302 282 39 huvudsakligen
1175 1301 89 29 skall
1286 1301 88 38 ägna
1394 1299 52 39 sig
1466 1299 34 29 åt
1520 1298 107 29 lärar-

126 1358 223 30 verksamhet
374 1357 95 29 inom
494 1355 361 40 yrkesutbildningen,
881 1354 76 29 icke
984 1353 61 29 bör
1071 1352 132 29 belasta
1230 1349 248 40 skogsskolans
1502 1348 127 29 utbild-

127 1409 276 39 ningsprogram.

174 1458 115 40 Enligt
308 1458 73 31 min
401 1457 142 39 mening
561 1457 60 29 bör
642 1456 116 29 vidare
778 1454 202 30 nuvarande
1000 1453 169 30 samband
1189 1451 127 30 mellan
1338 1449 204 40 skogsskola
1563 1448 65 30 och

128 1510 89 29 revir
237 1509 142 29 kvarstå
399 1508 70 29 tills
492 1507 125 39 frågan
638 1516 54 20 om
715 1504 251 40 överflyttning
986 1513 42 20 av
1047 1501 379 39 huvudmannaskapet
1445 1500 52 29 till
1519 1500 109 28 annat

130 1568 106 31 organ
254 1561 44 28 än
317 1558 250 31 domänverket
586 1557 95 29 lösts.
702 1556 199 30 Samarbete
920 1554 130 29 mellan
1070 1553 205 39 skogsskola
1293 1551 64 30 och
1378 1551 110 30 andra
1510 1550 118 38 skogs-

130 1613 101 37 ägare
251 1610 62 29 bör
335 1609 88 30 dock
445 1609 64 38 äga
530 1617 78 20 rum
629 1607 10 29 i
660 1607 129 29 största
811 1605 144 39 möjliga
976 1603 254 39 utsträckning.
1256 1602 135 39 Frågan
1414 1610 57 20 om
1494 1600 135 30 huvud-

131 1661 254 38 mannaskapet
405 1659 97 29 torde
521 1658 84 30 böra
625 1659 97 37 tagas
741 1665 70 31 upp
834 1656 51 29 till
906 1655 173 40 prövning
1098 1655 11 28 i
1131 1663 42 20 en
1196 1652 149 31 särskild
1367 1651 188 39 utredning
1573 1651 56 29 be-

131 1711 176 30 träffande
326 1709 294 40 skogsstyrelsens
638 1707 247 39 organisation.
903 1706 52 29 En
973 1705 97 39 dylik
1087 1704 187 38 utredning
1289 1703 97 30 torde
1403 1702 86 30 böra
1505 1701 124 30 tillsät-

131 1764 53 27 tas
206 1761 88 30 först
315 1760 105 30 sedan
444 1759 82 31 1955
548 1759 56 30 års
625 1756 399 41 skogsvårdsutredning
1045 1754 128 40 avgivit
1195 1754 58 31 sitt
1276 1751 353 32 huvudbetänkande.

175 1811 72 30 Vad
271 1810 231 39 utredningen
526 1809 118 30 anfört
667 1808 148 29 rörande
839 1806 295 39 angelägenheten
1159 1814 42 21 av
1224 1814 42 20 en
1289 1802 263 39 undersökning
1577 1802 53 29 rö-

130 1862 107 29 rande
254 1861 145 29 behovet
418 1870 42 19 av
478 1860 203 29 läroböcker
701 1858 64 30 och
784 1855 429 40 undervisningsmateriel
1232 1855 96 29 inom
1348 1853 114 30 skilda
1484 1852 147 30 skolfor-

131 1921 72 21 mer
226 1912 96 29 inom
346 1910 231 39 skogsbruket
600 1909 58 29 vill
681 1908 60 39 jag
761 1908 165 30 vitsorda.
950 1907 65 28 Det
1038 1906 97 29 torde
1161 1906 138 28 snarast
1321 1904 85 29 böra
1431 1903 199 39 uppdragas

131 1963 34 29 åt
185 1961 300 39 domänstyrelsen
506 1960 64 29 och
591 1958 274 39 skogsstyrelsen
885 1959 49 27 att
954 1957 216 39 gemensamt
1190 1955 116 29 utföra
1327 1963 41 20 en
1390 1953 96 39 dylik
1505 1953 126 29 under-

132 2012 157 39 sökning.

178 2063 62 29 Vid
256 2062 97 38 varje
371 2061 206 39 skogsskola
593 2060 61 29 bör
671 2059 153 39 alltjämt
841 2058 123 29 endast
982 2058 17 29 3
1019 2058 111 28 lärare
1147 2065 82 20 vara
1248 2055 68 30 fast
1334 2054 184 33 anställda,
1537 2054 96 28 näm-

134 2114 88 37 ligen
244 2111 250 34 föreståndare,
515 2109 207 30 biträdande
744 2110 111 28 lärare
876 2108 64 29 och
961 2108 229 39 yrkeslärare.
1213 2105 256 38 Utredningens
1493 2103 139 39 förslag,

132 2165 49 27 att
203 2163 67 28 den
291 2161 219 30 sistnämnda
531 2160 242 38 befattningen
794 2159 61 29 bör
876 2158 172 29 ombildas
1071 2157 50 30 till
1143 2166 42 19 en
1207 2155 196 39 befattning
1425 2164 74 19 som
1522 2154 111 29 lärare

134 2213 9 28 i
166 2213 164 38 lönegrad
354 2212 49 29 Ao
427 2211 37 29 16
489 2211 64 28 och
577 2212 50 27 att
652 2209 178 39 samtidigt
852 2209 145 29 härmed
1020 2208 66 30 den
1108 2207 205 29 biträdande
1339 2206 136 28 läraren
1498 2205 61 28 bör
1582 2213 51 20 er-

134 2262 92 30 hålla
249 2261 252 38 beteckningen
525 2261 107 28 förste
657 2260 120 37 lärare,
801 2260 69 28 kan
892 2258 60 38 jag
974 2258 89 28 dock
1084 2257 76 29 icke
1184 2256 146 29 biträda.
1355 2256 74 28 Den
1452 2264 42 20 av
1519 2254 115 29 utred-

135 2312 126 38 ningen
295 2311 197 38 föreslagna
524 2309 235 40 pedagogiska
790 2309 223 29 lärarkursen
1048 2308 71 28 kan
1150 2307 59 38 jag
1240 2306 30 38 ej
1306 2306 107 28 heller
1450 2304 183 38 tillstyrka.

136 2362 120 30 Såsom
284 2361 276 39 skogsstlyrelsen
588 2359 117 29 anfört
735 2359 94 28 torde
858 2358 8 28 i
894 2358 115 29 stället
1037 2357 67 29 den
1132 2355 232 40 pedagogiska
1394 2354 241 38 utbildningen

137 2413 53 28 för
215 2411 248 38 skogsskolans
490 2411 111 28 lärare
627 2410 120 28 kunna
773 2408 206 30 samordnas
1006 2407 77 29 med
1110 2407 67 29 den
1203 2405 184 38 utvidgade
1415 2403 221 31 lärarutbild-

137 2462 91 38 ning,
256 2471 73 19 som
357 2460 274 39 skogsstyrelsen
661 2460 157 38 planerat
846 2458 53 29 för
925 2456 370 41 yrkesutbildningens
1323 2456 118 29 behov.
1471 2456 11 28 TI
1511 2454 125 29 avvak-
