1868 2780
246 166 59 31 188
567 168 389 31 Jordbruksutskottets
978 170 178 31 utlåtande
1176 180 44 21 nr
1242 172 14 29 1
1279 172 40 30 år
1339 172 84 30 1958

247 250 81 30 Som
349 259 42 21 en
415 251 96 39 dylik
533 251 200 40 återbäring
758 252 111 30 skulle
891 253 117 39 uppgå
1033 254 50 29 till
1108 256 48 27 ett
1179 254 125 40 belopp
1328 264 42 20 av
1392 255 11 29 i
1427 258 82 27 runt
1533 256 47 29 tal
1607 256 60 30 186
1681 256 64 31 000

244 300 53 30 kr.
321 301 65 28 har
410 301 169 38 styrelsen
602 301 173 30 beräknat
800 302 228 31 förevarande
1052 305 121 38 anslag
1197 305 54 29 till
1280 305 79 33 (745
1374 306 63 30 000
1464 307 36 36 —+
1529 307 61 29 186
1610 307 59 30 000
1693 308 47 33 =)

244 350 61 30 931
322 351 62 30 000
402 351 53 29 kr.

286 425 394 41 Departementschefen
717 426 65 30 har
818 427 79 30 med
933 428 233 40 avstyrkande
1203 438 43 21 av
1272 429 165 40 förslaget
1462 440 57 19 om
1544 432 201 29 restitution

245 475 130 38 jämväl
401 485 42 20 av
469 476 214 40 energiskatt
710 477 20 30 å
757 477 123 30 bensin
906 478 170 40 tillstyrkt
1103 479 315 40 fiskeristyrelsens
1446 480 260 41 framställning
1734 482 10 29 i

243 525 121 40 övrigt.

288 601 184 31 Utskottet.
495 602 176 30 Utskottet
692 602 155 31 biträder
868 604 125 39 Kungl.
1016 604 124 40 Maj:ts
1163 604 131 41 förslag
1317 605 65 30 och
1403 606 212 35 hemställer,

596 655 51 27 att
665 654 188 39 riksdagen
870 654 58 30 må
945 654 53 29 till
1016 654 212 40 Gottgörelse
1249 655 52 30 till
1316 655 296 41 fiskerinäringen
1629 657 57 40 för
1702 666 43 20 av

551 703 79 30 dess
655 704 143 29 utövare
822 703 117 41 erlagd
963 703 219 32 bensinskatt
1204 705 57 30 för
1283 705 204 40 budgetåret
1512 706 150 37 1958/59
1685 716 61 20 an-

551 753 75 30 visa
644 755 50 28 ett
712 753 122 40 anslag
850 763 43 21 av
914 754 61 30 745
991 754 62 30 000
1072 755 140 37 kronor,
1232 757 51 30 att
1302 756 174 30 avräknas
1496 759 72 28 mot
1588 759 157 28 automo-

551 802 316 32 bilskattemedlen.

290 935 59 30 167
359 936 48 35 :0)
434 936 198 37 Ersättning
650 937 55 30 till
723 939 222 35 strandägare
964 939 56 30 för
1039 940 124 29 mistad
1182 940 162 30 fiskerätt
1363 951 44 19 m.
1427 951 43 20 m.
1491 941 172 31 Utskottet
1680 942 64 30 har

239 985 89 30 intet
348 988 50 28 att
417 986 117 30 erinra
553 989 72 27 mot
645 988 128 39 Kungl.
793 988 122 40 Maj:ts
935 988 261 41 framställning
1216 990 112 30 under
1347 992 159 38 punkten
1528 993 58 29 181
1615 992 43 34 (s.
1679 993 63 30 602

238 1035 127 35 —604)
392 1045 56 21 om
471 1036 329 42 anslagsanvisning
822 1048 42 20 av
885 1040 49 28 ett
956 1039 80 30 med
1058 1039 138 40 hänsyn
1219 1040 54 30 till
1296 1040 57 30 det
1375 1041 200 30 beräknade
1595 1042 148 30 medels-

239 1085 146 31 behovet
407 1086 80 30 från
511 1088 14 28 1
542 1088 62 29 000
619 1088 64 30 000
705 1088 53 30 till
780 1089 18 30 5
813 1089 61 30 000
889 1089 63 31 000
974 1089 53 30 kr.
1049 1090 200 39 uppräknat
1270 1091 136 40 belopp.
1429 1091 74 30 Vad
1523 1092 12 29 i
1556 1092 112 40 övrigt
1689 1094 55 28 ut-

239 1136 106 30 talats
367 1137 66 29 och
456 1137 151 30 anmälts
632 1137 114 30 under
769 1139 301 40 anslagspunkten
1095 1140 199 30 föranleder
1318 1141 76 30 icke
1418 1141 108 30 heller
1550 1142 116 40 någon
1690 1144 53 28 ut-

241 1186 147 30 skottets
407 1188 151 30 erinran.
578 1188 178 30 Utskottet
775 1189 202 30 hemställer
995 1190 129 35 därför,

591 1240 51 28 att
665 1238 188 40 riksdagen
874 1239 58 30 må
955 1240 53 29 till
1029 1240 205 40 Ersättning
1259 1240 52 30 till
1332 1242 227 39 strandägare
1582 1242 56 40 för
1660 1243 83 29 mis-

549 1288 59 30 tad
631 1288 167 40 fiskerätt
822 1298 44 21 m.
892 1299 45 21 m.
962 1290 58 30 för
1043 1290 205 40 budgetåret
1277 1291 148 37 1958/59
1452 1292 121 30 anvisa
1599 1295 48 27 ett
1673 1292 70 31 för-

548 1339 218 40 slagsanslag
784 1349 42 20 av
844 1341 18 30 5
877 1340 63 30 000
955 1340 63 31 000
1038 1341 139 30 kronor.

284 1471 115 36 168:0)
421 1473 242 31 Anskaffande
679 1483 44 20 av
741 1474 461 37 framdrivningsmaskineri
1220 1477 57 29 för
1295 1477 291 36 undersöknings-
1605 1478 64 29 och
1688 1478 54 29 be-

239 1522 321 37 vakningsfartyget
577 1524 186 35 Skagerak.
782 1524 76 30 Med
876 1524 207 31 biträdande
1101 1535 42 20 av
1162 1526 127 40 Kungl.
1309 1527 123 39 Maj:ts
1452 1527 112 32 under
1583 1528 159 40 punkten

241 1572 62 30 182
328 1573 43 33 (s.
391 1573 80 34 604)
496 1573 123 39 gjorda
638 1573 133 40 förslag
788 1592 44 3 —
851 1584 75 21 som
946 1575 185 30 föranletts
1149 1585 43 21 av
1209 1579 53 27 att
1282 1577 237 30 kostnaderna
1540 1578 54 30 för
1614 1578 129 40 ifråga-

238 1622 153 30 varande
411 1623 458 41 iståndsättningsåtgärder
887 1625 71 29 kan
977 1626 143 30 komma
1138 1628 51 28 att
1209 1627 185 40 slutgiltigt
1414 1629 150 39 regleras
1584 1628 89 31 först
1693 1629 49 30 ef-

238 1674 52 28 ter
308 1673 65 29 den
394 1675 14 28 1
427 1673 67 40 juli
515 1674 82 30 1958
612 1692 45 3 —
673 1674 203 31 hemställer
892 1676 182 35 utskottet,

591 1726 50 28 att
660 1724 189 40 riksdagen
864 1725 60 30 må
940 1726 171 40 medgiva,
1130 1729 51 27 att
1200 1727 58 30 det
1277 1727 19 30 å
1315 1727 191 31 riksstaten
1525 1728 54 31 för
1598 1729 143 40 budget-

545 1774 73 30 året
643 1775 151 36 1954/55
817 1776 165 30 anvisade
1005 1777 392 40 reservationsanslaget
1420 1778 52 30 till
1497 1778 244 31 Anskaffande

543 1834 42 20 av
613 1825 471 40 framdrivningsmaskineri
1112 1827 54 30 för
1195 1827 298 41 undersöknings-
1522 1829 65 30 och
1615 1829 126 30 bevak-

546 1875 257 40 ningsfartyget
833 1876 177 40 Skagerak
1038 1877 58 30 må
1125 1877 111 30 under
1266 1877 204 40 budgetåret
1502 1879 149 36 1958/59
1681 1889 61 20 an-

546 1925 132 30 vändas
703 1925 55 31 för
780 1926 56 30 det
859 1927 78 29 med
961 1927 156 40 anslaget
1141 1928 153 30 avsedda
1316 1928 208 31 ändamålet.
