1872 2782
440 152 390 32 Jordbruksutskottets
851 149 179 31 utlåtande
1051 157 42 20 nr
1115 148 15 29 1
1152 147 40 30 år
1214 145 84 31 1958
1562 141 59 31 183

431 238 29 30 3.
487 236 211 38 Avlöningar
740 234 52 30 till
836 233 96 39 övrig
974 230 269 32 icke-ordinarie
1284 227 172 42 personal,

483 285 205 41 förslagsvis
714 279 17 51 =
756 301 693 13 osssssesserr
998 279 36 51 re
1046 279 33 51 rr
1087 279 33 51 rr
1132 279 68 51 rr
1224 279 30 51 RR
1275 301 174 13 KRA
1503 277 41 30 78
1557 276 63 32 000

427 339 30 29 4.
483 337 133 39 Rörligt
637 336 131 39 tillägg,
789 333 205 41 förslagsvis
1022 352 427 11 .......sssses+
1313 328 76 52 test
1398 328 56 52 00
1503 327 41 31 44
1557 326 64 31 000

1157 398 144 31 Summa
1325 396 131 30 kronor
1481 394 63 31 320
1557 393 64 32 500

669 477 265 34 Särskilda
967 472 423 44 uppbördsmedel

432 540 127 40 Bidrag
579 549 42 21 av
639 539 94 30 vissa
752 538 107 30 fiske-
877 537 65 30 och
962 532 390 41 arrendeavgiftsmedel
1378 554 73 7 ....
1505 530 41 30 60
1560 525 64 49 000

432 591 245 38 Ersättningar
701 589 56 31 för
780 587 305 38 undersökningar
1115 604 339 11 .......sccccr+>>
1529 581 16 30 7
1560 578 64 32 000

1092 649 212 41 Nettoutgift
1328 649 131 30 kronor
1484 648 62 30 253
1561 647 64 30 500

478 734 38 34 b)
545 734 52 30 till
622 730 361 33 Fiskeriintendenter
1007 738 45 21 m.
1077 737 62 21 m.:
1166 726 213 39 Avlöningar
1405 724 55 30 för
1484 722 142 41 budget-

436 785 74 30 året
533 784 148 37 1958/59
701 783 122 30 anvisa
842 784 49 28 ett
911 778 273 41 förslagsanslag
1204 786 43 21 av
1266 777 62 30 253
1342 775 62 32 500
1424 775 141 29 kronor.

168 963 116 34 156:0)
307 961 351 32 Fiskeriintendenter
676 970 45 20 m.
740 967 61 23 m.:
822 957 264 32 Omkostnader.
1105 954 116 31 Under
1239 952 154 39 punkten
1415 950 61 31 170
1501 949 44 34 (s.
1565 947 63 32 588

124 1014 127 35 —589)
284 1013 66 30 har
375 1011 126 40 Kungl.
529 1011 105 40 Maj:t
661 1009 191 40 föreslagit,
879 1009 50 28 att
957 1005 229 32 förevarande
1215 1003 121 39 anslag
1362 1000 159 32 minskas
1549 998 78 31 med

126 1065 19 29 4
159 1064 65 31 300
246 1064 53 29 kr.
322 1062 53 31 till
402 1062 40 30 26
458 1061 61 31 100
543 1061 52 31 kr.

171 1112 309 40 Fiskeristyrelsen
503 1111 80 30 med
604 1111 133 30 statens
759 1107 248 43 fiskeriförsök
1028 1106 65 30 har
1115 1106 10 29 i
1150 1105 54 30 sin
1226 1100 405 43 anslagsframställning

126 1183 45 4 —
187 1165 113 30 under
318 1163 142 31 erinran
478 1170 58 22 om
554 1161 42 31 de
614 1160 191 40 ändringar
823 1157 222 31 beträffande
1064 1154 230 33 förevarande
1313 1153 132 39 anslag,
1464 1160 77 22 som
1558 1150 74 31 vid-

128 1215 105 41 tagits
256 1214 90 30 efter
368 1213 114 30 beslut
505 1221 43 21 av
572 1211 82 31 1957
679 1211 58 30 års
760 1209 144 39 riksdag
926 1208 107 39 enligt
1056 1206 41 30 de
1121 1205 112 30 under
1257 1202 290 40 nästföregående
1571 1210 60 21 an-

127 1266 75 40 slag
222 1263 204 32 redovisade
446 1262 258 40 handlingarna
724 1278 44 4 —
788 1258 179 32 hemställt
989 1259 50 29 att
1059 1256 157 40 anslaget
1238 1254 100 40 höjes
1360 1253 79 31 med
1461 1252 19 31 3
1496 1251 61 32 100
1580 1251 52 30 kr.

128 1316 53 30 till
201 1315 42 31 33
256 1314 64 32 500
341 1314 53 30 kr.

173 1396 395 43 Departementschefen
595 1395 64 30 har
685 1412 44 4 —
754 1394 89 30 efter
869 1391 216 40 redogörelse
1112 1390 55 30 för
1195 1386 346 42 anslagsäskandena
1567 1384 65 31 och

129 1448 164 42 yttrande
314 1456 43 22 av
379 1446 252 31 statskontoret
650 1462 45 4 —
716 1443 129 31 anfört.

177 1498 140 32 >Såsom
336 1495 151 39 framgår
505 1505 43 21 av
564 1495 66 30 vad
649 1493 59 40 jag
725 1493 117 31 anfört
860 1491 109 31 under
987 1491 154 29 närmast
1158 1487 206 40 föregående
1383 1485 251 39 anslagspunkt

132 1550 64 30 har
213 1549 60 40 jag
291 1547 118 31 funnit
428 1547 70 38 mig
516 1545 76 31 icke
609 1545 123 29 kunna
748 1542 178 41 tillstyrka
944 1541 114 40 någon
1075 1539 243 39 förstärkning
1336 1547 42 20 av
1395 1536 239 31 fiskeriinten-

132 1598 399 40 dentsorganisationen.
557 1595 78 30 Med
658 1594 140 40 hänsyn
822 1592 120 31 härtill
966 1591 63 31 bör
1053 1590 114 40 någon
1194 1588 224 41 uppräkning
1443 1596 43 21 av
1509 1587 124 40 posten

133 1651 53 29 till
211 1648 315 39 reseersättningar
551 1646 75 31 icke
653 1645 72 30 ske.
751 1643 127 31 Vidare
904 1642 98 30 torde
1027 1642 124 39 posten
1177 1639 53 31 till
1256 1647 167 32 expenser
1448 1636 77 31 icke
1550 1636 85 31 böra

134 1700 205 41 uppräknas
364 1698 78 30 med
467 1706 74 21 mer
565 1698 45 28 än
634 1695 67 30 vad
726 1703 76 22 som
827 1702 119 22 svarar
972 1693 72 29 mot
1068 1691 42 30 de
1135 1690 158 39 stegrade
1318 1687 238 31 kostnaderna
1580 1686 56 30 för

134 1750 165 39 städning
325 1749 65 30 och
416 1747 131 31 telefon
571 1756 46 20 m.
642 1755 46 20 m.
714 1745 84 31 eller
823 1743 233 38 sammanlagt
1082 1741 63 31 600
1171 1740 141 30 kronor.
1338 1739 13 29 I
1377 1737 153 40 enlighet
1555 1735 80 31 med

134 1799 316 40 fiskeristyrelsens
474 1797 130 40 förslag
626 1796 99 30 torde
748 1795 42 30 de
812 1793 112 32 under
946 1791 174 32 särskilda
1141 1788 294 43 uppbördsmedel
1457 1789 181 39 upptagna

132 1851 167 38 bidragen
319 1858 42 21 av
379 1849 92 29 vissa
490 1847 107 30 fiske-
614 1847 65 29 och
699 1842 392 41 arrendeavgiftsmedel
1110 1841 84 30 böra
1215 1839 203 41 uppräknas
1439 1838 80 29 med
1539 1838 18 30 2
1570 1836 63 30 000

133 1902 141 29 kronor.
295 1898 293 39 Ersättningarna
607 1896 55 30 för
682 1893 315 39 undersökningar,
1018 1891 94 30 vilka
1132 1890 56 30 för
1207 1888 238 31 innevarande
1465 1886 170 40 budgetår

134 1950 178 40 upptagits
331 1948 78 30 med
427 1950 48 28 ett
493 1947 154 30 formellt
664 1946 125 39 belopp
808 1954 42 20 av
870 1944 60 30 100
949 1943 141 33 kronor,
1109 1949 103 31 synes
1230 1940 56 30 för
1303 1938 205 40 budgetåret
1530 1936 104 35 1958/

132 2001 43 31 59
194 2000 79 30 med
293 1998 141 40 ledning
453 2007 42 20 av
514 1995 280 32 hittillsvarande
813 1993 239 32 erfarenheter
1071 1991 85 30 böra
1174 1989 174 31 beräknas
1368 1988 52 30 till
1440 1988 19 30 3
1474 1987 62 31 000
1556 1986 80 30 kro-

136 2060 74 21 nor.
233 2050 165 38 Anslaget
419 2048 62 30 bör
503 2046 148 31 sålunda
672 2045 158 30 minskas
852 2044 79 29 med
952 2043 20 30 4
987 2042 62 31 300
1071 2042 131 28 kronor
1223 2040 65 29 och
1311 2038 133 30 således
1467 2038 172 38 upptagas

137 2101 79 29 med
242 2100 41 30 26
300 2099 61 31 100
386 2099 161 29 kronor.»

184 2183 186 31 Utskottet.
400 2180 390 39 Anslagsberäkningen
821 2178 110 29 möter
961 2177 103 38 ingen
1094 2173 217 39 invändning
1342 2172 78 30 från
1452 2171 188 29 utskottets

137 2233 87 30 sida.
244 2232 177 30 Utskottet
442 2230 202 30 hemställer
665 2228 131 33 därför,

496 2281 50 28 att
564 2279 187 38 riksdagen
769 2277 57 30 må
844 2276 50 30 till
911 2273 360 32 Fiskeriintendenter
1288 2281 44 20 m.
1351 2281 61 20 m.:
1432 2270 210 30 Omkostna-

449 2329 62 30 der
525 2329 54 29 för
595 2327 205 40 budgetåret
818 2325 148 35 1958/59
982 2324 120 30 anvisa
1117 2324 48 29 ett
1181 2321 272 39 förslagsanslag
1468 2329 42 21 av
1525 2320 39 29 26
1581 2318 61 30 100

454 2380 139 30 kronor.
