1888 2824
281 128 38 34 12
699 129 107 31 Andra
829 131 223 34 lagutskottets
1071 130 164 30 utlåtande
1255 131 48 28 Nr
1328 135 50 26 89.

961 397 61 41 Nr
1047 397 64 42 39.

675 555 118 29 Ankom
816 555 47 29 till
886 556 174 34 riksdagens
1082 556 96 28 kansli
1200 556 58 29 den
1282 558 38 27 16
1345 556 59 35 maj
1430 559 78 27 1928
1533 557 39 29 kl.
1600 560 35 27 11
1660 558 22 29 f.
1706 567 40 20 m.

506 677 182 34 Utlåtande
705 679 14 32 i
735 677 178 40 anledning
931 689 41 22 av
988 678 123 33 väckta
1127 680 160 31 motioner
1304 690 52 21 om
1375 679 141 40 ändring
1533 692 43 21 av
1593 681 43 33 24
1654 681 21 40 $
1690 683 97 31 värn-

727 729 217 39 pliktslagen.

329 835 118 35 Andra
474 836 225 40 lagutskottet
726 835 62 34 har
814 836 55 34 till
895 835 204 41 behandling
1128 837 150 34 förehaft
1306 837 55 34 till
1389 837 189 41 lagutskott
1604 839 182 34 hänvisade

285 888 205 33 motionerna
511 900 41 20 nr
576 889 63 31 152
664 888 8 31 i
699 888 106 32 första
827 886 192 34 kammaren
1042 900 43 21 av
1107 888 77 32 herr
1207 889 155 39 Trygger
1384 901 44 22 m.
1452 890 39 38 fl.
1515 893 88 29 samt
1624 901 41 21 nr
1688 891 62 32 225
1773 890 13 32 i

283 938 105 33 andra
408 938 193 33 kammaren
622 950 43 21 av
686 938 76 33 herr
781 939 164 32 Lindman
967 950 43 22 m.
1030 939 41 38 fl.
1174 960 15 15 .

329 989 18 31 I
366 989 214 39 motionerna,
599 988 94 33 vilka
714 993 56 28 äro
790 988 70 33 lika
879 987 155 41 lydande,
1053 987 72 42 har,
1144 989 105 33 under
1267 989 208 39 åberopande
1493 1002 43 21 av
1556 990 66 33 vad
1642 1003 69 20 som
1730 1003 56 20 an-

285 1038 86 33 förts
397 1040 6 31 i
424 1039 204 32 motionerna
651 1051 39 20 nr
712 1040 60 32 151
794 1039 12 32 i
827 1039 108 33 första
955 1038 194 33 kammaren
1173 1051 84 27 resp.
1278 1052 40 19 nr
1338 1041 65 31 224
1423 1040 12 32 i
1455 1040 105 33 andra
1581 1040 205 39 kammaren,

285 1089 198 40 hemställts,
511 1093 51 29 att
591 1089 180 39 riksdagen
799 1090 104 32 måtte
930 1089 141 39 besluta,
1099 1093 51 29 att
1177 1090 12 31 i
1219 1091 41 31 24
1289 1090 18 39 $
1336 1090 292 39 värnpliktslagen
1659 1091 125 33 siffran

284 1140 119 38 23,283
425 1138 120 35 ändras
565 1140 55 33 till
641 1141 130 37 24,483.

329 1223 18 32 I
370 1223 39 33 de
430 1223 202 33 sistberörda
655 1223 203 33 motionerna
881 1223 109 33 I:151
1015 1224 61 32 och
1098 1223 54 33 II:
1166 1224 73 39 224,
1260 1222 93 34 vilka
1375 1229 56 32 äro
1454 1222 71 35 lika
1547 1224 155 41 lydande,
1724 1224 63 34 har

285 1273 194 39 föreslagits
502 1274 128 32 ändrad
652 1274 227 38 organisation
900 1286 43 20 av
963 1274 92 32 vissa
1077 1278 207 34 regementen
1304 1286 43 20 m.
1368 1286 44 22 m.
1455 1276 18 32 TI
1495 1275 196 39 anslutning
1711 1275 74 33 här-

285 1324 54 32 till
363 1324 63 33 har
448 1325 12 31 i
487 1324 39 33 de
551 1336 46 21 nu
624 1324 231 39 föreliggande
882 1325 204 32 motionerna
1112 1325 110 32 I:152
1250 1325 60 33 och
1336 1325 53 32 IT:
1405 1326 61 32 225
1495 1325 196 39 föreslagits
1715 1326 71 32 viss

284 1374 144 39 ändring
448 1375 11 32 i
481 1376 42 31 24
547 1375 18 39 8
588 1375 303 40 värnpliktslagen,
914 1375 106 32 vilket
1041 1375 134 39 lagrum
1196 1375 184 33 innehåller
1401 1375 249 33 bestämmelser
1671 1388 51 20 om
1746 1377 39 31 de

284 1425 248 39 värnpliktigas
558 1426 182 38 uttagning
765 1425 54 32 till
843 1425 187 38 linjetjänst
1055 1425 61 33 och
1142 1425 328 39 ersättningsreserv.

99 1513 148 27 Utskottet.
330 1516 109 34 Sedan
463 1516 179 39 riksdagen
666 1516 147 40 avslagit
836 1517 61 33 den
920 1517 12 32 i
956 1517 205 32 motionerna
1184 1517 32 32 I:
1232 1519 60 31 151
1318 1517 60 33 och
1402 1518 131 32 II:224
1556 1517 119 39 gjorda
1697 1517 88 32 hem-

285 1567 134 39 ställan,
432 1568 92 32 torde
539 1568 54 32 det
608 1568 303 39 ändringsförslag,
928 1579 67 21 som
1009 1568 186 32 innefattas
1208 1568 12 31 i
1233 1579 45 21 nu
1293 1567 219 33 förevarande
1525 1568 171 40 motioner,
1712 1567 73 33 icke

283 1617 81 33 böra
384 1618 172 33 föranleda
578 1619 108 37 någon
708 1617 196 39 riksdagens
924 1618 132 38 åtgärd.
1100 1617 172 33 Utskottet
1294 1618 55 32 får
1369 1617 209 33 fördenskull
1597 1617 189 39 hemställa,

639 1697 50 28 att
706 1693 203 32 motionerna
927 1693 34 32 I:
976 1694 62 31 152
1057 1693 61 33 och
1137 1693 53 32 IT:
1205 1694 61 32 225
1286 1693 73 34 icke
1377 1694 102 31 måtte
1499 1693 54 32 till
1573 1694 109 38 någon
1702 1692 83 34 riks-

594 1743 124 39 dagens
740 1743 121 39 åtgärd
886 1742 185 34 föranleda.

327 1835 193 34 Stockholm
542 1836 61 33 den
626 1838 41 31 16
689 1836 68 38 maj
780 1837 96 32 1928.

736 1928 48 33 På
804 1928 105 33 andra
930 1926 241 41 lagutskottets
1191 1932 143 35 vägnar:

835 1996 44 32 K.
907 1995 40 33 G.
971 1988 253 40 WESTMAN.

366 2169 63 29 Vid
452 2169 143 30 ärendets
617 2168 190 36 behandling
828 2169 78 29 hava
930 2168 158 30 närvarit:

325 2211 74 30 från
437 2212 148 29 första
623 2212 193 28 kammaren:
848 2210 109 30 herrar
979 2212 167 33 Westman,
1166 2219 91 27 greve
1275 2209 112 38 Spens,
1406 2211 158 36 Thorberg
1584 2211 57 31 och
1662 2210 125 38 Sigfrid

285 2254 163 35 Hansson;

325 2304 73 29 från
439 2304 136 30 andra
617 2304 192 29 kammaren:
841 2304 110 29 herrar
971 2304 193 35 Magnusson
1187 2305 10 28 i
1220 2304 139 35 Kalmar,
1381 2305 156 35 Hagman,
1560 2304 191 36 Magnusson
1774 2306 11 28 i

286 2347 130 34 Skövde,
430 2347 163 30 Johanson
607 2347 11 29 i
634 2346 189 35 Stockholm,
838 2347 164 30 Johanson
1015 2347 11 28 i
1042 2346 225 35 Hallagården,
1282 2348 194 29 Holmström
1491 2348 9 28 i
1516 2347 193 36 Stockholm,
1723 2349 62 28 Ros

281 2390 61 29 och
360 2390 177 32 Andersson
555 2390 11 28 i
583 2389 128 35 Rasjön.

455 2497 183 32 Stockholm
659 2498 84 29 1928.
773 2497 112 35 Kungl.
903 2498 242 35 Boktryckeriet,
1166 2499 34 29 P.
1219 2499 36 30 A.
1276 2498 149 31 Norstedt
1446 2500 21 29 &
1490 2500 107 29 Söner.

978 2554 101 24 281979
