<?xml version="1.0" encoding="UTF-8"?>
<alto xmlns="http://www.loc.gov/standards/alto/ns-v3#" xmlns:xlink="http://www.w3.org/1999/xlink" xmlns:xsi="http://www.w3.org/2001/XMLSchema-instance" xsi:schemaLocation="http://www.loc.gov/standards/alto/ns-v3# http://www.loc.gov/alto/v3/alto-3-0.xsd">
	<Description>
		<MeasurementUnit>pixel</MeasurementUnit>
		<sourceImageInformation>
			<fileName>/tmp/tess_nk35bp9y_input.PNG</fileName>
		</sourceImageInformation>
		<OCRProcessing ID="OCR_0">
			<ocrProcessingStep>
				<processingSoftware>
					<softwareName>tesseract 5.3.0</softwareName>
				</processingSoftware>
			</ocrProcessingStep>
		</OCRProcessing>
	</Description>
	<Layout>
		<Page WIDTH="2228" HEIGHT="2616" PHYSICAL_IMG_NR="0" ID="page_0">
			<PrintSpace HPOS="0" VPOS="0" WIDTH="2228" HEIGHT="2616">
				<ComposedBlock ID="cblock_0" HPOS="705" VPOS="206" WIDTH="1054" HEIGHT="34">
					<TextBlock ID="block_0" HPOS="705" VPOS="206" WIDTH="1054" HEIGHT="34">
						<TextLine ID="line_0" HPOS="705" VPOS="206" WIDTH="1054" HEIGHT="34">
							<String ID="string_0" HPOS="705" VPOS="208" WIDTH="254" HEIGHT="32" WC="0.89" CONTENT="Statsutskottets"/><SP WIDTH="22" VPOS="208" HPOS="959"/>
							<String ID="string_1" HPOS="981" VPOS="207" WIDTH="168" HEIGHT="33" WC="0.96" CONTENT="utlåtande"/><SP WIDTH="22" VPOS="207" HPOS="1149"/>
							<String ID="string_2" HPOS="1171" VPOS="206" WIDTH="52" HEIGHT="33" WC="0.86" CONTENT="Nr"/><SP WIDTH="26" VPOS="206" HPOS="1223"/>
							<String ID="string_3" HPOS="1249" VPOS="211" WIDTH="65" HEIGHT="28" WC="0.93" CONTENT="109."/><SP WIDTH="428" VPOS="211" HPOS="1314"/>
							<String ID="string_4" HPOS="1742" VPOS="206" WIDTH="17" HEIGHT="32" WC="0.71" CONTENT="7"/>
						</TextLine>
					</TextBlock>
				</ComposedBlock>
				<ComposedBlock ID="cblock_1" HPOS="209" VPOS="292" WIDTH="1592" HEIGHT="826">
					<TextBlock ID="block_1" HPOS="210" VPOS="292" WIDTH="1591" HEIGHT="516">
						<TextLine ID="line_1" HPOS="212" VPOS="292" WIDTH="1589" HEIGHT="50">
							<String ID="string_5" HPOS="212" VPOS="295" WIDTH="98" HEIGHT="47" WC="0.89" CONTENT="änyo"/><SP WIDTH="29" VPOS="295" HPOS="310"/>
							<String ID="string_6" HPOS="339" VPOS="292" WIDTH="196" HEIGHT="37" WC="0.93" CONTENT="framhålla"/><SP WIDTH="28" VPOS="292" HPOS="535"/>
							<String ID="string_7" HPOS="563" VPOS="293" WIDTH="304" HEIGHT="37" WC="0.85" CONTENT="önskvärdheten"/><SP WIDTH="29" VPOS="293" HPOS="867"/>
							<String ID="string_8" HPOS="896" VPOS="294" WIDTH="42" HEIGHT="36" WC="0.96" CONTENT="af"/><SP WIDTH="25" VPOS="294" HPOS="938"/>
							<String ID="string_9" HPOS="963" VPOS="299" WIDTH="55" HEIGHT="31" WC="0.93" CONTENT="att"/><SP WIDTH="27" VPOS="299" HPOS="1018"/>
							<String ID="string_10" HPOS="1045" VPOS="293" WIDTH="310" HEIGHT="49" WC="0.90" CONTENT="redogörelserna"/><SP WIDTH="30" VPOS="293" HPOS="1355"/>
							<String ID="string_11" HPOS="1385" VPOS="295" WIDTH="58" HEIGHT="35" WC="0.93" CONTENT="för"/><SP WIDTH="35" VPOS="295" HPOS="1443"/>
							<String ID="string_12" HPOS="1478" VPOS="292" WIDTH="323" HEIGHT="50" WC="0.88" CONTENT="sjöexpeditioner"/>
						</TextLine>
						<TextLine ID="line_2" HPOS="214" VPOS="344" WIDTH="1586" HEIGHT="50">
							<String ID="string_13" HPOS="214" VPOS="345" WIDTH="219" HEIGHT="49" WC="0.95" CONTENT="skyndsamt"/><SP WIDTH="39" VPOS="345" HPOS="433"/>
							<String ID="string_14" HPOS="472" VPOS="345" WIDTH="140" HEIGHT="37" WC="0.95" CONTENT="erhålla"/><SP WIDTH="37" VPOS="345" HPOS="612"/>
							<String ID="string_15" HPOS="649" VPOS="345" WIDTH="119" HEIGHT="49" WC="0.96" CONTENT="nödig"/><SP WIDTH="31" VPOS="345" HPOS="768"/>
							<String ID="string_16" HPOS="799" VPOS="345" WIDTH="294" HEIGHT="49" WC="0.95" CONTENT="handläggning"/><SP WIDTH="29" VPOS="345" HPOS="1093"/>
							<String ID="string_17" HPOS="1122" VPOS="346" WIDTH="58" HEIGHT="35" WC="0.96" CONTENT="för"/><SP WIDTH="28" VPOS="346" HPOS="1180"/>
							<String ID="string_18" HPOS="1208" VPOS="345" WIDTH="106" HEIGHT="37" WC="0.96" CONTENT="deras"/><SP WIDTH="28" VPOS="345" HPOS="1314"/>
							<String ID="string_19" HPOS="1342" VPOS="344" WIDTH="205" HEIGHT="49" WC="0.96" CONTENT="intagande"/><SP WIDTH="27" VPOS="344" HPOS="1547"/>
							<String ID="string_20" HPOS="1574" VPOS="344" WIDTH="12" HEIGHT="36" WC="0.84" CONTENT="i"/><SP WIDTH="29" VPOS="344" HPOS="1586"/>
							<String ID="string_21" HPOS="1615" VPOS="344" WIDTH="61" HEIGHT="37" WC="0.96" CONTENT="det"/><SP WIDTH="28" VPOS="344" HPOS="1676"/>
							<String ID="string_22" HPOS="1704" VPOS="346" WIDTH="96" HEIGHT="35" WC="0.96" CONTENT="årets"/>
						</TextLine>
						<TextLine ID="line_3" HPOS="212" VPOS="396" WIDTH="1588" HEIGHT="49">
							<String ID="string_23" HPOS="212" VPOS="397" WIDTH="265" HEIGHT="48" WC="0.96" CONTENT="räkenskaper,"/><SP WIDTH="55" VPOS="397" HPOS="477"/>
							<String ID="string_24" HPOS="532" VPOS="396" WIDTH="57" HEIGHT="37" WC="0.95" CONTENT="till"/><SP WIDTH="42" VPOS="396" HPOS="589"/>
							<String ID="string_25" HPOS="631" VPOS="397" WIDTH="144" HEIGHT="36" WC="0.96" CONTENT="hvilket"/><SP WIDTH="41" VPOS="397" HPOS="775"/>
							<String ID="string_26" HPOS="816" VPOS="397" WIDTH="45" HEIGHT="36" WC="0.96" CONTENT="de"/><SP WIDTH="41" VPOS="397" HPOS="861"/>
							<String ID="string_27" HPOS="902" VPOS="397" WIDTH="203" HEIGHT="48" WC="0.94" CONTENT="rätteligen"/><SP WIDTH="47" VPOS="397" HPOS="1105"/>
							<String ID="string_28" HPOS="1152" VPOS="397" WIDTH="104" HEIGHT="47" WC="0.95" CONTENT="höra,"/><SP WIDTH="43" VPOS="397" HPOS="1256"/>
							<String ID="string_29" HPOS="1299" VPOS="410" WIDTH="45" HEIGHT="23" WC="0.95" CONTENT="en"/><SP WIDTH="43" VPOS="410" HPOS="1344"/>
							<String ID="string_30" HPOS="1387" VPOS="396" WIDTH="137" HEIGHT="49" WC="0.96" CONTENT="åtgärd"/><SP WIDTH="41" VPOS="396" HPOS="1524"/>
							<String ID="string_31" HPOS="1565" VPOS="409" WIDTH="80" HEIGHT="24" WC="0.95" CONTENT="som"/><SP WIDTH="42" VPOS="409" HPOS="1645"/>
							<String ID="string_32" HPOS="1687" VPOS="409" WIDTH="113" HEIGHT="36" WC="0.95" CONTENT="synes"/>
						</TextLine>
						<TextLine ID="line_4" HPOS="212" VPOS="448" WIDTH="1588" HEIGHT="49">
							<String ID="string_33" HPOS="212" VPOS="448" WIDTH="234" HEIGHT="37" WC="0.92" CONTENT="revisorerne"/><SP WIDTH="34" VPOS="448" HPOS="446"/>
							<String ID="string_34" HPOS="480" VPOS="448" WIDTH="127" HEIGHT="36" WC="0.96" CONTENT="kunna"/><SP WIDTH="19" VPOS="448" HPOS="607"/>
							<String ID="string_35" HPOS="626" VPOS="449" WIDTH="229" HEIGHT="36" WC="0.95" CONTENT="åtminstone"/><SP WIDTH="20" VPOS="449" HPOS="855"/>
							<String ID="string_36" HPOS="875" VPOS="448" WIDTH="10" HEIGHT="36" WC="0.96" CONTENT="i"/><SP WIDTH="22" VPOS="448" HPOS="885"/>
							<String ID="string_37" HPOS="907" VPOS="449" WIDTH="76" HEIGHT="36" WC="0.96" CONTENT="viss"/><SP WIDTH="20" VPOS="449" HPOS="983"/>
							<String ID="string_38" HPOS="1003" VPOS="449" WIDTH="262" HEIGHT="48" WC="0.95" CONTENT="utsträckning"/><SP WIDTH="19" VPOS="449" HPOS="1265"/>
							<String ID="string_39" HPOS="1284" VPOS="448" WIDTH="289" HEIGHT="45" WC="0.96" CONTENT="åstadkommas,"/><SP WIDTH="18" VPOS="448" HPOS="1573"/>
							<String ID="string_40" HPOS="1591" VPOS="448" WIDTH="209" HEIGHT="36" WC="0.96" CONTENT="oberoende"/>
						</TextLine>
						<TextLine ID="line_5" HPOS="212" VPOS="499" WIDTH="1587" HEIGHT="50">
							<String ID="string_41" HPOS="212" VPOS="500" WIDTH="42" HEIGHT="35" WC="0.96" CONTENT="af"/><SP WIDTH="23" VPOS="500" HPOS="254"/>
							<String ID="string_42" HPOS="277" VPOS="514" WIDTH="49" HEIGHT="21" WC="0.94" CONTENT="nu"/><SP WIDTH="41" VPOS="514" HPOS="326"/>
							<String ID="string_43" HPOS="367" VPOS="500" WIDTH="197" HEIGHT="49" WC="0.96" CONTENT="pågående"/><SP WIDTH="41" VPOS="500" HPOS="564"/>
							<String ID="string_44" HPOS="605" VPOS="500" WIDTH="202" HEIGHT="49" WC="0.96" CONTENT="utredning"/><SP WIDTH="42" VPOS="500" HPOS="807"/>
							<String ID="string_45" HPOS="849" VPOS="500" WIDTH="195" HEIGHT="49" WC="0.96" CONTENT="angående"/><SP WIDTH="28" VPOS="500" HPOS="1044"/>
							<String ID="string_46" HPOS="1072" VPOS="500" WIDTH="208" HEIGHT="37" WC="0.93" CONTENT="förbättrad"/><SP WIDTH="29" VPOS="500" HPOS="1280"/>
							<String ID="string_47" HPOS="1309" VPOS="500" WIDTH="214" HEIGHT="48" WC="0.43" CONTENT="bokförimg,"/><SP WIDTH="30" VPOS="500" HPOS="1523"/>
							<String ID="string_48" HPOS="1553" VPOS="499" WIDTH="79" HEIGHT="37" WC="0.95" CONTENT="dels"/><SP WIDTH="29" VPOS="499" HPOS="1632"/>
							<String ID="string_49" HPOS="1661" VPOS="512" WIDTH="138" HEIGHT="35" WC="0.96" CONTENT="genom"/>
						</TextLine>
						<TextLine ID="line_6" HPOS="211" VPOS="551" WIDTH="1589" HEIGHT="50">
							<String ID="string_50" HPOS="211" VPOS="557" WIDTH="55" HEIGHT="30" WC="0.96" CONTENT="att"/><SP WIDTH="27" VPOS="557" HPOS="266"/>
							<String ID="string_51" HPOS="293" VPOS="551" WIDTH="280" HEIGHT="38" WC="0.96" CONTENT="vederbörande"/><SP WIDTH="28" VPOS="551" HPOS="573"/>
							<String ID="string_52" HPOS="601" VPOS="552" WIDTH="126" HEIGHT="37" WC="0.96" CONTENT="chefer"/><SP WIDTH="19" VPOS="552" HPOS="727"/>
							<String ID="string_53" HPOS="746" VPOS="551" WIDTH="157" HEIGHT="50" WC="0.96" CONTENT="åläggas"/><SP WIDTH="29" VPOS="551" HPOS="903"/>
							<String ID="string_54" HPOS="932" VPOS="557" WIDTH="55" HEIGHT="32" WC="0.96" CONTENT="att"/><SP WIDTH="27" VPOS="557" HPOS="987"/>
							<String ID="string_55" HPOS="1014" VPOS="555" WIDTH="48" HEIGHT="46" WC="0.95" CONTENT="på"/><SP WIDTH="27" VPOS="555" HPOS="1062"/>
							<String ID="string_56" HPOS="1089" VPOS="552" WIDTH="194" HEIGHT="37" WC="0.95" CONTENT="bestämda"/><SP WIDTH="27" VPOS="552" HPOS="1283"/>
							<String ID="string_57" HPOS="1310" VPOS="552" WIDTH="98" HEIGHT="36" WC="0.96" CONTENT="tider"/><SP WIDTH="26" VPOS="552" HPOS="1408"/>
							<String ID="string_58" HPOS="1434" VPOS="552" WIDTH="120" HEIGHT="36" WC="0.93" CONTENT="under"/><SP WIDTH="36" VPOS="552" HPOS="1554"/>
							<String ID="string_59" HPOS="1590" VPOS="551" WIDTH="210" HEIGHT="49" WC="0.92" CONTENT="sjöexpedi-"/>
						</TextLine>
						<TextLine ID="line_7" HPOS="212" VPOS="602" WIDTH="1588" HEIGHT="50">
							<String ID="string_60" HPOS="212" VPOS="604" WIDTH="168" HEIGHT="36" WC="0.91" CONTENT="tionerna"/><SP WIDTH="29" VPOS="604" HPOS="380"/>
							<String ID="string_61" HPOS="409" VPOS="604" WIDTH="71" HEIGHT="36" WC="0.96" CONTENT="och"/><SP WIDTH="18" VPOS="604" HPOS="480"/>
							<String ID="string_62" HPOS="498" VPOS="603" WIDTH="63" HEIGHT="37" WC="0.96" CONTENT="vid"/><SP WIDTH="17" VPOS="603" HPOS="561"/>
							<String ID="string_63" HPOS="578" VPOS="604" WIDTH="114" HEIGHT="36" WC="0.96" CONTENT="slutet"/><SP WIDTH="16" VPOS="604" HPOS="692"/>
							<String ID="string_64" HPOS="708" VPOS="604" WIDTH="40" HEIGHT="36" WC="0.95" CONTENT="af"/><SP WIDTH="11" VPOS="604" HPOS="748"/>
							<String ID="string_65" HPOS="759" VPOS="604" WIDTH="189" HEIGHT="36" WC="0.95" CONTENT="desamma"/><SP WIDTH="15" VPOS="604" HPOS="948"/>
							<String ID="string_66" HPOS="963" VPOS="604" WIDTH="158" HEIGHT="36" WC="0.93" CONTENT="insända"/><SP WIDTH="19" VPOS="604" HPOS="1121"/>
							<String ID="string_67" HPOS="1140" VPOS="604" WIDTH="402" HEIGHT="48" WC="0.92" CONTENT="kassaredovisningar"/><SP WIDTH="19" VPOS="604" HPOS="1542"/>
							<String ID="string_68" HPOS="1561" VPOS="603" WIDTH="11" HEIGHT="36" WC="0.94" CONTENT="1"/><SP WIDTH="20" VPOS="603" HPOS="1572"/>
							<String ID="string_69" HPOS="1592" VPOS="602" WIDTH="124" HEIGHT="37" WC="0.96" CONTENT="stället"/><SP WIDTH="15" VPOS="602" HPOS="1716"/>
							<String ID="string_70" HPOS="1731" VPOS="603" WIDTH="69" HEIGHT="46" WC="0.96" CONTENT="för,"/>
						</TextLine>
						<TextLine ID="line_8" HPOS="211" VPOS="654" WIDTH="1588" HEIGHT="50">
							<String ID="string_71" HPOS="211" VPOS="658" WIDTH="121" HEIGHT="33" WC="0.96" CONTENT="såsom"/><SP WIDTH="21" VPOS="658" HPOS="332"/>
							<String ID="string_72" HPOS="353" VPOS="669" WIDTH="50" HEIGHT="22" WC="0.96" CONTENT="nu"/><SP WIDTH="29" VPOS="669" HPOS="403"/>
							<String ID="string_73" HPOS="432" VPOS="655" WIDTH="99" HEIGHT="46" WC="0.96" CONTENT="sker,"/><SP WIDTH="29" VPOS="655" HPOS="531"/>
							<String ID="string_74" HPOS="560" VPOS="655" WIDTH="96" HEIGHT="36" WC="0.96" CONTENT="först"/><SP WIDTH="30" VPOS="655" HPOS="656"/>
							<String ID="string_75" HPOS="686" VPOS="657" WIDTH="46" HEIGHT="34" WC="0.96" CONTENT="10"/><SP WIDTH="28" VPOS="657" HPOS="732"/>
							<String ID="string_76" HPOS="760" VPOS="656" WIDTH="56" HEIGHT="35" WC="0.96" CONTENT="till"/><SP WIDTH="32" VPOS="656" HPOS="816"/>
							<String ID="string_77" HPOS="848" VPOS="657" WIDTH="44" HEIGHT="34" WC="0.94" CONTENT="15"/><SP WIDTH="30" VPOS="657" HPOS="892"/>
							<String ID="string_78" HPOS="922" VPOS="655" WIDTH="117" HEIGHT="49" WC="0.96" CONTENT="dagar"/><SP WIDTH="28" VPOS="655" HPOS="1039"/>
							<String ID="string_79" HPOS="1067" VPOS="656" WIDTH="96" HEIGHT="35" WC="0.93" CONTENT="efter"/><SP WIDTH="28" VPOS="656" HPOS="1163"/>
							<String ID="string_80" HPOS="1191" VPOS="655" WIDTH="328" HEIGHT="49" WC="0.91" CONTENT="expeditionernas"/><SP WIDTH="19" VPOS="655" HPOS="1519"/>
							<String ID="string_81" HPOS="1538" VPOS="655" WIDTH="74" HEIGHT="36" WC="0.96" CONTENT="slut"/><SP WIDTH="19" VPOS="655" HPOS="1612"/>
							<String ID="string_82" HPOS="1631" VPOS="654" WIDTH="70" HEIGHT="37" WC="0.96" CONTENT="och"/><SP WIDTH="20" VPOS="654" HPOS="1701"/>
							<String ID="string_83" HPOS="1721" VPOS="654" WIDTH="78" HEIGHT="37" WC="0.96" CONTENT="dels"/>
						</TextLine>
						<TextLine ID="line_9" HPOS="210" VPOS="706" WIDTH="1589" HEIGHT="50">
							<String ID="string_84" HPOS="210" VPOS="720" WIDTH="138" HEIGHT="35" WC="0.95" CONTENT="genom"/><SP WIDTH="28" VPOS="720" HPOS="348"/>
							<String ID="string_85" HPOS="376" VPOS="712" WIDTH="56" HEIGHT="31" WC="0.95" CONTENT="att"/><SP WIDTH="19" VPOS="712" HPOS="432"/>
							<String ID="string_86" HPOS="451" VPOS="707" WIDTH="265" HEIGHT="48" WC="0.93" CONTENT="fördelningen"/><SP WIDTH="29" VPOS="707" HPOS="716"/>
							<String ID="string_87" HPOS="745" VPOS="710" WIDTH="20" HEIGHT="33" WC="0.93" CONTENT="å"/><SP WIDTH="28" VPOS="710" HPOS="765"/>
							<String ID="string_88" HPOS="793" VPOS="708" WIDTH="44" HEIGHT="35" WC="0.96" CONTENT="de"/><SP WIDTH="29" VPOS="708" HPOS="837"/>
							<String ID="string_89" HPOS="866" VPOS="707" WIDTH="101" HEIGHT="36" WC="0.93" CONTENT="olika"/><SP WIDTH="28" VPOS="707" HPOS="967"/>
							<String ID="string_90" HPOS="995" VPOS="707" WIDTH="303" HEIGHT="49" WC="0.91" CONTENT="anslagstitlarna"/><SP WIDTH="29" VPOS="707" HPOS="1298"/>
							<String ID="string_91" HPOS="1327" VPOS="706" WIDTH="224" HEIGHT="37" WC="0.91" CONTENT="verkställes"/><SP WIDTH="19" VPOS="706" HPOS="1551"/>
							<String ID="string_92" HPOS="1570" VPOS="706" WIDTH="229" HEIGHT="36" WC="0.96" CONTENT="omedelbart"/>
						</TextLine>
						<TextLine ID="line_10" HPOS="210" VPOS="758" WIDTH="882" HEIGHT="50">
							<String ID="string_93" HPOS="210" VPOS="759" WIDTH="96" HEIGHT="36" WC="0.96" CONTENT="efter"/><SP WIDTH="28" VPOS="759" HPOS="306"/>
							<String ID="string_94" HPOS="334" VPOS="759" WIDTH="63" HEIGHT="36" WC="0.96" CONTENT="det"/><SP WIDTH="28" VPOS="759" HPOS="397"/>
							<String ID="string_95" HPOS="425" VPOS="772" WIDTH="46" HEIGHT="23" WC="0.93" CONTENT="en"/><SP WIDTH="29" VPOS="772" HPOS="471"/>
							<String ID="string_96" HPOS="500" VPOS="758" WIDTH="358" HEIGHT="50" WC="0.91" CONTENT="kassaredovisning"/><SP WIDTH="27" VPOS="758" HPOS="858"/>
							<String ID="string_97" HPOS="885" VPOS="759" WIDTH="207" HEIGHT="36" WC="0.94" CONTENT="inkommit."/>
						</TextLine>
					</TextBlock>
					<TextBlock ID="block_2" HPOS="209" VPOS="809" WIDTH="1589" HEIGHT="309">
						<TextLine ID="line_11" HPOS="314" VPOS="809" WIDTH="1484" HEIGHT="50">
							<String ID="string_98" HPOS="314" VPOS="810" WIDTH="130" HEIGHT="37" WC="0.52" CONTENT="Såsom"/><SP WIDTH="41" VPOS="810" HPOS="444"/>
							<String ID="string_99" HPOS="485" VPOS="810" WIDTH="253" HEIGHT="49" WC="0.95" CONTENT="bokföringen"/><SP WIDTH="41" VPOS="810" HPOS="738"/>
							<String ID="string_100" HPOS="779" VPOS="825" WIDTH="50" HEIGHT="22" WC="0.93" CONTENT="nu"/><SP WIDTH="45" VPOS="825" HPOS="829"/>
							<String ID="string_101" HPOS="874" VPOS="815" WIDTH="40" HEIGHT="32" WC="0.92" CONTENT="är"/><SP WIDTH="28" VPOS="815" HPOS="914"/>
							<String ID="string_102" HPOS="942" VPOS="811" WIDTH="142" HEIGHT="36" WC="0.96" CONTENT="ordnad"/><SP WIDTH="29" VPOS="811" HPOS="1084"/>
							<String ID="string_103" HPOS="1113" VPOS="811" WIDTH="70" HEIGHT="36" WC="0.96" CONTENT="och"/><SP WIDTH="37" VPOS="811" HPOS="1183"/>
							<String ID="string_104" HPOS="1220" VPOS="810" WIDTH="293" HEIGHT="49" WC="0.96" CONTENT="redovisningen"/><SP WIDTH="38" VPOS="810" HPOS="1513"/>
							<String ID="string_105" HPOS="1551" VPOS="810" WIDTH="82" HEIGHT="36" WC="0.93" CONTENT="från"/><SP WIDTH="38" VPOS="810" HPOS="1633"/>
							<String ID="string_106" HPOS="1671" VPOS="809" WIDTH="127" HEIGHT="37" WC="0.85" CONTENT="veder-"/>
						</TextLine>
						<TextLine ID="line_12" HPOS="210" VPOS="862" WIDTH="1588" HEIGHT="49">
							<String ID="string_107" HPOS="210" VPOS="862" WIDTH="165" HEIGHT="36" WC="0.92" CONTENT="börande"/><SP WIDTH="40" VPOS="862" HPOS="375"/>
							<String ID="string_108" HPOS="415" VPOS="862" WIDTH="130" HEIGHT="36" WC="0.90" CONTENT="chefer"/><SP WIDTH="41" VPOS="862" HPOS="545"/>
							<String ID="string_109" HPOS="586" VPOS="862" WIDTH="192" HEIGHT="48" WC="0.90" CONTENT="fullgöres,"/><SP WIDTH="42" VPOS="862" HPOS="778"/>
							<String ID="string_110" HPOS="820" VPOS="862" WIDTH="68" HEIGHT="36" WC="0.96" CONTENT="har"/><SP WIDTH="42" VPOS="862" HPOS="888"/>
							<String ID="string_111" HPOS="930" VPOS="863" WIDTH="41" HEIGHT="35" WC="0.96" CONTENT="af"/><SP WIDTH="36" VPOS="863" HPOS="971"/>
							<String ID="string_112" HPOS="1007" VPOS="862" WIDTH="298" HEIGHT="49" WC="0.93" CONTENT="räkenskaperna"/><SP WIDTH="41" VPOS="862" HPOS="1305"/>
							<String ID="string_113" HPOS="1346" VPOS="862" WIDTH="32" HEIGHT="48" WC="0.65" CONTENT="cj"/><SP WIDTH="32" VPOS="862" HPOS="1378"/>
							<String ID="string_114" HPOS="1410" VPOS="862" WIDTH="144" HEIGHT="36" WC="0.96" CONTENT="kunnat"/><SP WIDTH="41" VPOS="862" HPOS="1554"/>
							<String ID="string_115" HPOS="1595" VPOS="862" WIDTH="203" HEIGHT="47" WC="0.88" CONTENT="utredas,"/><SP WIDTH="-18" VPOS="862" HPOS="1798"/>
							<String ID="string_116" HPOS="1780" VPOS="858" WIDTH="22" HEIGHT="57" WC="0.96" CONTENT="i"/>
						</TextLine>
						<TextLine ID="line_13" HPOS="209" VPOS="913" WIDTH="1589" HEIGHT="50">
							<String ID="string_117" HPOS="209" VPOS="913" WIDTH="152" HEIGHT="36" WC="0.95" CONTENT="hvilken"/><SP WIDTH="53" VPOS="913" HPOS="361"/>
							<String ID="string_118" HPOS="414" VPOS="914" WIDTH="223" HEIGHT="49" WC="0.90" CONTENT="proportion"/><SP WIDTH="55" VPOS="914" HPOS="637"/>
							<String ID="string_119" HPOS="692" VPOS="914" WIDTH="71" HEIGHT="36" WC="0.94" CONTENT="den"/><SP WIDTH="44" VPOS="914" HPOS="763"/>
							<String ID="string_120" HPOS="807" VPOS="914" WIDTH="219" HEIGHT="37" WC="0.93" CONTENT="utestående"/><SP WIDTH="60" VPOS="914" HPOS="1026"/>
							<String ID="string_121" HPOS="1086" VPOS="913" WIDTH="277" HEIGHT="38" WC="0.86" CONTENT="förskotterade"/><SP WIDTH="55" VPOS="913" HPOS="1363"/>
							<String ID="string_122" HPOS="1418" VPOS="927" WIDTH="182" HEIGHT="32" WC="0.96" CONTENT="summan,"/><SP WIDTH="59" VPOS="927" HPOS="1600"/>
							<String ID="string_123" HPOS="1659" VPOS="913" WIDTH="139" HEIGHT="36" WC="0.95" CONTENT="kronor"/>
						</TextLine>
						<TextLine ID="line_14" HPOS="211" VPOS="965" WIDTH="1586" HEIGHT="49">
							<String ID="string_124" HPOS="211" VPOS="967" WIDTH="211" HEIGHT="45" WC="0.92" CONTENT="3,025,746:"/><SP WIDTH="33" VPOS="967" HPOS="422"/>
							<String ID="string_125" HPOS="455" VPOS="967" WIDTH="60" HEIGHT="45" WC="0.95" CONTENT="37,"/><SP WIDTH="37" VPOS="967" HPOS="515"/>
							<String ID="string_126" HPOS="552" VPOS="965" WIDTH="64" HEIGHT="36" WC="0.96" CONTENT="vid"/><SP WIDTH="28" VPOS="965" HPOS="616"/>
							<String ID="string_127" HPOS="644" VPOS="979" WIDTH="46" HEIGHT="22" WC="0.93" CONTENT="en"/><SP WIDTH="28" VPOS="979" HPOS="690"/>
							<String ID="string_128" HPOS="718" VPOS="965" WIDTH="190" HEIGHT="37" WC="0.90" CONTENT="blifvande"/><SP WIDTH="28" VPOS="965" HPOS="908"/>
							<String ID="string_129" HPOS="936" VPOS="965" WIDTH="244" HEIGHT="49" WC="0.96" CONTENT="redovisning"/><SP WIDTH="28" VPOS="965" HPOS="1180"/>
							<String ID="string_130" HPOS="1208" VPOS="966" WIDTH="68" HEIGHT="36" WC="0.96" CONTENT="och"/><SP WIDTH="29" VPOS="966" HPOS="1276"/>
							<String ID="string_131" HPOS="1305" VPOS="965" WIDTH="217" HEIGHT="49" WC="0.96" CONTENT="fördelning"/><SP WIDTH="26" VPOS="965" HPOS="1522"/>
							<String ID="string_132" HPOS="1548" VPOS="965" WIDTH="168" HEIGHT="36" WC="0.96" CONTENT="kommer"/><SP WIDTH="28" VPOS="965" HPOS="1716"/>
							<String ID="string_133" HPOS="1744" VPOS="970" WIDTH="53" HEIGHT="30" WC="0.96" CONTENT="att"/>
						</TextLine>
						<TextLine ID="line_15" HPOS="210" VPOS="1016" WIDTH="1587" HEIGHT="50">
							<String ID="string_134" HPOS="210" VPOS="1016" WIDTH="141" HEIGHT="37" WC="0.96" CONTENT="belasta"/><SP WIDTH="28" VPOS="1016" HPOS="351"/>
							<String ID="string_135" HPOS="379" VPOS="1017" WIDTH="45" HEIGHT="36" WC="0.96" CONTENT="de"/><SP WIDTH="30" VPOS="1017" HPOS="424"/>
							<String ID="string_136" HPOS="454" VPOS="1017" WIDTH="100" HEIGHT="36" WC="0.93" CONTENT="olika"/><SP WIDTH="28" VPOS="1017" HPOS="554"/>
							<String ID="string_137" HPOS="582" VPOS="1017" WIDTH="317" HEIGHT="48" WC="0.90" CONTENT="anslagstitlarna,"/><SP WIDTH="29" VPOS="1017" HPOS="899"/>
							<String ID="string_138" HPOS="928" VPOS="1018" WIDTH="148" HEIGHT="36" WC="0.96" CONTENT="hvilkas"/><SP WIDTH="29" VPOS="1018" HPOS="1076"/>
							<String ID="string_139" HPOS="1105" VPOS="1017" WIDTH="181" HEIGHT="49" WC="0.95" CONTENT="ställning"/><SP WIDTH="19" VPOS="1017" HPOS="1286"/>
							<String ID="string_140" HPOS="1305" VPOS="1017" WIDTH="84" HEIGHT="36" WC="0.96" CONTENT="med"/><SP WIDTH="20" VPOS="1017" HPOS="1389"/>
							<String ID="string_141" HPOS="1409" VPOS="1017" WIDTH="177" HEIGHT="36" WC="0.96" CONTENT="afseende"/><SP WIDTH="23" VPOS="1017" HPOS="1586"/>
							<String ID="string_142" HPOS="1609" VPOS="1019" WIDTH="47" HEIGHT="46" WC="0.93" CONTENT="på"/><SP WIDTH="21" VPOS="1019" HPOS="1656"/>
							<String ID="string_143" HPOS="1677" VPOS="1016" WIDTH="120" HEIGHT="37" WC="0.91" CONTENT="öfver-"/>
						</TextLine>
						<TextLine ID="line_16" HPOS="209" VPOS="1069" WIDTH="1425" HEIGHT="49">
							<String ID="string_144" HPOS="209" VPOS="1069" WIDTH="102" HEIGHT="36" WC="0.96" CONTENT="skott"/><SP WIDTH="28" VPOS="1069" HPOS="311"/>
							<String ID="string_145" HPOS="339" VPOS="1069" WIDTH="88" HEIGHT="36" WC="0.96" CONTENT="eller"/><SP WIDTH="27" VPOS="1069" HPOS="427"/>
							<String ID="string_146" HPOS="454" VPOS="1069" WIDTH="94" HEIGHT="36" WC="0.96" CONTENT="brist"/><SP WIDTH="29" VPOS="1069" HPOS="548"/>
							<String ID="string_147" HPOS="577" VPOS="1069" WIDTH="154" HEIGHT="36" WC="0.96" CONTENT="sålunda"/><SP WIDTH="31" VPOS="1069" HPOS="731"/>
							<String ID="string_148" HPOS="762" VPOS="1069" WIDTH="56" HEIGHT="36" WC="0.96" CONTENT="för"/><SP WIDTH="28" VPOS="1069" HPOS="818"/>
							<String ID="string_149" HPOS="846" VPOS="1069" WIDTH="234" HEIGHT="36" WC="0.96" CONTENT="närvarande"/><SP WIDTH="20" VPOS="1069" HPOS="1080"/>
							<String ID="string_150" HPOS="1100" VPOS="1069" WIDTH="187" HEIGHT="49" WC="0.96" CONTENT="svårligen"/><SP WIDTH="29" VPOS="1069" HPOS="1287"/>
							<String ID="string_151" HPOS="1316" VPOS="1069" WIDTH="74" HEIGHT="36" WC="0.96" CONTENT="kan"/><SP WIDTH="28" VPOS="1069" HPOS="1390"/>
							<String ID="string_152" HPOS="1418" VPOS="1069" WIDTH="216" HEIGHT="36" WC="0.95" CONTENT="beräknas.»"/>
						</TextLine>
					</TextBlock>
				</ComposedBlock>
				<ComposedBlock ID="cblock_2" HPOS="208" VPOS="1171" WIDTH="1589" HEIGHT="306">
					<TextBlock ID="block_3" HPOS="208" VPOS="1171" WIDTH="1589" HEIGHT="306">
						<TextLine ID="line_17" HPOS="311" VPOS="1171" WIDTH="1486" HEIGHT="51">
							<String ID="string_153" HPOS="311" VPOS="1171" WIDTH="268" HEIGHT="37" WC="0.93" CONTENT="Revisorernas"/><SP WIDTH="42" VPOS="1171" HPOS="579"/>
							<String ID="string_154" HPOS="621" VPOS="1172" WIDTH="245" HEIGHT="37" WC="0.91" CONTENT="förenämnda"/><SP WIDTH="41" VPOS="1172" HPOS="866"/>
							<String ID="string_155" HPOS="907" VPOS="1173" WIDTH="281" HEIGHT="47" WC="0.95" CONTENT="framställning"/><SP WIDTH="41" VPOS="1173" HPOS="1188"/>
							<String ID="string_156" HPOS="1229" VPOS="1172" WIDTH="65" HEIGHT="36" WC="0.95" CONTENT="har"/><SP WIDTH="32" VPOS="1172" HPOS="1294"/>
							<String ID="string_157" HPOS="1326" VPOS="1173" WIDTH="119" HEIGHT="49" WC="0.96" CONTENT="jämte"/><SP WIDTH="27" VPOS="1173" HPOS="1445"/>
							<String ID="string_158" HPOS="1472" VPOS="1172" WIDTH="147" HEIGHT="48" WC="0.96" CONTENT="bilagor"/><SP WIDTH="28" VPOS="1172" HPOS="1619"/>
							<String ID="string_159" HPOS="1647" VPOS="1171" WIDTH="69" HEIGHT="37" WC="0.93" CONTENT="och"/><SP WIDTH="28" VPOS="1171" HPOS="1716"/>
							<String ID="string_160" HPOS="1744" VPOS="1171" WIDTH="53" HEIGHT="36" WC="0.92" CONTENT="af-"/>
						</TextLine>
						<TextLine ID="line_18" HPOS="208" VPOS="1223" WIDTH="1589" HEIGHT="49">
							<String ID="string_161" HPOS="208" VPOS="1223" WIDTH="107" HEIGHT="49" WC="0.83" CONTENT="gifna"/><SP WIDTH="41" VPOS="1223" HPOS="315"/>
							<String ID="string_162" HPOS="356" VPOS="1223" WIDTH="251" HEIGHT="49" WC="0.96" CONTENT="förklaringar"/><SP WIDTH="28" VPOS="1223" HPOS="607"/>
							<String ID="string_163" HPOS="635" VPOS="1229" WIDTH="95" HEIGHT="31" WC="0.96" CONTENT="samt"/><SP WIDTH="29" VPOS="1229" HPOS="730"/>
							<String ID="string_164" HPOS="759" VPOS="1224" WIDTH="123" HEIGHT="48" WC="0.96" CONTENT="öfriga"/><SP WIDTH="28" VPOS="1224" HPOS="882"/>
							<String ID="string_165" HPOS="910" VPOS="1225" WIDTH="56" HEIGHT="35" WC="0.96" CONTENT="till"/><SP WIDTH="28" VPOS="1225" HPOS="966"/>
							<String ID="string_166" HPOS="994" VPOS="1224" WIDTH="153" HEIGHT="36" WC="0.96" CONTENT="ärendet"/><SP WIDTH="28" VPOS="1224" HPOS="1147"/>
							<String ID="string_167" HPOS="1175" VPOS="1224" WIDTH="164" HEIGHT="36" WC="0.96" CONTENT="hörande"/><SP WIDTH="29" VPOS="1224" HPOS="1339"/>
							<String ID="string_168" HPOS="1368" VPOS="1224" WIDTH="227" HEIGHT="48" WC="0.96" CONTENT="handlingar"/><SP WIDTH="28" VPOS="1224" HPOS="1595"/>
							<String ID="string_169" HPOS="1623" VPOS="1223" WIDTH="41" HEIGHT="36" WC="0.93" CONTENT="af"/><SP WIDTH="24" VPOS="1223" HPOS="1664"/>
							<String ID="string_170" HPOS="1688" VPOS="1228" WIDTH="109" HEIGHT="31" WC="0.92" CONTENT="stats-"/>
						</TextLine>
						<TextLine ID="line_19" HPOS="208" VPOS="1274" WIDTH="1588" HEIGHT="49">
							<String ID="string_171" HPOS="208" VPOS="1275" WIDTH="183" HEIGHT="36" WC="0.93" CONTENT="utskottet"/><SP WIDTH="29" VPOS="1275" HPOS="391"/>
							<String ID="string_172" HPOS="420" VPOS="1275" WIDTH="269" HEIGHT="37" WC="0.90" CONTENT="öfverlämnats"/><SP WIDTH="29" VPOS="1275" HPOS="689"/>
							<String ID="string_173" HPOS="718" VPOS="1276" WIDTH="56" HEIGHT="36" WC="0.93" CONTENT="till"/><SP WIDTH="27" VPOS="1276" HPOS="774"/>
							<String ID="string_174" HPOS="801" VPOS="1276" WIDTH="459" HEIGHT="36" WC="0.90" CONTENT="konstitutionsutskottet"/><SP WIDTH="28" VPOS="1276" HPOS="1260"/>
							<String ID="string_175" HPOS="1288" VPOS="1275" WIDTH="58" HEIGHT="37" WC="0.96" CONTENT="för"/><SP WIDTH="28" VPOS="1275" HPOS="1346"/>
							<String ID="string_176" HPOS="1374" VPOS="1276" WIDTH="72" HEIGHT="36" WC="0.96" CONTENT="den"/><SP WIDTH="28" VPOS="1276" HPOS="1446"/>
							<String ID="string_177" HPOS="1474" VPOS="1275" WIDTH="145" HEIGHT="48" WC="0.93" CONTENT="åtgärd,"/><SP WIDTH="27" VPOS="1275" HPOS="1619"/>
							<String ID="string_178" HPOS="1646" VPOS="1274" WIDTH="150" HEIGHT="37" WC="0.91" CONTENT="hvartill"/>
						</TextLine>
						<TextLine ID="line_20" HPOS="210" VPOS="1326" WIDTH="1586" HEIGHT="46">
							<String ID="string_179" HPOS="210" VPOS="1326" WIDTH="100" HEIGHT="36" WC="0.96" CONTENT="detta"/><SP WIDTH="28" VPOS="1326" HPOS="310"/>
							<String ID="string_180" HPOS="338" VPOS="1326" WIDTH="145" HEIGHT="37" WC="0.96" CONTENT="utskott"/><SP WIDTH="29" VPOS="1326" HPOS="483"/>
							<String ID="string_181" HPOS="512" VPOS="1327" WIDTH="125" HEIGHT="36" WC="0.96" CONTENT="kunde"/><SP WIDTH="27" VPOS="1327" HPOS="637"/>
							<String ID="string_182" HPOS="664" VPOS="1327" WIDTH="104" HEIGHT="36" WC="0.96" CONTENT="finna"/><SP WIDTH="27" VPOS="1327" HPOS="768"/>
							<String ID="string_183" HPOS="795" VPOS="1327" WIDTH="285" HEIGHT="36" WC="0.95" CONTENT="förhållandena"/><SP WIDTH="27" VPOS="1327" HPOS="1080"/>
							<String ID="string_184" HPOS="1107" VPOS="1327" WIDTH="206" HEIGHT="45" WC="0.95" CONTENT="föranleda;"/><SP WIDTH="30" VPOS="1327" HPOS="1313"/>
							<String ID="string_185" HPOS="1343" VPOS="1327" WIDTH="70" HEIGHT="36" WC="0.96" CONTENT="och"/><SP WIDTH="15" VPOS="1327" HPOS="1413"/>
							<String ID="string_186" HPOS="1428" VPOS="1327" WIDTH="67" HEIGHT="36" WC="0.92" CONTENT="har"/><SP WIDTH="15" VPOS="1327" HPOS="1495"/>
							<String ID="string_187" HPOS="1510" VPOS="1326" WIDTH="286" HEIGHT="37" WC="0.92" CONTENT="konstitutions-"/>
						</TextLine>
						<TextLine ID="line_21" HPOS="208" VPOS="1378" WIDTH="1588" HEIGHT="49">
							<String ID="string_188" HPOS="208" VPOS="1378" WIDTH="184" HEIGHT="36" WC="0.96" CONTENT="utskottet"/><SP WIDTH="40" VPOS="1378" HPOS="392"/>
							<String ID="string_189" HPOS="432" VPOS="1378" WIDTH="12" HEIGHT="35" WC="0.83" CONTENT="i"/><SP WIDTH="40" VPOS="1378" HPOS="444"/>
							<String ID="string_190" HPOS="484" VPOS="1378" WIDTH="194" HEIGHT="37" WC="0.96" CONTENT="utlåtande"/><SP WIDTH="40" VPOS="1378" HPOS="678"/>
							<String ID="string_191" HPOS="718" VPOS="1393" WIDTH="44" HEIGHT="21" WC="0.96" CONTENT="nr"/><SP WIDTH="41" VPOS="1393" HPOS="762"/>
							<String ID="string_192" HPOS="803" VPOS="1380" WIDTH="48" HEIGHT="34" WC="0.95" CONTENT="30"/><SP WIDTH="37" VPOS="1380" HPOS="851"/>
							<String ID="string_193" HPOS="888" VPOS="1379" WIDTH="153" HEIGHT="48" WC="0.95" CONTENT="bringat"/><SP WIDTH="27" VPOS="1379" HPOS="1041"/>
							<String ID="string_194" HPOS="1068" VPOS="1378" WIDTH="57" HEIGHT="36" WC="0.96" CONTENT="till"/><SP WIDTH="28" VPOS="1378" HPOS="1125"/>
							<String ID="string_195" HPOS="1153" VPOS="1378" WIDTH="236" HEIGHT="48" WC="0.89" CONTENT="Riksdagens"/><SP WIDTH="30" VPOS="1378" HPOS="1389"/>
							<String ID="string_196" HPOS="1419" VPOS="1378" WIDTH="210" HEIGHT="37" WC="0.95" CONTENT="kännedom"/><SP WIDTH="30" VPOS="1378" HPOS="1629"/>
							<String ID="string_197" HPOS="1659" VPOS="1378" WIDTH="97" HEIGHT="36" WC="0.96" CONTENT="hvad"/><SP WIDTH="29" VPOS="1378" HPOS="1756"/>
							<String ID="string_198" HPOS="1785" VPOS="1378" WIDTH="11" HEIGHT="36" WC="0.96" CONTENT="i"/>
						</TextLine>
						<TextLine ID="line_22" HPOS="209" VPOS="1429" WIDTH="1062" HEIGHT="48">
							<String ID="string_199" HPOS="209" VPOS="1429" WIDTH="151" HEIGHT="37" WC="0.96" CONTENT="ärendet"/><SP WIDTH="28" VPOS="1429" HPOS="360"/>
							<String ID="string_200" HPOS="388" VPOS="1429" WIDTH="251" HEIGHT="48" WC="0.96" CONTENT="förekommit,"/><SP WIDTH="30" VPOS="1429" HPOS="639"/>
							<String ID="string_201" HPOS="669" VPOS="1430" WIDTH="143" HEIGHT="37" WC="0.96" CONTENT="hvilket"/><SP WIDTH="27" VPOS="1430" HPOS="812"/>
							<String ID="string_202" HPOS="839" VPOS="1431" WIDTH="186" HEIGHT="36" WC="0.96" CONTENT="utskottet"/><SP WIDTH="29" VPOS="1431" HPOS="1025"/>
							<String ID="string_203" HPOS="1054" VPOS="1431" WIDTH="67" HEIGHT="35" WC="0.96" CONTENT="här"/><SP WIDTH="28" VPOS="1431" HPOS="1121"/>
							<String ID="string_204" HPOS="1149" VPOS="1431" WIDTH="122" HEIGHT="35" WC="0.96" CONTENT="skolat"/>
						</TextLine>
					</TextBlock>
				</ComposedBlock>
				<ComposedBlock ID="cblock_3" HPOS="309" VPOS="1534" WIDTH="972" HEIGHT="252">
					<TextBlock ID="block_4" HPOS="309" VPOS="1534" WIDTH="972" HEIGHT="252">
						<TextLine ID="line_23" HPOS="707" VPOS="1534" WIDTH="196" HEIGHT="36">
							<String ID="string_205" HPOS="707" VPOS="1534" WIDTH="196" HEIGHT="36" WC="0.96" CONTENT="anteckna."/>
						</TextLine>
						<TextLine ID="line_24" HPOS="309" VPOS="1636" WIDTH="643" HEIGHT="50">
							<String ID="string_206" HPOS="309" VPOS="1636" WIDTH="219" HEIGHT="36" WC="0.96" CONTENT="Stockholm"/><SP WIDTH="30" VPOS="1636" HPOS="528"/>
							<String ID="string_207" HPOS="558" VPOS="1636" WIDTH="71" HEIGHT="37" WC="0.96" CONTENT="den"/><SP WIDTH="31" VPOS="1636" HPOS="629"/>
							<String ID="string_208" HPOS="660" VPOS="1639" WIDTH="46" HEIGHT="34" WC="0.94" CONTENT="23"/><SP WIDTH="30" VPOS="1639" HPOS="706"/>
							<String ID="string_209" HPOS="736" VPOS="1637" WIDTH="74" HEIGHT="49" WC="0.96" CONTENT="maj"/><SP WIDTH="34" VPOS="1637" HPOS="810"/>
							<String ID="string_210" HPOS="844" VPOS="1639" WIDTH="108" HEIGHT="34" WC="0.96" CONTENT="1911."/>
						</TextLine>
						<TextLine ID="line_25" HPOS="713" VPOS="1739" WIDTH="568" HEIGHT="47">
							<String ID="string_211" HPOS="713" VPOS="1739" WIDTH="52" HEIGHT="36" WC="0.93" CONTENT="På"/><SP WIDTH="29" VPOS="1739" HPOS="765"/>
							<String ID="string_212" HPOS="794" VPOS="1739" WIDTH="300" HEIGHT="36" WC="0.90" CONTENT="statsntskottets"/><SP WIDTH="29" VPOS="1739" HPOS="1094"/>
							<String ID="string_213" HPOS="1123" VPOS="1744" WIDTH="158" HEIGHT="42" WC="0.93" CONTENT="vägnar:"/>
						</TextLine>
					</TextBlock>
				</ComposedBlock>
				<ComposedBlock ID="cblock_4" HPOS="857" VPOS="1842" WIDTH="291" HEIGHT="37">
					<TextBlock ID="block_5" HPOS="857" VPOS="1842" WIDTH="291" HEIGHT="37">
						<TextLine ID="line_26" HPOS="857" VPOS="1842" WIDTH="291" HEIGHT="37">
							<String ID="string_214" HPOS="857" VPOS="1843" WIDTH="45" HEIGHT="35" WC="0.88" CONTENT="G."/><SP WIDTH="31" VPOS="1843" HPOS="902"/>
							<String ID="string_215" HPOS="933" VPOS="1842" WIDTH="215" HEIGHT="37" WC="0.95" CONTENT="BILLING."/>
						</TextLine>
					</TextBlock>
				</ComposedBlock>
			</PrintSpace>
		</Page>
	</Layout>
</alto>
