2159 2683
451 178 38 32 12
914 184 249 36 Statsutskottets
1193 188 169 35 Utlåtande
1384 192 63 33 N:o
1467 196 28 29 7.

508 265 17 37 I
562 266 109 51 fråga
709 281 61 25 om
806 270 258 53 anledningen
1092 274 57 37 till
1177 276 46 37 de
1251 289 75 37 nya
1354 278 105 51 lägre
1487 280 296 52 lönegradernas
1811 286 186 40 tillkomst

404 318 169 50 framgår
591 320 41 37 af
647 320 467 57 riksdagshandlingarna,
1136 333 65 44 att,
1222 329 46 37 då
1296 331 196 52 kvinnliga
1512 336 236 49 expeditörer
1767 338 83 38 icke
1870 340 125 39 kunde

403 371 11 36 i
443 371 72 37 allo
543 372 186 40 likställas
758 376 85 37 med
872 379 165 50 manliga
1064 380 12 37 i
1096 381 179 39 afseende
1297 386 20 34 å
1337 387 285 39 användbarhet
1640 390 101 37 inom
1761 389 232 59 postverket,

403 424 56 50 ity
487 429 56 32 att
570 425 73 38 den
672 427 198 52 kvinnliga
896 431 509 54 tjänstemannapersonalen
1433 439 171 39 hvarken
1633 443 125 38 kunde
1778 445 216 51 tjänstgöra

402 477 64 37 vid
489 478 326 52 järnvägsposten
845 483 91 37 eller
964 485 64 37 vid
1056 500 103 24 mera
1186 488 430 54 kroppsansträngande
1647 496 143 49 sysslor
1819 499 68 37 och
1908 500 83 38 icke

401 530 120 38 heller
562 538 114 31 annat
717 539 47 32 än
801 536 278 52 undantagsvis
1108 541 190 49 påräknas
1327 544 64 37 vid
1420 546 202 38 skötandet
1650 550 42 36 af
1717 548 275 58 nattposterna,

400 588 92 33 utan
521 584 109 39 dessa
658 586 256 52 besvärligare
942 590 261 53 befattningar
1231 598 120 35 måste
1377 599 187 38 anförtros
1585 603 37 35 åt
1641 603 143 50 manlig
1802 607 188 48 personal,

401 636 65 37 det
501 637 83 39 icke
617 644 130 45 syntes
776 655 91 24 vara
896 644 186 50 orättvist,
1112 660 59 24 om
1195 648 144 50 jämväl
1368 651 219 51 aflöningen
1615 654 59 38 för
1703 656 72 37 den
1805 658 185 39 ordinarie

400 690 199 49 kvinnliga
626 695 315 46 postpersonalen
969 698 12 35 i
1009 699 106 47 regel
1143 700 138 48 blefve,
1310 702 161 38 likasom
1500 706 251 38 förhållandet
1779 711 117 35 redan
1924 725 66 23 var

398 741 86 36 med
526 742 217 51 aflöningen
783 745 59 37 för
879 747 46 36 de
962 748 200 52 kvinnliga
1190 756 106 33 extra
1324 754 206 51 biträdena,
1560 763 74 32 satt
1661 762 116 47 något
1805 761 106 50 lägre
1940 768 47 32 än

398 793 59 37 för
490 794 74 38 den
592 796 165 51 manliga
785 800 239 48 personalen.
1080 802 108 39 Hvad
1218 806 177 38 särskildt
1424 808 310 53 ålderstilläggen
1763 818 130 46 angår,
1922 820 65 46 på-

397 846 179 50 pekades,
607 854 65 43 att,
702 850 46 36 då
777 852 140 37 sådana
945 854 136 50 tillägg
1108 856 57 37 till
1194 858 215 50 aflöningen
1437 874 92 25 vore
1558 863 80 37 dels
1668 878 44 24 en
1734 873 253 43 uppmuntran

396 898 57 37 till
494 899 154 38 fortsatt
688 906 126 46 träget
855 905 139 50 arbete,
1037 908 80 37 dels
1160 910 70 37 ock
1272 916 54 32 ett
1362 913 123 38 medel
1514 919 53 32 att
1595 916 92 49 fylla
1715 918 64 37 det
1807 919 117 38 behof
1948 923 42 36 af

396 951 121 38 ökade
546 953 218 51 inkomster,
794 957 145 38 hvilket
967 960 182 50 vanligen
1176 962 64 38 vid
1269 978 103 24 mera
1400 966 253 40 framskriden
1674 970 105 38 ålder
1798 975 187 46 uppstode

395 1004 59 36 för
481 1005 363 52 familjeförsörjare,
873 1010 161 38 allenast
1062 1013 62 37 det
1152 1015 103 37 förra
1284 1017 40 36 af
1348 1018 111 38 dessa
1488 1020 80 36 skäl
1596 1021 60 37 för
1682 1022 303 54 ålderstillägget

394 1057 196 38 förefanns
630 1059 233 40 beträffande
905 1064 176 51 kvinnlig
1117 1070 187 45 personal;
1333 1070 149 38 hvadan
1512 1073 311 52 ålderstilläggen
1851 1078 59 37 för
1938 1080 45 36 de

394 1109 289 50 ifrågavarande
712 1127 75 36 nya
814 1114 277 51 lönegraderna
1121 1125 116 33 sattes
1266 1122 58 37 till
1352 1123 105 50 lägre
1487 1124 136 52 belopp
1653 1132 45 32 än
1720 1129 58 36 för
1800 1132 94 36 1:sta
1914 1131 69 38 och

394 1162 105 37 2:dra
526 1164 288 49 lönegraderna.

497 1215 131 37 Såsom
664 1217 12 36 i
712 1218 241 51 Riksdagens
996 1222 200 39 skrifvelse
1238 1228 66 35 den
1336 1229 49 35 15
1414 1231 73 47 maj
1514 1231 100 36 1902
1650 1245 61 24 n:o
1742 1235 71 35 155
1843 1235 138 38 omför-

392 1266 127 50 mäles,
556 1270 196 47 grundade
790 1272 59 49 sig
877 1273 63 37 det
968 1274 41 36 af
1034 1275 139 50 Kungl.
1203 1277 107 51 Maj:t
1339 1280 62 37 vid
1430 1281 103 38 detta
1562 1283 180 39 riksmöte
1770 1286 212 51 framlagda

391 1319 145 51 förslag
563 1321 58 37 till
642 1324 257 51 omreglering
919 1327 41 36 af
975 1330 241 46 postverkets
1237 1337 77 31 stat
1332 1333 322 52 hufvudsakligen
1673 1340 48 47 på
1741 1338 238 41 betänkande

390 1373 42 36 af
469 1373 73 37 den
582 1380 104 44 post-
729 1377 71 36 och
836 1379 374 52 telegrafkommitté,
1240 1397 81 24 som
1350 1386 140 49 Kungl.
1520 1388 120 50 Maj:t,
1669 1391 11 35 i
1708 1391 206 51 anledning
1942 1395 41 36 af

388 1424 242 51 Riksdagens
658 1429 218 38 uttalanden
906 1432 11 35 i
946 1432 226 39 skrifvelsen
1201 1436 70 37 den
1304 1440 45 34 14
1378 1440 72 48 maj
1484 1442 108 46 1899,
1609 1442 134 38 tillsatt
1763 1444 73 37 den
1858 1448 20 34 2
1895 1447 84 48 juni

389 1478 234 38 sistnämnda
651 1483 49 34 år.

492 1531 236 39 Kommittén
755 1534 97 38 hade
882 1536 199 51 föreslagit
1108 1539 214 39 inrättande
1351 1544 42 36 af
1416 1545 223 48 ytterligare
1669 1549 73 36 250
1771 1563 74 35 nya
1873 1556 104 42 post-

388 1583 489 53 expeditörsbefattningar,
916 1589 109 37 däraf
1065 1593 45 34 15
1152 1596 47 46 på
1239 1594 185 38 hvardera
1457 1597 41 36 af
1532 1598 99 49 3:dje
1661 1600 70 36 och
1760 1602 84 37 4:de
1872 1602 104 38 löne-

386 1635 199 48 graderna.
641 1637 17 37 I
687 1638 233 40 sistnämnda
947 1642 216 39 hänseende
1191 1647 150 47 yttrade
1370 1648 235 51 kommittén,
1636 1656 65 45 att,
1723 1659 91 31 enär
1842 1655 134 38 kvinn-

385 1682 78 54 liga
505 1694 102 32 extra
648 1690 173 38 biträden
862 1694 175 49 plägade,
1072 1709 58 24 om
1162 1698 69 37 och
1259 1699 11 35 i
1299 1699 72 38 den
1400 1704 85 33 mån
1514 1703 461 53 placeringsmöjligheter

385 1740 235 49 förefunnes,
662 1743 197 39 befordras
900 1746 56 37 till
999 1748 187 38 ordinarie
1227 1752 119 48 tjänst
1386 1753 12 36 i
1435 1758 60 32 tur
1524 1755 70 36 och
1624 1757 162 50 ordning
1814 1760 84 36 med
1927 1761 46 37 de

384 1792 178 50 manliga,
591 1794 212 39 beräknadt
830 1798 12 35 i
871 1798 204 39 allmänhet
1104 1802 95 37 efter
1226 1804 103 37 tiden
1358 1805 58 37 för
1435 1808 215 48 antagande
1670 1809 56 37 till
1747 1816 106 32 extra
1874 1813 98 36 ordi-

384 1845 104 37 narie
529 1846 241 49 tjänstemän,
813 1850 117 38 borde
972 1852 161 38 allenast
1169 1858 40 33 så
1237 1861 95 32 stort
1360 1858 103 37 antal
1491 1859 180 51 tilläggas
1700 1862 45 37 de
1774 1863 198 51 kvinnliga

382 1896 290 51 lönegraderna,
716 1906 54 32 att
811 1903 123 37 denna
962 1905 367 51 befordringsgrund
1357 1910 125 37 kunde
1511 1915 285 47 upprätthållas,
1826 1917 68 36 och
1925 1919 47 35 då

383 1950 40 36 af
457 1950 45 37 de
540 1951 58 37 till
625 1953 246 48 tjänsteålder
901 1959 72 34 250
1003 1958 122 37 äldsta
1154 1960 112 37 bland
1295 1962 46 36 de
1371 1968 105 32 extra
1504 1964 197 39 biträdena
1729 1967 158 39 allenast
1917 1975 54 32 ett

382 2002 145 38 mindre
569 2005 102 37 antal
712 2007 197 49 utgjordes
951 2009 41 37 af
1030 2008 173 53 kvinnor,
1241 2014 109 49 hade,
1379 2018 49 47 på
1456 2018 123 47 grund
1609 2019 40 37 af
1673 2020 135 49 gjorda
1837 2021 132 38 beräk-

381 2055 146 48 ningar,
570 2057 225 39 kommittén
837 2066 124 32 ansett
1003 2063 160 38 allenast
1199 2068 44 35 15
1274 2067 41 36 af
1340 2068 45 37 de
1415 2068 216 51 föreslagna
1660 2086 74 36 nya
1763 2074 205 38 befattnin-

380 2121 121 35 garna
528 2109 92 37 böra
648 2111 164 38 tilldelas
842 2113 99 51 3:dje
971 2116 69 36 och
1072 2118 44 35 15
1146 2118 85 37 4:de
1260 2118 244 51 lönegraden.

482 2161 114 37 Emot
623 2163 73 36 den
725 2165 41 35 af
791 2165 223 39 kommittén
1043 2169 155 49 angifna
1218 2171 407 52 beräkningsgrunden
1643 2180 118 46 ansåg
1780 2178 59 49 sig
1858 2179 109 38 Riks-

380 2212 136 49 dagen,
544 2214 12 36 i
585 2214 57 37 sin
672 2216 201 39 skrifvelse
902 2219 72 37 den
1005 2222 45 35 15
1079 2223 72 48 maj
1185 2225 109 47 1902,
1324 2225 133 38 endast
1486 2227 90 36 böra
1606 2231 190 47 anmärka,
1826 2236 55 32 att
1900 2246 65 23 an-

378 2264 92 38 talet
497 2266 258 51 befattningar
782 2270 12 36 i
824 2271 98 48 3:dje
952 2273 69 36 och
1049 2274 85 37 4:de
1163 2275 292 52 lönegraderna,
1484 2279 130 38 hvilka
1632 2281 229 50 lönegrader
1880 2284 85 37 icke

377 2330 90 24 vore
496 2320 237 37 uteslutande
764 2322 233 39 förbehållna
1026 2326 71 36 den
1129 2328 194 48 kvinnliga
1351 2332 237 48 personalen,
1619 2339 130 43 syntes
1778 2335 92 37 böra
1899 2337 64 37 be-
