2208 2650
654 181 232 43 Lagutskottets
913 181 165 32 Utlåtande
1100 180 65 32 N:o
1187 181 51 30 61.
1689 178 16 30 1

861 629 77 42 N:o
967 629 63 42 61.

667 786 74 29 Ank.
765 786 44 28 till
834 785 97 28 Riksd.
956 784 93 29 kansli
1071 784 53 28 den
1150 785 38 28 26
1213 783 71 39 april
1311 785 89 34 1893,
1425 782 38 28 kl.
1489 784 16 27 9
1531 792 24 18 e.
1579 792 38 18 m.

344 932 268 48 Lagutskottets
640 930 202 45 utlåtande,
870 930 14 35 i
912 929 197 47 anledning
1138 928 49 49 af
1210 927 127 36 väckta
1366 927 178 35 motioner
1566 926 188 47 angående

546 999 145 35 ändrad
732 997 231 49 lagstiftning
1005 998 14 34 i
1053 996 117 49 fråga
1211 1008 54 22 om
1305 999 102 31 sättet
1432 995 68 48 för
1527 999 226 31 testamentes

545 1065 204 50 delgifning
777 1066 14 35 i
818 1066 96 35 vissa
936 1064 83 50 fall
1046 1077 44 22 m.
1120 1077 45 22 m.

278 1237 71 37 Till
376 1237 260 47 lagutskottets
663 1234 222 46 behandling
912 1233 67 36 har
1007 1232 125 36 Andra
1159 1231 216 36 Kammaren
1405 1230 168 37 hänvisat
1595 1232 63 33 två
1677 1236 76 29 sär-

142 1288 119 37 skilda
301 1288 192 43 motioner,
534 1286 129 36 väckta
702 1284 40 37 af
778 1285 83 35 herr
897 1283 40 38 O.
967 1283 173 36 Erickson
1167 1283 10 35 i
1207 1281 164 49 Bjersby,
1400 1294 60 22 n:o
1490 1282 57 42 22,
1576 1280 67 35 och
1670 1280 85 35 herr

143 1341 43 35 L.
228 1340 149 35 Persson
404 1339 12 34 i
444 1337 179 47 Heljebol,
652 1349 59 23 n:o
742 1337 82 42 119,
853 1334 126 36 hvilka
1007 1334 178 35 motioner
1212 1332 84 45 afse,
1325 1332 71 36 den
1423 1330 251 37 förstnämnda
1702 1336 53 30 att

142 1389 251 37 åstadkomma
420 1401 46 23 en
493 1386 234 48 lagstiftning
754 1386 11 35 i
793 1384 105 51 syfte,
927 1385 77 36 dels
1031 1389 54 31 att
1103 1388 216 32 testamente
1338 1385 58 33 må
1416 1382 83 35 med
1518 1382 81 47 laga
1617 1381 138 36 verkan

142 1439 178 50 delgifvas
359 1439 74 47 god
474 1451 95 32 man,
611 1437 148 36 hvilken
799 1435 39 37 af
866 1441 122 30 rätten
1016 1434 206 37 förordnats
1249 1439 54 30 att
1328 1434 234 45 tillvarataga
1588 1435 21 32 å
1635 1431 119 36 okänd

141 1496 60 31 ort
240 1489 166 38 vistande
438 1488 184 48 arfvinges
649 1493 84 39 rätt,
762 1487 76 36 dels
865 1487 64 35 ock
958 1491 54 30 att
1038 1486 13 35 i
1078 1485 263 47 sammanhang
1367 1483 150 37 dermed
1545 1482 108 37 sådan
1682 1481 72 48 god

143 1555 104 23 mans
274 1541 166 47 rättsliga
467 1540 174 46 ställning
667 1538 131 36 varder
825 1538 12 35 i
864 1537 82 36 dess
974 1537 122 36 helhet
1122 1535 177 44 bestämd,
1328 1540 93 31 samt
1439 1534 71 36 den
1529 1532 227 38 sistnämnda

141 1598 54 30 att
234 1593 12 35 i
289 1593 43 34 18
365 1592 80 47 kap.
491 1593 17 33 1
539 1588 18 48 $
585 1589 236 36 ärfdabalken
860 1588 137 36 införas
1034 1587 273 36 bestämmelser
1344 1599 59 22 om
1445 1590 109 31 sättet
1592 1584 58 36 för
1677 1583 77 36 del-

141 1643 148 47 gifning
315 1641 40 37 af
378 1646 217 32 testamente
622 1641 12 35 i
661 1639 239 37 förenämnda
927 1638 75 36 fall.

279 1743 14 36 I
322 1743 55 36 sin
404 1741 282 37 ofvanbemälda
713 1741 140 35 motion
880 1739 105 36 anför
1013 1752 49 22 nu
1090 1739 83 35 herr
1200 1737 173 36 Erickson
1401 1736 175 47 följande:

278 1794 15 35 I
333 1793 168 49 gällande
542 1794 61 45 lag
634 1791 243 36 förekommer
908 1791 80 34 icke
1016 1793 110 44 något
1153 1787 199 48 stadgande
1380 1787 137 43 derom,
1546 1786 96 35 huru
1672 1784 82 36 med

143 1844 203 48 delgifning
387 1843 40 37 af
454 1848 216 32 testamente
703 1842 92 36 skall
822 1840 156 37 förfaras
1005 1840 10 35 i
1045 1839 60 36 det
1132 1839 74 43 fall,
1236 1844 52 30 att
1315 1836 166 47 arfvinge
1509 1836 163 36 befinner
1700 1836 55 46 sig

143 1899 20 32 å
194 1895 120 36 okänd
344 1899 69 31 ort.
468 1893 116 37 Sedan
617 1906 152 22 numera
795 1893 13 34 i
834 1891 91 48 följd
953 1890 41 36 af
1017 1890 69 36 den
1114 1893 39 33 år
1181 1889 91 36 efter
1300 1892 39 32 år
1366 1887 214 47 fortgående
1608 1887 145 49 utflytt-

143 1947 136 47 ningen
318 1946 56 35 till
413 1944 229 36 främmande
680 1943 87 36 land
805 1942 173 37 svenskar
1009 1942 12 34 i
1052 1940 197 50 betytande
1277 1939 132 46 mängd
1439 1938 193 48 uppehålla
1658 1938 57 45 sig
1742 1937 12 34 i

144 1998 71 35 alla
255 1995 235 44 verldsdelar,
532 1996 64 34 har
636 1994 101 35 detta
768 1992 230 37 förhållande
1030 1992 60 36 vid
1123 1991 200 47 utredning
1350 1989 40 35 af
1414 1988 150 44 dödsbo,
1593 1988 64 35 der
1683 1987 70 35 den

143 2047 135 36 aflidne
318 2051 188 43 upprättat
544 2050 230 36 testamente,
816 2044 11 34 i
860 2043 197 48 synnerhet
1083 2043 12 34 i
1122 2042 44 35 de
1193 2040 75 43 fall,
1298 2040 63 35 der
1388 2043 232 32 testamentet
1648 2037 108 36 afsett

143 2098 72 36 fast
247 2096 188 48 egendom,
469 2096 114 35 vållat
610 2095 110 46 högst
747 2094 189 48 betydliga
964 2092 238 47 svårigheter;
1232 2091 65 35 och
1326 2090 46 35 då
1399 2090 105 35 dessa
1531 2088 225 47 svårigheter

143 2148 211 48 antagligen
386 2147 11 34 i
430 2147 121 34 stället
578 2144 57 37 för
662 2150 54 29 att
744 2144 158 35 minskas
930 2146 40 32 år
998 2142 90 35 efter
1115 2145 40 32 år
1182 2142 146 34 komma
1355 2144 54 30 att
1437 2139 99 42 ökas,
1565 2151 104 23 anser
1692 2138 64 46 jag

144 2198 62 36 det
234 2211 86 23 vara
346 2196 38 36 af
408 2197 129 46 högsta
564 2196 79 47 vigt
671 2200 53 30 att
751 2206 131 35 genom
911 2192 300 48 lagstadganden,
1240 2195 38 31 så
1306 2190 78 35 vidt
1412 2190 62 35 ske
1502 2189 81 43 kan,
1614 2187 141 36 undan-

146 2248 103 47 rödja
276 2247 194 36 desamma.

230 2303 75 32 Bih.
330 2302 47 31 till
400 2302 113 31 Riksd.
540 2301 84 31 Prot.
653 2301 89 30 1893.
791 2301 15 29 7
830 2299 97 31 Saml.
974 2299 46 30 30
1044 2297 93 43 Häft.
1183 2296 80 41 (N:o
1286 2296 63 39 61).
1676 2293 14 30 1
