2158 2644
659 230 232 42 Lagutskottets
919 229 173 33 Utlåtande
1118 230 62 33 N:o
1201 232 53 31 26:
1690 231 19 30 3

159 315 100 32 samt
287 310 111 37 ställa
426 310 139 37 honom
598 313 47 47 på
674 310 46 37 fri
750 310 71 47 fot;
851 309 169 38 börande
1051 309 213 50 varningen
1294 309 195 50 kungöras
1510 312 124 34 såsom
1655 309 13 36 i
1692 312 18 33 2
1732 308 21 51 $

160 375 126 36 SÄGS.»

286 420 101 31 samt
424 413 93 38 sista
554 414 153 49 stycket
741 414 64 37 i.6
835 414 37 49 $:
916 414 264 48 »Konungens
1210 412 542 50 befallningshafvandes'be-

159 465 75 37 slut
263 465 201 50 angående
495 466 163 48 varning
688 469 60 34 må
778 466 32 48 ej
842 466 246 47 öfverklagas
1118 471 91 30 utan
1237 465 12 36 i
1279 465 279 49 sammanhang
1584 466 82 35 med
1689 465 63 36 be-

159 522 89 32 svär
272 518 108 36 öfver
408 518 141 48 utslag,
578 518 252 48 hvarigenom
861 517 272 48 tvångsarbete
1163 516 127 37 blifvit
1319 516 188 38 ådömdt.»

286 569 141 37 Vidare
465 569 232 37 bestämmes
733 569 13 36 i
790 571 42 35 16
872 569 20 49 $
931 570 40 35 af
1004 582 146 24 samma
1183 569 78 47 lag,
1291 575 54 30 att
1373 568 12 36 i
1414 568 98 49 stad,
1543 568 66 36 der
1637 568 115 49 polis-

159 622 193 36 kammare
395 622 134 48 finnes,
572 622 319 49 poliskammaren
935 621 12 36 1
986 621 108 49 fråga
1131 634 59 23 om
1231 620 246 37 lösdrifvares
1515 620 237 48 behandling

158 673 97 37 skall
284 673 132 37 utöfva
444 673 72 37 den
548 674 238 49 myndighet,
816 686 81 24 som
927 673 122 49 enligt
1077 673 134 48 lagens
1240 672 240 37 föreskrifter
1507 672 12 36 i
1539 672 117 48 öfrigt
1676 672 75 36 till-

159 725 172 37 kommer
368 726 239 48 Konungens
645 725 439 50 befallningshafvande,
1122 724 96 37 dock
1258 730 56 31 att
1341 724 296 50 poliskammare
1665 723 86 37 icke

159 790 93 36 eger
293 783 56 31 att
390 778 180 36 förordna
611 791 58 23 om
715 777 117 37 sådan
876 777 203 50 frigifning
1107 776 40 37 af
1172 789 45 23 en
1247 776 58 36 till
1335 777 271 48 tvångsarbete
1635 775 116 37 dömd

158 842 152 36 person,
348 842 80 24 som
458 829 12 36 i
503 832 43 34 13
577 829 20 49 8
627 829 41 37 af
692 829 292 48 ifrågavarande
1014 829 64 49 lag
1106 828 255 38 omförmäles.
1418 828 201 37 Likaledes
1649 828 101 36 med-

158 880 126 50 gifver
322 895 93 35 nyss
452 881 160 37 berörda
644 884 43 34 16
718 880 20 50 8
764 886 76 31 rätt
868 881 58 36 för
954 881 266 49 polismästare
1249 880 92 36 eller
1368 880 13 36 i
1410 880 98 47 stad,
1538 880 67 36 der
1632 879 118 38 sådan

157 933 32 49 ej
225 933 136 48 finnes,
392 933 239 49 Konungens
661 932 425 49 befallningshafvande
1116 938 56 30 att
1200 935 37 33 åt
1264 931 368 50 poliskommissarie
1659 931 93 37 eller

158 997 125 24 annan
326 985 187 49 polisman
556 985 200 50 uppdraga
793 984 257 48 fullgörandet
1087 984 41 37 af
1161 984 46 36 de
1245 984 233 49 åligganden
1515 984 235 37 beträffande

158 1036 240 49 lösdrifvare,
428 1050 81 24 som
538 1037 12 36 i
578 1037 106 50 :regel
712 1036 211 38 tillkomma
952 1035 230 39 'stadsfiskal.

284 1296 66 37 Uti
386 1309 47 23 en
467 1295 103 37 inom
610 1296 129 37 Andra
773 1296 230 37 Kammaren
1037 1296 113 36 väckt
1184 1295 157 49 motion,
1376 1309 62 22 n:o
1478 1298 82 44 145,
1590 1295 158 36 hvilken

156 1347 128 37 blifvit
326 1347 58 37 till
425 1347 238 49 behandling
705 1348 42 36 af
782 1348 189 36 utskottet
1014 1347 198 48 hänvisad,
1247 1348 143 36 erinrar
1420 1360 49 22 nu
1495 1347 87 36 herr
1611 1347 137 47 Hedin,

156 1400 96 36 huru
282 1412 81 24 'som
392 1399 264 48 lagstiftarens
685 1400 155 36 främsta
870 1399 154 50 uppgift
1053 1399 63 37 vid
1144 1399 253 37 utarbetande
1426 1399 42 36 af
1486 1399 177 48 gällande
1684 1399 65 47 lag

156 1451 198 50 angående
389 1451 246 37 lösdrifvares
664 1451 237 49 behandling
929 1451 157 37 allmänt
1114 1451 187 37 erkändes
1333 1464 89 23 vara
1451 1456 55 30 att
1535 1450 84 36 med
1648 1450 100 36 från-

156 1503 184 37 trädande
370 1503 42 37 af
435 1503 207 50 anspråket
669 1507 49 46 på
742 1504 87 48 laga
849 1503 149 37 försvar
1017 1503 12 36 i
1049 1503 509 48 försvarslöshetsstadgans
1579 1503 168 48 mening,

155 1555 120 48 enligt
315 1555 158 37 hvilken
516 1556 107 36 blotta
665 1555 280 48 arbetslösheten,
989 1556 108 49 äfven
1139 1557 68 35 den
1240 1556 237 49 oförvållade,
1506 1554 156 49 gjordes
1692 1555 56 35 till

155 1607 158 37 föremål
355 1607 59 36 för
458 1607 118 47 straff,
609 1608 209 36 inskränka
850 1607 137 49 lagens
1017 1607 246 37 verksamhet
1291 1607 57 36 till
1378 1607 97 46 dem,
1506 1607 79 35 från
1617 1606 131 36 hvilka

155 1659 80 36 fara
263 1664 132 44 syntes
425 1659 235 37 omedelbart
689 1660 90 36 hota
808 1659 211 37 samhället.
1075 1659 134 37 Denna
1230 1660 220 47 grundsats,
1473 1658 152 36 hvilken
1649 1658 99 36 klart

154 1711 189 36 uttalades
372 1711 12 36 i
414 1711 63 36 det
505 1711 218 48 anförande,
749 1711 185 36 hvarmed
955 1710 215 37 dåvarande
1192 1710 136 37 chefen
1350 1711 57 35 för
1422 1710 325 48 justitiedeparte-

156 1767 143 32 mentet
327 1762 12 36 i
369 1762 206 37 statsrådet
603 1762 182 37 framlade
813 1762 258 37 komiterades
1099 1762 147 48 förslag
1273 1762 58 36 till
1360 1761 64 49 lag
1452 1761 10 36 i
1492 1766 138 41 ämnet,
1657 1774 89 23 vore

155 1814 126 47 också,
326 1814 196 36 fortsätter
563 1814 250 48 motionären,
857 1814 194 49 tillämpad
1086 1813 10 36 i
1129 1814 180 49 gällande
1337 1813 249 47 lagstiftning
1615 1815 46 46 på
1691 1818 55 30 ett

154 1870 88 42 sätt,
271 1879 82 24 som
384 1865 203 49 onekligen
618 1866 191 36 utmärkte
839 1871 54 31 ett
924 1865 213 49 betydande
1166 1865 185 49 framsteg
1379 1865 10 36 i
1414 1864 221 49 jemförelse
1661 1864 84 36 med

154 1918 46 35 de
225 1917 262 49 grundsatser,
518 1917 142 50 hvarpå
692 1920 95 35 1846
818 1921 60 33 års
908 1917 454 49 försvarslöshetsstadga
1389 1916 128 37 hvilat:
1576 1916 85 36 Men
1682 1916 64 36 det

154 1969 96 36 hade
292 1970 88 36 dess
422 1975 109 31 värre
574 1969 205 48 befunnits,
822 1975 55 31 att
911 1970 278 47 lagskipningen
1219 1969 149 48 lyckats
1398 1968 184 36 förvända
1611 1968 134 47 lagens

154 2020 97 37 både
281 2020 159 37 bokstaf
463 2022 70 36 och
567 2022 97 35 anda
697 2021 157 47 derhän,
884 2027 55 30 att
969 2034 84 23 man
1084 2020 99 36 hölle
1213 2024 46 45 på
1288 2026 55 30 att
1371 2020 104 48 glida
1504 2019 154 36 tillbaka
1687 2019 58 36 till

155 2072 63 36 det
260 2073 99 35 förra
391 2072 161 42 eländet,
586 2085 80 24 som
702 2086 89 23 vore
821 2086 46 23 en
896 2073 74 35 den
1000 2075 170 32 svåraste
1199 2072 210 36 skamfläck
1439 2071 56 36 för
1523 2074 84 32 vårt
1635 2070 110 36 lands

154 2123 280 36 rättstillstånd.
489 2124 67 35 Att
596 2124 103 36 detta
742 2124 98 35 varit
882 2122 160 49 möjligt,
1086 2128 132 43 syntes
1259 2123 91 36 bero
1388 2122 41 36 af
1453 2123 63 35 det
1545 2122 121 48 enligt
1693 2135 50 22 nu

155 2187 152 23 vunnen
351 2175 214 36 erfarenhet
607 2175 121 36 delvis
771 2175 207 48 olämpliga
1021 2174 101 36 valet
1163 2175 41 35 af
1233 2173 281 49 myndigheter,
1549 2176 36 33 åt
1614 2173 130 36 hvilka

152 2226 133 50 lagens
315 2226 296 36 handhafvande
641 2226 125 36 blifvit
794 2225 224 37 anförtrodt.

281 2277 125 38 Sedan
419 2272 15 57 '
437 2277 234 37 motionären
703 2278 166 36 härefter
898 2278 141 35 lemnat
1067 2290 46 24 en
1143 2277 244 47 redogörelse
1412 2276 57 36 för
1488 2279 64 33 två
1573 2276 41 36 af
1629 2276 115 49 polis-

154 2330 219 36 kammaren
402 2329 12 36 i
443 2329 220 37 Stockholm
694 2330 10 36 i
734 2329 131 49 början
896 2329 40 36 af
960 2328 257 37 innevarande
1246 2332 40 32 år
1316 2328 234 37 behandlade
1576 2328 167 36 ärenden
