2219 2778
236 1081 17 25 I
262 1082 84 32 fråga
367 1092 34 15 om

215 1117 140 34 utvidgning

216 1152 130 34 åtskilliga
378 1153 37 24 lä-

267 1189 93 25 roverk.

490 149 18 35 8
918 141 99 48 Stats-
1028 158 162 32 Utskottets
1224 158 163 35 Utlåtande
1414 162 64 33 N:o
1507 164 52 31 40.

448 238 47 32 sin
526 239 163 44 egentliga
717 240 222 36 bestämmelse
974 245 165 44 förryckta
1167 247 60 33 och
1256 249 149 34 använda
1433 251 50 32 för
1510 252 100 34 andra
1639 255 160 40 ändamål,
1828 263 41 25 än
1898 257 39 33 de
1966 259 72 32 med

446 291 155 33 stiftelsen
645 294 156 43 åsyftade,
831 295 57 33 har
926 298 199 33 motionären
1156 301 172 44 föreslagit,
1358 309 46 26 att
1431 303 188 46 Riksdagen
1649 307 86 38 ville,
1765 309 129 33 utöfver
1921 310 39 32 de
1991 311 47 32 till

444 343 148 46 aflöning
632 347 33 31 af
704 346 125 34 lärarne
870 349 53 32 vid
967 349 254 37 OChristianstads
1258 354 98 44 högre
1384 356 340 37 elementar-läroverk
1752 361 100 33 redan
1882 363 155 44 anslagna

446 397 116 39 medel,
606 399 111 32 anvisa
743 401 184 42 ytterligare
960 404 106 38 1,200
1095 405 92 40 R:dr,
1216 413 46 25 att
1290 408 123 44 årligen
1442 412 75 41 åtgå
1545 412 48 31 till
1621 412 145 42 fyllande
1794 415 32 30 af
1854 415 62 32 den
1945 415 90 40 brist,

443 460 68 21 som
542 449 10 32 i
580 451 142 32 nämnda
760 452 164 34 läroverks
966 462 61 25 stat
1055 460 136 41 uppstår
1218 459 198 44 derigenom,
1447 469 45 24 att
1521 463 54 32 det
1602 465 33 31 af
1673 464 149 34 Dahlska
1860 467 175 44 apologist-

442 501 122 33 fonden
607 503 8 31 i
663 502 238 37 Christianstad
930 508 112 32 hittills
1093 509 166 35 bestridda
1300 513 202 45 lönebidrag,
1549 517 105 38 1,200
1695 518 83 33 R:dr
1821 520 129 33 komme
1991 528 47 25 att

442 554 157 43 upphöra.

568 607 52 32 Då
661 609 110 43 frågor
811 612 32 31 af
884 612 60 32 den
988 613 230 42 beskaffenhet,
1260 612 67 38 som
1371 620 49 39 de,
1459 620 111 33 hvilka
1597 623 9 31 i
1635 623 213 34 förevarande
1878 627 161 32 motioner

448 660 101 42 gjorts
591 661 47 31 till
681 662 132 33 föremål
855 665 48 31 för
931 664 205 46 Riksdagens
1166 668 213 44 bedömande,
1408 673 103 43 enligt
1540 674 165 33 Utkottets
1734 677 93 43 åsigt,
1857 677 72 33 icke
1959 678 79 33 böra

447 712 46 30 till
535 713 176 44 afgörande
752 716 199 33 förekomma
994 718 66 32 förr
1100 726 38 26 än
1183 722 244 35 vederbörande
1468 725 202 35 embetsverk
1703 728 68 33 haft
1800 730 124 32 tillfälle
1953 733 83 30 att
2021 708 20 61 i

448 769 107 27 ämnet
596 767 49 42 sig
672 774 98 35 yttra,
799 781 71 20 men
901 770 114 32 sådant
1043 772 8 31 i
1082 773 213 35 förevarande
1323 777 55 31 fall
1405 778 27 42 ej
1462 784 36 26 är
1525 780 225 40 förhållandet,
1780 782 58 32 har
1866 783 172 33 Utskottet

441 816 73 31 icke
556 818 122 30 kunnat
720 821 253 32 motionärernes
1000 824 276 44 framställningar
1303 829 221 42 understödja,
1553 838 75 24 utan
1659 829 192 47 hemställer,

881 871 32 41 a)
942 879 45 26 att
1028 874 88 33 Herr
1155 876 162 45 Magnells
1360 880 236 35 ofvanberörda
1637 885 120 32 motion
1797 888 48 30 må
1876 887 33 31 af
1935 886 100 34 Riks-

837 925 104 42 dagen
971 926 122 34 lemnas
1123 936 77 25 utan
1229 932 171 39 afseende;
1429 935 59 31 och

888 976 30 40 b)
946 984 44 25 att
1023 980 118 40 jemväl
1184 982 85 32 Herr
1310 983 205 44 Bergströms
1559 989 122 31 motion
1726 992 50 30 må
1802 990 124 33 lemnas
1955 998 78 25 utan

836 1030 160 32 afseende.

582 1080 87 31 13:o.
724 1081 210 32 Beträffande
960 1083 69 32 dels
1059 1086 201 33 anställande
1288 1089 33 31 af
1347 1088 74 33 flere
1437 1090 102 33 lärare
1555 1093 53 31 vid
1626 1094 98 31 redan
1742 1094 212 44 fullständiga
1968 1096 64 32 ele-

439 1130 285 40 mentarläroverk,
768 1133 67 32 dels
879 1135 198 44 utvidgning
1113 1138 32 30 af
1184 1139 163 46 åtskilliga
1390 1142 147 33 läroverk
1574 1145 46 31 till
1662 1146 210 44 fullständiga
1914 1148 59 32 och
2002 1149 32 31 af

438 1183 100 31 andra
568 1183 45 31 till
656 1184 207 44 femklassiga
905 1193 80 25 samt
1028 1189 165 42 angående
1235 1194 100 40 några
1375 1195 215 43 pedagogiers
1631 1198 228 43 uppflyttande
1893 1199 45 32 till
1968 1207 56 25 tre-

431 1234 140 43 klassiga
616 1236 149 33 läroverk
807 1243 55 27 äro
904 1239 142 42 följande
1089 1242 274 45 framställningar
1406 1247 46 31 till
1481 1247 183 35 Utskottets
1699 1250 197 45 behandling
1924 1253 107 32 öfver-

430 1286 147 32 lemnade
612 1289 175 42 nemligen:

557 1334 32 47 a)
620 1341 32 30 af
680 1340 85 32 Herr
787 1341 39 31 P.
855 1343 35 30 de
919 1342 112 40 Laval,
1060 1356 67 20 som
1157 1347 98 31 utien
1286 1348 87 32 inom
1402 1349 118 34 Första
1547 1351 198 35 Kammaren
1775 1355 95 32 väckt
1899 1356 131 40 motion,

432 1390 76 40 (N:o
542 1389 59 44 26)
630 1395 104 29 såsom
765 1395 151 42 ostridigt
957 1396 183 37 framhållit,
1170 1406 55 30 att,
1268 1412 50 20 om
1349 1413 73 20 man
1451 1403 74 32 ville
1562 1404 8 31 i
1599 1405 127 33 landets
1755 1408 159 32 särskilda
1944 1408 87 33 delar

431 1442 66 31 lika
529 1444 112 41 främja
673 1445 59 31 den
764 1445 98 43 högre
891 1448 460 47 elementarundervisningen,
1381 1456 33 28 så
1443 1458 99 29 måste
1577 1469 74 19 man
1680 1460 32 29 åt
1739 1459 62 31 alla
1829 1460 98 43 högre
1956 1461 76 32 eller

433 1494 215 44 fullständiga
680 1498 323 33 elementarläroverk
1032 1500 88 43 gifva
1148 1502 65 31 lika
1228 1504 225 33 lärarekrafter
1481 1507 9 31 i
1519 1507 40 32 de
1587 1515 66 26 mot
1682 1510 39 32 de
1750 1512 116 31 fordna
1893 1525 136 30 gymna-

429 1546 109 32 sierna
583 1550 157 30 svarande
785 1551 63 30 6:te
890 1551 58 31 och
981 1553 73 30 7:de
1096 1553 165 33 klasserna
1289 1557 33 31 af
1350 1557 39 31 de
1418 1561 188 32 nuvarande
1634 1562 201 40 läroverken,
1866 1576 72 20 men
1966 1565 65 32 låta

429 1598 233 42 adjunkternes
704 1601 86 32 antal
834 1603 53 31 vid
931 1603 165 33 desamma
1125 1604 192 36 bestämmas
1347 1609 32 31 af
1407 1610 54 32 det
1489 1614 203 32 återstående
1722 1614 152 34 behofvet
1900 1616 59 33 och
1988 1619 42 41 på

427 1651 108 41 grund
566 1651 90 33 deraf
701 1653 173 42 föreslagit,
904 1662 48 24 att
978 1656 188 43 Riksdagen
1197 1662 97 29 måtte
1323 1661 67 31 dels
1419 1663 90 31 anslå
1540 1666 212 43 erforderliga
1781 1668 104 32 medel
1914 1669 49 31 för
1990 1681 38 20 en

426 1702 101 31 sådan
558 1704 163 43 reglering
750 1706 31 31 af
809 1706 39 31 de
878 1705 96 45 högre
1003 1708 364 36 elementarläroverken
1396 1714 9 30 i
1436 1714 91 40 riket,
1556 1723 45 25 att
1629 1717 55 32 vid
1713 1718 172 34 hvartdera
1904 1721 33 31 af
1956 1721 70 32 dem

426 1753 91 31 löner
559 1754 106 33 blefve
705 1763 46 24 att
794 1758 91 42 tillgå
926 1760 49 30 för
1018 1761 17 29 8
1068 1761 138 32 lektorer
1247 1764 58 31 och
1336 1765 53 31 det
1416 1767 88 31 antal
1531 1769 182 41 adjunkter,
1744 1783 67 20 som
1842 1772 186 32 derutöfver

427 1805 111 32 kunde
567 1808 172 37 erfordras,
783 1810 72 31 med
897 1810 208 43 iakttagande
1133 1813 91 33 deraf
1264 1823 47 24 att
1341 1818 42 30 16
1414 1818 101 32 lärare
1545 1819 99 34 borde
1676 1822 173 33 förefinnas
1877 1825 49 31 för
1955 1825 70 32 200

429 1856 176 44 lärjungar,
634 1867 81 24 samt
743 1861 185 44 ytterligare
956 1875 37 19 en
1024 1863 101 32 lärare
1152 1865 50 32 för
1229 1866 109 44 hvarje
1379 1869 74 32 fullt
1481 1872 153 32 trettiotal
1672 1874 186 33 derutöfver
1886 1877 32 31 af
1945 1877 81 32 läro-

430 1909 125 31 verkets
584 1911 189 44 lärjungar;
804 1914 66 31 dels
900 1915 70 38 ock,
1000 1915 182 34 oberoende
1210 1920 32 30 af
1272 1919 137 33 beslutet
1436 1922 122 40 härom,
1588 1926 49 30 för
1664 1926 213 33 läroverket
1869 1918 21 53 i
1906 1928 121 32 Fahlun

429 1960 119 43 bevilja
577 1964 113 42 anslag
719 1965 45 31 till
807 1964 51 33 lön
889 1967 49 30 för
966 1978 36 21 en
1032 1967 104 33 lektor
1165 1971 71 31 med
1269 1972 106 37 2,000
1404 1973 89 39 R:dr,
1524 1977 167 33 äfvensom
1725 1980 106 38 1,000
1860 1980 90 40 R:dr,
1980 1981 46 32 till

425 2019 47 24 att
501 2014 130 32 dermed
661 2016 53 31 vid
745 2018 270 32 nästinträffande
1043 2020 300 45 adjunktsledighet
1386 2025 124 44 förhöja
1553 2028 59 32 den
1656 2030 72 32 med
1757 2031 137 32 sålunda
1922 2033 103 43 ledig-

425 2064 101 32 blifna
558 2066 226 45 befattningen
815 2070 175 42 åtföljande
1018 2072 51 31 lön
1101 2073 45 32 till
1192 2075 108 38 2,000
1338 2076 89 41 R:dr,
1469 2082 104 30 såsom
1602 2081 51 32 lön
1684 2082 50 32 för
1762 2083 61 32 den
1855 2084 72 33 8:de
1956 2085 67 32 lek-

425 2123 71 25 torn
527 2118 52 31 vid
613 2121 139 30 nämnda
784 2122 156 32 läroverk.

554 2166 34 45 b)
619 2171 34 32 af
692 2171 85 33 Herr
820 2174 44 31 AM.
907 2175 194 43 JIallenborg
1142 2178 59 32 och
1242 2179 86 33 Herr
1371 2180 32 33 SS.
1451 2182 175 43 Trägårdh,
1663 2185 111 32 hvilka
1813 2187 9 32 i
1865 2189 158 32 särskilda

424 2221 172 37 motioner,
628 2224 60 31 den
720 2226 82 30 förre
830 2226 85 32 inom
959 2227 116 32 Första
1116 2229 198 35 Kammaren
1349 2228 136 49 (motion
1517 2235 57 32 N:o
1606 2233 61 49 62)
1710 2238 59 32 och
1799 2239 62 33 den
1889 2241 134 33 sednare

424 2272 89 32 inom
560 2272 113 34 Andra
716 2276 197 34 Kammaren
958 2275 135 48 (motion
1135 2281 61 32 N:o
1228 2279 86 49 180)
1343 2286 129 38 erinrat,
1501 2287 153 33 hurusom
1683 2301 117 31 genom
1829 2292 193 33 förändrade

1769 2344 200 43 stadganden
