<?xml version="1.0" encoding="UTF-8"?>
<alto xmlns="http://www.loc.gov/standards/alto/ns-v3#" xmlns:xlink="http://www.w3.org/1999/xlink" xmlns:xsi="http://www.w3.org/2001/XMLSchema-instance" xsi:schemaLocation="http://www.loc.gov/standards/alto/ns-v3# http://www.loc.gov/alto/v3/alto-3-0.xsd">
	<Description>
		<MeasurementUnit>pixel</MeasurementUnit>
		<sourceImageInformation>
			<fileName>/tmp/tess_rt51kj36_input.PNG</fileName>
		</sourceImageInformation>
		<OCRProcessing ID="OCR_0">
			<ocrProcessingStep>
				<processingSoftware>
					<softwareName>tesseract 5.3.0</softwareName>
				</processingSoftware>
			</ocrProcessingStep>
		</OCRProcessing>
	</Description>
	<Layout>
		<Page WIDTH="2295" HEIGHT="2791" PHYSICAL_IMG_NR="0" ID="page_0">
			<PrintSpace HPOS="0" VPOS="0" WIDTH="2295" HEIGHT="2791">
				<ComposedBlock ID="cblock_0" HPOS="624" VPOS="154" WIDTH="1080" HEIGHT="37">
					<TextBlock ID="block_0" HPOS="624" VPOS="154" WIDTH="1080" HEIGHT="37">
						<TextLine ID="line_0" HPOS="624" VPOS="154" WIDTH="1080" HEIGHT="37">
							<String ID="string_0" HPOS="624" VPOS="155" WIDTH="99" HEIGHT="33" WC="0.91" CONTENT="Stats-"/><SP WIDTH="13" VPOS="155" HPOS="723"/>
							<String ID="string_1" HPOS="736" VPOS="154" WIDTH="160" HEIGHT="35" WC="0.95" CONTENT="Utskottets"/><SP WIDTH="35" VPOS="154" HPOS="896"/>
							<String ID="string_2" HPOS="931" VPOS="156" WIDTH="162" HEIGHT="34" WC="0.96" CONTENT="Utlåtande"/><SP WIDTH="31" VPOS="156" HPOS="1093"/>
							<String ID="string_3" HPOS="1124" VPOS="156" WIDTH="61" HEIGHT="34" WC="0.96" CONTENT="N:o"/><SP WIDTH="28" VPOS="156" HPOS="1185"/>
							<String ID="string_4" HPOS="1213" VPOS="159" WIDTH="52" HEIGHT="31" WC="0.96" CONTENT="40."/><SP WIDTH="403" VPOS="159" HPOS="1265"/>
							<String ID="string_5" HPOS="1668" VPOS="160" WIDTH="36" HEIGHT="31" WC="0.86" CONTENT="11"/>
						</TextLine>
					</TextBlock>
				</ComposedBlock>
				<ComposedBlock ID="cblock_1" HPOS="164" VPOS="240" WIDTH="1598" HEIGHT="2072">
					<TextBlock ID="block_1" HPOS="164" VPOS="240" WIDTH="1597" HEIGHT="309">
						<TextLine ID="line_1" HPOS="304" VPOS="240" WIDTH="1456" HEIGHT="47">
							<String ID="string_6" HPOS="304" VPOS="240" WIDTH="34" HEIGHT="44" WC="0.82" CONTENT="n)"/><SP WIDTH="30" VPOS="240" HPOS="338"/>
							<String ID="string_7" HPOS="368" VPOS="250" WIDTH="83" HEIGHT="25" WC="0.96" CONTENT="samt"/><SP WIDTH="42" VPOS="250" HPOS="451"/>
							<String ID="string_8" HPOS="493" VPOS="243" WIDTH="150" HEIGHT="44" WC="0.94" CONTENT="slutligen"/><SP WIDTH="42" VPOS="243" HPOS="643"/>
							<String ID="string_9" HPOS="685" VPOS="244" WIDTH="32" HEIGHT="31" WC="0.95" CONTENT="af"/><SP WIDTH="38" VPOS="244" HPOS="717"/>
							<String ID="string_10" HPOS="755" VPOS="244" WIDTH="85" HEIGHT="31" WC="0.92" CONTENT="Herr"/><SP WIDTH="33" VPOS="244" HPOS="840"/>
							<String ID="string_11" HPOS="873" VPOS="244" WIDTH="34" HEIGHT="31" WC="0.83" CONTENT="J."/><SP WIDTH="27" VPOS="244" HPOS="907"/>
							<String ID="string_12" HPOS="934" VPOS="245" WIDTH="100" HEIGHT="42" WC="0.96" CONTENT="Borg,"/><SP WIDTH="30" VPOS="245" HPOS="1034"/>
							<String ID="string_13" HPOS="1064" VPOS="256" WIDTH="68" HEIGHT="20" WC="0.96" CONTENT="som"/><SP WIDTH="30" VPOS="256" HPOS="1132"/>
							<String ID="string_14" HPOS="1162" VPOS="245" WIDTH="46" HEIGHT="32" WC="0.96" CONTENT="uti"/><SP WIDTH="30" VPOS="245" HPOS="1208"/>
							<String ID="string_15" HPOS="1238" VPOS="257" WIDTH="37" HEIGHT="20" WC="0.96" CONTENT="en"/><SP WIDTH="30" VPOS="257" HPOS="1275"/>
							<String ID="string_16" HPOS="1305" VPOS="246" WIDTH="86" HEIGHT="31" WC="0.96" CONTENT="inom"/><SP WIDTH="29" VPOS="246" HPOS="1391"/>
							<String ID="string_17" HPOS="1420" VPOS="244" WIDTH="116" HEIGHT="33" WC="0.96" CONTENT="Andra"/><SP WIDTH="27" VPOS="244" HPOS="1536"/>
							<String ID="string_18" HPOS="1563" VPOS="246" WIDTH="197" HEIGHT="32" WC="0.95" CONTENT="Kammaren"/>
						</TextLine>
						<TextLine ID="line_2" HPOS="175" VPOS="293" WIDTH="1586" HEIGHT="47">
							<String ID="string_19" HPOS="175" VPOS="294" WIDTH="97" HEIGHT="32" WC="0.96" CONTENT="väckt"/><SP WIDTH="28" VPOS="294" HPOS="272"/>
							<String ID="string_20" HPOS="300" VPOS="295" WIDTH="121" HEIGHT="32" WC="0.96" CONTENT="motion"/><SP WIDTH="32" VPOS="295" HPOS="421"/>
							<String ID="string_21" HPOS="453" VPOS="293" WIDTH="74" HEIGHT="44" WC="0.95" CONTENT="(N:o"/><SP WIDTH="34" VPOS="293" HPOS="527"/>
							<String ID="string_22" HPOS="561" VPOS="295" WIDTH="83" HEIGHT="42" WC="0.92" CONTENT="179)"/><SP WIDTH="38" VPOS="295" HPOS="644"/>
							<String ID="string_23" HPOS="682" VPOS="295" WIDTH="172" HEIGHT="39" WC="0.91" CONTENT="hemställt,"/><SP WIDTH="38" VPOS="295" HPOS="854"/>
							<String ID="string_24" HPOS="892" VPOS="302" WIDTH="55" HEIGHT="32" WC="0.96" CONTENT="att,"/><SP WIDTH="29" VPOS="302" HPOS="947"/>
							<String ID="string_25" HPOS="976" VPOS="303" WIDTH="76" HEIGHT="26" WC="0.93" CONTENT="enär"/><SP WIDTH="32" VPOS="303" HPOS="1052"/>
							<String ID="string_26" HPOS="1084" VPOS="296" WIDTH="164" HEIGHT="44" WC="0.88" CONTENT="Södertelje"/><SP WIDTH="27" VPOS="296" HPOS="1248"/>
							<String ID="string_27" HPOS="1275" VPOS="297" WIDTH="70" HEIGHT="32" WC="0.96" CONTENT="stad"/><SP WIDTH="30" VPOS="297" HPOS="1345"/>
							<String ID="string_28" HPOS="1375" VPOS="297" WIDTH="110" HEIGHT="38" WC="0.95" CONTENT="redan,"/><SP WIDTH="30" VPOS="297" HPOS="1485"/>
							<String ID="string_29" HPOS="1515" VPOS="298" WIDTH="98" HEIGHT="32" WC="0.95" CONTENT="sedan"/><SP WIDTH="30" VPOS="298" HPOS="1613"/>
							<String ID="string_30" HPOS="1643" VPOS="304" WIDTH="118" HEIGHT="27" WC="0.95" CONTENT="tvänne"/>
						</TextLine>
						<TextLine ID="line_3" HPOS="164" VPOS="346" WIDTH="1597" HEIGHT="47">
							<String ID="string_31" HPOS="164" VPOS="348" WIDTH="35" HEIGHT="30" WC="0.92" CONTENT="år"/><SP WIDTH="47" VPOS="348" HPOS="199"/>
							<String ID="string_32" HPOS="246" VPOS="346" WIDTH="146" HEIGHT="40" WC="0.89" CONTENT="tillbaka,"/><SP WIDTH="43" VPOS="346" HPOS="392"/>
							<String ID="string_33" HPOS="435" VPOS="348" WIDTH="54" HEIGHT="31" WC="0.93" CONTENT="vid"/><SP WIDTH="43" VPOS="348" HPOS="489"/>
							<String ID="string_34" HPOS="532" VPOS="348" WIDTH="200" HEIGHT="32" WC="0.91" CONTENT="dervarande"/><SP WIDTH="43" VPOS="348" HPOS="732"/>
							<String ID="string_35" HPOS="775" VPOS="348" WIDTH="197" HEIGHT="44" WC="0.91" CONTENT="tvåklassiga"/><SP WIDTH="36" VPOS="348" HPOS="972"/>
							<String ID="string_36" HPOS="1008" VPOS="349" WIDTH="162" HEIGHT="44" WC="0.90" CONTENT="pedagogi"/><SP WIDTH="29" VPOS="349" HPOS="1170"/>
							<String ID="string_37" HPOS="1199" VPOS="349" WIDTH="129" HEIGHT="32" WC="0.96" CONTENT="anställt"/><SP WIDTH="27" VPOS="349" HPOS="1328"/>
							<String ID="string_38" HPOS="1355" VPOS="349" WIDTH="59" HEIGHT="32" WC="0.93" CONTENT="och"/><SP WIDTH="30" VPOS="349" HPOS="1414"/>
							<String ID="string_39" HPOS="1444" VPOS="350" WIDTH="119" HEIGHT="32" WC="0.93" CONTENT="aflönat"/><SP WIDTH="27" VPOS="350" HPOS="1563"/>
							<String ID="string_40" HPOS="1590" VPOS="362" WIDTH="37" HEIGHT="21" WC="0.96" CONTENT="en"/><SP WIDTH="33" VPOS="362" HPOS="1627"/>
							<String ID="string_41" HPOS="1660" VPOS="351" WIDTH="101" HEIGHT="42" WC="0.96" CONTENT="tredje"/>
						</TextLine>
						<TextLine ID="line_4" HPOS="166" VPOS="399" WIDTH="1593" HEIGHT="45">
							<String ID="string_42" HPOS="166" VPOS="399" WIDTH="114" HEIGHT="38" WC="0.95" CONTENT="lärare,"/><SP WIDTH="44" VPOS="399" HPOS="280"/>
							<String ID="string_43" HPOS="324" VPOS="400" WIDTH="143" HEIGHT="31" WC="0.93" CONTENT="nämnda"/><SP WIDTH="41" VPOS="400" HPOS="467"/>
							<String ID="string_44" HPOS="508" VPOS="400" WIDTH="161" HEIGHT="43" WC="0.91" CONTENT="pedagogi"/><SP WIDTH="44" VPOS="400" HPOS="669"/>
							<String ID="string_45" HPOS="713" VPOS="412" WIDTH="43" HEIGHT="19" WC="0.96" CONTENT="nu"/><SP WIDTH="43" VPOS="412" HPOS="756"/>
							<String ID="string_46" HPOS="799" VPOS="403" WIDTH="98" HEIGHT="29" WC="0.92" CONTENT="måtte"/><SP WIDTH="41" VPOS="403" HPOS="897"/>
							<String ID="string_47" HPOS="938" VPOS="401" WIDTH="157" HEIGHT="43" WC="0.89" CONTENT="upphöjas"/><SP WIDTH="39" VPOS="401" HPOS="1095"/>
							<String ID="string_48" HPOS="1134" VPOS="402" WIDTH="49" HEIGHT="31" WC="0.92" CONTENT="till"/><SP WIDTH="37" VPOS="402" HPOS="1183"/>
							<String ID="string_49" HPOS="1220" VPOS="402" WIDTH="187" HEIGHT="42" WC="0.91" CONTENT="treklassigt"/><SP WIDTH="27" VPOS="402" HPOS="1407"/>
							<String ID="string_50" HPOS="1434" VPOS="402" WIDTH="325" HEIGHT="33" WC="0.90" CONTENT="elementarläroverk"/>
						</TextLine>
						<TextLine ID="line_5" HPOS="171" VPOS="451" WIDTH="1588" HEIGHT="46">
							<String ID="string_51" HPOS="171" VPOS="451" WIDTH="73" HEIGHT="31" WC="0.92" CONTENT="med"/><SP WIDTH="44" VPOS="451" HPOS="244"/>
							<String ID="string_52" HPOS="288" VPOS="451" WIDTH="226" HEIGHT="43" WC="0.58" CONTENT="vederbörliga"/><SP WIDTH="43" VPOS="451" HPOS="514"/>
							<String ID="string_53" HPOS="557" VPOS="452" WIDTH="237" HEIGHT="43" WC="0.90" CONTENT="öfningslärare"/><SP WIDTH="41" VPOS="452" HPOS="794"/>
							<String ID="string_54" HPOS="835" VPOS="453" WIDTH="10" HEIGHT="30" WC="0.96" CONTENT="i"/><SP WIDTH="28" VPOS="453" HPOS="845"/>
							<String ID="string_55" HPOS="873" VPOS="453" WIDTH="184" HEIGHT="42" WC="0.96" CONTENT="gymnastik"/><SP WIDTH="30" VPOS="453" HPOS="1057"/>
							<String ID="string_56" HPOS="1087" VPOS="453" WIDTH="59" HEIGHT="33" WC="0.96" CONTENT="och"/><SP WIDTH="30" VPOS="453" HPOS="1146"/>
							<String ID="string_57" HPOS="1176" VPOS="454" WIDTH="156" HEIGHT="43" WC="0.96" CONTENT="teckning"/><SP WIDTH="26" VPOS="454" HPOS="1332"/>
							<String ID="string_58" HPOS="1358" VPOS="461" WIDTH="84" HEIGHT="25" WC="0.95" CONTENT="samt"/><SP WIDTH="27" VPOS="461" HPOS="1442"/>
							<String ID="string_59" HPOS="1469" VPOS="460" WIDTH="47" HEIGHT="26" WC="0.96" CONTENT="att"/><SP WIDTH="28" VPOS="460" HPOS="1516"/>
							<String ID="string_60" HPOS="1544" VPOS="455" WIDTH="179" HEIGHT="33" WC="0.96" CONTENT="läroverket"/><SP WIDTH="27" VPOS="455" HPOS="1723"/>
							<String ID="string_61" HPOS="1750" VPOS="456" WIDTH="9" HEIGHT="30" WC="0.96" CONTENT="i"/>
						</TextLine>
						<TextLine ID="line_6" HPOS="166" VPOS="503" WIDTH="1165" HEIGHT="46">
							<String ID="string_62" HPOS="166" VPOS="503" WIDTH="104" HEIGHT="31" WC="0.96" CONTENT="sådan"/><SP WIDTH="31" VPOS="503" HPOS="270"/>
							<String ID="string_63" HPOS="301" VPOS="504" WIDTH="163" HEIGHT="43" WC="0.96" CONTENT="egenskap"/><SP WIDTH="30" VPOS="504" HPOS="464"/>
							<String ID="string_64" HPOS="494" VPOS="506" WIDTH="97" HEIGHT="30" WC="0.93" CONTENT="måtte"/><SP WIDTH="28" VPOS="506" HPOS="591"/>
							<String ID="string_65" HPOS="619" VPOS="507" WIDTH="19" HEIGHT="28" WC="0.92" CONTENT="å"/><SP WIDTH="26" VPOS="507" HPOS="638"/>
							<String ID="string_66" HPOS="664" VPOS="504" WIDTH="382" HEIGHT="33" WC="0.91" CONTENT="elementarläroverkens"/><SP WIDTH="29" VPOS="504" HPOS="1046"/>
							<String ID="string_67" HPOS="1075" VPOS="514" WIDTH="62" HEIGHT="23" WC="0.96" CONTENT="stat"/><SP WIDTH="27" VPOS="514" HPOS="1137"/>
							<String ID="string_68" HPOS="1164" VPOS="506" WIDTH="167" HEIGHT="43" WC="0.96" CONTENT="uppföras."/>
						</TextLine>
					</TextBlock>
					<TextBlock ID="block_2" HPOS="165" VPOS="555" WIDTH="1597" HEIGHT="708">
						<TextLine ID="line_7" HPOS="301" VPOS="555" WIDTH="1460" HEIGHT="44">
							<String ID="string_69" HPOS="301" VPOS="555" WIDTH="72" HEIGHT="32" WC="0.96" CONTENT="Den"/><SP WIDTH="30" VPOS="555" HPOS="373"/>
							<String ID="string_70" HPOS="403" VPOS="556" WIDTH="109" HEIGHT="31" WC="0.92" CONTENT="starka"/><SP WIDTH="29" VPOS="556" HPOS="512"/>
							<String ID="string_71" HPOS="541" VPOS="556" WIDTH="125" HEIGHT="31" WC="0.91" CONTENT="tillvext"/><SP WIDTH="28" VPOS="556" HPOS="666"/>
							<String ID="string_72" HPOS="694" VPOS="556" WIDTH="9" HEIGHT="31" WC="0.93" CONTENT="i"/><SP WIDTH="29" VPOS="556" HPOS="703"/>
							<String ID="string_73" HPOS="732" VPOS="556" WIDTH="286" HEIGHT="43" WC="0.92" CONTENT="lärjunge-antalet"/><SP WIDTH="30" VPOS="556" HPOS="1018"/>
							<String ID="string_74" HPOS="1048" VPOS="558" WIDTH="53" HEIGHT="31" WC="0.93" CONTENT="vid"/><SP WIDTH="29" VPOS="558" HPOS="1101"/>
							<String ID="string_75" HPOS="1130" VPOS="558" WIDTH="395" HEIGHT="40" WC="0.91" CONTENT="elementar-läroverken,"/><SP WIDTH="35" VPOS="558" HPOS="1525"/>
							<String ID="string_76" HPOS="1560" VPOS="571" WIDTH="67" HEIGHT="20" WC="0.96" CONTENT="som"/><SP WIDTH="30" VPOS="571" HPOS="1627"/>
							<String ID="string_77" HPOS="1657" VPOS="560" WIDTH="104" HEIGHT="31" WC="0.95" CONTENT="under"/>
						</TextLine>
						<TextLine ID="line_8" HPOS="167" VPOS="606" WIDTH="1591" HEIGHT="47">
							<String ID="string_78" HPOS="167" VPOS="607" WIDTH="40" HEIGHT="30" WC="0.91" CONTENT="de"/><SP WIDTH="28" VPOS="607" HPOS="207"/>
							<String ID="string_79" HPOS="235" VPOS="606" WIDTH="149" HEIGHT="32" WC="0.90" CONTENT="sednaste"/><SP WIDTH="28" VPOS="606" HPOS="384"/>
							<String ID="string_80" HPOS="412" VPOS="610" WIDTH="76" HEIGHT="29" WC="0.96" CONTENT="åren"/><SP WIDTH="31" VPOS="610" HPOS="488"/>
							<String ID="string_81" HPOS="519" VPOS="615" WIDTH="53" HEIGHT="35" WC="0.96" CONTENT="egt"/><SP WIDTH="27" VPOS="615" HPOS="572"/>
							<String ID="string_82" HPOS="599" VPOS="619" WIDTH="82" HEIGHT="28" WC="0.96" CONTENT="rum,"/><SP WIDTH="30" VPOS="619" HPOS="681"/>
							<String ID="string_83" HPOS="711" VPOS="608" WIDTH="57" HEIGHT="31" WC="0.93" CONTENT="har"/><SP WIDTH="28" VPOS="608" HPOS="768"/>
							<String ID="string_84" HPOS="796" VPOS="608" WIDTH="162" HEIGHT="32" WC="0.91" CONTENT="föranledt"/><SP WIDTH="28" VPOS="608" HPOS="958"/>
							<String ID="string_85" HPOS="986" VPOS="621" WIDTH="37" HEIGHT="19" WC="0.96" CONTENT="en"/><SP WIDTH="30" VPOS="621" HPOS="1023"/>
							<String ID="string_86" HPOS="1053" VPOS="612" WIDTH="35" HEIGHT="28" WC="0.96" CONTENT="så"/><SP WIDTH="28" VPOS="612" HPOS="1088"/>
							<String ID="string_87" HPOS="1116" VPOS="609" WIDTH="107" HEIGHT="43" WC="0.96" CONTENT="hastig"/><SP WIDTH="27" VPOS="609" HPOS="1223"/>
							<String ID="string_88" HPOS="1250" VPOS="610" WIDTH="174" HEIGHT="43" WC="0.96" CONTENT="tillökning"/><SP WIDTH="29" VPOS="610" HPOS="1424"/>
							<String ID="string_89" HPOS="1453" VPOS="611" WIDTH="9" HEIGHT="30" WC="0.93" CONTENT="i"/><SP WIDTH="28" VPOS="611" HPOS="1462"/>
							<String ID="string_90" HPOS="1490" VPOS="610" WIDTH="142" HEIGHT="33" WC="0.91" CONTENT="lärarnes"/><SP WIDTH="29" VPOS="610" HPOS="1632"/>
							<String ID="string_91" HPOS="1661" VPOS="611" WIDTH="97" HEIGHT="39" WC="0.96" CONTENT="antal,"/>
						</TextLine>
						<TextLine ID="line_9" HPOS="166" VPOS="659" WIDTH="1593" HEIGHT="46">
							<String ID="string_92" HPOS="166" VPOS="665" WIDTH="46" HEIGHT="25" WC="0.96" CONTENT="att"/><SP WIDTH="30" VPOS="665" HPOS="212"/>
							<String ID="string_93" HPOS="242" VPOS="659" WIDTH="49" HEIGHT="31" WC="0.96" CONTENT="för"/><SP WIDTH="28" VPOS="659" HPOS="291"/>
							<String ID="string_94" HPOS="319" VPOS="659" WIDTH="59" HEIGHT="31" WC="0.96" CONTENT="den"/><SP WIDTH="32" VPOS="659" HPOS="378"/>
							<String ID="string_95" HPOS="410" VPOS="665" WIDTH="160" HEIGHT="26" WC="0.96" CONTENT="närmaste"/><SP WIDTH="29" VPOS="665" HPOS="570"/>
							<String ID="string_96" HPOS="599" VPOS="660" WIDTH="173" HEIGHT="31" WC="0.96" CONTENT="framtiden"/><SP WIDTH="32" VPOS="660" HPOS="772"/>
							<String ID="string_97" HPOS="804" VPOS="663" WIDTH="104" HEIGHT="40" WC="0.96" CONTENT="någon"/><SP WIDTH="33" VPOS="663" HPOS="908"/>
							<String ID="string_98" HPOS="941" VPOS="661" WIDTH="108" HEIGHT="31" WC="0.96" CONTENT="vidare"/><SP WIDTH="29" VPOS="661" HPOS="1049"/>
							<String ID="string_99" HPOS="1078" VPOS="662" WIDTH="196" HEIGHT="43" WC="0.96" CONTENT="utvidgning"/><SP WIDTH="27" VPOS="662" HPOS="1274"/>
							<String ID="string_100" HPOS="1301" VPOS="663" WIDTH="34" HEIGHT="30" WC="0.96" CONTENT="af"/><SP WIDTH="28" VPOS="663" HPOS="1335"/>
							<String ID="string_101" HPOS="1363" VPOS="662" WIDTH="111" HEIGHT="43" WC="0.96" CONTENT="dylika"/><SP WIDTH="28" VPOS="662" HPOS="1474"/>
							<String ID="string_102" HPOS="1502" VPOS="663" WIDTH="150" HEIGHT="32" WC="0.93" CONTENT="läroverk"/><SP WIDTH="19" VPOS="663" HPOS="1652"/>
							<String ID="string_103" HPOS="1671" VPOS="666" WIDTH="88" HEIGHT="29" WC="0.91" CONTENT="svår-"/>
						</TextLine>
						<TextLine ID="line_10" HPOS="165" VPOS="710" WIDTH="1594" HEIGHT="47">
							<String ID="string_104" HPOS="165" VPOS="710" WIDTH="89" HEIGHT="43" WC="0.95" CONTENT="ligen"/><SP WIDTH="47" VPOS="710" HPOS="254"/>
							<String ID="string_105" HPOS="301" VPOS="710" WIDTH="58" HEIGHT="32" WC="0.95" CONTENT="bör"/><SP WIDTH="41" VPOS="710" HPOS="359"/>
							<String ID="string_106" HPOS="400" VPOS="711" WIDTH="109" HEIGHT="32" WC="0.93" CONTENT="kunna"/><SP WIDTH="41" VPOS="711" HPOS="509"/>
							<String ID="string_107" HPOS="550" VPOS="711" WIDTH="248" HEIGHT="43" WC="0.90" CONTENT="ifrågakomma."/><SP WIDTH="67" VPOS="711" HPOS="798"/>
							<String ID="string_108" HPOS="865" VPOS="712" WIDTH="99" HEIGHT="32" WC="0.83" CONTENT="Utom"/><SP WIDTH="46" VPOS="712" HPOS="964"/>
							<String ID="string_109" HPOS="1010" VPOS="714" WIDTH="51" HEIGHT="31" WC="0.92" CONTENT="det"/><SP WIDTH="43" VPOS="714" HPOS="1061"/>
							<String ID="string_110" HPOS="1104" VPOS="713" WIDTH="95" HEIGHT="44" WC="0.94" CONTENT="högst"/><SP WIDTH="40" VPOS="713" HPOS="1199"/>
							<String ID="string_111" HPOS="1239" VPOS="713" WIDTH="166" HEIGHT="44" WC="0.94" CONTENT="betydliga"/><SP WIDTH="28" VPOS="713" HPOS="1405"/>
							<String ID="string_112" HPOS="1433" VPOS="715" WIDTH="88" HEIGHT="31" WC="0.96" CONTENT="antal"/><SP WIDTH="29" VPOS="715" HPOS="1521"/>
							<String ID="string_113" HPOS="1550" VPOS="727" WIDTH="63" HEIGHT="30" WC="0.93" CONTENT="nya"/><SP WIDTH="28" VPOS="727" HPOS="1613"/>
							<String ID="string_114" HPOS="1641" VPOS="715" WIDTH="118" HEIGHT="33" WC="0.91" CONTENT="lärare-"/>
						</TextLine>
						<TextLine ID="line_11" HPOS="166" VPOS="762" WIDTH="1596" HEIGHT="48">
							<String ID="string_115" HPOS="166" VPOS="762" WIDTH="229" HEIGHT="42" WC="0.96" CONTENT="befattningar,"/><SP WIDTH="43" VPOS="762" HPOS="395"/>
							<String ID="string_116" HPOS="438" VPOS="776" WIDTH="67" HEIGHT="19" WC="0.96" CONTENT="som"/><SP WIDTH="44" VPOS="776" HPOS="505"/>
							<String ID="string_117" HPOS="549" VPOS="764" WIDTH="176" HEIGHT="31" WC="0.92" CONTENT="inrättades"/><SP WIDTH="30" VPOS="764" HPOS="725"/>
							<String ID="string_118" HPOS="755" VPOS="764" WIDTH="54" HEIGHT="31" WC="0.96" CONTENT="vid"/><SP WIDTH="35" VPOS="764" HPOS="809"/>
							<String ID="string_119" HPOS="844" VPOS="764" WIDTH="174" HEIGHT="43" WC="0.96" CONTENT="riksdagen"/><SP WIDTH="35" VPOS="764" HPOS="1018"/>
							<String ID="string_120" HPOS="1053" VPOS="766" WIDTH="105" HEIGHT="37" WC="0.96" CONTENT="1856,"/><SP WIDTH="30" VPOS="766" HPOS="1158"/>
							<String ID="string_121" HPOS="1188" VPOS="766" WIDTH="123" HEIGHT="32" WC="0.96" CONTENT="tillkom"/><SP WIDTH="31" VPOS="766" HPOS="1311"/>
							<String ID="string_122" HPOS="1342" VPOS="766" WIDTH="53" HEIGHT="31" WC="0.96" CONTENT="vid"/><SP WIDTH="30" VPOS="766" HPOS="1395"/>
							<String ID="string_123" HPOS="1425" VPOS="766" WIDTH="61" HEIGHT="32" WC="0.89" CONTENT="den"/><SP WIDTH="30" VPOS="766" HPOS="1486"/>
							<String ID="string_124" HPOS="1516" VPOS="767" WIDTH="246" HEIGHT="43" WC="0.88" CONTENT="derpåföljande"/>
						</TextLine>
						<TextLine ID="line_12" HPOS="167" VPOS="815" WIDTH="1594" HEIGHT="45">
							<String ID="string_125" HPOS="167" VPOS="821" WIDTH="47" HEIGHT="25" WC="0.96" CONTENT="ett"/><SP WIDTH="40" VPOS="821" HPOS="214"/>
							<String ID="string_126" HPOS="254" VPOS="815" WIDTH="86" HEIGHT="32" WC="0.96" CONTENT="antal"/><SP WIDTH="42" VPOS="815" HPOS="340"/>
							<String ID="string_127" HPOS="382" VPOS="816" WIDTH="32" HEIGHT="30" WC="0.96" CONTENT="af"/><SP WIDTH="43" VPOS="816" HPOS="414"/>
							<String ID="string_128" HPOS="457" VPOS="816" WIDTH="55" HEIGHT="37" WC="0.94" CONTENT="55,"/><SP WIDTH="32" VPOS="816" HPOS="512"/>
							<String ID="string_129" HPOS="544" VPOS="816" WIDTH="52" HEIGHT="31" WC="0.92" CONTENT="vid"/><SP WIDTH="36" VPOS="816" HPOS="596"/>
							<String ID="string_130" HPOS="632" VPOS="816" WIDTH="247" HEIGHT="32" WC="0.89" CONTENT="1862—1863"/><SP WIDTH="30" VPOS="816" HPOS="879"/>
							<String ID="string_131" HPOS="909" VPOS="819" WIDTH="50" HEIGHT="29" WC="0.96" CONTENT="års"/><SP WIDTH="29" VPOS="819" HPOS="959"/>
							<String ID="string_132" HPOS="988" VPOS="817" WIDTH="133" HEIGHT="40" WC="0.96" CONTENT="riksdag"/><SP WIDTH="27" VPOS="817" HPOS="1121"/>
							<String ID="string_133" HPOS="1148" VPOS="818" WIDTH="185" HEIGHT="42" WC="0.96" CONTENT="ytterligare"/><SP WIDTH="32" VPOS="818" HPOS="1333"/>
							<String ID="string_134" HPOS="1365" VPOS="819" WIDTH="42" HEIGHT="31" WC="0.96" CONTENT="68"/><SP WIDTH="31" VPOS="819" HPOS="1407"/>
							<String ID="string_135" HPOS="1438" VPOS="819" WIDTH="61" HEIGHT="31" WC="0.96" CONTENT="och"/><SP WIDTH="29" VPOS="819" HPOS="1499"/>
							<String ID="string_136" HPOS="1528" VPOS="819" WIDTH="55" HEIGHT="31" WC="0.92" CONTENT="vid"/><SP WIDTH="28" VPOS="819" HPOS="1583"/>
							<String ID="string_137" HPOS="1611" VPOS="819" WIDTH="150" HEIGHT="32" WC="0.91" CONTENT="sistlidne"/>
						</TextLine>
						<TextLine ID="line_13" HPOS="166" VPOS="867" WIDTH="1594" HEIGHT="46">
							<String ID="string_138" HPOS="166" VPOS="867" WIDTH="133" HEIGHT="42" WC="0.96" CONTENT="riksdag"/><SP WIDTH="41" VPOS="867" HPOS="299"/>
							<String ID="string_139" HPOS="340" VPOS="867" WIDTH="70" HEIGHT="32" WC="0.96" CONTENT="icke"/><SP WIDTH="44" VPOS="867" HPOS="410"/>
							<String ID="string_140" HPOS="454" VPOS="868" WIDTH="126" HEIGHT="31" WC="0.96" CONTENT="mindre"/><SP WIDTH="42" VPOS="868" HPOS="580"/>
							<String ID="string_141" HPOS="622" VPOS="873" WIDTH="41" HEIGHT="25" WC="0.94" CONTENT="än"/><SP WIDTH="46" VPOS="873" HPOS="663"/>
							<String ID="string_142" HPOS="709" VPOS="869" WIDTH="55" HEIGHT="30" WC="0.94" CONTENT="70."/><SP WIDTH="67" VPOS="869" HPOS="764"/>
							<String ID="string_143" HPOS="831" VPOS="867" WIDTH="59" HEIGHT="32" WC="0.83" CONTENT="Att"/><SP WIDTH="40" VPOS="867" HPOS="890"/>
							<String ID="string_144" HPOS="930" VPOS="869" WIDTH="71" HEIGHT="31" WC="0.95" CONTENT="med"/><SP WIDTH="29" VPOS="869" HPOS="1001"/>
							<String ID="string_145" HPOS="1030" VPOS="870" WIDTH="73" HEIGHT="31" WC="0.96" CONTENT="fullt"/><SP WIDTH="29" VPOS="870" HPOS="1103"/>
							<String ID="string_146" HPOS="1132" VPOS="870" WIDTH="204" HEIGHT="43" WC="0.96" CONTENT="kompetenta"/><SP WIDTH="28" VPOS="870" HPOS="1336"/>
							<String ID="string_147" HPOS="1364" VPOS="882" WIDTH="154" HEIGHT="31" WC="0.96" CONTENT="personer"/><SP WIDTH="28" VPOS="882" HPOS="1518"/>
							<String ID="string_148" HPOS="1546" VPOS="870" WIDTH="123" HEIGHT="32" WC="0.96" CONTENT="besätta"/><SP WIDTH="29" VPOS="870" HPOS="1669"/>
							<String ID="string_149" HPOS="1698" VPOS="872" WIDTH="62" HEIGHT="31" WC="0.96" CONTENT="alla"/>
						</TextLine>
						<TextLine ID="line_14" HPOS="167" VPOS="919" WIDTH="1593" HEIGHT="44">
							<String ID="string_150" HPOS="167" VPOS="919" WIDTH="93" HEIGHT="31" WC="0.93" CONTENT="dessa"/><SP WIDTH="39" VPOS="919" HPOS="260"/>
							<String ID="string_151" HPOS="299" VPOS="919" WIDTH="225" HEIGHT="42" WC="0.85" CONTENT="lärareplatser"/><SP WIDTH="44" VPOS="919" HPOS="524"/>
							<String ID="string_152" HPOS="568" VPOS="919" WIDTH="56" HEIGHT="31" WC="0.96" CONTENT="har"/><SP WIDTH="39" VPOS="919" HPOS="624"/>
							<String ID="string_153" HPOS="663" VPOS="919" WIDTH="70" HEIGHT="32" WC="0.96" CONTENT="icke"/><SP WIDTH="29" VPOS="919" HPOS="733"/>
							<String ID="string_154" HPOS="762" VPOS="920" WIDTH="81" HEIGHT="31" WC="0.96" CONTENT="varit"/><SP WIDTH="29" VPOS="920" HPOS="843"/>
							<String ID="string_155" HPOS="872" VPOS="921" WIDTH="134" HEIGHT="42" WC="0.96" CONTENT="möjligt,"/><SP WIDTH="29" VPOS="921" HPOS="1006"/>
							<String ID="string_156" HPOS="1035" VPOS="929" WIDTH="75" HEIGHT="23" WC="0.96" CONTENT="utan"/><SP WIDTH="31" VPOS="929" HPOS="1110"/>
							<String ID="string_157" HPOS="1141" VPOS="921" WIDTH="56" HEIGHT="32" WC="0.95" CONTENT="har"/><SP WIDTH="28" VPOS="921" HPOS="1197"/>
							<String ID="string_158" HPOS="1225" VPOS="928" WIDTH="45" HEIGHT="25" WC="0.96" CONTENT="ett"/><SP WIDTH="28" VPOS="928" HPOS="1270"/>
							<String ID="string_159" HPOS="1298" VPOS="928" WIDTH="78" HEIGHT="25" WC="0.96" CONTENT="stort"/><SP WIDTH="30" VPOS="928" HPOS="1376"/>
							<String ID="string_160" HPOS="1406" VPOS="923" WIDTH="85" HEIGHT="31" WC="0.96" CONTENT="antal"/><SP WIDTH="30" VPOS="923" HPOS="1491"/>
							<String ID="string_161" HPOS="1521" VPOS="922" WIDTH="107" HEIGHT="32" WC="0.96" CONTENT="blifvit"/><SP WIDTH="28" VPOS="922" HPOS="1628"/>
							<String ID="string_162" HPOS="1656" VPOS="922" WIDTH="104" HEIGHT="33" WC="0.96" CONTENT="besatt"/>
						</TextLine>
						<TextLine ID="line_15" HPOS="167" VPOS="971" WIDTH="1591" HEIGHT="45">
							<String ID="string_163" HPOS="167" VPOS="971" WIDTH="72" HEIGHT="31" WC="0.92" CONTENT="med"/><SP WIDTH="43" VPOS="971" HPOS="239"/>
							<String ID="string_164" HPOS="282" VPOS="971" WIDTH="248" HEIGHT="32" WC="0.70" CONTENT="oexaminerade"/><SP WIDTH="37" VPOS="971" HPOS="530"/>
							<String ID="string_165" HPOS="567" VPOS="972" WIDTH="112" HEIGHT="30" WC="0.93" CONTENT="lärare."/><SP WIDTH="54" VPOS="972" HPOS="679"/>
							<String ID="string_166" HPOS="733" VPOS="971" WIDTH="174" HEIGHT="33" WC="0.89" CONTENT="Dessutom"/><SP WIDTH="32" VPOS="971" HPOS="907"/>
							<String ID="string_167" HPOS="939" VPOS="972" WIDTH="57" HEIGHT="32" WC="0.96" CONTENT="har"/><SP WIDTH="27" VPOS="972" HPOS="996"/>
							<String ID="string_168" HPOS="1023" VPOS="985" WIDTH="42" HEIGHT="19" WC="0.96" CONTENT="nu"/><SP WIDTH="31" VPOS="985" HPOS="1065"/>
							<String ID="string_169" HPOS="1096" VPOS="973" WIDTH="118" HEIGHT="31" WC="0.96" CONTENT="bristen"/><SP WIDTH="30" VPOS="973" HPOS="1214"/>
							<String ID="string_170" HPOS="1244" VPOS="975" WIDTH="42" HEIGHT="41" WC="0.96" CONTENT="på"/><SP WIDTH="26" VPOS="975" HPOS="1286"/>
							<String ID="string_171" HPOS="1312" VPOS="973" WIDTH="144" HEIGHT="33" WC="0.96" CONTENT="sökande"/><SP WIDTH="28" VPOS="973" HPOS="1456"/>
							<String ID="string_172" HPOS="1484" VPOS="973" WIDTH="106" HEIGHT="32" WC="0.96" CONTENT="blifvit"/><SP WIDTH="28" VPOS="973" HPOS="1590"/>
							<String ID="string_173" HPOS="1618" VPOS="976" WIDTH="35" HEIGHT="30" WC="0.95" CONTENT="så"/><SP WIDTH="28" VPOS="976" HPOS="1653"/>
							<String ID="string_174" HPOS="1681" VPOS="982" WIDTH="77" HEIGHT="32" WC="0.95" CONTENT="stor,"/>
						</TextLine>
						<TextLine ID="line_16" HPOS="168" VPOS="1022" WIDTH="1589" HEIGHT="46">
							<String ID="string_175" HPOS="168" VPOS="1029" WIDTH="55" HEIGHT="32" WC="0.96" CONTENT="att,"/><SP WIDTH="29" VPOS="1029" HPOS="223"/>
							<String ID="string_176" HPOS="252" VPOS="1022" WIDTH="101" HEIGHT="43" WC="0.96" CONTENT="enligt"/><SP WIDTH="28" VPOS="1022" HPOS="353"/>
							<String ID="string_177" HPOS="381" VPOS="1035" WIDTH="41" HEIGHT="19" WC="0.96" CONTENT="en"/><SP WIDTH="31" VPOS="1035" HPOS="422"/>
							<String ID="string_178" HPOS="453" VPOS="1024" WIDTH="69" HEIGHT="30" WC="0.93" CONTENT="från"/><SP WIDTH="30" VPOS="1024" HPOS="522"/>
							<String ID="string_179" HPOS="552" VPOS="1023" WIDTH="494" HEIGHT="43" WC="0.56" CONTENT="Ecklesiastik-departementet"/><SP WIDTH="29" VPOS="1023" HPOS="1046"/>
							<String ID="string_180" HPOS="1075" VPOS="1026" WIDTH="169" HEIGHT="31" WC="0.96" CONTENT="meddelad"/><SP WIDTH="30" VPOS="1026" HPOS="1244"/>
							<String ID="string_181" HPOS="1274" VPOS="1026" WIDTH="140" HEIGHT="42" WC="0.96" CONTENT="uppgift,"/><SP WIDTH="29" VPOS="1026" HPOS="1414"/>
							<String ID="string_182" HPOS="1443" VPOS="1027" WIDTH="70" HEIGHT="31" WC="0.96" CONTENT="utaf"/><SP WIDTH="28" VPOS="1027" HPOS="1513"/>
							<String ID="string_183" HPOS="1541" VPOS="1026" WIDTH="39" HEIGHT="31" WC="0.96" CONTENT="de"/><SP WIDTH="29" VPOS="1026" HPOS="1580"/>
							<String ID="string_184" HPOS="1609" VPOS="1027" WIDTH="54" HEIGHT="31" WC="0.93" CONTENT="vid"/><SP WIDTH="22" VPOS="1027" HPOS="1663"/>
							<String ID="string_185" HPOS="1685" VPOS="1027" WIDTH="72" HEIGHT="31" WC="0.92" CONTENT="sist-"/>
						</TextLine>
						<TextLine ID="line_17" HPOS="167" VPOS="1074" WIDTH="1593" HEIGHT="46">
							<String ID="string_186" HPOS="167" VPOS="1074" WIDTH="151" HEIGHT="32" WC="0.95" CONTENT="förflutna"/><SP WIDTH="21" VPOS="1074" HPOS="318"/>
							<String ID="string_187" HPOS="339" VPOS="1075" WIDTH="134" HEIGHT="42" WC="0.95" CONTENT="riksdag"/><SP WIDTH="28" VPOS="1075" HPOS="473"/>
							<String ID="string_188" HPOS="501" VPOS="1075" WIDTH="163" HEIGHT="31" WC="0.96" CONTENT="inrättade"/><SP WIDTH="31" VPOS="1075" HPOS="664"/>
							<String ID="string_189" HPOS="695" VPOS="1087" WIDTH="62" HEIGHT="30" WC="0.92" CONTENT="nya"/><SP WIDTH="27" VPOS="1087" HPOS="757"/>
							<String ID="string_190" HPOS="784" VPOS="1076" WIDTH="245" HEIGHT="42" WC="0.90" CONTENT="läraretjenster,"/><SP WIDTH="23" VPOS="1076" HPOS="1029"/>
							<String ID="string_191" HPOS="1052" VPOS="1077" WIDTH="159" HEIGHT="42" WC="0.91" CONTENT="nemligen"/><SP WIDTH="26" VPOS="1077" HPOS="1211"/>
							<String ID="string_192" HPOS="1237" VPOS="1078" WIDTH="41" HEIGHT="30" WC="0.93" CONTENT="13"/><SP WIDTH="22" VPOS="1078" HPOS="1278"/>
							<String ID="string_193" HPOS="1300" VPOS="1077" WIDTH="147" HEIGHT="38" WC="0.91" CONTENT="lektorat,"/><SP WIDTH="25" VPOS="1077" HPOS="1447"/>
							<String ID="string_194" HPOS="1472" VPOS="1079" WIDTH="43" HEIGHT="31" WC="0.93" CONTENT="36"/><SP WIDTH="31" VPOS="1079" HPOS="1515"/>
							<String ID="string_195" HPOS="1546" VPOS="1078" WIDTH="214" HEIGHT="42" WC="0.92" CONTENT="adjunkturer"/>
						</TextLine>
						<TextLine ID="line_18" HPOS="166" VPOS="1126" WIDTH="1593" HEIGHT="43">
							<String ID="string_196" HPOS="166" VPOS="1127" WIDTH="59" HEIGHT="31" WC="0.95" CONTENT="och"/><SP WIDTH="46" VPOS="1127" HPOS="225"/>
							<String ID="string_197" HPOS="271" VPOS="1128" WIDTH="38" HEIGHT="30" WC="0.89" CONTENT="21"/><SP WIDTH="50" VPOS="1128" HPOS="309"/>
							<String ID="string_198" HPOS="359" VPOS="1126" WIDTH="152" HEIGHT="43" WC="0.89" CONTENT="kollegat,"/><SP WIDTH="44" VPOS="1126" HPOS="511"/>
							<String ID="string_199" HPOS="555" VPOS="1127" WIDTH="71" HEIGHT="32" WC="0.96" CONTENT="icke"/><SP WIDTH="42" VPOS="1127" HPOS="626"/>
							<String ID="string_200" HPOS="668" VPOS="1128" WIDTH="109" HEIGHT="40" WC="0.96" CONTENT="någon"/><SP WIDTH="39" VPOS="1128" HPOS="777"/>
							<String ID="string_201" HPOS="816" VPOS="1134" WIDTH="35" HEIGHT="25" WC="0.95" CONTENT="är"/><SP WIDTH="41" VPOS="1134" HPOS="851"/>
							<String ID="string_202" HPOS="892" VPOS="1128" WIDTH="71" HEIGHT="31" WC="0.96" CONTENT="med"/><SP WIDTH="30" VPOS="1128" HPOS="963"/>
							<String ID="string_203" HPOS="993" VPOS="1129" WIDTH="162" HEIGHT="32" WC="0.93" CONTENT="ordinarie"/><SP WIDTH="28" VPOS="1129" HPOS="1155"/>
							<String ID="string_204" HPOS="1183" VPOS="1129" WIDTH="208" HEIGHT="32" WC="0.91" CONTENT="innehafvare"/><SP WIDTH="28" VPOS="1129" HPOS="1391"/>
							<String ID="string_205" HPOS="1419" VPOS="1130" WIDTH="142" HEIGHT="38" WC="0.95" CONTENT="försedd,"/><SP WIDTH="30" VPOS="1130" HPOS="1561"/>
							<String ID="string_206" HPOS="1591" VPOS="1138" WIDTH="83" HEIGHT="24" WC="0.96" CONTENT="samt"/><SP WIDTH="40" VPOS="1138" HPOS="1674"/>
							<String ID="string_207" HPOS="1714" VPOS="1139" WIDTH="45" HEIGHT="24" WC="0.94" CONTENT="att"/>
						</TextLine>
						<TextLine ID="line_19" HPOS="166" VPOS="1179" WIDTH="1592" HEIGHT="46">
							<String ID="string_208" HPOS="166" VPOS="1179" WIDTH="69" HEIGHT="32" WC="0.96" CONTENT="utaf"/><SP WIDTH="40" VPOS="1179" HPOS="235"/>
							<String ID="string_209" HPOS="275" VPOS="1179" WIDTH="89" HEIGHT="31" WC="0.90" CONTENT="äldre"/><SP WIDTH="41" VPOS="1179" HPOS="364"/>
							<String ID="string_210" HPOS="405" VPOS="1179" WIDTH="223" HEIGHT="43" WC="0.90" CONTENT="lärareplatser"/><SP WIDTH="44" VPOS="1179" HPOS="628"/>
							<String ID="string_211" HPOS="672" VPOS="1179" WIDTH="17" HEIGHT="31" WC="0.88" CONTENT="5"/><SP WIDTH="44" VPOS="1179" HPOS="689"/>
							<String ID="string_212" HPOS="733" VPOS="1179" WIDTH="148" HEIGHT="42" WC="0.82" CONTENT="lektorat,"/><SP WIDTH="48" VPOS="1179" HPOS="881"/>
							<String ID="string_213" HPOS="929" VPOS="1182" WIDTH="38" HEIGHT="29" WC="0.92" CONTENT="17"/><SP WIDTH="46" VPOS="1182" HPOS="967"/>
							<String ID="string_214" HPOS="1013" VPOS="1181" WIDTH="213" HEIGHT="42" WC="0.87" CONTENT="adjunkturer"/><SP WIDTH="28" VPOS="1181" HPOS="1226"/>
							<String ID="string_215" HPOS="1254" VPOS="1182" WIDTH="59" HEIGHT="31" WC="0.96" CONTENT="och"/><SP WIDTH="32" VPOS="1182" HPOS="1313"/>
							<String ID="string_216" HPOS="1345" VPOS="1182" WIDTH="42" HEIGHT="31" WC="0.92" CONTENT="29"/><SP WIDTH="31" VPOS="1182" HPOS="1387"/>
							<String ID="string_217" HPOS="1418" VPOS="1181" WIDTH="142" HEIGHT="44" WC="0.92" CONTENT="kollegat"/><SP WIDTH="27" VPOS="1181" HPOS="1560"/>
							<String ID="string_218" HPOS="1587" VPOS="1188" WIDTH="87" HEIGHT="27" WC="0.95" CONTENT="ännu"/><SP WIDTH="29" VPOS="1188" HPOS="1674"/>
							<String ID="string_219" HPOS="1703" VPOS="1189" WIDTH="55" HEIGHT="27" WC="0.95" CONTENT="äro"/>
						</TextLine>
						<TextLine ID="line_20" HPOS="165" VPOS="1231" WIDTH="155" HEIGHT="32">
							<String ID="string_220" HPOS="165" VPOS="1231" WIDTH="155" HEIGHT="32" WC="0.92" CONTENT="obesatta."/>
						</TextLine>
					</TextBlock>
					<TextBlock ID="block_3" HPOS="168" VPOS="1282" WIDTH="1590" HEIGHT="197">
						<TextLine ID="line_21" HPOS="297" VPOS="1282" WIDTH="1461" HEIGHT="46">
							<String ID="string_221" HPOS="297" VPOS="1282" WIDTH="54" HEIGHT="32" WC="0.95" CONTENT="Då"/><SP WIDTH="41" VPOS="1282" HPOS="351"/>
							<String ID="string_222" HPOS="392" VPOS="1283" WIDTH="123" HEIGHT="31" WC="0.91" CONTENT="således"/><SP WIDTH="34" VPOS="1283" HPOS="515"/>
							<String ID="string_223" HPOS="549" VPOS="1283" WIDTH="214" HEIGHT="34" WC="0.95" CONTENT="tillsammans"/><SP WIDTH="34" VPOS="1283" HPOS="763"/>
							<String ID="string_224" HPOS="797" VPOS="1285" WIDTH="63" HEIGHT="30" WC="0.96" CONTENT="121"/><SP WIDTH="34" VPOS="1285" HPOS="860"/>
							<String ID="string_225" HPOS="894" VPOS="1284" WIDTH="161" HEIGHT="32" WC="0.93" CONTENT="ordinarie"/><SP WIDTH="28" VPOS="1284" HPOS="1055"/>
							<String ID="string_226" HPOS="1083" VPOS="1285" WIDTH="223" HEIGHT="43" WC="0.91" CONTENT="lärareplatser"/><SP WIDTH="27" VPOS="1285" HPOS="1306"/>
							<String ID="string_227" HPOS="1333" VPOS="1291" WIDTH="88" HEIGHT="26" WC="0.96" CONTENT="ännu"/><SP WIDTH="29" VPOS="1291" HPOS="1421"/>
							<String ID="string_228" HPOS="1450" VPOS="1288" WIDTH="48" HEIGHT="29" WC="0.93" CONTENT="stå"/><SP WIDTH="27" VPOS="1288" HPOS="1498"/>
							<String ID="string_229" HPOS="1525" VPOS="1285" WIDTH="146" HEIGHT="33" WC="0.90" CONTENT="obesatta"/><SP WIDTH="27" VPOS="1285" HPOS="1671"/>
							<String ID="string_230" HPOS="1698" VPOS="1287" WIDTH="60" HEIGHT="32" WC="0.96" CONTENT="och"/>
						</TextLine>
						<TextLine ID="line_22" HPOS="169" VPOS="1334" WIDTH="1586" HEIGHT="46">
							<String ID="string_231" HPOS="169" VPOS="1336" WIDTH="89" HEIGHT="30" WC="0.91" CONTENT="detta"/><SP WIDTH="41" VPOS="1336" HPOS="258"/>
							<String ID="string_232" HPOS="299" VPOS="1334" WIDTH="201" HEIGHT="32" WC="0.91" CONTENT="förhållande"/><SP WIDTH="41" VPOS="1334" HPOS="500"/>
							<String ID="string_233" HPOS="541" VPOS="1335" WIDTH="71" HEIGHT="32" WC="0.96" CONTENT="icke"/><SP WIDTH="28" VPOS="1335" HPOS="612"/>
							<String ID="string_234" HPOS="640" VPOS="1337" WIDTH="62" HEIGHT="31" WC="0.96" CONTENT="kan"/><SP WIDTH="30" VPOS="1337" HPOS="702"/>
							<String ID="string_235" HPOS="732" VPOS="1336" WIDTH="87" HEIGHT="31" WC="0.96" CONTENT="inom"/><SP WIDTH="30" VPOS="1336" HPOS="819"/>
							<String ID="string_236" HPOS="849" VPOS="1342" WIDTH="91" HEIGHT="25" WC="0.95" CONTENT="nästa"/><SP WIDTH="27" VPOS="1342" HPOS="940"/>
							<String ID="string_237" HPOS="967" VPOS="1337" WIDTH="134" HEIGHT="43" WC="0.96" CONTENT="riksdag"/><SP WIDTH="26" VPOS="1337" HPOS="1101"/>
							<String ID="string_238" HPOS="1127" VPOS="1337" WIDTH="147" HEIGHT="42" WC="0.95" CONTENT="undergå"/><SP WIDTH="26" VPOS="1337" HPOS="1274"/>
							<String ID="string_239" HPOS="1300" VPOS="1339" WIDTH="106" HEIGHT="41" WC="0.93" CONTENT="någon"/><SP WIDTH="32" VPOS="1339" HPOS="1406"/>
							<String ID="string_240" HPOS="1438" VPOS="1338" WIDTH="181" HEIGHT="42" WC="0.91" CONTENT="väsendtlig"/><SP WIDTH="28" VPOS="1338" HPOS="1619"/>
							<String ID="string_241" HPOS="1647" VPOS="1339" WIDTH="108" HEIGHT="32" WC="0.91" CONTENT="förän-"/>
						</TextLine>
						<TextLine ID="line_23" HPOS="171" VPOS="1386" WIDTH="1586" HEIGHT="48">
							<String ID="string_242" HPOS="171" VPOS="1387" WIDTH="107" HEIGHT="42" WC="0.91" CONTENT="dring,"/><SP WIDTH="43" VPOS="1387" HPOS="278"/>
							<String ID="string_243" HPOS="321" VPOS="1386" WIDTH="57" HEIGHT="32" WC="0.96" CONTENT="har"/><SP WIDTH="41" VPOS="1386" HPOS="378"/>
							<String ID="string_244" HPOS="419" VPOS="1386" WIDTH="167" HEIGHT="33" WC="0.95" CONTENT="Utskottet"/><SP WIDTH="41" VPOS="1386" HPOS="586"/>
							<String ID="string_245" HPOS="627" VPOS="1396" WIDTH="104" HEIGHT="25" WC="0.95" CONTENT="ansett"/><SP WIDTH="41" VPOS="1396" HPOS="731"/>
							<String ID="string_246" HPOS="772" VPOS="1388" WIDTH="50" HEIGHT="42" WC="0.96" CONTENT="sig"/><SP WIDTH="41" VPOS="1388" HPOS="822"/>
							<String ID="string_247" HPOS="863" VPOS="1387" WIDTH="72" HEIGHT="32" WC="0.96" CONTENT="icke"/><SP WIDTH="33" VPOS="1387" HPOS="935"/>
							<String ID="string_248" HPOS="968" VPOS="1389" WIDTH="110" HEIGHT="31" WC="0.95" CONTENT="kunna"/><SP WIDTH="30" VPOS="1389" HPOS="1078"/>
							<String ID="string_249" HPOS="1108" VPOS="1389" WIDTH="160" HEIGHT="43" WC="0.95" CONTENT="tillstyrka"/><SP WIDTH="27" VPOS="1389" HPOS="1268"/>
							<String ID="string_250" HPOS="1295" VPOS="1390" WIDTH="198" HEIGHT="32" WC="0.96" CONTENT="inrättandet"/><SP WIDTH="27" VPOS="1390" HPOS="1493"/>
							<String ID="string_251" HPOS="1520" VPOS="1391" WIDTH="33" HEIGHT="31" WC="0.96" CONTENT="af"/><SP WIDTH="26" VPOS="1391" HPOS="1553"/>
							<String ID="string_252" HPOS="1579" VPOS="1393" WIDTH="106" HEIGHT="40" WC="0.96" CONTENT="någon"/><SP WIDTH="31" VPOS="1393" HPOS="1685"/>
							<String ID="string_253" HPOS="1716" VPOS="1403" WIDTH="41" HEIGHT="31" WC="0.96" CONTENT="ny"/>
						</TextLine>
						<TextLine ID="line_24" HPOS="168" VPOS="1438" WIDTH="720" HEIGHT="41">
							<String ID="string_254" HPOS="168" VPOS="1438" WIDTH="288" HEIGHT="41" WC="0.91" CONTENT="lärarebefattning"/><SP WIDTH="28" VPOS="1438" HPOS="456"/>
							<String ID="string_255" HPOS="484" VPOS="1439" WIDTH="58" HEIGHT="31" WC="0.96" CONTENT="och"/><SP WIDTH="31" VPOS="1439" HPOS="542"/>
							<String ID="string_256" HPOS="573" VPOS="1440" WIDTH="181" HEIGHT="32" WC="0.95" CONTENT="hemställer"/><SP WIDTH="32" VPOS="1440" HPOS="754"/>
							<String ID="string_257" HPOS="786" VPOS="1439" WIDTH="102" HEIGHT="38" WC="0.93" CONTENT="alltså,"/>
						</TextLine>
					</TextBlock>
					<TextBlock ID="block_4" HPOS="567" VPOS="1492" WIDTH="1189" HEIGHT="84">
						<TextLine ID="line_25" HPOS="617" VPOS="1492" WIDTH="1139" HEIGHT="44">
							<String ID="string_258" HPOS="617" VPOS="1500" WIDTH="47" HEIGHT="24" WC="0.96" CONTENT="att"/><SP WIDTH="42" VPOS="1500" HPOS="664"/>
							<String ID="string_259" HPOS="706" VPOS="1493" WIDTH="96" HEIGHT="31" WC="0.91" CONTENT="ofvan"/><SP WIDTH="30" VPOS="1493" HPOS="802"/>
							<String ID="string_260" HPOS="832" VPOS="1492" WIDTH="213" HEIGHT="32" WC="0.91" CONTENT="omförmälda"/><SP WIDTH="42" VPOS="1492" HPOS="1045"/>
							<String ID="string_261" HPOS="1087" VPOS="1493" WIDTH="276" HEIGHT="43" WC="0.96" CONTENT="framställningar"/><SP WIDTH="28" VPOS="1493" HPOS="1363"/>
							<String ID="string_262" HPOS="1391" VPOS="1493" WIDTH="71" HEIGHT="32" WC="0.96" CONTENT="icke"/><SP WIDTH="28" VPOS="1493" HPOS="1462"/>
							<String ID="string_263" HPOS="1490" VPOS="1496" WIDTH="96" HEIGHT="30" WC="0.93" CONTENT="måtte"/><SP WIDTH="29" VPOS="1496" HPOS="1586"/>
							<String ID="string_264" HPOS="1615" VPOS="1493" WIDTH="141" HEIGHT="41" WC="0.91" CONTENT="bifallas;"/>
						</TextLine>
						<TextLine ID="line_26" HPOS="567" VPOS="1544" WIDTH="243" HEIGHT="32">
							<String ID="string_265" HPOS="567" VPOS="1544" WIDTH="59" HEIGHT="32" WC="0.96" CONTENT="och"/><SP WIDTH="29" VPOS="1544" HPOS="626"/>
							<String ID="string_266" HPOS="655" VPOS="1544" WIDTH="155" HEIGHT="32" WC="0.96" CONTENT="sålunda:"/>
						</TextLine>
					</TextBlock>
					<TextBlock ID="block_5" HPOS="565" VPOS="1595" WIDTH="1191" HEIGHT="195">
						<TextLine ID="line_27" HPOS="615" VPOS="1595" WIDTH="1141" HEIGHT="44">
							<String ID="string_267" HPOS="615" VPOS="1596" WIDTH="33" HEIGHT="39" WC="0.96" CONTENT="a)"/><SP WIDTH="30" VPOS="1596" HPOS="648"/>
							<String ID="string_268" HPOS="678" VPOS="1596" WIDTH="85" HEIGHT="32" WC="0.94" CONTENT="Herr"/><SP WIDTH="42" VPOS="1596" HPOS="763"/>
							<String ID="string_269" HPOS="805" VPOS="1595" WIDTH="39" HEIGHT="32" WC="0.96" CONTENT="de"/><SP WIDTH="27" VPOS="1595" HPOS="844"/>
							<String ID="string_270" HPOS="871" VPOS="1596" WIDTH="121" HEIGHT="32" WC="0.95" CONTENT="Lavals"/><SP WIDTH="36" VPOS="1596" HPOS="992"/>
							<String ID="string_271" HPOS="1028" VPOS="1596" WIDTH="122" HEIGHT="32" WC="0.96" CONTENT="motion"/><SP WIDTH="30" VPOS="1596" HPOS="1150"/>
							<String ID="string_272" HPOS="1180" VPOS="1596" WIDTH="168" HEIGHT="43" WC="0.93" CONTENT="angående"/><SP WIDTH="29" VPOS="1596" HPOS="1348"/>
							<String ID="string_273" HPOS="1377" VPOS="1597" WIDTH="177" HEIGHT="32" WC="0.92" CONTENT="anvisande"/><SP WIDTH="28" VPOS="1597" HPOS="1554"/>
							<String ID="string_274" HPOS="1582" VPOS="1598" WIDTH="33" HEIGHT="31" WC="0.96" CONTENT="af"/><SP WIDTH="26" VPOS="1598" HPOS="1615"/>
							<String ID="string_275" HPOS="1641" VPOS="1598" WIDTH="115" HEIGHT="39" WC="0.96" CONTENT="medel,"/>
						</TextLine>
						<TextLine ID="line_28" HPOS="565" VPOS="1648" WIDTH="1190" HEIGHT="44">
							<String ID="string_276" HPOS="565" VPOS="1648" WIDTH="68" HEIGHT="31" WC="0.93" CONTENT="dels"/><SP WIDTH="42" VPOS="1648" HPOS="633"/>
							<String ID="string_277" HPOS="675" VPOS="1649" WIDTH="50" HEIGHT="31" WC="0.93" CONTENT="för"/><SP WIDTH="41" VPOS="1649" HPOS="725"/>
							<String ID="string_278" HPOS="766" VPOS="1659" WIDTH="36" HEIGHT="20" WC="0.93" CONTENT="en"/><SP WIDTH="44" VPOS="1659" HPOS="802"/>
							<String ID="string_279" HPOS="846" VPOS="1648" WIDTH="217" HEIGHT="43" WC="0.91" CONTENT="omreglering"/><SP WIDTH="35" VPOS="1648" HPOS="1063"/>
							<String ID="string_280" HPOS="1098" VPOS="1649" WIDTH="31" HEIGHT="31" WC="0.96" CONTENT="af"/><SP WIDTH="29" VPOS="1649" HPOS="1129"/>
							<String ID="string_281" HPOS="1158" VPOS="1649" WIDTH="39" HEIGHT="31" WC="0.96" CONTENT="de"/><SP WIDTH="28" VPOS="1649" HPOS="1197"/>
							<String ID="string_282" HPOS="1225" VPOS="1648" WIDTH="99" HEIGHT="44" WC="0.93" CONTENT="högre"/><SP WIDTH="28" VPOS="1648" HPOS="1324"/>
							<String ID="string_283" HPOS="1352" VPOS="1648" WIDTH="365" HEIGHT="34" WC="0.91" CONTENT="elementarläroverken"/><SP WIDTH="29" VPOS="1648" HPOS="1717"/>
							<String ID="string_284" HPOS="1746" VPOS="1651" WIDTH="9" HEIGHT="30" WC="0.96" CONTENT="i"/>
						</TextLine>
						<TextLine ID="line_29" HPOS="565" VPOS="1699" WIDTH="1190" HEIGHT="44">
							<String ID="string_285" HPOS="565" VPOS="1699" WIDTH="106" HEIGHT="40" WC="0.96" CONTENT="Riket,"/><SP WIDTH="41" VPOS="1699" HPOS="671"/>
							<String ID="string_286" HPOS="712" VPOS="1700" WIDTH="67" HEIGHT="32" WC="0.96" CONTENT="dels"/><SP WIDTH="30" VPOS="1700" HPOS="779"/>
							<String ID="string_287" HPOS="809" VPOS="1700" WIDTH="50" HEIGHT="31" WC="0.93" CONTENT="för"/><SP WIDTH="27" VPOS="1700" HPOS="859"/>
							<String ID="string_288" HPOS="886" VPOS="1700" WIDTH="201" HEIGHT="32" WC="0.92" CONTENT="anställande"/><SP WIDTH="29" VPOS="1700" HPOS="1087"/>
							<String ID="string_289" HPOS="1116" VPOS="1700" WIDTH="32" HEIGHT="32" WC="0.96" CONTENT="af"/><SP WIDTH="27" VPOS="1700" HPOS="1148"/>
							<String ID="string_290" HPOS="1175" VPOS="1700" WIDTH="186" HEIGHT="43" WC="0.96" CONTENT="ytterligare"/><SP WIDTH="29" VPOS="1700" HPOS="1361"/>
							<String ID="string_291" HPOS="1390" VPOS="1706" WIDTH="116" HEIGHT="27" WC="0.96" CONTENT="tvänne"/><SP WIDTH="28" VPOS="1706" HPOS="1506"/>
							<String ID="string_292" HPOS="1534" VPOS="1701" WIDTH="139" HEIGHT="33" WC="0.95" CONTENT="lektorer"/><SP WIDTH="30" VPOS="1701" HPOS="1673"/>
							<String ID="string_293" HPOS="1703" VPOS="1702" WIDTH="52" HEIGHT="31" WC="0.96" CONTENT="vid"/>
						</TextLine>
						<TextLine ID="line_30" HPOS="566" VPOS="1751" WIDTH="395" HEIGHT="39">
							<String ID="string_294" HPOS="566" VPOS="1751" WIDTH="182" HEIGHT="33" WC="0.96" CONTENT="läroverket"/><SP WIDTH="27" VPOS="1751" HPOS="748"/>
							<String ID="string_295" HPOS="775" VPOS="1752" WIDTH="8" HEIGHT="31" WC="0.92" CONTENT="i"/><SP WIDTH="30" VPOS="1752" HPOS="783"/>
							<String ID="string_296" HPOS="813" VPOS="1751" WIDTH="148" HEIGHT="39" WC="0.90" CONTENT="Fahlun;"/>
						</TextLine>
					</TextBlock>
					<TextBlock ID="block_6" HPOS="565" VPOS="1803" WIDTH="1189" HEIGHT="94">
						<TextLine ID="line_31" HPOS="616" VPOS="1803" WIDTH="1138" HEIGHT="45">
							<String ID="string_297" HPOS="616" VPOS="1803" WIDTH="30" HEIGHT="40" WC="0.92" CONTENT="b)"/><SP WIDTH="43" VPOS="1803" HPOS="646"/>
							<String ID="string_298" HPOS="689" VPOS="1803" WIDTH="125" HEIGHT="32" WC="0.93" CONTENT="Herrar"/><SP WIDTH="27" VPOS="1803" HPOS="814"/>
							<String ID="string_299" HPOS="841" VPOS="1803" WIDTH="218" HEIGHT="43" WC="0.91" CONTENT="Hallenborgs"/><SP WIDTH="29" VPOS="1803" HPOS="1059"/>
							<String ID="string_300" HPOS="1088" VPOS="1804" WIDTH="61" HEIGHT="32" WC="0.93" CONTENT="och"/><SP WIDTH="28" VPOS="1804" HPOS="1149"/>
							<String ID="string_301" HPOS="1177" VPOS="1804" WIDTH="186" HEIGHT="42" WC="0.92" CONTENT="Trägårdhs"/><SP WIDTH="30" VPOS="1804" HPOS="1363"/>
							<String ID="string_302" HPOS="1393" VPOS="1804" WIDTH="121" HEIGHT="33" WC="0.96" CONTENT="motion"/><SP WIDTH="30" VPOS="1804" HPOS="1514"/>
							<String ID="string_303" HPOS="1544" VPOS="1816" WIDTH="51" HEIGHT="21" WC="0.90" CONTENT="om"/><SP WIDTH="30" VPOS="1816" HPOS="1595"/>
							<String ID="string_304" HPOS="1625" VPOS="1805" WIDTH="129" HEIGHT="43" WC="0.90" CONTENT="utvidg-"/>
						</TextLine>
						<TextLine ID="line_32" HPOS="565" VPOS="1855" WIDTH="537" HEIGHT="42">
							<String ID="string_305" HPOS="565" VPOS="1856" WIDTH="77" HEIGHT="41" WC="0.95" CONTENT="ning"/><SP WIDTH="29" VPOS="1856" HPOS="642"/>
							<String ID="string_306" HPOS="671" VPOS="1857" WIDTH="32" HEIGHT="30" WC="0.95" CONTENT="af"/><SP WIDTH="26" VPOS="1857" HPOS="703"/>
							<String ID="string_307" HPOS="729" VPOS="1855" WIDTH="183" HEIGHT="32" WC="0.96" CONTENT="läroverket"/><SP WIDTH="29" VPOS="1855" HPOS="912"/>
							<String ID="string_308" HPOS="941" VPOS="1856" WIDTH="8" HEIGHT="30" WC="0.96" CONTENT="i"/><SP WIDTH="28" VPOS="1856" HPOS="949"/>
							<String ID="string_309" HPOS="977" VPOS="1855" WIDTH="125" HEIGHT="39" WC="0.95" CONTENT="Ystad;"/>
						</TextLine>
					</TextBlock>
					<TextBlock ID="block_7" HPOS="567" VPOS="1907" WIDTH="1190" HEIGHT="95">
						<TextLine ID="line_33" HPOS="616" VPOS="1907" WIDTH="1141" HEIGHT="45">
							<String ID="string_310" HPOS="616" VPOS="1907" WIDTH="27" HEIGHT="40" WC="0.81" CONTENT="ce)"/><SP WIDTH="35" VPOS="1907" HPOS="643"/>
							<String ID="string_311" HPOS="678" VPOS="1908" WIDTH="123" HEIGHT="31" WC="0.93" CONTENT="Herrar"/><SP WIDTH="41" VPOS="1908" HPOS="801"/>
							<String ID="string_312" HPOS="842" VPOS="1907" WIDTH="132" HEIGHT="42" WC="0.92" CONTENT="Meijers"/><SP WIDTH="43" VPOS="1907" HPOS="974"/>
							<String ID="string_313" HPOS="1017" VPOS="1907" WIDTH="58" HEIGHT="32" WC="0.92" CONTENT="och"/><SP WIDTH="43" VPOS="1907" HPOS="1075"/>
							<String ID="string_314" HPOS="1118" VPOS="1908" WIDTH="229" HEIGHT="32" WC="0.91" CONTENT="Hellerströms"/><SP WIDTH="44" VPOS="1908" HPOS="1347"/>
							<String ID="string_315" HPOS="1391" VPOS="1909" WIDTH="158" HEIGHT="32" WC="0.96" CONTENT="motioner"/><SP WIDTH="40" VPOS="1909" HPOS="1549"/>
							<String ID="string_316" HPOS="1589" VPOS="1909" WIDTH="168" HEIGHT="43" WC="0.96" CONTENT="angående"/>
						</TextLine>
						<TextLine ID="line_34" HPOS="567" VPOS="1959" WIDTH="741" HEIGHT="43">
							<String ID="string_317" HPOS="567" VPOS="1959" WIDTH="198" HEIGHT="43" WC="0.96" CONTENT="utvidgning"/><SP WIDTH="28" VPOS="1959" HPOS="765"/>
							<String ID="string_318" HPOS="793" VPOS="1959" WIDTH="33" HEIGHT="31" WC="0.96" CONTENT="af"/><SP WIDTH="27" VPOS="1959" HPOS="826"/>
							<String ID="string_319" HPOS="853" VPOS="1959" WIDTH="179" HEIGHT="32" WC="0.96" CONTENT="läroverket"/><SP WIDTH="28" VPOS="1959" HPOS="1032"/>
							<String ID="string_320" HPOS="1060" VPOS="1960" WIDTH="8" HEIGHT="30" WC="0.95" CONTENT="i"/><SP WIDTH="30" VPOS="1960" HPOS="1068"/>
							<String ID="string_321" HPOS="1098" VPOS="1959" WIDTH="210" HEIGHT="39" WC="0.88" CONTENT="Carlshamn"/><SP WIDTH="-19" VPOS="1959" HPOS="1308"/>
							<String ID="string_322" HPOS="1289" VPOS="1955" WIDTH="24" HEIGHT="51" WC="0.60" CONTENT=";"/>
						</TextLine>
					</TextBlock>
					<TextBlock ID="block_8" HPOS="565" VPOS="2010" WIDTH="1191" HEIGHT="96">
						<TextLine ID="line_35" HPOS="615" VPOS="2010" WIDTH="1141" HEIGHT="46">
							<String ID="string_323" HPOS="615" VPOS="2010" WIDTH="34" HEIGHT="41" WC="0.92" CONTENT="d)"/><SP WIDTH="30" VPOS="2010" HPOS="649"/>
							<String ID="string_324" HPOS="679" VPOS="2010" WIDTH="123" HEIGHT="34" WC="0.90" CONTENT="Grefve"/><SP WIDTH="28" VPOS="2010" HPOS="802"/>
							<String ID="string_325" HPOS="830" VPOS="2010" WIDTH="267" HEIGHT="33" WC="0.92" CONTENT="Wachtmeisters"/><SP WIDTH="30" VPOS="2010" HPOS="1097"/>
							<String ID="string_326" HPOS="1127" VPOS="2012" WIDTH="122" HEIGHT="31" WC="0.96" CONTENT="motion"/><SP WIDTH="30" VPOS="2012" HPOS="1249"/>
							<String ID="string_327" HPOS="1279" VPOS="2024" WIDTH="50" HEIGHT="20" WC="0.96" CONTENT="om"/><SP WIDTH="30" VPOS="2024" HPOS="1329"/>
							<String ID="string_328" HPOS="1359" VPOS="2013" WIDTH="114" HEIGHT="43" WC="0.95" CONTENT="anslag"/><SP WIDTH="28" VPOS="2013" HPOS="1473"/>
							<String ID="string_329" HPOS="1501" VPOS="2012" WIDTH="47" HEIGHT="32" WC="0.96" CONTENT="till"/><SP WIDTH="28" VPOS="2012" HPOS="1548"/>
							<String ID="string_330" HPOS="1576" VPOS="2013" WIDTH="52" HEIGHT="32" WC="0.96" CONTENT="lön"/><SP WIDTH="30" VPOS="2013" HPOS="1628"/>
							<String ID="string_331" HPOS="1658" VPOS="2016" WIDTH="31" HEIGHT="29" WC="0.96" CONTENT="åt"/><SP WIDTH="28" VPOS="2016" HPOS="1689"/>
							<String ID="string_332" HPOS="1717" VPOS="2025" WIDTH="39" HEIGHT="20" WC="0.95" CONTENT="en"/>
						</TextLine>
						<TextLine ID="line_36" HPOS="565" VPOS="2063" WIDTH="769" HEIGHT="43">
							<String ID="string_333" HPOS="565" VPOS="2063" WIDTH="100" HEIGHT="42" WC="0.96" CONTENT="tredje"/><SP WIDTH="28" VPOS="2063" HPOS="665"/>
							<String ID="string_334" HPOS="693" VPOS="2063" WIDTH="106" HEIGHT="32" WC="0.96" CONTENT="lärare"/><SP WIDTH="28" VPOS="2063" HPOS="799"/>
							<String ID="string_335" HPOS="827" VPOS="2063" WIDTH="53" HEIGHT="31" WC="0.96" CONTENT="vid"/><SP WIDTH="29" VPOS="2063" HPOS="880"/>
							<String ID="string_336" HPOS="909" VPOS="2063" WIDTH="181" HEIGHT="32" WC="0.96" CONTENT="läroverket"/><SP WIDTH="28" VPOS="2063" HPOS="1090"/>
							<String ID="string_337" HPOS="1118" VPOS="2064" WIDTH="8" HEIGHT="31" WC="0.96" CONTENT="i"/><SP WIDTH="29" VPOS="2064" HPOS="1126"/>
							<String ID="string_338" HPOS="1155" VPOS="2063" WIDTH="179" HEIGHT="43" WC="0.92" CONTENT="Ronneby;"/>
						</TextLine>
					</TextBlock>
					<TextBlock ID="block_9" HPOS="563" VPOS="2113" WIDTH="1193" HEIGHT="91">
						<TextLine ID="line_37" HPOS="618" VPOS="2113" WIDTH="1138" HEIGHT="47">
							<String ID="string_339" HPOS="618" VPOS="2113" WIDTH="27" HEIGHT="41" WC="0.92" CONTENT="e)"/><SP WIDTH="27" VPOS="2113" HPOS="645"/>
							<String ID="string_340" HPOS="672" VPOS="2115" WIDTH="87" HEIGHT="31" WC="0.93" CONTENT="Herr"/><SP WIDTH="27" VPOS="2115" HPOS="759"/>
							<String ID="string_341" HPOS="786" VPOS="2113" WIDTH="208" HEIGHT="34" WC="0.90" CONTENT="Grenanders"/><SP WIDTH="29" VPOS="2113" HPOS="994"/>
							<String ID="string_342" HPOS="1023" VPOS="2116" WIDTH="121" HEIGHT="31" WC="0.96" CONTENT="motion"/><SP WIDTH="30" VPOS="2116" HPOS="1144"/>
							<String ID="string_343" HPOS="1174" VPOS="2127" WIDTH="50" HEIGHT="21" WC="0.96" CONTENT="om"/><SP WIDTH="29" VPOS="2127" HPOS="1224"/>
							<String ID="string_344" HPOS="1253" VPOS="2116" WIDTH="198" HEIGHT="44" WC="0.96" CONTENT="utvidgning"/><SP WIDTH="27" VPOS="2116" HPOS="1451"/>
							<String ID="string_345" HPOS="1478" VPOS="2117" WIDTH="32" HEIGHT="31" WC="0.96" CONTENT="af"/><SP WIDTH="27" VPOS="2117" HPOS="1510"/>
							<String ID="string_346" HPOS="1537" VPOS="2116" WIDTH="182" HEIGHT="33" WC="0.96" CONTENT="läroverket"/><SP WIDTH="29" VPOS="2116" HPOS="1719"/>
							<String ID="string_347" HPOS="1748" VPOS="2117" WIDTH="8" HEIGHT="30" WC="0.96" CONTENT="i"/>
						</TextLine>
						<TextLine ID="line_38" HPOS="563" VPOS="2166" WIDTH="144" HEIGHT="38">
							<String ID="string_348" HPOS="563" VPOS="2166" WIDTH="144" HEIGHT="38" WC="0.86" CONTENT="Sköfde"/><SP WIDTH="-13" VPOS="2166" HPOS="707"/>
							<String ID="string_349" HPOS="694" VPOS="2162" WIDTH="18" HEIGHT="46" WC="0.86" CONTENT=";"/>
						</TextLine>
					</TextBlock>
					<TextBlock ID="block_10" HPOS="562" VPOS="2217" WIDTH="1193" HEIGHT="95">
						<TextLine ID="line_39" HPOS="606" VPOS="2217" WIDTH="1149" HEIGHT="46">
							<String ID="string_350" HPOS="606" VPOS="2217" WIDTH="39" HEIGHT="44" WC="0.39" CONTENT="7)"/><SP WIDTH="30" VPOS="2217" HPOS="645"/>
							<String ID="string_351" HPOS="675" VPOS="2218" WIDTH="123" HEIGHT="32" WC="0.93" CONTENT="Herrar"/><SP WIDTH="29" VPOS="2218" HPOS="798"/>
							<String ID="string_352" HPOS="827" VPOS="2217" WIDTH="127" HEIGHT="34" WC="0.89" CONTENT="Cassels"/><SP WIDTH="30" VPOS="2217" HPOS="954"/>
							<String ID="string_353" HPOS="984" VPOS="2218" WIDTH="57" HEIGHT="32" WC="0.93" CONTENT="och"/><SP WIDTH="31" VPOS="2218" HPOS="1041"/>
							<String ID="string_354" HPOS="1072" VPOS="2219" WIDTH="160" HEIGHT="42" WC="0.91" CONTENT="Magnells"/><SP WIDTH="28" VPOS="2219" HPOS="1232"/>
							<String ID="string_355" HPOS="1260" VPOS="2220" WIDTH="171" HEIGHT="39" WC="0.96" CONTENT="motioner,"/><SP WIDTH="29" VPOS="2220" HPOS="1431"/>
							<String ID="string_356" HPOS="1460" VPOS="2220" WIDTH="136" HEIGHT="32" WC="0.93" CONTENT="rörande"/><SP WIDTH="29" VPOS="2220" HPOS="1596"/>
							<String ID="string_357" HPOS="1625" VPOS="2220" WIDTH="130" HEIGHT="43" WC="0.92" CONTENT="utvidg-"/>
						</TextLine>
						<TextLine ID="line_40" HPOS="562" VPOS="2270" WIDTH="631" HEIGHT="42">
							<String ID="string_358" HPOS="562" VPOS="2270" WIDTH="79" HEIGHT="42" WC="0.95" CONTENT="ning"/><SP WIDTH="35" VPOS="2270" HPOS="641"/>
							<String ID="string_359" HPOS="676" VPOS="2271" WIDTH="32" HEIGHT="30" WC="0.96" CONTENT="af"/><SP WIDTH="27" VPOS="2271" HPOS="708"/>
							<String ID="string_360" HPOS="735" VPOS="2271" WIDTH="180" HEIGHT="32" WC="0.96" CONTENT="läroverket"/><SP WIDTH="28" VPOS="2271" HPOS="915"/>
							<String ID="string_361" HPOS="943" VPOS="2271" WIDTH="9" HEIGHT="30" WC="0.96" CONTENT="i"/><SP WIDTH="29" VPOS="2271" HPOS="952"/>
							<String ID="string_362" HPOS="981" VPOS="2270" WIDTH="212" HEIGHT="39" WC="0.93" CONTENT="Askersund;"/>
						</TextLine>
					</TextBlock>
				</ComposedBlock>
			</PrintSpace>
		</Page>
	</Layout>
</alto>
