<?xml version="1.0" encoding="UTF-8"?>
<alto xmlns="http://www.loc.gov/standards/alto/ns-v3#" xmlns:xlink="http://www.w3.org/1999/xlink" xmlns:xsi="http://www.w3.org/2001/XMLSchema-instance" xsi:schemaLocation="http://www.loc.gov/standards/alto/ns-v3# http://www.loc.gov/alto/v3/alto-3-0.xsd">
	<Description>
		<MeasurementUnit>pixel</MeasurementUnit>
		<sourceImageInformation>
			<fileName>/tmp/tess_qiq323eo_input.PNG</fileName>
		</sourceImageInformation>
		<OCRProcessing ID="OCR_0">
			<ocrProcessingStep>
				<processingSoftware>
					<softwareName>tesseract 5.3.0</softwareName>
				</processingSoftware>
			</ocrProcessingStep>
		</OCRProcessing>
	</Description>
	<Layout>
		<Page WIDTH="1904" HEIGHT="2780" PHYSICAL_IMG_NR="0" ID="page_0">
			<PrintSpace HPOS="0" VPOS="0" WIDTH="1904" HEIGHT="2780">
				<ComposedBlock ID="cblock_0" HPOS="448" VPOS="136" WIDTH="1187" HEIGHT="46">
					<TextBlock ID="block_0" HPOS="448" VPOS="136" WIDTH="1187" HEIGHT="46">
						<TextLine ID="line_0" HPOS="448" VPOS="136" WIDTH="1187" HEIGHT="46">
							<String ID="string_0" HPOS="448" VPOS="143" WIDTH="123" HEIGHT="39" WC="0.93" CONTENT="Tredje"/><SP WIDTH="20" VPOS="143" HPOS="571"/>
							<String ID="string_1" HPOS="591" VPOS="141" WIDTH="247" HEIGHT="40" WC="0.90" CONTENT="lagutskottets"/><SP WIDTH="20" VPOS="141" HPOS="838"/>
							<String ID="string_2" HPOS="858" VPOS="139" WIDTH="180" HEIGHT="31" WC="0.96" CONTENT="utlåtande"/><SP WIDTH="18" VPOS="139" HPOS="1038"/>
							<String ID="string_3" HPOS="1056" VPOS="148" WIDTH="43" HEIGHT="20" WC="0.96" CONTENT="nr"/><SP WIDTH="20" VPOS="148" HPOS="1099"/>
							<String ID="string_4" HPOS="1119" VPOS="139" WIDTH="39" HEIGHT="29" WC="0.96" CONTENT="13"/><SP WIDTH="19" VPOS="139" HPOS="1158"/>
							<String ID="string_5" HPOS="1177" VPOS="138" WIDTH="39" HEIGHT="29" WC="0.96" CONTENT="år"/><SP WIDTH="21" VPOS="138" HPOS="1216"/>
							<String ID="string_6" HPOS="1237" VPOS="137" WIDTH="83" HEIGHT="30" WC="0.96" CONTENT="1963"/><SP WIDTH="280" VPOS="137" HPOS="1320"/>
							<String ID="string_7" HPOS="1600" VPOS="136" WIDTH="35" HEIGHT="29" WC="0.95" CONTENT="11"/>
						</TextLine>
					</TextBlock>
				</ComposedBlock>
				<ComposedBlock ID="cblock_1" HPOS="136" VPOS="220" WIDTH="1508" HEIGHT="1356">
					<TextBlock ID="block_1" HPOS="137" VPOS="220" WIDTH="1500" HEIGHT="149">
						<TextLine ID="line_1" HPOS="138" VPOS="220" WIDTH="1499" HEIGHT="48">
							<String ID="string_8" HPOS="138" VPOS="238" WIDTH="75" HEIGHT="21" WC="0.96" CONTENT="som"/><SP WIDTH="20" VPOS="238" HPOS="213"/>
							<String ID="string_9" HPOS="233" VPOS="229" WIDTH="61" HEIGHT="39" WC="0.96" CONTENT="gör"/><SP WIDTH="20" VPOS="229" HPOS="294"/>
							<String ID="string_10" HPOS="314" VPOS="228" WIDTH="56" HEIGHT="29" WC="0.96" CONTENT="det"/><SP WIDTH="19" VPOS="228" HPOS="370"/>
							<String ID="string_11" HPOS="389" VPOS="226" WIDTH="138" HEIGHT="40" WC="0.96" CONTENT="möjligt"/><SP WIDTH="20" VPOS="226" HPOS="527"/>
							<String ID="string_12" HPOS="547" VPOS="225" WIDTH="54" HEIGHT="30" WC="0.96" CONTENT="för"/><SP WIDTH="20" VPOS="225" HPOS="601"/>
							<String ID="string_13" HPOS="621" VPOS="224" WIDTH="124" HEIGHT="31" WC="0.96" CONTENT="staden"/><SP WIDTH="22" VPOS="224" HPOS="745"/>
							<String ID="string_14" HPOS="767" VPOS="225" WIDTH="59" HEIGHT="33" WC="0.96" CONTENT="att,"/><SP WIDTH="22" VPOS="225" HPOS="826"/>
							<String ID="string_15" HPOS="848" VPOS="232" WIDTH="57" HEIGHT="21" WC="0.96" CONTENT="om"/><SP WIDTH="21" VPOS="232" HPOS="905"/>
							<String ID="string_16" HPOS="926" VPOS="223" WIDTH="38" HEIGHT="30" WC="0.96" CONTENT="så"/><SP WIDTH="21" VPOS="223" HPOS="964"/>
							<String ID="string_17" HPOS="985" VPOS="222" WIDTH="188" HEIGHT="33" WC="0.96" CONTENT="erfordras,"/><SP WIDTH="21" VPOS="222" HPOS="1173"/>
							<String ID="string_18" HPOS="1194" VPOS="220" WIDTH="138" HEIGHT="40" WC="0.96" CONTENT="ingripa"/><SP WIDTH="21" VPOS="220" HPOS="1332"/>
							<String ID="string_19" HPOS="1353" VPOS="220" WIDTH="54" HEIGHT="30" WC="0.96" CONTENT="för"/><SP WIDTH="21" VPOS="220" HPOS="1407"/>
							<String ID="string_20" HPOS="1428" VPOS="221" WIDTH="50" HEIGHT="28" WC="0.93" CONTENT="att"/><SP WIDTH="20" VPOS="221" HPOS="1478"/>
							<String ID="string_21" HPOS="1498" VPOS="227" WIDTH="139" HEIGHT="31" WC="0.91" CONTENT="genom-"/>
						</TextLine>
						<TextLine ID="line_2" HPOS="138" VPOS="268" WIDTH="1499" HEIGHT="48">
							<String ID="string_22" HPOS="138" VPOS="280" WIDTH="76" HEIGHT="29" WC="0.96" CONTENT="föra"/><SP WIDTH="22" VPOS="280" HPOS="214"/>
							<String ID="string_23" HPOS="236" VPOS="278" WIDTH="207" HEIGHT="38" WC="0.96" CONTENT="saneringen"/><SP WIDTH="21" VPOS="278" HPOS="443"/>
							<String ID="string_24" HPOS="464" VPOS="277" WIDTH="11" HEIGHT="29" WC="0.95" CONTENT="i"/><SP WIDTH="22" VPOS="277" HPOS="475"/>
							<String ID="string_25" HPOS="497" VPOS="284" WIDTH="83" HEIGHT="32" WC="0.96" CONTENT="egen"/><SP WIDTH="21" VPOS="284" HPOS="580"/>
							<String ID="string_26" HPOS="601" VPOS="275" WIDTH="82" HEIGHT="39" WC="0.95" CONTENT="regi."/><SP WIDTH="24" VPOS="275" HPOS="683"/>
							<String ID="string_27" HPOS="707" VPOS="275" WIDTH="53" HEIGHT="29" WC="0.96" CONTENT="En"/><SP WIDTH="22" VPOS="275" HPOS="760"/>
							<String ID="string_28" HPOS="782" VPOS="274" WIDTH="98" HEIGHT="39" WC="0.96" CONTENT="dylik"/><SP WIDTH="21" VPOS="274" HPOS="880"/>
							<String ID="string_29" HPOS="901" VPOS="272" WIDTH="222" HEIGHT="40" WC="0.96" CONTENT="lagstiftning"/><SP WIDTH="22" VPOS="272" HPOS="1123"/>
							<String ID="string_30" HPOS="1145" VPOS="272" WIDTH="62" HEIGHT="29" WC="0.96" CONTENT="bör"/><SP WIDTH="22" VPOS="272" HPOS="1207"/>
							<String ID="string_31" HPOS="1229" VPOS="270" WIDTH="130" HEIGHT="35" WC="0.96" CONTENT="därför,"/><SP WIDTH="25" VPOS="270" HPOS="1359"/>
							<String ID="string_32" HPOS="1384" VPOS="270" WIDTH="115" HEIGHT="30" WC="0.92" CONTENT="såsom"/><SP WIDTH="23" VPOS="270" HPOS="1499"/>
							<String ID="string_33" HPOS="1522" VPOS="268" WIDTH="115" HEIGHT="30" WC="0.91" CONTENT="utred-"/>
						</TextLine>
						<TextLine ID="line_3" HPOS="137" VPOS="321" WIDTH="1186" HEIGHT="48">
							<String ID="string_34" HPOS="137" VPOS="330" WIDTH="128" HEIGHT="39" WC="0.96" CONTENT="ningen"/><SP WIDTH="17" VPOS="330" HPOS="265"/>
							<String ID="string_35" HPOS="282" VPOS="328" WIDTH="65" HEIGHT="30" WC="0.96" CONTENT="och"/><SP WIDTH="19" VPOS="328" HPOS="347"/>
							<String ID="string_36" HPOS="366" VPOS="327" WIDTH="151" HEIGHT="30" WC="0.93" CONTENT="flertalet"/><SP WIDTH="19" VPOS="327" HPOS="517"/>
							<String ID="string_37" HPOS="536" VPOS="326" WIDTH="234" HEIGHT="38" WC="0.91" CONTENT="remissorgan"/><SP WIDTH="20" VPOS="326" HPOS="770"/>
							<String ID="string_38" HPOS="790" VPOS="324" WIDTH="168" HEIGHT="34" WC="0.96" CONTENT="förordat,"/><SP WIDTH="18" VPOS="324" HPOS="958"/>
							<String ID="string_39" HPOS="976" VPOS="324" WIDTH="144" HEIGHT="29" WC="0.95" CONTENT="komma"/><SP WIDTH="18" VPOS="324" HPOS="1120"/>
							<String ID="string_40" HPOS="1138" VPOS="322" WIDTH="53" HEIGHT="30" WC="0.95" CONTENT="till"/><SP WIDTH="20" VPOS="322" HPOS="1191"/>
							<String ID="string_41" HPOS="1211" VPOS="321" WIDTH="112" HEIGHT="31" WC="0.95" CONTENT="stånd."/>
						</TextLine>
					</TextBlock>
					<TextBlock ID="block_2" HPOS="136" VPOS="370" WIDTH="1505" HEIGHT="450">
						<TextLine ID="line_4" HPOS="181" VPOS="370" WIDTH="1457" HEIGHT="47">
							<String ID="string_42" HPOS="181" VPOS="380" WIDTH="13" HEIGHT="29" WC="0.96" CONTENT="I"/><SP WIDTH="27" VPOS="380" HPOS="194"/>
							<String ID="string_43" HPOS="221" VPOS="380" WIDTH="96" HEIGHT="29" WC="0.96" CONTENT="detta"/><SP WIDTH="29" VPOS="380" HPOS="317"/>
							<String ID="string_44" HPOS="346" VPOS="377" WIDTH="254" HEIGHT="40" WC="0.96" CONTENT="sammanhang"/><SP WIDTH="27" VPOS="377" HPOS="600"/>
							<String ID="string_45" HPOS="627" VPOS="376" WIDTH="62" HEIGHT="30" WC="0.96" CONTENT="bör"/><SP WIDTH="27" VPOS="376" HPOS="689"/>
							<String ID="string_46" HPOS="716" VPOS="375" WIDTH="343" HEIGHT="40" WC="0.96" CONTENT="uppmärksammas,"/><SP WIDTH="29" VPOS="375" HPOS="1059"/>
							<String ID="string_47" HPOS="1088" VPOS="374" WIDTH="50" HEIGHT="29" WC="0.96" CONTENT="att"/><SP WIDTH="30" VPOS="374" HPOS="1138"/>
							<String ID="string_48" HPOS="1168" VPOS="371" WIDTH="83" HEIGHT="31" WC="0.96" CONTENT="1954"/><SP WIDTH="29" VPOS="371" HPOS="1251"/>
							<String ID="string_49" HPOS="1280" VPOS="371" WIDTH="57" HEIGHT="30" WC="0.93" CONTENT="års"/><SP WIDTH="28" VPOS="371" HPOS="1337"/>
							<String ID="string_50" HPOS="1365" VPOS="370" WIDTH="273" HEIGHT="40" WC="0.92" CONTENT="fastighetsbild-"/>
						</TextLine>
						<TextLine ID="line_5" HPOS="138" VPOS="420" WIDTH="1500" HEIGHT="49">
							<String ID="string_51" HPOS="138" VPOS="428" WIDTH="289" HEIGHT="41" WC="0.92" CONTENT="ningskommitté"/><SP WIDTH="27" VPOS="428" HPOS="427"/>
							<String ID="string_52" HPOS="454" VPOS="428" WIDTH="11" HEIGHT="30" WC="0.96" CONTENT="i"/><SP WIDTH="28" VPOS="428" HPOS="465"/>
							<String ID="string_53" HPOS="493" VPOS="427" WIDTH="59" HEIGHT="30" WC="0.96" CONTENT="sitt"/><SP WIDTH="27" VPOS="427" HPOS="552"/>
							<String ID="string_54" HPOS="579" VPOS="425" WIDTH="289" HEIGHT="40" WC="0.96" CONTENT="remissyttrande"/><SP WIDTH="29" VPOS="425" HPOS="868"/>
							<String ID="string_55" HPOS="897" VPOS="425" WIDTH="81" HEIGHT="29" WC="0.93" CONTENT="över"/><SP WIDTH="28" VPOS="425" HPOS="978"/>
							<String ID="string_56" HPOS="1006" VPOS="421" WIDTH="533" HEIGHT="42" WC="0.92" CONTENT="expropriationsutredningens"/><SP WIDTH="30" VPOS="421" HPOS="1539"/>
							<String ID="string_57" HPOS="1569" VPOS="420" WIDTH="69" HEIGHT="30" WC="0.92" CONTENT="för-"/>
						</TextLine>
						<TextLine ID="line_6" HPOS="139" VPOS="471" WIDTH="1498" HEIGHT="48">
							<String ID="string_58" HPOS="139" VPOS="481" WIDTH="74" HEIGHT="38" WC="0.92" CONTENT="slag"/><SP WIDTH="23" VPOS="481" HPOS="213"/>
							<String ID="string_59" HPOS="236" VPOS="479" WIDTH="245" HEIGHT="33" WC="0.92" CONTENT="förutskickat,"/><SP WIDTH="25" VPOS="479" HPOS="481"/>
							<String ID="string_60" HPOS="506" VPOS="480" WIDTH="49" HEIGHT="28" WC="0.95" CONTENT="att"/><SP WIDTH="22" VPOS="480" HPOS="555"/>
							<String ID="string_61" HPOS="577" VPOS="476" WIDTH="211" HEIGHT="31" WC="0.96" CONTENT="kommittén"/><SP WIDTH="22" VPOS="476" HPOS="788"/>
							<String ID="string_62" HPOS="810" VPOS="476" WIDTH="96" HEIGHT="29" WC="0.96" CONTENT="inom"/><SP WIDTH="24" VPOS="476" HPOS="906"/>
							<String ID="string_63" HPOS="930" VPOS="484" WIDTH="42" HEIGHT="21" WC="0.96" CONTENT="en"/><SP WIDTH="25" VPOS="484" HPOS="972"/>
							<String ID="string_64" HPOS="997" VPOS="475" WIDTH="86" HEIGHT="29" WC="0.96" CONTENT="nära"/><SP WIDTH="23" VPOS="475" HPOS="1083"/>
							<String ID="string_65" HPOS="1106" VPOS="473" WIDTH="146" HEIGHT="30" WC="0.96" CONTENT="framtid"/><SP WIDTH="23" VPOS="473" HPOS="1252"/>
							<String ID="string_66" HPOS="1275" VPOS="473" WIDTH="158" HEIGHT="29" WC="0.96" CONTENT="kommer"/><SP WIDTH="25" VPOS="473" HPOS="1433"/>
							<String ID="string_67" HPOS="1458" VPOS="473" WIDTH="50" HEIGHT="28" WC="0.93" CONTENT="att"/><SP WIDTH="22" VPOS="473" HPOS="1508"/>
							<String ID="string_68" HPOS="1530" VPOS="471" WIDTH="107" HEIGHT="30" WC="0.91" CONTENT="fram-"/>
						</TextLine>
						<TextLine ID="line_7" HPOS="138" VPOS="521" WIDTH="1500" HEIGHT="49">
							<String ID="string_69" HPOS="138" VPOS="531" WIDTH="102" HEIGHT="39" WC="0.95" CONTENT="lägga"/><SP WIDTH="20" VPOS="531" HPOS="240"/>
							<String ID="string_70" HPOS="260" VPOS="530" WIDTH="130" HEIGHT="38" WC="0.94" CONTENT="förslag"/><SP WIDTH="19" VPOS="530" HPOS="390"/>
							<String ID="string_71" HPOS="409" VPOS="529" WIDTH="51" HEIGHT="29" WC="0.96" CONTENT="till"/><SP WIDTH="19" VPOS="529" HPOS="460"/>
							<String ID="string_72" HPOS="479" VPOS="527" WIDTH="221" HEIGHT="40" WC="0.96" CONTENT="lagstiftning"/><SP WIDTH="20" VPOS="527" HPOS="700"/>
							<String ID="string_73" HPOS="720" VPOS="536" WIDTH="56" HEIGHT="20" WC="0.93" CONTENT="om"/><SP WIDTH="20" VPOS="536" HPOS="776"/>
							<String ID="string_74" HPOS="796" VPOS="523" WIDTH="544" HEIGHT="43" WC="0.87" CONTENT="gemensamhetsanläggningar."/><SP WIDTH="21" VPOS="523" HPOS="1340"/>
							<String ID="string_75" HPOS="1361" VPOS="523" WIDTH="65" HEIGHT="29" WC="0.96" CONTENT="Det"/><SP WIDTH="20" VPOS="523" HPOS="1426"/>
							<String ID="string_76" HPOS="1446" VPOS="522" WIDTH="96" HEIGHT="29" WC="0.95" CONTENT="finns"/><SP WIDTH="20" VPOS="522" HPOS="1542"/>
							<String ID="string_77" HPOS="1562" VPOS="521" WIDTH="76" HEIGHT="30" WC="0.96" CONTENT="skäl"/>
						</TextLine>
						<TextLine ID="line_8" HPOS="139" VPOS="571" WIDTH="1500" HEIGHT="48">
							<String ID="string_78" HPOS="139" VPOS="583" WIDTH="50" HEIGHT="28" WC="0.96" CONTENT="att"/><SP WIDTH="27" VPOS="583" HPOS="189"/>
							<String ID="string_79" HPOS="216" VPOS="582" WIDTH="136" HEIGHT="37" WC="0.96" CONTENT="antaga,"/><SP WIDTH="27" VPOS="582" HPOS="352"/>
							<String ID="string_80" HPOS="379" VPOS="580" WIDTH="50" HEIGHT="29" WC="0.96" CONTENT="att"/><SP WIDTH="27" VPOS="580" HPOS="429"/>
							<String ID="string_81" HPOS="456" VPOS="577" WIDTH="263" HEIGHT="31" WC="0.96" CONTENT="bestämmelser"/><SP WIDTH="25" VPOS="577" HPOS="719"/>
							<String ID="string_82" HPOS="744" VPOS="586" WIDTH="56" HEIGHT="21" WC="0.96" CONTENT="om"/><SP WIDTH="29" VPOS="586" HPOS="800"/>
							<String ID="string_83" HPOS="829" VPOS="576" WIDTH="133" HEIGHT="30" WC="0.96" CONTENT="sådana"/><SP WIDTH="27" VPOS="576" HPOS="962"/>
							<String ID="string_84" HPOS="989" VPOS="574" WIDTH="252" HEIGHT="40" WC="0.95" CONTENT="anläggningar"/><SP WIDTH="26" VPOS="574" HPOS="1241"/>
							<String ID="string_85" HPOS="1267" VPOS="574" WIDTH="71" HEIGHT="29" WC="0.96" CONTENT="kan"/><SP WIDTH="26" VPOS="574" HPOS="1338"/>
							<String ID="string_86" HPOS="1364" VPOS="572" WIDTH="48" HEIGHT="31" WC="0.96" CONTENT="bli"/><SP WIDTH="26" VPOS="572" HPOS="1412"/>
							<String ID="string_87" HPOS="1438" VPOS="574" WIDTH="48" HEIGHT="28" WC="0.96" CONTENT="ett"/><SP WIDTH="27" VPOS="574" HPOS="1486"/>
							<String ID="string_88" HPOS="1513" VPOS="573" WIDTH="11" HEIGHT="28" WC="0.96" CONTENT="i"/><SP WIDTH="27" VPOS="573" HPOS="1524"/>
							<String ID="string_89" HPOS="1551" VPOS="571" WIDTH="88" HEIGHT="30" WC="0.96" CONTENT="flera"/>
						</TextLine>
						<TextLine ID="line_9" HPOS="136" VPOS="623" WIDTH="1503" HEIGHT="44">
							<String ID="string_90" HPOS="136" VPOS="630" WIDTH="197" HEIGHT="31" WC="0.96" CONTENT="avseenden"/><SP WIDTH="21" VPOS="630" HPOS="333"/>
							<String ID="string_91" HPOS="354" VPOS="628" WIDTH="189" HEIGHT="31" WC="0.96" CONTENT="värdefullt"/><SP WIDTH="21" VPOS="628" HPOS="543"/>
							<String ID="string_92" HPOS="564" VPOS="628" WIDTH="239" HEIGHT="39" WC="0.95" CONTENT="komplement"/><SP WIDTH="21" VPOS="628" HPOS="803"/>
							<String ID="string_93" HPOS="824" VPOS="626" WIDTH="52" HEIGHT="30" WC="0.96" CONTENT="till"/><SP WIDTH="24" VPOS="626" HPOS="876"/>
							<String ID="string_94" HPOS="900" VPOS="627" WIDTH="67" HEIGHT="29" WC="0.96" CONTENT="den"/><SP WIDTH="22" VPOS="627" HPOS="967"/>
							<String ID="string_95" HPOS="989" VPOS="635" WIDTH="47" HEIGHT="20" WC="0.96" CONTENT="nu"/><SP WIDTH="21" VPOS="635" HPOS="1036"/>
							<String ID="string_96" HPOS="1057" VPOS="624" WIDTH="189" HEIGHT="31" WC="0.95" CONTENT="förordade"/><SP WIDTH="22" VPOS="624" HPOS="1246"/>
							<String ID="string_97" HPOS="1268" VPOS="623" WIDTH="275" HEIGHT="40" WC="0.95" CONTENT="lagstiftningen."/><SP WIDTH="23" VPOS="623" HPOS="1543"/>
							<String ID="string_98" HPOS="1566" VPOS="623" WIDTH="73" HEIGHT="29" WC="0.96" CONTENT="Mer"/>
						</TextLine>
						<TextLine ID="line_10" HPOS="138" VPOS="672" WIDTH="1503" HEIGHT="46">
							<String ID="string_99" HPOS="138" VPOS="680" WIDTH="46" HEIGHT="29" WC="0.96" CONTENT="än"/><SP WIDTH="17" VPOS="680" HPOS="184"/>
							<String ID="string_100" HPOS="201" VPOS="682" WIDTH="48" HEIGHT="28" WC="0.96" CONTENT="ett"/><SP WIDTH="17" VPOS="682" HPOS="249"/>
							<String ID="string_101" HPOS="266" VPOS="679" WIDTH="239" HEIGHT="39" WC="0.96" CONTENT="komplement"/><SP WIDTH="16" VPOS="679" HPOS="505"/>
							<String ID="string_102" HPOS="521" VPOS="678" WIDTH="116" HEIGHT="30" WC="0.96" CONTENT="därtill"/><SP WIDTH="18" VPOS="678" HPOS="637"/>
							<String ID="string_103" HPOS="655" VPOS="678" WIDTH="70" HEIGHT="29" WC="0.96" CONTENT="kan"/><SP WIDTH="17" VPOS="678" HPOS="725"/>
							<String ID="string_104" HPOS="742" VPOS="677" WIDTH="263" HEIGHT="30" WC="0.96" CONTENT="bestämmelser"/><SP WIDTH="17" VPOS="677" HPOS="1005"/>
							<String ID="string_105" HPOS="1022" VPOS="685" WIDTH="42" HEIGHT="20" WC="0.93" CONTENT="av"/><SP WIDTH="16" VPOS="685" HPOS="1064"/>
							<String ID="string_106" HPOS="1080" VPOS="675" WIDTH="132" HEIGHT="39" WC="0.93" CONTENT="antydd"/><SP WIDTH="18" VPOS="675" HPOS="1212"/>
							<String ID="string_107" HPOS="1230" VPOS="676" WIDTH="53" HEIGHT="28" WC="0.96" CONTENT="art"/><SP WIDTH="18" VPOS="676" HPOS="1283"/>
							<String ID="string_108" HPOS="1301" VPOS="674" WIDTH="88" HEIGHT="30" WC="0.96" CONTENT="dock"/><SP WIDTH="17" VPOS="674" HPOS="1389"/>
							<String ID="string_109" HPOS="1406" VPOS="673" WIDTH="77" HEIGHT="30" WC="0.95" CONTENT="icke"/><SP WIDTH="16" VPOS="673" HPOS="1483"/>
							<String ID="string_110" HPOS="1499" VPOS="672" WIDTH="58" HEIGHT="30" WC="0.95" CONTENT="bli."/><SP WIDTH="18" VPOS="672" HPOS="1557"/>
							<String ID="string_111" HPOS="1575" VPOS="673" WIDTH="66" HEIGHT="29" WC="0.96" CONTENT="Det"/>
						</TextLine>
						<TextLine ID="line_11" HPOS="137" VPOS="724" WIDTH="1501" HEIGHT="44">
							<String ID="string_112" HPOS="137" VPOS="732" WIDTH="97" HEIGHT="29" WC="0.96" CONTENT="finns"/><SP WIDTH="19" VPOS="732" HPOS="234"/>
							<String ID="string_113" HPOS="253" VPOS="731" WIDTH="121" HEIGHT="30" WC="0.96" CONTENT="därför"/><SP WIDTH="17" VPOS="731" HPOS="374"/>
							<String ID="string_114" HPOS="391" VPOS="730" WIDTH="76" HEIGHT="30" WC="0.96" CONTENT="icke"/><SP WIDTH="20" VPOS="730" HPOS="467"/>
							<String ID="string_115" HPOS="487" VPOS="729" WIDTH="188" HEIGHT="39" WC="0.96" CONTENT="anledning"/><SP WIDTH="19" VPOS="729" HPOS="675"/>
							<String ID="string_116" HPOS="694" VPOS="730" WIDTH="50" HEIGHT="28" WC="0.92" CONTENT="att"/><SP WIDTH="17" VPOS="730" HPOS="744"/>
							<String ID="string_117" HPOS="761" VPOS="746" WIDTH="45" HEIGHT="3" WC="0.92" CONTENT="—"/><SP WIDTH="19" VPOS="746" HPOS="806"/>
							<String ID="string_118" HPOS="825" VPOS="727" WIDTH="115" HEIGHT="30" WC="0.92" CONTENT="såsom"/><SP WIDTH="21" VPOS="727" HPOS="940"/>
							<String ID="string_119" HPOS="961" VPOS="726" WIDTH="175" HEIGHT="30" WC="0.92" CONTENT="förordats"/><SP WIDTH="21" VPOS="726" HPOS="1136"/>
							<String ID="string_120" HPOS="1157" VPOS="735" WIDTH="42" HEIGHT="20" WC="0.96" CONTENT="av"/><SP WIDTH="19" VPOS="735" HPOS="1199"/>
							<String ID="string_121" HPOS="1218" VPOS="725" WIDTH="107" HEIGHT="39" WC="0.93" CONTENT="några"/><SP WIDTH="19" VPOS="725" HPOS="1325"/>
							<String ID="string_122" HPOS="1344" VPOS="724" WIDTH="233" HEIGHT="39" WC="0.89" CONTENT="remissorgan"/><SP WIDTH="19" VPOS="724" HPOS="1577"/>
							<String ID="string_123" HPOS="1596" VPOS="741" WIDTH="42" HEIGHT="3" WC="0.92" CONTENT="—"/>
						</TextLine>
						<TextLine ID="line_12" HPOS="136" VPOS="777" WIDTH="928" HEIGHT="43">
							<String ID="string_124" HPOS="136" VPOS="782" WIDTH="151" HEIGHT="30" WC="0.93" CONTENT="avvakta"/><SP WIDTH="21" VPOS="782" HPOS="287"/>
							<String ID="string_125" HPOS="308" VPOS="778" WIDTH="594" HEIGHT="42" WC="0.92" CONTENT="fastighetsbildningskommitténs"/><SP WIDTH="22" VPOS="778" HPOS="902"/>
							<String ID="string_126" HPOS="924" VPOS="777" WIDTH="140" HEIGHT="39" WC="0.96" CONTENT="förslag."/>
						</TextLine>
					</TextBlock>
					<TextBlock ID="block_3" HPOS="138" VPOS="824" WIDTH="1506" HEIGHT="752">
						<TextLine ID="line_13" HPOS="182" VPOS="824" WIDTH="1457" HEIGHT="47">
							<String ID="string_127" HPOS="182" VPOS="833" WIDTH="77" HEIGHT="29" WC="0.96" CONTENT="Den"/><SP WIDTH="24" VPOS="833" HPOS="259"/>
							<String ID="string_128" HPOS="283" VPOS="831" WIDTH="198" HEIGHT="40" WC="0.96" CONTENT="föreslagna"/><SP WIDTH="23" VPOS="831" HPOS="481"/>
							<String ID="string_129" HPOS="504" VPOS="829" WIDTH="266" HEIGHT="40" WC="0.96" CONTENT="lagstiftningen"/><SP WIDTH="24" VPOS="829" HPOS="770"/>
							<String ID="string_130" HPOS="794" VPOS="829" WIDTH="64" HEIGHT="29" WC="0.96" CONTENT="har"/><SP WIDTH="25" VPOS="829" HPOS="858"/>
							<String ID="string_131" HPOS="883" VPOS="828" WIDTH="126" HEIGHT="29" WC="0.96" CONTENT="främst"/><SP WIDTH="25" VPOS="828" HPOS="1009"/>
							<String ID="string_132" HPOS="1034" VPOS="826" WIDTH="248" HEIGHT="30" WC="0.96" CONTENT="aktualiserats"/><SP WIDTH="25" VPOS="826" HPOS="1282"/>
							<String ID="string_133" HPOS="1307" VPOS="835" WIDTH="42" HEIGHT="20" WC="0.96" CONTENT="av"/><SP WIDTH="24" VPOS="835" HPOS="1349"/>
							<String ID="string_134" HPOS="1373" VPOS="824" WIDTH="266" HEIGHT="31" WC="0.96" CONTENT="förhållandena"/>
						</TextLine>
						<TextLine ID="line_14" HPOS="139" VPOS="874" WIDTH="1500" HEIGHT="45">
							<String ID="string_135" HPOS="139" VPOS="885" WIDTH="10" HEIGHT="29" WC="0.94" CONTENT="i"/><SP WIDTH="25" VPOS="885" HPOS="149"/>
							<String ID="string_136" HPOS="174" VPOS="882" WIDTH="122" HEIGHT="30" WC="0.94" CONTENT="Gamla"/><SP WIDTH="25" VPOS="882" HPOS="296"/>
							<String ID="string_137" HPOS="321" VPOS="882" WIDTH="93" HEIGHT="29" WC="0.95" CONTENT="Stan."/><SP WIDTH="26" VPOS="882" HPOS="414"/>
							<String ID="string_138" HPOS="440" VPOS="881" WIDTH="78" HEIGHT="30" WC="0.96" CONTENT="Med"/><SP WIDTH="24" VPOS="881" HPOS="518"/>
							<String ID="string_139" HPOS="542" VPOS="881" WIDTH="137" HEIGHT="38" WC="0.95" CONTENT="hänsyn"/><SP WIDTH="25" VPOS="881" HPOS="679"/>
							<String ID="string_140" HPOS="704" VPOS="880" WIDTH="53" HEIGHT="29" WC="0.95" CONTENT="till"/><SP WIDTH="23" VPOS="880" HPOS="757"/>
							<String ID="string_141" HPOS="780" VPOS="879" WIDTH="68" HEIGHT="30" WC="0.96" CONTENT="vad"/><SP WIDTH="23" VPOS="879" HPOS="848"/>
							<String ID="string_142" HPOS="871" VPOS="879" WIDTH="60" HEIGHT="39" WC="0.96" CONTENT="jag"/><SP WIDTH="23" VPOS="879" HPOS="931"/>
							<String ID="string_143" HPOS="954" VPOS="878" WIDTH="146" HEIGHT="39" WC="0.96" CONTENT="tidigare"/><SP WIDTH="27" VPOS="878" HPOS="1100"/>
							<String ID="string_144" HPOS="1127" VPOS="876" WIDTH="118" HEIGHT="31" WC="0.96" CONTENT="anfört"/><SP WIDTH="24" VPOS="876" HPOS="1245"/>
							<String ID="string_145" HPOS="1269" VPOS="876" WIDTH="63" HEIGHT="30" WC="0.96" CONTENT="bör"/><SP WIDTH="24" VPOS="876" HPOS="1332"/>
							<String ID="string_146" HPOS="1356" VPOS="876" WIDTH="65" HEIGHT="29" WC="0.96" CONTENT="den"/><SP WIDTH="26" VPOS="876" HPOS="1421"/>
							<String ID="string_147" HPOS="1447" VPOS="874" WIDTH="192" HEIGHT="31" WC="0.96" CONTENT="emellertid"/>
						</TextLine>
						<TextLine ID="line_15" HPOS="138" VPOS="926" WIDTH="1502" HEIGHT="47">
							<String ID="string_148" HPOS="138" VPOS="941" WIDTH="57" HEIGHT="32" WC="0.95" CONTENT="ges"/><SP WIDTH="24" VPOS="941" HPOS="195"/>
							<String ID="string_149" HPOS="219" VPOS="933" WIDTH="110" HEIGHT="30" WC="0.96" CONTENT="sådan"/><SP WIDTH="21" VPOS="933" HPOS="329"/>
							<String ID="string_150" HPOS="350" VPOS="931" WIDTH="176" HEIGHT="35" WC="0.96" CONTENT="räckvidd,"/><SP WIDTH="23" VPOS="931" HPOS="526"/>
							<String ID="string_151" HPOS="549" VPOS="933" WIDTH="50" HEIGHT="27" WC="0.96" CONTENT="att"/><SP WIDTH="21" VPOS="933" HPOS="599"/>
							<String ID="string_152" HPOS="620" VPOS="931" WIDTH="69" HEIGHT="29" WC="0.96" CONTENT="den"/><SP WIDTH="19" VPOS="931" HPOS="689"/>
							<String ID="string_153" HPOS="708" VPOS="930" WIDTH="59" HEIGHT="29" WC="0.96" CONTENT="vid"/><SP WIDTH="21" VPOS="930" HPOS="767"/>
							<String ID="string_154" HPOS="788" VPOS="929" WIDTH="110" HEIGHT="30" WC="0.96" CONTENT="behov"/><SP WIDTH="21" VPOS="929" HPOS="898"/>
							<String ID="string_155" HPOS="919" VPOS="929" WIDTH="71" HEIGHT="29" WC="0.96" CONTENT="kan"/><SP WIDTH="21" VPOS="929" HPOS="990"/>
							<String ID="string_156" HPOS="1011" VPOS="928" WIDTH="178" HEIGHT="39" WC="0.96" CONTENT="tillämpas"/><SP WIDTH="23" VPOS="928" HPOS="1189"/>
							<String ID="string_157" HPOS="1212" VPOS="928" WIDTH="87" HEIGHT="28" WC="0.96" CONTENT="även"/><SP WIDTH="20" VPOS="928" HPOS="1299"/>
							<String ID="string_158" HPOS="1319" VPOS="927" WIDTH="96" HEIGHT="29" WC="0.96" CONTENT="inom"/><SP WIDTH="22" VPOS="927" HPOS="1415"/>
							<String ID="string_159" HPOS="1437" VPOS="926" WIDTH="109" HEIGHT="29" WC="0.93" CONTENT="andra"/><SP WIDTH="22" VPOS="926" HPOS="1546"/>
							<String ID="string_160" HPOS="1568" VPOS="934" WIDTH="72" HEIGHT="20" WC="0.91" CONTENT="om-"/>
						</TextLine>
						<TextLine ID="line_16" HPOS="139" VPOS="975" WIDTH="1500" HEIGHT="46">
							<String ID="string_161" HPOS="139" VPOS="984" WIDTH="118" HEIGHT="29" WC="0.93" CONTENT="råden."/><SP WIDTH="15" VPOS="984" HPOS="257"/>
							<String ID="string_162" HPOS="272" VPOS="981" WIDTH="417" HEIGHT="40" WC="0.92" CONTENT="Tillämpningsområdet"/><SP WIDTH="13" VPOS="981" HPOS="689"/>
							<String ID="string_163" HPOS="702" VPOS="980" WIDTH="64" HEIGHT="30" WC="0.96" CONTENT="bör"/><SP WIDTH="15" VPOS="980" HPOS="766"/>
							<String ID="string_164" HPOS="781" VPOS="980" WIDTH="89" HEIGHT="29" WC="0.96" CONTENT="dock"/><SP WIDTH="15" VPOS="980" HPOS="870"/>
							<String ID="string_165" HPOS="885" VPOS="979" WIDTH="189" HEIGHT="39" WC="0.95" CONTENT="avgränsas"/><SP WIDTH="18" VPOS="979" HPOS="1074"/>
							<String ID="string_166" HPOS="1092" VPOS="977" WIDTH="47" HEIGHT="35" WC="0.96" CONTENT="så,"/><SP WIDTH="17" VPOS="977" HPOS="1139"/>
							<String ID="string_167" HPOS="1156" VPOS="979" WIDTH="50" HEIGHT="28" WC="0.96" CONTENT="att"/><SP WIDTH="16" VPOS="979" HPOS="1206"/>
							<String ID="string_168" HPOS="1222" VPOS="976" WIDTH="265" HEIGHT="40" WC="0.96" CONTENT="lagstiftningen"/><SP WIDTH="15" VPOS="976" HPOS="1487"/>
							<String ID="string_169" HPOS="1502" VPOS="976" WIDTH="12" HEIGHT="29" WC="0.96" CONTENT="i"/><SP WIDTH="16" VPOS="976" HPOS="1514"/>
							<String ID="string_170" HPOS="1530" VPOS="975" WIDTH="109" HEIGHT="30" WC="0.96" CONTENT="första"/>
						</TextLine>
						<TextLine ID="line_17" HPOS="138" VPOS="1025" WIDTH="1503" HEIGHT="47">
							<String ID="string_171" HPOS="138" VPOS="1034" WIDTH="95" HEIGHT="29" WC="0.96" CONTENT="hand"/><SP WIDTH="20" VPOS="1034" HPOS="233"/>
							<String ID="string_172" HPOS="253" VPOS="1036" WIDTH="54" HEIGHT="27" WC="0.96" CONTENT="tar"/><SP WIDTH="21" VPOS="1036" HPOS="307"/>
							<String ID="string_173" HPOS="328" VPOS="1033" WIDTH="89" HEIGHT="30" WC="0.96" CONTENT="sikte"/><SP WIDTH="20" VPOS="1033" HPOS="417"/>
							<String ID="string_174" HPOS="437" VPOS="1032" WIDTH="45" HEIGHT="40" WC="0.96" CONTENT="på"/><SP WIDTH="19" VPOS="1032" HPOS="482"/>
							<String ID="string_175" HPOS="501" VPOS="1031" WIDTH="217" HEIGHT="34" WC="0.96" CONTENT="situationer,"/><SP WIDTH="20" VPOS="1031" HPOS="718"/>
							<String ID="string_176" HPOS="738" VPOS="1030" WIDTH="45" HEIGHT="30" WC="0.96" CONTENT="då"/><SP WIDTH="20" VPOS="1030" HPOS="783"/>
							<String ID="string_177" HPOS="803" VPOS="1030" WIDTH="99" HEIGHT="39" WC="0.96" CONTENT="fråga"/><SP WIDTH="21" VPOS="1030" HPOS="902"/>
							<String ID="string_178" HPOS="923" VPOS="1030" WIDTH="39" HEIGHT="30" WC="0.96" CONTENT="är"/><SP WIDTH="19" VPOS="1030" HPOS="962"/>
							<String ID="string_179" HPOS="981" VPOS="1038" WIDTH="56" HEIGHT="21" WC="0.96" CONTENT="om"/><SP WIDTH="21" VPOS="1038" HPOS="1037"/>
							<String ID="string_180" HPOS="1058" VPOS="1027" WIDTH="274" HEIGHT="31" WC="0.96" CONTENT="förhållandevis"/><SP WIDTH="21" VPOS="1027" HPOS="1332"/>
							<String ID="string_181" HPOS="1353" VPOS="1026" WIDTH="217" HEIGHT="30" WC="0.92" CONTENT="omfattande"/><SP WIDTH="21" VPOS="1026" HPOS="1570"/>
							<String ID="string_182" HPOS="1591" VPOS="1025" WIDTH="50" HEIGHT="30" WC="0.92" CONTENT="åt-"/>
						</TextLine>
						<TextLine ID="line_18" HPOS="139" VPOS="1077" WIDTH="1502" HEIGHT="47">
							<String ID="string_183" HPOS="139" VPOS="1085" WIDTH="124" HEIGHT="39" WC="0.96" CONTENT="gärder"/><SP WIDTH="21" VPOS="1085" HPOS="263"/>
							<String ID="string_184" HPOS="284" VPOS="1083" WIDTH="55" HEIGHT="31" WC="0.97" CONTENT="för"/><SP WIDTH="20" VPOS="1083" HPOS="339"/>
							<String ID="string_185" HPOS="359" VPOS="1082" WIDTH="236" HEIGHT="40" WC="0.96" CONTENT="upprustning"/><SP WIDTH="21" VPOS="1082" HPOS="595"/>
							<String ID="string_186" HPOS="616" VPOS="1091" WIDTH="43" HEIGHT="20" WC="0.96" CONTENT="av"/><SP WIDTH="19" VPOS="1091" HPOS="659"/>
							<String ID="string_187" HPOS="678" VPOS="1081" WIDTH="151" HEIGHT="39" WC="0.96" CONTENT="märklig"/><SP WIDTH="20" VPOS="1081" HPOS="829"/>
							<String ID="string_188" HPOS="849" VPOS="1079" WIDTH="267" HEIGHT="39" WC="0.96" CONTENT="tätbebyggelse."/><SP WIDTH="23" VPOS="1079" HPOS="1116"/>
							<String ID="string_189" HPOS="1139" VPOS="1078" WIDTH="78" HEIGHT="30" WC="0.96" CONTENT="Med"/><SP WIDTH="22" VPOS="1078" HPOS="1217"/>
							<String ID="string_190" HPOS="1239" VPOS="1078" WIDTH="136" HEIGHT="38" WC="0.96" CONTENT="hänsyn"/><SP WIDTH="22" VPOS="1078" HPOS="1375"/>
							<String ID="string_191" HPOS="1397" VPOS="1077" WIDTH="118" HEIGHT="29" WC="0.96" CONTENT="härtill"/><SP WIDTH="24" VPOS="1077" HPOS="1515"/>
							<String ID="string_192" HPOS="1539" VPOS="1085" WIDTH="102" HEIGHT="30" WC="0.96" CONTENT="synes"/>
						</TextLine>
						<TextLine ID="line_19" HPOS="139" VPOS="1126" WIDTH="1502" HEIGHT="48">
							<String ID="string_193" HPOS="139" VPOS="1134" WIDTH="201" HEIGHT="40" WC="0.96" CONTENT="lämpligast"/><SP WIDTH="22" VPOS="1134" HPOS="340"/>
							<String ID="string_194" HPOS="362" VPOS="1135" WIDTH="51" HEIGHT="28" WC="0.96" CONTENT="att"/><SP WIDTH="20" VPOS="1135" HPOS="413"/>
							<String ID="string_195" HPOS="433" VPOS="1133" WIDTH="43" HEIGHT="30" WC="0.96" CONTENT="de"/><SP WIDTH="23" VPOS="1133" HPOS="476"/>
							<String ID="string_196" HPOS="499" VPOS="1131" WIDTH="258" HEIGHT="40" WC="0.93" CONTENT="huvudsakliga"/><SP WIDTH="22" VPOS="1131" HPOS="757"/>
							<String ID="string_197" HPOS="779" VPOS="1131" WIDTH="216" HEIGHT="39" WC="0.92" CONTENT="lagreglerna"/><SP WIDTH="23" VPOS="1131" HPOS="995"/>
							<String ID="string_198" HPOS="1018" VPOS="1130" WIDTH="98" HEIGHT="39" WC="0.95" CONTENT="göres"/><SP WIDTH="24" VPOS="1130" HPOS="1116"/>
							<String ID="string_199" HPOS="1140" VPOS="1128" WIDTH="207" HEIGHT="39" WC="0.96" CONTENT="tillämpliga"/><SP WIDTH="22" VPOS="1128" HPOS="1347"/>
							<String ID="string_200" HPOS="1369" VPOS="1127" WIDTH="80" HEIGHT="30" WC="0.96" CONTENT="med"/><SP WIDTH="23" VPOS="1127" HPOS="1449"/>
							<String ID="string_201" HPOS="1472" VPOS="1126" WIDTH="169" HEIGHT="30" WC="0.96" CONTENT="avseende"/>
						</TextLine>
						<TextLine ID="line_20" HPOS="139" VPOS="1177" WIDTH="1502" HEIGHT="44">
							<String ID="string_202" HPOS="139" VPOS="1186" WIDTH="20" HEIGHT="29" WC="0.93" CONTENT="å"/><SP WIDTH="19" VPOS="1186" HPOS="159"/>
							<String ID="string_203" HPOS="178" VPOS="1185" WIDTH="179" HEIGHT="33" WC="0.96" CONTENT="områden,"/><SP WIDTH="20" VPOS="1185" HPOS="357"/>
							<String ID="string_204" HPOS="377" VPOS="1184" WIDTH="96" HEIGHT="29" WC="0.96" CONTENT="inom"/><SP WIDTH="19" VPOS="1184" HPOS="473"/>
							<String ID="string_205" HPOS="492" VPOS="1183" WIDTH="94" HEIGHT="29" WC="0.96" CONTENT="vilka"/><SP WIDTH="19" VPOS="1183" HPOS="586"/>
							<String ID="string_206" HPOS="605" VPOS="1182" WIDTH="231" HEIGHT="39" WC="0.96" CONTENT="bebyggelsen"/><SP WIDTH="19" VPOS="1182" HPOS="836"/>
							<String ID="string_207" HPOS="855" VPOS="1181" WIDTH="64" HEIGHT="29" WC="0.96" CONTENT="har"/><SP WIDTH="21" VPOS="1181" HPOS="919"/>
							<String ID="string_208" HPOS="940" VPOS="1180" WIDTH="109" HEIGHT="30" WC="0.96" CONTENT="sådan"/><SP WIDTH="20" VPOS="1180" HPOS="1049"/>
							<String ID="string_209" HPOS="1069" VPOS="1179" WIDTH="178" HEIGHT="34" WC="0.96" CONTENT="karaktär,"/><SP WIDTH="22" VPOS="1179" HPOS="1247"/>
							<String ID="string_210" HPOS="1269" VPOS="1180" WIDTH="50" HEIGHT="28" WC="0.96" CONTENT="att"/><SP WIDTH="21" VPOS="1180" HPOS="1319"/>
							<String ID="string_211" HPOS="1340" VPOS="1177" WIDTH="181" HEIGHT="40" WC="0.96" CONTENT="stadsplan"/><SP WIDTH="19" VPOS="1177" HPOS="1521"/>
							<String ID="string_212" HPOS="1540" VPOS="1177" WIDTH="101" HEIGHT="39" WC="0.96" CONTENT="utgör"/>
						</TextLine>
						<TextLine ID="line_21" HPOS="139" VPOS="1227" WIDTH="1502" HEIGHT="47">
							<String ID="string_213" HPOS="139" VPOS="1238" WIDTH="48" HEIGHT="27" WC="0.96" CONTENT="ett"/><SP WIDTH="23" VPOS="1238" HPOS="187"/>
							<String ID="string_214" HPOS="210" VPOS="1235" WIDTH="159" HEIGHT="39" WC="0.96" CONTENT="lämpligt"/><SP WIDTH="23" VPOS="1235" HPOS="369"/>
							<String ID="string_215" HPOS="392" VPOS="1234" WIDTH="212" HEIGHT="30" WC="0.96" CONTENT="instrument"/><SP WIDTH="24" VPOS="1234" HPOS="604"/>
							<String ID="string_216" HPOS="628" VPOS="1232" WIDTH="55" HEIGHT="31" WC="0.93" CONTENT="för"/><SP WIDTH="23" VPOS="1232" HPOS="683"/>
							<String ID="string_217" HPOS="706" VPOS="1230" WIDTH="432" HEIGHT="41" WC="0.91" CONTENT="bebyggelseregleringen."/><SP WIDTH="24" VPOS="1230" HPOS="1138"/>
							<String ID="string_218" HPOS="1162" VPOS="1230" WIDTH="109" HEIGHT="29" WC="0.96" CONTENT="Dessa"/><SP WIDTH="23" VPOS="1230" HPOS="1271"/>
							<String ID="string_219" HPOS="1294" VPOS="1228" WIDTH="264" HEIGHT="31" WC="0.96" CONTENT="bestämmelser"/><SP WIDTH="21" VPOS="1228" HPOS="1558"/>
							<String ID="string_220" HPOS="1579" VPOS="1227" WIDTH="62" HEIGHT="30" WC="0.96" CONTENT="bör"/>
						</TextLine>
						<TextLine ID="line_22" HPOS="141" VPOS="1278" WIDTH="1501" HEIGHT="46">
							<String ID="string_221" HPOS="141" VPOS="1286" WIDTH="117" HEIGHT="30" WC="0.96" CONTENT="såsom"/><SP WIDTH="21" VPOS="1286" HPOS="258"/>
							<String ID="string_222" HPOS="279" VPOS="1285" WIDTH="231" HEIGHT="39" WC="0.96" CONTENT="utredningen"/><SP WIDTH="23" VPOS="1285" HPOS="510"/>
							<String ID="string_223" HPOS="533" VPOS="1283" WIDTH="180" HEIGHT="39" WC="0.96" CONTENT="föreslagit"/><SP WIDTH="23" VPOS="1283" HPOS="713"/>
							<String ID="string_224" HPOS="736" VPOS="1284" WIDTH="172" HEIGHT="38" WC="0.96" CONTENT="upptagas"/><SP WIDTH="21" VPOS="1284" HPOS="908"/>
							<String ID="string_225" HPOS="929" VPOS="1280" WIDTH="106" HEIGHT="31" WC="0.93" CONTENT="bland"/><SP WIDTH="23" VPOS="1280" HPOS="1035"/>
							<String ID="string_226" HPOS="1058" VPOS="1280" WIDTH="301" HEIGHT="40" WC="0.91" CONTENT="byggnadslagens"/><SP WIDTH="21" VPOS="1280" HPOS="1359"/>
							<String ID="string_227" HPOS="1380" VPOS="1279" WIDTH="111" HEIGHT="39" WC="0.96" CONTENT="regler"/><SP WIDTH="20" VPOS="1279" HPOS="1491"/>
							<String ID="string_228" HPOS="1511" VPOS="1287" WIDTH="57" HEIGHT="20" WC="0.93" CONTENT="om"/><SP WIDTH="23" VPOS="1287" HPOS="1568"/>
							<String ID="string_229" HPOS="1591" VPOS="1278" WIDTH="51" HEIGHT="29" WC="0.92" CONTENT="in-"/>
						</TextLine>
						<TextLine ID="line_23" HPOS="141" VPOS="1328" WIDTH="1501" HEIGHT="45">
							<String ID="string_230" HPOS="141" VPOS="1337" WIDTH="97" HEIGHT="30" WC="0.96" CONTENT="lösen"/><SP WIDTH="19" VPOS="1337" HPOS="238"/>
							<String ID="string_231" HPOS="257" VPOS="1345" WIDTH="43" HEIGHT="21" WC="0.96" CONTENT="av"/><SP WIDTH="18" VPOS="1345" HPOS="300"/>
							<String ID="string_232" HPOS="318" VPOS="1335" WIDTH="102" HEIGHT="30" WC="0.96" CONTENT="mark"/><SP WIDTH="18" VPOS="1335" HPOS="420"/>
							<String ID="string_233" HPOS="438" VPOS="1335" WIDTH="56" HEIGHT="30" WC="0.93" CONTENT="för"/><SP WIDTH="19" VPOS="1335" HPOS="494"/>
							<String ID="string_234" HPOS="513" VPOS="1332" WIDTH="348" HEIGHT="41" WC="0.92" CONTENT="saneringsändamål"/><SP WIDTH="20" VPOS="1332" HPOS="861"/>
							<String ID="string_235" HPOS="881" VPOS="1340" WIDTH="125" HEIGHT="31" WC="0.96" CONTENT="genom"/><SP WIDTH="19" VPOS="1340" HPOS="1006"/>
							<String ID="string_236" HPOS="1025" VPOS="1333" WIDTH="50" HEIGHT="27" WC="0.96" CONTENT="att"/><SP WIDTH="20" VPOS="1333" HPOS="1075"/>
							<String ID="string_237" HPOS="1095" VPOS="1330" WIDTH="214" HEIGHT="30" WC="0.95" CONTENT="omedelbart"/><SP WIDTH="19" VPOS="1330" HPOS="1309"/>
							<String ID="string_238" HPOS="1328" VPOS="1329" WIDTH="88" HEIGHT="30" WC="0.93" CONTENT="efter"/><SP WIDTH="21" VPOS="1329" HPOS="1416"/>
							<String ID="string_239" HPOS="1437" VPOS="1328" WIDTH="205" HEIGHT="39" WC="0.92" CONTENT="stadgandet"/>
						</TextLine>
						<TextLine ID="line_24" HPOS="141" VPOS="1378" WIDTH="1501" HEIGHT="47">
							<String ID="string_240" HPOS="141" VPOS="1396" WIDTH="57" HEIGHT="21" WC="0.90" CONTENT="om"/><SP WIDTH="21" VPOS="1396" HPOS="198"/>
							<String ID="string_241" HPOS="219" VPOS="1385" WIDTH="327" HEIGHT="40" WC="0.78" CONTENT="zonexpropriation"/><SP WIDTH="22" VPOS="1385" HPOS="546"/>
							<String ID="string_242" HPOS="568" VPOS="1385" WIDTH="9" HEIGHT="29" WC="0.96" CONTENT="i"/><SP WIDTH="24" VPOS="1385" HPOS="577"/>
							<String ID="string_243" HPOS="601" VPOS="1383" WIDTH="41" HEIGHT="30" WC="0.93" CONTENT="44"/><SP WIDTH="25" VPOS="1383" HPOS="642"/>
							<String ID="string_244" HPOS="667" VPOS="1383" WIDTH="15" HEIGHT="37" WC="0.83" CONTENT="$"/><SP WIDTH="24" VPOS="1383" HPOS="682"/>
							<String ID="string_245" HPOS="706" VPOS="1383" WIDTH="132" HEIGHT="30" WC="0.91" CONTENT="införes"/><SP WIDTH="23" VPOS="1383" HPOS="838"/>
							<String ID="string_246" HPOS="861" VPOS="1392" WIDTH="43" HEIGHT="20" WC="0.97" CONTENT="en"/><SP WIDTH="23" VPOS="1392" HPOS="904"/>
							<String ID="string_247" HPOS="927" VPOS="1391" WIDTH="47" HEIGHT="30" WC="0.96" CONTENT="ny"/><SP WIDTH="21" VPOS="1391" HPOS="974"/>
							<String ID="string_248" HPOS="995" VPOS="1380" WIDTH="175" HEIGHT="41" WC="0.96" CONTENT="paragraf,"/><SP WIDTH="23" VPOS="1380" HPOS="1170"/>
							<String ID="string_249" HPOS="1193" VPOS="1380" WIDTH="192" HEIGHT="30" WC="0.96" CONTENT="betecknad"/><SP WIDTH="23" VPOS="1380" HPOS="1385"/>
							<String ID="string_250" HPOS="1408" VPOS="1378" WIDTH="41" HEIGHT="30" WC="0.41" CONTENT="44"/><SP WIDTH="14" VPOS="1378" HPOS="1449"/>
							<String ID="string_251" HPOS="1463" VPOS="1388" WIDTH="20" HEIGHT="20" WC="0.41" CONTENT="a"/><SP WIDTH="24" VPOS="1388" HPOS="1483"/>
							<String ID="string_252" HPOS="1507" VPOS="1378" WIDTH="28" HEIGHT="37" WC="0.89" CONTENT="$."/><SP WIDTH="22" VPOS="1378" HPOS="1535"/>
							<String ID="string_253" HPOS="1557" VPOS="1379" WIDTH="85" HEIGHT="29" WC="0.92" CONTENT="Där-"/>
						</TextLine>
						<TextLine ID="line_25" HPOS="140" VPOS="1424" WIDTH="1503" HEIGHT="53">
							<String ID="string_254" HPOS="140" VPOS="1438" WIDTH="110" HEIGHT="39" WC="0.96" CONTENT="jämte"/><SP WIDTH="22" VPOS="1438" HPOS="250"/>
							<String ID="string_255" HPOS="272" VPOS="1436" WIDTH="179" HEIGHT="30" WC="0.96" CONTENT="erfordras"/><SP WIDTH="22" VPOS="1436" HPOS="451"/>
							<String ID="string_256" HPOS="473" VPOS="1435" WIDTH="54" HEIGHT="29" WC="0.97" CONTENT="för"/><SP WIDTH="23" VPOS="1435" HPOS="527"/>
							<String ID="string_257" HPOS="550" VPOS="1433" WIDTH="274" HEIGHT="41" WC="0.96" CONTENT="genomförande"/><SP WIDTH="23" VPOS="1433" HPOS="824"/>
							<String ID="string_258" HPOS="847" VPOS="1442" WIDTH="42" HEIGHT="20" WC="0.93" CONTENT="av"/><SP WIDTH="23" VPOS="1442" HPOS="889"/>
							<String ID="string_259" HPOS="912" VPOS="1431" WIDTH="345" HEIGHT="39" WC="0.92" CONTENT="saneringsåtgärder"/><SP WIDTH="22" VPOS="1431" HPOS="1257"/>
							<String ID="string_260" HPOS="1279" VPOS="1439" WIDTH="42" HEIGHT="20" WC="0.96" CONTENT="av"/><SP WIDTH="22" VPOS="1439" HPOS="1321"/>
							<String ID="string_261" HPOS="1343" VPOS="1429" WIDTH="135" HEIGHT="30" WC="0.94" CONTENT="mindre"/><SP WIDTH="24" VPOS="1429" HPOS="1478"/>
							<String ID="string_262" HPOS="1502" VPOS="1424" WIDTH="141" HEIGHT="48" WC="0.90" CONTENT="omfatt-"/>
						</TextLine>
						<TextLine ID="line_26" HPOS="142" VPOS="1478" WIDTH="1502" HEIGHT="49">
							<String ID="string_263" HPOS="142" VPOS="1488" WIDTH="84" HEIGHT="39" WC="0.96" CONTENT="ning"/><SP WIDTH="23" VPOS="1488" HPOS="226"/>
							<String ID="string_264" HPOS="249" VPOS="1488" WIDTH="45" HEIGHT="28" WC="0.96" CONTENT="än"/><SP WIDTH="21" VPOS="1488" HPOS="294"/>
							<String ID="string_265" HPOS="315" VPOS="1495" WIDTH="46" HEIGHT="21" WC="0.93" CONTENT="nu"/><SP WIDTH="25" VPOS="1495" HPOS="361"/>
							<String ID="string_266" HPOS="386" VPOS="1485" WIDTH="149" HEIGHT="40" WC="0.91" CONTENT="åsyftats"/><SP WIDTH="23" VPOS="1485" HPOS="535"/>
							<String ID="string_267" HPOS="558" VPOS="1484" WIDTH="149" HEIGHT="39" WC="0.96" CONTENT="ändring"/><SP WIDTH="21" VPOS="1484" HPOS="707"/>
							<String ID="string_268" HPOS="728" VPOS="1484" WIDTH="11" HEIGHT="29" WC="0.91" CONTENT="i"/><SP WIDTH="22" VPOS="1484" HPOS="739"/>
							<String ID="string_269" HPOS="761" VPOS="1482" WIDTH="394" HEIGHT="40" WC="0.89" CONTENT="expropriationslagen."/><SP WIDTH="25" VPOS="1482" HPOS="1155"/>
							<String ID="string_270" HPOS="1180" VPOS="1480" WIDTH="125" HEIGHT="30" WC="0.96" CONTENT="Härtill"/><SP WIDTH="24" VPOS="1480" HPOS="1305"/>
							<String ID="string_271" HPOS="1329" VPOS="1479" WIDTH="234" HEIGHT="30" WC="0.95" CONTENT="återkommer"/><SP WIDTH="22" VPOS="1479" HPOS="1563"/>
							<String ID="string_272" HPOS="1585" VPOS="1478" WIDTH="59" HEIGHT="39" WC="0.96" CONTENT="jag"/>
						</TextLine>
						<TextLine ID="line_27" HPOS="141" VPOS="1537" WIDTH="276" HEIGHT="39">
							<String ID="string_273" HPOS="141" VPOS="1539" WIDTH="10" HEIGHT="29" WC="0.96" CONTENT="i"/><SP WIDTH="21" VPOS="1539" HPOS="151"/>
							<String ID="string_274" HPOS="172" VPOS="1538" WIDTH="57" HEIGHT="30" WC="0.96" CONTENT="det"/><SP WIDTH="21" VPOS="1538" HPOS="229"/>
							<String ID="string_275" HPOS="250" VPOS="1537" WIDTH="167" HEIGHT="39" WC="0.96" CONTENT="följande."/>
						</TextLine>
					</TextBlock>
				</ComposedBlock>
				<ComposedBlock ID="cblock_2" HPOS="143" VPOS="1629" WIDTH="1507" HEIGHT="847">
					<TextBlock ID="block_4" HPOS="143" VPOS="1629" WIDTH="1502" HEIGHT="149">
						<TextLine ID="line_28" HPOS="187" VPOS="1629" WIDTH="1457" HEIGHT="47">
							<String ID="string_276" HPOS="187" VPOS="1638" WIDTH="75" HEIGHT="30" WC="0.96" CONTENT="Vad"/><SP WIDTH="22" VPOS="1638" HPOS="262"/>
							<String ID="string_277" HPOS="284" VPOS="1636" WIDTH="109" HEIGHT="40" WC="0.96" CONTENT="angår"/><SP WIDTH="21" VPOS="1636" HPOS="393"/>
							<String ID="string_278" HPOS="414" VPOS="1637" WIDTH="66" HEIGHT="29" WC="0.96" CONTENT="den"/><SP WIDTH="23" VPOS="1637" HPOS="480"/>
							<String ID="string_279" HPOS="503" VPOS="1637" WIDTH="160" HEIGHT="28" WC="0.96" CONTENT="närmare"/><SP WIDTH="23" VPOS="1637" HPOS="663"/>
							<String ID="string_280" HPOS="686" VPOS="1634" WIDTH="266" HEIGHT="39" WC="0.96" CONTENT="utformningen"/><SP WIDTH="21" VPOS="1634" HPOS="952"/>
							<String ID="string_281" HPOS="973" VPOS="1642" WIDTH="43" HEIGHT="20" WC="0.96" CONTENT="av"/><SP WIDTH="21" VPOS="1642" HPOS="1016"/>
							<String ID="string_282" HPOS="1037" VPOS="1632" WIDTH="66" HEIGHT="30" WC="0.96" CONTENT="den"/><SP WIDTH="23" VPOS="1632" HPOS="1103"/>
							<String ID="string_283" HPOS="1126" VPOS="1632" WIDTH="198" HEIGHT="38" WC="0.96" CONTENT="föreslagna"/><SP WIDTH="22" VPOS="1632" HPOS="1324"/>
							<String ID="string_284" HPOS="1346" VPOS="1640" WIDTH="68" HEIGHT="30" WC="0.96" CONTENT="nya"/><SP WIDTH="22" VPOS="1640" HPOS="1414"/>
							<String ID="string_285" HPOS="1436" VPOS="1629" WIDTH="208" HEIGHT="40" WC="0.96" CONTENT="paragrafen"/>
						</TextLine>
						<TextLine ID="line_29" HPOS="143" VPOS="1681" WIDTH="1502" HEIGHT="47">
							<String ID="string_286" HPOS="143" VPOS="1689" WIDTH="10" HEIGHT="29" WC="0.93" CONTENT="i"/><SP WIDTH="20" VPOS="1689" HPOS="153"/>
							<String ID="string_287" HPOS="173" VPOS="1687" WIDTH="282" HEIGHT="41" WC="0.92" CONTENT="byggnadslagen"/><SP WIDTH="21" VPOS="1687" HPOS="455"/>
							<String ID="string_288" HPOS="476" VPOS="1695" WIDTH="102" HEIGHT="21" WC="0.96" CONTENT="anser"/><SP WIDTH="19" VPOS="1695" HPOS="578"/>
							<String ID="string_289" HPOS="597" VPOS="1686" WIDTH="60" HEIGHT="39" WC="0.97" CONTENT="jag"/><SP WIDTH="21" VPOS="1686" HPOS="657"/>
							<String ID="string_290" HPOS="678" VPOS="1685" WIDTH="71" HEIGHT="39" WC="0.96" CONTENT="mig"/><SP WIDTH="20" VPOS="1685" HPOS="749"/>
							<String ID="string_291" HPOS="769" VPOS="1685" WIDTH="84" HEIGHT="29" WC="0.96" CONTENT="böra"/><SP WIDTH="22" VPOS="1685" HPOS="853"/>
							<String ID="string_292" HPOS="875" VPOS="1684" WIDTH="88" HEIGHT="30" WC="0.96" CONTENT="först"/><SP WIDTH="22" VPOS="1684" HPOS="963"/>
							<String ID="string_293" HPOS="985" VPOS="1685" WIDTH="79" HEIGHT="37" WC="0.96" CONTENT="taga"/><SP WIDTH="21" VPOS="1685" HPOS="1064"/>
							<String ID="string_294" HPOS="1085" VPOS="1682" WIDTH="167" HEIGHT="39" WC="0.96" CONTENT="ställning"/><SP WIDTH="20" VPOS="1682" HPOS="1252"/>
							<String ID="string_295" HPOS="1272" VPOS="1681" WIDTH="52" HEIGHT="30" WC="0.96" CONTENT="till"/><SP WIDTH="22" VPOS="1681" HPOS="1324"/>
							<String ID="string_296" HPOS="1346" VPOS="1681" WIDTH="126" HEIGHT="39" WC="0.96" CONTENT="frågan"/><SP WIDTH="19" VPOS="1681" HPOS="1472"/>
							<String ID="string_297" HPOS="1491" VPOS="1689" WIDTH="55" HEIGHT="21" WC="0.92" CONTENT="om"/><SP WIDTH="33" VPOS="1689" HPOS="1546"/>
							<String ID="string_298" HPOS="1579" VPOS="1689" WIDTH="66" HEIGHT="20" WC="0.20" CONTENT="e&gt;x-"/>
						</TextLine>
						<TextLine ID="line_30" HPOS="143" VPOS="1733" WIDTH="985" HEIGHT="45">
							<String ID="string_299" HPOS="143" VPOS="1736" WIDTH="607" HEIGHT="42" WC="0.91" CONTENT="propriationsområdets"/><SP WIDTH="32" VPOS="1736" HPOS="750"/>
							<String ID="string_300" HPOS="782" VPOS="1733" WIDTH="346" HEIGHT="40" WC="0.96" CONTENT="avgränsning."/>
						</TextLine>
					</TextBlock>
					<TextBlock ID="block_5" HPOS="146" VPOS="1780" WIDTH="1504" HEIGHT="696">
						<TextLine ID="line_31" HPOS="189" VPOS="1780" WIDTH="1456" HEIGHT="46">
							<String ID="string_301" HPOS="189" VPOS="1790" WIDTH="51" HEIGHT="28" WC="0.96" CONTENT="Av"/><SP WIDTH="25" VPOS="1790" HPOS="240"/>
							<String ID="string_302" HPOS="265" VPOS="1789" WIDTH="41" HEIGHT="29" WC="0.96" CONTENT="de"/><SP WIDTH="26" VPOS="1789" HPOS="306"/>
							<String ID="string_303" HPOS="332" VPOS="1788" WIDTH="12" HEIGHT="30" WC="0.96" CONTENT="i"/><SP WIDTH="24" VPOS="1788" HPOS="344"/>
							<String ID="string_304" HPOS="368" VPOS="1788" WIDTH="57" HEIGHT="30" WC="0.96" CONTENT="det"/><SP WIDTH="26" VPOS="1788" HPOS="425"/>
							<String ID="string_305" HPOS="451" VPOS="1786" WIDTH="208" HEIGHT="40" WC="0.96" CONTENT="föregående"/><SP WIDTH="26" VPOS="1786" HPOS="659"/>
							<String ID="string_306" HPOS="685" VPOS="1785" WIDTH="203" HEIGHT="30" WC="0.93" CONTENT="redovisade"/><SP WIDTH="26" VPOS="1785" HPOS="888"/>
							<String ID="string_307" HPOS="914" VPOS="1783" WIDTH="344" HEIGHT="39" WC="0.91" CONTENT="förutsättningarna"/><SP WIDTH="25" VPOS="1783" HPOS="1258"/>
							<String ID="string_308" HPOS="1283" VPOS="1782" WIDTH="54" HEIGHT="29" WC="0.93" CONTENT="för"/><SP WIDTH="27" VPOS="1782" HPOS="1337"/>
							<String ID="string_309" HPOS="1364" VPOS="1780" WIDTH="281" HEIGHT="39" WC="0.87" CONTENT="saneringsverk-"/>
						</TextLine>
						<TextLine ID="line_32" HPOS="147" VPOS="1830" WIDTH="1499" HEIGHT="46">
							<String ID="string_310" HPOS="147" VPOS="1840" WIDTH="181" HEIGHT="29" WC="0.95" CONTENT="samheten"/><SP WIDTH="27" VPOS="1840" HPOS="328"/>
							<String ID="string_311" HPOS="355" VPOS="1838" WIDTH="104" HEIGHT="38" WC="0.96" CONTENT="följer"/><SP WIDTH="26" VPOS="1838" HPOS="459"/>
							<String ID="string_312" HPOS="485" VPOS="1837" WIDTH="106" HEIGHT="39" WC="0.96" CONTENT="enligt"/><SP WIDTH="27" VPOS="1837" HPOS="591"/>
							<String ID="string_313" HPOS="618" VPOS="1836" WIDTH="75" HEIGHT="29" WC="0.96" CONTENT="min"/><SP WIDTH="26" VPOS="1836" HPOS="693"/>
							<String ID="string_314" HPOS="719" VPOS="1836" WIDTH="141" HEIGHT="38" WC="0.96" CONTENT="mening"/><SP WIDTH="28" VPOS="1836" HPOS="860"/>
							<String ID="string_315" HPOS="888" VPOS="1836" WIDTH="50" HEIGHT="28" WC="0.96" CONTENT="att"/><SP WIDTH="27" VPOS="1836" HPOS="938"/>
							<String ID="string_316" HPOS="965" VPOS="1833" WIDTH="184" HEIGHT="40" WC="0.95" CONTENT="lagregeln,"/><SP WIDTH="29" VPOS="1833" HPOS="1149"/>
							<String ID="string_317" HPOS="1178" VPOS="1842" WIDTH="57" HEIGHT="20" WC="0.96" CONTENT="om"/><SP WIDTH="27" VPOS="1842" HPOS="1235"/>
							<String ID="string_318" HPOS="1262" VPOS="1832" WIDTH="66" HEIGHT="29" WC="0.96" CONTENT="den"/><SP WIDTH="29" VPOS="1832" HPOS="1328"/>
							<String ID="string_319" HPOS="1357" VPOS="1831" WIDTH="88" HEIGHT="31" WC="0.96" CONTENT="skall"/><SP WIDTH="28" VPOS="1831" HPOS="1445"/>
							<String ID="string_320" HPOS="1473" VPOS="1831" WIDTH="86" HEIGHT="38" WC="0.95" CONTENT="fylla"/><SP WIDTH="27" VPOS="1831" HPOS="1559"/>
							<String ID="string_321" HPOS="1586" VPOS="1830" WIDTH="60" HEIGHT="30" WC="0.96" CONTENT="sitt"/>
						</TextLine>
						<TextLine ID="line_33" HPOS="148" VPOS="1882" WIDTH="1494" HEIGHT="46">
							<String ID="string_322" HPOS="148" VPOS="1889" WIDTH="100" HEIGHT="39" WC="0.96" CONTENT="syfte,"/><SP WIDTH="19" VPOS="1889" HPOS="248"/>
							<String ID="string_323" HPOS="267" VPOS="1889" WIDTH="111" HEIGHT="29" WC="0.96" CONTENT="måste"/><SP WIDTH="18" VPOS="1889" HPOS="378"/>
							<String ID="string_324" HPOS="396" VPOS="1887" WIDTH="173" HEIGHT="30" WC="0.96" CONTENT="utformas"/><SP WIDTH="19" VPOS="1887" HPOS="569"/>
							<String ID="string_325" HPOS="588" VPOS="1886" WIDTH="38" HEIGHT="30" WC="0.96" CONTENT="så"/><SP WIDTH="19" VPOS="1886" HPOS="626"/>
							<String ID="string_326" HPOS="645" VPOS="1888" WIDTH="50" HEIGHT="27" WC="0.96" CONTENT="att"/><SP WIDTH="20" VPOS="1888" HPOS="695"/>
							<String ID="string_327" HPOS="715" VPOS="1885" WIDTH="175" HEIGHT="40" WC="0.96" CONTENT="garantier"/><SP WIDTH="18" VPOS="1885" HPOS="890"/>
							<String ID="string_328" HPOS="908" VPOS="1884" WIDTH="123" HEIGHT="30" WC="0.96" CONTENT="vinnes"/><SP WIDTH="19" VPOS="1884" HPOS="1031"/>
							<String ID="string_329" HPOS="1050" VPOS="1883" WIDTH="54" HEIGHT="30" WC="0.96" CONTENT="för"/><SP WIDTH="20" VPOS="1883" HPOS="1104"/>
							<String ID="string_330" HPOS="1124" VPOS="1884" WIDTH="50" HEIGHT="28" WC="0.96" CONTENT="att"/><SP WIDTH="20" VPOS="1884" HPOS="1174"/>
							<String ID="string_331" HPOS="1194" VPOS="1882" WIDTH="206" HEIGHT="39" WC="0.96" CONTENT="saneringen"/><SP WIDTH="19" VPOS="1882" HPOS="1400"/>
							<String ID="string_332" HPOS="1419" VPOS="1882" WIDTH="69" HEIGHT="28" WC="0.93" CONTENT="kan"/><SP WIDTH="20" VPOS="1882" HPOS="1488"/>
							<String ID="string_333" HPOS="1508" VPOS="1888" WIDTH="134" HEIGHT="32" WC="0.91" CONTENT="genom-"/>
						</TextLine>
						<TextLine ID="line_34" HPOS="146" VPOS="1930" WIDTH="1500" HEIGHT="47">
							<String ID="string_334" HPOS="146" VPOS="1940" WIDTH="96" HEIGHT="29" WC="0.96" CONTENT="föras"/><SP WIDTH="27" VPOS="1940" HPOS="242"/>
							<String ID="string_335" HPOS="269" VPOS="1939" WIDTH="11" HEIGHT="29" WC="0.96" CONTENT="i"/><SP WIDTH="29" VPOS="1939" HPOS="280"/>
							<String ID="string_336" HPOS="309" VPOS="1938" WIDTH="165" HEIGHT="39" WC="0.95" CONTENT="lämpliga"/><SP WIDTH="27" VPOS="1938" HPOS="474"/>
							<String ID="string_337" HPOS="501" VPOS="1937" WIDTH="152" HEIGHT="30" WC="0.93" CONTENT="enheter."/><SP WIDTH="29" VPOS="1937" HPOS="653"/>
							<String ID="string_338" HPOS="682" VPOS="1934" WIDTH="454" HEIGHT="40" WC="0.91" CONTENT="Inlösningsbefogenheten"/><SP WIDTH="28" VPOS="1934" HPOS="1136"/>
							<String ID="string_339" HPOS="1164" VPOS="1933" WIDTH="63" HEIGHT="29" WC="0.96" CONTENT="bör"/><SP WIDTH="27" VPOS="1933" HPOS="1227"/>
							<String ID="string_340" HPOS="1254" VPOS="1932" WIDTH="79" HEIGHT="30" WC="0.96" CONTENT="med"/><SP WIDTH="28" VPOS="1932" HPOS="1333"/>
							<String ID="string_341" HPOS="1361" VPOS="1932" WIDTH="138" HEIGHT="38" WC="0.96" CONTENT="hänsyn"/><SP WIDTH="28" VPOS="1932" HPOS="1499"/>
							<String ID="string_342" HPOS="1527" VPOS="1930" WIDTH="119" HEIGHT="30" WC="0.96" CONTENT="härtill"/>
						</TextLine>
						<TextLine ID="line_35" HPOS="147" VPOS="1981" WIDTH="1498" HEIGHT="48">
							<String ID="string_343" HPOS="147" VPOS="1990" WIDTH="10" HEIGHT="29" WC="0.96" CONTENT="i"/><SP WIDTH="23" VPOS="1990" HPOS="157"/>
							<String ID="string_344" HPOS="180" VPOS="1989" WIDTH="137" HEIGHT="40" WC="0.96" CONTENT="princip"/><SP WIDTH="24" VPOS="1989" HPOS="317"/>
							<String ID="string_345" HPOS="341" VPOS="1997" WIDTH="79" HEIGHT="21" WC="0.96" CONTENT="avse"/><SP WIDTH="23" VPOS="1997" HPOS="420"/>
							<String ID="string_346" HPOS="443" VPOS="1988" WIDTH="78" HEIGHT="29" WC="0.96" CONTENT="hela"/><SP WIDTH="23" VPOS="1988" HPOS="521"/>
							<String ID="string_347" HPOS="544" VPOS="1987" WIDTH="57" HEIGHT="30" WC="0.97" CONTENT="det"/><SP WIDTH="23" VPOS="1987" HPOS="601"/>
							<String ID="string_348" HPOS="624" VPOS="1986" WIDTH="153" HEIGHT="34" WC="0.96" CONTENT="område,"/><SP WIDTH="25" VPOS="1986" HPOS="777"/>
							<String ID="string_349" HPOS="802" VPOS="1994" WIDTH="74" HEIGHT="21" WC="0.97" CONTENT="som"/><SP WIDTH="26" VPOS="1994" HPOS="876"/>
							<String ID="string_350" HPOS="902" VPOS="1984" WIDTH="114" HEIGHT="30" WC="0.96" CONTENT="direkt"/><SP WIDTH="23" VPOS="1984" HPOS="1016"/>
							<String ID="string_351" HPOS="1039" VPOS="1984" WIDTH="120" HEIGHT="29" WC="0.96" CONTENT="berörs"/><SP WIDTH="24" VPOS="1984" HPOS="1159"/>
							<String ID="string_352" HPOS="1183" VPOS="1992" WIDTH="42" HEIGHT="20" WC="0.93" CONTENT="av"/><SP WIDTH="23" VPOS="1992" HPOS="1225"/>
							<String ID="string_353" HPOS="1248" VPOS="1982" WIDTH="203" HEIGHT="30" WC="0.92" CONTENT="tillämnade"/><SP WIDTH="24" VPOS="1982" HPOS="1451"/>
							<String ID="string_354" HPOS="1475" VPOS="1981" WIDTH="170" HEIGHT="39" WC="0.96" CONTENT="åtgärder,"/>
						</TextLine>
						<TextLine ID="line_36" HPOS="147" VPOS="2031" WIDTH="1499" HEIGHT="44">
							<String ID="string_355" HPOS="147" VPOS="2041" WIDTH="32" HEIGHT="30" WC="0.90" CONTENT="d."/><SP WIDTH="25" VPOS="2041" HPOS="179"/>
							<String ID="string_356" HPOS="204" VPOS="2049" WIDTH="30" HEIGHT="20" WC="0.87" CONTENT="v."/><SP WIDTH="28" VPOS="2049" HPOS="234"/>
							<String ID="string_357" HPOS="262" VPOS="2049" WIDTH="25" HEIGHT="20" WC="0.89" CONTENT="s."/><SP WIDTH="25" VPOS="2049" HPOS="287"/>
							<String ID="string_358" HPOS="312" VPOS="2039" WIDTH="66" HEIGHT="29" WC="0.96" CONTENT="vad"/><SP WIDTH="27" VPOS="2039" HPOS="378"/>
							<String ID="string_359" HPOS="405" VPOS="2047" WIDTH="74" HEIGHT="21" WC="0.96" CONTENT="som"/><SP WIDTH="27" VPOS="2047" HPOS="479"/>
							<String ID="string_360" HPOS="506" VPOS="2037" WIDTH="79" HEIGHT="30" WC="0.96" CONTENT="från"/><SP WIDTH="26" VPOS="2037" HPOS="585"/>
							<String ID="string_361" HPOS="611" VPOS="2036" WIDTH="142" HEIGHT="31" WC="0.96" CONTENT="teknisk"/><SP WIDTH="26" VPOS="2036" HPOS="753"/>
							<String ID="string_362" HPOS="779" VPOS="2035" WIDTH="180" HEIGHT="40" WC="0.96" CONTENT="synpunkt"/><SP WIDTH="25" VPOS="2035" HPOS="959"/>
							<String ID="string_363" HPOS="984" VPOS="2035" WIDTH="101" HEIGHT="38" WC="0.96" CONTENT="utgör"/><SP WIDTH="26" VPOS="2035" HPOS="1085"/>
							<String ID="string_364" HPOS="1111" VPOS="2043" WIDTH="43" HEIGHT="21" WC="0.96" CONTENT="en"/><SP WIDTH="26" VPOS="2043" HPOS="1154"/>
							<String ID="string_365" HPOS="1180" VPOS="2032" WIDTH="143" HEIGHT="40" WC="0.93" CONTENT="lämplig"/><SP WIDTH="27" VPOS="2032" HPOS="1323"/>
							<String ID="string_366" HPOS="1350" VPOS="2031" WIDTH="296" HEIGHT="40" WC="0.91" CONTENT="saneringsenhet."/>
						</TextLine>
						<TextLine ID="line_37" HPOS="148" VPOS="2081" WIDTH="1500" HEIGHT="47">
							<String ID="string_367" HPOS="148" VPOS="2089" WIDTH="258" HEIGHT="39" WC="0.92" CONTENT="Befogenheten"/><SP WIDTH="19" VPOS="2089" HPOS="406"/>
							<String ID="string_368" HPOS="425" VPOS="2089" WIDTH="159" HEIGHT="28" WC="0.95" CONTENT="kommer"/><SP WIDTH="19" VPOS="2089" HPOS="584"/>
							<String ID="string_369" HPOS="603" VPOS="2087" WIDTH="122" HEIGHT="29" WC="0.95" CONTENT="därvid"/><SP WIDTH="23" VPOS="2087" HPOS="725"/>
							<String ID="string_370" HPOS="748" VPOS="2088" WIDTH="49" HEIGHT="28" WC="0.95" CONTENT="att"/><SP WIDTH="20" VPOS="2088" HPOS="797"/>
							<String ID="string_371" HPOS="817" VPOS="2085" WIDTH="90" HEIGHT="40" WC="0.96" CONTENT="gälla"/><SP WIDTH="21" VPOS="2085" HPOS="907"/>
							<String ID="string_372" HPOS="928" VPOS="2086" WIDTH="86" HEIGHT="28" WC="0.96" CONTENT="även"/><SP WIDTH="20" VPOS="2086" HPOS="1014"/>
							<String ID="string_373" HPOS="1034" VPOS="2084" WIDTH="79" HEIGHT="30" WC="0.95" CONTENT="med"/><SP WIDTH="21" VPOS="2084" HPOS="1113"/>
							<String ID="string_374" HPOS="1134" VPOS="2083" WIDTH="168" HEIGHT="30" WC="0.93" CONTENT="avseende"/><SP WIDTH="21" VPOS="2083" HPOS="1302"/>
							<String ID="string_375" HPOS="1323" VPOS="2083" WIDTH="19" HEIGHT="30" WC="0.92" CONTENT="å"/><SP WIDTH="20" VPOS="2083" HPOS="1342"/>
							<String ID="string_376" HPOS="1362" VPOS="2082" WIDTH="110" HEIGHT="34" WC="0.95" CONTENT="mark,"/><SP WIDTH="22" VPOS="2082" HPOS="1472"/>
							<String ID="string_377" HPOS="1494" VPOS="2091" WIDTH="74" HEIGHT="20" WC="0.96" CONTENT="som"/><SP WIDTH="23" VPOS="2091" HPOS="1568"/>
							<String ID="string_378" HPOS="1591" VPOS="2081" WIDTH="57" HEIGHT="30" WC="0.96" CONTENT="det"/>
						</TextLine>
						<TextLine ID="line_38" HPOS="149" VPOS="2131" WIDTH="1499" HEIGHT="46">
							<String ID="string_379" HPOS="149" VPOS="2141" WIDTH="37" HEIGHT="28" WC="0.96" CONTENT="är"/><SP WIDTH="23" VPOS="2141" HPOS="186"/>
							<String ID="string_380" HPOS="209" VPOS="2139" WIDTH="213" HEIGHT="38" WC="0.96" CONTENT="nödvändigt"/><SP WIDTH="25" VPOS="2139" HPOS="422"/>
							<String ID="string_381" HPOS="447" VPOS="2139" WIDTH="49" HEIGHT="29" WC="0.96" CONTENT="att"/><SP WIDTH="22" VPOS="2139" HPOS="496"/>
							<String ID="string_382" HPOS="518" VPOS="2140" WIDTH="78" HEIGHT="37" WC="0.96" CONTENT="taga"/><SP WIDTH="21" VPOS="2140" HPOS="596"/>
							<String ID="string_383" HPOS="617" VPOS="2137" WIDTH="11" HEIGHT="29" WC="0.96" CONTENT="i"/><SP WIDTH="23" VPOS="2137" HPOS="628"/>
							<String ID="string_384" HPOS="651" VPOS="2136" WIDTH="154" HEIGHT="40" WC="0.96" CONTENT="anspråk"/><SP WIDTH="23" VPOS="2136" HPOS="805"/>
							<String ID="string_385" HPOS="828" VPOS="2136" WIDTH="54" HEIGHT="29" WC="0.96" CONTENT="för"/><SP WIDTH="24" VPOS="2136" HPOS="882"/>
							<String ID="string_386" HPOS="906" VPOS="2134" WIDTH="209" HEIGHT="40" WC="0.93" CONTENT="exempelvis"/><SP WIDTH="23" VPOS="2134" HPOS="1115"/>
							<String ID="string_387" HPOS="1138" VPOS="2132" WIDTH="336" HEIGHT="40" WC="0.91" CONTENT="ledningsändamål."/><SP WIDTH="25" VPOS="2132" HPOS="1474"/>
							<String ID="string_388" HPOS="1499" VPOS="2132" WIDTH="65" HEIGHT="29" WC="0.92" CONTENT="Det"/><SP WIDTH="23" VPOS="2132" HPOS="1564"/>
							<String ID="string_389" HPOS="1587" VPOS="2131" WIDTH="61" HEIGHT="39" WC="0.91" CONTENT="lig-"/>
						</TextLine>
						<TextLine ID="line_39" HPOS="149" VPOS="2182" WIDTH="1499" HEIGHT="47">
							<String ID="string_390" HPOS="149" VPOS="2198" WIDTH="58" HEIGHT="31" WC="0.96" CONTENT="ger"/><SP WIDTH="23" VPOS="2198" HPOS="207"/>
							<String ID="string_391" HPOS="230" VPOS="2189" WIDTH="192" HEIGHT="30" WC="0.3" CONTENT="emellertid"/><SP WIDTH="25" VPOS="2189" HPOS="422"/>
							<String ID="string_392" HPOS="447" VPOS="2189" WIDTH="9" HEIGHT="28" WC="0.96" CONTENT="i"/><SP WIDTH="26" VPOS="2189" HPOS="456"/>
							<String ID="string_393" HPOS="482" VPOS="2188" WIDTH="126" HEIGHT="29" WC="0.95" CONTENT="sakens"/><SP WIDTH="24" VPOS="2188" HPOS="608"/>
							<String ID="string_394" HPOS="632" VPOS="2188" WIDTH="104" HEIGHT="28" WC="0.96" CONTENT="natur"/><SP WIDTH="25" VPOS="2188" HPOS="736"/>
							<String ID="string_395" HPOS="761" VPOS="2188" WIDTH="50" HEIGHT="28" WC="0.95" CONTENT="att"/><SP WIDTH="24" VPOS="2188" HPOS="811"/>
							<String ID="string_396" HPOS="835" VPOS="2186" WIDTH="57" HEIGHT="30" WC="0.96" CONTENT="det"/><SP WIDTH="23" VPOS="2186" HPOS="892"/>
							<String ID="string_397" HPOS="915" VPOS="2185" WIDTH="124" HEIGHT="30" WC="0.96" CONTENT="endast"/><SP WIDTH="24" VPOS="2185" HPOS="1039"/>
							<String ID="string_398" HPOS="1063" VPOS="2185" WIDTH="10" HEIGHT="28" WC="0.96" CONTENT="i"/><SP WIDTH="25" VPOS="2185" HPOS="1073"/>
							<String ID="string_399" HPOS="1098" VPOS="2184" WIDTH="169" HEIGHT="38" WC="0.96" CONTENT="sällsynta"/><SP WIDTH="24" VPOS="2184" HPOS="1267"/>
							<String ID="string_400" HPOS="1291" VPOS="2183" WIDTH="61" HEIGHT="29" WC="0.95" CONTENT="fall"/><SP WIDTH="25" VPOS="2183" HPOS="1352"/>
							<String ID="string_401" HPOS="1377" VPOS="2183" WIDTH="70" HEIGHT="29" WC="0.95" CONTENT="kan"/><SP WIDTH="24" VPOS="2183" HPOS="1447"/>
							<String ID="string_402" HPOS="1471" VPOS="2182" WIDTH="143" HEIGHT="29" WC="0.96" CONTENT="komma"/><SP WIDTH="23" VPOS="2182" HPOS="1614"/>
							<String ID="string_403" HPOS="1637" VPOS="2182" WIDTH="11" HEIGHT="29" WC="0.96" CONTENT="i"/>
						</TextLine>
						<TextLine ID="line_40" HPOS="149" VPOS="2232" WIDTH="1499" HEIGHT="46">
							<String ID="string_404" HPOS="149" VPOS="2239" WIDTH="101" HEIGHT="39" WC="0.96" CONTENT="fråga"/><SP WIDTH="24" VPOS="2239" HPOS="250"/>
							<String ID="string_405" HPOS="274" VPOS="2241" WIDTH="50" HEIGHT="27" WC="0.96" CONTENT="att"/><SP WIDTH="25" VPOS="2241" HPOS="324"/>
							<String ID="string_406" HPOS="349" VPOS="2238" WIDTH="122" HEIGHT="29" WC="0.96" CONTENT="enbart"/><SP WIDTH="27" VPOS="2238" HPOS="471"/>
							<String ID="string_407" HPOS="498" VPOS="2238" WIDTH="53" HEIGHT="29" WC="0.96" CONTENT="för"/><SP WIDTH="26" VPOS="2238" HPOS="551"/>
							<String ID="string_408" HPOS="577" VPOS="2237" WIDTH="125" HEIGHT="30" WC="0.96" CONTENT="sådant"/><SP WIDTH="26" VPOS="2237" HPOS="702"/>
							<String ID="string_409" HPOS="728" VPOS="2235" WIDTH="162" HEIGHT="30" WC="0.93" CONTENT="ändamål"/><SP WIDTH="27" VPOS="2235" HPOS="890"/>
							<String ID="string_410" HPOS="917" VPOS="2235" WIDTH="113" HEIGHT="29" WC="0.91" CONTENT="inlösa"/><SP WIDTH="25" VPOS="2235" HPOS="1030"/>
							<String ID="string_411" HPOS="1055" VPOS="2234" WIDTH="102" HEIGHT="29" WC="0.96" CONTENT="mark"/><SP WIDTH="26" VPOS="2234" HPOS="1157"/>
							<String ID="string_412" HPOS="1183" VPOS="2233" WIDTH="78" HEIGHT="30" WC="0.95" CONTENT="med"/><SP WIDTH="28" VPOS="2233" HPOS="1261"/>
							<String ID="string_413" HPOS="1289" VPOS="2233" WIDTH="212" HEIGHT="38" WC="0.93" CONTENT="äganderätt."/><SP WIDTH="29" VPOS="2233" HPOS="1501"/>
							<String ID="string_414" HPOS="1530" VPOS="2232" WIDTH="118" HEIGHT="38" WC="0.93" CONTENT="Spörs-"/>
						</TextLine>
						<TextLine ID="line_41" HPOS="149" VPOS="2282" WIDTH="1500" HEIGHT="42">
							<String ID="string_415" HPOS="149" VPOS="2289" WIDTH="107" HEIGHT="29" WC="0.96" CONTENT="målet"/><SP WIDTH="24" VPOS="2289" HPOS="256"/>
							<String ID="string_416" HPOS="280" VPOS="2297" WIDTH="55" HEIGHT="20" WC="0.96" CONTENT="om"/><SP WIDTH="25" VPOS="2297" HPOS="335"/>
							<String ID="string_417" HPOS="360" VPOS="2288" WIDTH="145" HEIGHT="29" WC="0.96" CONTENT="behovet"/><SP WIDTH="24" VPOS="2288" HPOS="505"/>
							<String ID="string_418" HPOS="529" VPOS="2296" WIDTH="41" HEIGHT="20" WC="0.96" CONTENT="av"/><SP WIDTH="25" VPOS="2296" HPOS="570"/>
							<String ID="string_419" HPOS="595" VPOS="2288" WIDTH="50" HEIGHT="28" WC="0.96" CONTENT="att"/><SP WIDTH="23" VPOS="2288" HPOS="645"/>
							<String ID="string_420" HPOS="668" VPOS="2287" WIDTH="11" HEIGHT="29" WC="0.93" CONTENT="i"/><SP WIDTH="24" VPOS="2287" HPOS="679"/>
							<String ID="string_421" HPOS="703" VPOS="2285" WIDTH="282" HEIGHT="39" WC="0.92" CONTENT="byggnadslagen"/><SP WIDTH="25" VPOS="2285" HPOS="985"/>
							<String ID="string_422" HPOS="1010" VPOS="2285" WIDTH="154" HEIGHT="38" WC="0.92" CONTENT="upptaga"/><SP WIDTH="26" VPOS="2285" HPOS="1164"/>
							<String ID="string_423" HPOS="1190" VPOS="2282" WIDTH="173" HEIGHT="30" WC="0.96" CONTENT="särskilda"/><SP WIDTH="24" VPOS="2282" HPOS="1363"/>
							<String ID="string_424" HPOS="1387" VPOS="2282" WIDTH="262" HEIGHT="29" WC="0.95" CONTENT="bestämmelser"/>
						</TextLine>
						<TextLine ID="line_42" HPOS="150" VPOS="2332" WIDTH="1498" HEIGHT="43">
							<String ID="string_425" HPOS="150" VPOS="2348" WIDTH="56" HEIGHT="20" WC="0.96" CONTENT="om"/><SP WIDTH="24" VPOS="2348" HPOS="206"/>
							<String ID="string_426" HPOS="230" VPOS="2338" WIDTH="135" HEIGHT="30" WC="0.96" CONTENT="inlösen"/><SP WIDTH="26" VPOS="2338" HPOS="365"/>
							<String ID="string_427" HPOS="391" VPOS="2347" WIDTH="41" HEIGHT="20" WC="0.96" CONTENT="av"/><SP WIDTH="23" VPOS="2347" HPOS="432"/>
							<String ID="string_428" HPOS="455" VPOS="2337" WIDTH="192" HEIGHT="38" WC="0.96" CONTENT="begränsad"/><SP WIDTH="26" VPOS="2337" HPOS="647"/>
							<String ID="string_429" HPOS="673" VPOS="2337" WIDTH="69" HEIGHT="28" WC="0.96" CONTENT="rätt"/><SP WIDTH="25" VPOS="2337" HPOS="742"/>
							<String ID="string_430" HPOS="767" VPOS="2335" WIDTH="50" HEIGHT="30" WC="0.96" CONTENT="till"/><SP WIDTH="25" VPOS="2335" HPOS="817"/>
							<String ID="string_431" HPOS="842" VPOS="2335" WIDTH="102" HEIGHT="29" WC="0.96" CONTENT="mark"/><SP WIDTH="24" VPOS="2335" HPOS="944"/>
							<String ID="string_432" HPOS="968" VPOS="2334" WIDTH="168" HEIGHT="33" WC="0.96" CONTENT="kommer,"/><SP WIDTH="27" VPOS="2334" HPOS="1136"/>
							<String ID="string_433" HPOS="1163" VPOS="2333" WIDTH="107" HEIGHT="38" WC="0.96" CONTENT="enligt"/><SP WIDTH="23" VPOS="2333" HPOS="1270"/>
							<String ID="string_434" HPOS="1293" VPOS="2332" WIDTH="66" HEIGHT="29" WC="0.96" CONTENT="vad"/><SP WIDTH="23" VPOS="2332" HPOS="1359"/>
							<String ID="string_435" HPOS="1382" VPOS="2332" WIDTH="58" HEIGHT="39" WC="0.96" CONTENT="jag"/><SP WIDTH="24" VPOS="2332" HPOS="1440"/>
							<String ID="string_436" HPOS="1464" VPOS="2332" WIDTH="184" HEIGHT="33" WC="0.96" CONTENT="inhämtat,"/>
						</TextLine>
						<TextLine ID="line_43" HPOS="151" VPOS="2381" WIDTH="1499" HEIGHT="40">
							<String ID="string_437" HPOS="151" VPOS="2390" WIDTH="50" HEIGHT="28" WC="0.96" CONTENT="alt"/><SP WIDTH="24" VPOS="2390" HPOS="201"/>
							<String ID="string_438" HPOS="225" VPOS="2388" WIDTH="94" HEIGHT="29" WC="0.96" CONTENT="inom"/><SP WIDTH="27" VPOS="2388" HPOS="319"/>
							<String ID="string_439" HPOS="346" VPOS="2388" WIDTH="65" HEIGHT="29" WC="0.96" CONTENT="den"/><SP WIDTH="26" VPOS="2388" HPOS="411"/>
							<String ID="string_440" HPOS="437" VPOS="2388" WIDTH="176" HEIGHT="28" WC="0.96" CONTENT="närmaste"/><SP WIDTH="25" VPOS="2388" HPOS="613"/>
							<String ID="string_441" HPOS="638" VPOS="2386" WIDTH="95" HEIGHT="29" WC="0.96" CONTENT="tiden"/><SP WIDTH="25" VPOS="2386" HPOS="733"/>
							<String ID="string_442" HPOS="758" VPOS="2385" WIDTH="142" HEIGHT="29" WC="0.96" CONTENT="utredas"/><SP WIDTH="28" VPOS="2385" HPOS="900"/>
							<String ID="string_443" HPOS="928" VPOS="2393" WIDTH="41" HEIGHT="21" WC="0.96" CONTENT="av"/><SP WIDTH="28" VPOS="2393" HPOS="969"/>
							<String ID="string_444" HPOS="997" VPOS="2384" WIDTH="82" HEIGHT="30" WC="0.96" CONTENT="1954"/><SP WIDTH="26" VPOS="2384" HPOS="1079"/>
							<String ID="string_445" HPOS="1105" VPOS="2383" WIDTH="57" HEIGHT="30" WC="0.93" CONTENT="års"/><SP WIDTH="26" VPOS="2383" HPOS="1162"/>
							<String ID="string_446" HPOS="1188" VPOS="2381" WIDTH="462" HEIGHT="40" WC="0.91" CONTENT="fastighetsbildningskom-"/>
						</TextLine>
						<TextLine ID="line_44" HPOS="151" VPOS="2431" WIDTH="1499" HEIGHT="45">
							<String ID="string_447" HPOS="151" VPOS="2439" WIDTH="109" HEIGHT="30" WC="0.64" CONTENT="mitté."/><SP WIDTH="25" VPOS="2439" HPOS="260"/>
							<String ID="string_448" HPOS="285" VPOS="2438" WIDTH="10" HEIGHT="29" WC="0.92" CONTENT="I"/><SP WIDTH="25" VPOS="2438" HPOS="295"/>
							<String ID="string_449" HPOS="320" VPOS="2437" WIDTH="148" HEIGHT="30" WC="0.92" CONTENT="avbidan"/><SP WIDTH="23" VPOS="2437" HPOS="468"/>
							<String ID="string_450" HPOS="491" VPOS="2437" WIDTH="44" HEIGHT="39" WC="0.96" CONTENT="på"/><SP WIDTH="21" VPOS="2437" HPOS="535"/>
							<String ID="string_451" HPOS="556" VPOS="2436" WIDTH="182" HEIGHT="30" WC="0.95" CONTENT="resultatet"/><SP WIDTH="24" VPOS="2436" HPOS="738"/>
							<String ID="string_452" HPOS="762" VPOS="2445" WIDTH="41" HEIGHT="20" WC="0.96" CONTENT="av"/><SP WIDTH="22" VPOS="2445" HPOS="803"/>
							<String ID="string_453" HPOS="825" VPOS="2435" WIDTH="115" HEIGHT="30" WC="0.96" CONTENT="denna"/><SP WIDTH="23" VPOS="2435" HPOS="940"/>
							<String ID="string_454" HPOS="963" VPOS="2433" WIDTH="187" HEIGHT="39" WC="0.95" CONTENT="utredning"/><SP WIDTH="25" VPOS="2433" HPOS="1150"/>
							<String ID="string_455" HPOS="1175" VPOS="2434" WIDTH="37" HEIGHT="28" WC="0.96" CONTENT="är"/><SP WIDTH="22" VPOS="2434" HPOS="1212"/>
							<String ID="string_456" HPOS="1234" VPOS="2433" WIDTH="59" HEIGHT="39" WC="0.97" CONTENT="jag"/><SP WIDTH="23" VPOS="2433" HPOS="1293"/>
							<String ID="string_457" HPOS="1316" VPOS="2432" WIDTH="74" HEIGHT="30" WC="0.96" CONTENT="icke"/><SP WIDTH="23" VPOS="2432" HPOS="1390"/>
							<String ID="string_458" HPOS="1413" VPOS="2431" WIDTH="126" HEIGHT="30" WC="0.96" CONTENT="beredd"/><SP WIDTH="27" VPOS="2431" HPOS="1539"/>
							<String ID="string_459" HPOS="1566" VPOS="2433" WIDTH="49" HEIGHT="27" WC="0.96" CONTENT="att"/><SP WIDTH="24" VPOS="2433" HPOS="1615"/>
							<String ID="string_460" HPOS="1639" VPOS="2431" WIDTH="11" HEIGHT="29" WC="0.96" CONTENT="i"/>
						</TextLine>
					</TextBlock>
				</ComposedBlock>
			</PrintSpace>
		</Page>
	</Layout>
</alto>
