1898 2784
565 140 267 29 Statsutskottets
855 140 168 27 utlåtande
1046 147 38 20 nr
1111 139 30 28 5.
1597 133 17 30 7

153 215 98 34 13:0)
281 215 202 39 Fattigvård
501 217 12 28 i
532 214 206 31 allmänhet.
771 213 127 38 Kungl.
919 212 107 39 Maj:t
1044 212 64 28 har
1134 211 133 40 (punkt
1288 210 50 34 17,
1360 219 26 20 s.
1406 210 41 29 29
1467 210 66 29 och
1552 208 58 33 30)

96 267 183 40 föreslagit
302 267 190 38 riksdagen
517 267 52 28 att
592 265 54 30 till
669 264 207 40 Fattigvård
899 265 11 29 i
936 263 195 31 allmänhet
1156 263 55 30 för
1236 261 208 40 budgetåret
1470 260 144 32 1952/53

96 320 124 29 anvisa
244 320 50 29 ett
318 318 278 39 förslagsanslag
621 326 42 21 av
688 317 19 30 3
722 317 64 30 900
801 316 64 30 000
891 317 142 29 kronor.

154 404 169 39 Anslaget
343 404 39 29 är
402 403 11 29 i
434 402 163 40 gällande
618 402 149 29 riksstat
788 401 147 40 uppfört
956 402 81 29 med
1058 401 19 29 3
1092 400 63 30 200
1170 400 64 30 000
1255 401 143 29 kronor.

153 456 55 29 En
236 455 228 41 uppräkning
493 463 43 21 av
565 454 158 39 anslaget
752 462 105 21 anses
885 453 196 30 motiverad
1108 453 82 29 med
1217 452 142 39 hänsyn
1387 451 54 30 till
1468 451 150 30 medels-

97 508 177 40 åtgången
295 508 113 29 under
431 507 42 30 de
495 506 60 30 två
576 507 138 28 senaste
736 505 217 40 budgetåren
977 506 92 28 samt
1091 505 69 29 den
1180 504 205 40 ytterligare
1406 503 211 39 belastning,

100 569 76 21 som
203 560 73 29 kan
302 559 176 30 beräknas
506 558 220 40 uppkomma
754 565 128 32 genom
909 558 51 28 att
987 556 194 40 utgifterna
1209 556 56 30 för
1292 555 193 40 fattigvård
1512 554 37 30 åt
1575 555 42 29 de

97 612 171 30 nordiska
287 612 190 29 ländernas
497 610 229 39 medborgare
747 618 150 21 numera
918 609 100 30 skola
1036 608 175 30 bestridas
1232 607 82 30 från
1334 608 169 38 anslaget.
1524 606 14 30 I
1559 615 58 21 av-

97 664 108 30 bidan
231 663 47 40 på
303 663 204 39 ytterligare
535 661 202 30 erfarenhet
765 660 149 31 föreslås
943 660 196 40 höjningen
1166 659 200 40 begränsad
1392 659 54 29 till
1475 657 62 30 700
1552 657 64 30 000

98 716 143 30 kronor.

157 792 177 31 Utskottet
356 792 196 39 tillstyrker
575 791 127 39 Kungl.
726 790 127 40 Maj:ts
876 790 133 40 förslag
1032 790 66 29 och
1120 789 205 30 hemställer
1349 788 114 34 alltså,

413 845 52 29 att
486 843 192 39 riksdagen
699 843 60 29 må
780 842 56 30 till
855 842 207 39 Fattigvård
1083 841 12 29 i
1115 840 196 31 allmänhet
1333 840 56 29 för
1410 838 209 40 budgetåret

371 895 143 31 1952/53
538 896 123 28 anvisa
683 896 50 28 ett
754 894 279 39 förslagsanslag
1056 902 42 21 av
1122 893 18 29 3
1155 892 64 30 900
1234 892 63 30 000
1320 892 143 29 kronor.

157 1001 98 33 14:0)
285 1000 209 32 Barnavård
526 1001 13 28 i
572 999 206 30 allmänhet.
815 998 13 28 I
863 997 155 39 enlighet
1050 997 80 29 med
1166 996 127 39 Kungl.
1329 996 125 39 Maj:ts
1488 996 133 39 förslag

107 1052 133 40 (punkt
262 1051 51 35 18,
335 1061 26 20 s.
383 1050 74 35 30),
478 1050 110 30 vilket
608 1049 148 31 innebär
777 1059 45 20 en
843 1049 277 39 anslagsökning
1141 1049 82 29 med
1244 1048 42 30 50
1301 1048 63 30 000
1386 1049 132 29 kronor
1539 1048 82 30 med

100 1105 141 39 hänsyn
268 1104 54 29 till
350 1101 310 41 medelsåtgången
688 1102 114 29 under
830 1102 43 29 de
902 1100 58 30 två
989 1102 139 29 senaste
1156 1100 229 39 budgetåren,
1414 1100 205 30 hemställer

101 1156 184 34 utskottet,

415 1208 52 28 att
488 1206 191 39 riksdagen
700 1205 59 30 må
781 1205 54 29 till
856 1204 206 31 Barnavård
1084 1205 11 28 i
1116 1204 197 29 allmänhet
1336 1203 55 30 för
1413 1203 208 39 budgetåret

373 1258 142 31 1952/53
542 1258 122 29 anvisa
688 1259 50 28 ett
761 1257 279 39 förslagsanslag
1063 1265 43 21 av
1130 1255 63 31 350
1208 1255 64 30 000
1297 1256 143 29 kronor.

160 1363 98 33 15:0)
288 1362 202 40 Fattigvård
519 1362 68 30 och
615 1361 203 31 barnavård
846 1360 111 39 enligt
988 1359 97 32 1928
1113 1361 59 29 års
1199 1359 175 31 nordiska
1402 1359 222 39 fattigvårds-

101 1416 221 30 konvention
343 1426 48 19 m.
412 1425 48 19 m.
497 1413 13 29 I
532 1412 155 38 enlighet
707 1412 82 29 med
810 1411 128 39 Kungl.
960 1410 126 39 Maj:ts
1108 1410 133 39 förslag
1268 1409 133 40 (punkt
1423 1409 51 35 19,
1497 1418 26 20 s.
1548 1408 74 34 31),

104 1466 111 29 vilket
236 1466 149 29 innebär
408 1464 218 30 oförändrad
648 1463 335 38 medelsanvisning,
1007 1462 205 30 hemställer
1236 1462 184 33 utskottet,

417 1518 51 28 att
491 1516 191 39 riksdagen
704 1515 60 30 må
786 1515 54 29 till
863 1514 205 39 Fattigvård
1091 1514 64 29 och
1180 1513 201 30 barnavård
1403 1513 109 39 enligt
1537 1513 84 29 1928

371 1568 58 30 års
469 1567 169 30 nordiska
677 1565 431 41 fattigvårdskonvention
1147 1575 47 19 m.
1233 1574 48 21 m.
1320 1565 58 30 för
1415 1564 207 40 budgetåret

375 1619 143 31 1952/53
543 1620 122 29 anvisa
688 1620 50 28 ett
762 1618 278 40 förslagsanslag
1065 1627 42 20 av
1134 1617 62 30 100
1211 1616 64 30 000
1300 1617 142 29 kronor.

161 1725 98 33 16:0)
289 1724 203 40 Fattigvård
507 1724 69 30 och
591 1723 202 31 barnavård
809 1723 59 29 för
886 1723 138 39 lappar.
1055 1721 13 28 I
1086 1720 155 39 enlighet
1256 1720 82 29 med
1355 1719 127 39 Kungl.
1500 1719 125 39 Maj:ts

104 1777 134 39 förslag
260 1776 133 40 (punkt
411 1775 52 34 20,
482 1784 26 20 s.
527 1774 38 30 31
586 1775 65 29 och
668 1773 75 35 32),
761 1774 110 29 vilket
888 1773 148 30 innebär
1053 1772 218 30 oförändrad
1288 1770 335 40 medelsanvisning,

104 1828 205 30 hemställer
334 1828 184 32 utskottet,

419 1880 51 28 att
495 1878 190 38 riksdagen
710 1877 59 29 må
794 1877 54 29 till
872 1876 206 38 Fattigvård
1103 1875 65 29 och
1195 1874 199 30 barnavård
1417 1874 58 39 för
1500 1873 124 39 lappar

373 1930 57 29 för
458 1929 208 39 budgetåret
696 1928 144 31 1952/53
871 1927 122 30 anvisa
1022 1928 50 28 ett
1100 1926 279 39 förslagsanslag
1409 1934 43 21 av
1483 1924 62 30 100
1559 1924 64 30 000

374 1982 142 29 kronor.

163 2085 98 31 17:0)
291 2086 136 39 Bidrag
469 2085 55 30 till
568 2084 151 31 svenska
762 2082 427 32 socialvårdsförbundet.
1237 2079 128 39 Kungl.
1411 2079 108 39 Maj:t
1561 2079 65 28 har

111 2137 133 40 (punkt
263 2137 52 33 21,
335 2146 26 20 s.
382 2135 148 34 32-39)
554 2135 182 38 föreslagit
754 2134 192 39 riksdagen
965 2135 52 28 att
1036 2133 53 29 till
1108 2133 130 38 Bidrag
1257 2132 54 29 till
1331 2131 152 30 svenska
1503 2130 123 29 social-

106 2188 300 30 vårdsförbundet
429 2187 55 30 för
507 2186 208 39 budgetåret
740 2185 143 31 1952/53
908 2185 122 29 anvisa
1053 2186 49 27 ett
1125 2184 123 37 anslag
1272 2192 43 20 av
1338 2182 41 30 35
1394 2182 64 29 000
1482 2182 142 28 kronor.

165 2281 168 38 Anslaget
356 2281 38 29 är
417 2280 55 29 för
495 2280 240 28 innevarande
758 2278 172 39 budgetår
955 2278 146 39 uppfört
1124 2277 80 29 med
1229 2277 40 29 25
1286 2276 62 30 000
1374 2276 141 30 kronor.

165 2339 400 40 Departementschefen
588 2338 114 33 anför,
727 2339 51 28 att
801 2337 163 39 åtgärder
988 2337 55 29 för
1066 2338 51 28 att
1140 2336 96 30 förse
1258 2335 370 30 ålderdomshemmen

108 2393 81 29 med
213 2392 207 39 kompetent
443 2390 166 40 personal
633 2389 38 30 få
695 2398 54 21 ses
775 2398 76 20 som
877 2390 49 28 ett
950 2389 55 29 led
1030 2388 11 29 i
1067 2388 42 29 de
1135 2387 216 30 strävanden
1376 2388 51 28 att
1452 2386 176 30 förbättra

108 2443 272 31 förhållandena
414 2443 97 28 inom
547 2442 115 29 denna
696 2441 185 38 vårdgren,
907 2449 75 20 som
1006 2439 151 30 kommit
1183 2439 50 29 till
1258 2438 143 39 uttryck
1423 2439 11 28 i
1460 2437 84 30 1947
1570 2437 57 30 års
