1906 2786
592 151 265 28 Statsutskottets
880 150 169 28 utlåtande
1072 159 39 19 nr
1137 151 28 28 5.
1603 147 43 31 55

124 222 132 30 räknas
279 222 56 30 för
358 223 103 30 nästa
482 223 173 39 budgetår
678 232 44 21 en
744 223 203 39 ytterligare
971 223 246 39 förstärkning
1242 232 43 20 av
1309 223 192 39 styrelsens
1526 232 118 30 perso-

124 274 313 40 nalorganisation,
464 274 242 31 innebärande
732 284 45 20 en
803 274 228 41 uppräkning
1058 283 43 21 av
1128 274 157 30 nämnda
1312 274 225 40 anslagspost
1563 275 81 29 med

124 325 97 31 cirka
245 326 41 29 65
301 325 64 31 000
390 326 143 30 kronor.

181 377 13 30 I
214 377 234 30 betraktande
468 387 43 20 av
531 378 75 30 dels
626 378 43 30 de
688 378 125 34 medel,
835 386 75 21 som
932 377 152 31 sålunda
1103 377 147 40 begäras
1272 377 56 30 för
1349 377 156 40 tillfällig
1526 387 119 31 perso-

124 429 318 40 nalförstärkning,
466 430 75 29 dels
565 431 52 28 att
641 430 68 29 den
732 429 201 40 föreslagna
957 429 360 40 decentraliseringen
1342 438 43 21 av
1409 430 157 29 ärenden
1591 429 53 30 till

123 481 451 30 länsbostadsnämnderna
600 481 63 30 bör
690 481 185 30 föranleda
901 481 209 39 minskning
1136 490 43 20 av
1206 481 192 39 styrelsens
1424 481 220 40 personalbe-

124 532 79 34 hov,
224 533 75 29 dels
319 533 67 29 ock
406 534 52 28 att
478 532 181 40 pågående
679 533 232 39 utredningar
931 532 46 40 på
997 533 335 29 bostadsväsendets
1354 532 144 31 område
1520 533 125 30 kunna

123 584 146 29 komma
293 585 52 28 att
368 583 155 41 påverka
549 584 191 39 styrelsens
765 584 251 39 organisation,
1041 584 73 30 kan
1139 584 174 30 utskottet
1336 584 78 30 icke
1439 584 56 31 för
1520 586 125 29 närva-

124 636 110 29 rande
275 635 179 39 tillstyrka
495 637 52 28 att
587 636 115 29 medel
733 636 141 29 anvisas
905 635 56 30 för
991 636 43 29 de
1063 635 211 40 ifrågasatta
1304 636 341 39 personalförstärk-

124 687 186 40 ningarna,
332 687 243 30 innebärande
598 687 222 30 anställande
843 696 43 20 av
908 689 53 28 tre
983 687 175 34 biträden,
1181 687 203 30 inrättande
1408 697 44 20 av
1475 697 44 20 en
1542 688 102 39 byrå-

125 738 300 40 ingenjörstjänst
447 738 11 29 i
480 738 45 30 Ce
539 738 43 30 24
604 738 66 30 och
692 747 44 21 en
758 738 383 40 byrådirektörstjänst
1162 739 12 29 i
1197 738 44 31 Ce
1256 738 38 30 31
1320 739 12 29 i
1355 739 122 39 utbyte
1501 741 75 28 mot
1599 749 45 20 en

123 790 386 40 ingenjörsbefattning
527 790 12 29 i
559 790 44 30 Ce
617 790 39 30 21
679 791 92 29 samt
789 789 246 41 förstärkning
1054 799 43 21 av
1115 790 394 31 teknisk-ekonomiska
1528 792 118 29 utred-

124 842 230 40 ningsbyrån.
373 842 76 30 Den
466 842 112 30 härav
596 842 209 30 föranledda
822 842 254 39 minskningen
1095 851 43 21 av
1155 842 284 30 medelsbehovet
1456 843 114 30 under
1589 852 57 21 av-

124 894 302 39 löningsanslaget
444 894 178 30 beräknar
641 894 173 29 utskottet
833 894 53 29 till
907 893 41 30 80
962 893 64 30 000
1047 894 164 29 kronor.»

181 945 75 30 dels
279 945 66 30 ock
367 947 51 28 att
440 946 192 29 utskottets
654 946 214 29 hemställan
890 945 113 30 under
1027 945 24 29 I.
1073 945 80 30 bort
1175 946 45 29 ha
1243 945 161 40 följande
1427 946 148 39 lydelse:

440 997 46 29 »I.
512 998 52 28 att
587 997 190 39 riksdagen
802 996 59 30 må
883 996 12 30 i
920 996 193 40 anledning
1138 1006 43 20 av
1205 997 128 39 Kungl.
1359 997 126 40 Maj:ts
1512 998 134 40 förslag

439 1048 37 34 a)
505 1048 149 35 besluta,
676 1050 51 28 att
747 1048 21 30 å
787 1048 440 40 personalförteckningen
1247 1048 56 30 för
1324 1049 322 40 bostadsstyrelsen

394 1100 134 30 antalet
555 1099 312 30 kontorsbiträden
894 1100 10 29 i
933 1100 169 39 lönegrad
1129 1099 80 30 Ca8
1237 1100 91 30 skall
1354 1100 88 31 ökas
1468 1102 82 29 med
1577 1101 68 35 två,

395 1152 134 29 antalet
553 1151 110 30 förste
688 1151 291 40 byråingenjörer
1003 1151 12 29 i
1040 1151 45 30 Ce
1099 1151 42 30 29
1165 1151 87 30 ökas
1278 1152 80 30 med
1383 1152 59 30 två
1466 1154 94 28 samt
1583 1162 62 21 an-

394 1204 86 29 talet
503 1203 111 30 förste
638 1203 291 39 byråingenjörer
952 1203 11 29 i
988 1202 44 31 Ce
1046 1203 42 29 27
1113 1203 161 30 minskas
1298 1204 81 30 med
1403 1213 59 26 en;

438 1254 39 34 b)
503 1254 178 30 fastställa
702 1254 159 40 följande
882 1255 259 39 avlöningsstat
1164 1254 55 31 för
1240 1255 332 40 bostadsstyrelsen,
1595 1258 51 28 att

394 1306 181 40 tillämpas
598 1306 72 30 tills
693 1306 120 30 vidare
838 1305 81 30 från
942 1306 66 30 och
1031 1307 82 29 med
1137 1306 208 40 budgetåret
1371 1307 159 32 1952/53:

878 1391 279 39 Avlöningsstat.

417 1474 7 7 .
450 1451 216 39 Avlöningar
689 1451 52 30 till
765 1451 178 30 ordinarie
966 1451 230 39 tjänstemän,
1218 1451 208 40 förslagsvis
1486 1451 65 31 464
1564 1452 65 30 000

396 1501 31 30 2.
453 1501 164 30 Arvoden
649 1501 66 29 och
747 1501 177 30 särskilda
955 1502 251 38 ersättningar,
1239 1502 186 30 bestämda

452 1560 42 21 av
524 1551 128 40 Kungl.
683 1551 118 39 Maj:t,
830 1551 208 39 förslagsvis
1074 1574 350 8 s.essseressrssererssren
1511 1552 40 30 73
1565 1552 65 31 000

397 1601 30 30 3.
453 1601 216 40 Avlöningar
701 1602 52 28 till
785 1601 97 39 övrig
913 1601 274 30 icke-ordinarie
1218 1602 206 40 personal...
1454 1603 97 30 1636
1565 1603 64 30 000

395 1651 31 30 4.
451 1652 249 39 Ersättningar
729 1652 53 29 till
809 1654 160 38 experter
997 1652 66 30 och
1093 1652 236 40 sakkunniga,
1356 1653 73 40 för-

453 1701 150 39 SlÅAGSVÅS
713 1725 710 8 oooooomeeeeseseseneorererrrrreerrrereerres
1253 1697 24 48 er
1283 1697 66 48 srser
1358 1697 69 48 rensa
1510 1704 39 30 15
1565 1704 64 30 000

398 1752 30 29 5.
454 1752 137 39 Rörligt
621 1752 130 39 tillägg,
782 1752 208 39 förslagsvis
1026 1776 397 8 ossssssesserersrressssnnrr
1485 1754 61 30 671
1564 1754 64 30 000

1125 1820 146 30 Summa
1295 1820 132 30 kronor
1452 1821 19 29 2
1487 1821 64 30 859
1565 1821 80 35 000;

440 1885 35 33 e)
505 1885 53 29 till
581 1885 343 39 Bostadsstyrelsen:
947 1885 219 40 Avlöningar
1190 1887 56 29 för
1269 1887 209 40 budgetåret
1503 1888 144 31 1952/53

397 1936 123 30 anvisa
543 1938 50 28 ett
616 1936 277 40 förslagsanslag
916 1946 43 20 av
982 1937 19 29 2
1016 1936 64 30 859
1095 1937 64 30 000
1183 1938 170 35 kronor;»

395 1451 15 30 ja

182 2021 37 34 6)
248 2021 60 31 vid
334 2021 162 40 punkten
524 2021 102 35 60:0)
662 2021 493 41 (Arbetarskyddsstyrelsen:
1185 2023 233 40 Avlöningar)
1450 2034 43 20 av
1520 2025 127 30 fröken

125 2073 137 29 Elmén.

184 2141 35 33 7)
248 2141 59 30 vid
327 2141 161 39 punkten
510 2141 101 34 62:0)
640 2142 396 39 (Yrkesinspektionen:
1059 2142 234 40 Avlöningar)
1319 2153 42 20 av
1381 2144 124 30 herrar
1524 2144 125 30 Söder-

127 2192 106 38 quist,
254 2192 111 37 Ståhl,
386 2192 176 39 Kollberg,
584 2193 127 30 fröken
730 2193 125 30 Elmén
876 2194 66 29 och
962 2194 83 29 herr
1066 2194 211 39 Gustafsson
1298 2195 12 29 i
1332 2195 199 35 Skellefteå,
1552 2196 97 30 vilka

127 2244 126 33 ansett,
287 2245 51 27 att
370 2244 174 29 utskottet
575 2244 79 29 bort
686 2244 178 39 tillstyrka
897 2245 224 30 motionerna
1154 2246 29 28 I:
1202 2246 60 29 185
1297 2247 65 28 och
1396 2247 46 28 II:
1461 2247 62 29 266
1557 2249 91 27 samt

128 2294 46 30 II:
199 2294 67 34 363,
297 2294 106 30 såvitt
432 2295 110 39 angår
572 2295 244 40 uppflyttning
846 2305 42 20 av
918 2305 43 20 en
992 2296 422 40 kontorsbiträdestjänst
1442 2298 11 29 i
1486 2298 79 30 Ca8
1595 2299 53 29 till

128 2345 391 40 kanslibiträdestjänst
545 2346 11 29 i
585 2346 45 30 Ca
648 2347 35 28 11
714 2349 92 27 samt
832 2347 203 30 inrättande
1063 2356 43 21 av
1131 2348 203 39 ytterligare
1361 2358 44 20 en
1433 2349 216 40 läkartjänst

127 2397 58 30 vid
212 2397 370 40 yrkesinspektionen,
610 2398 65 30 och
703 2400 51 28 att
781 2398 122 30 därför
929 2398 193 30 utskottets
1149 2400 165 38 yttrande
1341 2401 65 29 och
1434 2401 213 30 hemställan

127 2449 79 30 bort
230 2448 47 31 ha
302 2448 159 40 följande
487 2449 148 39 lydelse:
