1912 2786
592 146 266 29 Statsutskottets
881 145 168 29 utlåtande
1072 154 39 18 nr
1135 146 30 28 5.
1599 141 42 31 53

179 218 75 31 >Då
273 220 42 29 de
336 219 205 30 nuvarande
562 218 448 40 avgiftsbestämmelserna
1031 218 172 29 beslutats
1225 226 43 21 av
1288 217 191 38 riksdagen
1501 215 39 30 så
1562 216 79 29 sent

124 279 77 22 som
227 270 81 30 1951
336 271 66 29 och
426 270 45 30 då
494 271 42 29 de
561 270 203 39 föreslagna
787 271 161 38 reglerna
973 271 140 28 snarast
1139 278 106 30 synas
1269 268 172 30 innebära
1466 277 44 20 en
1533 268 109 38 ytter-

124 322 108 40 ligare
251 322 261 41 komplikation
531 322 11 30 i
564 322 117 30 stället
701 322 56 30 för
778 331 44 20 en
842 321 213 39 förenkling,
1076 321 72 29 kan
1169 320 174 30 utskottet
1362 319 78 30 icke
1462 319 179 39 tillstyrka

122 376 50 28 ett
189 374 216 40 frångående
423 383 43 21 av
482 374 162 39 gällande
662 374 267 29 bestämmelser
946 373 12 29 i
977 373 116 30 denna
1112 372 66 30 del.
1199 373 168 29 Däremot
1384 372 65 29 har
1468 371 174 30 utskottet

124 426 77 30 icke
224 426 121 30 funnit
367 426 191 39 anledning
581 426 54 29 till
657 425 145 30 erinran
824 426 75 28 mot
922 424 411 41 departementschefens
1357 423 132 40 förslag
1512 422 131 30 beträf-

123 478 107 30 fande
257 478 380 40 inkomstprövningen
663 477 67 30 och
756 477 198 40 höjningen
980 485 43 21 av
1047 476 366 39 inkomstgränserna.

178 530 68 30 Vid
265 532 49 28 ett
330 530 246 30 bibehållande
595 538 43 21 av
657 529 43 30 de
719 529 206 29 nuvarande
945 527 446 40 avgiftsbestämmelserna
1409 528 99 29 torde
1528 527 116 29 ansla-

124 584 56 38 get
206 583 124 29 kunna
356 582 172 40 uppföras
555 582 81 29 med
664 582 49 28 ett
741 581 53 29 till
822 580 98 30 2550
935 580 64 30 000
1027 580 133 29 kronor
1188 580 189 39 begränsat
1403 579 126 40 belopp
1557 578 85 30 eller

126 634 63 30 150
204 634 64 30 000
292 634 132 29 kronor
448 633 138 30 mindre
611 634 47 29 än
682 631 393 42 departementschefen
1099 631 184 30 beräknat.

180 686 119 30 Under
319 685 215 39 hänvisning
554 685 53 29 till
629 685 59 29 det
708 684 152 30 anförda
880 684 206 29 hemställer
1107 683 184 34 utskottet,

437 738 52 28 att
513 736 192 39 riksdagen
729 735 60 30 må

438 788 37 34 a)
504 788 12 30 i
540 788 192 39 anledning
756 797 43 20 av
822 787 128 40 Kungl.
976 786 126 40 Maj:ts
1126 786 133 40 förslag
1283 786 67 30 och
1373 786 82 30 med
1478 785 121 40 avslag
1623 785 21 30 å

392 840 182 30 motionen
597 840 46 29 II:
660 839 65 30 258
748 839 191 40 godkänna
962 848 43 20 av
1027 838 175 30 utskottet
1224 838 12 29 i
1261 838 58 30 det
1342 837 211 40 föregående
1576 837 68 30 för-

392 892 131 30 ordade
557 891 194 40 ändringar
784 891 12 29 i
829 891 317 30 bestämmelserna
1180 890 152 30 rörande
1367 889 186 30 ferieresor
1588 888 56 31 för

392 944 105 34 barn;

437 995 40 34 b)
505 995 11 30 i
540 995 193 39 anledning
757 1003 43 21 av
823 994 129 39 Kungl.
977 993 126 40 Maj:ts
1128 993 134 40 förslag
1286 993 53 30 till
1362 992 201 30 Ferieresor
1586 992 58 40 för

394 1047 87 30 barn
522 1047 56 30 för
616 1046 210 40 budgetåret
867 1045 144 31 1952/53
1052 1045 124 30 anvisa
1216 1046 50 29 ett
1294 1044 278 40 förslagsanslag
1601 1053 44 21 av

394 1098 97 31 2550
506 1098 64 30 000
594 1098 165 30 kronor.»

180 1185 39 35 b)
250 1194 43 22 av
313 1185 82 30 herr
417 1184 165 40 Kollberg
603 1184 67 30 och
692 1183 59 31 fru
773 1183 168 30 Ericsson
963 1183 12 30 i
998 1182 118 30 Luleå.

181 1254 37 34 2)
247 1254 59 30 vid
329 1254 162 39 punkten
514 1253 101 35 31:0)
650 1252 158 34 (Statens
833 1253 120 29 skolor
977 1252 214 30 tillhörande
1215 1251 127 30 barna-
1366 1252 66 29 och
1456 1251 191 39 ungdoms-

124 1306 150 31 vården:
305 1305 232 40 Avlöningar)
571 1314 42 21 av
642 1305 83 29 herr
755 1304 127 37 Ohlon,
911 1304 128 30 fröken
1066 1303 217 37 Andersson,
1311 1303 124 30 herrar
1463 1302 183 37 Sundelin,

124 1358 111 37 Ståhl,
259 1357 175 39 Kollberg,
458 1357 128 30 fröken
607 1356 127 30 Elmén
758 1357 66 29 och
848 1356 82 29 herr
955 1355 211 39 Gustafsson
1189 1356 11 29 i
1226 1354 198 31 Skellefteå.

182 1425 37 34 3)
248 1425 59 30 vid
331 1425 160 39 punkten
516 1425 101 34 38:o)
652 1425 147 39 (Bidrag
822 1424 54 30 till
901 1424 158 29 erkända
1083 1422 397 34 arbetslöshetskassor)
1510 1431 42 21 av
1577 1421 71 30 frö-

125 1477 71 29 ken
218 1477 216 36 Andersson,
458 1476 123 30 herrar
604 1476 126 38 Bergh,
754 1475 184 39 Skoglund
962 1475 11 29 i
998 1475 214 40 Doverstorp
1237 1475 66 29 och
1326 1473 116 37 Birke,
1467 1474 95 29 vilka
1586 1482 62 21 an-

127 1530 77 33 sett,
230 1530 51 28 att
304 1529 174 29 utskottet
501 1528 79 30 bort
605 1528 180 39 tillstyrka
808 1537 45 20 en
876 1527 208 39 minskning
1109 1536 44 20 av
1177 1526 159 39 anslaget
1360 1526 65 30 och
1450 1527 51 28 att
1525 1525 123 30 därför

126 1581 192 29 utskottets
341 1581 164 39 yttrande
529 1580 65 29 och
617 1580 216 29 hemställan
855 1580 80 29 bort
958 1579 47 30 ha
1027 1578 160 40 följande
1210 1578 148 39 lydelse:

185 1632 73 29 >Av
278 1633 67 29 vad
367 1632 394 40 departementschefen
783 1631 120 30 anfört
925 1630 158 40 framgår
1106 1632 52 28 att
1181 1631 68 29 den
1272 1639 43 21 av
1336 1629 174 30 utskottet
1532 1629 12 29 i
1568 1629 79 30 tidi-

127 1692 82 31 gare
230 1684 259 39 sammanhang
509 1683 164 41 påtalade
694 1684 196 29 tendensen
912 1683 54 29 lill
987 1683 113 29 ökade
1122 1682 264 39 utbetalningar
1406 1681 12 29 i
1441 1681 206 30 nuvarande

126 1736 393 38 arbetsmarknadsläge
545 1735 140 29 kunnat
711 1735 203 29 motverkas
941 1742 126 31 genom
1093 1733 174 40 åtgärder,
1295 1742 76 21 som
1396 1733 167 39 vidtagits
1591 1733 56 29 för

126 1789 52 28 att
202 1787 143 30 minska
371 1786 412 40 säsongarbetslösheten
808 1786 99 29 inom
933 1785 324 40 byggnadsfacken.
1285 1784 292 39 Huvudsakligen
1604 1793 44 20 av

126 1840 118 28 denna
281 1838 192 39 anledning
509 1847 105 20 anses
653 1838 160 38 anslaget
850 1837 124 29 kunna
1013 1837 183 29 nedsättas
1234 1836 82 29 från
1357 1836 39 29 17
1412 1835 141 30 000000
1593 1836 54 28 till

130 1890 40 30 14
185 1890 64 29 000
264 1889 63 30 000
350 1890 142 29 kronor.
516 1888 53 30 Då
592 1889 247 39 belastningen
862 1888 113 30 under
998 1887 209 40 budgetåret
1233 1887 140 31 1950/51
1401 1887 163 39 utgjorde
1590 1896 59 20 en-

127 1942 80 29 dast
226 1941 98 30 cirka
345 1941 36 29 11
399 1940 64 30 600
478 1940 63 30 000
561 1940 133 29 kronor
715 1949 105 30 synes
841 1941 89 28 även
949 1939 59 30 vid
1027 1948 44 21 en
1090 1939 240 39 begränsning
1351 1947 43 21 av
1414 1939 158 38 anslaget
1593 1938 54 29 till

128 1993 41 30 13
183 1993 65 30 000
262 1992 64 30 000
347 1993 132 29 kronor
500 1993 178 38 utrymme
700 1991 152 30 erhållas
874 1991 56 29 för
952 2000 44 20 en
1016 1991 175 29 eventuell
1212 1990 92 30 ökad
1325 1990 200 40 belastning
1545 1990 11 29 i
1578 1990 72 29 för-

128 2044 166 30 hållande
320 2044 53 30 till
400 2044 156 30 nämnda
583 2043 183 40 budgetår,
793 2043 121 29 varför
942 2043 159 39 anslaget
1128 2042 99 30 torde
1254 2042 124 29 kunna
1405 2041 160 30 minskas
1594 2041 54 30 till

128 2097 96 29 detta
246 2096 137 39 belopp.

185 2148 118 29 Under
327 2147 222 39 åberopande
573 2155 43 21 av
640 2146 59 30 det
723 2145 151 31 anförda
898 2145 206 30 hemställer
1128 2145 184 34 utskottet,

442 2199 51 28 all
516 2197 191 39 riksdagen
732 2196 58 30 må
814 2197 11 28 i
850 2196 192 39 anledning
1067 2205 42 20 av
1134 2196 127 39 Kungl.
1287 2196 125 39 Maj:ts
1437 2196 133 38 förslag
1594 2196 54 29 till

396 2249 130 38 Bidrag
546 2248 53 29 till
618 2247 158 30 erkända
796 2246 383 30 arbetslöshetskassor
1200 2247 55 29 för
1275 2246 208 39 budgetåret
1506 2246 143 31 1952/53

398 2300 123 29 anvisa
542 2301 50 27 ett
614 2299 279 39 förslagsanslag
915 2307 42 20 av
980 2298 39 29 13
1034 2297 64 30 000
1113 2297 64 30 000
1199 2297 163 30 kronor.»

183 2394 39 34 4)
251 2394 59 30 vid
325 2393 161 40 punkten
503 2392 102 34 39:0)
631 2391 218 34 (Kostnader
866 2391 55 30 för
938 2390 299 30 arbetslöshetens
1254 2390 246 40 bekämpande
1516 2400 46 20 m.
1580 2390 65 33 m.)

128 2455 43 21 av
190 2445 128 31 fröken
337 2444 215 37 Andersson,
573 2444 124 29 herrar
717 2442 125 40 Bergh,
863 2442 184 40 Skoglund
1065 2443 11 29 i
1097 2443 215 39 Doverstorp
1332 2443 66 29 och
1418 2442 116 37 Birke,
1553 2442 95 30 vilka
