1898 2816
570 182 264 30 Statsutskottets
856 181 167 28 utlåtande
1045 188 39 19 nr
1110 179 69 29 138.
1583 172 40 31 25

122 270 63 20 nor
206 258 52 31 för
278 257 92 42 varje
392 259 45 36 år,
458 257 136 31 varmed
615 253 435 43 manskapsanställningen
1072 250 179 42 överstigit
1272 261 58 20 sex
1351 251 45 36 år,
1418 248 85 32 dock
1523 247 103 42 högst

125 301 78 32 med
225 301 61 31 600
308 300 134 31 kronor.

174 344 126 31 Rätten
320 342 54 31 till
395 339 379 43 övergångsersättning
794 339 154 32 kvarstår
968 339 108 32 under
1097 341 50 30 tre
1169 341 36 29 år
1226 339 88 32 efter
1333 338 170 32 avskedet.

175 385 227 40 Utbetalning
417 395 41 20 av
475 383 380 42 övergångsersättning
871 382 76 31 sker
963 393 121 30 genom
1101 383 186 30 försvarets
1304 380 321 42 anställningsbyrå.

175 428 69 32 Vid
267 426 215 42 utbetalning
505 437 40 20 av
568 424 380 43 övergångsersättning
971 427 113 29 såsom
1108 424 171 41 utfyllnad
1302 435 41 20 av
1367 424 78 31 civil
1468 424 57 31 lön
1549 424 77 30 kon-

123 470 156 31 trollerar
315 468 345 42 anställningsbyrån,
699 470 49 29 att
785 467 403 42 ersättningssökandens
1226 466 101 32 civila
1351 466 58 31 lön
1435 467 100 40 utgör
1562 466 65 31 den

123 514 126 40 gängse
274 512 53 31 för
351 511 77 32 med
452 512 125 30 honom
600 510 184 33 likställda.

179 555 65 31 Om
262 554 140 41 lämplig
421 553 290 41 civilanställning
730 552 72 32 icke
821 552 145 32 erhålles
985 554 82 31 utan
1087 551 229 32 arbetslöshet
1335 550 183 42 föreligger
1537 550 91 32 utbe-

128 597 87 31 talas
235 597 206 40 månatligen
461 597 39 31 90
516 599 25 28 4
564 607 40 20 av
625 596 66 31 den
711 598 114 30 senast
845 595 180 41 uppburna
1045 595 147 31 militära
1211 594 244 32 månadslönen
1476 596 37 29 så
1532 594 99 41 länge

124 638 441 42 övergångsersättningens
577 637 128 42 belopp
716 637 114 31 därtill
840 637 129 31 lämnar
980 636 152 41 tillgång.
1151 635 346 41 Anställningsbyrån
1509 635 119 37 tillser,

128 684 50 30 att
205 682 66 32 den
288 684 174 39 avgångne
480 684 36 28 är
533 681 135 31 anmäld
686 681 62 31 hos
767 679 365 41 arbetsförmedlingen
1151 681 113 29 såsom
1282 678 266 31 arbetssökande
1567 677 62 31 och

127 725 73 32 icke
223 725 128 31 kunnat
375 724 134 31 anvisas
533 723 141 42 lämplig
697 722 216 41 anställning.

181 768 69 31 Det
268 767 87 31 lärer
374 767 35 31 få
428 766 176 31 ankomma
622 768 44 39 på
683 765 126 40 Kungl.
829 764 100 41 Maj:t
948 766 49 29 att
1015 763 157 32 meddela
1190 763 41 31 de
1249 764 152 29 närmare
1419 762 211 31 bestämmel-

129 821 56 20 ser
203 810 12 31 i
233 811 121 36 ämnet,
375 820 74 20 som
468 809 113 31 finnas
601 807 231 41 erforderliga.

568 936 181 41 Utbildning
774 936 7 33 i
806 934 391 42 civilanställningssyfte.

183 1014 68 31 Vid
275 1013 80 32 1925
378 1015 54 29 års
455 1012 137 42 riksdag
612 1012 132 31 beslöts
766 1023 41 20 en
830 1011 190 31 förbättrad
1043 1010 247 40 undervisning
1311 1009 11 30 i
1345 1007 287 32 allmänbildande

133 1066 121 30 ämnen
271 1065 11 30 i
298 1064 193 41 manskaps-
509 1064 62 31 och
589 1063 420 37 underofficersskolorna,
1029 1061 158 42 syftande
1205 1061 54 31 till
1276 1062 50 30 att
1343 1060 166 31 förbättra
1526 1059 41 32 de
1585 1070 51 20 av-

131 1115 148 41 gåendes
305 1113 534 42 civilanställningsmöjligheter.
878 1112 200 31 Sedermera
1102 1111 86 31 hava
1214 1110 100 31 också
1338 1110 51 31 tid
1414 1109 86 31 efter
1524 1120 110 20 annan

131 1165 185 32 anordnats
344 1164 169 32 särskilda
539 1162 429 42 civilanställningskurser
995 1162 74 31 dels
1097 1161 145 31 centralt
1269 1160 73 31 dels
1371 1159 61 32 ock
1458 1159 58 31 vid
1543 1159 89 30 vissa

133 1215 154 33 förband.
320 1215 178 32 Särskilda
515 1214 110 32 medel
643 1214 86 31 hava
748 1213 100 32 också
866 1213 108 31 under
993 1214 80 29 åren
1091 1212 88 31 efter
1198 1211 80 31 1936
1297 1212 53 30 års
1370 1209 264 32 försvarsbeslut

132 1266 151 32 anvisats
305 1266 54 31 för
378 1264 436 42 civilanställningskurser.

186 1318 53 31 De
257 1315 213 42 sakkunniga
487 1316 44 31 ha
551 1314 186 32 framhållit
757 1314 115 31 vikten
891 1325 40 20 av
952 1313 65 31 den
1037 1311 289 33 allmänbildande
1346 1310 289 41 undervisningen

135 1370 63 30 och
217 1369 43 31 ha
280 1369 11 30 i
312 1367 199 41 anslutning
528 1366 117 31 härtill
667 1368 111 29 såsom
799 1367 49 29 ett
868 1364 174 31 önskemål
1063 1363 132 37 uttalat,
1217 1364 48 29 att
1286 1361 129 32 antalet
1434 1361 203 41 elevplatser

135 1420 12 30 i
173 1420 185 30 försvarets
385 1417 155 31 läroverk
567 1416 62 32 och
655 1416 12 31 i
693 1414 410 33 underofficersskolorna
1130 1415 103 29 måtte
1261 1412 91 31 ökas.
1392 1410 134 32 Genom
1550 1411 86 41 goda

135 1469 193 41 kunskaper
343 1469 11 30 i
369 1467 288 33 allmänbildande
673 1469 120 28 ämnen
808 1466 113 30 kunna
936 1464 171 41 nämligen
1122 1463 217 40 möjligheter
1353 1462 54 31 till
1423 1461 215 32 civilanställ-

136 1520 121 41 ningar
276 1519 91 38 ökas,
389 1521 80 29 enär
488 1520 48 30 ett
556 1518 72 31 icke
650 1516 191 42 obetydligt
860 1515 92 32 antal
970 1514 232 41 befattningar
1222 1525 41 19 av
1282 1512 91 32 olika
1392 1512 73 41 slag
1483 1512 57 32 vid
1561 1513 77 29 stat-

136 1571 69 41 liga
224 1570 62 32 och
305 1569 215 32 kommunala
537 1568 81 31 verk
637 1569 88 30 samt
743 1567 92 30 inom
854 1565 224 42 näringslivet
1097 1567 36 28 är
1153 1575 40 20 av
1212 1563 106 31 sådan
1337 1564 60 36 art,
1418 1564 49 29 att
1486 1564 44 39 på
1549 1562 88 30 inne-

136 1621 149 31 havarna
305 1620 73 32 icke
399 1619 118 32 ställas
538 1618 82 31 krav
640 1620 44 39 på
703 1617 162 42 speciella
884 1615 303 43 yrkeskunskaper.

188 1670 203 33 Emellertid
415 1672 45 36 är,
486 1669 178 32 framhålla
690 1669 41 31 de
757 1666 219 42 sakkunniga,
1001 1665 257 32 konkurrensen
1284 1675 54 21 om
1364 1662 276 32 arbetstillfällen

136 1733 41 20 av
197 1722 66 31 den
283 1724 60 35 art,
366 1723 50 29 att
437 1720 167 32 särskilda
625 1718 294 42 yrkeskunskaper
939 1716 73 32 icke
1034 1715 181 37 erfordras,
1237 1714 133 41 mycket
1390 1715 72 30 stor
1482 1713 63 31 och
1566 1713 74 30 fler-

137 1772 83 32 talet
245 1772 68 31 fast
337 1770 170 32 anställda
529 1771 110 30 måste
664 1769 173 31 förväntas
862 1767 92 31 bliva
978 1765 186 33 hänvisade
1190 1765 54 31 till
1270 1763 286 37 arbetsområden,
1582 1763 59 30 där

138 1823 42 31 de
198 1823 169 31 allmänna
383 1820 321 32 kvalifikationerna
719 1819 101 30 kräva
837 1816 265 43 komplettering
1119 1815 78 32 med
1213 1815 71 31 viss
1301 1813 188 42 kunnighet
1506 1813 12 31 i
1535 1813 105 41 yrket.

137 1872 54 31 En
230 1872 138 40 lösning
405 1882 41 20 av
473 1868 428 42 civilanställningsfrågan
929 1869 107 29 måste
1065 1866 116 31 därför
1209 1864 106 41 enligt
1345 1864 41 31 de
1414 1863 228 41 sakkunnigas

138 1922 138 40 mening
301 1921 101 32 sökas
429 1919 242 32 företrädesvis
698 1929 120 31 genom
845 1920 49 28 att
920 1917 42 31 de
988 1915 173 42 avgående
1187 1915 83 31 eller
1296 1916 176 39 avgångna
1496 1913 68 31 fast
1591 1924 52 20 an-

139 1972 125 32 ställda
279 1971 177 41 bibringas
473 1972 53 30 för
541 1969 210 40 anställning
766 1968 91 31 inom
875 1967 94 32 civilt
986 1965 293 32 förvärvsområde
1296 1963 221 41 erforderliga
1533 1963 110 41 yrkes-

138 2022 202 41 kunskaper.
375 2021 69 31 Det
467 2020 205 37 framhålles,
697 2021 49 29 att
769 2019 92 30 vissa
884 2017 217 41 möjligheter
1123 2015 206 31 härutinnan
1354 2015 144 40 öppnats
1523 2024 120 30 genom

141 2073 66 31 den
227 2072 58 32 vid
306 2071 189 32 förbanden
515 2070 166 33 bedrivna
702 2069 162 41 frivilliga
884 2065 418 41 fritidsundervisningen.
1335 2064 203 31 Emellertid
1559 2064 86 30 lärer

141 2124 58 30 det
222 2123 106 40 enligt
351 2122 42 31 de
415 2120 229 42 sakkunnigas
667 2120 136 40 mening
824 2129 80 20 vara
924 2116 211 41 nödvändigt
1158 2118 49 29 att
1230 2116 11 30 i
1264 2115 65 31 den
1352 2125 64 20 ena
1437 2114 82 31 eller
1541 2113 103 31 andra

146 2174 131 30 formen
313 2173 152 31 anordna
501 2169 146 34 särskild
683 2169 299 42 yrkesutbildning
1018 2168 53 32 för
1107 2168 68 30 fast
1201 2166 83 32 eller
1310 2167 21 30 f.
1360 2166 29 31 d.
1417 2166 67 30 fast
1509 2164 139 32 anställt

142 2223 171 41 manskap.

197 2274 52 30 De
271 2272 210 40 sakkunniga
503 2271 44 31 ha
567 2271 127 30 lämnat
717 2281 40 18 en
780 2268 215 41 redogörelse
1019 2268 53 29 för
1093 2266 211 31 tillkomsten
1327 2276 40 19 av
1390 2264 40 30 de
1453 2263 193 31 nuvarande

144 2323 302 32 bestämmelserna
468 2323 52 29 för
541 2321 66 31 den
629 2320 162 40 frivilliga
813 2317 407 40 fritidsundervisningen
1243 2316 62 30 och
1327 2315 41 30 de
1390 2314 124 31 hittills
1536 2324 112 20 vunna

147 2374 276 33 erfarenheterna
439 2384 40 19 av
497 2372 110 30 denna
635 2371 63 30 och
715 2370 43 30 ha
776 2370 10 29 i
804 2368 199 40 anslutning
1018 2367 116 31 härtill
1152 2368 44 39 på
1211 2365 143 31 anförda
1371 2364 73 30 skäl
1462 2363 185 39 föreslagit,

147 2428 49 29 att
216 2425 66 31 den
303 2423 164 41 frivilliga
486 2419 407 41 fritidsundervisningen
914 2417 213 42 organiseras
1148 2418 43 39 på
1211 2415 122 31 sådant
1353 2416 76 35 sätt,
1450 2416 50 28 att
1520 2414 40 30 de
1583 2413 66 30 fast

145 2474 170 34 anställda
328 2485 120 30 genom
464 2471 246 40 kontinuerligt
726 2468 200 42 deltagande
942 2469 10 30 i
968 2468 111 31 denna
1095 2465 247 40 undervisning
1354 2464 143 31 beredas
1513 2463 136 32 tillfälle
