1892 2812
560 199 262 29 Statsutskottets
847 196 164 29 utlåtande
1034 204 38 19 nr
1099 196 69 28 138.
1583 186 38 31 d7

173 278 49 30 På
242 277 125 41 Kungl.
390 276 101 41 Maj:t
512 275 59 31 har
593 275 130 30 ansetts
746 272 82 32 böra
849 270 176 32 ankomma
1046 270 50 30 att
1117 268 11 31 i
1150 266 197 41 anslutning
1370 265 52 31 till
1446 264 61 31 vad
1531 263 10 31 i
1564 263 56 31 det

121 327 203 42 föregående
343 327 131 31 anförts
493 324 155 32 meddela
665 321 257 34 bestämmelser
940 319 143 33 rörande
1102 318 171 41 anslagets
1293 315 216 42 disposition.
1540 314 80 31 Där-

121 379 57 31 vid
199 380 116 39 syntes
335 377 84 32 böra
439 375 214 37 föreskrivas,
675 375 49 30 att
745 372 298 41 anslagsposterna
1063 369 19 32 3
1103 368 62 32 och
1186 369 19 30 4
1225 367 72 32 icke
1318 368 54 30 må
1392 368 80 29 utan
1493 364 126 42 Kungl.

120 429 119 41 Maj:ts
263 427 222 43 medgivande
509 424 223 33 överskridas.

173 480 68 30 Det
269 477 251 41 sammanlagda
545 474 278 33 medelsbehovet
850 472 107 32 under
983 472 98 31 nästa
1107 468 166 43 budgetår
1301 468 52 31 till
1382 465 239 44 rekryterings-

120 530 193 37 kostnader,
352 529 184 31 försvarets
576 523 312 43 anställningsbyrå
926 522 62 32 och
1026 521 93 32 vissa
1156 516 466 43 civilanställningsåtgärder

121 582 131 40 uppgår
272 579 143 32 sålunda
438 578 106 41 enligt
565 574 392 44 departementschefens
979 571 225 41 beräkningar
1225 569 53 32 till
1301 569 91 31 1416
1405 568 61 32 000
1487 567 133 37 kronor,

121 631 120 32 medan
270 631 53 30 för
350 627 235 33 motsvarande
614 625 185 33 kostnader
826 625 54 30 för
907 621 228 33 innevarande
1163 618 167 44 budgetår
1357 619 86 31 hava
1471 618 150 32 anvisats

122 682 145 40 tillhopa
295 680 90 31 1473
399 679 60 31 750
486 679 132 30 kronor.
659 676 67 31 Till
755 675 40 31 de
824 675 52 30 för
904 675 98 30 nästa
1027 670 169 43 budgetår
1222 670 145 41 angivna
1393 668 229 32 kostnaderna

120 733 84 31 böra
232 730 189 33 emellertid
448 729 114 41 läggas
592 728 40 30 de
660 726 119 37 medel,
809 736 72 20 som
908 723 166 32 beräknas
1102 722 108 31 under
1237 720 138 32 åttonde
1403 719 218 32 huvudtiteln

122 783 53 31 för
194 777 220 36 bestridande
437 791 39 20 av
498 778 183 32 kostnader
704 777 53 30 för
776 773 299 43 yrkesutbildning
1095 774 34 30 åt
1151 771 170 42 avgående
1344 769 172 42 manskap.

786 867 174 36 Utskottet.

174 935 80 31 Med
276 934 131 40 hänsyn
431 932 51 32 till
506 932 56 32 det
590 931 4 31 i
616 930 125 41 Kungl.
765 929 118 41 Maj:ts
906 926 220 33 förevarande
1149 924 214 43 proposition
1386 922 160 42 påvisade
1569 922 53 31 be-

121 986 103 30 hovet
243 996 40 19 av
303 983 157 41 åtgärder
480 983 72 31 dels
574 982 52 31 för
648 983 49 29 att
718 979 199 33 säkerställa
937 977 255 42 rekryteringen
1213 986 40 20 av
1273 974 126 32 kadern
1421 984 39 20 av
1481 973 68 31 fast
1569 983 53 20 an-

122 1036 95 31 ställt
238 1034 171 41 manskap,
435 1033 72 31 dels
531 1032 61 32 ock
615 1032 53 31 för
691 1033 50 29 att
763 1030 193 31 underlätta
978 1027 171 42 avgående
1172 1025 181 41 manskaps
1378 1025 168 40 övergång
1568 1023 52 31 till

122 1087 65 30 den
212 1085 99 32 civila
335 1083 330 36 arbetsmarknaden,
691 1081 113 31 finner
827 1079 167 33 utskottet
1017 1078 53 41 sig
1093 1073 114 35 kunna
1230 1076 11 31 i
1266 1076 60 31 allt
1351 1074 183 41 väsentligt
1558 1074 64 31 till-

121 1136 116 41 styrka
260 1135 125 41 Kungl.
411 1133 119 42 Maj:ts
555 1132 128 41 förslag
707 1132 53 31 till
786 1127 474 43 civilanställningsåtgärder.

174 1186 17 31 I
215 1186 108 31 likhet
345 1185 77 31 med
446 1182 374 44 departementschefen
845 1178 113 33 finner
981 1179 168 31 utskottet
1172 1177 101 32 alltså
1296 1176 186 42 angeläget,
1508 1177 49 32 att
1581 1185 41 21 en

121 1236 137 42 lösning
282 1248 39 20 av
345 1234 428 41 civilanställningsfrågan
797 1232 11 30 i
834 1232 107 30 första
964 1229 91 32 hand
1080 1228 249 32 åstadkommes
1354 1237 121 31 genom
1500 1227 48 30 att
1572 1237 51 20 av-

121 1288 131 41 gående
275 1287 62 31 och
361 1286 162 31 avskedat
545 1284 162 41 manskap
730 1282 176 41 bibringas
929 1280 200 42 kompetens
1154 1279 54 31 för
1231 1277 170 32 vinnande
1426 1288 39 20 av
1489 1276 134 32 anställ-

119 1339 84 41 ning
225 1340 44 40 på
292 1338 65 31 den
381 1337 99 31 civila
503 1333 330 34 arbetsmarknaden.

172 1388 271 31 Vidkommande
467 1387 40 31 de
530 1386 193 40 föreslagna
746 1385 214 30 förmånerna
981 1393 40 20 av
1043 1380 273 42 avskedspremie
1340 1379 63 31 och
1425 1380 197 40 övergångs-

121 1439 190 41 ersättning
331 1438 54 31 till
406 1438 86 31 visst
512 1437 162 31 avskedat
694 1435 162 40 manskap
877 1433 76 32 med
973 1444 42 20 en
1035 1430 281 42 anställningstid
1337 1441 39 20 av
1398 1441 58 21 sex
1477 1431 36 30 år
1532 1429 91 31 inne-

120 1491 61 30 bär
205 1489 125 41 Kungl.
356 1488 119 41 Maj:ts
500 1487 129 41 förslag
654 1485 192 42 egentligen
871 1484 72 31 icke
968 1485 104 40 några
1095 1481 216 43 principiella
1334 1480 182 41 ändringar
1540 1479 84 32 eller

121 1541 152 41 nyheter,
298 1541 80 29 utan
402 1540 147 29 närmast
573 1548 40 21 en
636 1556 42 3 —
700 1538 44 39 på
766 1535 110 42 grund
899 1546 41 20 av
962 1544 113 21 vunna
1098 1531 231 33 erfarenheter
1351 1531 12 30 i
1386 1531 94 41 fråga
1503 1541 54 20 om
1581 1530 41 31 de

120 1603 46 19 nu
192 1591 86 31 visst
303 1589 162 41 manskap
490 1588 76 31 med
590 1586 210 43 nyssnämnd
825 1584 279 41 anställningstid
1128 1582 256 32 tillkommande
1410 1582 211 30 förmånerna

121 1654 40 19 av
189 1640 292 42 avskedspremier
509 1639 61 31 och
599 1637 208 41 anställning
835 1637 11 30 i
874 1634 379 42 civilanställningsstat
1278 1652 43 4 —
1347 1632 208 42 anpassning
1583 1643 39 19 av

125 1694 212 30 förmånerna
361 1691 53 31 för
438 1693 48 30 att
510 1690 40 31 de
575 1689 110 31 bättre
710 1690 42 29 än
775 1687 125 32 hittills
926 1686 95 32 skola
1043 1685 115 32 kunna
1181 1684 182 42 tillgodose
1388 1684 110 30 avsett
1522 1682 98 42 syfte.

122 1741 356 43 Avskedspremierna,
502 1752 71 20 som
595 1751 46 19 nu
664 1741 80 38 utgå
767 1738 75 31 med
864 1738 62 31 600
946 1737 126 31 kronor
1093 1736 58 31 vid
1173 1747 58 20 sex
1254 1737 53 29 års
1330 1733 208 42 anställning
1560 1733 63 32 och

121 1794 77 31 med
216 1794 61 31 800
295 1793 125 30 kronor
438 1791 56 31 vid
514 1790 56 31 nio
591 1792 53 29 års
665 1787 217 42 anställning,
903 1787 95 31 skola
1017 1786 108 41 enligt
1142 1784 126 41 Kungl.
1289 1783 118 41 Maj:ts
1428 1783 128 41 förslag
1574 1784 47 29 ut-

121 1846 42 39 gå
196 1844 77 31 med
305 1843 61 31 500
400 1843 124 30 kronor
558 1842 86 30 efter
678 1852 58 20 sex
770 1842 54 29 års
858 1837 209 42 anställning
1100 1839 87 29 samt
1211 1837 80 30 ökas
1315 1835 76 32 med
1417 1835 59 31 100
1498 1835 125 31 kronor

124 1896 51 29 för
197 1894 92 41 varje
311 1893 196 41 ytterligare
529 1891 72 31 helt
623 1890 265 40 anställningsår
910 1888 85 32 dock
1016 1888 103 41 högst
1141 1887 53 31 till
1218 1887 60 31 800
1300 1886 133 31 kronor.
1467 1885 18 31 I
1506 1885 117 31 motio-

122 1955 65 20 nen
216 1944 133 36 II:540,
379 1953 73 21 som
480 1941 115 32 väckts
624 1941 11 30 i
665 1940 184 40 anledning
877 1950 40 20 av
944 1937 127 42 Kungl.
1100 1937 120 41 Maj:ts
1249 1936 216 42 proposition
1494 1946 39 20 nr
1561 1936 61 30 218

122 1995 75 30 med
234 1992 127 42 förslag
394 1993 54 31 till
483 1992 90 31 vissa
607 1991 183 40 ändringar
825 1990 19 37 i,
879 1989 106 31 bland
1019 1990 112 35 annat,
1156 1986 466 42 manskapsavlöningsregle-

122 2047 135 34 mentet,
282 2044 11 30 i
318 2044 104 31 vilket
446 2043 204 41 reglemente
675 2041 300 32 bestämmelserna
999 2051 54 20 om
1078 2037 292 42 avskedspremier
1393 2039 57 29 äro
1475 2037 147 41 intagna,

121 2096 61 30 har
204 2095 124 40 yrkats,
353 2096 49 29 att
426 2092 274 42 avskedspremie
723 2094 103 29 måtte
850 2093 81 39 utgå
954 2090 86 31 efter
1063 2101 41 20 en
1129 2088 279 41 anställningstid
1432 2099 39 20 av
1496 2087 66 31 fem
1587 2089 37 29 år

121 2146 76 30 med
221 2147 48 29 ett
290 2145 126 40 belopp
439 2156 38 19 av
501 2144 59 30 500
583 2143 125 31 kronor
731 2144 86 29 samt
840 2144 48 28 att
911 2140 151 42 premien
1085 2142 103 29 måtte
1213 2139 80 31 ökas
1317 2138 75 31 med
1416 2138 59 31 100
1498 2137 124 32 kronor

124 2197 50 29 för
196 2195 91 41 varje
309 2195 195 40 ytterligare
526 2194 70 30 helt
618 2192 265 40 anställningsår
904 2202 69 30 upp
994 2191 53 30 till
1069 2192 49 29 ett
1139 2189 126 41 belopp
1287 2200 39 20 av
1347 2188 102 41 högst
1470 2188 61 31 900
1551 2188 71 30 kro-

123 2257 68 19 nor.
231 2245 66 30 Vid
325 2245 98 30 bifall
451 2244 50 31 till
530 2243 125 40 Kungl.
685 2243 118 39 Maj:ts
832 2241 127 41 förslag
985 2252 54 19 om
1066 2239 183 42 utgivande
1277 2251 39 19 av
1344 2238 189 42 stipendier
1560 2238 62 31 och

122 2294 245 41 värnpliktslån
393 2294 52 30 till
473 2293 161 31 avskedat
659 2292 161 40 manskap
847 2291 74 31 med
949 2302 41 19 en
1015 2289 279 41 anställningstid
1319 2300 40 20 av
1385 2289 67 30 fem
1478 2290 44 35 år,
1549 2300 72 20 som

121 2347 180 39 genomgår
332 2343 214 40 omskolning
577 2343 10 30 i
619 2340 408 41 civilanställningssyfte,
1059 2340 150 30 kommer
1240 2338 189 32 emellertid
1460 2338 162 41 manskap

124 2397 71 31 med
223 2395 144 31 nämnda
392 2393 277 39 anställningstid
696 2393 102 30 redan
825 2392 195 40 därigenom
1045 2392 50 29 att
1120 2390 34 31 få
1179 2389 84 33 ökad
1290 2389 96 41 hjälp
1410 2389 53 31 till
1488 2389 134 31 civilan-

121 2446 171 40 ställning.
325 2445 79 30 Med
426 2444 131 40 hänsyn
581 2444 49 30 till
654 2442 271 31 önskvärdheten
947 2443 49 29 att
1016 2440 190 41 nedbringa
1226 2439 248 42 omfattningen
1495 2451 39 19 av
1556 2439 65 32 den

121 2497 106 42 årliga
261 2493 301 44 nyrekryteringen
598 2495 35 30 är
670 2493 56 32 det
762 2492 100 32 också
897 2503 39 20 av
960 2491 186 42 betydelse,
1173 2492 49 31 att
1247 2490 162 44 manskap
1433 2489 153 34 kvarstår
1611 2490 9 32 i
