1890 2812
565 179 263 49 Statsutskottets
850 198 168 30 utlåtande
1040 208 39 20 nr
1105 199 68 29 138.
1579 192 41 33 33

168 274 18 31 I
226 274 92 31 detta
359 272 242 41 sammanhang
640 272 61 31 har
731 272 374 40 departementschefen
1136 271 53 31 till
1218 270 210 42 behandling
1458 269 155 42 upptagit

115 325 115 41 frågan
257 336 53 19 om
335 323 220 32 bestridande
583 325 79 28 över
688 322 183 31 riksstaten
897 333 39 20 av
963 322 227 30 kostnaderna
1217 321 53 30 för
1295 319 317 41 civilanställnings-

116 374 155 42 åtgärder
293 385 38 20 av
357 374 90 30 olika
471 374 81 40 slag,
578 373 42 31 då
643 384 40 20 en
708 372 272 40 överskådligare
1004 372 221 40 redovisning
1246 382 39 20 av
1309 370 100 32 dessa
1432 369 183 31 kostnader

117 425 129 32 funnits
272 437 77 19 vara
375 424 178 31 önskvärd.
1013 414 3 3 |

168 485 51 30 De
237 484 117 41 anslag
370 486 19 29 å
407 483 109 40 fjärde
533 482 217 31 huvudtiteln
769 492 72 20 som
858 492 78 20 avse
955 481 75 31 med
1048 479 565 42 civilanställningsverksamheten

116 534 327 41 sammanhängande
473 533 182 31 kostnader
683 533 43 30 ha
754 532 114 30 därför
896 535 96 37 synts
1022 530 374 42 departementschefen
1424 530 82 31 böra
1535 541 78 30 upp-

116 588 94 39 tagas
248 584 108 32 under
394 596 41 19 en
473 594 193 31 gemensam
704 582 115 31 rubrik
850 580 596 42 »Civilanställningsverksamheten
1472 591 41 20 m.
1542 591 71 19 m.».

116 636 117 31 Under
253 635 110 31 denna
383 634 117 31 rubrik
519 633 105 31 borde
646 635 166 39 upptagas
832 632 152 41 följande
1004 632 126 40 anslag,
1152 631 170 41 nämligen
1341 631 200 30 Försvarets
1562 641 40 20 an

116 682 275 45 ställningsbyrå:
423 684 217 41 Avlöningar,
670 683 199 31 Försvarets
898 681 322 41 anställningsbyrå:
1252 681 251 31 Omkostnader
1530 683 84 28 samt

118 739 48 29 ett
201 739 206 39 gemensamt
443 735 126 41 anslag,
606 735 104 30 vilket
746 734 87 31 lärer
856 734 84 30 böra
963 733 184 31 benämnas
1173 732 102 32 Vissa
1299 732 317 41 civilanställnings-

116 788 156 41 åtgärder
297 787 61 31 och
383 785 183 32 betecknas
591 786 112 29 såsom
733 783 272 41 förslagsanslag.
1044 782 118 31 Under
1188 782 93 31 detta
1305 782 119 41 anslag
1449 783 166 40 upptagas

115 839 253 40 anslagsposter
405 837 55 30 till
498 834 300 41 avskedspremier,
827 832 425 41 övergångsersättningar,
1281 831 334 41 utbildningskurser

117 892 51 28 för
189 892 19 28 å
227 888 90 32 aktiv
337 890 69 29 stat
424 886 223 31 kvarstående
668 883 161 41 manskap
850 883 62 30 och
933 882 188 41 stipendier
1141 882 56 31 vid
1217 882 70 30 viss
1306 881 307 42 yrkesutbildning.

117 939 255 41 Benämningen
396 949 40 20 av
459 938 41 30 de
524 935 192 33 nuvarande
741 934 160 41 anslagen
924 933 431 42 Rekryteringskostnader
1378 933 62 32 och
1463 933 154 32 avskeds-

118 991 144 42 premier
288 1001 40 19 m.
356 1000 41 20 m.
424 988 63 31 bör
514 987 175 40 samtidigt
715 985 122 32 ändras
865 984 53 33 till
945 984 439 41 Rekryteringskostnader.
1423 984 90 32 Från
1540 984 74 32 sist-

118 1041 145 32 nämnda
280 1040 118 41 anslag
415 1039 83 32 böra
516 1040 10 30 i
546 1037 264 40 fortsättningen
829 1035 170 32 bestridas
1020 1035 120 31 endast
1158 1035 183 31 kostnader
1360 1045 73 21 som
1453 1037 61 39 äga
1534 1046 79 20 sam-

117 1093 90 32 band
229 1092 77 32 med
327 1089 313 43 truppförbandens
664 1086 403 42 manskapsrekrytering.

170 1153 110 31 Dessa
303 1151 183 40 ändringar
509 1150 12 30 i
546 1149 40 31 de
611 1147 193 32 nuvarande
829 1146 192 41 grunderna
1046 1146 53 30 för
1123 1145 219 32 bestridande
1368 1155 40 21 av
1432 1144 184 32 kostnader

118 1204 51 30 för
191 1198 464 43 civilanställningsändamål
676 1198 44 30 ha
742 1199 96 39 synts
860 1196 114 32 kunna
995 1195 214 41 genomföras
1232 1194 103 31 redan
1359 1194 74 30 från
1456 1194 63 30 och
1541 1193 74 31 med

118 1256 97 30 nästa
241 1253 176 41 budgetår.
458 1250 132 32 Härvid
619 1249 109 32 skulle
757 1247 229 32 kostnaderna
1014 1247 54 31 för
1096 1246 240 41 övergångsvis
1366 1245 169 42 utgående
1565 1256 50 20 av-

119 1304 247 42 skedspremier
389 1302 106 41 enligt
517 1301 92 32 äldre
630 1298 256 33 bestämmelser
907 1297 132 32 belasta
1061 1297 57 31 det
1140 1308 65 30 nya
1227 1297 153 40 anslaget
1402 1296 102 32 Vissa
1527 1295 88 32 civil-

118 1353 393 43 anställningsåtgärder.
543 1352 48 31 På
612 1350 175 33 enahanda
807 1351 67 29 sätt
895 1348 109 32 skulle
1026 1348 56 32 det
1103 1346 211 33 sistnämnda
1335 1346 153 42 anslaget
1509 1346 107 32 under

118 1405 283 43 övergångstiden
437 1403 124 42 jämväl
597 1402 149 31 belastas
784 1400 75 31 med
896 1398 157 42 samtliga
1090 1397 363 42 avlöningskostnader
1479 1397 53 31 för
1559 1397 57 31 det

119 1457 161 41 manskap
308 1467 72 20 som
408 1455 108 31 under
543 1451 284 43 övergångstiden
855 1450 131 31 komme
1015 1451 49 29 att
1092 1449 124 31 inneha
1243 1448 209 40 anställning
1480 1449 19 29 å
1527 1447 88 31 civil-

119 1507 304 41 anställningsstat.
457 1505 18 31 I
508 1505 64 31 den
604 1505 76 29 mån
714 1502 121 32 sådant
868 1500 162 41 manskap
1052 1500 150 30 kommer
1224 1501 49 29 att
1294 1510 79 19 vara
1395 1498 12 31 i
1430 1498 106 40 tjänst
1559 1497 56 31 vid

120 1559 189 42 respektive
331 1557 145 31 förband
498 1556 81 31 eller
600 1554 132 41 åtnjuta
753 1551 230 41 inkvartering
1005 1550 62 32 och
1089 1549 201 42 förplägnad
1311 1548 57 32 vid
1390 1548 141 31 militärt
1553 1548 63 30 för-

118 1611 89 31 band
228 1610 62 30 bör
313 1606 181 33 förbandet
516 1617 40 19 av
579 1601 416 42 civilanställningsbyrån
1019 1599 185 32 eventuellt
1225 1600 144 30 ersättas
1392 1597 77 31 med
1492 1596 125 42 belopp

119 1672 72 20 som
208 1670 113 21 svarar
339 1660 70 28 mot
426 1655 198 33 förbandets
642 1652 185 33 kostnader
843 1652 53 30 för
913 1649 326 33 tillhandahållande
1258 1660 39 20 av
1315 1648 300 31 naturaförmåner.

513 1800 245 42 Anslagsbehov
780 1799 52 32 för
856 1794 193 45 budgetåret
1074 1795 158 37 1945/46.

172 1883 17 30 I
216 1883 89 30 årets
332 1876 404 43 statsverksproposition
769 1875 122 40 (fjärde
918 1872 227 38 huvudtiteln,
1174 1871 189 42 punkterna
1391 1872 49 36 24,
1470 1871 47 37 72,
1548 1871 68 36 107,

123 1934 67 36 150,
212 1933 57 30 151
290 1931 62 31 och
372 1929 72 41 176)
468 1929 61 30 har
547 1927 125 41 Kungl.
693 1926 102 40 Maj:t
813 1945 42 3 —
874 1924 107 31 under
1002 1923 133 32 erinran
1156 1925 48 28 att
1226 1922 80 31 1942
1327 1924 54 29 års
1402 1921 214 31 civilanställ-

120 1981 312 44 ningssakkunniga
453 1979 125 41 avgivit
599 1977 128 40 förslag
747 1976 142 31 rörande
912 1974 189 32 ordnandet
1122 1984 38 21 av
1183 1971 289 41 civilanställning
1493 1972 53 30 för
1567 1982 50 20 av-

121 2034 128 43 gående
278 2033 66 30 fast
372 2030 140 33 anställt
539 2028 161 40 manskap
728 2027 57 31 vid
814 2024 314 33 försvarsväsendet
1157 2023 62 31 och
1247 2024 11 30 i
1287 2022 164 32 samband
1480 2021 137 32 därmed

121 2085 139 32 stående
295 2084 122 40 frågor,
453 2080 104 32 vilket
592 2079 127 40 förslag
753 2077 57 31 vid
835 2076 93 32 tiden
953 2076 53 31 för
1031 2072 466 43 statsverkspropositionens
1522 2072 95 31 fram-

121 2135 164 42 läggande
305 2146 57 19 var
383 2132 141 32 föremål
545 2132 52 30 för
617 2129 209 40 behandling
847 2128 91 30 inom
960 2127 158 30 försvars-
1140 2125 62 31 och
1224 2120 392 50 finansdepartementen

121 2206 41 4 —
187 2185 176 41 föreslagit
389 2183 181 40 riksdagen
596 2183 57 34 att,
682 2180 10 30 i
719 2178 145 32 avbidan
892 2180 42 38 på
961 2176 146 32 särskild
1135 2175 214 41 proposition
1376 2174 12 31 i
1415 2175 122 36 ämnet,
1568 2173 49 30 för

121 2237 200 40 budgetåret
352 2233 137 34 1945/46
520 2233 147 40 upptaga
698 2227 391 40 reservationsanslagen
1121 2226 50 31 till
1204 2223 414 42 rekryteringskostnader

123 2288 61 32 och
205 2283 291 43 avskedspremier
518 2294 39 19 m.
580 2293 40 19 m.
643 2281 62 30 och
727 2280 50 30 till
802 2278 147 32 centrala
971 2275 414 40 civilanställningsbyrån
1408 2276 87 29 samt
1517 2284 100 20 reser-

124 2336 285 40 vationsanslaget
448 2333 51 31 till
538 2330 306 40 civilanställnings
882 2327 232 40 befrämjande
1154 2326 74 30 med
1256 2325 144 31 allenast
1427 2323 190 31 beräknade

122 2390 133 40 belopp.

173 2443 382 45 Departementschefen
582 2441 59 30 har
665 2451 42 19 nu
736 2437 149 42 upptagit
915 2436 99 30 dessa
1039 2435 60 30 och
1128 2434 86 30 vissa
1240 2432 103 31 andra
1368 2431 251 39 anslagsfrågor

123 2499 49 31 till
196 2495 216 40 behandling.

178 2569 113 33 Bihang
314 2566 44 28 till
380 2564 170 36 riksdagens
572 2561 142 38 protokoll
743 2561 84 27 1945.
875 2561 17 24 6
915 2558 82 28 saml.
1036 2557 42 27 Nr
1106 2556 79 27 137—
1206 2556 69 26 139.
1423 2560 92 18 112145
1561 2553 16 25 3
