2153 2667
326 216 17 30 8
763 208 205 51 Bevillnings-
982 208 166 51 Utskottets
1153 213 200 32 Betänkande
1375 212 64 33 N:o
1462 213 31 32 9.

1028 688 118 37 N:o
1172 690 56 35 9.

996 840 66 26 Ank.
1082 839 44 26 till
1142 840 91 26 Riksd.
1252 840 94 26 Kansli
1366 840 49 26 den
1433 840 33 26 23
1484 840 74 26 Febr.
1579 840 73 32 1880,
1670 840 35 27 kl.
1725 840 16 26 2
1759 848 20 19 e.
1799 849 34 17 m.

528 963 247 46 Betänkande,
803 964 13 36 1
844 964 196 48 anledning
1068 963 45 50 af
1134 964 103 37 väckt
1256 963 146 50 förslag
1433 977 56 23 om
1516 964 93 36 skatt
1637 964 24 36 d
1680 964 253 48 maltdrycker.

427 1066 130 36 Under
585 1066 207 37 anförande
820 1071 56 32 att
903 1067 298 48 tillverkningen
1230 1066 37 37 af
1295 1067 257 49 maltdrycker
1575 1068 103 35 inom
1697 1067 99 36 riket
1813 1067 122 36 under

327 1131 132 23 senare
495 1121 88 33 åren
617 1121 39 33 så
691 1119 169 48 tilltagit,
899 1124 56 31 att
983 1118 162 36 nämnda
1172 1119 248 48 tillverkning
1447 1119 142 48 ganska
1616 1119 61 35 väl
1705 1118 125 36 kunde
1858 1119 76 35 tåla

326 1170 63 35 vid
420 1183 45 22 en
485 1170 151 47 måttlig
654 1170 254 48 beskattning,
929 1170 248 48 hvarigenom
1193 1171 142 46 jemväl
1354 1170 72 35 den
1446 1170 230 48 förefintliga
1695 1170 240 36 statsbristen

327 1221 127 36 kunde
497 1220 183 48 afhjelpas
721 1227 92 30 utan
855 1221 190 36 anlitande
1081 1220 39 37 af
1157 1221 378 49 tilläggsbevillning,
1574 1221 67 35 har
1669 1220 97 37 Herr
1793 1220 143 36 Anders

326 1271 154 38 Nilsson
508 1273 56 35 uti
593 1273 157 45 motion,
779 1272 70 37 N:o
880 1276 82 42 122,
992 1273 101 35 inom
1113 1273 130 35 Andra
1263 1273 225 35 Kammaren
1508 1272 208 48 föreslagit,
1736 1277 74 31 »att
1829 1272 107 36 Riks-

327 1324 123 48 dagen
491 1327 61 32 må
592 1324 149 36 besluta
782 1337 45 23 en
864 1323 346 49 afverkningsskatt
1246 1325 86 35 med
1371 1326 45 35 20
1448 1325 93 35 eller
1569 1324 113 36 minst
1711 1326 45 34 10
1785 1330 64 29 öre
1877 1322 59 37 för

327 1376 130 46 hvarje
487 1376 58 35 till
573 1374 226 48 försäljning
827 1376 11 34 i
867 1375 219 49 ölbryggeri
1115 1376 204 35 tillverkad
1347 1376 121 35 kanna
1497 1376 47 43 öl,
1578 1375 82 35 bier
1688 1375 70 35 och
1788 1380 148 42 porter;

328 1432 56 31 att
425 1426 411 36 kommunalnämnden
877 1425 58 37 får
975 1426 218 48 skyldighet
1229 1432 56 31 att
1312 1427 59 35 till
1401 1427 366 47 taxeringskomitén
1795 1425 142 49 ingifva

327 1477 154 49 uppgift
517 1481 48 45 på
599 1478 198 35 sannolika
825 1478 143 35 antalet
996 1478 146 35 kannor
1170 1478 46 44 öl,
1246 1478 82 36 bier
1357 1478 71 36 och
1458 1483 141 43 porter,
1629 1490 80 23 som
1738 1478 11 34 i
1778 1477 159 48 brygge-

327 1530 125 34 rierna
494 1529 126 35 kunna
661 1542 107 23 anses
809 1529 211 44 tillverkas;
1062 1534 96 30 samt
1195 1534 55 30 att
1278 1530 212 47 taxerings-
1518 1529 70 35 och
1619 1528 318 48 pröfningskomi-

329 1580 130 35 téerna
487 1580 117 35 sedan
633 1580 89 35 derå
751 1579 154 49 vidtaga
933 1580 46 35 de
1009 1580 177 48 åtgärder
1215 1580 85 35 dem
1329 1581 241 34 tillkomma».

429 1630 123 38 Sedan
593 1631 11 35 i
645 1631 205 47 anledning
890 1630 40 36 af
965 1630 238 49 Riksdagens
1245 1631 263 48 underdåniga
1548 1629 196 38 skrifvelse
1782 1630 72 35 den
1893 1633 40 33 17

329 1682 71 47 Maj
434 1684 92 35 1877
557 1682 88 35 med
673 1682 187 44 anhållan,
891 1687 54 30 att
974 1681 135 49 Kongl.
1138 1682 105 47 Maj:t
1269 1683 147 35 täcktes
1440 1695 137 34 genom
1597 1682 233 47 sakkunnige
1851 1689 87 27 män

328 1734 78 35 låta
434 1732 147 37 öfverse
610 1746 51 22 nu
690 1733 174 48 gällande
897 1732 266 49 författningar
1197 1733 193 49 angående
1419 1734 246 47 tillverkning
1693 1733 70 35 och
1792 1732 146 47 försälj-

330 1785 93 47 ning
460 1784 40 36 af
537 1785 171 43 bränvin,
751 1783 135 49 Kongl.
928 1783 105 49 Maj:t
1069 1784 72 36 den
1177 1787 46 33 24
1252 1784 215 48 påföljande
1497 1785 165 47 Augusti
1690 1783 58 36 för
1778 1784 160 35 berörda

331 1835 174 36 ändamål
546 1836 137 35 tillsatt
720 1848 45 23 en
804 1835 154 45 komité,
996 1835 173 36 anmälde
1203 1835 122 36 denna
1353 1836 142 35 komité
1524 1836 11 34 i
1564 1835 239 47 underdånig
1830 1833 108 37 skrif-

330 1887 103 36 velse
463 1887 71 35 den
565 1889 44 34 26
640 1886 182 36 Februari
855 1889 106 42 1878,
991 1892 66 39 att,
1087 1887 114 35 sedan
1229 1887 169 35 komitén
1426 1886 83 36 från
1530 1886 135 48 Kongl.
1686 1885 121 48 Maj:ts
1827 1891 112 30 samt-

329 1939 76 47 lige
448 1937 422 48 Befallningshafvande
912 1938 188 36 infordrat
1140 1938 277 48 upplysningar
1454 1938 198 47 angående
1686 1936 252 37 tillståndet
1920 1932 22 58 i

329 1990 102 35 riket
458 1990 12 34 i
499 1988 176 37 afseende
705 1992 48 45 på
781 1989 231 36 missbruket
1040 1988 40 37 af
1104 1989 126 36 starka
1259 1989 173 48 drycker,
1465 1990 90 34 flere
1585 1988 39 36 af
1649 1988 134 48 Kongl.
1813 1988 124 47 Maj:ts

330 2040 424 49 Befallningshafvande
782 2040 12 35 i
823 2040 204 48 anledning
1063 2039 109 37 deraf
1204 2040 138 45 anfört,
1380 2045 56 31 att
1465 2040 44 36 de
1538 2040 243 49 rusdrycker,
1810 2039 129 36 hvilka

328 2093 103 34 inom
471 2091 129 36 landet
641 2091 293 45 missbrukades,
976 2091 206 49 ingalunda
1214 2091 244 36 uteslutande
1487 2091 197 48 utgjordes
1713 2090 40 36 af
1777 2091 160 35 bränvin

330 2143 71 36 och
430 2143 56 36 dit
514 2141 213 50 hänförliga
756 2142 173 48 drycker,
959 2149 91 30 utan
1079 2149 55 30 att
1162 2143 64 36 det
1254 2143 198 47 omåttliga
1470 2141 238 37 förtärandet
1727 2140 41 37 af
1782 2142 64 35 vin
1867 2142 71 35 och

334 2194 269 50 maltdrycker,
645 2207 80 23 som
766 2197 48 44 på
855 2194 90 35 fera
986 2194 148 44 ställen,
1171 2195 11 34 i
1216 2194 206 49 synnerhet
1455 2197 48 44 på
1539 2192 274 49 landsbygden,
1843 2192 96 49 egde

332 2259 95 31 rum,
469 2258 90 23 vore
598 2258 45 22 en
680 2245 40 35 af
756 2245 48 35 de
841 2244 207 37 förnämsta
1083 2245 202 36 orsakerna
1313 2245 57 35 till
1399 2245 46 35 de
1475 2245 201 46 klagomål,
1705 2257 81 22 som
1815 2243 126 36 blifvit

334 2296 174 46 anförda;
538 2297 70 35 och
636 2295 96 37 fäste
760 2297 170 35 komitén
959 2296 386 48 uppmärksamheten
1374 2299 48 44 på
1451 2295 64 36 det
1542 2296 210 47 angelägna
1772 2294 92 44 deri,
1884 2299 56 31 att
