2119 2651
345 198 45 34 58
620 197 230 33 Sammansatta
873 195 123 35 Banko-
1020 196 53 33 och
1095 195 250 42 Lag-Utskottets
1374 194 163 34 Utlåtande
1558 195 62 33 N:o
1647 198 28 30 1.

502 281 140 51 Kongl.
674 281 126 50 Maj:ts
829 280 157 51 förslag.

1347 280 219 38 Utskottets
1594 279 157 50 förslag.

1048 381 46 41 II
1121 381 111 51 Kap.

896 485 67 36 Om
989 484 220 49 bankbolags
1238 484 153 37 rörelse.

676 572 21 50 8
727 576 59 37 20.

1503 574 48 36 20
1579 571 32 50 8.

474 660 228 49 Bankbolag
736 663 61 33 må
835 660 33 48 ej
913 659 126 38 drifva
1072 660 140 36 handel
1242 659 87 37 med
1357 665 117 31 annat
1503 664 46 31 än
1580 659 94 49 guld
1703 659 70 36 och
1803 658 145 48 silfver,

341 712 56 36 in-
426 712 71 36 och
525 711 146 36 utrikes
700 711 132 36 vexlar
860 716 99 31 samt
987 710 280 37 räntebärande
1296 723 158 36 papper.

667 863 21 50 g
717 866 59 37 21.

415 952 46 49 Ej
503 955 61 34 må
602 951 222 48 bankbolag
866 964 73 36 ega
984 963 124 24 annan

339 1004 187 49 fastighet
564 1009 48 32 än
653 1017 82 23 som
768 1002 59 37 för
854 1002 172 37 bankens
1054 1001 55 36 in-

339 1055 225 50 rymmande
592 1060 41 32 är
660 1054 181 49 behöflig.
895 1054 75 36 För
988 1053 123 36 bank-

339 1107 137 49 bolags
514 1106 157 37 fordran
710 1110 172 45 pantsatt
922 1104 93 37 eller
1053 1109 57 31 ut-

340 1164 106 38 mätt,
475 1158 77 35 fast
579 1157 92 36 eller
698 1157 69 46 lös,
796 1156 202 48 egendom,
1028 1169 81 22 som

340 1211 21 35 å
389 1208 156 38 auktion
573 1207 189 49 försäljes,
783 1206 133 38 dervid
933 1206 176 49 bolagets

339 1265 76 32 rätt
441 1260 76 36 kan
546 1272 91 24 vara
656 1258 204 47 beroende,
880 1261 61 34 må
953 1257 157 49 bolaget

340 1325 91 23 vara
461 1310 268 37 oförhindradt
757 1315 55 32 att
838 1310 151 48 inropa;
1019 1322 90 23 vare

340 1362 98 37 dock
479 1361 172 50 skyldigt
688 1367 55 31 att
778 1361 223 36 densamma
1030 1363 79 34 åter

340 1414 153 49 afyttra,
534 1416 41 34 så
615 1419 107 31 snart
760 1412 64 37 det
851 1418 93 31 utan
972 1411 138 37 förlust

339 1465 76 38 kan
443 1465 79 37 ske.

414 1516 228 49 Bankbolag
677 1519 61 33 må
766 1515 33 48 ej
830 1528 73 35 ega
932 1514 92 36 eller
1052 1517 58 34 så-

340 1581 81 23 som
442 1567 180 37 säkerhet
639 1566 59 38 för
711 1565 288 49 försträckning
1015 1570 95 31 mot-

337 1624 93 44 taga
457 1632 101 35 egna
584 1618 168 37 lottbref.

677 1786 21 48 d
723 1790 59 35 22.

1511 864 46 36 21
1583 860 33 50 8.

1253 949 47 48 Ej
1330 952 60 34 må
1417 948 222 49 bankbolag
1658 961 72 36 ega
1755 961 125 24 annan
1895 948 55 37 fa-

1178 1000 146 49 stighet
1351 1006 47 31 än
1427 1014 82 24 som
1537 1000 59 37 för
1619 1000 173 37 bankens
1807 999 143 50 inrym-

1178 1052 139 36 mande
1352 1057 40 32 är
1420 1054 128 44 afsedd.
1604 1052 75 37 För
1706 1051 242 48 bankbolags

1177 1103 157 37 fordran
1372 1108 174 44 pantsatt
1573 1102 93 38 eller
1693 1107 150 43 utmätt,
1872 1102 77 36 fast

1178 1154 93 37 eller
1301 1154 69 47 lös,
1399 1155 204 48 egendom,
1632 1167 82 23 som
1743 1157 21 33 å
1792 1153 157 37 auktion

1177 1204 191 50 försäljes,
1406 1205 133 38 dervid
1567 1204 176 49 bolagets
1771 1209 76 32 rätt
1874 1204 75 36 kan

1177 1270 92 24 vara
1318 1256 204 48 beroende,
1565 1259 61 34 må
1661 1256 158 49 bolaget
1858 1269 90 23 vara

1179 1307 267 38 oförhindradt
1474 1313 55 31 att
1554 1307 155 49 inropa;
1738 1320 89 23 vare
1852 1306 96 37 dock

1179 1359 172 50 skyldigt
1375 1364 55 32 att
1457 1359 223 37 densamma
1701 1362 79 33 åter
1795 1358 154 49 afyttra,

1178 1414 43 33 så
1258 1415 106 33 snart
1392 1410 64 37 det
1483 1416 91 31 utan
1604 1410 137 37 förlust
1764 1409 75 37 kan
1868 1409 79 36 ske.

1254 1513 227 49 Bankbolag
1516 1516 61 33 må
1604 1513 34 48 ej
1669 1526 72 35 ega
1771 1511 93 38 eller
1892 1515 57 33 så-

1179 1578 81 23 som
1282 1564 180 37 säkerhet
1478 1564 59 36 för
1553 1563 286 48 försträckning
1854 1567 94 39 mot-

1179 1622 91 43 taga
1298 1629 101 35 egna
1426 1615 167 37 lottbref.

1502 1788 47 34 22
1579 1784 32 48 g.

471 1890 227 49 Bankbolag
726 1893 61 33 må
814 1889 33 49 ej
876 1889 152 36 utfärda
1051 1888 280 37 räntebärande
1360 1887 269 47 förbindelser,
1650 1887 126 37 stälda
1795 1886 55 37 till
1867 1886 79 36 viss

340 1956 89 23 man
469 1942 93 36 eller
595 1942 124 47 order,
763 1940 94 37 eller
898 1940 57 36 till
983 1940 291 45 innehafvaren,
1309 1939 166 49 lydande
1504 1941 20 34 å
1551 1938 148 37 mindre
1727 1938 141 49 belopp
1898 1943 47 32 än

340 1994 77 36 fem
445 1993 150 37 hundra
622 1993 152 46 kronor,
803 1992 34 48 ej
866 1991 120 36 heller
1004 1990 157 38 utställa
1177 1990 152 50 tryckta
1343 1989 91 37 eller
1448 1990 212 48 graverade
1677 1989 267 49 obligationer.

676 2126 21 49 $
726 2131 57 35 23.

415 2233 54 36 Af
503 2232 222 49 bankbolag
752 2231 196 37 utfärdadt
974 2231 134 36 insätt-

340 2284 237 50 ningsbevis,
619 2283 85 37 med
746 2283 93 37 eller
866 2288 91 32 utan
986 2287 120 41 ränta,

1500 2128 46 35 23
1575 2123 33 50 8.

1272 2230 117 36 Varda
1443 2231 199 45 penningar
1697 2229 57 34 hos
1803 2228 140 36 bankbo-

1176 2282 54 45 lag
1269 2283 123 34 insatta
1433 2286 47 31 att
1518 2282 67 34 viss
1625 2281 49 35 tid
1717 2282 61 33 der
1803 2280 140 44 innestå,
