2127 2646
1693 206 42 35 11

934 388 20 49 8
985 393 56 34 18.

319 490 274 38 Justitieråden
631 494 167 35 Friherre
829 494 192 43 Leuhusen,
1050 494 102 44 Rabe,
1181 507 64 23 von
1273 496 186 44 Seyebuden
1487 495 70 37 och
1589 498 203 44 Lindhagen

183 542 169 49 yttrade:
405 543 75 35 För
507 542 191 37 vinnande
727 544 42 35 af
793 548 122 32 större
937 543 193 50 tydlighet
1157 558 89 23 vore
1271 558 46 23 en
1340 545 452 51 redaktionsförändring

186 593 132 49 nödig;
360 593 72 37 och
461 599 131 43 syntes
621 594 218 37 ändamålet
866 594 70 37 lätt
962 594 130 37 kunna
1121 595 134 37 vinnas
1283 609 139 35 genom
1453 602 55 31 att
1535 597 108 49 flytta
1671 598 119 36 orden

184 645 146 36 »sedlar
359 644 93 37 eller
480 644 120 37 andra
621 645 177 49 löpande,
826 645 152 50 tryckta
1006 645 91 37 eller
1124 647 213 48 graverade
1358 647 277 38 förbindelser»
1656 663 47 22 en
1722 650 66 35 rad

183 695 120 50 högre
332 708 91 36 upp,
452 698 42 34 så
522 701 55 31 att
605 696 46 37 de
678 696 154 38 komma
861 701 55 32 att
942 696 182 41 hänföras
1152 697 56 40 till
1238 697 64 38 det
1329 701 50 50 på
1400 699 125 52 tredje
1549 700 118 37 raden
1691 701 100 42 före-

183 746 231 40 kommande
442 746 110 39 ordet
581 747 247 53 »utdelning»
859 748 72 40 och

950 916 70 34 2:0.

183 1010 207 41 Förslaget
416 1011 59 32 till
504 1011 227 42 förordning
761 1011 200 42 angående
988 1013 108 32 vissa
1118 1013 356 41 lagbestämmelser
1496 1017 88 32 med
1609 1017 181 34 afseende

767 1062 53 43 på
844 1064 179 33 enskilda
1046 1064 161 34 banker.

318 1158 276 37 Justitieråden
635 1162 168 35 Friherre
842 1163 190 43 Leuhusen,
1077 1164 167 43 Carleson,
1285 1164 103 44 Rabe,
1412 1176 64 23 von
1504 1165 187 45 Segebaden
1719 1165 71 37 och

190 1211 202 44 Lindhagen
426 1210 168 49 yttrade:
648 1211 58 37 Då
744 1211 106 37 detta
888 1211 215 50 lagförslag
1144 1213 306 50 uppenbarligen
1478 1214 99 37 hade
1606 1216 183 37 afseende

185 1261 137 36 endast
355 1264 21 33 å
407 1263 288 44 sedelutgifvande
728 1263 157 46 banker,
920 1263 129 46 borde,
1085 1264 12 35 1
1121 1264 401 38 öfverensstämmelse
1550 1267 87 35 med
1666 1267 123 36 öfver-

184 1311 163 37 skriften
373 1314 20 34 å
421 1312 119 36 andra
567 1313 161 48 kapitlet
750 1313 10 36 i
777 1313 233 50 föregående
1030 1314 226 50 lagförslag,
1274 1315 109 37 ordet
1404 1316 382 50 »sedelutgifvande»

183 1362 190 49 inskjutas
411 1363 158 37 framför
610 1364 109 37 ordet
744 1365 148 36 »bank»
924 1365 104 37 såväl
1056 1366 12 35 i
1096 1366 193 48 rubriken,
1318 1380 81 23 som
1428 1367 10 36 i
1470 1370 16 33 1
1518 1365 38 49 $;
1586 1369 72 36 och
1685 1369 104 36 hem-

186 1413 144 36 stäldes
371 1413 185 49 derjemte
595 1420 66 41 att,
698 1415 10 36 1
743 1415 121 37 Jikhet
892 1416 86 36 med
1001 1416 101 37 hvad
1132 1422 145 31 ansetts
1307 1418 91 36 böra
1427 1431 75 36 ega
1529 1432 82 23 rum
1639 1419 12 36 1
1679 1420 111 48 fråga

185 1477 59 23 om
279 1464 201 37 införande
508 1465 11 36 i
548 1466 192 36 allmänna
763 1466 244 50 tidningarne
1036 1468 42 36 af
1103 1468 72 36 den
1204 1468 245 49 kungörelse,
1479 1483 81 23 som
1589 1470 160 38 omtalas
1778 1470 11 37 i

187 1517 43 34 17
267 1512 21 49 3
322 1514 10 37 i
361 1515 233 50 föregående
622 1516 158 50 förslag,
799 1517 143 49 jemväl
972 1519 73 36 den
1068 1519 12 36 i
1109 1521 17 34 1
1154 1517 20 48 8
1202 1519 11 36 i
1241 1519 252 38 förevarande
1516 1521 147 50 förslag
1690 1522 99 37 före-

186 1566 147 36 skrifna
361 1567 231 48 kungörelse
620 1568 119 36 borde
766 1568 11 36 i
806 1569 192 37 allmänna
1020 1570 245 48 tidningarne
1294 1571 154 36 införas.

318 1617 266 37 Justitierådet
610 1620 207 46 Lindhagen
842 1620 136 49 gjorde
1006 1620 68 37 här
1098 1620 195 38 dessutom
1314 1622 202 37 enahanda
1536 1623 151 37 erinran
1707 1638 81 23 som

184 1667 63 37 vid
275 1668 235 49 föregående
539 1669 198 50 förslaget,
767 1670 92 37 eller
887 1676 55 32 att
970 1671 73 37 den
1070 1671 198 38 blifvande
1296 1672 273 51 förordningen
1595 1683 72 38 må,
1689 1676 99 37 hvad

185 1722 119 46 angår
343 1717 20 49 $
393 1723 34 43 3,
455 1721 109 37 träda
592 1720 11 37 i
631 1721 102 37 kraft
761 1722 136 37 endast
924 1722 11 37 i
963 1722 73 38 den
1065 1726 86 34 mån
1179 1737 75 36 nya
1282 1724 168 49 oktrojer
1479 1726 57 36 för
1565 1726 214 50 sedelutgif

183 1771 126 36 vande
337 1771 145 36 banker
510 1772 208 37 meddelas.

318 1975 268 38 Justitierådet
631 1980 202 35 Olivecroms
870 1980 174 36 anförde:
1104 1980 84 36 Den
1231 1979 256 46 verksamhet,
1528 1994 79 25 som
1644 1982 46 36 de
1725 1996 63 22 en-

186 2024 136 48 skilda,
364 2026 335 50 sedelutgifvande
737 2029 196 37 bankerna
966 2030 10 36 i
1011 2034 84 33 vårt
1123 2031 88 36 land
1240 2031 195 36 utvecklat
1463 2031 117 37 sedan
1610 2035 40 34 år
1680 2035 108 45 1830,

186 2075 48 37 då
274 2075 73 37 den
376 2077 121 37 första
527 2079 99 36 bank
655 2079 41 36 af
720 2080 121 36 sådan
869 2086 57 31 art
954 2082 8 35 i
993 2081 159 49 Sverige
1181 2081 247 50 grundlades,
1457 2083 69 36 har
1548 2083 99 37 varit
1674 2084 116 49 högst

185 2127 232 48 betydande,
456 2129 247 50 synnerligen
745 2131 121 37 under
905 2132 46 36 de
983 2138 135 31 trenne
1146 2133 94 36 sista
1269 2133 232 37 årtiondena.
1548 2135 87 36 Med
1664 2134 125 38 denna

184 2178 228 37 utvecklade
440 2180 246 38 verksamhet
713 2181 115 37 hafva
856 2182 41 36 af
924 2183 190 49 naturliga
1139 2184 156 36 orsaker
1319 2184 142 37 inträdt
1481 2185 82 37 dels
1583 2199 75 36 nya
1677 2191 112 32 rätts-

185 2228 278 49 förhållanden,
498 2230 81 38 dels
607 2245 47 23 en
682 2232 99 37 ökad
812 2233 80 49 vigt
920 2237 37 33 åt
985 2235 46 35 de
1058 2234 266 48 förbindelser,
1353 2235 108 37 hvari
1489 2249 46 24 en
1564 2236 225 52 sedelutgif-

184 2280 125 37 vande
338 2280 100 37 bank
467 2281 104 38 alltid
600 2286 118 34 måste
746 2284 152 37 komma
927 2285 54 36 till
1011 2285 73 37 den
1114 2293 102 29 stora
1241 2285 218 49 allmänhet,
1484 2287 154 37 hvilken
1663 2291 124 35 såsom
