2127 2644
1726 208 20 34 9

191 286 135 50 ringen
365 286 56 37 till
464 287 88 37 dess
592 286 73 38 den
707 287 254 37 frånvarande
999 287 58 37 inf
1083 301 73 24 nne
1186 287 72 50 sig,
1283 288 213 39 hemstälde
1523 289 277 39 Justitieråden

190 341 167 35 Friherre
384 340 190 44 Leuhusen,
609 341 97 42 Babe,
738 352 58 24 von
826 341 186 44 Seyebuden
1036 353 21 23 o
1083 340 23 35 h
1135 341 215 46 Lindhagen,
1380 345 55 32 att
1454 341 210 49 ordalagen
1683 345 117 34 måtte

191 390 133 37 ställas
360 390 11 36 i
409 390 403 37 öfverensstämmelse
847 391 157 36 härmed
1038 397 25 30 t.
1099 404 57 23 ex.
1192 391 223 49 derigenom
1449 398 55 31 att
1538 393 119 37 orden
1692 400 108 30 »utse

191 454 126 23 annan
346 454 138 36 person
514 446 55 31 att
597 441 10 35 i
636 441 71 36 den
738 441 275 36 frånvarandes
1037 441 135 36 ställe»
1202 442 155 49 utbytas
1383 448 78 31 mot
1481 443 117 36 orden
1618 444 180 36 »tillkalla

192 505 126 24 annan
347 505 138 36 person
515 497 55 31 att
598 492 8 35 i
636 492 146 37 dennes
811 492 199 37 frånvaro»
1044 513 43 4 —
1111 513 49 4 —
1187 513 47 4 —

956 645 25 46 $
1011 651 28 31 9.

324 747 277 37 Justitieråden
636 749 167 35 Friherre
836 749 191 44 Leuhusen,
1061 750 105 45 Rabe,
1194 762 62 23 von
1286 750 185 45 Segebaden
1498 751 71 36 och
1596 753 205 44 Lindhagen

193 801 157 46 ansågo,
380 804 54 31 att
461 799 11 35 i
501 812 136 23 senare
666 799 150 49 stycket
845 799 117 36 borde
987 805 174 41 utsättas,
1192 799 81 37 dels
1303 805 55 32 att
1384 801 101 48 gode
1515 808 163 31 männen
1709 803 93 37 eller

192 850 294 49 sysslomännen
528 849 124 38 skulle
681 855 119 41 genast
833 850 90 49 foga
953 850 151 48 anstalt,
1134 856 55 31 att
1216 851 259 49 kungörelsen
1504 867 60 23 om
1594 855 205 36 uttaxerin-

192 914 76 35 gen
296 901 128 37 blefve
451 901 9 36 i
491 901 193 38 allmänna
707 902 245 49 tidningarne
980 902 137 45 införd,
1146 902 82 37 dels
1257 903 70 36 ock
1348 909 54 30 att
1421 904 47 36 de
1489 905 190 37 särskilda
1700 906 102 36 bref-

194 965 72 23 ven
295 952 124 37 skulle
448 952 276 49 ofördröjligen
752 952 56 37 till
838 953 207 49 delegarne
1074 954 192 36 afsändas.

946 1105 25 47 $
998 1110 54 32 10.

328 1207 277 37 Justitieråden
639 1209 168 35 Friherre
839 1208 192 40 Leuhusen,
1060 1209 103 44 Rabe,
1191 1221 64 23 von
1283 1210 185 44 Segebaden
1498 1210 71 37 och
1597 1212 203 46 Lindhagen

195 1258 214 37 hemstälde
439 1263 66 38 att,
533 1258 54 36 till
619 1258 245 37 undvikande
890 1259 41 36 af
947 1259 280 45 missförstånd,
1248 1272 135 24 senare
1404 1261 170 48 styckets
1592 1262 120 36 första
1732 1263 71 35 och

194 1309 121 37 andra
342 1309 62 37 led
432 1309 120 37 borde
576 1315 175 32 närmare
779 1310 308 47 sammanslutas,
1117 1310 71 37 och
1216 1311 122 48 tredje
1366 1311 112 37 leden
1503 1312 172 37 deremot
1699 1327 104 23 mera

195 1360 133 48 skiljas
352 1361 85 36 från
465 1361 47 37 de
541 1361 130 46 andra,
702 1360 144 37 hvilket
873 1361 128 37 kunde
1030 1361 67 36 ske
1121 1361 235 49 exempelvis
1376 1362 224 50 derigenom
1621 1369 54 31 att
1695 1365 109 36 ordet

197 1412 351 48 »bolagsmannen»
585 1412 184 36 uteslötes
798 1417 99 31 samt
925 1412 118 36 orden
1076 1412 92 37 »och
1197 1412 151 50 åligga»
1379 1414 170 49 utbyttes
1579 1420 78 31 mot
1686 1415 117 49 »ålig-

195 1441 156 70 gande».

328 1514 268 37 Justitierådet
623 1516 216 44 Lindhagen,
868 1527 81 23 som
977 1514 190 37 instämde
1194 1514 12 37 i
1235 1515 125 37 denna
1388 1516 255 50 anmärkning
1667 1517 137 37 endast

195 1565 60 36 för
296 1565 72 37 den
411 1565 184 37 händelse
632 1571 55 31 att
715 1565 119 37 andra
862 1565 150 49 stycket
1040 1566 123 36 skulle
1192 1570 164 45 qvarstå,
1386 1567 175 37 erinrade
1590 1547 213 59 emellertid

195 1616 59 36 för
295 1616 58 37 sin
393 1616 61 37 del
496 1621 66 42 att,
600 1617 48 36 då
675 1617 68 36 här
770 1629 91 24 vore
889 1617 110 48 fråga
1027 1617 34 48 ej
1091 1630 59 23 om
1180 1617 335 49 sedelutgifvande
1544 1619 145 37 banker
1712 1625 90 32 utan

195 1681 60 22 om
286 1667 111 37 deras
426 1667 228 38 solidariska
680 1668 239 48 bolagsmiän,
949 1645 100 59 hvad
1071 1667 11 36 i
1101 1668 118 37 andra
1240 1668 150 50 stycket
1407 1669 256 38 förekommer
1682 1671 120 36 borde

195 1725 194 43 upptagas
424 1719 9 35 i
469 1718 191 38 allmänna
702 1718 346 50 utsökningslagen
1089 1720 72 35 och
1202 1719 189 38 allmänna
1419 1720 300 50 konkurslagen,
1749 1722 54 36 dit

196 1770 65 36 det
288 1770 202 49 rätteligen
522 1770 131 57 hörde,
679 1770 71 37 och
778 1748 220 58 uteslntas
994 1784 44 22 ur
1068 1770 249 38 förevarande
1346 1767 239 70 författning.
1632 1751 170 58 Komma

197 1799 272 58 sädantifdock
510 1821 34 49 ej
585 1826 54 32 att
668 1821 82 57 ske,
776 1821 118 36 borde
923 1821 228 37 åtminstone
1181 1822 150 36 erinran
1359 1828 115 43 göras
1503 1837 10 22 i
1542 1824 164 36 nämnda
1737 1824 66 37 all-

198 1877 138 31 männa
364 1871 108 50 lagar
500 1873 130 36 derom
660 1877 55 32 att
742 1873 8 35 i
781 1877 127 32 ämnet
936 1885 90 24 vore
1054 1872 183 37 särskildt
1265 1847 192 80 stadgadt.

948 2025 25 46 $
1001 2030 52 33 13.

330 2126 274 38 Justitieråden
638 2128 167 36 Friherre
838 2129 190 43 Leuhusen,
1064 2129 103 43 Rabe,
1195 2142 64 22 von
1288 2130 185 44 Segebaden
1503 2129 71 36 och
1597 2131 205 45 Lindhagen

199 2181 144 46 ansågo
372 2192 50 36 ny
449 2179 221 48 uttaxering
698 2178 92 37 böra
816 2192 71 35 ega
916 2193 81 21 rum
1028 2179 112 36 äfven
1168 2178 11 36 1
1208 2179 64 37 det
1300 2179 78 46 fall,
1409 2185 54 31 att
1483 2180 73 37 den
1577 2181 58 36 för
1655 2187 147 31 uttaxe-

198 2229 86 37 radt
323 2229 140 49 belopp
503 2229 124 37 stälda
667 2230 179 37 säkerhet
884 2230 62 36 vid
988 2230 196 37 verkstäld
1212 2231 226 48 realisering
1462 2231 130 38 visade
1621 2232 60 49 sig
1705 2233 97 36 otill-

197 2281 148 48 räcklig
374 2281 58 36 för
460 2281 64 36 det
548 2281 157 36 afsedda
737 2281 232 45 ändamålet;
999 2282 71 36 och
1098 2281 117 36 borde
1245 2282 128 36 derför
1401 2282 209 49 ordalagen
1638 2284 11 35 i
1677 2284 125 36 denna

299 2349 73 33 Bih.
396 2350 47 32 till
466 2351 109 31 Riksd.
606 2351 83 31 Prot.
719 2355 94 28 1586.
866 2354 19 28 6
908 2351 90 32 Suml.
1046 2354 24 29 2
1092 2352 75 39 Afd.
1212 2355 18 28 1
1252 2352 91 40 Höft.
1728 2355 21 33 2
