2125 2653
342 192 45 34 26
615 192 229 32 Sammansatta
867 190 127 34 Bunko-
1017 190 52 33 och
1092 190 251 42 Lag-Utskottets
1372 189 163 36 Utlåtande
1557 190 64 34 N:o
1645 194 24 29 1.

479 276 138 49 Kongl.
647 277 128 48 Maj:ts
807 276 158 50 förslag.

340 379 432 50 befallningshafvande
792 381 72 37 och
877 383 49 47 på
938 379 177 50 bolagets

340 431 215 37 bekostnad
594 432 144 37 införas
780 432 8 36 1
825 431 190 38 allmänna
1043 431 72 37 tid-

338 483 200 49 ningarna.

417 534 248 38 Härförutom
685 535 103 50 gälla
804 535 57 37 till
882 535 229 37 efterlefnad

339 586 47 38 de
414 586 252 49 föreskrifter,
696 600 80 24 som
798 587 111 49 eljest
925 593 64 31 äro
1005 586 109 50 gifna

339 652 61 23 om
428 638 223 49 skyldighet
669 639 58 37 för
741 639 163 49 styrelse
920 639 59 37 för
995 638 118 37 aktie-

338 688 118 50 bolag
496 694 55 31 att
594 690 149 36 anmäla
783 691 62 35 val
884 691 42 35 af
951 690 161 48 styrelse

339 739 92 38 eller
460 739 335 51 styrelseledamot
810 741 70 37 hos
892 740 220 38 rådstufvu-

340 797 73 31 rätt
452 792 93 36 eller
583 792 282 37 domhafvande
906 792 9 36 i
941 792 73 37 den
1044 798 68 41 ort,

340 843 67 36 der
435 843 188 49 styrelsen
652 844 69 36 har
749 844 66 36 sitt
844 849 91 32 säte.

672 1371 20 49 g
722 1375 58 34 21.

411 1458 197 50 Styrelsen
633 1458 164 50 åligger:

411 1515 54 31 att
499 1510 111 36 ställa
639 1510 60 48 sig
735 1510 57 35 till
820 1523 203 35 noggrann
1052 1511 54 35 ef-

332 1561 219 37 terrättelse
592 1561 125 36 denna
755 1561 237 48 förordning,
1032 1560 73 37 den

332 1613 60 36 för
410 1612 157 49 bolaget
582 1611 203 38 faststälda
801 1611 305 50 bolagsordning

333 1669 100 31 samt
471 1663 74 36 den
580 1663 41 37 af
646 1663 156 49 bolaget
829 1663 59 36 för
916 1663 186 49 styrelsen

334 1714 203 37 utfärdade
564 1714 248 46 instruktion;

409 1770 54 32 att
503 1770 69 32 när
609 1779 80 23 som
730 1765 100 37 helst
871 1765 98 37 hålla
1014 1765 90 37 ban-

331 1817 95 36 kens
467 1817 262 49 räkenskaper
769 1817 70 36 och
877 1816 228 50 handlingar

330 1867 247 49 tillgängliga
614 1868 58 36 för
705 1868 238 49 Konungens
971 1868 134 36 befall-

331 1918 310 50 ningshafvande
661 1918 93 38 eller
769 1919 88 36 dess
877 1919 153 42 ombud,
1046 1919 58 37 för

333 1970 73 37 den
435 1970 42 36 af
500 1970 220 49 Konungen
740 1970 230 38 förordnade
986 1970 117 37 bank-

331 2021 248 49 inspektören
609 2026 98 31 samt
734 2022 58 35 för
821 2022 73 36 den
915 2021 187 37 särskilda

331 2072 303 37 undersökning,
653 2086 202 35 Konungen
865 2072 92 38 eller
966 2073 133 36 chefen

332 2123 59 37 för
422 2124 433 48 finansdepartementet
889 2124 109 49 eljest
1028 2124 71 36 kan

330 2175 104 37 finna
461 2174 58 37 för
547 2175 95 48 godt
668 2180 53 31 att
748 2175 75 37 låta
854 2175 178 42 anställa;

403 2231 54 31 att
489 2231 141 44 genast
658 2226 97 36 efter
781 2226 132 48 hvarje
943 2227 158 36 månads

330 2278 76 35 slut
446 2278 10 34 i
495 2282 162 31 närvaro
697 2278 41 36 af
770 2277 237 49 Konungens
1036 2277 64 37 be-

1366 275 218 38 Utskottets
1612 276 156 50 förslag.

1185 378 303 50 bolagsstämma
1527 379 147 37 lemnas
1706 379 64 37 till
1798 380 157 37 Konun-

1184 444 96 36 gens
1324 430 430 50 befallningshafvande
1796 431 71 38 och
1908 436 48 46 på

1184 482 177 50 bolagets
1401 482 214 38 bekostnad
1656 483 146 37 införas
1843 483 11 36 1
1889 484 64 37 all-

1185 539 137 32 männa
1349 534 257 49 tidningarna.

1258 588 100 35 Inom
1384 588 110 35 trettio
1517 589 111 44 dagar
1654 588 82 44 efter
1762 588 117 45 hvarje
1900 589 55 35 val

1183 639 50 35 till
1259 639 136 45 styrelse
1407 639 78 36 eller
1499 639 281 46 styrelseledamot
1794 640 87 35 skall
1897 641 57 34 ock

1182 703 49 22 om
1260 691 102 35 valets
1380 691 126 44 utgång
1516 696 103 39 göras
1632 691 146 45 skriftlig
1793 692 159 35 anmälan

1182 741 55 35 hos
1263 741 295 45 rådstufvurätten
1584 742 79 35 eller
1684 742 268 44 domhafvanden

1183 794 11 32 i
1233 795 64 34 den
1334 797 61 40 ort,
1432 794 61 35 der
1518 794 160 44 styrelsen
1704 793 65 36 har
1794 794 56 35 sit
1875 796 78 33 säte.

1183 844 124 36 Rätten
1319 845 78 35 eller
1409 845 271 44 domhafvanden
1695 846 259 35 antecknedessa

1182 896 229 36 anmälanden
1437 897 13 33 i
1472 896 145 36 särskild
1644 896 127 44 dagbok
1798 897 59 35 och
1869 896 86 35 hålle

1181 948 74 35 dem
1277 948 56 44 för
1359 947 221 36 allmänheten
1608 947 218 46 tillgängliga.

1253 999 221 36 Försummas
1500 999 101 45 något
1628 999 44 45 af
1691 999 89 36 hvad
1802 1000 10 34 i
1841 1001 113 34 denna

1180 1048 23 45 $
1245 1055 41 30 är
1317 1051 220 44 föreskrifvet,
1561 1050 68 37 böte
1656 1063 39 23 en
1722 1051 85 35 hvar
1833 1051 45 45 af
1884 1055 68 41 sty-

1178 1102 122 36 relsens
1338 1103 189 44 ledamöter,
1568 1114 70 23 som
1665 1103 50 34 till
1739 1103 213 43 försummel-

1176 1165 58 24 sen
1258 1155 90 43 gjort
1370 1155 51 44 sig
1451 1154 142 45 skyldig,
1620 1153 83 43 från
1729 1154 56 36 och
1814 1156 76 34 med
1908 1155 43 34 tio

1177 1204 51 35 till
1254 1205 58 35 och
1338 1207 75 33 med
1437 1206 114 43 femtio
1578 1206 131 34 kronor.

1503 1376 45 33 29
1579 1371 30 49 8.

1253 1458 197 50 Styrelsen
1479 1458 163 50 åligger:

1252 1515 55 31 att
1347 1510 112 37 ställa
1487 1509 60 49 sig
1573 1510 57 36 till
1659 1523 203 36 noggrann
1892 1510 55 37 ef-

1176 1560 216 37 terrättelse
1435 1561 125 36 denna
1600 1563 64 44 lag,
1693 1561 74 36 den
1794 1561 60 37 för
1881 1562 65 35 bo-

1175 1611 106 50 laget
1308 1612 203 37 faststälda
1527 1611 304 50 bolagsordning
1848 1618 98 31 samt

1176 1663 72 36 den
1279 1664 41 35 af
1345 1663 156 49 bolaget
1529 1663 58 36 för
1615 1664 191 48 styrelsen
1826 1664 120 36 utfär-

1176 1714 97 37 dade
1301 1714 247 45 instruktion;

1251 1771 54 31 att
1332 1771 69 31 när
1430 1779 80 23 som
1541 1765 99 37 helst
1654 1765 101 37 hålla
1771 1766 173 36 bankens

1175 1816 260 50 räkenskaper
1480 1817 71 37 och
1595 1817 231 49 handlingar
1869 1817 75 36 till-

1173 1868 186 48 gängliga
1379 1868 70 37 för
1453 1868 224 49 Konungens
1693 1867 252 50 befallnings-

1174 1918 190 37 hafvande
1393 1919 92 37 eller
1513 1919 89 37 dess
1622 1919 153 46 ombud,
1796 1919 59 37 för
1870 1919 75 37 den

1174 1970 42 36 af
1265 1970 215 49 Konungen
1538 1970 229 37 förordnade
1823 1970 119 37 bank-

1172 2021 247 49 inspektören
1449 2028 99 30 samt
1575 2022 58 36 för
1670 2022 73 36 den
1756 2022 189 37 särskilda

1175 2072 298 50 undersökning,
1507 2073 218 49 Konungen
1745 2073 94 37 eller
1858 2073 86 37 che-

1172 2124 64 36 fen
1280 2123 58 37 för
1371 2124 433 49 finansdepartementet
1831 2124 111 48 eljest

1173 2175 73 36 kan
1278 2175 99 36 finna
1406 2175 57 36 för
1490 2175 95 49 godt
1600 2175 145 37 attlåta
1761 2175 180 42 anställa;

1248 2231 54 30 att
1329 2231 138 43 genast
1495 2226 97 36 efter
1621 2226 131 48 hvarje
1784 2226 157 37 månads

1172 2276 74 37 slut
1288 2277 10 36 i
1339 2282 161 32 närvaro
1540 2277 42 37 af
1613 2276 238 50 Konungens
1879 2277 57 36 be:
