1880 2764
395 185 454 31 Konstitutionsutskottets
875 186 180 31 utlåtande
1078 195 43 21 nr
1146 187 41 29 15
1209 186 40 30 år
1274 187 84 29 1962
1603 187 19 30 3

359 314 30 35 I.
418 314 222 49 Ersättning
659 315 61 35 för
738 315 251 36 kommunala
1007 315 389 48 förtroendeuppdrag

665 399 158 32 Gällande
839 400 251 31 bestämmelser

130 479 396 32 Primärkommunerna

177 542 537 39 Ersättningsbestämmelserna
733 543 172 30 återfinns
927 543 11 29 i
959 542 310 40 kommunallagen
1295 542 93 35 (KL)
1414 542 66 30 den
1504 542 40 30 18
1566 542 57 29 de-

132 595 137 30 cember
293 595 85 30 1953
404 596 61 34 (nr
488 596 94 37 753),
606 596 308 39 kommunallagen
938 596 56 40 för
1015 595 203 30 Stockholm
1247 595 119 35 (KLS)
1393 595 65 30 den
1485 596 14 29 1
1525 604 95 20 mars

135 648 84 29 1957
246 648 61 35 (nr
329 648 60 34 50)
416 649 66 29 och
503 649 100 39 lagen
627 649 67 30 den
716 650 20 29 2
758 649 80 39 juni
863 650 80 29 1961
973 650 62 34 (nr
1057 649 82 34 436)
1167 658 56 21 om
1247 648 374 40 församlingsstyrelse

136 700 130 36 (LFS).
285 701 225 30 Sistnämnda
526 702 58 39 lag
600 702 117 30 träder
735 711 75 20 som
826 702 109 30 redan
953 703 142 29 nämnts
1112 703 11 28 i
1141 701 96 31 kraft
1253 702 68 29 den
1342 702 11 29 1
1375 701 142 40 januari
1538 701 82 30 1963

132 754 66 30 och
218 755 148 29 ersätter
384 755 202 30 nuvarande
606 755 98 40 lagar
723 755 66 29 den
810 756 18 29 6
848 755 79 39 juni
950 755 83 30 1930
1060 756 59 33 (nr
1140 755 80 34 259)
1243 764 61 20 om
1323 754 299 40 församlingssty-

131 808 88 30 relse
233 809 65 29 och
316 808 60 34 (nr
388 808 80 35 260)
486 818 58 20 om
557 809 374 40 församlingsstyrelse
943 810 12 29 i
970 809 214 30 Stockholm.

176 861 405 39 Ersättningsformerna
604 862 11 29 i
640 862 42 30 de
714 861 276 40 borgerliga
1021 861 526 39 primärkommunerna
1583 861 39 29 är

131 914 108 39 enligt
268 915 59 29 KL
359 915 455 40 resekostnadsersättning,
846 915 351 40 resdagsersättning,
1230 914 193 40 ersättning
1455 914 56 30 för
1543 923 78 20 resa

130 969 100 28 utom
249 968 226 35 kommunen,
498 968 313 40 dagtraktamente,
832 969 137 35 arvode,
991 969 195 38 ersättning
1207 968 55 29 för
1282 967 175 30 särskilda
1475 967 146 40 utgifter

132 1023 92 28 samt
252 1021 157 39 pension.
439 1022 293 39 Ersättningarna
761 1022 39 29 är
830 1022 98 30 alltid
957 1022 174 29 beroende
1160 1031 41 20 av
1230 1022 235 29 kommunens
1494 1020 126 30 beslut.

130 1073 121 40 Någon
272 1074 88 40 legal
382 1076 69 29 rätt
472 1075 53 29 till
547 1076 208 38 gottgörelse
777 1075 185 39 föreligger
983 1075 103 30 alltså
1106 1075 83 29 inte.

174 1128 216 39 Fullmäktig
423 1129 70 29 kan
527 1128 133 30 erhålla
693 1128 445 39 resekostnadsersättning
1171 1128 66 29 och
1270 1127 349 40 resdagsersättning.

130 1180 118 40 Enligt
272 1181 181 30 uttalande
478 1182 112 29 under
613 1181 119 40 lagens
757 1181 200 30 förarbeten
981 1182 72 29 kan
1077 1181 222 39 fullmäktige
1325 1181 86 29 även
1435 1180 37 30 få
1497 1181 123 29 ersätt-

130 1234 84 39 ning
235 1234 55 30 för
310 1244 79 21 resa
409 1237 99 27 utom
528 1236 227 34 kommunen,
776 1237 89 28 trots
888 1237 49 28 att
958 1234 266 30 bestämmelser
1245 1234 123 29 därom
1389 1234 140 30 saknas.
1551 1233 67 30 Till

131 1287 241 40 fullmäktiges
402 1288 211 30 ordförande
644 1289 69 29 kan
743 1288 180 30 dessutom
951 1288 85 39 utgå
1065 1288 127 30 arvode
1221 1288 65 29 och
1316 1287 194 39 ersättning
1539 1286 80 30 med

129 1340 88 30 visst
241 1340 127 40 belopp
393 1341 55 29 för
472 1341 146 39 utgifter
645 1350 75 21 som
746 1341 55 30 för
826 1342 235 29 kommunens
1088 1341 151 40 räkning
1264 1341 158 39 påkallas
1448 1341 59 29 vid
1532 1349 87 31 upp-

130 1394 138 39 dragets
292 1394 230 39 fullgörande.
544 1394 137 30 Arvode
703 1395 65 28 och
790 1395 194 39 ersättning
1007 1394 54 29 för
1084 1394 146 39 utgifter
1251 1394 55 29 får
1327 1394 215 30 bestämmas
1564 1394 56 29 för

128 1447 103 39 högst
244 1449 49 28 ett
306 1447 40 30 år
357 1448 11 29 i
381 1448 129 29 sänder
528 1447 59 34 (28
604 1447 15 37 $
637 1448 15 29 I
669 1448 138 34 mom.).

174 1500 93 30 Även
285 1500 52 29 till
356 1500 151 30 ledamot
524 1509 42 21 av
584 1500 234 31 kommunens
836 1501 156 39 styrelse,
1012 1499 127 31 utsedd
1156 1500 152 30 ledamot
1325 1509 42 21 av
1385 1508 116 21 annan
1520 1500 99 28 kom-

129 1554 122 28 munal
268 1554 134 29 nämnd
421 1555 90 28 samt
531 1553 153 31 ledamot
701 1563 42 21 av
764 1553 188 41 beredning
971 1554 70 29 kan
1061 1553 84 40 utgå
1163 1553 454 39 resekostnadsersättning,

132 1606 335 40 resdagsersättning
486 1607 66 29 och
570 1607 194 39 ersättning
783 1607 55 30 för
857 1616 78 21 resa
955 1616 74 20 som
1049 1607 107 39 enligt
1176 1606 160 39 uppdrag
1353 1606 11 29 i
1382 1607 235 28 kommunens

130 1660 251 38 angelägenhet
413 1660 172 40 företages
618 1662 98 28 utom
747 1661 227 29 kommunen.
1009 1660 116 30 Sådan
1156 1660 153 30 ledamot
1340 1661 70 29 kan
1443 1661 174 40 därjämte

129 1712 134 30 erhålla
276 1713 303 39 dagtraktamente
599 1713 58 34 (46
674 1713 15 37 8
708 1714 14 29 1
739 1723 105 20 mom.
860 1714 64 29 och
940 1714 40 29 28
998 1713 15 36 $
1030 1714 18 29 2
1065 1713 137 34 mom.).
1217 1713 169 31 Ledamot
1400 1723 76 20 som
1490 1716 127 28 utsetts

128 1765 53 29 till
204 1765 213 31 ordförande
438 1765 83 30 eller
542 1766 102 39 eljest
666 1766 11 29 i
697 1767 71 29 viss
791 1766 198 40 befattning
1010 1766 96 30 inom
1131 1767 180 39 styrelsen,
1334 1767 178 30 nämnden
1535 1767 83 30 eller

128 1818 237 40 beredningen
390 1819 84 29 eller
499 1819 89 30 efter
610 1820 145 30 särskilt
781 1820 159 40 uppdrag
967 1820 96 30 utför
1090 1820 116 30 arbete
1233 1830 42 20 av
1300 1830 97 20 mera
1421 1821 196 39 betydande

128 1871 215 40 omfaltning
360 1872 71 29 kan
450 1872 230 31 tillerkännas
700 1874 127 29 arvode
846 1874 64 28 och
929 1874 196 39 ersättning
1143 1874 79 29 med
1240 1874 87 29 visst
1346 1873 124 39 belopp
1490 1874 56 29 för
1564 1875 54 27 ut-

128 1924 114 38 gifter.
264 1924 152 31 Arvodet
437 1925 64 29 och
523 1926 239 39 ersättningen
785 1926 55 29 får
860 1926 213 30 bestämmas
1097 1926 55 29 för
1173 1927 102 38 högst
1297 1926 78 39 fyra
1397 1926 38 30 år
1456 1926 12 29 i
1491 1926 126 30 sänder

134 1976 58 32 (46
213 1977 15 37 8
250 1978 18 29 2
288 1978 138 34 mom.).

172 2030 197 40 Föreligger
387 2031 173 30 särskilda
577 2032 76 29 skäl
671 2033 69 29 kan
757 2032 152 30 ledamot
926 2042 42 20 av
983 2033 236 29 kommunens
1238 2032 144 39 styrelse
1399 2032 82 30 eller
1499 2041 117 21 annan

128 2084 133 29 nämnd
281 2084 84 29 eller
384 2084 188 40 beredning
592 2084 147 40 beviljas
760 2085 147 39 pension
933 2085 57 34 (46
1014 2085 15 36 $
1052 2085 18 30 3
1092 2085 138 34 mom.).

172 2136 212 30 Kommunal
402 2137 131 29 revisor
550 2138 70 29 kan
640 2138 131 29 erhålla
789 2138 455 39 resekostnadsersättning,
1263 2138 193 39 ersättning
1474 2138 55 29 för
1547 2147 70 20 res-

127 2189 76 38 dag,
223 2190 195 39 ersättning
438 2190 54 29 för
511 2199 78 20 resa
607 2192 99 27 utom
724 2191 226 35 kommunen,
971 2191 305 38 dagtraktamente
1295 2193 90 27 samt
1405 2191 126 29 arvode
1552 2191 64 29 och

128 2242 195 38 ersättning
342 2241 55 30 för
414 2242 144 39 utgifter
582 2243 58 29 (63
661 2243 15 36 8
697 2243 106 30 femte
822 2243 167 39 stycket).

172 2294 49 29 De
246 2294 95 29 olika
365 2295 394 39 ersättningsformerna
782 2296 39 29 är
845 2296 166 38 tämligen
1038 2295 160 39 utförligt
1224 2295 175 39 reglerade
1425 2295 9 29 i
1460 2296 68 29 KL.
1554 2296 62 28 Be-

128 2346 266 30 stämmelserna
414 2347 146 30 innebär
578 2348 11 28 i
609 2348 186 30 huvudsak
816 2348 167 39 följande.

172 2400 500 39 Resekostnadsersättningen
691 2410 99 20 avser
808 2401 122 29 färden
949 2401 79 29 från
1047 2401 186 29 hemvistet
1250 2400 52 30 till
1322 2401 294 30 sammanträdes-

127 2452 139 30 lokalen
290 2453 65 29 och
378 2454 69 29 kan
471 2454 84 39 utgå
578 2454 123 29 endast
725 2454 44 30 då
791 2454 217 39 väglängden
1032 2454 190 39 överstiger
1246 2456 51 27 tre
1321 2454 192 29 kilometer.
1538 2454 77 29 Kan

126 2514 102 21 resan
249 2505 188 40 lämpligen
460 2506 174 40 företagas
656 2507 77 30 med
754 2507 157 39 järnväg,
933 2507 94 35 buss,
1052 2506 171 40 spårvagn
1246 2506 82 30 eller
1350 2506 114 40 fartyg
1486 2507 57 30 må
1565 2516 51 20 er-
