1882 2764
386 179 452 32 Konstitutionsutskottets
864 177 180 32 utlåtande
1067 186 44 20 nr
1136 177 40 29 15
1199 176 40 30 år
1264 175 85 30 1962
1570 172 41 31 23

126 263 112 30 dande
254 261 301 39 storleksordning
570 269 80 21 men
665 268 113 25 anser,
795 260 50 28 att
859 258 59 30 det
934 257 90 30 dock
1039 257 11 29 i
1065 256 94 30 vissa
1174 255 62 30 fall
1253 255 72 29 kan
1340 263 84 21 vara
1438 252 175 40 behövligt

126 316 78 30 med
226 315 175 31 särskilda
420 312 441 42 pensionsbestämmelser.
885 311 81 30 Skäl
989 310 89 30 talar
1098 309 123 30 därför
1242 308 55 30 för
1318 309 52 28 att
1391 306 222 39 landstingen

125 370 13 30 i
156 370 110 29 likhet
286 369 79 29 med
385 367 392 41 primärkommunerna
796 364 56 31 får
871 364 184 39 möjlighet
1075 364 50 29 att
1145 363 85 38 göra
1249 361 133 30 sådana
1400 359 212 31 utfästelser.

171 422 228 31 Genomföres
431 421 167 39 förslaget
630 422 51 29 att
711 418 237 39 ersättningar
980 417 52 30 till
1064 415 232 31 kommunala
1327 413 285 31 förtroendemän

127 477 88 29 skall
234 475 170 40 uppdelas
422 475 12 29 i
452 474 136 34 arvode,
606 473 247 33 traktamente,
871 468 446 39 resekostnadsersättning
1336 467 65 30 och
1419 466 194 38 ersättning

129 530 55 30 för
215 528 146 40 utgifter
392 528 62 30 bör
485 545 45 4 —
560 526 206 30 framhåller
797 534 44 20 en
872 523 225 39 länsstyrelse
1128 540 45 3 —
1205 520 242 39 omarbetning
1480 519 60 30 ske
1573 527 42 21 av

126 583 94 30 vissa
248 581 263 32 bestämmelser
540 581 12 29 i
591 576 543 43 speciallagstiftning
1172 575 96 29 vilka
1296 573 166 31 hänvisar
1490 572 53 30 till
1573 571 41 30 de

127 636 230 30 kommunala
375 633 382 40 ersättningsreglerna.
777 632 81 30 Som
876 629 155 40 exempel
1050 630 128 28 nämns
1195 628 45 29 bl.
1255 636 30 20 a.
1307 626 61 30 130
1390 625 15 38 $
1425 624 191 39 taxerings-

128 689 252 39 förordningen
401 690 90 27 samt
511 687 19 30 6
553 686 15 37 3
590 686 99 39 lagen
710 694 58 21 om
787 683 239 40 vägnämnder
1046 682 65 29 och
1130 679 329 40 länsvägnämnder.
1480 679 14 29 I
1515 678 101 29 dessa

129 743 137 39 lagrum
279 742 89 30 talas
382 741 176 39 nämligen
571 749 57 21 om
640 739 235 31 traktamente
890 738 65 29 och
968 736 194 39 ersättning
1176 735 55 30 för
1244 735 135 38 resdag.
1394 733 101 31 Vissa
1508 733 108 39 juste-

129 796 118 39 ringar
264 795 98 30 torde
379 794 107 40 enligt
502 793 250 40 länsstyrelsen
771 793 86 29 även
874 792 85 29 böra
977 790 60 30 ske
1055 799 42 21 av
1113 788 266 31 bestämmelser
1396 796 75 21 som
1488 786 12 30 i
1518 785 99 39 fråga

130 858 57 21 om
203 848 195 39 ersättning
414 847 55 30 för
485 846 158 41 uppdrag
658 845 167 31 hänvisar
840 845 53 29 till
909 844 67 30 vad
993 853 76 20 som
1085 842 107 40 gäller
1209 841 55 30 för
1281 841 109 30 sådan
1406 840 152 30 ledamot
1575 847 42 21 av

128 902 207 30 kommunal
354 901 132 30 nämnd
507 909 75 21 som
602 900 125 29 utsetts
749 898 51 30 till
821 897 222 30 ordförande.

681 1043 378 44 Departementschefen

175 1127 394 42 Departementschefen
595 1126 206 30 framhåller
825 1124 253 39 inledningsvis
1104 1123 45 29 bl.
1176 1132 41 24 a.,
1244 1124 51 27 att
1318 1121 70 30 den
1413 1119 205 39 förändring

132 1192 75 21 som
224 1183 92 29 skett
333 1182 11 29 i
360 1181 250 39 inställningen
625 1180 53 30 till
695 1179 41 30 de
753 1178 230 30 kommunala
1000 1175 375 32 förtroendemännens
1392 1172 227 39 ersättnings-

132 1236 119 39 frågor
268 1238 52 27 ter
338 1235 51 39 sig
406 1234 153 39 naturlig
576 1233 78 30 med
670 1233 140 39 hänsyn
827 1232 52 30 till
898 1231 68 30 den
983 1229 200 39 utveckling
1202 1238 76 20 som
1296 1229 56 38 ägt
1370 1236 80 20 rum
1467 1226 44 40 på
1530 1235 89 20 sam-

130 1289 195 30 hällslivets
347 1288 113 30 skilda
482 1286 177 35 områden,
682 1287 65 29 och
769 1282 385 42 departementschefen
1177 1282 110 39 pekar
1308 1280 182 39 härvidlag
1511 1279 45 40 på
1576 1278 43 30 de

132 1343 137 29 alltmer
288 1341 218 30 omfattande
525 1341 65 29 och
608 1338 258 40 komplicerade
885 1334 463 41 förvaltningsuppgifterna
1366 1335 91 28 samt
1475 1333 145 29 betonar

133 1397 50 28 att
203 1394 238 40 expansionen
462 1403 42 21 av
523 1393 69 29 den
612 1391 230 31 kommunala
862 1390 269 30 verksamheten
1152 1389 135 37 tvingat
1309 1386 91 30 fram
1423 1387 110 28 större
1555 1384 65 30 och

133 1448 224 30 ekonomiskt
382 1456 74 21 mer
481 1445 218 39 bärkraftiga
724 1443 232 31 kommunala
982 1441 300 40 styrelseenheter.
1309 1438 313 31 Förtroendemän-

133 1511 86 21 nens
243 1500 227 31 arbetsbörda
493 1500 63 29 och
581 1508 126 21 ansvar
730 1499 66 29 har
819 1497 203 40 därigenom
1045 1496 99 30 blivit
1168 1496 121 29 större.
1313 1494 125 30 Därtill
1461 1494 160 29 kommer

134 1557 50 28 att
200 1555 60 30 det
278 1554 158 39 stegrade
455 1553 249 39 arbetstempot
722 1552 84 30 ökat
824 1551 163 29 fritidens
1004 1549 176 40 betydelse
1199 1548 56 30 för
1271 1548 69 30 den
1359 1546 167 34 enskilde,
1546 1555 75 21 som

134 1608 67 29 blir
226 1607 138 30 mindre
388 1607 156 38 benägen
570 1608 50 27 att
645 1605 159 39 frivilligt
829 1604 95 30 offra
949 1603 115 30 denna
1088 1602 50 30 tid
1164 1604 86 28 utan
1277 1603 51 28 att
1353 1600 36 30 få
1415 1599 206 31 ekonomisk

134 1660 271 40 kompensation
423 1659 130 30 därför.

179 1714 99 29 Efter
300 1716 50 27 att
370 1714 47 29 ha
437 1713 218 29 konstaterat
677 1713 50 28 att
749 1711 176 39 förslagen
948 1710 38 30 så
1007 1711 73 38 gott
1103 1718 74 21 som
1200 1707 268 39 undantagslöst
1489 1705 133 30 hälsats

135 1767 80 30 med
242 1769 74 27 stor
342 1765 303 31 tillfredsställelse
673 1774 42 20 av
740 1763 350 31 remissinstanserna
1117 1761 207 30 framhåller
1350 1760 273 39 departements-

136 1820 125 29 chefen
279 1822 50 27 att
346 1820 72 28 han
436 1818 55 30 för
508 1826 85 31 egen
611 1818 53 29 del
682 1817 73 30 helt
773 1817 158 29 ansluter
949 1816 51 38 sig
1017 1816 53 29 till
1088 1815 41 29 de
1147 1814 187 40 principer,
1354 1822 75 20 som
1447 1812 176 38 förslagen

136 1873 88 29 vilar
244 1873 55 39 på.

181 1926 64 29 Det
267 1934 102 30 synes
390 1926 86 28 även
496 1924 117 29 finnas
635 1923 57 39 fog
714 1923 54 30 för
786 1921 231 31 kommitténs
1036 1920 180 30 uttalande
1238 1921 50 28 att
1308 1928 83 20 man
1410 1919 11 29 i
1441 1919 67 38 dag
1528 1926 96 21 mera

137 1979 147 29 allmänt
308 1987 102 20 anser
433 1980 50 27 att
506 1976 193 39 ersättning
723 1976 62 29 bör
809 1975 83 39 utgå
916 1974 55 30 för
994 1973 268 29 arbetsinsatser
1286 1972 44 39 på
1355 1970 269 31 samhällslivets

138 2031 152 30 område.
313 2031 92 29 Även
428 2040 56 20 om
506 2030 94 29 detta
622 2030 134 38 strängt
777 2030 92 37 taget
891 2027 106 30 borde
1019 2026 76 30 leda
1117 2026 52 30 till
1192 2027 51 29 att
1263 2024 362 30 kommunalmännen

138 2086 80 28 över
238 2085 55 38 lag
313 2084 106 29 borde
440 2083 35 30 få
495 2092 42 20 en
558 2082 203 39 lagstadgad
782 2083 70 28 rätt
872 2081 52 29 till
943 2079 206 39 ersättning,
1170 2079 97 29 delar
1287 2077 339 40 departementsche-

140 2137 59 30 fen
213 2136 229 30 kommitténs
458 2136 140 38 mening
614 2137 49 28 att
679 2144 42 20 en
737 2134 110 31 sådan
862 2133 150 39 ordning
1028 2132 112 30 skulle
1156 2141 83 20 vara
1255 2131 135 29 mindre
1406 2130 55 29 väl
1478 2128 147 39 förenlig

139 2190 78 29 med
231 2190 67 28 den
312 2189 229 29 kommunala
554 2186 483 40 självbestämmanderätten.
1052 2184 25 29 Å
1092 2184 109 29 andra
1216 2184 100 29 sidan
1329 2191 61 30 ger
1403 2183 224 28 kommuner-

140 2252 62 20 nas
222 2242 188 29 remissvar
430 2241 77 30 stöd
526 2241 35 29 åt
581 2239 270 40 uppfattningen
872 2240 50 27 att
942 2238 257 29 kommunerna
1220 2236 89 29 skall
1331 2235 98 29 finna
1449 2235 56 29 det
1526 2241 101 31 ange-

140 2296 90 37 läget
250 2296 50 28 att
318 2294 127 30 bereda
464 2292 355 31 förtroendemännen
839 2290 194 38 ersättning
1053 2290 44 28 då
1113 2289 60 29 det
1192 2290 38 28 är
1249 2288 166 39 påkallat.
1436 2288 12 29 I
1469 2288 158 28 överens-

141 2347 200 30 stämmelse
355 2347 148 29 härmed
521 2346 62 29 bör
601 2345 158 39 gällande
777 2343 277 39 begränsningar
1071 2342 10 29 i
1100 2341 98 39 fråga
1216 2350 57 20 om
1291 2340 268 39 möjligheterna
1578 2340 49 28 att

141 2400 119 30 lämna
283 2399 194 39 ersättning
503 2398 35 30 åt
561 2398 94 29 vissa
679 2396 286 30 förtroendemän
991 2395 71 29 inte
1088 2395 118 38 längre
1232 2393 202 30 bibehållas.
1461 2393 167 37 Begräns-

141 2453 173 38 ningarna
336 2452 106 38 gäller
464 2450 219 39 fullmäktige
707 2452 91 27 samt
821 2448 224 40 suppleanter
1072 2448 6 29 i
1100 2446 229 30 nämnderna.
1353 2446 48 29 De
1424 2444 204 30 uttalanden

143 2515 74 21 som
236 2506 10 29 i
265 2506 95 29 detta
379 2504 197 30 hänseende
596 2504 146 29 allmänt
762 2503 98 38 göres
880 2502 10 29 i
910 2500 337 40 remissyttrandena
1267 2507 58 31 ger
1344 2498 57 30 vid
1419 2498 139 30 handen
1579 2499 48 28 att
