2202 2632
406 209 36 28 16
939 215 231 29 Statsutskottets
1199 217 152 28 Utlåtande
1376 219 55 27 N:o
1455 223 26 23 9.

404 287 194 45 Strengnäs
640 290 88 33 statt
768 288 130 46 lediga,
933 291 56 35 till
1017 291 78 36 dess
1124 292 45 36 de
1198 306 130 32 genom
1357 295 122 35 beslut
1506 295 68 37 den
1609 300 40 33 12
1679 298 205 45 september
1917 304 91 32 1890

404 336 186 47 indragits,
622 340 43 33 10
694 339 395 50 rektorsbefattningar
1125 344 63 35 vid
1219 343 234 47 femklassiga
1480 346 179 45 läroverk,
1688 348 75 37 deri
1791 349 215 48 inbegripen

403 386 70 36 den
502 388 11 35 i
539 387 99 37 förra
667 391 141 45 stycket
844 392 172 44 nämnda,
1052 394 223 47 uppehållits
1308 395 40 36 af
1378 396 167 45 vikarier,
1573 398 58 35 till
1659 399 79 35 dess
1767 399 44 36 de
1838 400 132 45 blifvit,
1998 402 10 34 i

402 437 373 40 öfverensstämmelse
802 441 84 36 med
914 443 122 47 kongl.
1065 444 244 46 kungörelsen
1337 446 71 36 den
1442 450 40 33 12
1512 447 191 38 december
1738 453 92 33 1892
1857 451 68 35 och
1946 452 62 35 cir-

403 488 144 37 kuläret
574 489 39 36 af
638 503 140 24 samma
805 491 81 47 dag,
915 493 166 44 tillsatta;
1111 495 67 36 och
1206 496 92 36 hade
1326 498 175 46 slutligen
1522 511 42 23 en
1585 499 99 48 ledig
1704 500 304 46 adjunktsbefatt-

401 540 91 45 ning
530 540 61 36 vid
632 542 205 36 läroverket
880 544 10 34 i
924 543 169 37 Vesterås
1121 545 184 39 förblifvit
1333 548 144 36 obesatt
1504 549 66 36 och
1599 563 45 23 en
1672 551 224 46 uppehållits
1925 553 81 35 med

401 590 148 44 vikarie,
576 592 58 35 till
662 592 80 36 dess
770 593 185 37 ordinarie
981 595 237 37 innehafvare
1245 598 134 37 hunnit
1397 600 10 34 i
1428 600 161 46 enlighet
1619 601 84 36 med
1723 603 123 46 kongl.
1867 603 139 36 brefvct

401 640 71 36 den
501 644 42 33 31
575 641 191 38 december
798 647 92 33 1890
918 646 181 36 tillsättas.

500 691 16 36 I
544 691 376 40 öfverensstämmelse
947 697 82 35 med
1060 700 93 34 1890
1183 697 56 36 års
1266 699 182 46 Riksdags
1475 701 119 36 beslut
1618 702 95 36 hade
1731 703 179 46 indragits
1931 704 75 35 dels

401 742 115 45 enligt
543 742 133 47 Kongl.
704 744 115 46 Maj:ts
848 746 121 36 beslut
997 747 68 36 den
1096 752 44 32 22
1170 749 71 47 maj
1275 753 90 33 1891
1392 754 18 32 2
1431 751 225 48 tvåklassiga
1672 753 66 36 och
1759 757 19 32 4
1800 755 207 44 enklassiga

402 792 220 47 pedagogier
661 795 84 35 med
772 796 111 35 slutet
911 797 41 35 af
975 798 131 35 läsåret
1138 801 255 44 1890—1891,
1423 801 240 48 hvarigenom
1696 808 19 32 8
1749 805 62 35 vid
1843 804 164 37 tillfället

400 843 121 46 lediga
554 845 396 49 ämneslärareplatser,
984 850 182 45 nemligen
1198 853 18 33 2
1246 851 164 45 rektors-,
1440 855 18 33 2
1492 853 157 45 kollega-
1678 855 67 35 och
1774 858 21 33 4
1823 856 183 47 pedagog-

399 893 257 48 befattningar,
696 895 219 46 försvunnit,
959 898 74 37 dels
1073 901 117 45 enligt
1229 900 120 37 beslut
1390 902 70 36 den
1505 906 40 34 16
1576 904 192 37 december
1799 908 93 35 1892
1921 907 84 35 med

399 945 111 35 slutet
536 945 40 35 af
599 946 133 36 läsåret
770 949 244 37 1892—1893
1054 953 17 32 2
1106 952 215 47 treklassiga
1349 953 187 36 allmänna
1563 955 293 37 läroverk.samt
1884 961 20 32 4
1933 957 72 36 två-

399 996 158 45 klassiga
584 996 67 36 och
680 1001 20 31 4
730 998 207 46 enklassiga
964 999 232 49 pedagogier,
1217 1002 240 48 hvarigenom
1477 1004 43 36 de
1539 1005 187 37 ordinarie
1745 1008 260 36 ämneslärare-

399 1045 316 50 befattningarnas
743 1050 100 34 antal
870 1050 179 36 minskats
1077 1052 84 35 med
1193 1054 53 39 18,
1274 1055 186 46 nemligen
1491 1059 17 32 6
1530 1056 166 46 rektors-,
1716 1060 20 33 8
1757 1058 159 46 kollega-
1936 1059 65 35 och

399 1100 20 31 +
462 1097 429 48 pedagogbefattningar,
933 1100 41 36 af
1010 1101 123 36 hvilka
1173 1106 14 32 1
1232 1104 162 45 rektors-,
1437 1110 19 31 5
1490 1106 158 48 kollega-
1677 1108 67 35 och
1775 1112 17 32 2
1822 1109 182 47 pedagog-

397 1147 249 47 befattningar
673 1149 63 36 vid
763 1151 162 35 tillfället
951 1152 95 35 varit
1072 1152 132 47 lediga.

497 1198 126 48 Enligt
667 1203 93 34 1890
801 1201 56 36 års
898 1202 179 46 Riksdags
1106 1203 259 46 medgifvande
1394 1206 118 36 skulle
1539 1208 214 45 emellertid,
1781 1210 10 35 i
1820 1209 70 37 den
1919 1211 83 35 mån

398 1249 196 46 tillgångar
621 1250 122 37 blefve
770 1251 208 47 disponibla
1009 1266 134 35 genom
1177 1255 238 48 tillämpning
1447 1256 40 36 af
1514 1258 323 37 bestämmelserna
1865 1274 59 22 om
1953 1262 50 35 in-

397 1299 182 47 dragning
607 1301 40 35 af
670 1314 87 36 nyss
788 1302 158 36 berörda
986 1304 178 45 läroverk,
1206 1311 190 42 upprättas
1431 1310 44 33 32
1508 1322 73 35 nya
1609 1311 393 46 ämneslärareplatser,

395 1351 183 45 nemligen
618 1355 20 33 8
680 1352 148 36 lektors-
868 1354 69 35 och
980 1357 43 33 24
1061 1355 436 49 adjunktsbefattningar.
1550 1359 53 36 "Af
1630 1360 106 36 dessa
1767 1361 93 36 hade
1888 1363 115 45 enligt

395 1401 124 45 kongl.
559 1401 83 36 bref
665 1402 71 36 den
768 1405 41 34 19
833 1405 83 44 juni
950 1408 87 33 1891
1070 1410 17 32 9
1118 1406 429 50 adjunktsbefattningar
1570 1410 125 37 blifvit
1720 1411 21 36 å
1767 1413 235 36 läroverkens

395 1456 73 31 stat
507 1451 183 47 uppförda
731 1455 66 35 och
836 1454 212 38 förklarade
1087 1457 58 35 till
1185 1458 210 47 ansökning
1436 1460 127 46 lediga.
1617 1460 76 37 När
1730 1462 44 36 de
1806 1462 120 47 öfriga
1958 1465 43 35 15

395 1502 186 47 adjunkts-
609 1504 69 35 och
708 1507 19 33 8
756 1505 439 48 lektorsbefattningarna
1215 1509 121 36 kunde
1355 1510 149 36 komma
1523 1517 53 30 att
1595 1512 181 42 tillsättas,
1795 1527 88 23 vore
1902 1522 98 29 ännu

395 1553 214 36 obestämdt.
662 1554 16 35 I
706 1556 158 45 enlighet
888 1557 84 35 med
1001 1556 130 47 Kongl.
1160 1558 118 48 Maj:ts
1304 1562 232 44 proposition
1552 1563 68 35 och
1640 1564 162 35 nämnda
1821 1565 180 48 Riksdags

396 1604 120 36 beslut
542 1605 118 36 skulle
688 1607 182 47 nemligen
907 1607 44 36 de
984 1607 59 36 vid
1077 1609 235 36 läroverkens
1347 1611 224 48 indragning
1598 1615 20 33 å
1647 1613 121 37 dessas
1795 1620 73 30 stat
1896 1629 105 34 qvar-

394 1654 149 36 stående
569 1656 145 36 lärarne
743 1656 176 48 uppföras
946 1658 47 46 på
1019 1659 314 49 indragningsstat
1360 1662 85 36 med
1473 1663 45 36 de
1541 1663 282 47 löneförmåner,
1843 1679 79 23 som
1941 1680 59 22 en-

394 1705 69 45 ligt
489 1706 170 45 gällande
687 1707 184 37 ordinarie
899 1714 72 30 stat
998 1709 81 36 dem
1107 1711 216 36 tillkomme.
1366 1712 171 37 Menades
1557 1715 66 35 här
1642 1716 82 35 med
1745 1716 254 48 indragnings-

394 1761 72 30 stat
495 1769 43 23 en
565 1756 44 36 de
644 1757 188 36 allmänna
872 1760 234 36 läroverkens
1147 1762 315 46 indragningsstat
1497 1765 65 35 och
1598 1766 81 36 icke
1711 1766 70 36 den
1809 1768 189 36 allmänna

394 1805 372 50 indragningsstaten,
795 1810 117 35 skulle
939 1810 167 48 tydligen
1133 1812 139 46 följden
1299 1814 126 44 blifva,
1453 1819 53 31 att
1533 1815 43 36 de
1604 1829 75 35 nya
1697 1817 301 48 befattningarna

393 1856 79 36 icke
511 1858 117 36 skulle
654 1858 38 36 få
719 1860 181 40 tillsättas,
928 1860 124 37 förrän
1079 1862 122 36 medel
1228 1864 58 35 till
1313 1864 106 36 deras
1448 1865 160 47 aflöning
1637 1867 119 36 blifvit
1788 1868 211 46 disponibla

393 1920 133 33 genom
555 1909 43 35 de
625 1909 20 35 å
673 1909 45 36 de
745 1911 182 46 indragna
954 1912 233 36 läroverkens
1224 1920 70 29 stat
1320 1915 240 45 qvarstående
1587 1918 163 35 Järarnes
1778 1918 136 48 afgång
1941 1934 56 31 ge-

392 1971 89 22 nom
509 1959 129 45 :döden,
666 1960 139 37 hvilket
833 1962 87 45 åter,
948 1962 46 35 då
1021 1963 85 35 flere
1133 1964 114 36 bland
1271 1965 103 36 dessa
1393 1979 87 23 vore
1499 1968 239 36 medelålders
1758 1976 95 38 män,
1873 1970 124 36 kunde

393 2008 117 48 draga
536 2015 41 30 ut
603 2011 58 34 till
690 2011 101 46 långt
819 2013 36 34 in
884 2012 48 47 på
959 2014 176 46 tjugonde
1164 2014 261 38 århundradet.

494 2058 331 41 Sammanfattades
854 2063 63 35 det
944 2064 154 35 sålunda
1126 2065 166 44 anförda,
1320 2067 126 36 visade
1466 2067 60 37 det
1552 2070 64 44 sig,
1636 2075 63 38 att,
1715 2070 110 35 sedan
1842 2070 39 36 år
1899 2074 94 34 1882

393 2110 29 47 cj
466 2111 143 36 mindre
650 2119 46 28 än
738 2116 45 33 80
824 2114 498 51 ämneslärarebefattningar
1362 2119 128 46 längre
1527 2121 89 35 eller
1653 2121 146 35 kortare
1825 2121 55 35 tid
1908 2123 87 35 stått

392 2159 124 48 lediga
542 2167 87 31 utan
659 2168 55 30 att
739 2163 37 36 få
803 2165 182 44 tillsättas,
1014 2167 44 35 28
1088 2165 41 35 af
1152 2166 105 37 dessa
1283 2167 57 36 för
1368 2168 164 38 tillfället
1558 2184 87 22 vore
1673 2171 175 43 obesatta,
1878 2173 115 36 ehuru

393 2210 46 37 de
466 2211 175 38 tillhörde
668 2214 181 46 läroverk,
878 2216 128 35 hvilka
1035 2229 86 23 vore
1141 2216 150 38 afsedda
1310 2223 54 31 att
1383 2218 228 39 fortfarande
1631 2234 66 33 ega
1717 2221 163 46 bestånd,
1901 2231 92 29 samt

392 2267 55 30 att
474 2262 214 47 härigenom
717 2264 44 36 de
789 2272 105 29 extra
922 2267 184 35 ordinarie
1135 2268 159 37 lärarnes
1314 2268 200 38 befordran
1535 2271 121 37 blifvit
1676 2273 12 35 i
1707 2274 182 46 väsentlig
1908 2278 84 32 mån
