2198 2632
416 201 58 28 256
953 202 227 29 Statsutskottets
1208 203 153 29 Utlåtande
1383 203 56 29 N:o
1462 205 28 28 9.

413 276 292 47 Uppvärmning,
747 278 193 49 belysning
980 280 67 35 och
1081 280 182 48 städning,
1295 279 279 38 läkarearfvode

514 341 46 22 Il,
590 341 45 23 Mlbyrtssnnssker
778 360 113 5 sodennannrn
905 326 63 55 uants
980 362 100 4 eenensnsss
1090 362 67 5 Ännu
1200 362 70 6 eeruNN
1280 364 13 3 HN
1314 363 23 5 OS
1356 363 114 4 UNNA
1534 363 38 5 te
1601 331 139 36 kronor
1845 331 82 37 900:
1957 350 45 5 —

413 376 314 39 Skolinventarier
755 380 68 35 och
851 380 449 47 undervisningsmateriel..
1312 413 259 5 .....1kieoua
1665 397 11 14 >
1814 383 113 43 1,700:
1955 401 47 4 —

415 427 249 39 Oförutsedda
689 429 153 47 utgifter
875 462 315 7 .mmmmmmmmmnnnnn
1193 442 377 27 ästsannarassnsesdrsr
1443 427 63 55 toners
1512 427 62 55 lesans
1663 447 12 15 >
1848 435 80 35 600:
1955 451 49 5 —

513 478 313 50 Anledningarna
860 482 57 35 till
955 488 54 29 att
1048 482 112 46 högre
1195 483 137 46 belopp
1365 483 195 36 beräknats
1587 482 58 37 för
1672 483 280 48 igångsättande
1980 482 40 36 af

416 530 61 36 det
503 531 188 36 tilltänkta
719 533 210 35 seminariet
955 534 11 34 i
994 532 208 47 Strengnäs,
1231 541 46 28 än
1306 547 77 22 som
1412 534 206 43 beräknats,
1647 534 46 36 då
1719 533 103 47 fråga
1841 535 96 35 varit
1955 546 61 23 om

412 582 227 36 seminariets
665 583 11 35 i
703 582 240 36 Landskrona
969 584 179 36 trädande
1175 585 11 34 i
1213 585 232 35 verksamhet
1472 585 64 36 vid
1563 585 128 47 början
1713 584 41 36 af
1767 584 133 36 läsåret
1921 586 95 34 1900

412 635 159 42 —1901,
591 646 96 32 vore,
706 639 55 30 att
780 633 45 36 de
844 634 161 45 manliga
1024 634 309 37 lärarekrafterna
1347 635 59 36 vid
1424 634 280 49 öfningsskolan
1721 636 114 45 enligt
1853 636 164 46 departe-

412 682 266 37 mentschefens
707 683 240 37 förmenande
974 686 147 35 komme
1147 691 55 29 att
1228 684 117 38 blifva
1372 686 134 47 dyrare
1534 694 46 28 än
1609 686 44 36 de
1680 687 175 47 qvinliga,
1882 692 54 30 att
1956 687 61 35 det

412 732 192 38 medförde
630 739 116 32 större
773 735 198 36 kostnader
998 741 54 30 att
1079 736 166 36 anordna
1273 737 140 47 manlig
1440 736 94 46 slöjd
1562 745 45 27 än
1635 737 141 46 qvinlig
1804 743 93 30 samt
1924 743 54 29 att
2003 738 13 35 i

412 790 131 40 posten
571 785 200 46 stipendier
800 787 184 46 upptagits
1012 787 303 46 stipendiemedel
1342 786 107 37 äfven
1477 787 60 36 för
1563 787 115 36 andra
1705 788 163 36 klassens
1896 789 121 35 elever

411 835 120 36 under
559 836 266 36 höstterminen
856 839 104 34 1902.

512 885 86 37 Med
625 887 203 47 anledning
855 886 39 37 af
916 887 98 36 hvad
1043 888 401 47 departementschefen
1471 888 157 37 sålunda
1654 888 133 44 anfört,
1814 890 202 48 tillstyrkte

414 936 414 47 departementschefen,
855 943 52 30 att
925 938 133 46 Kongl.
1077 939 104 47 Maj:t
1199 939 114 36 måtte
1331 939 58 36 till
1407 939 210 48 Riksdagen
1636 947 90 39 göra
1744 939 273 47 framställning

414 987 127 36 derom
569 994 53 29 att
649 988 211 48 Riksdagen
888 989 112 36 måtte

515 1038 78 36 dels
619 1039 58 35 till
703 1038 240 48 uppförande,
969 1041 13 34 i
1008 1039 267 46 hufvudsaklig
1303 1040 374 37 öfverensstämmelse
1704 1041 84 36 med
1808 1041 209 47 uppgjorda

413 1089 191 45 ritningar,
645 1088 38 37 af
708 1090 239 46 erforderliga
985 1090 215 48 byggnader
1239 1090 59 37 för
1337 1096 51 31 ett
1426 1090 541 38 folkskolelärareseminarium
2005 1093 11 34 i

414 1138 199 48 Strengnäs
653 1140 135 48 bevilja
828 1146 51 31 ett
910 1142 128 45 anslag
1069 1140 40 37 af
1143 1144 156 43 218,000
1336 1142 138 36 kronor
1507 1143 70 35 och
1609 1141 106 37 deraf
1739 1142 48 47 på
1814 1148 103 31 extra
1944 1148 73 31 stat

413 1189 57 37 för
498 1190 42 36 år
569 1192 92 35 1902
691 1191 128 36 anvisa
846 1197 50 31 ett
921 1192 136 47 belopp
1086 1191 39 36 af
1152 1193 156 44 100,000
1334 1193 149 43 kronor,

515 1241 77 36 dels
620 1242 66 35 ock
712 1241 59 36 för
797 1242 243 46 begynnande
1066 1242 40 36 af
1120 1243 279 37 verksamheten
1418 1243 63 37 vid
1499 1244 161 36 nämnda
1677 1244 235 37 seminarium
1931 1244 85 37 med

414 1292 131 47 början
585 1291 41 36 af
663 1293 262 36 höstterminen
970 1296 92 34 1901
1104 1300 94 29 samt
1237 1294 273 47 uppehållande
1546 1294 41 36 af
1616 1294 308 47 undervisningen
1952 1295 64 37 vid

413 1343 211 36 seminariet
662 1343 119 36 under
820 1356 139 24 samma
994 1345 133 35 termin
1163 1344 188 37 äfvensom
1382 1345 78 36 vår-
1488 1346 68 35 och
1583 1346 308 37 höstterminerna
1920 1348 94 35 1902

412 1393 48 47 på
488 1399 106 31 extra
621 1399 70 31 stat
717 1394 59 37 för
803 1394 40 36 år
872 1398 92 34 1902
994 1396 126 36 anvisa
1147 1400 50 32 ett
1223 1396 135 48 belopp
1386 1395 40 37 af
1452 1398 130 43 19,850
1610 1397 147 36 kronor.

515 1496 15 35 I
559 1498 266 47 sammanhang
853 1497 81 36 med
961 1497 132 48 Kongl.
1122 1497 124 49 Maj:ts
1273 1499 156 36 berörda
1451 1498 277 50 framställning
1747 1501 66 35 har
1832 1502 184 35 utskottet

414 1547 56 35 till
499 1547 228 48 behandling
754 1547 159 36 förehaft
940 1562 45 22 en
1012 1549 101 35 inom
1139 1546 134 39 Andra
1300 1549 221 37 Kammaren
1549 1551 108 35 väckt
1685 1551 142 36 motion
1846 1549 73 48 (n:o
1939 1549 74 49 45),

415 1597 78 36 deri
521 1598 86 35 herr
634 1597 35 35 J.
701 1597 40 36 G.
768 1598 260 49 Spangenberg,
1057 1600 83 35 med
1168 1601 150 35 hvilken
1345 1601 58 47 sju
1431 1601 117 35 andra
1565 1601 204 36 ledamöter
1792 1601 39 36 af
1851 1604 163 34 kamma-

413 1660 66 23 ren
506 1649 164 44 instämt,
699 1648 202 48 föreslagit,
930 1649 62 36 det
1019 1649 209 49 Riksdagen
1257 1655 113 32 måtte
1393 1671 47 4 --
1461 1652 83 35 med
1564 1651 118 49 afslag
1701 1656 20 32 å
1740 1652 131 49 Kongl.
1892 1653 123 48 Maj:ts

415 1700 234 47 proposition
687 1700 12 35 i
741 1699 95 36 hvad
877 1700 70 35 den
974 1699 125 48 afsåge
1127 1702 231 36 seminariets
1384 1701 242 49 förläggande
1653 1704 58 35 till
1739 1702 200 50 Strengnäs
1966 1723 49 4 —

414 1749 57 35 för
512 1750 57 35 sin
597 1749 57 36 del
681 1750 147 35 besluta
855 1755 53 30 att
937 1751 73 35 dels
1037 1752 58 34 till
1124 1751 242 49 uppförande,
1394 1753 12 35 i
1434 1752 269 49 hufvudsaklig
1730 1753 284 37 öfverensstäm-

415 1801 110 34 melse
567 1800 82 35 med
689 1801 210 48 uppgjorda
939 1802 194 47 ritningar,
1174 1802 40 36 af
1239 1802 244 48 erforderliga
1510 1803 215 49 byggnader
1752 1804 58 36 för
1837 1811 53 30 ett
1916 1805 98 36 folk-

414 1851 462 36 skolelärareseminarium
916 1852 12 35 i
962 1844 142 44 Örebro
1131 1853 137 48 bevilja
1295 1859 53 30 ett
1375 1855 128 47 anslag
1530 1854 40 35 af
1595 1856 159 43 218,000
1782 1856 136 35 kronor
1946 1856 68 35 och

414 1900 106 36 deraf
545 1904 45 45 på
617 1906 105 31 extra
750 1907 73 30 stat
850 1901 57 36 för
933 1906 39 32 år
1003 1904 93 34 1902
1125 1904 126 35 anvisa
1278 1909 54 30 ett
1359 1904 133 48 belopp
1521 1904 40 36 af
1588 1907 157 43 100,000
1766 1907 144 44 kronor,
1939 1906 76 36 dels

415 1952 77 43 ock,
522 1950 58 37 för
606 1952 245 48 begynnande
877 1952 39 36 af
940 1954 279 36 verksamheten
1247 1954 64 36 vid
1337 1954 160 36 nämnda
1524 1956 238 36 seminarium
1783 1957 80 35 med
1883 1957 130 47 början

414 2001 39 35 af
478 2002 269 36 höstterminen
778 2004 92 34 1901
901 2009 93 30 samt
1023 2005 269 46 uppehållande
1319 2004 39 36 af
1376 2005 313 50 undervisningen
1709 2007 63 36 vid
1792 2007 220 45 seminariet,

416 2052 117 36 under
574 2065 136 24 samma
750 2054 145 43 termin,
937 2053 188 37 äfvensom
1153 2059 83 32 vår-
1265 2056 67 35 och
1360 2056 309 37 höstterminerna
1700 2059 106 43 1902,
1835 2061 46 44 på
1907 2064 107 30 extra

416 2108 73 30 stat
516 2102 58 36 för
602 2107 39 32 år
671 2105 93 34 1902
795 2105 124 34 anvisa
946 2110 54 30 ett
1028 2105 132 48 belopp
1188 2105 40 36 af
1256 2107 132 43 19,850
1415 2107 146 36 kranor.

513 2152 243 47 Motionären,
787 2167 77 23 som
891 2155 12 35 i
930 2155 115 48 öfrigt
1072 2155 178 49 åberopar
1277 2157 45 35 de
1349 2157 87 44 skäl,
1466 2170 79 23 som
1570 2158 116 48 enligt
1705 2159 308 49 statsrådsproto-

414 2203 115 36 kollet
555 2205 13 35 i
596 2203 268 51 ofvanberörda
890 2206 134 35 ärende
1052 2205 140 37 anförts
1220 2207 40 36 af
1284 2207 131 48 Kongl.
1435 2207 124 49 Maj:ts
1578 2208 435 49 befallningshafvande
1991 2199 24 62 i

416 2246 143 44 Örebro
587 2255 71 45 län,
687 2248 143 43 Örebro
856 2255 336 50 stadsfullmägtige
1212 2258 66 35 och
1300 2257 417 50 folkskoleinspektören
1736 2259 58 36 för
1814 2259 198 50 Strengnäs
