2204 2636
721 215 227 29 Statsutskottets
977 215 153 28 Utlåtande
1153 214 55 29 N:o
1230 215 27 27 9.
1724 213 59 29 237

185 292 102 44 hade,
323 292 116 47 enligt
461 292 301 44 -motionärernas
797 291 247 44 förmenande,
1072 291 96 36 varit
1195 289 151 38 talande
1373 303 82 33 nog.
1508 288 135 38 Derför
1670 289 116 37 borde

186 343 76 44 ock,
303 343 116 46 enligt
457 344 291 35 motionärernas
784 343 103 46 åsigt,
920 341 248 48 uppförandet
1193 341 82 37 utaf
1298 341 217 48 byggnader
1541 340 58 37 för
1625 340 61 37 det
1711 354 74 31 nya

185 394 210 36 seminariet
432 394 79 35 icke
552 394 114 36 heller
704 395 149 35 komma
892 394 12 35 i
939 393 104 47 fråga
1078 392 77 37 förr
1190 400 46 28 än
1264 392 61 36 det
1352 392 209 47 föreslagna
1588 392 196 36 lärarinne-

185 445 208 36 seminariet
432 443 126 38 blifvit
592 444 240 45 fullbordadt,
872 445 142 36 hvilket
1043 444 43 48 ju
1115 449 149 42 antoges
1293 444 62 35 ske
1383 444 100 35 inom
1510 442 64 37 två
1600 442 48 36 år.
1700 442 84 37 Men

186 495 45 36 då
259 500 51 31 ett
337 494 139 47 förslag
503 496 130 35 härom
661 495 114 37 måste
797 495 144 46 föregås
968 494 40 37 af
1031 503 169 28 närmare
1219 494 199 47 utredning
1437 507 60 22 om
1516 493 63 37 det
1597 492 188 38 blifvande

185 547 228 35 seminariets
439 547 92 46 läge,
560 547 241 47 uppgörande
829 545 40 37 af
892 547 181 45 ritningar
1100 546 122 36 dertill
1247 545 86 36 med
1359 545 86 36 flere
1465 544 320 46 omständigheter,

185 610 77 23 som
289 597 203 37 inverkade
518 596 49 47 på
592 596 149 47 frågans
768 596 240 46 bedömande,
1035 596 95 36 hade
1156 596 100 36 tiden
1285 600 102 44 synts
1414 596 114 36 redan
1556 608 51 24 nu
1626 596 84 35 inne
1727 594 59 37 för

184 648 225 46 vidtagande
445 647 39 36 af
508 648 103 36 dessa
637 647 273 37 förberedelser.
963 647 136 36 Härtill
1125 647 95 36 hade
1248 647 175 48 derjemte
1451 654 100 28 ännu
1579 651 60 39 ett,
1666 646 119 36 såsom

185 699 60 36 det
272 704 124 43 syntes
424 698 210 48 afgörande,
662 700 78 35 skäl
767 698 187 48 förelegat.
994 698 133 46 Kongl.
1155 698 100 46 Maj:t
1281 694 105 70 hade,
1413 697 119 36 såsom
1560 696 110 37 ofvan
1697 710 89 23 vore

185 750 164 45 nämndt,
376 748 192 48 föreslagit
594 750 208 47 Riksdagen
831 728 74 57 att
912 749 47 47 på
986 755 104 30 extra
1116 754 71 30 stat
1213 748 57 37 för
1298 748 40 36 år
1368 751 90 34 1901
1489 748 137 47 bevilja
1657 751 128 42 11,200

184 802 138 34 kronor
357 800 58 36 för
452 780 239 56 anordnande
728 782 39 54 af
790 814 44 22 en
863 800 252 46 parallelklass
1142 799 62 37 vid
1231 777 515 58 folkskolelärareseminariet
1773 799 14 35 i

185 851 130 36 Vexiö.
355 850 58 37 Då
439 864 95 31 man,
562 851 119 36 såsom
707 852 13 35 i
743 851 61 36 det
823 851 77 36 ofta
919 850 154 36 anförda
1091 850 189 49 yttrandet
1298 850 58 37 till
1376 849 409 47 statsrådsprotokollet,

184 900 208 50 medgifvit,
420 907 56 30 att
501 901 59 36 för
586 901 190 37 behofvets
804 901 167 49 fyllande
999 901 229 37 erfordrades
1256 900 63 38 två
1345 914 74 35 nya
1443 901 221 44 seminarier,
1691 900 95 37 hade

185 953 61 36 det
273 958 103 43 synts
404 953 274 36 motionärerna
706 953 193 46 olämpligt
926 958 53 30 att
1005 952 183 48 nedlägga
1215 951 199 37 kostnader
1440 951 47 47 på
1514 951 208 36 inrättande
1750 950 40 36 af

186 1017 42 22 en
255 1004 255 46 parallelklass
537 1004 63 36 vid
627 1004 213 47 ytterligare
869 1008 51 31 ett
946 1003 263 37 förutvarande
1228 1003 246 36 seminarium.
1516 1001 126 37 Såsom
1661 1002 125 35 motio-

184 1062 154 29 närerna
379 1054 60 36 till
477 1057 92 34 1899
608 1055 56 35 års
691 1054 163 48 Riksdag
880 1053 213 44 framhållit,
1122 1054 118 36 skulle
1267 1053 62 36 det
1355 1058 101 31 möta
1483 1052 223 47 svårigheter
1733 1058 55 30 att

184 1106 155 45 indraga
365 1104 114 37 redan
507 1105 182 36 inrättade
716 1106 303 46 parallelklasser,
1060 1105 77 36 dels
1164 1103 122 38 derför
1314 1109 53 31 att
1394 1104 44 36 de
1465 1105 11 35 i
1504 1104 105 36 dessa
1635 1104 152 45 intagna

185 1157 168 36 eleverna
393 1155 114 37 måste
548 1157 113 35 hinna
695 1156 233 45 fullständigt
959 1155 179 46 genomgå
1165 1156 180 35 kurserna
1372 1155 68 36 och
1466 1154 84 36 från
1578 1155 209 36 seminariet

185 1208 283 43 utexamineras,
504 1208 113 35 innan
645 1208 344 45 parallelklasserna
1016 1206 182 46 indroges,
1239 1206 77 36 dels
1339 1207 58 35 till
1424 1205 93 47 följd
1544 1204 41 37 af
1608 1205 61 36 det
1694 1210 94 31 mot-

185 1258 105 36 stånd
330 1262 79 31 mot
449 1270 42 23 en
529 1257 105 48 dylik
666 1257 139 48 åtgärd,
842 1270 77 23 som
947 1258 272 35 motionärerna
1246 1262 135 42 antoge
1408 1256 107 36 alltid
1543 1256 118 35 skulle
1687 1261 101 30 möta

185 1308 82 36 från
295 1308 403 48 ortsmyndigheternas
726 1308 87 45 sida,
842 1308 66 36 och
933 1308 137 47 jemväl
1098 1307 41 35 af
1162 1307 116 36 andra
1306 1308 88 34 skäl.
1437 1306 16 36 I
1473 1306 201 36 allmänhet
1692 1306 95 36 hade

185 1359 62 36 det
281 1359 67 36 ock
386 1363 102 40 synts
524 1360 275 35 motionärerna
825 1372 90 23 vara
941 1359 216 46 lämpligare
1184 1363 53 30 att
1264 1358 90 35 söka
1381 1356 165 48 afhjelpa
1573 1357 70 36 den
1671 1356 116 37 öfver-

185 1410 158 46 klagade
379 1410 259 36 lärarebristen
673 1417 132 39 genom
832 1415 55 30 att
914 1410 135 35 inrätta
1076 1422 75 31 nya
1177 1409 214 35 seminarier
1418 1415 45 29 än
1492 1421 133 35 genom
1653 1413 53 30 att
1732 1413 54 29 ut-

184 1461 112 47 vidga
336 1460 44 36 de
419 1461 134 45 gamla,
594 1466 40 43 ty
671 1462 8 34 i
717 1473 126 23 senare
885 1460 101 36 fallet
1019 1460 118 35 skulle
1165 1460 137 35 antalet
1331 1460 118 36 elever
1475 1460 12 34 i
1515 1459 45 36 de
1588 1458 199 46 utvidgade

186 1512 225 36 anstalterna
451 1511 118 36 blifva
608 1511 40 36 så
683 1517 102 38 stort,
825 1516 54 30 att
914 1510 275 37 vederbörande
1216 1511 119 35 lärare
1363 1511 29 45 ej
1421 1510 119 36 skulle
1563 1510 128 35 kunna
1717 1510 70 34 till-

184 1563 137 46 börligt
348 1561 200 39 öfvervaka
576 1563 67 35 och
673 1562 112 36 vårda
813 1563 54 44 sig
895 1576 59 22 om
983 1562 81 35 dem
1092 1561 48 46 på
1166 1561 129 36 sådant
1321 1567 82 39 sätt,
1430 1573 77 23 som
1536 1561 81 35 bäst
1634 1560 154 47 passade

187 1613 57 36 för
284 1613 110 36 hvars
432 1614 67 35 och
537 1626 62 23 ens
636 1612 282 37 individualitet.
973 1612 215 47 Uppenbart
1215 1626 88 22 vore
1331 1612 76 43 ock,
1436 1617 53 30 att
1515 1611 88 36 flere
1629 1612 12 35 i
1668 1610 120 36 skilda

185 1663 214 36 landsdelar
425 1664 192 46 befintliga
645 1664 211 36 seminarier
883 1664 118 35 skulle
1029 1662 111 37 hafva
1159 1676 42 22 en
1221 1664 121 34 bättre
1361 1662 136 37 verkan
1516 1662 84 36 med
1620 1660 169 37 afseende

186 1714 21 36 å
245 1715 172 47 tilloppet
452 1714 41 36 af
528 1694 176 67 lämpliga
739 1714 162 35 sökande
935 1713 82 36 med
1047 1713 90 36 efter
1168 1713 274 35 landsdelarnes
1469 1711 115 36 behof
1607 1711 182 47 passande

186 1764 200 48 begåfning
414 1765 64 36 och
508 1765 133 48 kynne,
669 1772 44 27 än
743 1777 60 22 om
832 1764 114 47 några
973 1763 36 35 få
1036 1769 116 30 större
1179 1764 212 35 seminarier
1410 1762 239 36 anordnades.
1693 1761 95 45 Men,

186 1815 94 36 hade
312 1829 86 22 man
426 1821 90 40 sagt,
557 1815 46 35 då
631 1815 172 36 behofvet
831 1828 87 22 vore
946 1814 204 47 trängande
1178 1814 67 35 och
1274 1827 83 22 man
1388 1814 30 46 ej
1447 1818 129 53 genast
1603 1813 99 35 velat
1727 1812 62 46 på-

185 1867 103 60 börja
325 1865 248 49 uppförandet
605 1865 39 35 af
668 1867 212 44 ytterligare
909 1871 50 29 ett
987 1853 83 56 nytt
1097 1865 245 42 seminarium,
1380 1863 92 37 hade
1500 1864 29 45 ej
1560 1869 112 30 annat
1699 1863 90 36 åter-

186 1916 87 36 stått
300 1924 44 27 än
375 1922 54 30 att
456 1917 167 35 anordna
650 1917 294 45 parallelklasser
970 1916 59 35 vid
1061 1921 51 29 ett
1139 1914 100 36 förut
1267 1915 193 45 befintligt.
1513 1914 277 36 Motionärerna

186 1967 93 36 hade
320 1967 93 35 dock
455 1972 91 30 trott
584 1968 55 46 sig
679 1968 125 34 kunna
842 1967 176 43 meddela,
1055 1972 62 38 att,
1153 1966 118 35 under
1298 1965 266 46 förutsättning
1592 1964 40 36 af
1657 1970 52 30 att
1737 1970 54 30 ett

186 2018 238 35 seminarium
460 2019 147 34 komme
634 2024 54 28 att
715 2018 11 34 i
754 2016 197 47 Strengnäs
979 2017 164 42 inrättas,
1183 2015 225 47 svårigheter
1434 2016 80 35 icke
1542 2016 119 34 skulle
1688 2020 103 30 möta

186 2073 53 30 att
266 2067 195 45 derstädes,
490 2068 47 47 på
565 2081 138 22 samma
729 2073 72 30 sätt
828 2080 78 23 som
934 2068 96 34 skett
1056 2067 11 35 i
1095 2066 250 45 Landskrona,
1374 2065 139 36 erhålla
1538 2066 253 46 provisoriska

186 2118 140 35 lokaler
358 2117 59 36 för
444 2118 523 44 seminarieundervisningens
996 2116 201 36 utöfvande
1225 2117 118 36 under
1371 2116 97 35 tiden
1497 2115 58 35 för
1584 2115 207 35 seminarie-

186 2169 73 66 byg
247 2167 223 47 ;gnadernas
500 2167 239 47 uppförande.
793 2169 126 44 Enligt
946 2167 186 47 protokoll
1160 2166 61 35 vid
1249 2165 439 37 skolrädssammanträde
1716 2165 72 36 den

188 2222 43 32 23
260 2219 200 35 november
493 2222 89 32 1899
613 2218 94 35 hade
735 2218 199 47 Strengnäs
962 2217 97 35 stads
1087 2216 233 47 församlings
1348 2215 146 36 skolråd
1524 2216 161 43 beslutit,
1704 2216 87 35 med

187 2268 168 36 afseende
405 2269 47 46 på
505 2275 52 29 ett
609 2268 187 36 blifvande
849 2267 420 37 lärarinneseminarium
1317 2268 9 33 i
1371 2265 209 46 Strengnäs,
1634 2265 159 49 erbjuda
