2204 2630
731 214 228 29 Statsutskottets
987 214 155 29 Utlåtande
1165 214 57 29 N:o
1247 216 26 27 9.
1765 215 36 29 71

198 290 107 47 språk
344 291 65 35 och
447 291 302 39 naturalhistoria
785 291 83 36 med
900 291 102 48 lägre
1029 291 190 47 aflöning),
1249 291 40 36 år
1319 293 93 35 1858
1441 292 57 34 till
1529 294 81 42 528,
1638 291 41 36 år
1708 293 95 35 1864

196 343 59 34 till
284 344 82 43 613,
394 342 40 35 år
463 344 94 34 1873
586 342 57 36 till
672 344 70 35 756
772 343 68 35 och
867 342 40 36 år
937 344 93 35 1882
1059 343 57 35 till
1145 345 80 34 808.

298 391 164 38 Oaktadt
502 392 122 37 denna
664 393 106 36 raska
811 393 164 47 stegring
1014 392 41 36 af
1093 393 45 36 de
1177 393 186 36 ordinarie
1389 393 162 36 lärarnes
1579 394 101 35 antal
1707 393 96 36 hade

197 443 203 37 emellertid
428 449 105 31 extra
560 444 119 36 lärare
698 445 29 47 ej
750 445 144 35 kunnat
913 442 196 38 undvaras.
1152 444 222 46 Visserligen
1395 444 92 35 hade
1508 444 295 36 understundom

196 494 106 36 deras
330 495 99 35 antal
456 495 180 35 minskats
664 495 140 46 ganska
831 495 193 47 betydligt,
1053 495 48 35 då
1128 501 51 30 ett
1205 500 116 31 större
1345 496 100 34 antal
1464 494 95 36 fasta
1578 496 137 47 platser
1732 495 71 35 till-

196 545 165 44 kommit,
403 559 83 22 men
526 550 104 31 snart
662 546 95 36 hade
784 546 62 35 det
872 545 78 36 åter
977 546 101 45 stigit
1105 546 138 46 ganska
1271 546 142 35 snabbt.
1467 545 50 37 Så
1543 545 95 37 hade
1665 546 139 36 antalet

196 596 39 35 af
272 596 212 36 statsmedel
522 597 169 35 aflönade
731 597 237 47 duplikanter
1008 597 69 35 och
1106 602 105 30 extra
1237 598 120 34 lärare
1385 597 139 47 utgjort
1551 596 41 36 är
1621 599 94 34 1824
1748 600 54 41 14,

196 647 40 35 år
266 649 93 35 1832
391 649 55 44 13,
474 647 40 36 år
544 650 93 34 1843
670 650 55 43 11,
753 648 39 35 år
823 648 92 36 1853
946 648 56 44 70,
1031 647 40 36 år
1102 651 92 33 1864
1224 650 58 43 44,
1310 647 39 36 år
1377 648 91 36 1873
1491 650 46 34 74
1558 648 69 35 och
1645 647 40 36 år
1707 650 95 34 1882

198 700 80 35 116.
331 698 74 36 Till
435 697 212 49 jemförelse
682 698 150 36 härmed
868 697 115 37 borde
1019 697 149 37 anföras
1195 699 308 46 lärjungeantalet
1529 698 64 36 vid
1620 698 183 47 ifrågava-

194 749 115 36 rande
350 750 169 35 läroverk
546 749 120 36 under
692 749 163 36 nämnda
882 749 50 43 år,
961 748 59 36 för
1047 749 39 35 så
1112 749 80 36 vidt
1219 749 62 36 det
1308 750 144 34 kunnat
1478 754 161 31 utrönas.
1690 749 112 36 Detta

194 799 94 36 hade
315 801 142 46 utgjort
484 800 40 36 år
556 803 92 33 1824
677 802 118 43 4,852,
824 799 40 36 år
893 802 93 34 1832
1017 801 118 43 5,053,
1164 799 39 36 år
1232 802 95 35 1843
1358 801 116 44 5,817,
1502 802 41 33 år
1569 802 92 35 1858
1683 802 119 42 7,819,

195 850 39 36 år
265 853 94 34 1864
391 853 139 42 11,664,
559 850 40 36 år
628 853 94 35 1873
755 854 131 40 12,373
917 850 67 36 och
1012 850 41 36 år
1083 853 93 34 1882
1208 853 141 42 15,107.

294 901 127 36 Redan
454 904 243 35 1870—-1872
726 901 58 36 års
811 901 222 36 skolkomité
1062 901 95 36 hade
1183 902 181 43 anmärkt,
1391 906 54 30 att
1469 900 276 37 ofvannämnda
1764 901 42 35 af

199 954 245 36 1856—1858
473 952 56 36 års
557 952 165 46 Riksdag
748 952 198 48 uppstälda
966 952 68 35 och
1054 951 41 36 af
1116 952 217 48 regeringen
1349 952 136 48 gillade
1503 952 198 46 grundsats
1720 952 80 35 icke

194 1003 146 36 kunnat
379 1003 243 47 genomföras,
661 1003 13 36 i
714 1003 201 48 synnerhet
954 1002 124 36 derför
1105 1008 54 30 att
1184 1002 175 37 behofvet
1386 1002 40 36 af
1448 1002 261 37 lärarekrafter
1736 1003 64 36 vid

195 1059 50 30 ett
272 1055 171 35 läroverk
470 1054 163 36 berodde
659 1055 80 35 icke
766 1054 97 36 blott
888 1053 47 47 på
962 1054 139 35 antalet
1128 1054 191 47 lärjungar
1337 1054 12 35 i
1368 1053 60 36 det
1446 1054 93 44 hela,
1559 1059 89 30 utan
1668 1059 131 30 nästan

193 1106 12 34 i
232 1105 76 35 lika
335 1106 73 45 hög
435 1105 91 46 grad
553 1105 47 48 på
628 1104 104 37 deras
758 1104 213 46 fördelning
993 1104 47 46 på
1059 1105 179 35 särskilda
1258 1106 139 34 klasser
1415 1104 67 36 och
1502 1105 297 45 undervisnings-

193 1156 117 35 linier.
363 1156 71 36 Det
461 1156 94 36 hade
584 1155 122 37 derför
734 1155 77 37 ofta
837 1156 96 36 visat
959 1156 65 45 sig,
1044 1160 55 30 att
1118 1161 51 30 ett
1187 1156 171 35 läroverk
1376 1155 83 36 med
1479 1160 53 31 ett
1549 1155 88 36 vida
1655 1155 145 37 mindre

193 1207 273 47 lärjungeantal
507 1215 46 27 än
594 1212 53 31 ett
686 1212 114 30 annat
839 1206 98 36 kräft
969 1211 52 30 ett
1048 1211 115 30 större
1191 1207 101 34 antal
1319 1207 127 35 lärare.
1499 1205 177 37 Komitén
1703 1206 96 36 hade

193 1257 125 36 vidare
344 1256 205 37 framhållit
577 1257 45 36 de
649 1258 247 45 olägenheter,
923 1256 267 47 upprättandet
1217 1256 39 36 af
1281 1255 393 49 parallelafdelningar
1699 1257 98 36 med-

193 1307 104 36 förde
337 1307 58 37 för
426 1308 323 45 undervisningen.
803 1308 71 35 För
901 1313 54 29 att
980 1306 38 36 få
1046 1321 44 22 en
1120 1306 344 48 parallelafdelning
1490 1308 60 35 till
1577 1307 107 36 stånd
1711 1321 89 23 vore

193 1358 61 36 det
293 1359 186 46 nemligen
521 1359 30 47 ej
590 1371 74 36 nog
698 1358 85 37 med
819 1363 53 30 att
908 1358 157 35 anställa
1101 1371 43 22 en
1177 1371 50 31 ny
1264 1359 127 42 lärare,
1419 1364 40 42 ty
1487 1358 121 36 denne
1634 1358 125 36 kunde
1787 1359 11 35 i

193 1410 202 35 allmänhet
441 1410 79 35 icke
569 1409 191 46 öfvertaga
799 1409 83 36 hela
918 1408 313 46 undervisningen
1271 1409 11 35 1
1324 1408 70 36 den
1433 1422 76 35 nya
1549 1408 249 47 afdelningen,

192 1466 90 29 utan
311 1465 52 31 ett
389 1461 130 48 utbyte
546 1459 41 36 af
610 1459 262 37 lärarekrafter
899 1459 11 35 i
938 1459 86 36 flere
1052 1460 137 35 klasser
1217 1459 115 36 måste
1358 1460 173 45 vanligen
1552 1472 67 33 ega
1637 1473 83 22 rum
1739 1459 60 36 för

193 1516 51 30 att
284 1510 38 36 få
357 1511 313 48 undervisningen
706 1511 58 36 för
792 1511 69 36 den
889 1523 75 36 nya
991 1509 238 49 afdelningen
1256 1510 115 47 något
1397 1510 37 35 så
1461 1517 68 29 när
1556 1511 61 35 väl
1645 1510 152 36 ordnad.

192 1561 130 36 Denna
360 1562 189 47 rubbning
589 1563 11 34 i
628 1562 329 45 arbetsordningen
985 1561 232 48 upprepades
1246 1561 40 35 år
1313 1560 91 37 efter
1431 1561 49 45 år,
1507 1567 41 42 ty
1576 1574 60 23 om
1664 1574 44 23 en
1736 1575 62 32 pa-

191 1612 297 47 rallelafdelning
529 1613 61 35 det
626 1626 68 23 ena
734 1613 78 35 året
847 1612 239 47 upprättades
1122 1612 11 35 i
1169 1612 117 35 andra
1313 1612 154 43 klassen,
1495 1612 39 35 så
1562 1611 234 37 föranleddes

192 1662 106 36 deraf
322 1664 12 35 i
361 1664 149 44 vanliga
536 1662 67 36 fall
631 1677 44 22 en
702 1662 348 48 parallelafdelning
1077 1663 11 34 i
1116 1662 114 46 tredje
1250 1663 145 35 klassen
1415 1662 119 36 under
1553 1662 61 36 det
1632 1662 163 46 följande

192 1713 77 36 året
305 1714 66 35 och
405 1727 43 22 en
478 1714 10 34 i
515 1712 117 47 fjerde
659 1713 118 36 under
804 1714 62 35 det
893 1712 112 47 derpå
1032 1712 168 47 följande
1228 1726 29 21 o.
1286 1725 25 22 s.
1338 1726 33 22 v.
1422 1713 70 35 Det
1521 1713 124 35 kunde
1673 1713 124 36 derför

190 1765 80 35 icke
297 1764 193 44 undvikas,
518 1769 54 30 att
599 1764 183 45 åtskilliga
810 1764 190 46 lärjungar
1027 1764 58 34 till
1113 1768 92 30 stort
1231 1776 86 22 men
1343 1762 58 36 för
1428 1763 78 35 sina
1534 1763 139 36 studier
1697 1764 100 45 finge

191 1814 39 36 är
257 1814 91 36 efter
376 1814 39 36 år
441 1815 90 47 byta
559 1827 59 22 om
645 1815 118 35 lärare
790 1814 11 35 i
830 1827 139 22 samma
996 1821 143 28 ämnen.
1191 1813 132 36 Denna
1342 1813 81 36 med
1443 1814 87 35 flere
1550 1814 246 45 olägenheter,

191 1878 78 23 som
297 1865 155 35 härflöto
479 1878 45 22 ur
553 1865 45 36 de
625 1865 163 45 ständigt
815 1864 182 36 vexlande
1024 1863 448 49 parallelafdelningarna,
1501 1864 95 36 hade
1611 1863 186 37 föranledt

191 1917 166 35 komitén
386 1921 53 30 att
465 1915 143 42 föreslå,
638 1921 53 30 att
717 1916 38 34 så
784 1915 145 36 kallade
955 1915 295 47 parallelklasser
1278 1916 89 35 eller
1401 1914 396 48 parallelafdelningar

190 1967 120 35 skulle
349 1966 169 48 upphöra
554 1966 67 35 och
650 1966 128 36 endast
805 1967 109 35 enkla
941 1966 137 35 klasser
1105 1966 68 34 och
1200 1965 234 46 afdelningar
1462 1966 129 43 finnas,
1619 1971 96 30 samt
1741 1972 55 29 att

191 2023 50 30 ett
281 2017 272 47 lärjungeantal
596 2016 39 35 af
672 2018 46 33 40
751 2016 57 35 för
835 2017 92 35 hvar
954 2016 67 35 och
1051 2029 43 22 en
1123 2015 40 35 af
1186 2016 44 35 de
1257 2015 73 36 fem
1360 2017 98 44 lägre
1486 2016 188 35 klasserna
1700 2022 95 29 samt

191 2070 45 33 30
265 2066 59 36 för
351 2067 183 36 hvardera
562 2066 40 35 af
626 2067 44 35 de
690 2066 118 47 öfriga
827 2067 207 35 klassernas
1053 2065 233 46 afdelningar
1304 2066 113 36 måtte
1435 2067 221 34 bestämmas
1675 2066 119 35 såsom

190 2117 61 36 det
278 2117 131 45 högsta
436 2116 154 35 tillåtna.

291 2167 110 36 Detta
440 2167 183 35 komiténs
662 2165 138 47 förslag
840 2166 94 36 hade
975 2165 201 36 emellertid
1217 2167 111 35 väckt
1363 2166 108 47 lifligt
1497 2165 186 36 motstånd
1712 2165 82 36 från

190 2218 135 44 många
353 2218 75 34 håll
455 2217 65 35 och
549 2217 62 35 det
638 2216 39 35 af
702 2217 86 35 flere
816 2217 88 43 skäl,
933 2216 192 35 deribland
1155 2222 54 29 att
1236 2230 85 22 man
1351 2222 117 29 ansett
1494 2216 61 35 det
1575 2215 39 36 af
1629 2216 164 35 komitén

189 2268 116 35 såsom
334 2267 133 36 tillåtet
494 2266 211 48 föreslagna
733 2267 306 45 lärjungeantalet
1065 2265 58 36 för
1150 2267 43 34 de
1221 2267 180 35 särskilda
1430 2267 187 35 klasserna
1644 2266 150 35 alldeles
