<?xml version="1.0" encoding="UTF-8"?>
<alto xmlns="http://www.loc.gov/standards/alto/ns-v3#" xmlns:xlink="http://www.w3.org/1999/xlink" xmlns:xsi="http://www.w3.org/2001/XMLSchema-instance" xsi:schemaLocation="http://www.loc.gov/standards/alto/ns-v3# http://www.loc.gov/alto/v3/alto-3-0.xsd">
	<Description>
		<MeasurementUnit>pixel</MeasurementUnit>
		<sourceImageInformation>
			<fileName>/tmp/tess_8zwfo86b_input.PNG</fileName>
		</sourceImageInformation>
		<OCRProcessing ID="OCR_0">
			<ocrProcessingStep>
				<processingSoftware>
					<softwareName>tesseract 5.3.0</softwareName>
				</processingSoftware>
			</ocrProcessingStep>
		</OCRProcessing>
	</Description>
	<Layout>
		<Page WIDTH="2210" HEIGHT="2630" PHYSICAL_IMG_NR="0" ID="page_0">
			<PrintSpace HPOS="0" VPOS="0" WIDTH="2210" HEIGHT="2630">
				<ComposedBlock ID="cblock_0" HPOS="429" VPOS="200" WIDTH="1070" HEIGHT="35">
					<TextBlock ID="block_0" HPOS="429" VPOS="200" WIDTH="1070" HEIGHT="35">
						<TextLine ID="line_0" HPOS="429" VPOS="200" WIDTH="1070" HEIGHT="35">
							<String ID="string_0" HPOS="429" VPOS="200" WIDTH="59" HEIGHT="29" WC="0.96" CONTENT="180"/><SP WIDTH="470" VPOS="200" HPOS="488"/>
							<String ID="string_1" HPOS="958" VPOS="204" WIDTH="227" HEIGHT="29" WC="0.75" CONTENT="Statsutskottets"/><SP WIDTH="29" VPOS="204" HPOS="1185"/>
							<String ID="string_2" HPOS="1214" VPOS="206" WIDTH="152" HEIGHT="28" WC="0.95" CONTENT="Utlåtande"/><SP WIDTH="24" VPOS="206" HPOS="1366"/>
							<String ID="string_3" HPOS="1390" VPOS="207" WIDTH="59" HEIGHT="28" WC="0.96" CONTENT="N:o"/><SP WIDTH="23" VPOS="207" HPOS="1449"/>
							<String ID="string_4" HPOS="1472" VPOS="209" WIDTH="27" HEIGHT="26" WC="0.95" CONTENT="9."/>
						</TextLine>
					</TextBlock>
				</ComposedBlock>
				<ComposedBlock ID="cblock_1" HPOS="413" VPOS="276" WIDTH="1614" HEIGHT="2035">
					<TextBlock ID="block_1" HPOS="424" VPOS="276" WIDTH="1601" HEIGHT="454">
						<TextLine ID="line_1" HPOS="427" VPOS="276" WIDTH="1596" HEIGHT="56">
							<String ID="string_5" HPOS="427" VPOS="276" WIDTH="204" HEIGHT="37" WC="0.95" CONTENT="anförande"/><SP WIDTH="21" VPOS="276" HPOS="631"/>
							<String ID="string_6" HPOS="652" VPOS="279" WIDTH="56" HEIGHT="34" WC="0.93" CONTENT="till"/><SP WIDTH="26" VPOS="279" HPOS="708"/>
							<String ID="string_7" HPOS="734" VPOS="279" WIDTH="392" HEIGHT="47" WC="0.92" CONTENT="statsrådprotokollet,"/><SP WIDTH="20" VPOS="279" HPOS="1126"/>
							<String ID="string_8" HPOS="1146" VPOS="281" WIDTH="47" HEIGHT="36" WC="0.96" CONTENT="då"/><SP WIDTH="18" VPOS="281" HPOS="1193"/>
							<String ID="string_9" HPOS="1211" VPOS="281" WIDTH="102" HEIGHT="47" WC="0.93" CONTENT="fråga"/><SP WIDTH="17" VPOS="281" HPOS="1313"/>
							<String ID="string_10" HPOS="1330" VPOS="282" WIDTH="177" HEIGHT="37" WC="0.92" CONTENT="förevarit"/><SP WIDTH="19" VPOS="282" HPOS="1507"/>
							<String ID="string_11" HPOS="1526" VPOS="297" WIDTH="59" HEIGHT="23" WC="0.96" CONTENT="om"/><SP WIDTH="20" VPOS="297" HPOS="1585"/>
							<String ID="string_12" HPOS="1605" VPOS="286" WIDTH="229" HEIGHT="46" WC="0.96" CONTENT="proposition"/><SP WIDTH="18" VPOS="286" HPOS="1834"/>
							<String ID="string_13" HPOS="1852" VPOS="287" WIDTH="57" HEIGHT="35" WC="0.96" CONTENT="till"/><SP WIDTH="22" VPOS="287" HPOS="1909"/>
							<String ID="string_14" HPOS="1931" VPOS="290" WIDTH="92" HEIGHT="35" WC="0.96" CONTENT="1899"/>
						</TextLine>
						<TextLine ID="line_2" HPOS="427" VPOS="327" WIDTH="1597" HEIGHT="54">
							<String ID="string_15" HPOS="427" VPOS="327" WIDTH="57" HEIGHT="35" WC="0.96" CONTENT="års"/><SP WIDTH="27" VPOS="327" HPOS="484"/>
							<String ID="string_16" HPOS="511" VPOS="327" WIDTH="164" HEIGHT="48" WC="0.96" CONTENT="Riksdag"/><SP WIDTH="28" VPOS="327" HPOS="675"/>
							<String ID="string_17" HPOS="703" VPOS="330" WIDTH="155" HEIGHT="35" WC="0.96" CONTENT="rörande"/><SP WIDTH="20" VPOS="330" HPOS="858"/>
							<String ID="string_18" HPOS="878" VPOS="331" WIDTH="228" HEIGHT="47" WC="0.95" CONTENT="regleringen"/><SP WIDTH="20" VPOS="331" HPOS="1106"/>
							<String ID="string_19" HPOS="1126" VPOS="331" WIDTH="42" HEIGHT="36" WC="0.93" CONTENT="af"/><SP WIDTH="24" VPOS="331" HPOS="1168"/>
							<String ID="string_20" HPOS="1192" VPOS="333" WIDTH="212" HEIGHT="35" WC="0.91" CONTENT="riksstatens"/><SP WIDTH="28" VPOS="333" HPOS="1404"/>
							<String ID="string_21" HPOS="1432" VPOS="334" WIDTH="152" HEIGHT="37" WC="0.92" CONTENT="åttonde"/><SP WIDTH="24" VPOS="334" HPOS="1584"/>
							<String ID="string_22" HPOS="1608" VPOS="334" WIDTH="233" HEIGHT="47" WC="0.91" CONTENT="hufvudtitel,"/><SP WIDTH="20" VPOS="334" HPOS="1841"/>
							<String ID="string_23" HPOS="1861" VPOS="337" WIDTH="95" HEIGHT="37" WC="0.93" CONTENT="hade"/><SP WIDTH="20" VPOS="337" HPOS="1956"/>
							<String ID="string_24" HPOS="1976" VPOS="339" WIDTH="48" HEIGHT="36" WC="0.91" CONTENT="di-"/>
						</TextLine>
						<TextLine ID="line_3" HPOS="427" VPOS="378" WIDTH="1597" HEIGHT="54">
							<String ID="string_25" HPOS="427" VPOS="378" WIDTH="190" HEIGHT="36" WC="0.92" CONTENT="rektionen"/><SP WIDTH="19" VPOS="378" HPOS="617"/>
							<String ID="string_26" HPOS="636" VPOS="379" WIDTH="58" HEIGHT="36" WC="0.96" CONTENT="för"/><SP WIDTH="20" VPOS="379" HPOS="694"/>
							<String ID="string_27" HPOS="714" VPOS="380" WIDTH="184" HEIGHT="36" WC="0.96" CONTENT="allmänna"/><SP WIDTH="19" VPOS="380" HPOS="898"/>
							<String ID="string_28" HPOS="917" VPOS="382" WIDTH="314" HEIGHT="37" WC="0.96" CONTENT="barnbördshuset"/><SP WIDTH="15" VPOS="382" HPOS="1231"/>
							<String ID="string_29" HPOS="1246" VPOS="384" WIDTH="9" HEIGHT="34" WC="0.96" CONTENT="i"/><SP WIDTH="18" VPOS="384" HPOS="1255"/>
							<String ID="string_30" HPOS="1273" VPOS="383" WIDTH="188" HEIGHT="38" WC="0.96" CONTENT="skrifvelse"/><SP WIDTH="20" VPOS="383" HPOS="1461"/>
							<String ID="string_31" HPOS="1481" VPOS="385" WIDTH="69" HEIGHT="36" WC="0.96" CONTENT="den"/><SP WIDTH="22" VPOS="385" HPOS="1550"/>
							<String ID="string_32" HPOS="1572" VPOS="388" WIDTH="43" HEIGHT="34" WC="0.96" CONTENT="23"/><SP WIDTH="22" VPOS="388" HPOS="1615"/>
							<String ID="string_33" HPOS="1637" VPOS="387" WIDTH="73" HEIGHT="45" WC="0.95" CONTENT="maj"/><SP WIDTH="25" VPOS="387" HPOS="1710"/>
							<String ID="string_34" HPOS="1735" VPOS="389" WIDTH="92" HEIGHT="35" WC="0.93" CONTENT="1898"/><SP WIDTH="17" VPOS="389" HPOS="1827"/>
							<String ID="string_35" HPOS="1844" VPOS="388" WIDTH="180" HEIGHT="44" WC="0.89" CONTENT="hemstält,"/>
						</TextLine>
						<TextLine ID="line_4" HPOS="426" VPOS="427" WIDTH="1599" HEIGHT="59">
							<String ID="string_36" HPOS="426" VPOS="427" WIDTH="62" HEIGHT="37" WC="0.96" CONTENT="det"/><SP WIDTH="28" VPOS="427" HPOS="488"/>
							<String ID="string_37" HPOS="516" VPOS="428" WIDTH="132" HEIGHT="47" WC="0.96" CONTENT="Kongl."/><SP WIDTH="29" VPOS="428" HPOS="648"/>
							<String ID="string_38" HPOS="677" VPOS="429" WIDTH="101" HEIGHT="48" WC="0.96" CONTENT="Maj:t"/><SP WIDTH="24" VPOS="429" HPOS="778"/>
							<String ID="string_39" HPOS="802" VPOS="432" WIDTH="138" HEIGHT="35" WC="0.96" CONTENT="täcktes"/><SP WIDTH="29" VPOS="432" HPOS="940"/>
							<String ID="string_40" HPOS="969" VPOS="433" WIDTH="175" HEIGHT="45" WC="0.95" CONTENT="antingen"/><SP WIDTH="23" VPOS="433" HPOS="1144"/>
							<String ID="string_41" HPOS="1167" VPOS="432" WIDTH="184" HEIGHT="47" WC="0.96" CONTENT="förordna,"/><SP WIDTH="21" VPOS="432" HPOS="1351"/>
							<String ID="string_42" HPOS="1372" VPOS="440" WIDTH="55" HEIGHT="30" WC="0.96" CONTENT="att"/><SP WIDTH="19" VPOS="440" HPOS="1427"/>
							<String ID="string_43" HPOS="1446" VPOS="437" WIDTH="139" HEIGHT="34" WC="0.93" CONTENT="antalet"/><SP WIDTH="19" VPOS="437" HPOS="1585"/>
							<String ID="string_44" HPOS="1604" VPOS="438" WIDTH="166" HEIGHT="44" WC="0.90" CONTENT="qvinnor,"/><SP WIDTH="21" VPOS="438" HPOS="1770"/>
							<String ID="string_45" HPOS="1791" VPOS="451" WIDTH="78" HEIGHT="22" WC="0.96" CONTENT="som"/><SP WIDTH="20" VPOS="451" HPOS="1869"/>
							<String ID="string_46" HPOS="1889" VPOS="440" WIDTH="97" HEIGHT="46" WC="0.93" CONTENT="finge"/><SP WIDTH="19" VPOS="440" HPOS="1986"/>
							<String ID="string_47" HPOS="2005" VPOS="440" WIDTH="20" HEIGHT="36" WC="0.89" CONTENT="å"/>
						</TextLine>
						<TextLine ID="line_5" HPOS="425" VPOS="480" WIDTH="1600" HEIGHT="55">
							<String ID="string_48" HPOS="425" VPOS="480" WIDTH="190" HEIGHT="35" WC="0.95" CONTENT="allmänna"/><SP WIDTH="35" VPOS="480" HPOS="615"/>
							<String ID="string_49" HPOS="650" VPOS="481" WIDTH="316" HEIGHT="37" WC="0.92" CONTENT="barnbördshuset"/><SP WIDTH="27" VPOS="481" HPOS="966"/>
							<String ID="string_50" HPOS="993" VPOS="484" WIDTH="152" HEIGHT="45" WC="0.91" CONTENT="intagas,"/><SP WIDTH="30" VPOS="484" HPOS="1145"/>
							<String ID="string_51" HPOS="1175" VPOS="485" WIDTH="118" HEIGHT="35" WC="0.96" CONTENT="skulle"/><SP WIDTH="27" VPOS="485" HPOS="1293"/>
							<String ID="string_52" HPOS="1320" VPOS="484" WIDTH="81" HEIGHT="37" WC="0.96" CONTENT="från"/><SP WIDTH="31" VPOS="484" HPOS="1401"/>
							<String ID="string_53" HPOS="1432" VPOS="485" WIDTH="70" HEIGHT="37" WC="0.96" CONTENT="den"/><SP WIDTH="30" VPOS="485" HPOS="1502"/>
							<String ID="string_54" HPOS="1532" VPOS="487" WIDTH="52" HEIGHT="35" WC="0.96" CONTENT="tid"/><SP WIDTH="33" VPOS="487" HPOS="1584"/>
							<String ID="string_55" HPOS="1617" VPOS="487" WIDTH="130" HEIGHT="46" WC="0.95" CONTENT="Kongl."/><SP WIDTH="28" VPOS="487" HPOS="1747"/>
							<String ID="string_56" HPOS="1775" VPOS="488" WIDTH="100" HEIGHT="47" WC="0.96" CONTENT="Maj:t"/><SP WIDTH="27" VPOS="488" HPOS="1875"/>
							<String ID="string_57" HPOS="1902" VPOS="490" WIDTH="123" HEIGHT="37" WC="0.96" CONTENT="kunde"/>
						</TextLine>
						<TextLine ID="line_6" HPOS="424" VPOS="530" WIDTH="1600" HEIGHT="61">
							<String ID="string_58" HPOS="424" VPOS="530" WIDTH="103" HEIGHT="35" WC="0.95" CONTENT="finna"/><SP WIDTH="26" VPOS="530" HPOS="527"/>
							<String ID="string_59" HPOS="553" VPOS="531" WIDTH="171" HEIGHT="46" WC="0.96" CONTENT="lämpligt"/><SP WIDTH="27" VPOS="531" HPOS="724"/>
							<String ID="string_60" HPOS="751" VPOS="539" WIDTH="52" HEIGHT="28" WC="0.96" CONTENT="att"/><SP WIDTH="27" VPOS="539" HPOS="803"/>
							<String ID="string_61" HPOS="830" VPOS="533" WIDTH="201" HEIGHT="35" WC="0.96" CONTENT="bestämma"/><SP WIDTH="26" VPOS="533" HPOS="1031"/>
							<String ID="string_62" HPOS="1057" VPOS="535" WIDTH="164" HEIGHT="35" WC="0.96" CONTENT="minskas"/><SP WIDTH="27" VPOS="535" HPOS="1221"/>
							<String ID="string_63" HPOS="1248" VPOS="536" WIDTH="57" HEIGHT="34" WC="0.96" CONTENT="till"/><SP WIDTH="29" VPOS="536" HPOS="1305"/>
							<String ID="string_64" HPOS="1334" VPOS="538" WIDTH="46" HEIGHT="34" WC="0.96" CONTENT="70"/><SP WIDTH="28" VPOS="538" HPOS="1380"/>
							<String ID="string_65" HPOS="1408" VPOS="536" WIDTH="12" HEIGHT="35" WC="0.96" CONTENT="i"/><SP WIDTH="28" VPOS="536" HPOS="1420"/>
							<String ID="string_66" HPOS="1448" VPOS="537" WIDTH="193" HEIGHT="44" WC="0.96" CONTENT="månaden,"/><SP WIDTH="29" VPOS="537" HPOS="1641"/>
							<String ID="string_67" HPOS="1670" VPOS="540" WIDTH="96" HEIGHT="42" WC="0.95" CONTENT="eller,"/><SP WIDTH="18" VPOS="540" HPOS="1766"/>
							<String ID="string_68" HPOS="1784" VPOS="538" WIDTH="57" HEIGHT="37" WC="0.96" CONTENT="för"/><SP WIDTH="19" VPOS="538" HPOS="1841"/>
							<String ID="string_69" HPOS="1860" VPOS="546" WIDTH="54" HEIGHT="29" WC="0.96" CONTENT="att"/><SP WIDTH="18" VPOS="546" HPOS="1914"/>
							<String ID="string_70" HPOS="1932" VPOS="538" WIDTH="92" HEIGHT="53" WC="0.92" CONTENT="möj-"/>
						</TextLine>
						<TextLine ID="line_7" HPOS="424" VPOS="581" WIDTH="1599" HEIGHT="55">
							<String ID="string_71" HPOS="424" VPOS="581" WIDTH="145" HEIGHT="46" WC="0.92" CONTENT="liggöra"/><SP WIDTH="39" VPOS="581" HPOS="569"/>
							<String ID="string_72" HPOS="608" VPOS="582" WIDTH="189" HEIGHT="35" WC="0.91" CONTENT="allmänna"/><SP WIDTH="40" VPOS="582" HPOS="797"/>
							<String ID="string_73" HPOS="837" VPOS="584" WIDTH="329" HEIGHT="36" WC="0.91" CONTENT="barnbördshusets"/><SP WIDTH="41" VPOS="584" HPOS="1166"/>
							<String ID="string_74" HPOS="1207" VPOS="586" WIDTH="233" HEIGHT="37" WC="0.95" CONTENT="verksamhet"/><SP WIDTH="36" VPOS="586" HPOS="1440"/>
							<String ID="string_75" HPOS="1476" VPOS="590" WIDTH="8" HEIGHT="32" WC="0.96" CONTENT="i"/><SP WIDTH="34" VPOS="590" HPOS="1484"/>
							<String ID="string_76" HPOS="1518" VPOS="601" WIDTH="141" HEIGHT="23" WC="0.95" CONTENT="samma"/><SP WIDTH="33" VPOS="601" HPOS="1659"/>
							<String ID="string_77" HPOS="1692" VPOS="589" WIDTH="223" HEIGHT="47" WC="0.96" CONTENT="omfattning"/><SP WIDTH="30" VPOS="589" HPOS="1915"/>
							<String ID="string_78" HPOS="1945" VPOS="604" WIDTH="78" HEIGHT="23" WC="0.96" CONTENT="som"/>
						</TextLine>
						<TextLine ID="line_8" HPOS="424" VPOS="631" WIDTH="1601" HEIGHT="54">
							<String ID="string_79" HPOS="424" VPOS="631" WIDTH="142" HEIGHT="45" WC="0.95" CONTENT="hittills,"/><SP WIDTH="40" VPOS="631" HPOS="566"/>
							<String ID="string_80" HPOS="606" VPOS="633" WIDTH="138" HEIGHT="47" WC="0.95" CONTENT="bevilja"/><SP WIDTH="40" VPOS="633" HPOS="744"/>
							<String ID="string_81" HPOS="784" VPOS="634" WIDTH="187" HEIGHT="35" WC="0.96" CONTENT="allmänna"/><SP WIDTH="40" VPOS="634" HPOS="971"/>
							<String ID="string_82" HPOS="1011" VPOS="635" WIDTH="313" HEIGHT="38" WC="0.96" CONTENT="barnbördshuset"/><SP WIDTH="39" VPOS="635" HPOS="1324"/>
							<String ID="string_83" HPOS="1363" VPOS="637" WIDTH="41" HEIGHT="36" WC="0.95" CONTENT="af"/><SP WIDTH="38" VPOS="637" HPOS="1404"/>
							<String ID="string_84" HPOS="1442" VPOS="637" WIDTH="210" HEIGHT="48" WC="0.96" CONTENT="disponibla"/><SP WIDTH="35" VPOS="637" HPOS="1652"/>
							<String ID="string_85" HPOS="1687" VPOS="640" WIDTH="118" HEIGHT="36" WC="0.95" CONTENT="medel"/><SP WIDTH="37" VPOS="640" HPOS="1805"/>
							<String ID="string_86" HPOS="1842" VPOS="647" WIDTH="52" HEIGHT="29" WC="0.95" CONTENT="ett"/><SP WIDTH="27" VPOS="647" HPOS="1894"/>
							<String ID="string_87" HPOS="1921" VPOS="648" WIDTH="104" HEIGHT="30" WC="0.96" CONTENT="extra"/>
						</TextLine>
						<TextLine ID="line_9" HPOS="424" VPOS="682" WIDTH="1337" HEIGHT="48">
							<String ID="string_88" HPOS="424" VPOS="683" WIDTH="129" HEIGHT="44" WC="0.96" CONTENT="anslag"/><SP WIDTH="28" VPOS="683" HPOS="553"/>
							<String ID="string_89" HPOS="581" VPOS="682" WIDTH="40" HEIGHT="36" WC="0.93" CONTENT="af"/><SP WIDTH="25" VPOS="682" HPOS="621"/>
							<String ID="string_90" HPOS="646" VPOS="685" WIDTH="107" HEIGHT="43" WC="0.91" CONTENT="6,000"/><SP WIDTH="27" VPOS="685" HPOS="753"/>
							<String ID="string_91" HPOS="780" VPOS="684" WIDTH="137" HEIGHT="46" WC="0.96" CONTENT="kronor"/><SP WIDTH="27" VPOS="684" HPOS="917"/>
							<String ID="string_92" HPOS="944" VPOS="684" WIDTH="57" HEIGHT="36" WC="0.93" CONTENT="för"/><SP WIDTH="27" VPOS="684" HPOS="1001"/>
							<String ID="string_93" HPOS="1028" VPOS="686" WIDTH="198" HEIGHT="36" WC="0.91" CONTENT="hvartdera"/><SP WIDTH="26" VPOS="686" HPOS="1226"/>
							<String ID="string_94" HPOS="1252" VPOS="686" WIDTH="40" HEIGHT="36" WC="0.96" CONTENT="af"/><SP WIDTH="23" VPOS="686" HPOS="1292"/>
							<String ID="string_95" HPOS="1315" VPOS="687" WIDTH="87" HEIGHT="37" WC="0.96" CONTENT="åren"/><SP WIDTH="32" VPOS="687" HPOS="1402"/>
							<String ID="string_96" HPOS="1434" VPOS="691" WIDTH="92" HEIGHT="35" WC="0.96" CONTENT="1898"/><SP WIDTH="31" VPOS="691" HPOS="1526"/>
							<String ID="string_97" HPOS="1557" VPOS="690" WIDTH="68" HEIGHT="35" WC="0.96" CONTENT="och"/><SP WIDTH="33" VPOS="690" HPOS="1625"/>
							<String ID="string_98" HPOS="1658" VPOS="692" WIDTH="103" HEIGHT="34" WC="0.95" CONTENT="1899."/>
						</TextLine>
					</TextBlock>
					<TextBlock ID="block_2" HPOS="423" VPOS="732" WIDTH="1604" HEIGHT="356">
						<TextLine ID="line_10" HPOS="525" VPOS="732" WIDTH="1498" HEIGHT="55">
							<String ID="string_99" HPOS="525" VPOS="732" WIDTH="257" HEIGHT="38" WC="0.92" CONTENT="Direktionens"/><SP WIDTH="19" VPOS="732" HPOS="782"/>
							<String ID="string_100" HPOS="801" VPOS="733" WIDTH="137" HEIGHT="48" WC="0.96" CONTENT="förslag"/><SP WIDTH="20" VPOS="733" HPOS="938"/>
							<String ID="string_101" HPOS="958" VPOS="749" WIDTH="59" HEIGHT="22" WC="0.96" CONTENT="om"/><SP WIDTH="18" VPOS="749" HPOS="1017"/>
							<String ID="string_102" HPOS="1035" VPOS="736" WIDTH="269" HEIGHT="47" WC="0.96" CONTENT="inskränkning"/><SP WIDTH="19" VPOS="736" HPOS="1304"/>
							<String ID="string_103" HPOS="1323" VPOS="739" WIDTH="8" HEIGHT="34" WC="0.93" CONTENT="i"/><SP WIDTH="20" VPOS="739" HPOS="1331"/>
							<String ID="string_104" HPOS="1351" VPOS="739" WIDTH="284" HEIGHT="47" WC="0.89" CONTENT="patientantalet"/><SP WIDTH="19" VPOS="739" HPOS="1635"/>
							<String ID="string_105" HPOS="1654" VPOS="740" WIDTH="94" HEIGHT="37" WC="0.96" CONTENT="hade"/><SP WIDTH="19" VPOS="740" HPOS="1748"/>
							<String ID="string_106" HPOS="1767" VPOS="742" WIDTH="10" HEIGHT="35" WC="0.96" CONTENT="i"/><SP WIDTH="19" VPOS="742" HPOS="1777"/>
							<String ID="string_107" HPOS="1796" VPOS="741" WIDTH="227" HEIGHT="46" WC="0.96" CONTENT="utlåtanden,"/>
						</TextLine>
						<TextLine ID="line_11" HPOS="423" VPOS="782" WIDTH="1601" HEIGHT="53">
							<String ID="string_108" HPOS="423" VPOS="795" WIDTH="80" HEIGHT="23" WC="0.93" CONTENT="som"/><SP WIDTH="27" VPOS="795" HPOS="503"/>
							<String ID="string_109" HPOS="530" VPOS="782" WIDTH="163" HEIGHT="47" WC="0.90" CONTENT="afgifvits"/><SP WIDTH="29" VPOS="782" HPOS="693"/>
							<String ID="string_110" HPOS="722" VPOS="784" WIDTH="39" HEIGHT="36" WC="0.93" CONTENT="af"/><SP WIDTH="24" VPOS="784" HPOS="761"/>
							<String ID="string_111" HPOS="785" VPOS="786" WIDTH="324" HEIGHT="37" WC="0.92" CONTENT="kanslersembetet"/><SP WIDTH="28" VPOS="786" HPOS="1109"/>
							<String ID="string_112" HPOS="1137" VPOS="788" WIDTH="69" HEIGHT="35" WC="0.93" CONTENT="och"/><SP WIDTH="26" VPOS="788" HPOS="1206"/>
							<String ID="string_113" HPOS="1232" VPOS="789" WIDTH="293" HEIGHT="46" WC="0.90" CONTENT="lärarekollegiet"/><SP WIDTH="27" VPOS="789" HPOS="1525"/>
							<String ID="string_114" HPOS="1552" VPOS="791" WIDTH="61" HEIGHT="36" WC="0.96" CONTENT="vid"/><SP WIDTH="20" VPOS="791" HPOS="1613"/>
							<String ID="string_115" HPOS="1633" VPOS="792" WIDTH="212" HEIGHT="36" WC="0.92" CONTENT="karolinska"/><SP WIDTH="19" VPOS="792" HPOS="1845"/>
							<String ID="string_116" HPOS="1864" VPOS="794" WIDTH="160" HEIGHT="35" WC="0.91" CONTENT="mediko-"/>
						</TextLine>
						<TextLine ID="line_12" HPOS="423" VPOS="834" WIDTH="1600" HEIGHT="54">
							<String ID="string_117" HPOS="423" VPOS="834" WIDTH="209" HEIGHT="45" WC="0.96" CONTENT="kirurgiska"/><SP WIDTH="41" VPOS="834" HPOS="632"/>
							<String ID="string_118" HPOS="673" VPOS="836" WIDTH="180" HEIGHT="36" WC="0.95" CONTENT="institutet"/><SP WIDTH="40" VPOS="836" HPOS="853"/>
							<String ID="string_119" HPOS="893" VPOS="844" WIDTH="95" HEIGHT="28" WC="0.95" CONTENT="samt"/><SP WIDTH="39" VPOS="844" HPOS="988"/>
							<String ID="string_120" HPOS="1027" VPOS="837" WIDTH="41" HEIGHT="35" WC="0.92" CONTENT="af"/><SP WIDTH="34" VPOS="837" HPOS="1068"/>
							<String ID="string_121" HPOS="1102" VPOS="838" WIDTH="389" HEIGHT="49" WC="0.91" CONTENT="medicinalstyrelsen,"/><SP WIDTH="37" VPOS="838" HPOS="1491"/>
							<String ID="string_122" HPOS="1528" VPOS="841" WIDTH="123" HEIGHT="37" WC="0.96" CONTENT="blifvit"/><SP WIDTH="35" VPOS="841" HPOS="1651"/>
							<String ID="string_123" HPOS="1686" VPOS="842" WIDTH="47" HEIGHT="46" WC="0.96" CONTENT="på"/><SP WIDTH="32" VPOS="842" HPOS="1733"/>
							<String ID="string_124" HPOS="1765" VPOS="842" WIDTH="154" HEIGHT="37" WC="0.96" CONTENT="anförda"/><SP WIDTH="27" VPOS="842" HPOS="1919"/>
							<String ID="string_125" HPOS="1946" VPOS="845" WIDTH="77" HEIGHT="35" WC="0.96" CONTENT="skäl"/>
						</TextLine>
						<TextLine ID="line_13" HPOS="424" VPOS="884" WIDTH="1600" HEIGHT="51">
							<String ID="string_126" HPOS="424" VPOS="884" WIDTH="178" HEIGHT="46" WC="0.93" CONTENT="enhälligt"/><SP WIDTH="28" VPOS="884" HPOS="602"/>
							<String ID="string_127" HPOS="630" VPOS="885" WIDTH="175" HEIGHT="49" WC="0.91" CONTENT="afstyrkt;"/><SP WIDTH="27" VPOS="885" HPOS="805"/>
							<String ID="string_128" HPOS="832" VPOS="887" WIDTH="66" HEIGHT="34" WC="0.95" CONTENT="och"/><SP WIDTH="30" VPOS="887" HPOS="898"/>
							<String ID="string_129" HPOS="928" VPOS="888" WIDTH="44" HEIGHT="34" WC="0.93" CONTENT="då"/><SP WIDTH="29" VPOS="888" HPOS="972"/>
							<String ID="string_130" HPOS="1001" VPOS="888" WIDTH="399" HEIGHT="47" WC="0.91" CONTENT="departementschefen"/><SP WIDTH="30" VPOS="888" HPOS="1400"/>
							<String ID="string_131" HPOS="1430" VPOS="891" WIDTH="70" HEIGHT="35" WC="0.96" CONTENT="den"/><SP WIDTH="28" VPOS="891" HPOS="1500"/>
							<String ID="string_132" HPOS="1528" VPOS="894" WIDTH="43" HEIGHT="34" WC="0.96" CONTENT="18"/><SP WIDTH="21" VPOS="894" HPOS="1571"/>
							<String ID="string_133" HPOS="1592" VPOS="894" WIDTH="200" HEIGHT="35" WC="0.96" CONTENT="november"/><SP WIDTH="23" VPOS="894" HPOS="1792"/>
							<String ID="string_134" HPOS="1815" VPOS="896" WIDTH="91" HEIGHT="34" WC="0.96" CONTENT="1898"/><SP WIDTH="20" VPOS="896" HPOS="1906"/>
							<String ID="string_135" HPOS="1926" VPOS="894" WIDTH="98" HEIGHT="37" WC="0.96" CONTENT="inför"/>
						</TextLine>
						<TextLine ID="line_14" HPOS="423" VPOS="934" WIDTH="1599" HEIGHT="58">
							<String ID="string_136" HPOS="423" VPOS="934" WIDTH="133" HEIGHT="46" WC="0.94" CONTENT="Kongl."/><SP WIDTH="27" VPOS="934" HPOS="556"/>
							<String ID="string_137" HPOS="583" VPOS="935" WIDTH="103" HEIGHT="48" WC="0.96" CONTENT="Maj:t"/><SP WIDTH="39" VPOS="935" HPOS="686"/>
							<String ID="string_138" HPOS="725" VPOS="936" WIDTH="199" HEIGHT="47" WC="0.96" CONTENT="föredragit"/><SP WIDTH="42" VPOS="936" HPOS="924"/>
							<String ID="string_139" HPOS="966" VPOS="938" WIDTH="100" HEIGHT="36" WC="0.96" CONTENT="detta"/><SP WIDTH="32" VPOS="938" HPOS="1066"/>
							<String ID="string_140" HPOS="1098" VPOS="940" WIDTH="144" HEIGHT="45" WC="0.96" CONTENT="ärende,"/><SP WIDTH="39" VPOS="940" HPOS="1242"/>
							<String ID="string_141" HPOS="1281" VPOS="941" WIDTH="94" HEIGHT="35" WC="0.97" CONTENT="hade"/><SP WIDTH="36" VPOS="941" HPOS="1375"/>
							<String ID="string_142" HPOS="1411" VPOS="942" WIDTH="133" HEIGHT="46" WC="0.96" CONTENT="Kongl."/><SP WIDTH="27" VPOS="942" HPOS="1544"/>
							<String ID="string_143" HPOS="1571" VPOS="943" WIDTH="113" HEIGHT="48" WC="0.95" CONTENT="Maj:t,"/><SP WIDTH="27" VPOS="943" HPOS="1684"/>
							<String ID="string_144" HPOS="1711" VPOS="945" WIDTH="11" HEIGHT="34" WC="0.96" CONTENT="i"/><SP WIDTH="28" VPOS="945" HPOS="1722"/>
							<String ID="string_145" HPOS="1750" VPOS="945" WIDTH="162" HEIGHT="47" WC="0.95" CONTENT="enlighet"/><SP WIDTH="26" VPOS="945" HPOS="1912"/>
							<String ID="string_146" HPOS="1938" VPOS="946" WIDTH="84" HEIGHT="35" WC="0.96" CONTENT="med"/>
						</TextLine>
						<TextLine ID="line_15" HPOS="424" VPOS="985" WIDTH="1603" HEIGHT="58">
							<String ID="string_147" HPOS="424" VPOS="985" WIDTH="418" HEIGHT="47" WC="0.92" CONTENT="departementschefens"/><SP WIDTH="41" VPOS="985" HPOS="842"/>
							<String ID="string_148" HPOS="883" VPOS="989" WIDTH="226" HEIGHT="42" WC="0.96" CONTENT="hemställan,"/><SP WIDTH="29" VPOS="989" HPOS="1109"/>
							<String ID="string_149" HPOS="1138" VPOS="991" WIDTH="30" HEIGHT="45" WC="0.96" CONTENT="ej"/><SP WIDTH="29" VPOS="991" HPOS="1168"/>
							<String ID="string_150" HPOS="1197" VPOS="990" WIDTH="124" HEIGHT="37" WC="0.96" CONTENT="funnit"/><SP WIDTH="26" VPOS="990" HPOS="1321"/>
							<String ID="string_151" HPOS="1347" VPOS="992" WIDTH="78" HEIGHT="35" WC="0.96" CONTENT="skäl"/><SP WIDTH="30" VPOS="992" HPOS="1425"/>
							<String ID="string_152" HPOS="1455" VPOS="992" WIDTH="176" HEIGHT="37" WC="0.96" CONTENT="förordna"/><SP WIDTH="28" VPOS="992" HPOS="1631"/>
							<String ID="string_153" HPOS="1659" VPOS="1007" WIDTH="60" HEIGHT="22" WC="0.96" CONTENT="om"/><SP WIDTH="26" VPOS="1007" HPOS="1719"/>
							<String ID="string_154" HPOS="1745" VPOS="995" WIDTH="215" HEIGHT="48" WC="0.96" CONTENT="minskning"/><SP WIDTH="26" VPOS="995" HPOS="1960"/>
							<String ID="string_155" HPOS="1986" VPOS="996" WIDTH="41" HEIGHT="36" WC="0.95" CONTENT="af"/>
						</TextLine>
						<TextLine ID="line_16" HPOS="424" VPOS="1036" WIDTH="1543" HEIGHT="52">
							<String ID="string_156" HPOS="424" VPOS="1036" WIDTH="62" HEIGHT="35" WC="0.96" CONTENT="det"/><SP WIDTH="27" VPOS="1036" HPOS="486"/>
							<String ID="string_157" HPOS="513" VPOS="1038" WIDTH="99" HEIGHT="34" WC="0.93" CONTENT="antal"/><SP WIDTH="28" VPOS="1038" HPOS="612"/>
							<String ID="string_158" HPOS="640" VPOS="1037" WIDTH="319" HEIGHT="47" WC="0.89" CONTENT="barnaföderskor,"/><SP WIDTH="29" VPOS="1037" HPOS="959"/>
							<String ID="string_159" HPOS="988" VPOS="1052" WIDTH="77" HEIGHT="23" WC="0.96" CONTENT="som"/><SP WIDTH="28" VPOS="1052" HPOS="1065"/>
							<String ID="string_160" HPOS="1093" VPOS="1041" WIDTH="99" HEIGHT="45" WC="0.93" CONTENT="finge"/><SP WIDTH="18" VPOS="1041" HPOS="1192"/>
							<String ID="string_161" HPOS="1210" VPOS="1042" WIDTH="141" HEIGHT="46" WC="0.89" CONTENT="intagas"/><SP WIDTH="29" VPOS="1042" HPOS="1351"/>
							<String ID="string_162" HPOS="1380" VPOS="1042" WIDTH="20" HEIGHT="36" WC="0.87" CONTENT="å"/><SP WIDTH="28" VPOS="1042" HPOS="1400"/>
							<String ID="string_163" HPOS="1428" VPOS="1044" WIDTH="188" HEIGHT="36" WC="0.95" CONTENT="allmänna"/><SP WIDTH="28" VPOS="1044" HPOS="1616"/>
							<String ID="string_164" HPOS="1644" VPOS="1045" WIDTH="323" HEIGHT="37" WC="0.96" CONTENT="barnbördshuset."/>
						</TextLine>
					</TextBlock>
					<TextBlock ID="block_3" HPOS="418" VPOS="1087" WIDTH="1607" HEIGHT="604">
						<TextLine ID="line_17" HPOS="526" VPOS="1087" WIDTH="1496" HEIGHT="53">
							<String ID="string_165" HPOS="526" VPOS="1087" WIDTH="70" HEIGHT="35" WC="0.96" CONTENT="Vid"/><SP WIDTH="32" VPOS="1087" HPOS="596"/>
							<String ID="string_166" HPOS="628" VPOS="1091" WIDTH="94" HEIGHT="34" WC="0.96" CONTENT="1899"/><SP WIDTH="30" VPOS="1091" HPOS="722"/>
							<String ID="string_167" HPOS="752" VPOS="1088" WIDTH="55" HEIGHT="37" WC="0.95" CONTENT="års"/><SP WIDTH="28" VPOS="1088" HPOS="807"/>
							<String ID="string_168" HPOS="835" VPOS="1090" WIDTH="149" HEIGHT="47" WC="0.95" CONTENT="riksdag"/><SP WIDTH="27" VPOS="1090" HPOS="984"/>
							<String ID="string_169" HPOS="1011" VPOS="1091" WIDTH="93" HEIGHT="35" WC="0.96" CONTENT="hade"/><SP WIDTH="28" VPOS="1091" HPOS="1104"/>
							<String ID="string_170" HPOS="1132" VPOS="1091" WIDTH="131" HEIGHT="48" WC="0.96" CONTENT="Kongl."/><SP WIDTH="27" VPOS="1091" HPOS="1263"/>
							<String ID="string_171" HPOS="1290" VPOS="1092" WIDTH="101" HEIGHT="48" WC="0.96" CONTENT="Maj:t"/><SP WIDTH="27" VPOS="1092" HPOS="1391"/>
							<String ID="string_172" HPOS="1418" VPOS="1093" WIDTH="198" HEIGHT="47" WC="0.96" CONTENT="föreslagit,"/><SP WIDTH="20" VPOS="1093" HPOS="1616"/>
							<String ID="string_173" HPOS="1636" VPOS="1101" WIDTH="55" HEIGHT="30" WC="0.96" CONTENT="att"/><SP WIDTH="18" VPOS="1101" HPOS="1691"/>
							<String ID="string_174" HPOS="1709" VPOS="1097" WIDTH="188" HEIGHT="35" WC="0.91" CONTENT="allmänna"/><SP WIDTH="20" VPOS="1097" HPOS="1897"/>
							<String ID="string_175" HPOS="1917" VPOS="1098" WIDTH="105" HEIGHT="35" WC="0.91" CONTENT="barn-"/>
						</TextLine>
						<TextLine ID="line_18" HPOS="423" VPOS="1137" WIDTH="1598" HEIGHT="56">
							<String ID="string_176" HPOS="423" VPOS="1137" WIDTH="236" HEIGHT="37" WC="0.92" CONTENT="bördshusets"/><SP WIDTH="20" VPOS="1137" HPOS="659"/>
							<String ID="string_177" HPOS="679" VPOS="1139" WIDTH="183" HEIGHT="37" WC="0.96" CONTENT="ordinarie"/><SP WIDTH="18" VPOS="1139" HPOS="862"/>
							<String ID="string_178" HPOS="880" VPOS="1142" WIDTH="128" HEIGHT="44" WC="0.96" CONTENT="anslag"/><SP WIDTH="19" VPOS="1142" HPOS="1008"/>
							<String ID="string_179" HPOS="1027" VPOS="1141" WIDTH="111" HEIGHT="37" WC="0.96" CONTENT="måtte"/><SP WIDTH="18" VPOS="1141" HPOS="1138"/>
							<String ID="string_180" HPOS="1156" VPOS="1142" WIDTH="102" HEIGHT="46" WC="0.96" CONTENT="höjas"/><SP WIDTH="20" VPOS="1142" HPOS="1258"/>
							<String ID="string_181" HPOS="1278" VPOS="1144" WIDTH="83" HEIGHT="35" WC="0.93" CONTENT="med"/><SP WIDTH="30" VPOS="1144" HPOS="1361"/>
							<String ID="string_182" HPOS="1391" VPOS="1146" WIDTH="106" HEIGHT="42" WC="0.92" CONTENT="6,000"/><SP WIDTH="28" VPOS="1146" HPOS="1497"/>
							<String ID="string_183" HPOS="1525" VPOS="1146" WIDTH="139" HEIGHT="35" WC="0.95" CONTENT="kronor"/><SP WIDTH="27" VPOS="1146" HPOS="1664"/>
							<String ID="string_184" HPOS="1691" VPOS="1147" WIDTH="86" HEIGHT="35" WC="0.95" CONTENT="eller"/><SP WIDTH="26" VPOS="1147" HPOS="1777"/>
							<String ID="string_185" HPOS="1803" VPOS="1148" WIDTH="58" HEIGHT="35" WC="0.93" CONTENT="till"/><SP WIDTH="29" VPOS="1148" HPOS="1861"/>
							<String ID="string_186" HPOS="1890" VPOS="1150" WIDTH="131" HEIGHT="43" WC="0.92" CONTENT="29,760"/>
						</TextLine>
						<TextLine ID="line_19" HPOS="422" VPOS="1188" WIDTH="1599" HEIGHT="59">
							<String ID="string_187" HPOS="422" VPOS="1188" WIDTH="148" HEIGHT="45" WC="0.96" CONTENT="kronor,"/><SP WIDTH="28" VPOS="1188" HPOS="570"/>
							<String ID="string_188" HPOS="598" VPOS="1189" WIDTH="69" HEIGHT="35" WC="0.96" CONTENT="och"/><SP WIDTH="28" VPOS="1189" HPOS="667"/>
							<String ID="string_189" HPOS="695" VPOS="1190" WIDTH="217" HEIGHT="46" WC="0.96" CONTENT="Riksdagen,"/><SP WIDTH="24" VPOS="1190" HPOS="912"/>
							<String ID="string_190" HPOS="936" VPOS="1204" WIDTH="78" HEIGHT="23" WC="0.96" CONTENT="som"/><SP WIDTH="21" VPOS="1204" HPOS="1014"/>
							<String ID="string_191" HPOS="1035" VPOS="1193" WIDTH="77" HEIGHT="35" WC="0.96" CONTENT="icke"/><SP WIDTH="19" VPOS="1193" HPOS="1112"/>
							<String ID="string_192" HPOS="1131" VPOS="1192" WIDTH="124" HEIGHT="37" WC="0.96" CONTENT="funnit"/><SP WIDTH="19" VPOS="1192" HPOS="1255"/>
							<String ID="string_193" HPOS="1274" VPOS="1194" WIDTH="110" HEIGHT="45" WC="0.96" CONTENT="något"/><SP WIDTH="20" VPOS="1194" HPOS="1384"/>
							<String ID="string_194" HPOS="1404" VPOS="1201" WIDTH="54" HEIGHT="29" WC="0.96" CONTENT="att"/><SP WIDTH="20" VPOS="1201" HPOS="1458"/>
							<String ID="string_195" HPOS="1478" VPOS="1197" WIDTH="119" HEIGHT="34" WC="0.96" CONTENT="erinra"/><SP WIDTH="20" VPOS="1197" HPOS="1597"/>
							<String ID="string_196" HPOS="1617" VPOS="1203" WIDTH="79" HEIGHT="29" WC="0.96" CONTENT="mot"/><SP WIDTH="18" VPOS="1203" HPOS="1696"/>
							<String ID="string_197" HPOS="1714" VPOS="1197" WIDTH="98" HEIGHT="36" WC="0.96" CONTENT="hvad"/><SP WIDTH="20" VPOS="1197" HPOS="1812"/>
							<String ID="string_198" HPOS="1832" VPOS="1197" WIDTH="39" HEIGHT="36" WC="0.96" CONTENT="af"/><SP WIDTH="16" VPOS="1197" HPOS="1871"/>
							<String ID="string_199" HPOS="1887" VPOS="1198" WIDTH="134" HEIGHT="49" WC="0.91" CONTENT="Kongl."/>
						</TextLine>
						<TextLine ID="line_20" HPOS="421" VPOS="1238" WIDTH="1600" HEIGHT="52">
							<String ID="string_200" HPOS="421" VPOS="1238" WIDTH="102" HEIGHT="47" WC="0.96" CONTENT="Maj:t"/><SP WIDTH="26" VPOS="1238" HPOS="523"/>
							<String ID="string_201" HPOS="549" VPOS="1240" WIDTH="12" HEIGHT="35" WC="0.96" CONTENT="i"/><SP WIDTH="27" VPOS="1240" HPOS="561"/>
							<String ID="string_202" HPOS="588" VPOS="1240" WIDTH="100" HEIGHT="36" WC="0.96" CONTENT="detta"/><SP WIDTH="28" VPOS="1240" HPOS="688"/>
							<String ID="string_203" HPOS="716" VPOS="1240" WIDTH="170" HEIGHT="37" WC="0.96" CONTENT="afseende"/><SP WIDTH="28" VPOS="1240" HPOS="886"/>
							<String ID="string_204" HPOS="914" VPOS="1241" WIDTH="215" HEIGHT="47" WC="0.95" CONTENT="föreslagits,"/><SP WIDTH="28" VPOS="1241" HPOS="1129"/>
							<String ID="string_205" HPOS="1157" VPOS="1244" WIDTH="95" HEIGHT="35" WC="0.96" CONTENT="hade"/><SP WIDTH="23" VPOS="1244" HPOS="1252"/>
							<String ID="string_206" HPOS="1275" VPOS="1245" WIDTH="75" HEIGHT="45" WC="0.96" CONTENT="höjt"/><SP WIDTH="20" VPOS="1245" HPOS="1350"/>
							<String ID="string_207" HPOS="1370" VPOS="1246" WIDTH="189" HEIGHT="36" WC="0.93" CONTENT="allmänna"/><SP WIDTH="18" VPOS="1246" HPOS="1559"/>
							<String ID="string_208" HPOS="1577" VPOS="1248" WIDTH="333" HEIGHT="37" WC="0.91" CONTENT="barnbördshusets"/><SP WIDTH="18" VPOS="1248" HPOS="1910"/>
							<String ID="string_209" HPOS="1928" VPOS="1250" WIDTH="93" HEIGHT="35" WC="0.93" CONTENT="ordi-"/>
						</TextLine>
						<TextLine ID="line_21" HPOS="421" VPOS="1291" WIDTH="1604" HEIGHT="56">
							<String ID="string_210" HPOS="421" VPOS="1291" WIDTH="103" HEIGHT="34" WC="0.92" CONTENT="narie"/><SP WIDTH="28" VPOS="1291" HPOS="524"/>
							<String ID="string_211" HPOS="552" VPOS="1291" WIDTH="129" HEIGHT="47" WC="0.94" CONTENT="anslag"/><SP WIDTH="28" VPOS="1291" HPOS="681"/>
							<String ID="string_212" HPOS="709" VPOS="1292" WIDTH="57" HEIGHT="35" WC="0.96" CONTENT="till"/><SP WIDTH="19" VPOS="1292" HPOS="766"/>
							<String ID="string_213" HPOS="785" VPOS="1293" WIDTH="226" HEIGHT="35" WC="0.96" CONTENT="sistnämnda"/><SP WIDTH="18" VPOS="1293" HPOS="1011"/>
							<String ID="string_214" HPOS="1029" VPOS="1306" WIDTH="152" HEIGHT="32" WC="0.93" CONTENT="summa,"/><SP WIDTH="20" VPOS="1306" HPOS="1181"/>
							<String ID="string_215" HPOS="1201" VPOS="1295" WIDTH="202" HEIGHT="48" WC="0.90" CONTENT="hvarjemte"/><SP WIDTH="20" VPOS="1295" HPOS="1403"/>
							<String ID="string_216" HPOS="1423" VPOS="1296" WIDTH="219" HEIGHT="47" WC="0.95" CONTENT="Riksdagen,"/><SP WIDTH="20" VPOS="1296" HPOS="1642"/>
							<String ID="string_217" HPOS="1662" VPOS="1299" WIDTH="84" HEIGHT="35" WC="0.96" CONTENT="med"/><SP WIDTH="19" VPOS="1299" HPOS="1746"/>
							<String ID="string_218" HPOS="1765" VPOS="1299" WIDTH="201" HEIGHT="48" WC="0.96" CONTENT="anledning"/><SP WIDTH="19" VPOS="1299" HPOS="1966"/>
							<String ID="string_219" HPOS="1985" VPOS="1300" WIDTH="40" HEIGHT="36" WC="0.96" CONTENT="af"/>
						</TextLine>
						<TextLine ID="line_22" HPOS="421" VPOS="1339" WIDTH="1599" HEIGHT="54">
							<String ID="string_220" HPOS="421" VPOS="1345" WIDTH="53" HEIGHT="30" WC="0.96" CONTENT="ett"/><SP WIDTH="20" VPOS="1345" HPOS="474"/>
							<String ID="string_221" HPOS="494" VPOS="1339" WIDTH="80" HEIGHT="37" WC="0.95" CONTENT="utaf"/><SP WIDTH="16" VPOS="1339" HPOS="574"/>
							<String ID="string_222" HPOS="590" VPOS="1341" WIDTH="135" HEIGHT="48" WC="0.95" CONTENT="Kongl."/><SP WIDTH="19" VPOS="1341" HPOS="725"/>
							<String ID="string_223" HPOS="744" VPOS="1342" WIDTH="99" HEIGHT="46" WC="0.96" CONTENT="Maj:t"/><SP WIDTH="18" VPOS="1342" HPOS="843"/>
							<String ID="string_224" HPOS="861" VPOS="1343" WIDTH="120" HEIGHT="36" WC="0.93" CONTENT="tillika"/><SP WIDTH="27" VPOS="1343" HPOS="981"/>
							<String ID="string_225" HPOS="1008" VPOS="1342" WIDTH="210" HEIGHT="39" WC="0.92" CONTENT="framstäldt"/><SP WIDTH="27" VPOS="1342" HPOS="1218"/>
							<String ID="string_226" HPOS="1245" VPOS="1344" WIDTH="147" HEIGHT="48" WC="0.96" CONTENT="förslag,"/><SP WIDTH="28" VPOS="1344" HPOS="1392"/>
							<String ID="string_227" HPOS="1420" VPOS="1347" WIDTH="48" HEIGHT="46" WC="0.96" CONTENT="på"/><SP WIDTH="28" VPOS="1347" HPOS="1468"/>
							<String ID="string_228" HPOS="1496" VPOS="1354" WIDTH="103" HEIGHT="30" WC="0.96" CONTENT="extra"/><SP WIDTH="18" VPOS="1354" HPOS="1599"/>
							<String ID="string_229" HPOS="1617" VPOS="1354" WIDTH="74" HEIGHT="30" WC="0.96" CONTENT="stat"/><SP WIDTH="17" VPOS="1354" HPOS="1691"/>
							<String ID="string_230" HPOS="1708" VPOS="1348" WIDTH="57" HEIGHT="37" WC="0.96" CONTENT="för"/><SP WIDTH="18" VPOS="1348" HPOS="1765"/>
							<String ID="string_231" HPOS="1783" VPOS="1349" WIDTH="40" HEIGHT="36" WC="0.96" CONTENT="år"/><SP WIDTH="22" VPOS="1349" HPOS="1823"/>
							<String ID="string_232" HPOS="1845" VPOS="1352" WIDTH="94" HEIGHT="35" WC="0.93" CONTENT="1900"/><SP WIDTH="20" VPOS="1352" HPOS="1939"/>
							<String ID="string_233" HPOS="1959" VPOS="1364" WIDTH="61" HEIGHT="23" WC="0.92" CONTENT="an-"/>
						</TextLine>
						<TextLine ID="line_23" HPOS="420" VPOS="1391" WIDTH="1600" HEIGHT="56">
							<String ID="string_234" HPOS="420" VPOS="1391" WIDTH="96" HEIGHT="35" WC="0.96" CONTENT="visat"/><SP WIDTH="36" VPOS="1391" HPOS="516"/>
							<String ID="string_235" HPOS="552" VPOS="1397" WIDTH="50" HEIGHT="30" WC="0.95" CONTENT="ett"/><SP WIDTH="35" VPOS="1397" HPOS="602"/>
							<String ID="string_236" HPOS="637" VPOS="1393" WIDTH="130" HEIGHT="45" WC="0.94" CONTENT="anslag"/><SP WIDTH="36" VPOS="1393" HPOS="767"/>
							<String ID="string_237" HPOS="803" VPOS="1392" WIDTH="39" HEIGHT="36" WC="0.93" CONTENT="af"/><SP WIDTH="41" VPOS="1392" HPOS="842"/>
							<String ID="string_238" HPOS="883" VPOS="1396" WIDTH="105" HEIGHT="43" WC="0.76" CONTENT="6,000"/><SP WIDTH="41" VPOS="1396" HPOS="988"/>
							<String ID="string_239" HPOS="1029" VPOS="1395" WIDTH="139" HEIGHT="36" WC="0.96" CONTENT="kronor"/><SP WIDTH="36" VPOS="1395" HPOS="1168"/>
							<String ID="string_240" HPOS="1204" VPOS="1396" WIDTH="116" HEIGHT="36" WC="0.96" CONTENT="såsom"/><SP WIDTH="27" VPOS="1396" HPOS="1320"/>
							<String ID="string_241" HPOS="1347" VPOS="1397" WIDTH="133" HEIGHT="47" WC="0.96" CONTENT="bidrag"/><SP WIDTH="27" VPOS="1397" HPOS="1480"/>
							<String ID="string_242" HPOS="1507" VPOS="1400" WIDTH="57" HEIGHT="34" WC="0.93" CONTENT="till"/><SP WIDTH="27" VPOS="1400" HPOS="1564"/>
							<String ID="string_243" HPOS="1591" VPOS="1400" WIDTH="273" HEIGHT="47" WC="0.91" CONTENT="uppehållande"/><SP WIDTH="27" VPOS="1400" HPOS="1864"/>
							<String ID="string_244" HPOS="1891" VPOS="1401" WIDTH="41" HEIGHT="36" WC="0.91" CONTENT="af"/><SP WIDTH="23" VPOS="1401" HPOS="1932"/>
							<String ID="string_245" HPOS="1955" VPOS="1403" WIDTH="65" HEIGHT="34" WC="0.87" CONTENT="all-"/>
						</TextLine>
						<TextLine ID="line_24" HPOS="420" VPOS="1443" WIDTH="1600" HEIGHT="53">
							<String ID="string_246" HPOS="420" VPOS="1449" WIDTH="136" HEIGHT="28" WC="0.89" CONTENT="männa"/><SP WIDTH="27" VPOS="1449" HPOS="556"/>
							<String ID="string_247" HPOS="583" VPOS="1443" WIDTH="330" HEIGHT="36" WC="0.91" CONTENT="barnbördshusets"/><SP WIDTH="27" VPOS="1443" HPOS="913"/>
							<String ID="string_248" HPOS="940" VPOS="1446" WIDTH="243" HEIGHT="36" WC="0.95" CONTENT="verksamhet."/><SP WIDTH="37" VPOS="1446" HPOS="1183"/>
							<String ID="string_249" HPOS="1220" VPOS="1445" WIDTH="235" HEIGHT="38" WC="0.96" CONTENT="Sistnämnda"/><SP WIDTH="26" VPOS="1445" HPOS="1455"/>
							<String ID="string_250" HPOS="1481" VPOS="1450" WIDTH="127" HEIGHT="46" WC="0.96" CONTENT="anslag"/><SP WIDTH="27" VPOS="1450" HPOS="1608"/>
							<String ID="string_251" HPOS="1635" VPOS="1450" WIDTH="95" HEIGHT="36" WC="0.93" CONTENT="hade"/><SP WIDTH="27" VPOS="1450" HPOS="1730"/>
							<String ID="string_252" HPOS="1757" VPOS="1450" WIDTH="107" HEIGHT="37" WC="0.92" CONTENT="afsett"/><SP WIDTH="29" VPOS="1450" HPOS="1864"/>
							<String ID="string_253" HPOS="1893" VPOS="1458" WIDTH="52" HEIGHT="30" WC="0.93" CONTENT="ett"/><SP WIDTH="17" VPOS="1458" HPOS="1945"/>
							<String ID="string_254" HPOS="1962" VPOS="1453" WIDTH="58" HEIGHT="36" WC="0.88" CONTENT="be-"/>
						</TextLine>
						<TextLine ID="line_25" HPOS="419" VPOS="1492" WIDTH="1601" HEIGHT="56">
							<String ID="string_255" HPOS="419" VPOS="1492" WIDTH="131" HEIGHT="48" WC="0.92" CONTENT="höfligt"/><SP WIDTH="26" VPOS="1492" HPOS="550"/>
							<String ID="string_256" HPOS="576" VPOS="1493" WIDTH="157" HEIGHT="36" WC="0.96" CONTENT="tillskott"/><SP WIDTH="27" VPOS="1493" HPOS="733"/>
							<String ID="string_257" HPOS="760" VPOS="1493" WIDTH="57" HEIGHT="37" WC="0.96" CONTENT="för"/><SP WIDTH="26" VPOS="1493" HPOS="817"/>
							<String ID="string_258" HPOS="843" VPOS="1494" WIDTH="39" HEIGHT="36" WC="0.95" CONTENT="år"/><SP WIDTH="31" VPOS="1494" HPOS="882"/>
							<String ID="string_259" HPOS="913" VPOS="1498" WIDTH="103" HEIGHT="33" WC="0.89" CONTENT="1899."/><SP WIDTH="53" VPOS="1498" HPOS="1016"/>
							<String ID="string_260" HPOS="1069" VPOS="1496" WIDTH="138" HEIGHT="37" WC="0.96" CONTENT="Vidare"/><SP WIDTH="27" VPOS="1496" HPOS="1207"/>
							<String ID="string_261" HPOS="1234" VPOS="1498" WIDTH="93" HEIGHT="36" WC="0.95" CONTENT="hade"/><SP WIDTH="27" VPOS="1498" HPOS="1327"/>
							<String ID="string_262" HPOS="1354" VPOS="1498" WIDTH="209" HEIGHT="47" WC="0.96" CONTENT="Riksdagen"/><SP WIDTH="28" VPOS="1498" HPOS="1563"/>
							<String ID="string_263" HPOS="1591" VPOS="1500" WIDTH="40" HEIGHT="36" WC="0.96" CONTENT="år"/><SP WIDTH="31" VPOS="1500" HPOS="1631"/>
							<String ID="string_264" HPOS="1662" VPOS="1503" WIDTH="92" HEIGHT="35" WC="0.96" CONTENT="1900"/><SP WIDTH="28" VPOS="1503" HPOS="1754"/>
							<String ID="string_265" HPOS="1782" VPOS="1502" WIDTH="151" HEIGHT="46" WC="0.96" CONTENT="beviljat"/><SP WIDTH="36" VPOS="1502" HPOS="1933"/>
							<String ID="string_266" HPOS="1969" VPOS="1510" WIDTH="51" HEIGHT="29" WC="0.96" CONTENT="ett"/>
						</TextLine>
						<TextLine ID="line_26" HPOS="422" VPOS="1543" WIDTH="1597" HEIGHT="53">
							<String ID="string_267" HPOS="422" VPOS="1543" WIDTH="131" HEIGHT="47" WC="0.96" CONTENT="belopp"/><SP WIDTH="41" VPOS="1543" HPOS="553"/>
							<String ID="string_268" HPOS="594" VPOS="1544" WIDTH="40" HEIGHT="35" WC="0.93" CONTENT="af"/><SP WIDTH="39" VPOS="1544" HPOS="634"/>
							<String ID="string_269" HPOS="673" VPOS="1546" WIDTH="105" HEIGHT="42" WC="0.79" CONTENT="6,000"/><SP WIDTH="41" VPOS="1546" HPOS="778"/>
							<String ID="string_270" HPOS="819" VPOS="1546" WIDTH="138" HEIGHT="36" WC="0.96" CONTENT="kronor"/><SP WIDTH="39" VPOS="1546" HPOS="957"/>
							<String ID="string_271" HPOS="996" VPOS="1547" WIDTH="55" HEIGHT="35" WC="0.94" CONTENT="till"/><SP WIDTH="29" VPOS="1547" HPOS="1051"/>
							<String ID="string_272" HPOS="1080" VPOS="1549" WIDTH="203" HEIGHT="46" WC="0.96" CONTENT="ersättning"/><SP WIDTH="26" VPOS="1549" HPOS="1283"/>
							<String ID="string_273" HPOS="1309" VPOS="1548" WIDTH="40" HEIGHT="36" WC="0.96" CONTENT="af"/><SP WIDTH="26" VPOS="1548" HPOS="1349"/>
							<String ID="string_274" HPOS="1375" VPOS="1554" WIDTH="52" HEIGHT="31" WC="0.96" CONTENT="ett"/><SP WIDTH="26" VPOS="1554" HPOS="1427"/>
							<String ID="string_275" HPOS="1453" VPOS="1549" WIDTH="168" HEIGHT="47" WC="0.96" CONTENT="förskott,"/><SP WIDTH="28" VPOS="1549" HPOS="1621"/>
							<String ID="string_276" HPOS="1649" VPOS="1564" WIDTH="79" HEIGHT="23" WC="0.96" CONTENT="som"/><SP WIDTH="28" VPOS="1564" HPOS="1728"/>
							<String ID="string_277" HPOS="1756" VPOS="1554" WIDTH="263" HEIGHT="36" WC="0.96" CONTENT="statskontoret"/>
						</TextLine>
						<TextLine ID="line_27" HPOS="419" VPOS="1593" WIDTH="1599" HEIGHT="54">
							<String ID="string_278" HPOS="419" VPOS="1594" WIDTH="115" HEIGHT="45" WC="0.95" CONTENT="enligt"/><SP WIDTH="39" VPOS="1594" HPOS="534"/>
							<String ID="string_279" HPOS="573" VPOS="1593" WIDTH="189" HEIGHT="38" WC="0.96" CONTENT="föreskrift"/><SP WIDTH="30" VPOS="1593" HPOS="762"/>
							<String ID="string_280" HPOS="792" VPOS="1596" WIDTH="11" HEIGHT="35" WC="0.93" CONTENT="i"/><SP WIDTH="33" VPOS="1596" HPOS="803"/>
							<String ID="string_281" HPOS="836" VPOS="1596" WIDTH="123" HEIGHT="48" WC="0.90" CONTENT="kongl."/><SP WIDTH="29" VPOS="1596" HPOS="959"/>
							<String ID="string_282" HPOS="988" VPOS="1597" WIDTH="86" HEIGHT="50" WC="0.88" CONTENT="bref"/><SP WIDTH="21" VPOS="1597" HPOS="1074"/>
							<String ID="string_283" HPOS="1095" VPOS="1598" WIDTH="71" HEIGHT="36" WC="0.96" CONTENT="den"/><SP WIDTH="33" VPOS="1598" HPOS="1166"/>
							<String ID="string_284" HPOS="1199" VPOS="1602" WIDTH="41" HEIGHT="34" WC="0.96" CONTENT="18"/><SP WIDTH="29" VPOS="1602" HPOS="1240"/>
							<String ID="string_285" HPOS="1269" VPOS="1601" WIDTH="201" HEIGHT="36" WC="0.96" CONTENT="november"/><SP WIDTH="31" VPOS="1601" HPOS="1470"/>
							<String ID="string_286" HPOS="1501" VPOS="1604" WIDTH="92" HEIGHT="35" WC="0.92" CONTENT="1898"/><SP WIDTH="29" VPOS="1604" HPOS="1593"/>
							<String ID="string_287" HPOS="1622" VPOS="1602" WIDTH="226" HEIGHT="37" WC="0.92" CONTENT="utanordnat"/><SP WIDTH="26" VPOS="1602" HPOS="1848"/>
							<String ID="string_288" HPOS="1874" VPOS="1605" WIDTH="58" HEIGHT="35" WC="0.93" CONTENT="till"/><SP WIDTH="28" VPOS="1605" HPOS="1932"/>
							<String ID="string_289" HPOS="1960" VPOS="1606" WIDTH="58" HEIGHT="35" WC="0.92" CONTENT="be-"/>
						</TextLine>
						<TextLine ID="line_28" HPOS="418" VPOS="1644" WIDTH="1454" HEIGHT="47">
							<String ID="string_290" HPOS="418" VPOS="1644" WIDTH="188" HEIGHT="37" WC="0.96" CONTENT="stridande"/><SP WIDTH="27" VPOS="1644" HPOS="606"/>
							<String ID="string_291" HPOS="633" VPOS="1644" WIDTH="40" HEIGHT="36" WC="0.96" CONTENT="af"/><SP WIDTH="23" VPOS="1644" HPOS="673"/>
							<String ID="string_292" HPOS="696" VPOS="1645" WIDTH="150" HEIGHT="46" WC="0.96" CONTENT="utgifter"/><SP WIDTH="27" VPOS="1645" HPOS="846"/>
							<String ID="string_293" HPOS="873" VPOS="1647" WIDTH="118" HEIGHT="36" WC="0.96" CONTENT="under"/><SP WIDTH="27" VPOS="1647" HPOS="991"/>
							<String ID="string_294" HPOS="1018" VPOS="1661" WIDTH="140" HEIGHT="23" WC="0.96" CONTENT="samma"/><SP WIDTH="28" VPOS="1661" HPOS="1158"/>
							<String ID="string_295" HPOS="1186" VPOS="1649" WIDTH="39" HEIGHT="35" WC="0.94" CONTENT="år"/><SP WIDTH="27" VPOS="1649" HPOS="1225"/>
							<String ID="string_296" HPOS="1252" VPOS="1648" WIDTH="57" HEIGHT="37" WC="0.96" CONTENT="för"/><SP WIDTH="27" VPOS="1648" HPOS="1309"/>
							<String ID="string_297" HPOS="1336" VPOS="1651" WIDTH="188" HEIGHT="36" WC="0.96" CONTENT="allmänna"/><SP WIDTH="26" VPOS="1651" HPOS="1524"/>
							<String ID="string_298" HPOS="1550" VPOS="1653" WIDTH="322" HEIGHT="38" WC="0.96" CONTENT="barnbördshuset."/>
						</TextLine>
					</TextBlock>
					<TextBlock ID="block_4" HPOS="413" VPOS="1695" WIDTH="1605" HEIGHT="616">
						<TextLine ID="line_29" HPOS="519" VPOS="1695" WIDTH="1499" HEIGHT="56">
							<String ID="string_299" HPOS="519" VPOS="1695" WIDTH="56" HEIGHT="35" WC="0.96" CONTENT="Då"/><SP WIDTH="38" VPOS="1695" HPOS="575"/>
							<String ID="string_300" HPOS="613" VPOS="1696" WIDTH="84" HEIGHT="36" WC="0.93" CONTENT="med"/><SP WIDTH="42" VPOS="1696" HPOS="697"/>
							<String ID="string_301" HPOS="739" VPOS="1695" WIDTH="170" HEIGHT="38" WC="0.93" CONTENT="afseende"/><SP WIDTH="40" VPOS="1695" HPOS="909"/>
							<String ID="string_302" HPOS="949" VPOS="1698" WIDTH="20" HEIGHT="35" WC="0.89" CONTENT="å"/><SP WIDTH="27" VPOS="1698" HPOS="969"/>
							<String ID="string_303" HPOS="996" VPOS="1699" WIDTH="97" HEIGHT="35" WC="0.96" CONTENT="hvad"/><SP WIDTH="30" VPOS="1699" HPOS="1093"/>
							<String ID="string_304" HPOS="1123" VPOS="1700" WIDTH="44" HEIGHT="35" WC="0.95" CONTENT="de"/><SP WIDTH="28" VPOS="1700" HPOS="1167"/>
							<String ID="string_305" HPOS="1195" VPOS="1699" WIDTH="101" HEIGHT="37" WC="0.91" CONTENT="öfver"/><SP WIDTH="28" VPOS="1699" HPOS="1296"/>
							<String ID="string_306" HPOS="1324" VPOS="1701" WIDTH="248" HEIGHT="37" WC="0.91" CONTENT="direktionens"/><SP WIDTH="28" VPOS="1701" HPOS="1572"/>
							<String ID="string_307" HPOS="1600" VPOS="1702" WIDTH="273" HEIGHT="49" WC="0.96" CONTENT="framställning"/><SP WIDTH="29" VPOS="1702" HPOS="1873"/>
							<String ID="string_308" HPOS="1902" VPOS="1706" WIDTH="116" HEIGHT="36" WC="0.96" CONTENT="hörda"/>
						</TextLine>
						<TextLine ID="line_30" HPOS="417" VPOS="1746" WIDTH="1599" HEIGHT="58">
							<String ID="string_309" HPOS="417" VPOS="1746" WIDTH="310" HEIGHT="46" WC="0.96" CONTENT="myndigheterna"/><SP WIDTH="26" VPOS="1746" HPOS="727"/>
							<String ID="string_310" HPOS="753" VPOS="1752" WIDTH="116" HEIGHT="44" WC="0.96" CONTENT="yttrat"/><SP WIDTH="27" VPOS="1752" HPOS="869"/>
							<String ID="string_311" HPOS="896" VPOS="1762" WIDTH="60" HEIGHT="22" WC="0.93" CONTENT="om"/><SP WIDTH="29" VPOS="1762" HPOS="956"/>
							<String ID="string_312" HPOS="985" VPOS="1750" WIDTH="298" HEIGHT="48" WC="0.92" CONTENT="betänkligheten"/><SP WIDTH="29" VPOS="1750" HPOS="1283"/>
							<String ID="string_313" HPOS="1312" VPOS="1751" WIDTH="41" HEIGHT="36" WC="0.96" CONTENT="af"/><SP WIDTH="23" VPOS="1751" HPOS="1353"/>
							<String ID="string_314" HPOS="1376" VPOS="1752" WIDTH="68" HEIGHT="36" WC="0.96" CONTENT="den"/><SP WIDTH="23" VPOS="1752" HPOS="1444"/>
							<String ID="string_315" HPOS="1467" VPOS="1752" WIDTH="214" HEIGHT="47" WC="0.93" CONTENT="ifrågasatta"/><SP WIDTH="20" VPOS="1752" HPOS="1681"/>
							<String ID="string_316" HPOS="1701" VPOS="1755" WIDTH="315" HEIGHT="49" WC="0.91" CONTENT="inskränkningen"/>
						</TextLine>
						<TextLine ID="line_31" HPOS="417" VPOS="1796" WIDTH="1600" HEIGHT="50">
							<String ID="string_317" HPOS="417" VPOS="1796" WIDTH="11" HEIGHT="34" WC="0.94" CONTENT="i"/><SP WIDTH="42" VPOS="1796" HPOS="428"/>
							<String ID="string_318" HPOS="470" VPOS="1798" WIDTH="139" HEIGHT="35" WC="0.95" CONTENT="antalet"/><SP WIDTH="35" VPOS="1798" HPOS="609"/>
							<String ID="string_319" HPOS="644" VPOS="1805" WIDTH="133" HEIGHT="39" WC="0.96" CONTENT="sängar"/><SP WIDTH="33" VPOS="1805" HPOS="777"/>
							<String ID="string_320" HPOS="810" VPOS="1797" WIDTH="57" HEIGHT="37" WC="0.95" CONTENT="för"/><SP WIDTH="36" VPOS="1797" HPOS="867"/>
							<String ID="string_321" HPOS="903" VPOS="1800" WIDTH="180" HEIGHT="46" WC="0.96" CONTENT="patienter"/><SP WIDTH="28" VPOS="1800" HPOS="1083"/>
							<String ID="string_322" HPOS="1111" VPOS="1801" WIDTH="61" HEIGHT="35" WC="0.96" CONTENT="vid"/><SP WIDTH="29" VPOS="1801" HPOS="1172"/>
							<String ID="string_323" HPOS="1201" VPOS="1802" WIDTH="185" HEIGHT="36" WC="0.96" CONTENT="allmänna"/><SP WIDTH="30" VPOS="1802" HPOS="1386"/>
							<String ID="string_324" HPOS="1416" VPOS="1803" WIDTH="314" HEIGHT="37" WC="0.96" CONTENT="barnbördshuset"/><SP WIDTH="26" VPOS="1803" HPOS="1730"/>
							<String ID="string_325" HPOS="1756" VPOS="1819" WIDTH="43" HEIGHT="22" WC="0.96" CONTENT="en"/><SP WIDTH="28" VPOS="1819" HPOS="1799"/>
							<String ID="string_326" HPOS="1827" VPOS="1807" WIDTH="113" HEIGHT="35" WC="0.93" CONTENT="sådan"/><SP WIDTH="28" VPOS="1807" HPOS="1940"/>
							<String ID="string_327" HPOS="1968" VPOS="1808" WIDTH="49" HEIGHT="35" WC="0.92" CONTENT="åt-"/>
						</TextLine>
						<TextLine ID="line_32" HPOS="416" VPOS="1846" WIDTH="1601" HEIGHT="55">
							<String ID="string_328" HPOS="416" VPOS="1846" WIDTH="92" HEIGHT="45" WC="0.91" CONTENT="gärd"/><SP WIDTH="28" VPOS="1846" HPOS="508"/>
							<String ID="string_329" HPOS="536" VPOS="1848" WIDTH="73" HEIGHT="35" WC="0.96" CONTENT="lika"/><SP WIDTH="29" VPOS="1848" HPOS="609"/>
							<String ID="string_330" HPOS="638" VPOS="1849" WIDTH="79" HEIGHT="35" WC="0.96" CONTENT="litet"/><SP WIDTH="26" VPOS="1849" HPOS="717"/>
							<String ID="string_331" HPOS="743" VPOS="1862" WIDTH="60" HEIGHT="27" WC="0.96" CONTENT="nu,"/><SP WIDTH="28" VPOS="1862" HPOS="803"/>
							<String ID="string_332" HPOS="831" VPOS="1862" WIDTH="76" HEIGHT="23" WC="0.96" CONTENT="som"/><SP WIDTH="30" VPOS="1862" HPOS="907"/>
							<String ID="string_333" HPOS="937" VPOS="1850" WIDTH="47" HEIGHT="35" WC="0.96" CONTENT="då"/><SP WIDTH="27" VPOS="1850" HPOS="984"/>
							<String ID="string_334" HPOS="1011" VPOS="1856" WIDTH="51" HEIGHT="30" WC="0.96" CONTENT="ett"/><SP WIDTH="26" VPOS="1856" HPOS="1062"/>
							<String ID="string_335" HPOS="1088" VPOS="1850" WIDTH="139" HEIGHT="48" WC="0.96" CONTENT="förslag"/><SP WIDTH="18" VPOS="1850" HPOS="1227"/>
							<String ID="string_336" HPOS="1245" VPOS="1853" WIDTH="9" HEIGHT="34" WC="0.96" CONTENT="i"/><SP WIDTH="18" VPOS="1853" HPOS="1254"/>
							<String ID="string_337" HPOS="1272" VPOS="1865" WIDTH="138" HEIGHT="23" WC="0.96" CONTENT="samma"/><SP WIDTH="27" VPOS="1865" HPOS="1410"/>
							<String ID="string_338" HPOS="1437" VPOS="1853" WIDTH="95" HEIGHT="48" WC="0.96" CONTENT="syfte"/><SP WIDTH="19" VPOS="1853" HPOS="1532"/>
							<String ID="string_339" HPOS="1551" VPOS="1855" WIDTH="41" HEIGHT="35" WC="0.96" CONTENT="år"/><SP WIDTH="23" VPOS="1855" HPOS="1592"/>
							<String ID="string_340" HPOS="1615" VPOS="1858" WIDTH="93" HEIGHT="34" WC="0.96" CONTENT="1898"/><SP WIDTH="21" VPOS="1858" HPOS="1708"/>
							<String ID="string_341" HPOS="1729" VPOS="1858" WIDTH="93" HEIGHT="35" WC="0.96" CONTENT="varit"/><SP WIDTH="21" VPOS="1858" HPOS="1822"/>
							<String ID="string_342" HPOS="1843" VPOS="1857" WIDTH="41" HEIGHT="36" WC="0.93" CONTENT="af"/><SP WIDTH="16" VPOS="1857" HPOS="1884"/>
							<String ID="string_343" HPOS="1900" VPOS="1858" WIDTH="117" HEIGHT="36" WC="0.92" CONTENT="direk-"/>
						</TextLine>
						<TextLine ID="line_33" HPOS="416" VPOS="1897" WIDTH="1598" HEIGHT="59">
							<String ID="string_344" HPOS="416" VPOS="1897" WIDTH="127" HEIGHT="36" WC="0.95" CONTENT="tionen"/><SP WIDTH="40" VPOS="1897" HPOS="543"/>
							<String ID="string_345" HPOS="583" VPOS="1899" WIDTH="119" HEIGHT="44" WC="0.95" CONTENT="väckt,"/><SP WIDTH="41" VPOS="1899" HPOS="702"/>
							<String ID="string_346" HPOS="743" VPOS="1899" WIDTH="120" HEIGHT="36" WC="0.96" CONTENT="kunde"/><SP WIDTH="34" VPOS="1899" HPOS="863"/>
							<String ID="string_347" HPOS="897" VPOS="1900" WIDTH="39" HEIGHT="35" WC="0.92" CONTENT="af"/><SP WIDTH="38" VPOS="1900" HPOS="936"/>
							<String ID="string_348" HPOS="974" VPOS="1901" WIDTH="398" HEIGHT="47" WC="0.88" CONTENT="departementschefen"/><SP WIDTH="28" VPOS="1901" HPOS="1372"/>
							<String ID="string_349" HPOS="1400" VPOS="1905" WIDTH="215" HEIGHT="48" WC="0.92" CONTENT="tillstyrkas,"/><SP WIDTH="34" VPOS="1905" HPOS="1615"/>
							<String ID="string_350" HPOS="1649" VPOS="1907" WIDTH="66" HEIGHT="35" WC="0.96" CONTENT="och"/><SP WIDTH="29" VPOS="1907" HPOS="1715"/>
							<String ID="string_351" HPOS="1744" VPOS="1907" WIDTH="121" HEIGHT="49" WC="0.95" CONTENT="någon"/><SP WIDTH="29" VPOS="1907" HPOS="1865"/>
							<String ID="string_352" HPOS="1894" VPOS="1922" WIDTH="120" HEIGHT="23" WC="0.95" CONTENT="annan"/>
						</TextLine>
						<TextLine ID="line_34" HPOS="415" VPOS="1949" WIDTH="1601" HEIGHT="49">
							<String ID="string_353" HPOS="415" VPOS="1952" WIDTH="115" HEIGHT="43" WC="0.96" CONTENT="utväg"/><SP WIDTH="27" VPOS="1952" HPOS="530"/>
							<String ID="string_354" HPOS="557" VPOS="1954" WIDTH="52" HEIGHT="30" WC="0.96" CONTENT="att"/><SP WIDTH="28" VPOS="1954" HPOS="609"/>
							<String ID="string_355" HPOS="637" VPOS="1949" WIDTH="258" HEIGHT="47" WC="0.93" CONTENT="åstadkomma"/><SP WIDTH="19" VPOS="1949" HPOS="895"/>
							<String ID="string_356" HPOS="914" VPOS="1952" WIDTH="154" HEIGHT="46" WC="0.89" CONTENT="jemvigt"/><SP WIDTH="28" VPOS="1952" HPOS="1068"/>
							<String ID="string_357" HPOS="1096" VPOS="1953" WIDTH="138" HEIGHT="36" WC="0.96" CONTENT="mellan"/><SP WIDTH="20" VPOS="1953" HPOS="1234"/>
							<String ID="string_358" HPOS="1254" VPOS="1955" WIDTH="188" HEIGHT="35" WC="0.93" CONTENT="allmänna"/><SP WIDTH="19" VPOS="1955" HPOS="1442"/>
							<String ID="string_359" HPOS="1461" VPOS="1956" WIDTH="332" HEIGHT="38" WC="0.91" CONTENT="barnbördshusets"/><SP WIDTH="19" VPOS="1956" HPOS="1793"/>
							<String ID="string_360" HPOS="1812" VPOS="1959" WIDTH="204" HEIGHT="37" WC="0.95" CONTENT="inkomster"/>
						</TextLine>
						<TextLine ID="line_35" HPOS="416" VPOS="1998" WIDTH="1599" HEIGHT="56">
							<String ID="string_361" HPOS="416" VPOS="1998" WIDTH="67" HEIGHT="36" WC="0.96" CONTENT="och"/><SP WIDTH="35" VPOS="1998" HPOS="483"/>
							<String ID="string_362" HPOS="518" VPOS="1999" WIDTH="152" HEIGHT="47" WC="0.96" CONTENT="utgifter"/><SP WIDTH="28" VPOS="1999" HPOS="670"/>
							<String ID="string_363" HPOS="698" VPOS="2000" WIDTH="117" HEIGHT="36" WC="0.96" CONTENT="under"/><SP WIDTH="25" VPOS="2000" HPOS="815"/>
							<String ID="string_364" HPOS="840" VPOS="2002" WIDTH="215" HEIGHT="36" WC="0.96" CONTENT="nuvarande"/><SP WIDTH="26" VPOS="2002" HPOS="1055"/>
							<String ID="string_365" HPOS="1081" VPOS="2002" WIDTH="257" HEIGHT="39" WC="0.96" CONTENT="förhållanden"/><SP WIDTH="29" VPOS="2002" HPOS="1338"/>
							<String ID="string_366" HPOS="1367" VPOS="2005" WIDTH="30" HEIGHT="47" WC="0.96" CONTENT="ej"/><SP WIDTH="30" VPOS="2005" HPOS="1397"/>
							<String ID="string_367" HPOS="1427" VPOS="2012" WIDTH="122" HEIGHT="42" WC="0.94" CONTENT="syntes"/><SP WIDTH="29" VPOS="2012" HPOS="1549"/>
							<String ID="string_368" HPOS="1578" VPOS="2007" WIDTH="143" HEIGHT="43" WC="0.96" CONTENT="återstå,"/><SP WIDTH="30" VPOS="2007" HPOS="1721"/>
							<String ID="string_369" HPOS="1751" VPOS="2016" WIDTH="46" HEIGHT="28" WC="0.96" CONTENT="än"/><SP WIDTH="27" VPOS="2016" HPOS="1797"/>
							<String ID="string_370" HPOS="1824" VPOS="2015" WIDTH="54" HEIGHT="30" WC="0.93" CONTENT="att"/><SP WIDTH="28" VPOS="2015" HPOS="1878"/>
							<String ID="string_371" HPOS="1906" VPOS="2010" WIDTH="109" HEIGHT="36" WC="0.89" CONTENT="erfor-"/>
						</TextLine>
						<TextLine ID="line_36" HPOS="415" VPOS="2049" WIDTH="1601" HEIGHT="50">
							<String ID="string_372" HPOS="415" VPOS="2049" WIDTH="136" HEIGHT="48" WC="0.91" CONTENT="derligt"/><SP WIDTH="39" VPOS="2049" HPOS="551"/>
							<String ID="string_373" HPOS="590" VPOS="2052" WIDTH="129" HEIGHT="47" WC="0.93" CONTENT="anslag"/><SP WIDTH="39" VPOS="2052" HPOS="719"/>
							<String ID="string_374" HPOS="758" VPOS="2052" WIDTH="185" HEIGHT="36" WC="0.92" CONTENT="lemnades"/><SP WIDTH="41" VPOS="2052" HPOS="943"/>
							<String ID="string_375" HPOS="984" VPOS="2052" WIDTH="40" HEIGHT="36" WC="0.96" CONTENT="af"/><SP WIDTH="35" VPOS="2052" HPOS="1024"/>
							<String ID="string_376" HPOS="1059" VPOS="2058" WIDTH="131" HEIGHT="32" WC="0.96" CONTENT="staten,"/><SP WIDTH="43" VPOS="2058" HPOS="1190"/>
							<String ID="string_377" HPOS="1233" VPOS="2068" WIDTH="77" HEIGHT="23" WC="0.96" CONTENT="som"/><SP WIDTH="28" VPOS="2068" HPOS="1310"/>
							<String ID="string_378" HPOS="1338" VPOS="2056" WIDTH="62" HEIGHT="35" WC="0.96" CONTENT="det"/><SP WIDTH="27" VPOS="2056" HPOS="1400"/>
							<String ID="string_379" HPOS="1427" VPOS="2056" WIDTH="41" HEIGHT="35" WC="0.96" CONTENT="af"/><SP WIDTH="24" VPOS="2056" HPOS="1468"/>
							<String ID="string_380" HPOS="1492" VPOS="2057" WIDTH="102" HEIGHT="37" WC="0.96" CONTENT="ålder"/><SP WIDTH="28" VPOS="2057" HPOS="1594"/>
							<String ID="string_381" HPOS="1622" VPOS="2063" WIDTH="136" HEIGHT="32" WC="0.96" CONTENT="ansetts"/><SP WIDTH="26" VPOS="2063" HPOS="1758"/>
							<String ID="string_382" HPOS="1784" VPOS="2060" WIDTH="151" HEIGHT="36" WC="0.96" CONTENT="tillhöra"/><SP WIDTH="26" VPOS="2060" HPOS="1935"/>
							<String ID="string_383" HPOS="1961" VPOS="2067" WIDTH="55" HEIGHT="30" WC="0.96" CONTENT="att"/>
						</TextLine>
						<TextLine ID="line_37" HPOS="414" VPOS="2101" WIDTH="1602" HEIGHT="55">
							<String ID="string_384" HPOS="414" VPOS="2101" WIDTH="98" HEIGHT="46" WC="0.96" CONTENT="sörja"/><SP WIDTH="26" VPOS="2101" HPOS="512"/>
							<String ID="string_385" HPOS="538" VPOS="2101" WIDTH="57" HEIGHT="35" WC="0.96" CONTENT="för"/><SP WIDTH="27" VPOS="2101" HPOS="595"/>
							<String ID="string_386" HPOS="622" VPOS="2102" WIDTH="70" HEIGHT="35" WC="0.96" CONTENT="den"/><SP WIDTH="29" VPOS="2102" HPOS="692"/>
							<String ID="string_387" HPOS="721" VPOS="2102" WIDTH="223" HEIGHT="36" WC="0.96" CONTENT="medicinska"/><SP WIDTH="27" VPOS="2102" HPOS="944"/>
							<String ID="string_388" HPOS="971" VPOS="2104" WIDTH="320" HEIGHT="47" WC="0.96" CONTENT="undervisningen,"/><SP WIDTH="28" VPOS="2104" HPOS="1291"/>
							<String ID="string_389" HPOS="1319" VPOS="2107" WIDTH="9" HEIGHT="34" WC="0.96" CONTENT="i"/><SP WIDTH="28" VPOS="2107" HPOS="1328"/>
							<String ID="string_390" HPOS="1356" VPOS="2107" WIDTH="110" HEIGHT="35" WC="0.96" CONTENT="hvars"/><SP WIDTH="27" VPOS="2107" HPOS="1466"/>
							<String ID="string_391" HPOS="1493" VPOS="2109" WIDTH="153" HEIGHT="36" WC="0.96" CONTENT="intresse"/><SP WIDTH="32" VPOS="2109" HPOS="1646"/>
							<String ID="string_392" HPOS="1678" VPOS="2108" WIDTH="61" HEIGHT="36" WC="0.93" CONTENT="det"/><SP WIDTH="25" VPOS="2108" HPOS="1739"/>
							<String ID="string_393" HPOS="1764" VPOS="2110" WIDTH="89" HEIGHT="46" WC="0.93" CONTENT="låge,"/><SP WIDTH="29" VPOS="2110" HPOS="1853"/>
							<String ID="string_394" HPOS="1882" VPOS="2117" WIDTH="54" HEIGHT="30" WC="0.96" CONTENT="att"/><SP WIDTH="18" VPOS="2117" HPOS="1936"/>
							<String ID="string_395" HPOS="1954" VPOS="2112" WIDTH="62" HEIGHT="36" WC="0.96" CONTENT="det"/>
						</TextLine>
						<TextLine ID="line_38" HPOS="413" VPOS="2152" WIDTH="1598" HEIGHT="47">
							<String ID="string_396" HPOS="413" VPOS="2163" WIDTH="52" HEIGHT="22" WC="0.96" CONTENT="nu"/><SP WIDTH="33" VPOS="2163" HPOS="465"/>
							<String ID="string_397" HPOS="498" VPOS="2152" WIDTH="174" HEIGHT="46" WC="0.93" CONTENT="stadgade"/><SP WIDTH="31" VPOS="2152" HPOS="672"/>
							<String ID="string_398" HPOS="703" VPOS="2154" WIDTH="230" HEIGHT="45" WC="0.91" CONTENT="sängantalet"/><SP WIDTH="39" VPOS="2154" HPOS="933"/>
							<String ID="string_399" HPOS="972" VPOS="2155" WIDTH="60" HEIGHT="35" WC="0.96" CONTENT="vid"/><SP WIDTH="32" VPOS="2155" HPOS="1032"/>
							<String ID="string_400" HPOS="1064" VPOS="2155" WIDTH="188" HEIGHT="37" WC="0.96" CONTENT="allmänna"/><SP WIDTH="27" VPOS="2155" HPOS="1252"/>
							<String ID="string_401" HPOS="1279" VPOS="2157" WIDTH="313" HEIGHT="38" WC="0.96" CONTENT="barnbördshuset"/><SP WIDTH="28" VPOS="2157" HPOS="1592"/>
							<String ID="string_402" HPOS="1620" VPOS="2158" WIDTH="232" HEIGHT="40" WC="0.96" CONTENT="fortfarande"/><SP WIDTH="29" VPOS="2158" HPOS="1852"/>
							<String ID="string_403" HPOS="1881" VPOS="2162" WIDTH="130" HEIGHT="37" WC="0.96" CONTENT="funnes"/>
						</TextLine>
						<TextLine ID="line_39" HPOS="414" VPOS="2201" WIDTH="1598" HEIGHT="60">
							<String ID="string_404" HPOS="414" VPOS="2201" WIDTH="231" HEIGHT="46" WC="0.91" CONTENT="disponibelt,"/><SP WIDTH="28" VPOS="2201" HPOS="645"/>
							<String ID="string_405" HPOS="673" VPOS="2202" WIDTH="114" HEIGHT="37" WC="0.91" CONTENT="funne"/><SP WIDTH="28" VPOS="2202" HPOS="787"/>
							<String ID="string_406" HPOS="815" VPOS="2203" WIDTH="399" HEIGHT="47" WC="0.91" CONTENT="departementschefen"/><SP WIDTH="28" VPOS="2203" HPOS="1214"/>
							<String ID="string_407" HPOS="1242" VPOS="2208" WIDTH="61" HEIGHT="35" WC="0.96" CONTENT="det"/><SP WIDTH="26" VPOS="2208" HPOS="1303"/>
							<String ID="string_408" HPOS="1329" VPOS="2221" WIDTH="91" HEIGHT="23" WC="0.95" CONTENT="vara"/><SP WIDTH="27" VPOS="2221" HPOS="1420"/>
							<String ID="string_409" HPOS="1447" VPOS="2208" WIDTH="40" HEIGHT="36" WC="0.96" CONTENT="af"/><SP WIDTH="20" VPOS="2208" HPOS="1487"/>
							<String ID="string_410" HPOS="1507" VPOS="2211" WIDTH="87" HEIGHT="45" WC="0.96" CONTENT="vigt,"/><SP WIDTH="21" VPOS="2211" HPOS="1594"/>
							<String ID="string_411" HPOS="1615" VPOS="2216" WIDTH="55" HEIGHT="30" WC="0.96" CONTENT="att"/><SP WIDTH="18" VPOS="2216" HPOS="1670"/>
							<String ID="string_412" HPOS="1688" VPOS="2224" WIDTH="51" HEIGHT="22" WC="0.96" CONTENT="nu"/><SP WIDTH="19" VPOS="2224" HPOS="1739"/>
							<String ID="string_413" HPOS="1758" VPOS="2210" WIDTH="254" HEIGHT="51" WC="0.94" CONTENT="föreliggande"/>
						</TextLine>
						<TextLine ID="line_40" HPOS="413" VPOS="2251" WIDTH="1599" HEIGHT="60">
							<String ID="string_414" HPOS="413" VPOS="2251" WIDTH="117" HEIGHT="37" WC="0.92" CONTENT="behof"/><SP WIDTH="35" VPOS="2251" HPOS="530"/>
							<String ID="string_415" HPOS="565" VPOS="2252" WIDTH="39" HEIGHT="36" WC="0.93" CONTENT="af"/><SP WIDTH="38" VPOS="2252" HPOS="604"/>
							<String ID="string_416" HPOS="642" VPOS="2254" WIDTH="113" HEIGHT="35" WC="0.92" CONTENT="ökadt"/><SP WIDTH="28" VPOS="2254" HPOS="755"/>
							<String ID="string_417" HPOS="783" VPOS="2256" WIDTH="127" HEIGHT="46" WC="0.93" CONTENT="anslag"/><SP WIDTH="28" VPOS="2256" HPOS="910"/>
							<String ID="string_418" HPOS="938" VPOS="2256" WIDTH="120" HEIGHT="36" WC="0.91" CONTENT="blefve"/><SP WIDTH="26" VPOS="2256" HPOS="1058"/>
							<String ID="string_419" HPOS="1084" VPOS="2269" WIDTH="135" HEIGHT="33" WC="0.96" CONTENT="genom"/><SP WIDTH="36" VPOS="2269" HPOS="1219"/>
							<String ID="string_420" HPOS="1255" VPOS="2265" WIDTH="135" HEIGHT="30" WC="0.93" CONTENT="statens"/><SP WIDTH="28" VPOS="2265" HPOS="1390"/>
							<String ID="string_421" HPOS="1418" VPOS="2261" WIDTH="261" HEIGHT="37" WC="0.91" CONTENT="mellankomst"/><SP WIDTH="27" VPOS="2261" HPOS="1679"/>
							<String ID="string_422" HPOS="1706" VPOS="2261" WIDTH="162" HEIGHT="50" WC="0.90" CONTENT="afhjelpt."/><SP WIDTH="53" VPOS="2261" HPOS="1868"/>
							<String ID="string_423" HPOS="1921" VPOS="2264" WIDTH="16" HEIGHT="35" WC="0.91" CONTENT="I"/><SP WIDTH="27" VPOS="2264" HPOS="1937"/>
							<String ID="string_424" HPOS="1964" VPOS="2264" WIDTH="48" HEIGHT="36" WC="0.91" CONTENT="af-"/>
						</TextLine>
					</TextBlock>
				</ComposedBlock>
			</PrintSpace>
		</Page>
	</Layout>
</alto>
