1900 2810
609 186 227 29 Statsutskottets
860 184 146 28 utlåtande
1029 185 48 26 Nr
1099 181 68 29 114.
1614 178 15 29 i

133 265 72 32 helt
227 265 87 31 visst
343 263 110 32 skulle
485 263 115 31 kunna
628 262 126 31 ordnas
782 260 78 32 med
888 271 41 20 en
956 260 91 40 lägre
1071 258 235 41 tilläggsränta
1329 258 41 29 än
1394 256 64 31 den
1483 266 45 20 nu
1553 254 81 31 före-

134 309 127 39 slagna.

191 349 75 32 Vad
290 348 163 41 slutligen
477 349 103 39 angår
603 346 65 31 den
693 347 78 30 övre
794 344 328 41 belåningsgränsen
1145 343 98 30 torde
1260 341 178 40 onekligen
1455 339 89 31 vissa
1563 339 73 30 skäl

133 392 185 31 förefinnas
341 391 53 31 för
416 389 67 32 den
507 388 269 39 differentiering
799 387 90 30 olika
911 385 278 42 byggnadstyper
1213 384 152 35 emellan,
1384 393 72 20 som
1480 381 155 31 förordas

134 435 11 30 i
175 434 67 31 den
276 433 114 41 kungl
414 431 271 42 propositionen.
732 429 81 31 Men
837 429 93 41 fråga
952 428 66 31 blir
1041 426 115 38 sedan,
1181 437 54 20 om
1259 425 58 31 det
1340 425 64 30 kan
1428 434 77 20 vara
1527 423 108 30 välbe-

135 477 96 31 tänkt
254 475 64 32 och
343 486 39 20 ur
403 474 224 42 långivarens,
651 471 193 42 respektive
866 469 325 33 låneförmedlarens
1215 467 175 43 synpunkt
1413 465 222 41 erforderligt.

135 521 50 30 att
216 518 141 32 fastlåsa
390 515 345 41 maximibelåningen
758 514 58 31 vid
840 514 49 38 75,
912 512 195 41 respektive
1130 512 41 31 80
1193 512 151 40 procent.
1389 508 247 32 Erfarenheten

135 562 61 31 har
229 560 142 33 faktiskt
403 560 98 37 visat,
537 560 49 30 att
619 558 58 31 det
710 557 11 31 i
744 557 92 31 vissa
859 556 58 32 fall
940 575 40 2 —
1003 557 37 30 så
1062 555 64 30 vitt
1149 565 78 20 man
1250 553 170 39 verkligen
1444 551 121 31 önskat
1589 552 48 29 att

135 603 277 41 bostadsföretag
446 603 104 30 måtte
584 601 135 30 komma
742 600 101 40 igång
865 618 40 3 —
928 600 37 29 är
986 597 175 40 behövligt
1184 596 77 31 med
1285 607 41 20 en
1349 594 195 41 långivning
1567 604 70 29 upp

137 646 52 32 till
223 646 40 31 85
296 646 143 40 procent
472 644 64 30 vad
570 643 42 30 de
645 641 221 41 kooperativa
888 641 173 39 företagen
1084 638 169 36 beträffar,
1278 638 63 30 och
1365 637 56 30 det
1445 635 96 31 torde
1564 635 73 30 icke

136 688 73 31 från
234 690 131 29 statens
390 686 82 31 eller
494 685 264 31 kommunernas
777 682 175 42 synpunkt
967 693 78 19 vara
1061 681 133 31 förenat
1210 680 76 30 med
1303 681 109 38 någon
1429 677 208 40 allvarligare

136 730 72 31 risk
241 731 50 30 att
324 728 208 32 åtminstone
566 725 246 41 undantagsvis
847 725 134 40 deltaga
1014 724 11 30 i
1053 722 265 41 finansieringen
1342 732 38 19 av
1403 719 236 40 förstklassiga

137 771 212 33 bostadshus
384 770 52 31 till
469 780 82 31 nyss
586 769 145 39 angivna
763 767 87 31 nivå.
900 765 312 32 Bestämmelserna
1235 773 102 32 synas
1361 762 112 31 därför
1495 762 84 30 böra
1602 762 38 29 så

137 815 177 36 utformas,
349 815 50 29 att
430 811 288 42 byggnadsbyrån
752 809 173 40 medgives
958 810 67 29 rätt
1048 809 49 29 att
1120 807 11 30 i
1155 807 41 30 de
1220 806 66 36 fall,
1311 805 43 31 då
1377 803 166 32 särskilda
1567 802 73 31 skäl

137 856 116 32 härför
285 856 117 30 kunna
435 824 177 70 åberopas,
641 852 169 31 fastställa
825 852 224 39 lånegränsen
1072 849 58 31 vid
1151 848 138 41 belopp,
1314 858 72 20 som
1410 846 106 41 ligger
1539 845 101 40 högst

138 899 20 31 5
181 899 143 40 procent
347 898 80 30 över
450 896 41 31 de
515 907 39 20 av
578 894 125 41 Kungl.
728 893 98 41 Maj:t
850 893 9 30 i
875 892 261 42 propositionen
1152 890 191 40 föreslagna
1359 890 78 29 övre
1452 887 189 40 belånings-

138 951 194 32 gränserna.

196 983 52 31 De
282 993 40 20 av
356 981 126 41 Kungl.
517 980 98 40 Maj:t
649 977 181 33 förordade
866 976 268 42 skärpningarna
1168 985 102 31 synas
1304 972 261 41 undantagslöst
1598 970 43 31 ha

140 1026 173 31 emanerat
345 1025 74 30 från
448 1023 41 31 de
513 1033 25 21 s.
563 1022 29 31 k.
617 1019 479 40 bostadskreditsakkunnige,
1122 1017 89 31 vilka
1233 1016 113 31 funnit
1368 1015 57 31 det
1447 1013 195 32 välbetänkt

140 1070 50 29 att
224 1067 104 32 redan
362 1066 11 31 i
407 1064 196 33 nuvarande
636 1062 313 41 låneorganisation
983 1061 157 41 inpressa
1173 1060 92 30 vissa
1288 1058 117 41 regler,
1431 1068 72 20 som
1526 1056 116 31 kunna

141 1112 119 30 väntas
283 1109 137 31 komma
442 1110 50 29 att
513 1107 90 41 ligga
626 1106 52 31 till
694 1105 109 41 grund
828 1105 52 30 för
904 1104 42 30 de
971 1102 229 41 sakkunniges
1223 1100 158 32 blivande
1405 1099 133 40 förslag.
1574 1098 68 30 För

141 1153 42 31 de
218 1151 211 40 sakkunnige
463 1149 66 31 kan
564 1148 143 42 givetvis
731 1159 41 19 en
797 1147 94 41 dylik
919 1145 118 42 åtgärd
1059 1144 154 31 förefalla
1235 1142 127 42 ganska
1385 1141 156 40 naturlig,
1566 1151 76 19 men

141 1195 53 31 för
215 1193 183 41 riksdagen
422 1192 97 31 torde
543 1191 58 31 det
623 1191 111 30 finnas
757 1188 186 41 anledning
965 1190 49 29 att
1037 1187 11 30 i
1071 1186 196 31 nuvarande
1283 1185 73 41 läge
1373 1183 152 32 betrakta
1539 1182 103 31 saken

143 1239 43 39 på
209 1238 49 29 ett
281 1237 103 30 annat
408 1236 76 30 sätt.
530 1234 76 30 Den
629 1231 196 32 nuvarande
848 1229 354 42 låneorganisationen
1227 1230 36 28 är
1283 1227 37 41 ju
1343 1226 142 40 alltjämt
1509 1236 41 20 en
1571 1235 73 29 pro-

142 1278 148 32 visorisk
324 1276 200 41 anordning,
554 1274 219 42 organiserad
807 1274 78 39 med
908 1273 132 40 hänsyn
1063 1271 52 31 till
1139 1271 66 31 den
1228 1280 121 31 genom
1372 1267 167 32 kristiden
1563 1277 81 30 upp-

143 1322 125 31 komna
302 1322 93 29 stora
417 1319 132 32 bristen
572 1320 45 38 på
644 1316 171 32 bostäder.
861 1316 102 30 Ännu
986 1314 135 31 kvarstå
1142 1313 37 41 ju
1203 1312 102 31 också
1327 1312 43 40 på
1393 1309 250 32 bostadsmark-

143 1363 112 32 naden
289 1362 93 32 vissa
414 1360 305 36 kristidsmoment,
753 1369 74 20 som
863 1357 133 42 påkalla
1029 1355 148 32 särskild
1210 1352 310 43 uppmärksamhet.
1565 1351 77 30 Den

144 1403 347 50 kreditorganisation
514 1404 80 36 åter,
620 1412 73 21 som
717 1401 65 31 kan
805 1400 136 31 komma
968 1400 49 30 att
1043 1398 48 31 bli
1114 1397 179 31 resultatet
1316 1407 40 19 av
1378 1393 267 33 bostadskredit-

145 1448 230 40 sakkunniges
410 1446 124 37 arbete,
559 1447 37 28 är
629 1443 128 32 avsedd
790 1443 53 30 för
876 1453 92 20 mera
1001 1440 152 31 normala
1187 1437 244 34 förhållanden,
1467 1436 62 32 och
1565 1435 79 31 dess

144 1491 109 40 regler
280 1490 116 31 kunna
429 1487 114 32 därför
575 1486 185 41 lämpligen
794 1485 49 31 bli
877 1496 40 19 av
950 1483 108 31 delvis
1093 1493 110 20 annan
1238 1480 167 32 innebörd
1439 1481 41 29 än
1504 1480 60 29 när
1588 1477 57 31 det

144 1533 105 42 gäller
272 1543 42 20 en
337 1530 212 49 provisorisk
572 1528 242 42 organisation,
840 1538 73 20 som
937 1526 60 30 har
1020 1525 52 31 till
1097 1524 139 41 speciell
1259 1522 135 42 uppgift
1418 1523 47 29 att
1488 1520 81 31 råda
1585 1520 60 30 bot

145 1577 71 30 mot
239 1574 139 32 särskilt
402 1571 193 34 svårartade
619 1570 127 32 sociala
774 1567 332 33 missförhållanden.
1153 1566 124 31 Därför
1299 1564 169 32 förefaller
1490 1563 57 31 det
1570 1562 75 31 rim-

144 1618 103 41 ligast
280 1618 49 30 att
362 1616 69 31 låta
465 1616 130 30 statens
629 1612 282 42 byggnadsbyrås
945 1610 115 31 arbete
1094 1608 184 32 fortskrida
1308 1607 104 40 enligt
1434 1606 11 30 i
1467 1604 179 32 huvudsak

146 1670 128 21 samma
297 1657 150 42 grunder
470 1667 73 21 som
568 1655 108 31 under
699 1654 42 31 de
765 1655 135 30 senaste
923 1654 56 29 två
1002 1654 76 28 åren
1110 1651 63 31 och
1197 1650 90 31 helst
1310 1648 87 32 ända
1419 1648 52 30 till
1495 1647 79 30 dess
1598 1648 49 28 att

145 1713 42 20 en
211 1713 45 29 ny
273 1699 232 43 organisation
528 1698 51 31 för
603 1695 348 33 sekundärkreditens
975 1693 174 32 ordnande
1172 1693 66 30 kan
1261 1691 95 31 träda
1382 1691 11 30 i
1416 1688 175 32 funktion.

201 1752 53 31 De
278 1763 39 20 av
340 1750 254 32 motionärerna
616 1748 54 30 till
694 1747 79 31 stöd
797 1747 52 30 för
872 1746 98 30 deras
993 1744 127 40 förslag
1144 1742 143 32 salunda
1310 1741 190 40 förebragta
1528 1738 117 31 skälen

146 1803 85 31 hava
265 1803 98 40 synts
398 1799 168 32 utskottet
599 1809 79 20 vara
712 1809 40 20 av
786 1796 150 32 bärande
963 1793 245 33 beskaffenhet.
1254 1792 49 31 På
1326 1791 109 41 grund
1459 1790 101 30 härav
1584 1788 63 31 och

146 1854 43 31 då
212 1853 58 31 det
292 1852 74 31 icke
391 1852 97 40 synts
512 1849 168 31 ntskottet
703 1847 156 41 lämpligt
882 1848 49 29 att
954 1846 11 30 i
988 1845 163 31 avvaktan
1174 1845 44 40 på
1234 1843 184 30 resultaten
1439 1851 40 20 av
1494 1838 154 33 bostads-

146 1901 345 41 kreditsakkunniges
514 1898 321 42 utredningsarbete
863 1896 135 41 vidtaga
1021 1897 102 39 några
1146 1893 235 40 förändringar
1403 1892 11 30 i
1436 1885 212 50 bestämmel-

147 1965 100 21 serna
269 1955 44 39 på
336 1963 47 20 nu
406 1950 254 42 ifrågavarande
684 1948 148 33 område,
857 1948 61 30 har
940 1947 167 31 utskottet
1130 1945 10 30 i
1164 1944 108 31 likhet
1298 1943 77 31 med
1398 1942 251 31 motionärerna

148 2005 122 36 ansett,
306 2004 49 30 att
389 2002 42 31 de
465 2013 46 19 nu
546 1999 163 42 stadgade
744 1998 194 42 grunderna
971 1997 51 31 för
1048 1996 56 31 lån
1128 2006 40 20 ur
1192 1996 130 29 statens
1344 1990 306 34 bostadslånefond

148 2056 84 31 böra
264 2053 193 33 bibehållas
492 2050 233 33 oförändrade.
771 2049 122 41 Någon
926 2047 143 40 ändring
1100 2046 11 31 i
1145 2046 92 40 fråga
1260 2055 54 20 om
1339 2043 93 32 tiden
1456 2043 51 31 för
1529 2042 121 30 lånens

148 2104 262 33 utanordnande
435 2113 101 31 synes
560 2102 169 31 utskottet
753 2100 144 31 sålunda
919 2098 73 31 icke
1015 2097 107 31 heller
1145 2096 83 31 böra
1252 2096 67 30 ske.

201 2155 75 32 Vad
300 2156 103 40 angår
427 2153 172 32 storleken
623 2163 40 20 av
687 2151 58 31 det
768 2149 276 40 maximibelopp,
1069 2147 137 31 varmed
1223 2142 348 35 bostadslånefonden
1590 2142 61 30 bör

149 2207 132 37 utökas,
306 2206 61 30 har
391 2204 169 31 utskottet
582 2202 114 31 funnit
719 2202 53 40 sig
793 2201 84 31 böra
900 2198 136 32 förorda
1060 2198 124 40 Kungl.
1210 2196 115 41 Maj:ts
1349 2195 126 40 förslag
1498 2193 63 31 och
1584 2192 66 31 kan

150 2257 170 32 utskottet
354 2255 134 31 således
522 2254 73 30 icke
629 2252 135 32 biträda
798 2251 57 31 det
888 2250 11 31 i
923 2249 176 31 motionen
1122 2247 122 31 II:342
1267 2246 118 41 gjorda
1407 2243 165 43 yrkandet
1596 2253 53 20 om

150 2307 144 41 höjning
317 2317 40 20 av
381 2305 105 41 sagda
508 2304 127 40 belopp
659 2302 78 31 med
759 2300 197 43 ytterligare
981 2301 15 28 1
1022 2299 118 40 miljon
1164 2298 134 30 kronor.

204 2356 220 32 Beträffande
459 2354 161 41 slutligen
643 2352 126 41 Kungl.
794 2351 117 41 Maj:ts
934 2349 127 41 förslag
1083 2350 11 29 i
1117 2348 65 31 vad
1205 2347 188 31 detsamma
1416 2356 96 20 avser
1535 2343 116 31 bestri-

152 2407 112 32 dande
297 2417 41 20 av
369 2404 231 32 kostnaderna
632 2403 53 31 för
708 2403 131 30 statens
868 2399 280 43 byggnadsbyrås
1172 2396 214 32 verksamhet
1408 2396 60 30 har
1490 2394 163 39 förslaget

152 2457 207 32 häruvutinnan
382 2456 74 31 icke
479 2455 84 41 givit
587 2453 168 32 utskottet
779 2451 185 40 anledning
987 2450 52 31 till
1063 2449 143 31 erinran.

206 2508 48 31 På
277 2506 111 43 grund
411 2517 40 20 av
474 2505 64 32 vad
562 2503 144 33 sålunda
729 2503 131 31 anförts
883 2501 50 31 får
956 2500 168 32 utskottet
1147 2498 188 37 hemstilla,
