2193 2647
427 127 113 31 Andra
563 127 196 33 kammarens
784 130 93 41 tredje
900 130 167 43 tillfälliga
1089 132 127 31 utskotts
1240 133 159 32 utlåtande
1421 134 54 31 Nr
1497 136 52 30 10.
1709 137 39 32 173

187 216 178 38 fordrades,
391 216 90 32 desto
506 228 256 26 gynnsammare
785 218 108 32 skulle
920 219 103 38 enligt
1049 221 224 37 nyssnämnda
1299 224 66 30 sätt
1392 222 53 32 för
1471 224 216 34 bedömandet
1714 237 78 27 vag-

184 269 121 21 narnas
329 259 215 39 utnyttjande
565 262 32 30 te
624 260 61 38 sig.
733 260 106 33 Också
865 262 60 31 har
952 262 72 33 icke
1045 262 330 41 Järnvägsstyrelsen
1401 265 182 34 kännedom
1612 280 51 20 om
1692 270 100 38 något

186 302 72 37 fall,
284 302 40 31 då
350 313 38 21 en
413 303 141 38 järnväg
577 303 12 31 i
611 303 73 32 sina
704 304 186 32 statistiska
914 306 221 37 redogörelser
1159 307 153 38 angifver
1338 309 61 31 den
1424 309 59 39 tid,
1509 321 169 27 vagnarna
1703 313 88 31 varit

183 344 199 38 inkopplade
399 345 11 31 i
427 346 125 37 gående
568 346 67 38 tåg.
676 346 260 38 Undantagslöst
953 348 152 38 angifves
1124 350 145 32 däremot
1287 351 242 39 tillryggalagd
1547 354 167 38 väglängd
1734 366 58 27 per

183 398 88 27 vagn
294 388 79 31 eller
394 399 57 27 per
472 389 174 38 vagnaxel,
668 389 58 32 och
747 391 102 31 måste
874 391 206 32 fördenskull
1101 392 57 32 vid
1180 393 204 38 jämförelser
1406 395 222 38 järnvägarna
1651 398 140 32 emellan

182 430 51 30 uti
252 431 225 36 nyssnämnda
495 431 83 31 mått
596 431 139 37 angifna
754 432 118 31 siffror
891 434 178 31 användas.

316 471 49 33 De
387 472 156 39 faktorer,
565 485 66 20 som
649 474 13 31 i
680 474 192 33 hufvudsak
889 475 137 33 inverka
1045 477 43 38 på
1107 478 228 38 vagnparkens
1356 480 224 39 utnyttjande,
1601 486 70 28 äro:
1692 482 97 32 trafi-

182 514 79 32 kens
281 526 67 20 mer
366 515 79 32 eller
461 516 126 32 mindre
606 517 129 38 ojämna
753 517 189 40 fördelning
961 520 41 37 på
1021 520 85 32 årets
1126 520 88 32 olika
1232 522 164 38 månader,
1417 523 250 33 förhållandet
1656 510 21 54 i
1687 525 102 32 kvan-

182 557 130 32 titativt
329 558 184 32 hänseende
528 559 121 32 mellan
665 560 90 32 olika
770 562 306 36 transportföremål
1094 563 58 31 och
1170 563 108 32 dessas
1297 567 98 29 natur
1412 565 37 31 af
1465 566 206 39 styckegods,
1689 579 100 21 mass-

180 600 82 37 gods
284 601 59 31 och
362 601 160 32 blandadt
544 602 263 39 vagnslastgods,
830 604 130 37 godsets
983 605 386 40 medeltransportlängd,
1389 608 319 33 trafikintensiteten
1730 611 59 31 och

181 643 97 32 däraf
300 643 158 32 beroende
480 644 223 39 tågfrekvens,
726 645 265 39 järnvägsnätets
1013 648 205 39 gestaltning
1239 651 59 30 cete.
1343 650 51 31 Af
1412 650 58 32 bil.
1492 662 54 20 n:r
1570 653 16 30 1
1607 652 54 32 till
1684 653 104 32 denua

180 685 350 39 Järnvägsstyrelsens
547 688 226 38 underdåniga
791 689 176 32 skrifvelse
984 691 157 38 framgår,
1158 691 85 32 huru
1260 692 12 31 i
1289 692 96 38 fråga
1401 705 49 19 om
1468 694 91 31 såväl
1576 705 128 27 person-
1720 707 68 20 som

179 728 231 37 godstrafiken
432 730 180 31 maximum
635 730 58 31 och
715 731 173 32 minimum
908 732 115 32 afvika
1044 733 76 31 från
1141 734 445 39 medeltransportsiffrorna.
1629 737 101 33 Klart
1752 743 36 27 är

181 773 60 36 att,
262 771 40 33 då
321 774 124 30 statens
465 772 178 38 järnvägar
662 774 103 31 måste
785 785 81 21 vara
887 775 171 32 utrustade
1080 776 52 31 för
1153 779 48 29 att
1219 777 108 32 kunna
1351 778 181 38 ombesörja
1552 780 235 32 maximitrafi-

180 813 74 38 ken,
273 825 39 20 en
330 817 67 28 stor
416 815 51 31 del
486 815 37 31 af
541 815 62 32 den
622 815 150 33 rullande
790 816 190 33 materielen
1000 818 103 33 under
1120 820 88 31 stora
1227 819 89 32 delar
1335 820 37 32 af
1389 821 69 31 året
1477 821 72 32 icke
1568 822 145 32 kommer
1733 823 54 32 till

181 856 67 32 full
271 857 223 38 användning.
541 857 101 33 Detta
663 858 148 39 framgår
834 864 87 27 ännu
945 860 167 38 tydligare
1136 862 36 32 af
1195 861 61 33 den
1278 863 151 37 grafiska
1453 864 57 32 bil.
1532 876 54 20 n:r
1609 866 17 30 2
1652 865 134 39 a-b-c-d,

180 899 136 32 hvilken
336 900 52 31 för
405 901 36 30 år
459 901 81 31 1911
558 901 89 31 visar
664 901 61 32 den
741 902 134 38 dagliga
892 902 184 38 tillgången
1093 904 58 31 och
1169 904 155 32 behofvet
1342 906 36 31 af
1393 906 217 39 godsvagnar,
1629 908 158 32 särskildt

181 941 53 32 för
251 942 112 31 täckta
381 943 58 30 och
460 943 158 32 särskildt
636 943 52 32 för
705 949 107 32 öppna
831 944 216 38 godsvagnar.
1091 946 51 31 Af
1162 946 105 33 denna
1289 948 249 39 framställning
1560 949 156 39 framgår,
1737 953 50 30 att

180 984 84 32 brist
277 985 42 37 på
334 985 112 31 täckta
461 997 126 27 vagnar
602 986 87 32 varit
705 987 142 32 rådande
863 987 104 32 under
984 988 85 38 april
1086 988 58 32 och
1162 990 190 39 september,
1368 1002 73 21 men
1457 994 50 29 att
1524 992 144 32 däremot
1683 993 104 34 under

180 1027 76 31 hela
277 1028 69 31 året
367 1028 185 37 tillgången
572 1029 42 37 på
636 1034 108 32 öppna
763 1041 126 25 vagnar
910 1031 188 37 öfverstigit
1118 1032 165 32 behofvet.
1328 1032 48 33 På
1394 1039 107 32 öppna
1520 1035 208 37 godsvagnar
1751 1036 36 32 af

179 1069 90 31 vissa
285 1070 72 37 slag
372 1070 60 32 har
447 1071 82 31 dock
546 1071 101 32 under
662 1072 90 31 vissa
766 1072 85 32 tider
869 1073 36 31 af
921 1074 69 30 året
1007 1073 84 32 brist
1109 1074 212 39 förefunnits,
1340 1076 104 32 ehuru
1461 1077 118 31 sådant
1595 1078 72 30 icke
1685 1078 100 32 fram-

178 1112 61 36 går
252 1112 36 31 af
305 1113 61 31 den
381 1112 181 38 åberopade
574 1113 144 38 bilagan.
759 1113 112 33 Såsom
888 1116 145 37 exempel
1049 1116 103 38 härpå
1168 1118 52 31 må
1237 1122 136 28 nämnas
1390 1118 224 33 förhållandet
1630 1120 72 32 med
1721 1123 64 30 trä-

178 1154 85 32 kols-
282 1155 58 31 och
357 1155 218 39 kalkvagnar.
617 1156 111 32 Under
744 1158 198 32 månaderna
959 1159 264 37 januari-mars
1241 1161 94 31 råder
1353 1161 12 31 i
1382 1162 88 36 regel
1487 1162 84 32 brist
1589 1163 42 38 på
1647 1163 137 33 träkols-

178 1208 135 27 vagnar,
333 1198 103 32 under
450 1199 74 37 juni
540 1199 58 31 och
616 1199 63 38 juli
698 1200 41 37 på
756 1200 215 38 kalkvagnar.
1014 1201 66 32 För
1099 1204 48 30 att
1165 1202 71 32 icke
1254 1203 60 31 allt
1334 1203 51 32 för
1401 1205 119 36 många
1537 1205 249 39 specialvagnar

178 1240 38 31 af
232 1240 256 37 ifrågavarande
501 1241 72 37 slag
588 1241 92 32 skola
694 1242 104 32 under
813 1243 109 38 öfriga
937 1243 90 32 delar
1044 1245 36 31 af
1096 1245 69 31 året
1181 1246 51 31 stå
1246 1245 12 31 i
1273 1246 193 32 hufvudsak
1482 1247 218 40 obegagnade,
1719 1249 65 32 för-

177 1293 51 20 ses
246 1294 37 20 en
300 1283 51 31 del
371 1283 99 32 andra
488 1295 126 26 vagnar
632 1284 73 32 med
724 1285 199 38 provisorisk
942 1286 193 39 utrustning
1155 1287 52 32 för
1226 1289 224 36 nyssnämnda
1469 1292 211 37 transporter,
1699 1291 85 31 hvil-

177 1324 64 32 ken
261 1326 193 38 utrustning
477 1326 178 40 borttages,
680 1328 40 31 då
743 1328 266 38 säsongtrafiken
1032 1329 60 32 har
1115 1330 111 32 slutat.
1273 1331 63 32 Att
1360 1342 39 21 en
1422 1331 65 39 hög
1507 1332 277 34 trafikintensitet

177 1368 72 32 med
270 1368 97 32 däraf
386 1369 147 38 följande
550 1372 49 29 tät
615 1370 214 37 tågfrekvens
850 1371 84 32 skall
954 1372 164 32 förbättra
1138 1373 229 38 vagnparkens
1387 1375 224 39 utnyttjande,
1633 1380 36 27 är
1690 1376 93 38 själf-

178 1409 106 33 fallet.
328 1410 277 41 Järnvägsnätets
625 1413 203 39 gestaltning
846 1413 61 33 har
926 1416 46 30 ett
990 1414 107 32 starkt
1114 1415 190 38 inflytande
1322 1417 41 37 på
1384 1417 62 31 den
1465 1417 149 33 rullande
1634 1418 148 32 materie-

176 1453 71 31 lens
268 1455 224 37 utnyttjande.
537 1454 124 39 Många
699 1456 183 38 grenbanor
903 1457 148 32 medföra
1070 1460 46 30 ett
1138 1458 126 32 mindre
1285 1459 78 37 godt
1385 1460 148 38 resultat,
1558 1465 41 27 än
1619 1472 50 20 om
1693 1465 90 28 nätet

177 1495 108 33 består
301 1496 37 32 af
355 1497 114 32 endast
489 1499 46 30 ett
556 1498 84 31 fåtal
659 1498 240 39 hufvudlinjer.

309 1538 51 31 Af
376 1539 54 32 det
444 1539 140 32 anförda
599 1540 93 32 torde
708 1541 141 38 framgå,
867 1543 49 30 att
933 1542 53 32 det
1004 1542 103 32 måste
1122 1554 80 20 vara
1218 1543 170 37 vanskligt
1406 1544 53 31 för
1475 1547 49 29 att
1541 1545 29 38 ej
1587 1550 80 32 säga
1684 1546 98 38 omöj-

174 1580 65 38 ligt
260 1583 48 29 att
327 1582 73 31 med
420 1582 152 32 säkerhet
590 1583 143 31 beräkna
751 1594 39 21 en
810 1584 111 38 siffra,
943 1596 66 20 som
1031 1585 152 37 angifver
1202 1586 116 31 måttet
1338 1587 52 31 för
1408 1589 46 29 ett
1470 1587 313 33 tillfredsställande

176 1623 214 38 utnyttjande
412 1624 36 31 af
467 1624 61 32 den
550 1625 151 32 rullande
721 1626 198 32 materielen.
964 1626 73 33 Den
1059 1627 147 32 säkraste
1225 1628 177 38 ledningen
1425 1629 52 32 för
1498 1631 47 30 ett
1566 1630 145 32 omdöme
1732 1630 51 33 uti

178 1665 228 37 föreliggande
432 1667 96 36 fråga
549 1667 139 33 erhålles
711 1679 115 27 genom
849 1680 38 20 en
908 1669 189 38 jämförelse
1121 1670 73 32 med
1220 1670 53 32 det
1298 1671 148 38 resultat,
1474 1683 67 20 som
1567 1673 136 31 vunnits
1725 1673 57 32 vid

177 1708 102 31 andra
300 1709 415 39 järnvägsförvaltningar.
761 1710 332 39 Järnvägsstyrelsen
1115 1713 60 31 har
1198 1713 205 32 fördenskull
1426 1714 87 38 gjort
1537 1714 61 32 den
1622 1726 159 21 samman-

177 1750 169 38 ställning,
369 1762 67 20 som
457 1752 111 32 finnes
589 1752 135 38 intagen
745 1753 50 31 uti
814 1754 58 31 bil.
894 1765 54 20 n:r
967 1755 28 37 3,
1019 1755 58 31 och
1096 1755 95 31 hvari
1213 1755 161 32 siffrorna
1395 1756 52 31 för
1469 1756 134 38 Sverige
1623 1758 158 37 jämföras

175 1792 72 32 med
265 1794 228 31 motsvarande
510 1794 52 32 för
576 1794 120 40 Norge,
713 1795 179 39 Danmark,
909 1795 154 40 Finland,
1081 1796 171 40 Preussen,
1270 1797 142 39 Bayern,
1433 1798 141 32 Sachsen
1592 1800 56 31 och
1667 1799 114 33 Wärt-

176 1835 156 39 temberg.
351 1836 52 32 Af
415 1836 153 40 tabellen,
587 1849 66 21 som
670 1838 159 33 omfattar
845 1840 77 31 åren
941 1840 226 39 1905—1909,
1185 1841 156 38 framgår,
1359 1843 49 30 att
1427 1840 133 39 Sverige
1578 1843 68 32 står
1663 1843 119 32 främst

175 1878 12 31 1
202 1879 94 36 fråga
313 1891 49 20 om
376 1890 304 28 personvagnarnas
695 1882 224 38 utnyttjande,
937 1884 48 30 att
1000 1883 303 38 resgodsvagnarna
1320 1884 167 38 utnyttjas
1501 1884 12 32 i
1532 1884 133 39 Sverige
1682 1897 99 26 unge-

177 1921 53 31 fär
250 1921 69 32 lika
339 1922 133 37 mycket
494 1934 67 20 som
582 1924 58 31 hos
663 1924 38 32 de
721 1924 99 37 tyska
844 1925 297 39 förvaltningarna,
1164 1929 85 29 samt
1271 1929 49 29 att
1340 1927 252 37 godsvagnarna
1614 1928 167 38 utnyttjas

175 1963 106 32 bättre
322 1968 41 28 än
393 1964 12 32 i
426 1964 144 34 Finland
591 1966 58 32 och
670 1966 104 32 under
793 1966 88 33 vissa
903 1968 36 31 år
956 1967 13 33 i
991 1967 152 40 Sachsen,
1164 1980 72 20 men
1257 1969 100 38 något
1375 1969 126 33 mindre
1519 1974 41 28 än
1579 1970 12 31 i
1609 1969 170 40 Preussen,

175 2005 131 39 Bayern
328 2008 58 31 och
406 2007 257 39 Wirttemberg.
706 2009 191 33 Medeltalet
917 2010 52 32 för
989 2011 65 31 alla
1072 2022 125 26 vagnar
1216 2011 113 32 ställer
1349 2012 50 38 sig
1418 2012 11 31 i
1450 2011 134 39 Sverige
1603 2025 177 25 gynnsam-

175 2060 88 21 mare
280 2054 41 27 än
339 2050 12 31 1
367 2050 121 39 Norge,
507 2050 144 34 Finland
671 2053 58 32 och
749 2051 142 33 Sachsen
911 2055 89 32 utom
1022 2055 51 31 för
1093 2055 36 31 år
1151 2055 93 37 1908,
1266 2055 141 37 ungefär
1426 2055 69 32 lika
1515 2056 73 32 med
1610 2055 171 33 Danmark

175 2103 72 20 men
263 2093 99 37 något
378 2093 92 37 lägre
485 2099 42 26 än
542 2094 12 31 i
569 2094 171 36 Preussen,
757 2094 132 39 Bayern
906 2096 57 31 och
979 2096 259 38 Wiärttemberg.
1278 2097 63 31 Att
1357 2098 37 31 år
1412 2098 92 37 1909,
1524 2109 66 20 som
1611 2098 99 32 äfven
1730 2099 51 31 för

175 2133 160 34 Preussen
360 2136 169 33 medförde
555 2148 39 20 en
618 2137 159 39 nedgång,
804 2138 157 33 särskildt
988 2139 53 32 för
1063 2138 134 39 Sverige
1222 2140 141 32 medfört
1388 2152 238 26 ogvnnsamma
1652 2141 127 39 siffror,

173 2177 95 32 beror
292 2179 42 37 på
358 2179 109 31 kända
494 2179 238 40 förhållanden,
758 2180 115 33 hvilka
897 2186 78 32 göra
999 2181 89 32 detta
1110 2182 36 31 år
1171 2182 141 32 särdeles
1335 2182 173 38 olämpligt
1535 2183 104 32 såsom
1662 2184 117 38 jämfö-

171 2220 132 33 rtelseår.
348 2221 52 32 Af
419 2222 334 38 jämförelsetabellen
774 2224 92 32 torde
887 2224 139 32 sålunda
1045 2225 72 31 med
1141 2225 44 31 all
1206 2224 167 39 tydlighet
1395 2225 138 39 framgå,
1557 2229 48 29 att
1628 2226 38 33 de
1689 2238 91 20 sven-

309 2275 129 43 Bihang
451 2276 49 32 till
511 2277 195 43 Riksdagens
714 2278 159 42 protokoll
884 2280 95 30 1912.
1003 2280 43 29 13
1056 2278 89 33 saml.
1171 2281 20 29 3
1204 2279 67 43 afd.
1294 2280 43 29 10
1350 2278 80 44 häft.
1454 2279 66 41 (Nr
1532 2279 66 42 10.)
1700 2279 39 31 10
