2233 2658
433 150 38 31 12
622 147 115 32 Andra
764 145 188 31 kammarens
970 142 108 43 tredje
1102 139 168 45 tillfälliga
1292 137 127 32 utskotts
1442 135 160 32 utlåtande
1624 133 54 32 Nr
1700 132 51 32 10.

397 239 99 33 rande
530 235 313 40 bestraffningsmål
884 235 19 31 å
943 233 103 32 andra
1084 231 95 32 sidan
1217 228 203 33 framställas
1460 225 78 33 kraf
1563 225 42 38 på
1631 226 135 35 stränga
1795 221 122 32 former
1943 219 53 32 för

393 281 243 34 öfvervakande
658 283 50 29 att
727 278 140 33 rättvisa
885 277 124 38 skipas;
1031 276 52 31 för
1105 274 104 38 öfrigt
1231 272 217 33 förekommer
1470 271 28 37 ej
1520 269 58 32 vid
1599 267 116 39 dylika
1733 266 70 33 små
1825 263 172 34 förseelser

394 327 35 32 så
454 328 114 35 sträng
588 323 158 40 procedur
772 333 68 21 som
863 319 199 40 uppgifvits.

525 369 18 32 I
566 368 97 38 fråga
685 378 50 20 om
754 363 259 40 mångskrifveri
1034 362 59 32 har
1117 361 58 32 ock
1197 360 151 39 påståtts,
1372 360 49 30 att
1445 358 47 30 ett
1515 355 95 33 sakta
1628 365 74 21 men
1724 351 71 33 icke
1819 349 178 38 omärkligt

395 413 109 31 arbete
531 411 142 39 påginge
702 412 49 29 att
778 408 102 32 under
908 404 332 39 Järnvägsstyrelsen
1268 402 59 32 och
1356 402 72 32 dess
1456 400 120 38 byråer
1604 398 139 37 indraga
1771 395 128 37 sådant,
1929 404 69 21 som

395 454 186 40 egentligen
603 453 99 33 borde
729 452 135 32 tillhöra
892 446 458 38 distriktsförvaltningarnas
1376 440 354 41 befogenhetsområde,
1756 437 73 33 med
1854 437 63 33 den
1944 436 54 37 på-

395 499 85 39 följd
501 500 49 30 att
569 494 293 41 mångskrifveriet
880 491 187 39 betänkligt
1088 490 162 33 florerade
1267 489 43 38 på
1329 485 181 35 bekostnad
1531 485 37 33 af
1590 484 53 33 det
1664 481 174 41 praktiska
1858 480 141 32 arbetets

394 541 132 33 skötsel.
568 540 102 32 Detta
686 538 177 39 påstående
881 542 36 27 är
935 536 72 32 icke
1026 534 127 38 riktigt.
1195 530 234 35 Förhållandet
1448 534 37 27 är
1501 529 90 32 tvärt
1608 539 61 25 om,
1688 528 49 30 att
1755 524 103 38 enligt
1878 522 122 33 arbets-

401 585 220 37 ordningarna
645 583 100 31 redan
770 581 104 32 såsom
900 581 131 30 nämnts
1056 575 263 39 öfverflyttning
1343 574 37 31 af
1405 571 172 38 åtskilliga
1603 568 141 33 ärenden
1766 569 56 35 ägt
1844 576 72 21 rum
1943 563 57 32 och

396 629 12 31 i
430 627 145 39 enlighet
597 626 73 32 med
693 625 39 32 de
751 624 57 32 vid
829 625 128 30 senaste
976 619 319 40 omorganisationen
1317 616 149 34 uttalade
1490 613 174 40 principer,
1689 612 59 37 går
1770 608 233 36 utvecklingen

396 672 12 31 i
431 671 61 32 den
514 669 159 37 riktning,
697 670 50 30 att
767 667 51 32 tid
839 666 86 32 efter
947 675 107 21 annan
1072 662 195 39 ytterligare
1289 658 262 39 öfverflyttning
1571 656 55 32 till
1651 650 351 38 distriktsförvaltnin-

397 724 104 26 garna
521 712 36 31 af
578 708 393 38 förvaltningsuppgifter
990 706 86 32 skall
1096 704 197 32 verkställas
1315 703 61 31 allt
1398 701 153 31 eftersom
1574 699 92 31 deras
1688 696 150 36 förmåga
1855 696 50 29 att
1924 703 78 26 upp-

397 759 80 35 taga
495 754 101 38 högre
618 753 123 33 sådana
761 751 174 39 uppgifter
956 749 78 33 ökas
1056 759 117 28 genom
1194 748 103 31 större
1317 755 87 22 vana
1421 742 58 33 vid
1499 739 216 41 själfständig
1738 734 266 37 arbetsutöfning

400 801 85 29 samt
518 796 169 39 Styrelsen
717 795 166 32 utarbetat
915 791 213 34 normerande
1160 789 115 39 regler,
1305 788 84 32 efter
1416 785 116 33 hvilka
1563 779 443 38 distriktsförvaltningarna

401 842 103 31 hafva
531 842 48 29 alt
605 838 190 38 handlägga
820 837 39 32 de
885 835 162 32 särskilda
1069 833 171 33 ärendena.

532 882 49 33 På
602 881 108 38 grund
734 881 36 31 af
793 880 54 32 det
871 878 139 33 anförda
1029 876 62 32 vill
1116 874 170 39 Styrelsen
1308 870 165 35 bestämdt
1492 869 118 39 uttala,
1633 869 48 31 att
1704 865 101 34 behof
1829 864 71 32 icke
1922 862 82 33 före-

400 927 106 39 ligger
524 928 49 31 att
591 924 200 33 omedelbart
805 923 191 39 igångsätta
1013 919 153 39 åtgärder
1185 919 53 32 för
1256 929 40 20 en
1313 916 84 32 total
1414 912 276 40 omorganisation
1711 910 35 32 af
1767 908 132 33 Statens
1917 907 90 38 järn-

401 975 119 33 vägars
544 967 215 38 förvaltning,
780 966 180 36 hvaremot,
983 964 105 32 såsom
1110 962 101 32 ofvan
1233 959 146 39 antydts,
1401 957 170 39 Styrelsen
1587 955 147 32 kommer
1755 955 49 29 att
1823 951 89 31 inom
1934 954 73 27 när-

402 1015 104 31 maste
526 1012 91 32 tiden
638 1010 133 39 afgifva
791 1008 127 38 förslag
937 1006 55 33 til
1013 1018 38 20 en
1072 1004 133 39 partiell
1226 1001 141 39 ändring
1387 1000 35 32 af
1444 998 186 39 Styrelsens
1652 993 232 40 organisation.

535 1055 19 31 I
571 1054 90 32 detta
679 1052 238 37 sammanhang
936 1051 54 31 må
1010 1048 158 38 slutligen
1187 1049 102 30 rättas
1310 1057 39 20 en
1366 1045 20 31 å
1404 1044 59 32 sid.
1488 1043 39 32 10
1548 1042 13 31 i
1581 1052 60 21 ena
1662 1039 163 33 motionen
1848 1035 160 34 förekom-

408 1098 117 33 mande
546 1096 137 39 uppgift
705 1107 51 20 om
780 1091 420 37 distriktsförvaltningens
1221 1085 297 37 sammansättning
1541 1084 59 32 och
1621 1094 50 21 om
1694 1082 99 32 sättet
1813 1079 52 31 för
1884 1077 125 33 besluts

405 1140 150 33 fattande
579 1139 87 31 inom
691 1135 412 37 distriktsförvaltningen.
1151 1130 282 35 Distriktschefen
1459 1134 46 32 är,
1530 1128 42 37 på
1596 1126 73 32 skäl
1695 1136 68 21 som
1786 1123 56 32 vid
1864 1131 145 27 omorga-

404 1183 184 32 nisationen
605 1183 164 36 noggrant
784 1179 186 37 betonades,
990 1177 143 37 alltjämt
1150 1177 126 29 ensamt
1291 1171 195 34 beslutande
1499 1173 91 29 utom
1608 1169 13 31 i
1638 1164 372 38 bestraffningsfråge-.

405 1226 51 31 uti
476 1224 116 33 hvilka
614 1224 123 37 frågor,
758 1233 72 20 men
851 1221 28 39 ej
902 1220 12 32 i
936 1219 110 38 andra,
1069 1216 203 38 omröstning
1290 1215 75 32 sker
1386 1214 58 32 och
1467 1210 375 35 distriktssekreteraren
1865 1204 147 33 inträder

406 1269 105 31 såsom
534 1267 140 32 ledamot
697 1266 12 31 i
731 1261 411 38 distriktsförvaltningen;
1168 1255 403 38 distriktsförvaltningen
1594 1254 158 36 fungerar
1775 1251 12 30 i
1809 1250 121 36 många
1949 1247 63 32 fall

407 1310 115 34 endast
549 1320 116 27 genom
693 1304 451 41 afdelningsföreståndaren,
1175 1314 68 20 som
1272 1300 104 39 enligt
1405 1296 292 37 arbetsordningen
1725 1294 62 31 har
1818 1286 194 47 afgörande-

407 1356 66 29 rätt
499 1353 5 31 i
523 1364 39 31 en
582 1351 121 38 mängd
726 1350 122 38 frågor.

541 1395 165 37 Öfvergår
722 1392 147 32 härefter
888 1390 170 39 Styrelsen
1074 1389 55 32 till
1147 1388 39 33 de
1203 1392 116 27 ämnen
1336 1385 12 32 i
1365 1383 210 37 motionerna,
1593 1392 68 21 som
1678 1380 13 31 i
1707 1390 69 21 mer
1792 1377 79 33 eller
1888 1374 127 33 mindre

408 1439 75 31 mån
504 1436 181 39 lämpligen
707 1436 112 32 kunna
836 1433 180 33 behandlas
1038 1432 13 32 i
1073 1430 237 36 sammanhang
1329 1427 73 33 med
1423 1423 373 41 organisationsfrågan,
1819 1421 89 31 möta
1930 1418 84 32 först

410 1482 157 37 frågorna
590 1492 51 20 om
663 1476 315 41 öfverkvalificerad
1001 1473 203 37 arbetskraft
1228 1472 59 32 och
1312 1482 52 21 om
1390 1470 117 31 lättare
1534 1466 182 39 öfvergång
1742 1464 76 38 från
1845 1463 89 36 lägre
1962 1460 52 32 till

410 1524 99 37 högre
537 1523 91 38 grad,
656 1521 116 33 därvid
800 1519 172 38 samtidigt
998 1516 179 34 behandlas
1205 1513 222 34 förhållandet
1454 1511 121 32 mellan
1603 1508 124 33 antalet
1754 1504 261 40 tjänstehafvare

411 1567 36 31 af
466 1565 85 33 båda
578 1565 93 32 dessa
693 1563 127 39 grader.

544 1607 59 32 Uti
627 1605 216 34 förevarande
866 1610 117 26 ämnen
1006 1603 60 31 har
1089 1600 170 39 Styrelsen
1279 1598 101 33 redan
1402 1597 77 32 haft
1501 1594 138 33 tillfälle
1664 1595 48 30 att
1736 1596 149 27 närmare
1909 1588 108 33 uttala

418 1652 51 38 sig
489 1651 57 32 vid
565 1649 216 33 besvarandet
804 1648 36 31 af
863 1645 312 34 öfverrevisorernas
1196 1641 175 33 berättelse
1394 1640 52 32 för
1468 1639 36 31 år
1530 1637 81 32 1909
1637 1635 58 32 och
1717 1634 125 32 tillåter
1865 1631 52 38 sig
1941 1629 76 38 Sty-

412 1694 104 32 relsen
536 1692 138 32 hänvisa
689 1691 54 32 till
764 1690 187 38 Styrelsens
970 1687 194 33 uttalanden
1182 1684 201 33 härutinnan
1403 1683 19 31 å
1441 1681 59 33 sid.
1521 1680 127 32 11—219
1667 1678 13 32 i
1700 1675 185 40 Styrelsens
1905 1673 113 38 tryck-

413 1740 35 29 ta
471 1734 228 39 underdåniga
722 1733 172 33 utlåtande
916 1732 36 31 af
978 1731 62 32 den
1068 1730 38 31 19
1133 1727 131 40 januari
1292 1727 94 31 1911.
1434 1724 53 32 Då
1514 1723 52 32 för
1593 1719 203 35 närvarande
1822 1717 132 33 arbetar
1980 1727 39 20 en

413 1779 128 37 Kungl.
568 1777 184 32 Kommitté
777 1776 52 32 för
852 1773 203 38 behandling
1077 1773 36 31 af
1133 1783 45 20 nu
1200 1770 137 33 berörda
1362 1768 114 38 frågor
1500 1766 121 32 saknar
1647 1762 168 39 Styrelsen
1842 1758 178 34 anlednin:

415 1824 49 29 att
482 1821 13 31 i
518 1822 136 37 frågans
677 1818 191 33 nuvarande
889 1818 74 37 läge
986 1814 195 41 ytterligare
1203 1813 108 32 uttala
1331 1811 61 37 sig.

549 1911 59 32 Uti
628 1910 62 32 den
709 1909 73 32 med
802 1905 216 35 förevarande
1038 1909 94 27 ämne
1151 1899 322 40 sammanhängande
1494 1899 120 37 frågan
1632 1908 50 20 om
1703 1893 221 35 förhållandet
1944 1892 77 31 mel-

416 1957 56 31 lan
498 1955 124 32 antalet
647 1953 200 39 tjänstemän
872 1950 37 31 af
928 1949 102 38 högre
1056 1948 58 31 och
1142 1945 125 34 antalet
1292 1945 199 37 tjänstemän
1516 1941 37 32 af
1577 1940 91 38 lägre
1694 1938 81 38 grad
1802 1937 103 32 under
1932 1934 90 32 olika

416 1997 216 38 tidsperioder
654 1995 58 31 och
733 1995 12 30 i
763 1991 207 34 förhållande
989 1990 55 32 till
1064 1990 54 32 det
1135 1988 136 32 utförda
1289 1984 235 34 trafikarbetet
1544 1984 111 31 lämna
1674 1979 218 39 uppgifterna
1911 1977 51 32 uti
1985 1977 38 32 de

418 2052 43 20 nu
479 2038 244 34 öfverlämnade
739 2036 66 32 Bil.
825 2034 105 33 A—C
948 2031 215 40 upplysning.
1204 2029 107 32 Däraf
1330 2028 157 36 framgår,
1508 2028 49 30 att
1576 2024 150 33 frånsedt
1744 2022 39 32 de
1797 2020 225 34 banarbetare,

418 2083 132 32 hvilkas
574 2080 153 37 aflöning
751 2081 160 35 upptages
935 2078 20 31 å
979 2073 274 40 dagsverkslistor
1277 2072 59 31 och
1360 2070 131 32 hvilkas
1516 2068 91 32 antal
1630 2066 99 32 växla
1751 2065 51 32 för
1824 2065 86 31 årets
1935 2062 89 32 olika

419 2125 156 32 månader
593 2124 60 33 allt
677 2123 85 31 efter
785 2119 227 39 föreliggande
1035 2114 335 37 underhållsarbeten,
1395 2112 125 32 antalet
1541 2111 199 37 tjänstemän
1763 2107 36 32 af
1820 2107 100 37 högre
1943 2104 82 39 grad

420 2169 58 31 och
500 2168 37 31 af
556 2168 90 36 lägre
666 2165 92 38 grad,
777 2163 186 32 verkstads-
983 2162 59 31 och
1061 2158 278 34 förrådsarbetare
1358 2154 231 37 inberäknade,
1610 2152 92 32 ökats
1723 2151 43 37 på
1786 2152 66 30 sätt
1873 2147 150 39 angifves

419 2211 12 31 i
465 2209 240 33 nedanstående
741 2206 112 39 tabell,
893 2217 68 20 som
989 2203 124 40 jämväl
1149 2199 182 34 innehåller
1358 2197 173 39 uppgifter
1559 2194 137 33 rörande
1724 2192 211 38 banlängden
1966 2190 58 32 och

420 2252 244 33 trafikarbetet.
