2190 2648
420 140 113 31 Andra
557 140 194 31 kammarens
774 141 94 41 tredje
893 140 167 42 tillfälliga
1083 141 127 32 utskotts
1233 142 160 31 utlåtande
1416 141 53 31 Nr
1490 143 50 30 10.
1704 143 38 32 75

178 229 304 37 malmtransporter
506 229 20 31 å
554 228 103 39 linjen
685 228 414 40 Kiruna—Riksgränsen,
1128 230 103 32 under
1261 230 53 32 det
1343 232 49 31 att
1419 231 123 32 sådana
1569 231 123 39 jämväl
1721 236 64 34 åga

178 282 70 21 rum
277 272 73 31 från
375 271 132 32 Kiruna
532 272 54 31 till
614 270 142 34 Svartön
783 275 85 29 samt
895 272 76 32 från
1000 272 178 39 Gällivare,
1202 273 218 38 Malmberget
1443 274 58 32 och
1530 274 254 33 Koskullskulle

177 314 53 32 till
256 313 151 40 Svartön,
432 315 58 31 och
513 316 48 30 att
585 314 94 32 dessa
701 317 201 36 transporter
923 320 54 27 äro
998 316 206 38 väsentligen
1228 316 90 32 olika
1339 317 103 33 under
1466 317 61 32 den
1550 318 100 38 långa
1674 318 49 33 tid
1748 319 36 31 af

176 358 79 37 året,
277 368 52 21 c:a
352 359 15 30 7
388 357 165 38 månader,
576 358 42 32 då
635 358 161 37 sjöfarten
814 358 75 32 från
911 358 104 33 Luleå
1036 364 35 26 är
1093 358 128 38 stängd.

306 399 58 32 Uti
415 400 48 32 sin
504 400 227 38 underdåniga
759 400 175 32 skrifvelse
961 401 126 32 uttalar
1115 402 300 37 förslagsställaren
1444 402 61 32 den
1534 403 173 38 farhågan,
1734 406 50 29 att

176 444 104 30 större
308 442 93 32 delen
430 442 36 32 af
496 443 61 32 den
587 442 183 39 utdelning,
801 454 68 21 som
898 446 107 29 staten
1033 444 61 32 har
1118 445 42 37 på
1190 444 72 33 sina
1291 445 353 39 grängesbergsaktier,
1676 446 108 32 skulle

175 485 132 32 komma
331 487 49 30 att
405 485 78 38 åtgå
511 485 54 32 till
592 486 211 38 förräntning
832 486 58 31 och
919 486 199 39 arwortering
1144 487 36 31 af
1210 487 400 38 anskaffningskapitalet
1639 488 53 32 för
1721 489 62 32 den

175 528 105 37 enligt
306 528 81 31 hans
414 527 134 39 mening
573 529 41 37 på
642 528 330 33 otillfredsställande
1000 531 65 30 sätt
1091 529 191 38 utnyttjade
1309 530 322 38 malmvagnparken.
1681 530 103 33 Detta

176 570 173 32 uttalande
378 575 36 27 är
439 570 71 32 icke
540 570 129 38 riktigt.
722 570 118 38 Enligt
866 571 190 32 kontraktet
1085 572 122 31 mellan
1237 572 197 32 statsverket
1460 573 59 31 och
1548 573 235 38 malmbolaget

175 613 61 31 har
262 613 54 32 det
343 624 113 22 senare
479 615 49 30 att
554 625 96 20 svara
675 613 61 39 för,
761 616 50 29 att
838 617 107 29 staten
969 614 52 32 får
1043 626 39 21 en
1107 615 297 38 nettoafkastning.
1433 615 99 32 sedan
1559 616 76 31 från
1662 616 120 32 trafik-

176 655 224 32 inkomsterna
427 655 163 38 afdragits
617 656 280 39 driftutgifterna,
925 657 36 31 af
986 657 100 31 minst
1112 658 17 31 5
1155 655 38 38 Yo
1218 658 42 37 på
1286 658 54 31 det
1362 658 50 31 uti
1436 658 248 32 malmbanorna
1709 659 74 32 med

174 698 202 32 tillhörande
402 699 152 31 rullande
582 699 149 31 materiel
761 699 163 37 nedlagda
952 700 172 37 kapitalet.
1178 699 118 38 Enligt
1327 700 38 32 de
1390 700 244 33 bestämmelser
1659 701 123 32 beträf-

177 741 100 32 fande
302 740 208 39 afskrifning
532 741 36 32 af
591 741 150 33 rullande
764 742 158 38 materiel,
945 754 67 20 som
1036 754 76 20 voro
1136 742 154 39 gällande
1315 743 71 32 före
1409 744 37 32 år
1470 743 92 38 1911,
1588 744 119 33 skedde
1732 744 49 32 af-

175 784 172 37 skrifning
372 795 116 26 genom
518 795 81 26 resp.
631 784 134 32 fordons
796 785 176 31 afförande
1002 796 39 20 ur
1072 785 225 38 räkenskapen
1323 786 72 31 med
1422 786 71 31 dess
1525 786 86 32 fulla
1641 787 100 32 värde
1771 787 12 31 i

175 826 159 32 samband
359 827 72 31 med
456 826 167 33 fordonets
644 827 240 37 utrangerande
906 838 40 21 ur
968 827 203 39 lokomotiv-,
1193 839 82 26 resp.
1300 828 221 38 vagnparken.
1569 828 52 32 Då
1644 829 62 32 den
1731 829 52 32 för

175 869 250 31 malmtrafiken
446 869 151 32 använda
619 869 190 32 materielen
832 875 36 26 är
887 870 241 37 jämförelsevis
1152 882 55 26 ny,
1231 871 61 31 har
1315 872 107 36 någon
1445 871 101 32 sådan
1565 872 219 37 utrangering

175 916 89 27 ännu
289 911 71 32 icke
392 912 217 38 förekommit,
639 912 127 31 hvilket
795 912 76 31 haft
898 912 54 31 till
981 913 94 37 följd,
1103 915 48 29 att
1180 914 108 36 någon
1316 913 365 37 afskrifningskostnad
1711 914 72 31 före

175 954 143 32 nämnda
339 955 35 31 år
393 955 18 31 å
432 955 102 31 sådan
554 954 149 32 materiel
721 954 72 32 icke
813 955 109 37 ingått
943 955 12 31 i
974 955 313 32 driftkostnaderna.
1332 955 146 32 Numera
1501 961 36 26 är
1559 956 223 32 förhållandet

174 999 49 29 ett
248 999 109 35 annat,
380 1001 78 27 enär
481 997 207 38 afskrifning
712 997 75 32 från
809 997 58 32 och
891 998 73 31 med
988 999 35 30 år
1050 998 81 31 1911
1155 998 73 32 sker
1251 1009 115 27 genom
1391 998 187 39 afsättning
1603 999 36 31 af
1662 999 119 31 trafik-

176 1039 105 32 medel
310 1039 55 31 till
390 1051 39 20 en
459 1040 259 38 förnyelsefond,
750 1040 177 33 oberoende
957 1040 45 38 af,
1027 1041 12 30 i
1069 1040 135 32 hvilken
1233 1041 204 38 omfattning
1460 1041 144 38 gammal
1634 1041 148 32 materiel

175 1082 105 32 under
304 1083 69 31 året
394 1085 204 34 utrangeras.
647 1082 195 32 Emellertid
866 1083 61 31 har
952 1083 61 31 den
1037 1083 296 38 nettoafkastning,
1359 1095 67 20 som
1450 1086 107 29 staten
1583 1084 132 32 erhållit
1740 1085 42 36 på

175 1124 55 32 det
253 1124 50 32 uti
323 1124 247 32 malmbanorna
591 1125 163 37 nedlagda
774 1125 172 37 kapitalet,
967 1125 88 32 varit
1078 1126 36 31 så
1135 1128 76 35 stor,
1233 1128 48 29 att
1303 1126 61 31 den
1387 1126 71 31 med
1477 1126 172 38 undantag
1672 1127 52 31 för
1747 1127 35 31 år

179 1167 82 31 1909
290 1166 169 38 betydligt
483 1167 191 37 öfverstigit
705 1168 17 31 5
753 1165 49 41 Yo,
832 1167 100 32 äfven
958 1179 51 21 om
1038 1167 364 39 afskrifningskostnad
1431 1168 177 32 beräknats
1639 1169 53 31 för
1721 1169 62 32 den

175 1209 151 33 rullande
354 1209 200 32 materielen.

307 1252 152 32 Rörande
479 1252 317 37 förslagsställarens
816 1253 12 31 i
843 1252 48 32 bil
912 1252 38 32 B.
961 1253 54 31 till
1030 1252 61 32 den
1104 1253 226 37 underdåniga
1342 1253 291 39 framställningen
1644 1254 141 37 angifna

177 1294 127 39 förslag
327 1295 53 31 till
403 1295 240 38 kontrollering
667 1296 36 31 af
727 1296 61 31 den
811 1295 150 32 rullande
982 1295 206 33 materielens
1212 1296 224 38 utnyttjande,
1461 1297 35 31 så
1520 1297 60 31 har
1600 1296 181 38 Järnvägs-

176 1338 162 37 styrelsen
361 1337 12 32 i
393 1337 193 33 hufvudsak
611 1338 99 32 redan
735 1340 107 36 yttrat
867 1338 51 39 sig
940 1350 50 20 om
1017 1339 189 32 detsamma.
1251 1338 182 39 Förslaget,
1460 1338 116 33 sådant
1602 1339 180 32 detsamma

177 1380 189 37 föreligger,
391 1380 137 32 innebär
555 1381 12 31 i
593 1381 124 37 själfva
739 1381 114 31 verket
879 1381 175 38 ingenting
1082 1384 108 35 annat,
1215 1386 42 27 än
1285 1384 48 29 att
1361 1384 46 30 ett
1433 1382 100 31 konto
1558 1382 107 31 skulle
1693 1382 89 31 föras

176 1422 158 32 särskildt
358 1423 52 31 för
432 1423 114 38 hvarje
568 1423 180 32 lokomotiv
771 1424 58 31 och
851 1424 114 37 hvarje
986 1435 98 27 vagn,
1106 1424 37 32 af
1164 1424 128 32 hvilket
1311 1424 99 31 konto
1433 1424 107 32 skulle
1564 1424 139 38 framgå,
1726 1424 56 32 till

175 1465 133 32 hvilken
336 1466 82 37 grad
448 1466 214 31 lokomotivet
693 1466 78 32 eller
797 1477 128 26 vagnen
955 1466 112 32 blefve
1097 1467 182 38 utnyttjad.
1334 1466 156 32 Däremot
1517 1467 118 31 saknas
1667 1466 114 38 hvarje

176 1508 148 38 antydan
348 1520 61 27 om,
432 1509 41 37 på
496 1508 87 32 hvad
609 1511 66 30 sätt
697 1509 201 38 förbättring
921 1509 107 32 skulle
1053 1509 252 39 åstadkommas,
1331 1509 76 32 ifall
1429 1509 280 38 anteckningarna
1733 1509 48 32 vi-

175 1551 85 37 sade,
283 1553 49 30 att
353 1551 191 31 materielen
566 1551 72 32 icke
660 1552 209 37 utnyttjades
891 1551 321 32 tillfredsställande.
1259 1551 72 32 Den
1356 1552 188 37 föreslagna
1568 1552 213 37 synnerligen

175 1593 143 38 dyrbara
335 1593 220 38 bokföringen
577 1593 37 32 af
632 1593 115 39 hvarje
769 1594 132 32 fordons
921 1594 211 38 användning
1152 1594 107 32 skulle
1279 1594 29 38 ej
1325 1594 132 31 komma
1477 1596 49 30 att
1543 1594 112 32 lämna
1673 1594 109 32 bättre

175 1635 136 37 ledning
336 1636 52 32 för
412 1636 117 32 sakens
550 1636 202 32 bedömande
776 1641 42 27 än
843 1637 38 31 de
903 1648 45 20 nu
973 1636 95 32 förda
1095 1636 281 38 anteckningarna
1401 1637 93 31 öfver
1518 1636 264 39 tillryggalagda

175 1678 192 32 lokomotiv-
395 1678 58 32 och
481 1678 347 38 vagnaxelkilometer.

307 1720 316 38 Förslagsställaren
652 1726 59 32 gör
742 1722 99 31 äfven
871 1722 54 32 det
951 1721 202 39 påståendet,
1184 1724 49 29 att
1263 1721 331 38 Järnvägsstyrelsen
1621 1722 72 31 icke
1722 1722 60 31 har

175 1764 100 36 något
300 1766 122 35 system
446 1764 52 32 för
519 1764 240 37 kontrollering
780 1765 35 32 af
836 1764 220 32 kostnaderna
1081 1765 52 31 för
1156 1763 305 39 transportarbetet,
1485 1764 159 32 beroende
1664 1765 43 37 på
1732 1766 49 30 att

176 1817 38 20 en
240 1806 51 32 del
316 1806 299 38 primäruppgifter
637 1807 136 31 rörande
797 1809 24 29 t.
848 1818 48 20 ex.
919 1806 318 37 kolförbrukningen
1264 1807 128 37 saknas,
1420 1807 58 31 och
1501 1806 96 32 anför
1624 1807 156 31 författa-

175 1860 57 21 ren
261 1849 104 31 såsom
393 1849 157 38 exempel,
580 1849 63 32 hur
673 1849 331 38 Järnvägsstyrelsen
1033 1849 56 33 vid
1120 1849 188 39 jämförelse
1334 1849 121 32 mellan
1484 1849 296 32 maskinafdelnin-

174 1902 80 27 gens
281 1891 178 32 kostnader
487 1892 53 31 för
566 1892 151 37 ångdrift
741 1893 58 31 och
825 1892 187 32 beräknade
1035 1892 177 32 kostnader
1241 1893 52 31 för
1320 1892 158 32 elektrisk
1503 1892 84 32 drift
1615 1892 166 32 använder

175 1936 47 29 ett
249 1933 180 32 statistiskt
452 1934 156 32 medeltal
636 1935 51 32 för
715 1945 38 21 en
777 1934 242 39 lokomotivtyp
1047 1934 64 33 litt.
1141 1934 53 32 Ke
1221 1934 283 38 hufvudsakligen
1527 1934 12 32 i
1567 1934 212 38 växeltjänst.

174 1975 156 33 Förutom
357 1976 64 39 det,
449 1978 49 30 att
523 1977 61 32 den
606 1977 149 32 uttalade
780 1977 167 32 allmänna
971 1980 108 29 satsen
1102 1977 71 32 icke
1199 1982 35 27 är
1261 1988 90 28 sann,
1376 1978 34 31 så
1435 1982 44 33 är,
1502 1977 87 32 hvad
1614 1976 167 33 beträffar

175 2018 260 39 anmärkningen
452 2022 68 30 mot
539 2022 99 30 sättet
657 2022 50 30 att
724 2020 90 39 välja
835 2023 46 30 ett
900 2020 153 33 medeltal
1074 2020 52 32 för
1144 2020 137 33 berörda
1298 2020 197 39 jämförelse,
1516 2020 90 32 detta
1625 2022 66 30 sätt
1709 2020 73 32 icke

175 2062 201 39 förkastligt,
400 2067 60 27 när
479 2074 76 20 man
578 2063 114 32 endast
712 2068 59 33 gör
794 2064 90 31 detta
907 2064 72 31 med
1000 2063 100 39 nödig
1121 2063 203 38 urskillning
1347 2063 58 32 och
1426 2063 108 32 stöder
1557 2063 51 38 sig
1630 2064 43 36 på
1696 2063 84 32 erfa-

174 2105 164 31 renheten.
383 2105 78 32 Man
481 2105 60 33 bör
564 2106 115 38 därvid
704 2106 28 39 ej
754 2106 117 32 afvika
895 2106 75 32 från
994 2106 61 32 den
1079 2106 97 37 regel,
1199 2117 66 21 som
1290 2106 105 38 gäller
1418 2105 56 33 vid
1499 2106 44 32 all
1570 2105 211 36 användning

175 2147 36 32 af
232 2147 186 33 statistiska
438 2148 59 38 tal,
517 2150 50 30 att
588 2148 144 33 utesluta
754 2149 38 32 de
811 2149 119 36 högsta
951 2149 58 32 och
1033 2149 38 32 de
1090 2149 109 37 lägsta
1219 2149 98 38 talen,
1338 2149 53 32 för
1413 2151 48 30 att
1482 2148 71 32 icke
1574 2149 130 31 komma
1726 2148 54 32 till

175 2190 143 33 oriktiga
344 2190 186 38 slutsatser;
554 2191 117 32 liksom
698 2203 75 20 man
798 2192 29 36 ej
852 2192 104 32 heller
976 2192 59 32 bör
1057 2192 128 36 utvälia
1210 2192 57 38 tal,
1290 2203 66 21 som
1382 2196 54 27 äro
1461 2191 215 32 tendentiösa.
1723 2191 57 32 Nu

174 2232 61 32 har
262 2232 333 39 Järnvägsstyrelsen
622 2234 12 32 i
659 2234 90 33 detta
778 2235 63 32 fall
866 2234 156 33 undvikit
1051 2237 49 30 att
1127 2234 92 39 välja
1244 2234 39 33 de
1310 2233 242 40 jämförelsevis
1580 2234 87 38 höga
1689 2234 91 32 talen
