2218 2660
461 151 39 31 26
662 147 116 33 Andra
800 145 194 31 kammarens
1017 142 96 41 tredje
1135 140 162 44 tillfälliga
1320 138 129 31 utskotts
1472 136 161 32 utlåtande
1655 133 55 32 Nr
1732 133 51 31 10.

420 239 219 39 vudsakligen
656 238 42 38 på
715 239 49 30 att
781 234 156 34 särskildt
956 233 39 33 de
1013 235 101 30 större
1128 229 248 39 bangårdarnas
1394 225 203 41 gestaltning
1613 223 71 33 icke
1703 228 88 27 ännu
1807 220 122 33 hunnit
1948 220 79 32 läm-

420 295 60 28 pas
495 283 84 32 efter
591 281 165 33 trafikens
773 278 158 39 stegring.

548 325 66 33 För
632 326 50 31 att
695 324 183 32 bestämma
894 317 397 37 bränsleförbrukningen
1309 326 57 28 per
1383 312 268 38 växlingstimme
1669 310 66 31 kan
1755 320 76 21 man
1851 308 81 37 utgå
1951 306 78 32 från

421 367 396 37 bränsleförbrukningen
833 376 57 28 per
906 364 113 32 timme
1036 363 53 32 för
1106 361 39 33 de
1159 356 346 40 växlingslokomotiv,
1525 367 67 20 som
1613 354 51 32 för
1679 352 178 33 hvartdera
1873 351 70 31 året
1962 349 66 32 för-

422 415 102 31 rättat
542 413 62 32 den
622 412 119 31 största
756 409 189 36 växlingen.
987 406 73 32 Den
1077 406 121 31 största
1215 402 179 37 växlingen
1412 399 198 34 förrättades
1630 398 36 31 år
1688 396 82 32 1896
1793 395 36 32 af
1848 393 181 33 lokomotiv

422 457 66 32 litt.
521 455 14 32 P
553 455 60 32 och
632 455 37 31 år
687 453 82 32 1908
789 452 36 32 af
841 449 180 34 lokomotiv
1039 448 65 32 litt.
1125 447 62 32 Ke.
1230 446 83 31 Litt.
1333 444 27 31 P
1381 442 200 33 förbrukade
1600 440 104 33 under
1723 440 37 31 år
1779 437 82 33 1896
1884 437 62 31 661
1969 436 61 32 och

422 500 67 32 litt.
508 499 53 33 Ke
577 498 104 32 under
696 498 37 31 år
751 495 83 33 1908
854 494 93 38 1,005
964 493 50 31 kr.
1032 491 127 33 stenkol
1174 501 58 27 per
1252 488 60 33 100
1332 484 361 35 lokomotivkilometer.
1735 481 53 33 Då
1803 492 40 21 en
1860 479 169 38 växlings-

422 544 115 31 timme
564 541 104 37 enligt
694 540 139 31 allmänt
857 536 151 38 brukligt
1037 534 249 37 förfaringssätt
1311 530 165 34 likställes
1502 528 73 32 med
1601 527 38 32 10
1666 523 363 37 lokomotivkilometer,

426 586 108 33 skulle
547 581 395 37 bränsleförbrukningen
960 590 58 28 per
1034 576 270 39 växlingstimme
1319 574 111 32 blifva
1447 573 36 31 år
1500 571 82 32 1896
1603 570 39 32 66
1663 569 59 32 och
1740 569 36 31 år
1795 567 82 32 1908
1897 566 61 32 100
1975 565 56 37 kg.

423 630 67 32 Det
506 634 36 27 är
559 626 182 34 emellertid
758 628 48 30 att
823 624 124 38 märka,
967 625 49 29 att
1033 621 82 33 både
1131 621 65 31 litt.
1231 619 11 32 P
1259 618 104 33 under
1381 617 37 32 år
1437 615 82 32 1896
1539 614 59 32 och
1615 613 66 32 litt.
1701 611 53 32 Ke
1769 610 104 33 under
1890 610 36 31 år
1947 608 84 32 1908

429 675 92 29 utom
549 669 260 38 växlingstjänst
837 667 99 32 äfven
964 665 157 32 förrättat
1149 663 172 38 tågtjänst,
1346 659 104 32 under
1473 657 137 33 hvilken
1636 651 397 38 bränsleförbrukningen

427 720 36 27 är
482 717 102 29 större
606 718 42 26 än
667 712 57 31 vid
743 709 269 38 växlingstjänst.
1060 706 125 38 Gjorda
1207 702 284 36 undersökningar
1512 700 104 31 hafva
1638 698 97 37 visat,
1761 699 50 29 att
1831 694 201 33 bränsleför-

425 756 210 38 brukningen
653 755 52 32 för
720 754 65 32 litt.
805 752 52 33 Ke
875 752 12 32 i
905 751 114 32 enbart
1035 748 260 38 växlingstjänst
1312 745 129 38 uppgår
1457 743 55 32 till
1532 741 152 38 omkring
1702 740 41 32 90
1761 739 55 37 kg.
1836 748 57 27 per
1908 736 123 33 timme.

428 800 140 33 Antalet
588 797 295 40 tågtjänsttimmar
904 795 52 32 för
975 794 66 31 litt.
1078 792 12 32 P
1110 791 102 33 under
1232 792 36 31 år
1291 789 83 32 1896
1394 786 153 40 utgjorde
1566 785 18 32 6
1604 782 39 39 Jo
1664 783 36 32 af
1716 782 77 32 hela
1808 779 225 41 tjänstetiden,

427 843 105 32 under
556 842 53 33 det
632 843 50 30 att
704 838 231 34 motsvarande
957 837 50 31 tal
1029 836 52 32 för
1104 835 66 31 litt.
1192 833 53 32 Ke
1269 833 36 31 år
1332 831 83 32 1908
1440 828 152 39 utgjorde
1614 828 18 31 3
1657 824 49 39 Jo.
1752 825 61 32 Om
1833 822 200 34 bränsleför-

427 885 208 38 brukningen
656 884 52 32 för
725 883 66 32 litt.
829 882 8 31 P
856 880 146 33 minskas
1023 879 12 32 i
1055 889 124 22 samma
1197 875 189 40 proportion
1408 885 67 20 som
1496 872 52 32 för
1568 871 66 32 litt.
1656 869 63 38 Ke,
1736 868 60 32 bör
1812 877 78 21 man
1910 864 127 34 således

430 930 52 32 för
496 929 66 31 litt.
581 927 27 32 P
627 927 125 33 erhålla
769 937 40 21 en
823 921 363 38 bränsleförbrukning,
1206 931 67 20 som
1290 923 35 27 är
1344 918 100 36 något
1460 916 100 37 högre
1578 918 41 27 än
1638 913 62 32 den
1716 910 160 38 verkliga.
1916 907 119 38 Enligt

430 983 39 21 en
484 972 101 32 sådan
602 969 185 38 beräkning
805 968 129 38 uppgår
950 962 398 38 bränsleförbrukningen
1367 960 53 32 för
1437 959 65 32 litt.
1522 958 27 31 P
1568 956 56 32 vid
1644 955 115 32 enbart
1774 951 263 39 växlingstjänst

429 1015 55 32 till
503 1015 39 31 59
561 1014 55 37 kg.
635 1024 57 27 per
710 1012 122 32 timme.
875 1006 402 38 Bränsleförbrukningen
1298 1004 52 32 för
1368 1003 77 32 hela
1463 999 301 39 växlingstjänsten
1780 996 67 33 blir
1868 994 124 33 således

2037 1046 3 14 i

2037 1063 5 11 I

833 1094 28 24 år
880 1091 65 27 1896
969 1111 4 5 .
1002 1112 5 4 .
1036 1111 4 4 .
1069 1109 5 6 .
1103 1109 5 5 .
1136 1104 38 10 sr
1202 1107 6 6 2
1240 1087 32 26 59
1286 1091 23 23 XX
1323 1084 108 34 352,047
1446 1095 22 10 =
1483 1082 91 33 20,771
1593 1084 46 23 ton

844 1155 9 12 >
881 1142 328 27 1908...
1070 1124 52 55 vv
1132 1160 77 8 vn
1242 1138 33 26 90
1290 1143 22 23 x
1326 1135 109 34 804,654
1449 1147 22 10 —
1486 1133 92 34 72419
1610 1143 10 13 >

570 1217 61 32 Om
651 1217 106 32 denna
775 1211 354 38 bränsleförbrukning
1151 1209 163 37 afdrages,
1336 1207 65 32 blir
1421 1204 204 34 återstående
1643 1198 357 37 bränsleförbrukning

835 1289 29 24 år
882 1286 66 26 1896.
999 1306 2 5 .
1035 1305 34 5 ..
1098 1299 339 10 ses
1333 1279 44 39 re
1396 1279 45 39 cr
1471 1276 108 33 161,539
1598 1279 44 22 ton

848 1348 9 12 >
885 1336 65 27 1908.
1000 1356 3 5 .
1035 1356 2 4 .
1068 1354 70 5 oss
1168 1353 38 5 ss
1236 1352 71 5 rss
1337 1350 104 5 ess
1473 1327 107 32 394,711
1613 1336 10 13 >

570 1408 403 38 Bränsleförbrukningen
998 1405 129 40 uppgår
1152 1403 124 33 således
1300 1401 55 33 till

1013 1486 52 27 per
1083 1477 78 32 1,000
1178 1473 288 37 vagnaxelkilometer

942 1547 8 7 a
1221 1525 167 27 161,539,000
1527 1542 5 4 .

835 1547 18 34 åä
885 1548 32 26 18
932 1547 23 33 16]
967 1558 18 20 zee
1000 1558 15 20 se
1067 1566 38 5 ms
1134 1558 12 20 Rs
1161 1558 11 20 KK
1249 1543 29 31 in
1331 1546 6 10 >
1341 1551 31 20 oe
1402 1553 23 10 =
1566 1545 16 20 Sr

855 1558 12 16 r
919 1548 15 26 189
1254 1568 109 32 101212
1440 1541 49 26 403
1507 1543 138 28 kilogram,

1223 1618 167 28 394,711,000
1443 1635 10 7 +

887 1641 66 26 1908.
1003 1662 3 4 .
1036 1658 171 8 .....co.o
1193 1635 18 40 cr
1269 1627 20 40 3
1273 1640 102 18 ALDVVV
1405 1647 22 9 —
1476 1635 14 24 534

850 1642 69 26 8
1257 1662 108 31 Bg
1567 1643 9 13 >

445 1744 129 38 hvilket
593 1742 89 32 visar
701 1752 39 21 en
756 1740 124 38 ökning
899 1739 35 31 af
952 1738 40 32 33
1013 1734 50 41 Jo,
1083 1737 59 32 och

1024 1818 52 26 per
1094 1809 77 31 1,000
1187 1801 279 40 nettotonkilometer

843 1881 28 24 år
889 1878 65 27 1896.
1004 1897 71 7 soc
1135 1896 75 6 cc
1226 1856 166 70 ET
1406 1884 22 10 =
1443 1872 50 26 354
1510 1873 140 29 kilogram,

1227 1949 168 28 394,711,000
1482 1964 11 6 -

892 1972 66 27 1908.
1005 1992 6 5 .
1040 1990 172 6 ......
1259 1972 52 18 AOI
1323 1971 50 17 LLVVE
1409 1978 23 9 —
1446 1965 39 26 4075
1573 1975 9 12 -

854 1984 10 13 >
908 1973 33 26 190
1261 1993 109 32 ia
1411 1962 18 67 —
1463 1966 34 25 05

447 2075 128 32 hvilket
594 2075 88 42 visar
703 2084 39 21 en
764 2071 124 37 ökning
911 2070 37 31 af
971 2070 40 30 14
1031 2066 48 38 Ye.

578 2116 175 37 Ökningen
775 2114 36 33 af
832 2109 356 38 bränsleförbrukning
1207 2118 58 28 per
1288 2106 97 39 1,000
1407 2103 334 39 vagnaxelkilometer
1762 2102 59 31 har
1844 2099 208 40 uppkommit

447 2161 37 32 af
504 2160 148 39 följande
670 2158 145 32 orsaker:

586 2199 32 40 1)
640 2201 49 32 De
707 2210 136 28 vagnar,
866 2210 67 20 som
951 2197 104 32 under
1076 2196 38 32 de
1136 2205 112 22 senare
1270 2194 77 31 åren
1368 2190 200 38 anskaffats,
1590 2194 55 27 äro
1663 2187 169 38 betydligt
1853 2189 120 35 tyngre
1994 2194 59 28 per

446 2245 164 39 vagnaxel
630 2249 41 27 än
691 2244 47 38 de,
756 2254 67 22 som
844 2242 121 31 funnos
983 2241 36 31 år
1041 2238 92 33 1896.
1176 2237 102 31 Detta
1297 2234 105 39 gäller
1424 2232 157 33 särskildt
1601 2239 300 32 personvagnarna:
