2234 2626
374 198 20 31 2
838 189 349 35 Jordbruksutskottets
1210 187 166 33 utlåtande
1400 187 54 31 Nr
1480 187 53 31 25.

483 285 83 35 Vad
609 284 91 36 först
738 282 172 36 beträffar
953 279 460 48 häradsallmänningarna,
1453 276 99 37 vilka
1587 275 57 35 till
1672 287 45 22 en
1746 273 248 47 sammanlagd

374 339 130 48 ytvidd
533 352 44 22 av
611 338 83 47 föga
733 349 96 23 mera
859 341 46 29 än
937 336 142 42 98,000
1109 333 131 35 hektar
1269 338 60 29 äro
1359 332 13 34 i
1401 331 121 36 behåll
1551 329 97 36 inom
1681 330 44 33 11
1758 328 60 34 län
1847 327 13 34 i
1889 328 105 34 södra

374 394 66 35 och
485 393 180 35 mellersta
708 389 158 48 Sverige,
911 389 195 34 återfinnas
1150 386 44 35 de
1236 386 182 34 allmänna
1461 383 317 36 bestämmelserna
1806 381 189 45 angående

376 447 122 35 dessas
536 444 224 47 förvaltning
797 443 13 35 i
844 443 37 35 II
911 441 154 48 kapitlet
1094 453 44 23 av
1168 439 128 47 kungl.
1332 438 261 47 förordningen
1621 435 185 48 angående
1835 433 160 35 hushåll-

375 500 138 47 ningen
542 499 81 35 med
653 499 44 34 de
726 498 183 34 allmänna
937 495 180 46 skogarna
1145 493 13 35 i
1187 492 96 35 riket
1311 492 71 35 den
1405 494 47 32 26
1473 490 144 49 januari
1640 492 113 32 1894.
1798 489 67 33 Om
1887 498 108 35 grun-

377 554 70 35 den
476 554 56 34 för
562 551 237 48 delägarskap
829 550 13 35 i
871 546 360 47 häradsallmänning
1259 546 158 46 stadgas,
1439 548 54 32 att
1512 544 129 35 sådant
1660 542 221 35 tillkommer
1902 540 92 43 dem,

375 620 76 23 som
480 607 14 34 i
522 607 151 34 häradet
701 605 120 47 bygga
850 604 67 34 och
946 603 45 34 bo
1021 602 91 35 efter
1142 601 103 34 deras
1275 598 244 37 oförmedlade
1538 596 232 43 hemmantal,
1787 593 209 47 varigenom

377 662 66 34 har
471 663 137 32 ansetts
638 659 199 46 fastslaget,
867 659 54 33 att
950 656 82 35 från
1061 655 220 46 delägarrätt
1301 659 60 29 äro
1377 653 187 34 uteslutna
1584 650 219 35 innehavare
1823 660 45 23 av
1885 647 113 35 sådan

374 715 94 48 jord,
499 726 76 23 som
604 713 32 48 ej
667 713 69 35 fått
765 711 55 47 sig
849 710 92 36 visst
970 709 135 35 mantal
1135 710 104 33 åsatt.
1298 706 234 35 Beträffande
1568 705 44 34 de
1641 704 55 35 för
1725 700 273 47 förvaltningen

377 768 174 47 stadgade
580 767 172 47 grunder,
782 765 63 36 vill
875 764 180 34 utskottet
1083 762 130 35 endast
1242 760 119 35 erinra
1391 760 136 43 därom,
1557 760 53 33 att
1639 754 359 46 häradsallmänning

377 822 95 35 skall
500 824 55 32 stå
584 820 174 47 antingen
786 818 119 35 under
933 817 248 47 skogsstatens
1211 815 89 35 vård
1329 814 66 35 och
1416 811 235 47 förvaltning,
1673 811 86 34 eller
1778 809 80 43 ock,
1880 808 117 35 under

378 875 349 47 skogstjänstemäns
760 871 164 48 uppsikt,
955 870 272 35 administreras
1260 881 44 22 av
1334 868 196 46 delägarna
1558 865 92 35 efter
1679 863 204 36 fastställda
1912 862 83 34 hus-

378 928 313 48 hållningsplaner
719 927 66 34 och
815 925 255 47 reglementen.
1129 922 344 35 Beslutanderätten
1501 922 127 32 utövas
1658 917 173 47 antingen
1860 928 45 23 av
1927 915 70 35 del-

380 989 134 41 ägarna
543 982 114 48 själva
692 981 87 35 eller
806 991 130 36 genom
967 990 45 23 en
1041 990 44 23 av
1114 977 82 34 dem
1225 975 131 35 utsedd
1386 971 409 48 allmänningsstyrelse,
1827 968 128 38 varvid
1984 968 12 35 i

379 1037 97 35 förra
515 1036 101 35 fallet
654 1033 244 48 röstgrunden
936 1034 144 45 utgöres
1115 1043 44 23 av
1189 1030 60 34 det
1278 1028 244 36 oförmedlade
1550 1025 267 36 hemmantalet.
1877 1023 121 46 Angå-

380 1090 92 35 ende
510 1088 267 46 avkastningen
815 1092 40 29 är
893 1085 214 47 visserligen
1145 1084 155 47 stadgat,
1339 1084 54 33 att
1428 1082 71 34 den
1527 1080 139 46 årligen
1695 1078 169 35 behållna
1894 1076 105 34 delen

381 1144 111 34 därav
512 1142 95 36 skall
627 1141 155 35 fördelas
802 1140 155 34 allenast
976 1139 154 35 emellan
1149 1138 325 44 hemmansägarna
1494 1134 92 35 efter
1606 1130 252 38 ovannämnda
1877 1129 122 47 grund

382 1197 55 35 för
476 1197 277 46 delägarrätten,
793 1206 83 22 men
913 1192 129 36 härvid
1085 1191 179 47 förtjänar
1293 1189 93 35 dock
1415 1187 205 43 anmärkas,
1650 1188 54 32 att
1732 1183 268 47 avkastningen

381 1250 163 35 indirekt
573 1250 162 34 kommer
764 1253 92 30 även
885 1258 46 23 en
959 1248 110 45 något
1097 1244 124 36 vidare
1250 1243 100 35 krets
1379 1255 45 22 av
1454 1239 338 46 ortsbefolkningen
1821 1237 57 35 till
1906 1236 93 47 godo

382 1307 45 44 på
456 1304 122 46 grund
606 1315 45 23 av
680 1300 289 44 bestämmelsen,
1000 1302 64 41 att,
1095 1298 112 35 sedan
1223 1294 447 49 förvaltningskostnaden
1700 1292 54 35 för
1774 1289 226 47 allmänning

381 1357 151 48 guldits,
563 1356 94 36 skall
685 1355 228 45 undantagas
943 1354 61 34 det
1033 1352 114 44 virke,
1178 1363 74 23 som
1283 1350 181 35 erfordras
1484 1348 56 35 till
1560 1347 96 36 vissa
1675 1346 105 35 broar
1800 1345 66 35 och
1887 1344 113 34 andra

381 1411 185 35 allmänna
594 1407 372 50 byggnadsändamål.

491 1464 57 35 Då
577 1463 224 35 motionären
828 1474 52 22 nu
910 1460 159 47 påyrkar
1097 1471 46 23 en
1171 1458 113 35 sådan
1313 1456 197 36 förändrad
1530 1453 242 49 lagstiftning,
1794 1451 207 47 varigenom

383 1519 72 34 den
483 1517 170 35 behållna
682 1514 269 47 avkastningen
986 1513 82 35 från
1097 1510 362 46 häradsallmänning
1488 1509 130 43 skulle,
1649 1507 82 34 med
1759 1504 244 48 upphävande

383 1585 45 22 av
457 1572 87 34 eller
573 1568 270 47 inskränkning
872 1567 13 35 i
914 1568 342 44 hemmansägarnas
1285 1575 184 24 ensamma
1498 1560 285 48 förfoganderätt
1812 1564 86 30 över
1919 1558 83 34 den-

383 1637 149 32 samma,
570 1624 37 35 få
645 1622 184 37 användas
868 1621 57 35 till
961 1633 96 35 gagn
1085 1620 56 34 för
1179 1618 168 35 häradets
1377 1615 167 48 samtliga
1574 1614 242 42 medlemmar,
1848 1611 65 37 vill
1943 1611 60 35 det

383 1692 45 22 av
459 1677 262 47 motiveringen
751 1674 205 48 otvetydigt
984 1673 176 44 förefalla,
1192 1684 75 23 som
1297 1684 56 22 om
1382 1671 75 34 han
1486 1671 142 44 avsåge,
1658 1670 53 32 att
1740 1679 44 22 en
1814 1665 105 48 dylik
1948 1667 53 32 ut-

384 1732 134 47 vidgad
547 1730 307 48 dispositionsrätt
899 1728 119 35 skulle
1060 1726 161 48 grundas
1264 1727 45 45 på
1338 1726 52 33 ett
1419 1722 228 47 rättvisligen
1675 1720 129 36 erkänt
1832 1718 170 46 delägar-

385 1785 96 47 skap
512 1785 13 35 i
553 1783 272 47 allmänningen
864 1782 56 35 för
948 1781 168 35 häradets
1146 1779 124 47 övriga
1299 1778 259 47 innebyggare.
1616 1774 228 36 Motionären
1872 1772 131 47 ifråga-

384 1842 113 32 sätter
525 1838 185 46 nämligen
738 1835 250 48 uttryckligen
1017 1838 51 31 ett
1097 1832 259 37 utsträckande
1385 1844 45 22 av
1460 1831 210 46 delägarnas
1699 1827 99 35 antal
1826 1826 57 35 till
1913 1832 91 29 även

385 1893 114 35 andra
528 1898 47 29 än
613 1897 106 41 ägare
748 1903 43 22 av
820 1889 13 35 i
862 1889 137 35 mantal
1027 1890 72 33 satt
1125 1887 93 48 jord.
1276 1884 299 48 Uppenbarligen
1605 1884 94 33 möta
1728 1879 189 47 allvarliga
1946 1879 57 34 be-

385 1945 248 48 tänkligheter
662 1947 74 32 mot
763 1942 300 49 genomförandet
1091 1953 45 23 av
1165 1953 46 22 en
1240 1939 112 35 sådan
1382 1937 168 47 ordning,
1581 1948 81 24 vars
1683 1933 219 47 förenlighet
1922 1932 81 35 med

386 1998 377 47 häradsallmännings
806 1999 121 41 natur,
972 1996 112 34 sådan
1127 1994 119 35 denna
1280 2006 44 22 av
1363 1992 101 35 ålder
1491 1991 169 47 gestaltat
1689 1988 66 46 sig,
1785 1986 81 36 icke
1896 1998 107 35 synes

386 2053 165 47 ostridig,
581 2053 67 35 och
677 2064 75 23 som
781 2056 92 30 även
902 2051 139 34 oavsett
1070 2048 98 35 detta
1197 2047 55 35 för
1281 2046 160 36 rådande
1470 2041 327 50 rättsuppfattning
1816 2039 188 47 lätteligen

386 2110 55 32 ter
484 2106 56 47 sig
568 2109 116 32 såsom
714 2107 52 33 ett
794 2106 126 44 avsteg
949 2103 81 35 från
1059 2101 104 48 eljest
1192 2100 112 48 följda
1334 2097 477 49 äganderättsgrundsatser.

553 2160 113 35 andra
695 2159 105 35 sidan
833 2157 103 36 torde
974 2155 237 36 förevarande
1240 2154 101 47 fråga
1370 2153 32 48 ej
1434 2151 253 46 ovillkorligen
1716 2149 85 34 böra
1830 2147 173 35 tillmätas

387 2227 45 22 en
461 2214 113 35 sådan
616 2212 205 48 principiell
854 2209 188 45 räckvidd,
1072 2222 77 22 som
1177 2220 93 23 ovan
1298 2207 201 35 förutsatts.
1557 2205 89 34 Helt
1674 2202 172 36 uteslutet
1876 2206 39 29 är
1945 2200 60 35 det

388 2268 181 35 måhända
598 2266 92 44 icke,
720 2268 53 32 att
801 2265 137 35 sådana
966 2263 13 35 i
1007 2266 119 44 någon
1156 2264 84 33 mån
1269 2260 159 36 ändrade
1448 2258 268 36 bestämmelser
1736 2256 13 34 i
1768 2254 236 36 förevarande

388 2321 205 36 hänseende
636 2332 83 24 vore
761 2318 191 44 tänkbara,
996 2329 87 32 som,
1128 2319 89 32 utan
1259 2318 52 32 att
1340 2314 194 35 förutsätta
1562 2324 45 22 en
1636 2308 184 48 rubbning
1848 2308 14 34 i
1890 2308 114 48 själva
