<?xml version="1.0" encoding="UTF-8"?>
<alto xmlns="http://www.loc.gov/standards/alto/ns-v3#" xmlns:xlink="http://www.w3.org/1999/xlink" xmlns:xsi="http://www.w3.org/2001/XMLSchema-instance" xsi:schemaLocation="http://www.loc.gov/standards/alto/ns-v3# http://www.loc.gov/alto/v3/alto-3-0.xsd">
	<Description>
		<MeasurementUnit>pixel</MeasurementUnit>
		<sourceImageInformation>
			<fileName>/tmp/tess_vf6n9h91_input.PNG</fileName>
		</sourceImageInformation>
		<OCRProcessing ID="OCR_0">
			<ocrProcessingStep>
				<processingSoftware>
					<softwareName>tesseract 5.3.0</softwareName>
				</processingSoftware>
			</ocrProcessingStep>
		</OCRProcessing>
	</Description>
	<Layout>
		<Page WIDTH="2170" HEIGHT="2602" PHYSICAL_IMG_NR="0" ID="page_0">
			<PrintSpace HPOS="0" VPOS="0" WIDTH="2170" HEIGHT="2602">
				<ComposedBlock ID="cblock_0" HPOS="622" VPOS="197" WIDTH="1143" HEIGHT="50">
					<TextBlock ID="block_0" HPOS="622" VPOS="197" WIDTH="1143" HEIGHT="50">
						<TextLine ID="line_0" HPOS="622" VPOS="197" WIDTH="1143" HEIGHT="50">
							<String ID="string_0" HPOS="622" VPOS="201" WIDTH="114" HEIGHT="31" WC="0.88" CONTENT="Första"/><SP WIDTH="25" VPOS="201" HPOS="736"/>
							<String ID="string_1" HPOS="761" VPOS="200" WIDTH="220" HEIGHT="40" WC="0.90" CONTENT="lagutskottets"/><SP WIDTH="25" VPOS="200" HPOS="981"/>
							<String ID="string_2" HPOS="1006" VPOS="200" WIDTH="165" HEIGHT="47" WC="0.92" CONTENT="utlåtande"/><SP WIDTH="27" VPOS="200" HPOS="1171"/>
							<String ID="string_3" HPOS="1198" VPOS="200" WIDTH="48" HEIGHT="30" WC="0.86" CONTENT="Nr"/><SP WIDTH="24" VPOS="200" HPOS="1246"/>
							<String ID="string_4" HPOS="1270" VPOS="205" WIDTH="53" HEIGHT="24" WC="0.86" CONTENT="39:"/><SP WIDTH="423" VPOS="205" HPOS="1323"/>
							<String ID="string_5" HPOS="1746" VPOS="197" WIDTH="19" HEIGHT="30" WC="0.76" CONTENT="d"/>
						</TextLine>
					</TextBlock>
				</ComposedBlock>
				<ComposedBlock ID="cblock_1" HPOS="211" VPOS="301" WIDTH="1513" HEIGHT="84">
					<TextBlock ID="block_1" HPOS="211" VPOS="301" WIDTH="1513" HEIGHT="84">
						<TextLine ID="line_1" HPOS="211" VPOS="301" WIDTH="1513" HEIGHT="41">
							<String ID="string_6" HPOS="211" VPOS="306" WIDTH="122" HEIGHT="36" WC="0.85" CONTENT="(Kungl."/><SP WIDTH="25" VPOS="306" HPOS="333"/>
							<String ID="string_7" HPOS="358" VPOS="306" WIDTH="103" HEIGHT="36" WC="0.91" CONTENT="Maj:ts"/><SP WIDTH="16" VPOS="306" HPOS="461"/>
							<String ID="string_8" HPOS="477" VPOS="306" WIDTH="120" HEIGHT="36" WC="0.95" CONTENT="förslag"/><SP WIDTH="24" VPOS="306" HPOS="597"/>
							<String ID="string_9" HPOS="621" VPOS="306" WIDTH="8" HEIGHT="27" WC="0.95" CONTENT="i"/><SP WIDTH="175" VPOS="306" HPOS="629"/>
							<String ID="string_10" HPOS="804" VPOS="304" WIDTH="169" HEIGHT="32" WC="0.95" CONTENT="(Utskottets"/><SP WIDTH="18" VPOS="304" HPOS="973"/>
							<String ID="string_11" HPOS="991" VPOS="305" WIDTH="142" HEIGHT="35" WC="0.95" CONTENT="förslag.)"/><SP WIDTH="177" VPOS="305" HPOS="1133"/>
							<String ID="string_12" HPOS="1310" VPOS="303" WIDTH="121" HEIGHT="36" WC="0.95" CONTENT="(Kungl."/><SP WIDTH="25" VPOS="303" HPOS="1431"/>
							<String ID="string_13" HPOS="1456" VPOS="302" WIDTH="103" HEIGHT="37" WC="0.96" CONTENT="Maj:ts"/><SP WIDTH="16" VPOS="302" HPOS="1559"/>
							<String ID="string_14" HPOS="1575" VPOS="301" WIDTH="116" HEIGHT="37" WC="0.96" CONTENT="förslag"/><SP WIDTH="24" VPOS="301" HPOS="1691"/>
							<String ID="string_15" HPOS="1715" VPOS="302" WIDTH="9" HEIGHT="27" WC="0.96" CONTENT="i"/>
						</TextLine>
						<TextLine ID="line_2" HPOS="248" VPOS="344" WIDTH="1445" HEIGHT="41">
							<String ID="string_16" HPOS="248" VPOS="348" WIDTH="215" HEIGHT="37" WC="0.94" CONTENT="propositionen"/><SP WIDTH="22" VPOS="348" HPOS="463"/>
							<String ID="string_17" HPOS="485" VPOS="358" WIDTH="37" HEIGHT="19" WC="0.96" CONTENT="nr"/><SP WIDTH="23" VPOS="358" HPOS="522"/>
							<String ID="string_18" HPOS="545" VPOS="349" WIDTH="45" HEIGHT="32" WC="0.94" CONTENT="4.)"/><SP WIDTH="742" VPOS="349" HPOS="590"/>
							<String ID="string_19" HPOS="1332" VPOS="344" WIDTH="214" HEIGHT="38" WC="0.95" CONTENT="propositionen"/><SP WIDTH="24" VPOS="344" HPOS="1546"/>
							<String ID="string_20" HPOS="1570" VPOS="353" WIDTH="36" HEIGHT="20" WC="0.95" CONTENT="nr"/><SP WIDTH="24" VPOS="353" HPOS="1606"/>
							<String ID="string_21" HPOS="1630" VPOS="344" WIDTH="63" HEIGHT="32" WC="0.85" CONTENT="19.)"/>
						</TextLine>
					</TextBlock>
				</ComposedBlock>
				<ComposedBlock ID="cblock_2" HPOS="167" VPOS="408" WIDTH="1599" HEIGHT="297">
					<TextBlock ID="block_2" HPOS="167" VPOS="408" WIDTH="1599" HEIGHT="297">
						<TextLine ID="line_3" HPOS="210" VPOS="408" WIDTH="1556" HEIGHT="46">
							<String ID="string_22" HPOS="210" VPOS="412" WIDTH="122" HEIGHT="32" WC="0.96" CONTENT="Denna"/><SP WIDTH="21" VPOS="412" HPOS="332"/>
							<String ID="string_23" HPOS="353" VPOS="413" WIDTH="55" HEIGHT="41" WC="0.96" CONTENT="lag"/><SP WIDTH="23" VPOS="413" HPOS="408"/>
							<String ID="string_24" HPOS="431" VPOS="413" WIDTH="85" HEIGHT="31" WC="0.96" CONTENT="skall"/><SP WIDTH="24" VPOS="413" HPOS="516"/>
							<String ID="string_25" HPOS="540" VPOS="411" WIDTH="97" HEIGHT="33" WC="0.95" CONTENT="träda"/><SP WIDTH="22" VPOS="411" HPOS="637"/>
							<String ID="string_26" HPOS="659" VPOS="412" WIDTH="11" HEIGHT="31" WC="0.95" CONTENT="i"/><SP WIDTH="87" VPOS="412" HPOS="670"/>
							<String ID="string_27" HPOS="757" VPOS="412" WIDTH="121" HEIGHT="31" WC="0.96" CONTENT="Denna"/><SP WIDTH="23" VPOS="412" HPOS="878"/>
							<String ID="string_28" HPOS="901" VPOS="411" WIDTH="54" HEIGHT="40" WC="0.96" CONTENT="lag"/><SP WIDTH="24" VPOS="411" HPOS="955"/>
							<String ID="string_29" HPOS="979" VPOS="411" WIDTH="86" HEIGHT="32" WC="0.96" CONTENT="skall"/><SP WIDTH="24" VPOS="411" HPOS="1065"/>
							<String ID="string_30" HPOS="1089" VPOS="410" WIDTH="97" HEIGHT="32" WC="0.96" CONTENT="träda"/><SP WIDTH="23" VPOS="410" HPOS="1186"/>
							<String ID="string_31" HPOS="1209" VPOS="410" WIDTH="11" HEIGHT="31" WC="0.96" CONTENT="i"/><SP WIDTH="87" VPOS="410" HPOS="1220"/>
							<String ID="string_32" HPOS="1307" VPOS="410" WIDTH="122" HEIGHT="31" WC="0.96" CONTENT="Denna"/><SP WIDTH="23" VPOS="410" HPOS="1429"/>
							<String ID="string_33" HPOS="1452" VPOS="409" WIDTH="55" HEIGHT="41" WC="0.96" CONTENT="lag"/><SP WIDTH="23" VPOS="409" HPOS="1507"/>
							<String ID="string_34" HPOS="1530" VPOS="408" WIDTH="236" HEIGHT="32" WC="0.94" CONTENT="träder"/><SP WIDTH="-117" VPOS="408" HPOS="1766"/>
							<String ID="string_35" HPOS="1649" VPOS="404" WIDTH="17" HEIGHT="50" WC="0.94" CONTENT="i"/><SP WIDTH="18" VPOS="404" HPOS="1666"/>
							<String ID="string_36" HPOS="1684" VPOS="408" WIDTH="82" HEIGHT="32" WC="0.96" CONTENT="kraft"/>
						</TextLine>
						<TextLine ID="line_4" HPOS="167" VPOS="451" WIDTH="1474" HEIGHT="51">
							<String ID="string_37" HPOS="167" VPOS="454" WIDTH="89" HEIGHT="32" WC="0.96" CONTENT="kraft"/><SP WIDTH="22" VPOS="454" HPOS="256"/>
							<String ID="string_38" HPOS="278" VPOS="455" WIDTH="66" HEIGHT="31" WC="0.96" CONTENT="den"/><SP WIDTH="17" VPOS="455" HPOS="344"/>
							<String ID="string_39" HPOS="361" VPOS="455" WIDTH="73" HEIGHT="40" WC="0.96" CONTENT="dag,"/><SP WIDTH="17" VPOS="455" HPOS="434"/>
							<String ID="string_40" HPOS="451" VPOS="455" WIDTH="44" HEIGHT="31" WC="0.96" CONTENT="då"/><SP WIDTH="15" VPOS="455" HPOS="495"/>
							<String ID="string_41" HPOS="510" VPOS="465" WIDTH="67" HEIGHT="37" WC="0.91" CONTENT="nya"/><SP WIDTH="15" VPOS="465" HPOS="577"/>
							<String ID="string_42" HPOS="592" VPOS="454" WIDTH="78" HEIGHT="31" WC="0.91" CONTENT="kon-"/><SP WIDTH="44" VPOS="454" HPOS="670"/>
							<String ID="string_43" HPOS="714" VPOS="454" WIDTH="88" HEIGHT="31" WC="0.95" CONTENT="kraft"/><SP WIDTH="33" VPOS="454" HPOS="802"/>
							<String ID="string_44" HPOS="835" VPOS="454" WIDTH="60" HEIGHT="31" WC="0.95" CONTENT="den"/><SP WIDTH="34" VPOS="454" HPOS="895"/>
							<String ID="string_45" HPOS="929" VPOS="456" WIDTH="17" HEIGHT="28" WC="0.95" CONTENT="1"/><SP WIDTH="26" VPOS="456" HPOS="946"/>
							<String ID="string_46" HPOS="972" VPOS="453" WIDTH="142" HEIGHT="40" WC="0.91" CONTENT="januari"/><SP WIDTH="25" VPOS="453" HPOS="1114"/>
							<String ID="string_47" HPOS="1139" VPOS="455" WIDTH="83" HEIGHT="28" WC="0.95" CONTENT="1922"/><SP WIDTH="43" VPOS="455" HPOS="1222"/>
							<String ID="string_48" HPOS="1265" VPOS="452" WIDTH="66" HEIGHT="31" WC="0.86" CONTENT="den"/><SP WIDTH="25" VPOS="452" HPOS="1331"/>
							<String ID="string_49" HPOS="1356" VPOS="453" WIDTH="11" HEIGHT="29" WC="0.95" CONTENT="1"/><SP WIDTH="27" VPOS="453" HPOS="1367"/>
							<String ID="string_50" HPOS="1394" VPOS="451" WIDTH="133" HEIGHT="41" WC="0.95" CONTENT="januari"/><SP WIDTH="26" VPOS="451" HPOS="1527"/>
							<String ID="string_51" HPOS="1553" VPOS="451" WIDTH="88" HEIGHT="31" WC="0.96" CONTENT="1922."/>
						</TextLine>
						<TextLine ID="line_5" HPOS="167" VPOS="494" WIDTH="1053" HEIGHT="43">
							<String ID="string_52" HPOS="167" VPOS="496" WIDTH="183" HEIGHT="41" WC="0.90" CONTENT="kurslagen"/><SP WIDTH="33" VPOS="496" HPOS="350"/>
							<String ID="string_53" HPOS="383" VPOS="496" WIDTH="114" HEIGHT="31" WC="0.96" CONTENT="träder"/><SP WIDTH="33" VPOS="496" HPOS="497"/>
							<String ID="string_54" HPOS="530" VPOS="507" WIDTH="11" HEIGHT="20" WC="0.96" CONTENT="1"/><SP WIDTH="32" VPOS="507" HPOS="541"/>
							<String ID="string_55" HPOS="573" VPOS="496" WIDTH="97" HEIGHT="35" WC="0.96" CONTENT="kraft,"/><SP WIDTH="45" VPOS="496" HPOS="670"/>
							<String ID="string_56" HPOS="715" VPOS="506" WIDTH="70" HEIGHT="20" WC="0.94" CONTENT="men"/><SP WIDTH="11" VPOS="506" HPOS="785"/>
							<String ID="string_57" HPOS="796" VPOS="495" WIDTH="84" HEIGHT="31" WC="0.93" CONTENT="skall"/><SP WIDTH="15" VPOS="495" HPOS="880"/>
							<String ID="string_58" HPOS="895" VPOS="495" WIDTH="69" HEIGHT="31" WC="0.78" CONTENT="icke"/><SP WIDTH="10" VPOS="495" HPOS="964"/>
							<String ID="string_59" HPOS="974" VPOS="494" WIDTH="187" HEIGHT="41" WC="0.69" CONTENT="tillämpast"/><SP WIDTH="9" VPOS="494" HPOS="1161"/>
							<String ID="string_60" HPOS="1170" VPOS="504" WIDTH="50" HEIGHT="21" WC="0.84" CONTENT="av-"/>
						</TextLine>
						<TextLine ID="line_6" HPOS="168" VPOS="535" WIDTH="1054" HEIGHT="43">
							<String ID="string_61" HPOS="168" VPOS="549" WIDTH="78" HEIGHT="20" WC="0.96" CONTENT="men"/><SP WIDTH="24" VPOS="549" HPOS="246"/>
							<String ID="string_62" HPOS="270" VPOS="537" WIDTH="85" HEIGHT="32" WC="0.95" CONTENT="skall"/><SP WIDTH="22" VPOS="537" HPOS="355"/>
							<String ID="string_63" HPOS="377" VPOS="538" WIDTH="74" HEIGHT="31" WC="0.96" CONTENT="icke"/><SP WIDTH="20" VPOS="538" HPOS="451"/>
							<String ID="string_64" HPOS="471" VPOS="536" WIDTH="200" HEIGHT="42" WC="0.93" CONTENT="tillämpas"/><SP WIDTH="-10" VPOS="536" HPOS="671"/>
							<String ID="string_65" HPOS="661" VPOS="531" WIDTH="20" HEIGHT="51" WC="0.93" CONTENT="i"/><SP WIDTH="34" VPOS="531" HPOS="681"/>
							<String ID="string_66" HPOS="715" VPOS="537" WIDTH="111" HEIGHT="31" WC="0.93" CONTENT="seende"/><SP WIDTH="22" VPOS="537" HPOS="826"/>
							<String ID="string_67" HPOS="848" VPOS="538" WIDTH="21" HEIGHT="29" WC="0.90" CONTENT="å"/><SP WIDTH="23" VPOS="538" HPOS="869"/>
							<String ID="string_68" HPOS="892" VPOS="537" WIDTH="147" HEIGHT="36" WC="0.94" CONTENT="konkurs,"/><SP WIDTH="23" VPOS="537" HPOS="1039"/>
							<String ID="string_69" HPOS="1062" VPOS="546" WIDTH="65" HEIGHT="21" WC="0.96" CONTENT="som"/><SP WIDTH="15" VPOS="546" HPOS="1127"/>
							<String ID="string_70" HPOS="1142" VPOS="535" WIDTH="80" HEIGHT="41" WC="0.95" CONTENT="följt"/>
						</TextLine>
						<TextLine ID="line_7" HPOS="168" VPOS="577" WIDTH="1053" HEIGHT="42">
							<String ID="string_71" HPOS="168" VPOS="579" WIDTH="168" HEIGHT="32" WC="0.93" CONTENT="avseende"/><SP WIDTH="34" VPOS="579" HPOS="336"/>
							<String ID="string_72" HPOS="370" VPOS="581" WIDTH="19" HEIGHT="29" WC="0.93" CONTENT="å"/><SP WIDTH="22" VPOS="581" HPOS="389"/>
							<String ID="string_73" HPOS="411" VPOS="579" WIDTH="162" HEIGHT="38" WC="0.95" CONTENT="konkurs,"/><SP WIDTH="25" VPOS="579" HPOS="573"/>
							<String ID="string_74" HPOS="598" VPOS="589" WIDTH="73" HEIGHT="21" WC="0.96" CONTENT="som"/><SP WIDTH="39" VPOS="589" HPOS="671"/>
							<String ID="string_75" HPOS="710" VPOS="580" WIDTH="48" HEIGHT="39" WC="0.94" CONTENT="på"/><SP WIDTH="12" VPOS="580" HPOS="758"/>
							<String ID="string_76" HPOS="770" VPOS="577" WIDTH="188" HEIGHT="41" WC="0.96" CONTENT="ansökning,"/><SP WIDTH="18" VPOS="577" HPOS="958"/>
							<String ID="string_77" HPOS="976" VPOS="577" WIDTH="60" HEIGHT="32" WC="0.96" CONTENT="den"/><SP WIDTH="12" VPOS="577" HPOS="1036"/>
							<String ID="string_78" HPOS="1048" VPOS="577" WIDTH="62" HEIGHT="32" WC="0.96" CONTENT="där"/><SP WIDTH="11" VPOS="577" HPOS="1110"/>
							<String ID="string_79" HPOS="1121" VPOS="577" WIDTH="100" HEIGHT="40" WC="0.96" CONTENT="gjorts"/>
						</TextLine>
						<TextLine ID="line_8" HPOS="168" VPOS="620" WIDTH="834" HEIGHT="42">
							<String ID="string_80" HPOS="168" VPOS="621" WIDTH="76" HEIGHT="41" WC="0.96" CONTENT="följt"/><SP WIDTH="17" VPOS="621" HPOS="244"/>
							<String ID="string_81" HPOS="261" VPOS="623" WIDTH="43" HEIGHT="39" WC="0.96" CONTENT="på"/><SP WIDTH="13" VPOS="623" HPOS="304"/>
							<String ID="string_82" HPOS="317" VPOS="621" WIDTH="201" HEIGHT="41" WC="0.96" CONTENT="ansökning,"/><SP WIDTH="14" VPOS="621" HPOS="518"/>
							<String ID="string_83" HPOS="532" VPOS="621" WIDTH="67" HEIGHT="31" WC="0.96" CONTENT="den"/><SP WIDTH="13" VPOS="621" HPOS="599"/>
							<String ID="string_84" HPOS="612" VPOS="620" WIDTH="61" HEIGHT="32" WC="0.96" CONTENT="där"/><SP WIDTH="35" VPOS="620" HPOS="673"/>
							<String ID="string_85" HPOS="708" VPOS="620" WIDTH="76" HEIGHT="40" WC="0.87" CONTENT="före"/><SP WIDTH="21" VPOS="620" HPOS="784"/>
							<String ID="string_86" HPOS="805" VPOS="620" WIDTH="102" HEIGHT="40" WC="0.96" CONTENT="sagda"/><SP WIDTH="24" VPOS="620" HPOS="907"/>
							<String ID="string_87" HPOS="931" VPOS="620" WIDTH="71" HEIGHT="40" WC="0.96" CONTENT="dag."/>
						</TextLine>
						<TextLine ID="line_9" HPOS="168" VPOS="662" WIDTH="427" HEIGHT="43">
							<String ID="string_88" HPOS="168" VPOS="663" WIDTH="107" HEIGHT="41" WC="0.96" CONTENT="gjorts"/><SP WIDTH="23" VPOS="663" HPOS="275"/>
							<String ID="string_89" HPOS="298" VPOS="664" WIDTH="71" HEIGHT="31" WC="0.96" CONTENT="före"/><SP WIDTH="25" VPOS="664" HPOS="369"/>
							<String ID="string_90" HPOS="394" VPOS="663" WIDTH="104" HEIGHT="42" WC="0.96" CONTENT="sagda"/><SP WIDTH="23" VPOS="663" HPOS="498"/>
							<String ID="string_91" HPOS="521" VPOS="662" WIDTH="74" HEIGHT="42" WC="0.96" CONTENT="dag."/>
						</TextLine>
					</TextBlock>
				</ComposedBlock>
				<ComposedBlock ID="cblock_3" HPOS="274" VPOS="834" WIDTH="1036" HEIGHT="150">
					<TextBlock ID="block_3" HPOS="274" VPOS="834" WIDTH="1036" HEIGHT="150">
						<TextLine ID="line_10" HPOS="274" VPOS="834" WIDTH="616" HEIGHT="49">
							<String ID="string_92" HPOS="274" VPOS="835" WIDTH="217" HEIGHT="36" WC="0.96" CONTENT="Stockholm"/><SP WIDTH="31" VPOS="835" HPOS="491"/>
							<String ID="string_93" HPOS="522" VPOS="835" WIDTH="72" HEIGHT="36" WC="0.96" CONTENT="den"/><SP WIDTH="30" VPOS="835" HPOS="594"/>
							<String ID="string_94" HPOS="624" VPOS="836" WIDTH="20" HEIGHT="34" WC="0.96" CONTENT="6"/><SP WIDTH="30" VPOS="836" HPOS="644"/>
							<String ID="string_95" HPOS="674" VPOS="834" WIDTH="72" HEIGHT="49" WC="0.96" CONTENT="maj"/><SP WIDTH="35" VPOS="834" HPOS="746"/>
							<String ID="string_96" HPOS="781" VPOS="836" WIDTH="109" HEIGHT="34" WC="0.96" CONTENT="1921."/>
						</TextLine>
						<TextLine ID="line_11" HPOS="633" VPOS="936" WIDTH="677" HEIGHT="48">
							<String ID="string_97" HPOS="633" VPOS="936" WIDTH="49" HEIGHT="36" WC="0.96" CONTENT="På"/><SP WIDTH="30" VPOS="936" HPOS="682"/>
							<String ID="string_98" HPOS="712" VPOS="936" WIDTH="116" HEIGHT="37" WC="0.93" CONTENT="första"/><SP WIDTH="28" VPOS="936" HPOS="828"/>
							<String ID="string_99" HPOS="856" VPOS="936" WIDTH="268" HEIGHT="48" WC="0.91" CONTENT="lagutskottets"/><SP WIDTH="28" VPOS="936" HPOS="1124"/>
							<String ID="string_100" HPOS="1152" VPOS="939" WIDTH="158" HEIGHT="45" WC="0.96" CONTENT="vägnar:"/>
						</TextLine>
					</TextBlock>
				</ComposedBlock>
				<ComposedBlock ID="cblock_4" HPOS="705" VPOS="1037" WIDTH="527" HEIGHT="39">
					<TextBlock ID="block_4" HPOS="705" VPOS="1037" WIDTH="527" HEIGHT="39">
						<TextLine ID="line_12" HPOS="705" VPOS="1037" WIDTH="527" HEIGHT="39">
							<String ID="string_101" HPOS="705" VPOS="1038" WIDTH="162" HEIGHT="38" WC="0.95" CONTENT="JAKOB"/><SP WIDTH="30" VPOS="1038" HPOS="867"/>
							<String ID="string_102" HPOS="897" VPOS="1037" WIDTH="335" HEIGHT="38" WC="0.95" CONTENT="PETTERSSON."/>
						</TextLine>
					</TextBlock>
				</ComposedBlock>
				<ComposedBlock ID="cblock_5" HPOS="214" VPOS="2360" WIDTH="1507" HEIGHT="41">
					<TextBlock ID="block_5" HPOS="214" VPOS="2360" WIDTH="1507" HEIGHT="41">
						<TextLine ID="line_13" HPOS="214" VPOS="2360" WIDTH="1507" HEIGHT="41">
							<String ID="string_103" HPOS="214" VPOS="2365" WIDTH="113" HEIGHT="36" WC="0.91" CONTENT="Bihang"/><SP WIDTH="13" VPOS="2365" HPOS="327"/>
							<String ID="string_104" HPOS="340" VPOS="2364" WIDTH="47" HEIGHT="30" WC="0.96" CONTENT="till"/><SP WIDTH="17" VPOS="2364" HPOS="387"/>
							<String ID="string_105" HPOS="404" VPOS="2364" WIDTH="168" HEIGHT="36" WC="0.96" CONTENT="riksdagens"/><SP WIDTH="13" VPOS="2364" HPOS="572"/>
							<String ID="string_106" HPOS="585" VPOS="2364" WIDTH="145" HEIGHT="37" WC="0.95" CONTENT="protokoll"/><SP WIDTH="17" VPOS="2364" HPOS="730"/>
							<String ID="string_107" HPOS="747" VPOS="2364" WIDTH="89" HEIGHT="28" WC="0.95" CONTENT="1921."/><SP WIDTH="40" VPOS="2364" HPOS="836"/>
							<String ID="string_108" HPOS="876" VPOS="2366" WIDTH="17" HEIGHT="24" WC="0.95" CONTENT="9"/><SP WIDTH="16" VPOS="2366" HPOS="893"/>
							<String ID="string_109" HPOS="909" VPOS="2363" WIDTH="83" HEIGHT="29" WC="0.89" CONTENT="saml."/><SP WIDTH="41" VPOS="2363" HPOS="992"/>
							<String ID="string_110" HPOS="1033" VPOS="2363" WIDTH="16" HEIGHT="28" WC="0.88" CONTENT="1"/><SP WIDTH="18" VPOS="2363" HPOS="1049"/>
							<String ID="string_111" HPOS="1067" VPOS="2364" WIDTH="62" HEIGHT="27" WC="0.95" CONTENT="avd."/><SP WIDTH="41" VPOS="2364" HPOS="1129"/>
							<String ID="string_112" HPOS="1170" VPOS="2363" WIDTH="39" HEIGHT="28" WC="0.91" CONTENT="30"/><SP WIDTH="15" VPOS="2363" HPOS="1209"/>
							<String ID="string_113" HPOS="1224" VPOS="2363" WIDTH="73" HEIGHT="35" WC="0.89" CONTENT="häft."/><SP WIDTH="40" VPOS="2363" HPOS="1297"/>
							<String ID="string_114" HPOS="1337" VPOS="2360" WIDTH="61" HEIGHT="38" WC="0.95" CONTENT="(Nr"/><SP WIDTH="16" VPOS="2360" HPOS="1398"/>
							<String ID="string_115" HPOS="1414" VPOS="2360" WIDTH="64" HEIGHT="38" WC="0.94" CONTENT="39.)"/><SP WIDTH="89" VPOS="2360" HPOS="1478"/>
							<String ID="string_116" HPOS="1567" VPOS="2369" WIDTH="52" HEIGHT="20" WC="0.65" CONTENT="1051"/><SP WIDTH="13" VPOS="2369" HPOS="1619"/>
							<String ID="string_117" HPOS="1632" VPOS="2369" WIDTH="25" HEIGHT="19" WC="0.65" CONTENT="21"/><SP WIDTH="47" VPOS="2369" HPOS="1657"/>
							<String ID="string_118" HPOS="1704" VPOS="2363" WIDTH="17" HEIGHT="27" WC="0.79" CONTENT="2"/>
						</TextLine>
					</TextBlock>
				</ComposedBlock>
			</PrintSpace>
		</Page>
	</Layout>
</alto>
