1884 2766
249 137 20 31 8
562 135 123 28 Första
703 133 245 40 lagutskotteis
966 133 178 30 utlåtande
1160 141 42 21 nr
1219 133 41 29 23
1276 132 38 30 år
1333 132 85 29 1964

295 215 145 39 Intagen
457 214 88 30 skall
564 223 170 21 anmanas
753 215 50 29 att
820 213 90 30 efter
927 213 158 39 förmåga
1102 212 91 30 bistå
1209 211 210 30 närstående
1436 212 73 28 mot
1525 210 118 30 vilken
1660 210 71 29 han

250 260 39 29 är
306 258 355 40 underhållsskyldig.

293 303 141 30 Avlider
457 303 140 39 intagen
622 303 82 29 eller
728 301 127 30 träffas
880 302 71 29 han
975 310 42 21 av
1041 301 139 30 svårare
1204 300 200 40 sjukdoms-
1429 298 81 31 eller
1535 298 195 40 olycksfall,

250 348 89 29 skall
360 347 254 30 underrättelse
634 346 252 39 ofördröjligen
907 346 136 29 lämnas
1064 344 219 30 närstående.

946 416 41 31 34
1008 416 28 37 8.

297 470 144 40 Intagen
466 470 57 30 må
546 470 78 31 icke
649 472 85 28 utan
759 469 159 30 tillstånd
944 469 153 30 avsända
1122 469 83 30 eller
1230 470 154 37 mottaga
1409 467 82 30 brev
1516 467 82 30 eller
1624 468 108 28 annat

252 515 169 39 skriftligt
443 514 238 31 meddelande.

295 559 145 39 Intagen
460 559 56 30 må
535 558 76 31 icke
632 559 179 39 förvägras
831 559 51 29 att
902 558 52 30 till
976 557 127 30 svensk
1123 557 203 39 myndighet
1346 555 154 31 avsända
1521 555 114 34 skrift,
1658 563 74 21 som

252 604 30 39 ej
302 604 41 29 är
360 603 165 40 anstötlig
540 603 52 30 till
612 603 54 29 sin
684 603 207 39 avfattning,
910 603 82 29 eller
1010 604 50 28 att
1077 602 102 39 eljest
1195 601 156 30 avsända
1368 601 82 30 eller
1468 601 154 37 mottaga
1640 599 91 34 brev,

253 657 75 20 som
352 648 78 29 icke
453 648 39 29 är
515 647 181 39 anstötligt
719 647 82 30 eller
825 647 81 29 med
930 647 138 39 hänsyn
1091 646 52 29 till
1167 645 276 39 behandlingens
1469 643 91 40 syfte
1584 643 83 30 eller
1691 652 42 20 av

251 701 118 21 annan
385 691 150 31 särskild
549 691 190 40 anledning
752 690 190 40 olämpligt.
958 691 87 29 Brev
1059 690 51 30 till
1125 688 445 40 kriminalvårdsstyrelsen
1585 687 57 30 må
1656 687 77 30 icke

251 736 119 40 brytas
391 736 65 30 och
476 736 88 30 skall
585 735 117 31 städse
721 737 85 28 utan
827 735 170 40 dröjsmål
1017 734 311 30 vidarebefordras.
1350 733 14 29 I
1383 733 112 39 övrigt
1515 732 57 30 må
1592 732 141 39 intagen

252 789 75 21 som
346 780 91 30 visat
455 780 194 40 pålitlighet
667 779 177 40 medgivas
864 781 51 28 att
933 779 155 30 avsända
1106 779 65 29 och
1189 779 155 38 mottaga
1363 777 82 30 brev
1464 778 85 28 utan
1569 778 51 28 att
1639 776 94 29 detta

252 824 96 30 förut
368 825 195 39 granskats.

296 869 205 29 Kvarhålles
522 868 83 30 brev
627 868 52 30 till
701 868 151 39 intagen,
876 867 89 30 skall
987 867 81 35 han,
1091 876 57 20 om
1171 866 56 30 det
1249 866 30 40 ej
1306 875 43 21 av
1371 865 151 31 särskild
1545 864 188 39 anledning

252 913 274 39 uppenbarligen
546 913 71 29 kan
637 912 107 30 verka
765 911 161 40 skadligt,
948 911 222 30 underrättas
1192 910 131 34 därom,
1346 910 65 30 och
1433 909 89 30 skall
1542 908 191 31 innehållet

250 959 13 29 i
281 957 128 35 brevet,
429 958 11 29 i
459 957 66 30 den
543 957 83 29 mån
646 957 57 30 det
722 956 30 40 ej
774 957 38 29 är
832 955 191 40 olämpligt,
1042 955 177 30 meddelas
1238 955 141 29 honom.
1400 953 67 31 Om
1486 953 82 30 brev
1588 961 75 21 som
1682 952 51 29 in-

252 1003 103 38 tagen
370 1002 92 29 velat
479 1001 154 30 avsända
650 1000 208 34 kvarhålles,
877 1000 89 30 skall
984 1000 69 29 han
1071 999 222 30 underrättas
1312 998 133 30 därom.

295 1046 89 30 Brev
405 1054 75 22 som
502 1045 206 30 kvarhållits
731 1045 89 29 skall
842 1044 177 30 utlämnas
1041 1043 53 30 till
1116 1043 66 30 den
1204 1043 141 39 intagne
1367 1042 64 29 när
1454 1041 278 30 anstaltsvården

252 1090 149 39 upphör,
419 1098 55 21 om
492 1090 29 39 ej
543 1089 174 30 särskilda
734 1089 75 29 skäl
826 1089 62 31 äro
906 1089 166 29 däremot.

947 1168 40 30 35
1009 1168 27 36 8.

297 1222 145 40 Intagen
457 1222 57 30 må
528 1222 11 30 i
555 1222 66 30 den
637 1222 82 30 mån
736 1221 56 31 det
807 1222 39 29 är
862 1220 164 40 förenligt
1041 1220 79 30 med
1135 1219 193 40 ordningen
1344 1219 96 29 inom
1457 1219 174 29 anstalten
1647 1219 87 28 mot-

252 1268 80 38 taga
350 1266 108 31 besök
477 1276 42 20 av
538 1265 367 41 familjemedlemmar
925 1265 82 30 eller
1026 1264 110 30 andra
1155 1263 219 34 närstående,
1394 1271 58 21 om
1472 1262 56 30 det
1548 1262 30 40 ej
1602 1271 42 21 av
1663 1262 71 30 sär-

253 1311 92 30 skild
360 1310 190 40 anledning
564 1310 71 30 kan
650 1310 107 30 verka
772 1309 162 39 skadligt.

297 1355 13 29 I
332 1355 113 39 övrigt
465 1354 57 30 må
543 1354 142 39 intagen
706 1353 177 39 medgivas
906 1354 51 29 att
978 1354 154 37 mottaga
1153 1351 107 31 besök
1282 1361 43 20 av
1346 1351 67 30 den
1436 1360 74 20 som
1532 1351 91 29 varit
1644 1351 89 29 hans

253 1399 207 34 försvarare,
476 1408 42 20 av
532 1398 152 30 advokat
697 1407 79 21 vars
792 1397 135 30 biträde
942 1397 66 30 den
1023 1397 140 38 intagne
1178 1396 159 39 påkallar
1351 1395 12 30 i
1378 1395 137 30 enskild
1531 1395 202 39 angelägen-

252 1444 58 30 het
334 1445 92 28 samt
448 1452 41 21 av
512 1452 117 20 annan
651 1451 137 31 person,
811 1442 65 29 när
899 1441 57 30 det
978 1441 78 30 med
1079 1441 136 39 hänsyn
1239 1440 51 29 till
1314 1440 67 29 den
1403 1439 159 40 intagnes
1587 1439 146 34 fostran,

253 1488 199 39 utbildning
468 1488 83 29 eller
567 1486 381 40 utkomstmöjligheter
966 1486 82 29 eller
1065 1485 100 39 eljest
1183 1485 115 29 finnes
1316 1493 84 21 vara
1417 1484 52 29 till
1487 1491 99 32 gagn.

297 1532 13 29 I
328 1532 68 30 den
413 1532 82 29 mån
513 1532 57 30 det
588 1531 116 30 finnes
722 1530 219 39 erforderligt
961 1530 87 29 skall
1067 1530 213 39 tjänsteman
1299 1528 57 30 vid
1375 1528 174 30 anstalten
1566 1537 83 20 vara
1667 1527 66 30 till-

254 1576 115 30 städes
385 1576 58 30 vid
458 1576 116 29 besök.

948 1645 39 30 36
1010 1645 27 36 $.

297 1699 67 31 Om
382 1699 78 30 fara
476 1700 54 29 för
546 1699 179 29 missbruk
742 1699 29 39 ej
792 1698 70 30 kan
881 1707 101 21 anses
1001 1697 175 39 föreligga,
1195 1697 56 29 må
1268 1696 141 40 intagen
1427 1695 131 31 erhålla
1576 1694 156 31 tillstånd

253 1746 50 28 att
323 1744 131 29 besöka
476 1743 208 30 närstående
707 1752 74 20 som
803 1743 39 29 är
865 1742 95 30 svårt
982 1742 82 39 sjuk
1087 1742 81 30 eller
1190 1740 132 30 bevista
1344 1739 227 30 närståendes
1594 1739 140 40 begrav-

253 1788 93 40 ning,
369 1788 39 30 så
428 1788 65 30 ock
514 1789 49 28 att
584 1787 12 30 i
617 1788 108 29 annat
746 1786 72 35 fall,
841 1786 44 29 då
906 1786 79 30 med
1006 1786 137 39 hänsyn
1165 1786 51 29 till
1239 1784 264 30 anstaltstidens
1526 1784 104 39 längd
1651 1784 83 29 eller

253 1833 101 39 eljest
374 1832 119 30 starka
512 1832 75 30 skäl
606 1832 61 29 äro
686 1831 127 34 därtill,
832 1831 119 29 lämna
970 1830 174 30 anstalten
1163 1829 54 30 för
1235 1829 71 29 viss
1326 1829 80 29 kort
1425 1828 60 30 tid.

295 1876 112 30 Tiden
427 1876 54 29 för
498 1876 164 30 vistelsen
682 1877 96 27 utom
798 1875 131 29 anstalt
949 1874 88 30 skall
1055 1874 168 29 inräknas
1242 1873 11 29 i
1271 1872 390 40 verkställighetstiden,
1682 1872 51 30 så-

253 1921 107 29 framt
382 1921 30 39 ej
439 1920 172 30 särskilda
634 1920 75 30 skäl
731 1920 60 31 äro
813 1919 167 29 däremot.

947 1997 39 30 37
1010 1997 26 37 8.

296 2053 135 29 Häktas
452 2053 150 38 intagen,
625 2052 88 30 skall
734 2050 306 40 verkställigheten
1062 2050 171 39 avbrytas.
1254 2050 72 29 Blir
1346 2050 71 29 han
1439 2049 141 30 frikänd
1602 2049 54 30 för
1677 2048 56 31 det

253 2097 102 34 brott,
374 2097 54 29 för
444 2096 107 30 vilket
567 2097 71 29 han
655 2096 151 34 häktats,
825 2095 90 30 skall
933 2094 94 30 tiden
1046 2094 54 30 för
1117 2094 170 30 avbrottet
1304 2094 167 30 inräknas
1490 2095 10 29 i
1517 2093 217 39 verkställig-

251 2141 188 30 hetstiden.

296 2185 67 30 Om
367 2177 22 50 i
415 2186 107 29 annat
541 2184 62 30 fall
624 2185 45 29 än
690 2193 74 21 som
784 2192 99 22 avses
903 2183 11 29 i
934 2182 110 30 första
1065 2183 134 39 stycket
1217 2182 151 30 domstol
1390 2182 115 29 finner
1525 2183 51 28 att
1596 2181 66 30 den
1682 2182 51 29 in-

252 2233 121 36 tagnes
393 2229 197 40 personliga
608 2229 190 29 inställelse
818 2228 39 29 är
877 2227 173 39 påkallad,
1072 2227 89 30 skall
1180 2227 70 29 han
1270 2227 159 29 inställas
1449 2226 57 29 vid
1527 2226 205 29 domstolen.

251 2274 111 29 Tiden
385 2274 54 29 för
461 2273 107 30 sådan
589 2273 190 29 inställelse
801 2272 168 29 inräknas
991 2272 10 29 i
1022 2270 388 40 verkställighetstiden,
1434 2270 146 29 såframt
1603 2270 43 39 ej,
1670 2271 63 28 när

252 2318 217 30 inställelsen
485 2317 173 40 påkallats
675 2326 42 21 av
733 2325 116 21 annan
867 2315 188 39 anledning
1071 2316 45 28 än
1132 2315 69 30 åtal
1219 2316 72 28 mot
1308 2315 66 30 den
1391 2315 150 38 intagne,
1560 2314 173 30 särskilda

253 2362 76 30 skäl
344 2363 61 29 äro
421 2362 166 30 däremot.

295 2406 119 30 Åtalas
434 2406 150 39 intagen,
603 2405 63 29 bör
684 2405 70 29 han
773 2404 44 40 på
835 2404 152 39 begäran
1006 2403 132 30 erhålla
1157 2403 65 30 den
1242 2402 135 31 lättnad
1396 2403 11 29 i
1426 2402 306 40 verkställigheten

253 2460 75 21 som
345 2450 176 30 erfordras
540 2449 54 30 för
611 2448 186 31 utförande
816 2458 42 20 av
875 2448 95 30 talan
987 2448 11 29 i
1015 2447 115 30 målet.
