1918 2845
287 153 42 31 20
585 153 404 40 Bevillningsutskottets
1004 154 219 31 betänkande
1237 164 43 21 nr
1293 155 41 30 58
1348 155 39 31 år
1401 156 85 30 1969

289 234 127 39 pliktig
442 235 182 40 utdelning
651 235 79 31 från
758 236 56 29 det
842 236 222 31 överlåtande
1090 237 54 30 till
1172 237 56 30 det
1255 238 225 40 mottagande
1507 238 169 41 företaget
1703 238 74 31 inte

292 288 88 30 skall
403 298 101 21 anses
527 289 177 41 föreligga.
728 290 343 31 Skattelättnaderna
1092 291 58 31 vid
1173 291 119 31 fusion
1315 293 204 40 utvidgades
1544 293 83 31 1962
1650 293 53 30 till
1726 295 49 29 att

289 342 150 30 omfatta
456 343 227 40 jordbrukets
702 345 240 30 kreditkassor
962 346 65 29 och
1045 346 212 30 utsträcktes
1280 347 82 30 1964
1380 347 53 30 till
1453 349 49 28 att
1522 348 149 30 omfatta
1689 349 87 29 även

288 397 227 38 sparbanker.
531 398 13 28 I
559 398 100 39 fråga
673 408 57 20 om
746 400 214 38 sparbanker
975 400 146 30 innebär
1136 401 95 29 detta
1246 402 50 28 att
1310 401 165 30 fusionen
1489 402 73 29 inte
1578 402 89 29 skall
1681 402 95 29 med-

289 450 77 30 föra
379 451 225 41 beskattning
617 453 55 29 för
686 453 315 31 realisationsvinst
1015 454 64 30 när
1094 454 109 31 sådan
1217 464 129 21 annars
1362 456 112 30 skulle
1486 456 48 30 bli
1548 457 142 30 aktuell.

333 505 178 41 Förslaget
525 507 11 29 i
551 507 262 40 propositionen
827 508 146 30 innebär
989 510 48 28 att
1052 509 58 30 vid
1127 510 362 40 sammanslagningar
1504 511 128 30 mellan
1649 511 126 30 affärs-

287 560 135 29 banker
435 561 101 29 dessa
549 562 139 39 medges
704 571 134 20 samma
853 563 290 30 skattelättnader
1158 573 74 20 som
1248 564 262 40 sparbankerna
1523 566 58 29 vid
1595 565 129 30 fusion.

332 614 308 41 Bankföreningen
661 616 65 29 har
747 616 10 30 i
781 626 41 20 en
843 617 52 29 till
916 617 381 40 bevillningsutskottet
1317 619 140 39 ingiven
1480 619 166 30 skrivelse
1668 620 107 29 fram-

286 668 101 30 hållit
414 671 49 28 att
487 670 67 30 vad
580 670 148 30 sålunda
752 670 197 41 föreslagits
973 672 73 29 inte
1071 672 38 29 är
1133 672 203 40 tillräckligt
1362 673 54 30 för
1442 675 49 28 att
1515 673 59 30 vid
1600 683 175 21 samman-

288 723 200 40 slagningar
509 725 130 29 mellan
661 724 247 31 affärsbanker
929 726 127 30 hindra
1079 736 42 20 en
1143 727 225 40 beskattning
1391 737 74 20 som
1487 728 11 30 i
1521 728 56 30 det
1601 729 173 29 särskilda

287 777 97 30 fallet
403 778 70 30 kan
490 778 47 30 bli
554 780 125 38 ytterst
696 779 230 40 betungande.
944 780 308 41 Bankföreningen
1271 781 168 41 åberopar
1457 783 122 29 därvid
1598 785 49 27 att
1665 783 109 30 bank-

287 832 101 39 lagen
412 833 128 29 saknar
564 834 250 39 motsvarighet
838 835 53 29 till
916 834 259 41 aktiebolagens
1198 836 263 30 bestämmelser
1486 846 56 20 om
1567 837 129 30 fusion.
1721 838 52 29 En

288 886 323 39 sammanslagning
629 896 40 19 av
686 887 59 29 två
761 888 198 38 bankbolag
976 888 60 38 går
1052 889 11 28 i
1080 889 188 38 praktiken
1285 890 53 28 till
1358 890 37 28 så
1413 892 50 26 att
1482 891 55 28 det
1556 900 63 19 ena
1637 891 136 38 bolaget

286 939 138 29 övertar
442 939 55 30 det
517 940 111 29 andra
645 940 153 40 bolagets
817 941 129 30 rörelse
962 942 79 29 med
1061 942 161 40 samtliga
1240 942 185 40 tillgångar
1444 943 64 30 och
1527 944 151 35 skulder,
1697 953 76 21 var-

286 993 89 29 efter
395 994 56 29 det
472 994 223 30 överlåtande
713 995 136 39 bolaget
871 997 163 38 upplöses
1056 1004 122 31 genom
1199 997 218 30 likvidation.
1439 997 66 30 Om
1527 998 245 39 övertagandet

286 1047 80 29 sker
390 1047 53 29 till
467 1047 174 30 bokförda
664 1049 131 29 värden
819 1049 138 30 medför
981 1051 267 29 transaktionen
1272 1051 73 29 inte
1369 1050 115 40 någon
1507 1052 93 29 vinst
1626 1052 64 30 hos
1716 1053 56 29 det

284 1101 224 30 överlåtande
528 1101 146 40 bolaget,
697 1103 65 29 och
783 1103 115 39 någon
918 1103 383 41 inkomstbeskattning
1323 1114 41 20 av
1385 1105 96 30 detta
1501 1105 101 40 bolag
1623 1106 150 29 behöver

284 1155 122 30 därför
424 1156 73 29 inte
516 1156 144 30 komma
679 1157 10 29 i
711 1156 108 40 fråga.
841 1157 164 30 Däremot
1026 1158 111 30 måste
1158 1159 57 29 det
1236 1158 222 31 överlåtande
1478 1160 136 39 bolaget
1636 1161 137 38 erlägga

285 1208 338 40 utskiftningsskatt,
646 1219 74 21 som
741 1210 71 30 kan
832 1211 116 40 uppgå
968 1212 53 29 till
1041 1212 196 39 betydande
1256 1213 135 39 belopp,
1414 1213 65 30 och
1500 1213 94 30 detta
1614 1214 38 29 är
1672 1214 11 29 i
1704 1214 68 40 hög

282 1263 87 38 grad
383 1263 105 39 ägnat
502 1265 49 27 att
566 1263 159 30 försvåra
737 1265 471 40 banksammanslagningar.

330 1317 115 39 Enligt
472 1318 321 40 bankföreningens
820 1319 143 39 mening
989 1320 38 29 är
1055 1320 56 29 det
1140 1321 178 39 angeläget
1347 1323 49 27 att
1423 1321 349 41 banksammanslag-

284 1370 125 39 ningar
428 1380 74 20 som
520 1371 187 30 framdeles
724 1373 70 28 kan
811 1372 162 30 befinnas
991 1374 199 30 önskvärda
1206 1374 73 29 inte
1295 1375 145 29 hindras
1459 1385 42 20 av
1518 1383 253 31 ogynnsamma

285 1424 385 30 skattekonsekvenser.
696 1425 218 40 Föreningen
940 1426 162 30 förordar
1127 1427 120 30 därför
1273 1428 165 39 antingen
1464 1430 49 28 att
1538 1429 10 29 i
1574 1429 197 40 banklagen

282 1477 133 30 införes
431 1478 272 35 bestämmelser,
720 1480 246 29 motsvarande
982 1480 78 29 dem
1078 1490 74 20 som
1169 1481 106 39 gäller
1290 1482 11 28 i
1318 1481 100 40 fråga
1434 1491 56 20 om
1507 1481 119 31 fusion
1642 1483 128 29 mellan

283 1531 206 39 aktiebolag,
507 1533 65 28 och
588 1534 49 27 att
652 1533 11 28 i
681 1533 169 29 samband
866 1534 144 29 därmed
1027 1534 381 40 skattelagstiftningen
1425 1536 249 39 kompletteras
1691 1537 79 29 med

285 1586 235 39 skatteregler,
540 1587 246 29 molsvarande
805 1587 78 29 dem
903 1596 74 21 som
997 1588 106 38 gäller
1120 1589 58 29 vid
1198 1588 109 30 sådan
1326 1589 127 35 fusion,
1475 1591 81 28 eller
1575 1592 49 28 att
1645 1587 124 47 Kungl.

284 1639 105 39 Maj:t
410 1639 149 30 erhåller
577 1641 205 38 riksdagens
802 1641 279 39 bemyndigande
1101 1644 48 27 att
1169 1642 11 29 i
1200 1642 289 31 förekommande
1510 1644 61 29 fall
1592 1644 87 30 efter
1700 1645 70 29 sär-

284 1693 92 29 skild
394 1693 261 40 framställning
671 1695 121 39 medge
808 1695 161 30 befrielse
987 1695 80 30 från
1083 1696 329 40 utskiftningsskatt
1429 1698 58 29 vid
1505 1698 118 30 fusion
1641 1699 129 29 mellan

283 1746 257 30 affärsbanker.

329 1801 174 29 Utskottet
521 1801 65 30 har
603 1802 11 29 i
634 1802 56 29 det
710 1801 207 40 föregående
936 1803 242 30 understrukit
1198 1805 294 38 angelägenheten
1512 1815 41 20 av
1572 1807 49 28 att
1641 1806 41 30 de
1701 1816 69 30 nya

283 1855 275 39 skattereglerna
576 1863 56 31 ges
652 1865 42 20 en
713 1855 108 30 sådan
840 1856 219 40 utformning
1077 1858 49 28 att
1144 1858 282 30 bankinstituten
1445 1859 55 29 får
1518 1859 182 40 möjlighet
1720 1862 49 27 att

282 1908 220 30 konkurrera
522 1908 46 40 på
588 1909 72 29 lika
680 1909 136 30 villkor.
839 1910 102 29 Detta
961 1911 146 29 innebär
1128 1911 222 40 naturligtvis
1373 1914 49 27 att
1445 1913 41 29 de
1508 1913 94 29 olika
1621 1914 148 29 bankin-

283 1962 146 29 stiluten
448 1962 63 30 bör
531 1970 56 31 ges
609 1972 134 21 samma
763 1964 221 39 möjligheter
1004 1964 52 30 till
1078 1965 494 40 strukturrationaliseringar.
1594 1968 71 29 Mot
1685 1968 84 29 bak-

283 2016 157 38 grunden
458 2016 109 30 härav
585 2017 70 29 kan
674 2017 169 29 utskottet
861 2018 12 29 i
891 2017 135 40 princip
1046 2019 140 29 ansluta
1205 2018 51 39 sig
1272 2019 52 29 till
1343 2020 321 39 bankföreningens
1683 2031 85 30 upp-

282 2069 153 39 fattning
465 2071 49 28 att
545 2070 328 39 utskiftningsskatt
903 2071 73 30 inte
1004 2071 63 30 bör
1097 2072 84 39 utgå
1209 2072 58 30 vid
1296 2073 471 41 banksammanslagningar,

281 2123 166 29 eftersom
470 2124 246 29 motsvarande
740 2125 312 39 skattebelastning
1073 2126 73 29 inle
1169 2127 233 39 uppkommer
1423 2128 59 29 vid
1506 2127 157 30 fusioner
1685 2129 83 29 mel-

281 2177 57 28 lan
355 2177 214 39 sparbanker
583 2178 65 29 och
661 2178 129 29 mellan
803 2178 226 39 jordbrukets
1043 2180 251 30 kreditkassor.

327 2230 368 40 Sammanslagningar
716 2232 129 29 mellan
868 2232 246 30 affärsbanker
1135 2233 99 30 torde
1254 2243 85 20 vara
1359 2236 124 37 ytterst
1508 2235 177 39 sällsynta.
1710 2236 57 30 Så-

280 2284 62 29 vilt
363 2285 168 29 utskottet
550 2286 135 28 kunnat
703 2285 100 30 finna
819 2286 65 29 har
901 2287 106 29 sedan
1027 2286 183 30 1940-talet
1229 2288 121 29 endast
1367 2288 58 29 två
1444 2288 130 30 sådana
1593 2298 174 21 samman-

280 2338 200 38 slagningar
506 2338 236 30 förekommit.
770 2339 241 39 Anledningen
1037 2340 53 29 till
1117 2342 49 27 att
1192 2340 105 39 något
1324 2341 130 39 förslag
1481 2351 56 20 om
1565 2343 93 28 civil-
1685 2344 82 28 eller

280 2392 276 38 skatterältsliga
569 2393 110 38 regler
694 2393 55 29 för
764 2393 118 29 fusion
896 2394 129 29 mellan
1041 2394 246 30 affärsbanker
1301 2395 95 30 ännu
1410 2396 73 30 inte
1498 2395 165 40 förelagts
1678 2397 89 30 riks-

279 2445 111 39 dagen
407 2446 70 29 kan
495 2445 132 30 således
644 2455 83 21 vara
743 2448 50 28 att
809 2446 105 40 något
929 2447 112 30 behov
1058 2457 41 21 av
1116 2447 130 31 sådana
1263 2449 110 39 regler
1389 2449 73 30 inte
1479 2452 132 27 ansetts
1629 2450 137 40 förelig-

278 2506 52 31 ga.

324 2552 308 40 Bankföreningen
648 2553 65 30 har
729 2554 11 29 i
758 2554 288 39 remissyttrande
1063 2555 81 30 över
1161 2555 66 30 den
1243 2556 235 40 promemoria
1497 2566 74 21 som
1589 2558 107 39 ligger
1712 2558 53 30 till
