1862 2794
407 194 119 30 Andra
549 194 245 39 lagutskottets
815 193 179 30 utlåtande
1016 203 42 20 nr
1078 194 39 29 21
1139 193 40 30 år
1200 194 85 29 1955
1560 192 37 30 13

95 280 175 40 fotografi,
294 278 304 42 kompetensbevis
620 279 64 30 och
706 278 313 40 nykterhetsintyg.
1045 278 186 30 Sökanden
1256 278 39 29 är
1317 277 118 30 vidare
1458 275 139 40 skyldig

93 332 51 29 att
166 331 45 40 på
232 330 193 31 anfordran
446 330 111 30 förete
580 329 98 40 intyg
699 338 56 21 om
780 328 54 30 sin
857 328 421 39 mantalsskrivningsort.
1302 345 44 3 —
1369 327 117 39 Enligt
1509 326 40 31 37
1578 326 15 37 $

95 382 80 39 äger
192 381 195 39 Konungen
403 380 160 31 meddela
578 380 262 30 bestämmelser
859 388 57 21 om
933 380 70 29 rätt
1021 379 55 30 för
1093 387 137 32 person,
1251 386 75 22 som
1344 379 11 29 i
1375 377 221 30 främmande

95 434 69 28 stat
182 433 82 39 äger
281 432 79 30 föra
375 431 254 34 motorfordon,
650 432 50 29 att
719 430 46 40 på
785 430 112 39 grund
917 439 42 21 av
976 429 286 30 internationella
1281 427 314 32 överenskommel-

97 493 53 20 ser
172 484 83 29 eller
277 483 101 39 eljest
400 483 111 29 under
534 482 154 39 tillfällig
709 482 139 30 vistelse
871 481 10 29 i
904 481 93 30 riket
1020 480 78 31 föra
1121 480 126 30 sådant
1269 480 136 30 fordon.
1430 478 167 31 Överens-

92 532 211 30 kommelser
325 532 178 40 angående
525 532 203 39 ömsesidigt
750 531 255 40 godkännande
1027 540 42 21 av
1091 531 145 30 körkort
1250 531 65 29 har
1328 530 11 29 i
1352 530 151 40 enlighet
1517 530 79 30 här-

95 585 79 29 med
189 584 142 30 träffats
346 584 44 29 bl.
405 593 30 21 a.
449 584 80 30 med
545 583 190 35 Danmark,
751 583 148 29 Finland
914 583 64 29 och
993 582 122 40 Norge.
1131 581 126 30 Vidare
1272 582 64 29 har
1351 581 176 30 utfärdats
1542 581 55 29 be-

96 635 218 29 stämmelser
335 644 56 20 om
412 634 276 31 internationellt
708 634 156 30 körkort.
886 633 13 29 I
922 633 39 30 37
987 632 15 37 $
1026 641 59 31 ges
1105 633 86 29 även
1213 632 183 39 möjlighet
1417 632 55 29 för
1493 631 104 40 polis-

95 684 204 40 myndighet
318 686 50 29 att
386 685 54 30 för
460 684 156 39 tillfällig
632 684 139 30 vistelse
790 684 11 29 i
820 683 90 30 riket
930 683 142 31 utfärda
1092 693 25 20 s.
1137 683 33 30 k.
1190 683 262 29 turistkörkort.

140 736 13 29 I
174 737 47 29 ett
242 736 67 29 den
329 736 19 29 9
367 735 143 40 januari
532 735 83 30 1953
636 735 210 39 dagtecknat
864 734 221 31 betänkande
1106 743 42 20 nr
1169 734 18 29 5
1209 734 64 29 har
1295 733 168 30 nordiska
1483 733 114 40 parla-

96 786 217 30 mentariska
336 786 210 30 kommittén
571 786 55 30 för
650 785 106 32 friare
784 785 208 30 samfärdsel
1017 795 45 20 m.
1088 794 45 21 m.
1159 784 166 39 framlagt
1349 784 93 30 vissa
1465 784 133 39 förslag

96 837 51 29 till
163 837 267 30 underlättande
446 846 43 21 av
502 836 417 30 motorfordonstrafiken
935 836 129 30 mellan
1080 836 41 30 de
1138 835 169 30 nordiska
1323 835 168 30 länderna
1507 837 90 27 samt

95 887 122 31 därvid
235 887 45 30 bl.
298 897 29 21 a.
346 888 127 29 uttalat
490 888 53 39 sig
558 887 55 30 för
631 889 50 28 att
697 895 137 33 person,
853 896 74 21 som
946 888 38 29 är
1001 889 10 29 i
1029 885 190 41 besittning
1237 895 42 21 av
1296 886 146 30 körkort
1460 886 136 29 utställt

97 938 9 29 i
124 940 47 28 ett
187 938 161 30 nordiskt
363 938 92 34 land,
471 938 59 30 vid
544 938 202 39 bosättning
760 937 12 29 i
790 939 107 29 annat
912 937 162 30 nordiskt
1091 937 82 30 land
1191 937 61 30 bör
1268 938 122 28 kunna
1408 937 36 30 få
1461 936 137 30 utställt

95 989 147 30 körkort
259 988 11 29 i
289 989 221 30 sistnämnda
527 989 82 29 land
627 990 72 28 mot
717 988 198 30 företeende
935 998 42 20 av
993 988 61 29 sitt
1072 987 188 31 nationella
1279 988 146 29 körkort
1442 989 86 28 utan
1547 988 50 29 att

96 1039 143 39 avlägga
261 1039 252 40 körkortsprov
535 1039 82 30 eller
639 1039 45 40 på
706 1041 108 28 annat
838 1040 67 29 sätt
928 1039 132 30 behöva
1082 1040 155 39 prestera
1263 1038 94 30 bevis
1382 1038 54 30 för
1460 1037 137 31 körfär-

96 1089 128 40 dighet.

140 1138 88 32 Över
249 1139 237 31 betänkandet
508 1140 64 29 har
594 1140 193 30 inhämtats
810 1141 48 29 ett
882 1141 87 29 stort
992 1140 96 30 antal
1109 1139 326 41 remissyttranden.
1459 1139 67 30 Det
1549 1148 48 21 nu

97 1190 230 31 förevarande
345 1190 167 40 förslaget
529 1191 65 30 har
613 1190 75 32 icke
707 1191 176 39 avstyrkts
902 1192 9 29 i
930 1191 106 39 något
1053 1190 172 40 yttrande.

138 1274 266 40 Föredragande
427 1275 396 40 departementschefen,
848 1275 189 30 statsrådet
1060 1275 212 40 Andersson,
1296 1276 165 30 hänvisar
1486 1278 10 29 i
1521 1285 77 30 pro-

97 1326 196 39 positionen
311 1325 54 30 till
383 1328 50 28 att
449 1335 87 31 prov
552 1327 45 39 på
613 1327 274 39 körskicklighet
905 1327 193 40 uppställes
1117 1336 76 20 som
1210 1327 127 30 villkor
1354 1327 55 30 för
1427 1327 172 30 erhållan-

96 1377 41 30 de
154 1386 42 20 av
212 1377 147 29 körkort
373 1376 11 29 i
401 1377 162 39 samtliga
579 1378 41 29 de
637 1377 168 30 nordiska
820 1377 168 30 länderna
1004 1377 65 30 och
1086 1377 46 40 på
1148 1378 41 29 de
1205 1377 107 31 flesta
1327 1377 71 30 håll
1416 1378 183 29 annorstä-

95 1425 61 30 des
184 1426 64 29 och
278 1426 174 30 förklarar
482 1426 52 40 sig
562 1436 83 20 anse
674 1428 50 28 att
752 1427 419 30 trafiksäkerhetskravet
1198 1428 77 29 icke
1304 1427 207 31 åsidosättes
1542 1437 56 20 om

96 1477 258 30 vederbörande
378 1477 149 30 erhåller
551 1477 143 30 svenskt
717 1478 146 29 körkort
887 1479 86 28 utan
998 1479 77 38 nytt
1098 1477 195 41 förarprov.
1318 1478 282 40 Departements-

96 1526 126 31 chefen
240 1527 204 30 framhåller
464 1527 129 35 vidare,
614 1529 50 28 att
682 1528 275 30 vederbörandes
978 1528 191 31 nationella
1187 1529 147 30 körkort
1352 1529 109 30 redan
1482 1529 117 39 godta-

99 1585 57 31 ges
179 1578 57 30 vid
260 1577 153 40 tillfällig
433 1578 141 30 vistelse
598 1578 11 29 i
631 1578 90 30 riket
744 1579 65 30 och
834 1580 50 28 att
907 1579 55 30 för
986 1578 276 31 internationellt
1286 1580 146 29 körkort
1456 1580 30 39 ej
1513 1589 87 31 upp-

99 1628 116 29 ställes
234 1629 179 38 strängare
430 1629 88 30 krav
534 1629 45 39 på
598 1629 190 40 ådagalagd
807 1629 276 40 körskicklighet
1101 1631 45 28 än
1164 1631 50 29 att
1232 1630 258 30 vederbörande
1511 1630 89 30 skall

97 1687 85 21 vara
198 1679 193 39 berättigad
411 1679 78 30 föra
506 1679 242 31 motorfordon
767 1680 11 29 i
797 1680 60 29 sitt
875 1680 176 30 hemland.

142 1729 183 31 Huruvida
344 1730 64 29 och
427 1730 11 29 i
460 1730 118 30 vilken
599 1730 214 40 omfattning
831 1731 229 30 kommitténs
1083 1731 132 40 förslag
1235 1732 71 29 kan
1327 1731 184 31 realiseras
1532 1734 68 28 tor-

98 1779 52 35 de,
167 1779 102 30 anför
283 1781 387 39 departementschefen
686 1780 128 35 vidare,
832 1781 84 31 böra
932 1782 82 30 bero
1031 1782 45 40 på
1093 1782 175 30 huruvida
1286 1783 315 29 överenskommel-

99 1838 64 26 ser,
180 1831 179 37 grundade
374 1831 44 39 på
433 1831 257 39 ömsesidighet,
706 1832 70 29 kan
791 1832 137 39 uppnås
944 1832 82 29 med
1041 1832 258 31 vederbörande
1315 1834 117 29 stater.
1449 1833 152 30 Författ-

99 1880 414 39 ningsbestämmelserna
533 1882 11 29 i
565 1882 117 29 ämnet
701 1881 106 31 borde
827 1882 121 30 därför
967 1882 174 30 utformas
1162 1883 47 34 så,
1231 1884 50 29 att
1301 1883 123 39 frågan
1444 1893 57 21 om
1523 1884 78 30 lätt-

98 1932 69 29 nad
182 1930 10 29 i
206 1930 171 31 villkoren
391 1931 55 30 för
461 1931 201 30 erhållande
678 1941 42 21 av
735 1932 145 29 körkort
896 1932 94 40 finge
1006 1933 81 29 bero
1103 1933 45 39 på
1162 1933 238 31 förordnande
1416 1943 42 22 av
1473 1934 125 40 Kungl.

98 1980 116 39 Maj:t.
231 1980 121 30 Ehuru
368 1982 158 29 närmast
541 1982 150 30 avsedda
707 1983 50 29 att
774 1982 176 40 tillämpas
967 1983 10 29 i
994 1982 220 31 förhållande
1230 1984 53 29 till
1300 1985 116 39 övriga
1434 1985 168 30 nordiska

99 2032 108 29 stater
225 2033 117 38 syntes
358 2031 309 31 bestämmelserna
684 2032 190 40 lämpligen
888 2034 122 30 kunna
1027 2034 133 30 erhålla
1176 2044 42 20 en
1236 2035 39 30 så
1291 2035 56 30 vid
1366 2035 166 40 syftning,
1550 2038 51 28 att

99 2082 42 29 de
159 2081 83 39 gåve
260 2081 182 40 möjlighet
462 2082 52 29 till
534 2083 165 30 liknande
718 2084 338 31 överenskommelse
1076 2085 86 29 även
1182 2086 79 29 med
1280 2094 117 21 annan
1417 2088 78 28 stat.

761 2242 171 29 Utskottet

143 2322 121 30 Såsom
289 2323 170 29 utskottet
484 2323 168 29 framhöll
675 2323 11 29 i
711 2324 60 29 sitt
796 2324 179 30 utlåtande
1001 2334 42 20 nr
1067 2325 41 30 42
1134 2325 39 31 år
1200 2327 83 30 1954
1309 2327 11 28 i
1346 2328 188 40 anledning
1560 2339 41 20 av

97 2372 126 30 väckta
245 2372 171 31 motioner
440 2382 56 20 om
521 2373 133 30 ändrad
678 2374 149 39 ordning
851 2374 54 30 för
928 2374 301 41 återregistrering
1252 2387 42 19 av
1317 2377 47 29 bil
1388 2378 10 28 i
1422 2378 94 31 vissa
1540 2379 62 30 fall

98 2422 64 30 har
181 2424 189 29 avsevärda
389 2423 195 30 väntetider
604 2424 221 38 uppkommit
845 2424 43 31 då
908 2424 53 29 till
980 2424 328 42 bilreservregistret
1328 2428 185 31 överförda
1533 2430 69 30 for-

98 2472 69 30 don
189 2473 113 29 skolat
321 2472 189 40 besiktigas
532 2473 74 30 före
627 2474 307 40 återregistrering.
957 2475 112 31 Sedan
1091 2477 275 31 statsmakterna
1386 2479 139 39 nyligen
1546 2480 56 29 be-
