1878 2842
301 175 37 28 10
722 174 104 27 Andra
844 172 215 35 lagutskottets
1078 172 158 27 utlåtande
1255 171 43 27 Nr
1315 172 47 26 37.

300 254 89 29 vissa
407 254 250 38 upplysningar
674 253 10 29 i
703 254 124 29 ämnet.
846 253 48 29 Av
912 253 42 30 de
972 252 144 30 sålunda
1135 253 51 29 till
1203 252 165 37 styrelsen
1386 251 168 30 inkomna
1571 250 221 39 uppgifterna

299 297 163 39 framgår,
483 300 49 27 att
552 297 274 31 huvudmännen
847 297 9 30 i
876 296 99 39 fråga
993 296 38 31 så
1051 299 71 36 gott
1141 306 75 20 som
1238 296 263 38 undantagslöst
1519 295 140 29 beaktat
1679 294 112 30 cirku-

300 341 257 31 lärskrivelsens
584 342 233 38 anvisningar.
845 340 154 31 Sålunda
1024 341 45 30 ha
1094 340 92 30 vissa
1212 340 203 30 huvudmän
1441 339 107 30 redan
1574 338 138 30 beslutit
1738 346 53 30 ge-

299 386 160 30 nomföra
481 386 66 30 den
568 386 79 30 med
669 385 342 30 cirkulärskrivelsen
1032 384 158 39 åsyftade
1212 383 461 39 arbetstidsbegränsningen
1695 383 65 29 och
1782 382 10 28 i

299 430 87 39 följd
408 430 109 30 härav
539 430 148 38 anslagit
709 430 112 30 medel
844 430 48 30 till
913 429 216 30 anställande
1152 438 41 21 av
1217 429 66 29 den
1305 428 196 38 ytterligare
1523 427 169 39 personal,
1717 436 74 20 som

298 477 128 27 ansetts
448 474 210 39 erforderlig.
682 474 118 30 Andra
821 474 204 30 huvudmän
1047 472 81 36 åter,
1153 473 102 35 vilka,
1279 472 44 30 då
1346 472 340 30 cirkulärskrivelsen
1709 472 82 28 kom

299 519 77 30 dem
400 519 180 35 tillhanda,
604 519 109 29 redan
737 518 162 39 uppgjort
922 518 75 30 sina
1022 517 207 38 statförslag,
1255 517 45 29 ha
1324 517 10 29 i
1358 516 190 30 allmänhet
1571 515 220 30 föranstaltat

298 573 57 20 om
370 563 302 38 undersökningar
686 563 10 29 i
710 562 115 31 vilken
841 562 209 38 omfattning
1065 561 132 39 ökning
1212 571 42 20 av
1271 560 389 39 sjukvårdspersonalen
1674 559 117 30 kunde

297 607 160 30 befinnas
479 607 201 39 erforderlig
701 607 55 30 för
776 610 48 27 att
844 607 222 38 personalens
1085 606 11 29 i
1116 605 100 39 fråga
1237 605 165 30 arbetstid
1421 605 112 30 skulle
1551 605 121 29 kunna
1692 604 98 30 redu-

298 661 94 21 ceras
411 652 50 30 till
480 652 56 29 det
553 652 95 29 antal
666 652 265 34 arbetstimmar,
952 660 74 21 som
1044 660 42 20 av
1103 649 354 39 medicinalstyrelsen
1476 651 129 28 ansetts
1623 648 166 39 lämpligt.

299 696 66 30 För
383 695 198 31 ändamålet
597 696 46 29 ha
660 695 59 30 vid
737 695 85 31 flera
841 695 147 38 sjukhus
1006 695 159 29 inrättats
1185 704 24 20 s.
1228 695 33 28 k.
1281 693 321 39 provavdelningar,
1622 692 56 30 vid
1697 692 93 30 vilka

297 740 294 39 omorganisation
611 749 42 20 av
674 739 317 39 sjukvårdsarbetet
1010 738 176 39 företagits
1206 739 10 29 i
1236 738 149 38 enlighet
1404 738 80 29 med
1503 738 42 29 de
1563 746 41 21 av
1625 737 165 38 styrelsen

298 785 8 29 i
334 784 341 30 cirkulärskrivelsen
703 784 203 30 meddelade
932 783 280 38 anvisningarna.
1254 782 107 30 Såvitt
1388 781 79 31 från
1493 781 220 38 landstingen
1741 781 48 29 in-

296 829 129 29 komna
451 828 174 39 uppgifter
651 828 114 30 utvisa
791 828 95 30 torde
912 828 57 30 det
994 827 236 39 föreliggande
1255 825 389 40 arbetstlidsspörsmålet
1670 826 119 29 kunna

297 873 177 30 förväntas
495 872 130 31 erhålla
646 872 53 30 sin
720 872 136 39 lösning
875 872 59 30 vid
953 872 235 30 innevarande
1208 870 55 31 års
1284 870 142 39 lagtima
1446 870 185 38 landsting,
1652 869 57 30 vid
1730 869 59 29 vil-

297 918 66 29 ken
382 917 163 39 tidpunkt
563 917 54 30 för
635 916 199 30 ändamålet
853 917 141 29 tillsatta
1012 916 219 30 kommittéer
1249 915 97 30 torde
1363 915 46 29 ha
1428 914 138 30 slutfört
1583 914 75 30 sina
1676 913 112 31 utred-

296 961 269 38 ningsuppdrag.

338 1050 352 37 Medicinalstyrelsen
719 1050 64 29 har
810 1049 170 39 därjämte
1008 1049 183 35 meddelat,
1220 1051 49 27 att
1297 1048 10 29 i
1335 1048 85 29 flera
1449 1048 160 29 närmare
1637 1046 150 39 angivna

292 1103 61 30 fall
370 1103 112 30 beslut
500 1103 118 30 fattats
634 1113 58 20 om
710 1106 48 27 ett
775 1102 271 39 genomförande
1064 1102 155 39 etappvis
1237 1111 42 20 av
1297 1100 417 39 arbetstidsbegränsning
1733 1100 53 29 för

294 1155 265 40 ifrågavarande
581 1156 171 39 personal.
779 1156 171 38 Styrelsen
974 1156 64 29 har
1060 1155 117 31 vidare
1201 1155 127 34 anfört,
1353 1157 49 27 att
1425 1153 265 40 ifrågavarande
1714 1162 72 30 per-

294 1210 210 38 sonalgrupp
530 1209 224 39 undantagits
779 1208 79 31 från
883 1207 396 40 tillämpningsområdet
1304 1208 54 29 för
1384 1207 295 38 arbetstidslagen,
1706 1207 82 29 enär

294 1272 79 21 man
394 1263 164 30 befarade
576 1263 221 38 olägenheter
815 1262 54 30 för
888 1261 219 40 sjukvården.
1129 1261 173 38 Styrelsen
1320 1261 195 36 förordade,
1534 1263 49 27 att
1600 1269 82 21 man
1701 1260 86 29 även

294 1316 10 29 i
322 1317 266 38 fortsättningen
606 1317 98 29 sökte
722 1316 72 30 lösa
813 1314 408 40 sjukvårdspersonalens
1240 1313 283 39 arbetstidsfråga
1540 1316 11 27 i
1568 1313 218 30 administra-

293 1370 47 29 tiv
362 1370 158 38 ordning.
545 1370 99 29 Detta
667 1379 83 20 vore
772 1369 104 39 enligt
898 1369 183 38 styrelsens
1104 1368 141 39 mening
1267 1371 49 27 att
1338 1367 141 30 förorda
1501 1366 148 31 framför
1671 1376 41 21 en
1736 1369 49 27 ul-

294 1423 200 38 sträckning
510 1432 41 20 av
568 1424 117 38 lagens
702 1422 219 39 tillämpning
938 1422 50 30 till
1004 1425 49 27 att
1069 1421 147 30 omfatta
1232 1422 86 29 även
1334 1420 267 39 ifrågavarande
1616 1420 169 39 personal.

338 1475 153 30 Svenska
515 1475 220 39 fattigvårds-
760 1476 65 29 och
849 1474 402 37 barnavårdsförbundet
1274 1474 64 30 har
1359 1472 202 37 framhållit,
1586 1476 50 27 att
1659 1473 127 30 arbets-

293 1529 266 30 förhållandena
580 1528 44 40 på
646 1529 94 38 sjuk-
763 1529 64 30 och
849 1529 109 29 andra
980 1528 252 30 vårdanstalter
1253 1528 9 29 i
1284 1527 107 30 första
1413 1527 96 30 hand
1529 1526 111 31 måste
1660 1527 127 29 ordnas

293 1582 85 30 efter
399 1583 67 29 vad
487 1582 261 30 omvårdnaden
771 1592 56 20 om
848 1582 215 39 patienterna
1090 1580 293 40 (pensionärerna)
1410 1581 139 29 krävde.
1573 1580 107 30 Dessa
1702 1580 85 29 krav

294 1646 79 21 vore
396 1635 37 31 så
455 1636 184 35 skiftande,
663 1639 50 26 att
736 1636 56 30 det
814 1635 92 39 finge
929 1644 100 21 anses
1051 1634 157 39 omöjligt
1231 1637 50 27 att
1303 1637 84 27 utan
1410 1633 246 31 eftersättande
1679 1642 42 20 av
1745 1633 41 29 de

293 1688 307 31 vårdbehövandes
620 1689 154 38 legitima
794 1689 167 29 intressen
981 1687 69 31 låta
1071 1688 222 38 personalens
1314 1687 165 30 arbetstid
1499 1687 148 39 regleras
1668 1696 42 20 av
1730 1687 55 28 be-

293 1743 261 29 stämmelserna
579 1743 9 29 i
615 1743 101 38 lagen
743 1752 56 20 om
825 1741 227 31 arbetstidens
1078 1741 242 39 begränsning.
1348 1740 81 30 Man
1456 1743 115 35 syntes
1597 1739 189 31 emellertid

293 1796 89 29 hava
403 1795 187 39 anledning
609 1796 88 37 hysa
718 1796 89 38 goda
826 1795 276 39 förhoppningar
1121 1804 58 20 om
1199 1797 51 27 att
1267 1793 44 40 på
1331 1794 67 30 den
1418 1803 42 20 av
1479 1793 306 38 medicinalstyrel-

294 1858 58 21 sen
372 1849 164 30 anvisade
555 1850 110 37 vägen
685 1847 45 31 nå
749 1848 91 30 fram
860 1848 49 30 till
929 1857 42 21 en
991 1847 318 31 tillfredsställande
1328 1847 147 39 ordning
1494 1846 220 31 beträffande
1734 1855 51 20 ar-

292 1902 169 30 betstiden
484 1902 54 30 för
559 1902 205 38 personalen
787 1900 44 40 på
853 1900 360 39 sjukvårdsanstalter.
1238 1900 63 30 Det
1323 1900 106 30 borde
1452 1900 89 30 dock
1560 1900 154 34 beaktas,
1738 1901 48 27 att

293 1956 189 37 problemet
502 1955 9 30 i
532 1955 263 30 framträdande
816 1955 83 38 grad
918 1954 90 30 hade
1029 1954 203 30 ekonomisk
1255 1954 178 29 innebörd.
1456 1953 78 30 Med
1553 1953 169 30 avseende
1743 1951 43 39 på

292 2009 227 29 kommunala
540 2007 220 40 fattigvårds-
784 2008 65 29 och
871 2006 383 31 barnavårdsanstalter
1276 2007 96 30 stode
1394 2005 123 40 frågan
1540 2006 119 30 därför
1681 2005 104 38 enligt

293 2061 204 30 förbundets
517 2061 140 39 mening
679 2061 10 29 i
712 2064 46 27 ett
779 2061 83 30 visst
884 2061 171 29 samband
1075 2060 79 30 med
1176 2060 66 30 den
1266 2060 193 38 utredning,
1483 2069 74 20 som
1579 2058 206 31 omhänder-

292 2115 106 29 hades
424 2123 42 21 av
492 2113 563 40 kommunalskatteberedningen.

336 2167 155 30 Svenska
514 2166 381 39 landstingsförbundet
918 2167 65 30 har
1005 2167 10 29 i
1039 2167 56 30 sitt
1117 2166 161 39 yttrande
1301 2166 125 35 anfört,
1451 2168 50 28 att
1523 2165 85 31 flera
1632 2165 154 30 faktorer

293 2221 8 29 i
321 2221 69 38 hög
408 2221 84 38 grad
511 2220 202 31 försvårade
731 2230 42 20 en
792 2220 351 39 arbetstidsreglering
1162 2220 54 30 för
1235 2219 364 39 sjukhuspersonalen,
1617 2219 43 29 bl.
1681 2228 29 20 a.
1730 2219 55 29 det

293 2274 56 30 vid
379 2274 390 39 landstingssjukhusen
799 2274 144 29 allmänt
974 2273 199 39 tillämpade
1206 2275 172 36 systemet,
1410 2275 49 27 att
1489 2273 204 38 personalen
1724 2272 63 29 bor

292 2328 95 29 inom
412 2327 181 30 anstalten.
621 2327 127 30 Vidare
773 2327 116 30 kunde
914 2326 243 30 examinerade
1183 2326 280 38 sjuksköterskor
1489 2325 54 30 för
1569 2325 216 30 närvarande

292 2380 75 30 icke
386 2380 212 39 uppbringas
617 2380 11 30 i
646 2380 199 38 tillräckligt
863 2380 96 29 antal
977 2379 55 30 för
1050 2382 49 27 att
1118 2388 43 21 en
1180 2378 354 39 arbetstidsreglering
1554 2378 55 31 för
1627 2379 79 29 dem
1726 2387 59 21 ens

291 2433 11 29 i
321 2434 149 38 enlighet
488 2434 80 29 med
587 2433 372 38 medicinalstyrelsens
978 2432 151 30 cirkulär
1147 2432 213 30 omedelbart
1378 2431 111 30 skulle
1507 2432 120 29 kunna
1647 2439 137 30 genom-

291 2486 103 30 föras.
420 2478 107 38 Dessa
551 2486 295 39 omständigheter
869 2486 114 30 talade
1006 2485 105 39 enligt
1133 2485 205 30 förbundets
1361 2485 141 38 mening
1526 2485 109 30 starkt
1658 2484 55 29 för
1736 2487 49 26 att
