1876 2792
395 146 454 30 Konstitutionsutskottets
871 146 180 30 utlåtande
1072 155 43 20 nr
1139 146 36 30 18
1197 146 40 30 år
1258 146 84 29 1960
1595 145 18 30 3

749 230 242 30 Närvarande:

163 290 81 30 från
274 290 167 30 första
470 290 223 30 kammaren:
715 290 122 29 herrar
856 289 175 39 Elmgren,
1053 289 212 33 Damström,
1290 288 110 34 Ollén,
1422 287 109 39 Georg
1547 288 75 28 Pet-

120 335 148 32 tersson,
300 332 245 39 Sveningsson,
573 331 58 30 fru
659 331 364 40 Segerstedt-Wiberg,
1052 331 123 29 herrar
1201 330 172 30 Nils-Eric
1400 329 222 34 Gustafsson,

122 375 101 35 Dahl,
244 374 84 31 Axel
349 374 172 30 Emanuel
542 374 212 34 Andersson,
777 373 161 40 Aspling;
963 374 92 29 samt

167 433 81 30 från
290 433 156 30 andra
486 433 223 29 kammaren:
742 432 123 29 herrar
897 432 202 29 Pettersson
1128 430 13 30 i
1170 430 208 39 Norregård,
1410 429 210 40 Spångberg,

121 476 216 39 Magnusson
357 475 12 30 i
390 475 181 34 Tumbhult,
593 484 69 21 von
683 475 152 34 Friesen,
857 475 155 29 Jonsson
1032 473 12 30 i
1069 474 146 34 Haverö,
1238 472 211 31 Gustafsson
1471 472 12 30 i
1505 472 116 39 Bogla,

120 518 205 30 Andersson
344 518 11 29 i
376 517 209 40 Linköping,
607 517 151 39 Alemyr,
780 516 148 30 Hamrin
949 516 66 30 och
1036 515 58 30 fru
1117 515 165 40 Sjöqvist.

756 722 231 34 Reservation

166 830 43 21 av
226 820 123 30 herrar
365 819 237 40 Sveningsson
619 820 66 30 och
701 819 215 39 Magnusson
934 818 13 31 i
961 818 174 31 Tumhult
1154 819 92 29 samt
1264 817 59 30 fru
1340 816 166 41 Sjöqvist,
1528 816 96 30 vilka

120 872 118 29 ansett
258 873 51 28 att
328 870 172 31 utskottet
519 870 79 30 bort
618 870 113 30 uttala
750 869 173 40 följande:

168 932 16 18 »
188 921 67 30 Vid
275 921 42 29 de
338 920 79 40 fyra
435 919 174 35 tillfällen,
632 920 46 30 då
697 918 419 40 televisionsutsändning
1137 917 227 31 förekommit
1385 917 82 30 från
1487 917 137 30 riksda-

119 979 87 32 gens
237 970 278 40 förhandlingar,
549 970 48 30 ha
627 970 272 40 olägenheterna
930 979 43 20 av
1003 969 117 30 denna
1151 968 94 30 form
1265 968 56 30 för
1342 967 224 40 offentlighet
1588 968 35 29 åt

122 1022 371 39 riksdagsdebatterna
510 1021 100 30 blivit
628 1021 214 39 uppenbara.
864 1020 168 40 Speciella
1052 1019 486 39 underhandsarrangemang
1558 1018 66 30 har

121 1073 93 30 måst
239 1072 139 35 träffas,
403 1072 115 30 vilkas
544 1071 211 40 förenlighet
780 1071 81 30 med
887 1070 184 40 principen
1097 1079 58 21 om
1182 1069 336 40 riksdagsledamots
1545 1068 78 31 obe-

120 1124 137 29 skurna
279 1122 275 41 yttrandefrihet
577 1122 72 30 kan
672 1121 237 40 ifrågasättas.
934 1121 215 30 Debatterna
1171 1120 47 30 ha
1244 1120 13 30 i
1280 1120 72 30 viss
1377 1119 246 40 utsträckning

123 1174 148 30 förlorat
289 1173 55 31 sin
360 1173 170 30 karaktär
548 1182 43 21 av
608 1172 247 40 överläggning
873 1172 98 30 inom
989 1171 199 40 riksdagen.
1208 1171 66 30 Det
1292 1171 53 30 lär
1363 1171 124 29 kunna
1503 1170 121 31 disku-

122 1227 93 28 teras
236 1224 177 30 huruvida
433 1223 103 31 dessa
557 1222 461 40 televisionsutsändningar
1038 1222 92 31 varit
1152 1222 134 39 ägnade
1309 1223 51 28 att
1381 1221 86 40 höja
1488 1221 136 30 riksda-

121 1283 86 32 gens
226 1275 184 30 anseende.
419 1267 17 52 I
462 1276 49 28 ett
532 1274 117 30 flertal
667 1274 123 30 länder
807 1274 48 30 ha
872 1273 109 31 också
998 1273 244 40 parlamenten
1262 1272 134 31 avvisat
1414 1271 132 41 förslag
1566 1279 56 24 om

121 1325 421 39 televisionsutsändning
562 1324 82 31 från
665 1324 78 31 sina
762 1324 279 39 förhandlingar.
1065 1324 124 30 Senast
1208 1323 59 30 vid
1287 1322 238 31 innevarande
1545 1331 79 31 par-

119 1376 292 30 lamentssession
434 1375 119 40 avslog
575 1375 58 30 det
656 1375 166 40 engelska
844 1374 218 30 underhuset
1085 1373 81 31 med
1191 1375 73 29 stor
1287 1373 181 40 majoritet
1492 1373 132 39 förslag

120 1427 136 30 därom.

167 1477 61 30 Att
248 1476 122 41 medge
390 1475 160 31 tillstånd
571 1476 52 30 till
644 1473 460 41 televisionsutsändningar
1125 1474 81 30 från
1226 1474 210 30 kamrarnas
1456 1473 168 31 förhand-

123 1526 114 40 lingar
261 1526 73 30 kan
359 1525 88 33 först
471 1525 260 40 ifrågakomma
754 1526 65 29 när
843 1524 373 31 televisionstekniken
1241 1524 196 30 utvecklats
1463 1523 39 31 så
1526 1523 97 40 långt

122 1578 53 28 att
193 1575 261 40 upptagningar
472 1575 66 30 och
557 1574 257 40 utsändningar
832 1575 124 30 kunna
975 1574 62 30 ske
1055 1574 47 40 på
1122 1575 49 29 ett
1190 1573 56 31 för
1266 1573 207 40 riksdagens
1494 1573 131 31 arbets-

121 1626 135 31 former
280 1626 78 30 icke
384 1625 165 31 störande
577 1626 79 30 sätt.
683 1625 197 40 Självfallet
905 1624 114 31 måste
1044 1624 125 31 härvid
1194 1624 140 40 hänsyn
1360 1625 99 39 tagas
1488 1623 54 31 till
1568 1623 57 30 be-

124 1676 269 31 stämmelserna
428 1676 12 30 i
475 1675 370 41 riksdagsordningen,
882 1674 313 41 riksdagsstadgan
1220 1675 66 30 och
1311 1674 210 31 kamrarnas
1546 1674 79 31 ord-

123 1725 249 40 ningsstadgor
389 1725 180 41 angående
588 1725 206 31 debatterna
813 1726 12 30 i
845 1725 208 40 riksdagens
1072 1725 154 30 kamrar.

167 1776 119 30 Under
309 1775 222 40 åberopande
555 1784 43 22 av
621 1775 58 30 det
703 1775 151 30 anförda
875 1774 214 35 hemställes,

479 1825 36 35 1)
540 1827 52 29 att
611 1824 189 40 riksdagen
818 1826 12 29 i
850 1824 190 40 anledning
1060 1834 43 21 av
1122 1824 221 31 motionerna
1362 1825 30 30 I:
1410 1824 62 31 149
1491 1824 66 31 och
1576 1824 46 31 II:

433 1875 62 31 182
517 1874 111 31 måtte
649 1874 136 31 besluta
808 1876 51 29 att
882 1874 335 40 direktsändningar
1239 1874 81 30 från
1342 1873 283 31 kammardebat-

431 1925 101 30 terna
553 1924 72 30 tills
646 1924 119 30 vidare
787 1924 31 40 ej
843 1924 63 30 bör
928 1924 37 30 få
987 1923 231 31 förekomma.

478 1974 37 34 2)
544 1975 51 29 att
619 1973 220 31 motionerna
862 1973 29 30 1:
909 1972 63 32 149
994 1973 66 30 och
1081 1973 47 30 II:
1145 1973 62 31 182
1231 1973 109 30 måtte
1363 1982 103 22 anses
1490 1972 136 41 härige-

434 2031 84 22 nom
537 2022 221 32 besvarade.»

356 2452 98 22 600874
492 2449 167 25 Stockholm
674 2449 75 25 1960.
769 2449 80 24 Isaac
860 2449 113 24 Marcus
985 2448 188 32 Boktryckeri
1187 2447 170 31 Aktiebolag
