2186 2669
428 177 19 31 2
898 172 234 43 Lagutskottiets
1154 169 163 34 utlåtande
1340 170 52 31 Nr
1414 170 52 32 20.

513 257 56 36 De
597 255 250 49 naturligaste
875 253 162 37 sakerna
1065 252 36 37 få
1130 251 77 38 ofta
1234 252 139 49 kämpa
1392 250 86 37 med
1498 250 63 37 det
1581 254 138 33 största
1739 248 242 38 motståndet.

386 309 292 39 Kvinnosläktet
718 308 68 36 har
827 307 11 36 i
881 306 109 37 dessa
1023 305 204 50 självklara
1260 303 228 38 strävanden
1516 307 55 32 att
1599 302 116 37 strida
1742 307 79 32 mot
1848 315 47 23 en
1922 301 62 37 hel

385 361 290 40 världshistoria
703 374 47 23 av
778 359 191 38 fördomar
998 358 71 37 och
1098 371 47 24 en
1172 356 108 39 värld
1310 370 45 24 av
1382 356 167 37 förment
1576 360 181 33 motsatta
1783 354 198 37 intressen.

385 417 75 37 Det
488 418 69 47 går
584 414 138 37 framåt
751 412 206 38 emellertid
985 412 136 36 liksom
1150 411 66 36 allt
1243 409 146 50 riktigt,
1410 409 253 49 oundvikligt,
1683 411 41 34 så
1744 408 240 49 småningom

385 469 85 38 med
513 468 63 37 det
605 480 70 24 ena
704 466 94 37 efter
827 465 62 36 det
917 464 127 37 andra.
1099 463 88 37 Men
1214 463 153 49 bråkigt
1395 462 70 37 och
1493 461 197 50 krångligt
1717 466 41 31 är
1786 460 63 37 det
1877 460 106 36 alltid

386 523 60 36 för
486 521 105 49 varje
633 525 94 44 steg.
783 517 80 39 Och
903 518 80 36 ofta
1011 517 37 36 få
1076 516 272 37 människorna
1377 519 124 43 vänta,
1530 514 78 37 tills
1636 528 46 23 en
1710 513 61 37 del
1798 513 187 37 målsmän

387 576 59 36 för
475 575 45 36 de
548 573 127 50 gamla
702 573 160 46 lärorna,
887 570 52 50 ja,
955 569 129 38 ibland
1113 583 46 23 en
1187 569 62 37 hel
1278 567 237 38 fördomsfull
1534 567 232 49 generation,
1797 566 83 37 dött
1899 566 86 37 bort

385 627 175 38 omsider.

516 679 18 36 I
561 681 67 34 vår
657 678 53 36 tid
739 682 40 31 är
807 677 63 36 det
898 676 152 36 särskilt
1077 678 65 34 två
1160 680 200 44 trappsteg
1379 674 67 47 till,
1468 686 82 24 som
1570 672 283 37 kvinnosläktet
1872 671 113 37 söker

387 733 153 36 komma
572 744 76 36 upp
684 729 69 47 till,
783 728 63 36 det
874 741 70 23 ena
972 732 40 31 är
1039 726 258 48 likvärdighet
1323 726 13 35 i
1362 730 206 31 rösträtten
1597 724 71 36 och
1696 724 63 35 det
1788 724 126 46 andra,
1945 726 41 33 så

387 783 195 49 underligt
610 783 63 37 det
692 783 104 46 låter,
816 780 258 49 likvärdighet
1092 779 13 37 i
1125 777 346 51 arbetareskyddet.
1513 776 56 38 De
1589 775 176 38 officiella
1782 774 203 49 rådslagen

388 838 49 36 ha
478 836 116 37 riktat
635 836 60 48 sig
723 835 68 36 bär
819 833 85 37 med
933 832 190 37 förkärlek
1150 834 48 47 på
1226 836 54 32 ett
1306 830 234 37 bemödande
1568 835 55 30 att
1650 829 97 36 först
1773 829 80 36 lösa
1880 832 106 32 män-

387 902 94 25 nens
509 888 211 49 röstefråga
748 886 70 37 och
848 885 115 37 sedan
991 884 183 50 möjligen
1202 884 90 49 giva
1320 888 96 31 även
1435 882 214 37 kvinnorna
1668 881 316 48 medborgarrätt,

387 957 87 23 men
516 942 169 36 däremot
721 941 12 35 i
768 939 62 36 det
859 938 116 36 andra
1003 942 126 32 ämnet
1158 942 53 31 att
1239 937 90 49 giva
1356 935 213 37 kvinnorna
1597 934 66 37 sitt
1692 931 293 50 arbetareskydd

388 996 99 36 först
528 994 69 36 och
637 992 162 37 därefter
830 991 183 49 möjligen
1048 994 97 32 även
1176 987 294 50 arbetareskydd
1500 990 38 34 åt
1565 992 165 31 männen
1757 986 13 36 i
1798 986 72 36 den
1898 987 87 34 mån

389 1048 46 37 de
463 1052 94 45 göra
585 1045 165 50 anspråk
777 1044 125 49 därpå.

520 1099 88 36 Man
639 1098 75 36 kan
742 1097 124 50 tycka,
897 1101 55 31 att
979 1095 213 36 kvinnorna
1220 1094 155 37 sålunda
1404 1098 64 31 äro
1497 1098 91 31 över
1615 1092 127 36 hövan
1769 1090 176 50 gynnade
1973 1090 13 35 i

391 1150 335 48 arbetareskyddet
767 1149 70 36 och
870 1148 232 49 obehörigen
1136 1147 256 37 tillbakasatta
1423 1146 12 36 i
1461 1149 215 33 rösträtten.
1734 1143 48 38 Så
1813 1142 173 38 förhåller

390 1205 63 36 det
495 1204 61 48 sig
597 1202 96 36 dock
726 1201 134 37 endast
886 1201 116 49 ytligt
1030 1200 131 36 besett.
1217 1199 171 48 Tränger
1416 1211 87 23 man
1530 1198 40 35 in
1596 1197 138 36 bakom
1763 1195 222 47 kulisserna,

389 1258 122 35 finner
552 1268 88 23 man
681 1258 149 45 genast,
874 1257 54 32 att
957 1253 63 36 det
1048 1252 12 36 i
1089 1252 121 49 själva
1237 1251 145 53 verket
1395 1250 57 36 uti
1479 1249 98 37 båda
1605 1249 115 36 fallen
1746 1253 64 31 rör
1838 1247 59 48 sig
1925 1260 61 23 om

391 1321 144 25 samma
576 1308 152 35 orsaker
769 1305 71 37 och
881 1318 142 24 samma
1063 1304 242 48 verkningar.
1360 1305 35 33 ÅA
1436 1316 71 22 ena
1548 1301 108 37 sidan
1683 1300 198 37 fördomen
1908 1304 80 31 mot

390 1362 215 35 kvinnorna
632 1363 124 33 såsom
784 1360 117 51 något
929 1356 267 47 underordnat,
1226 1369 80 23 som
1336 1355 68 36 hör
1426 1367 103 24 mera
1549 1367 171 23 samman
1740 1352 84 37 med
1843 1352 145 36 barnen

393 1419 48 31 än
482 1412 85 37 med
607 1416 175 32 männen.
837 1413 35 33 Å
914 1409 115 37 andra
1057 1408 108 37 sidan
1193 1422 47 23 en
1268 1406 275 49 omisskännlig
1571 1405 240 49 benägenhet
1838 1404 59 36 för
1925 1403 62 36 det

392 1465 170 49 manliga
593 1463 213 37 härskande
839 1462 138 37 släktet
1006 1466 55 31 att
1088 1460 209 37 förbehålla
1325 1461 61 47 sig
1412 1458 290 49 rättigheterna,
1731 1455 256 38 arbetstillfäl-

392 1519 86 36 lena
506 1517 72 36 och
606 1516 161 36 friheten
795 1514 85 37 från
909 1513 158 49 onödigt
1095 1516 128 46 tvång.
1268 1512 127 37 Gäller
1424 1511 63 36 det
1510 1511 12 35 i
1542 1508 337 50 arbetareskyddet
1897 1508 92 36 kon-

392 1575 107 31 tanta
541 1568 198 46 förmåner,
782 1569 40 34 så
863 1566 171 37 inträffar
1066 1565 127 37 därför
1221 1578 47 23 en
1297 1563 243 48 omkastning
1563 1562 145 49 jämväl
1735 1562 13 36 i
1776 1560 213 48 ordningen

394 1623 58 36 för
486 1619 343 50 arbetareskyddet.
884 1618 167 37 Männen
1082 1618 82 37 icke
1196 1617 98 37 blott
1320 1615 184 38 likställas
1532 1614 85 37 med
1646 1614 223 47 kvinnorna,
1898 1618 91 31 utan

394 1675 37 36 få
460 1679 95 31 även
583 1674 70 35 lätt
681 1677 120 32 större
831 1671 199 37 förmåner.
1086 1670 65 36 Ett
1180 1669 171 49 exempel
1379 1668 117 49 härpå
1525 1667 177 48 erbjuder
1731 1666 62 36 det
1821 1668 40 33 år
1891 1667 96 34 1912

394 1726 167 49 avgivna
603 1725 181 48 förslaget
825 1724 58 36 till
925 1722 361 50 folkpensionering,
1329 1721 118 47 enligt
1488 1719 120 37 vilket
1636 1718 164 37 kvinnor
1829 1717 57 37 för
1913 1716 77 37 lika

394 1779 128 36 arbete
552 1777 141 37 erhålla
721 1776 145 37 mindre
893 1775 203 50 pensioner
1124 1780 48 31 än
1199 1779 174 32 männen.

525 2039 18 36 I
585 2039 122 36 denna
749 2037 281 49 framställning
1071 2037 96 36 skall
1209 2036 141 49 sysslas
1392 2037 119 45 något
1539 2033 86 36 med
1653 2031 339 49 likställigheten
1970 2027 24 63 i

397 2091 294 50 arbetareskydd
733 2090 152 36 särskilt
926 2089 85 37 med
1052 2089 150 49 hänsyn
1241 2088 57 36 till
1341 2086 247 37 arbetstidens
1629 2084 207 50 reglering,
1874 2083 118 37 vilket

398 2144 185 50 spörsmål
611 2142 534 49 meningsskiljaktigheterna
1172 2139 267 38 företrädesvis
1468 2144 84 31 röra
1581 2138 59 49 sig
1667 2151 72 23 om.

526 2195 314 49 Lagstiftningen
881 2197 46 47 på
970 2194 102 36 detta
1115 2192 149 37 område
1305 2192 68 36 har
1413 2191 124 49 börjat
1569 2190 86 37 med
1686 2190 155 46 barnen,
1875 2188 117 36 sedan

397 2249 132 37 vårdat
570 2261 60 36 sig
671 2261 61 23 om
774 2260 103 35 unga
917 2259 179 36 personer
1124 2246 69 35 och
1222 2243 180 50 slutligen
1430 2244 68 35 har
1526 2243 73 36 den
1626 2245 82 33 nått
1736 2241 97 36 fram
1862 2240 58 37 till
1948 2240 45 36 de

397 2314 137 24 vuxna.
590 2300 78 36 Där
709 2300 68 35 har
819 2298 205 37 emellertid
1066 2299 11 35 i
1111 2297 45 36 de
1185 2296 175 37 officiella
1389 2295 228 37 formulären
1646 2294 135 48 frågan
1809 2292 184 37 tukluvits
