1906 2850
515 137 319 33 Bankoutskottets
864 134 184 32 utlåtande
1074 133 51 32 Nr
1147 132 52 31 59.
1530 128 39 30 21

107 222 65 31 vid
195 222 54 30 för
274 220 68 36 hög
367 218 181 36 hastighet
573 217 85 30 eller
683 215 113 31 trafik
821 216 89 28 utan
934 212 174 35 tillstånd,
1133 210 99 31 torde
1257 210 45 30 ha
1328 210 84 34 föga
1437 207 178 30 inverkan

110 266 47 36 på
175 262 267 33 vederbörande
465 261 54 31 för
541 259 206 32 framtiden.

151 307 181 36 Slutligen
352 305 113 37 gäller
486 304 58 31 det
565 304 54 30 att
641 303 37 30 få
698 301 58 32 till
776 300 105 32 stånd
900 301 52 29 ett
973 298 195 31 rättvisare
1189 296 66 31 och
1275 294 230 32 rationellare
1525 293 89 36 jäm-

110 350 177 33 ställande
307 349 80 31 med
405 349 249 36 järnvägarna
672 356 45 20 av
736 344 214 31 biltrafiken
969 342 12 30 i
1000 340 174 32 avseende
1194 340 46 35 på
1259 337 242 36 beskattning,
1520 337 94 30 kost-

110 395 118 32 naden
248 395 55 30 för
322 390 264 39 vägunderhåll
606 389 65 32 och
691 387 221 36 amortering
933 396 46 21 av
999 386 12 30 i
1031 385 178 35 företaget
1229 383 112 30 insatt
1362 381 140 36 kapital
1522 381 93 29 samt

111 436 337 35 administrations-,
472 433 170 32 kontroll-
667 432 65 31 och
756 428 365 38 säkerhetsåtgärder.
1166 427 69 31 Det
1260 435 106 27 synes
1391 425 77 30 icke
1494 424 122 30 finnas

111 483 111 36 något
243 479 158 33 bärande
424 478 78 31 skäl
523 479 54 29 att
599 477 159 35 betunga
779 473 264 36 landsbygdens
1066 469 290 35 skattebetalare,
1378 467 239 38 jordbrukare

111 526 67 31 och
197 525 188 35 löntagare
403 532 45 21 m.
469 522 37 30 fl.
526 520 80 32 med
627 520 116 36 dryga
762 515 331 39 vägskattebördor,
1112 524 75 21 som
1208 512 164 37 betingas
1393 511 57 31 till
1470 510 147 31 alldeles

113 567 251 38 övervägande
394 566 88 37 grad
506 575 46 20 av
577 563 215 32 biltrafiken
818 570 131 22 ensam.
997 559 68 31 Det
1093 559 72 30 kan
1191 558 12 29 i
1231 557 99 30 detta
1357 554 260 35 sammanhang

111 612 181 32 måhända
315 613 91 28 även
429 610 86 30 böra
539 607 223 34 framhållas,
785 607 52 28 att
861 604 80 30 med
963 603 68 31 den
1053 604 98 29 stora
1174 599 231 36 omfattning,
1427 599 188 29 motortra-

112 657 103 31 fiken
232 665 49 20 nu
301 655 46 36 på
364 654 133 35 många
513 652 75 31 håll
608 650 165 36 uppnått,
793 649 64 30 och
875 647 81 31 med
974 646 65 32 den
1059 644 193 36 hastighet,
1287 642 134 31 varmed
1439 641 92 31 bilar
1551 640 64 31 och

114 701 131 30 främst
265 696 242 36 motorcyklar
530 696 77 30 ofta
629 693 123 31 färdas
772 695 163 33 vägarna
954 690 104 34 fram,
1081 689 242 35 fotgängarna
1345 687 20 29 å
1386 681 231 44 landsvägar-

112 754 49 21 na
184 743 155 35 mången
367 742 94 35 gång
487 741 62 28 äro
575 738 139 30 utsatta
741 736 55 30 för
822 734 141 36 verklig
991 732 154 31 livsfara
1170 731 65 30 och
1262 732 53 29 att
1343 729 58 31 det
1427 728 122 31 därför
1576 729 40 29 är

113 785 269 35 ofrånkomligt,
416 784 53 30 att
502 781 214 31 hädanefter
747 778 179 31 särskilda
958 775 209 37 gångbanor
1201 784 75 20 som
1309 773 97 35 regel
1438 771 179 31 anordnas

113 831 98 30 inom
236 829 73 31 alla
333 837 75 21 mer
435 827 71 30 tätt
530 824 190 37 bebyggda
745 822 137 31 trakter
910 820 80 31 med
1016 819 105 36 livlig
1147 817 178 32 biltrafik.
1371 816 112 30 Dessa
1509 815 108 36 gång-

113 874 112 31 banor
256 872 86 31 böra
373 869 155 37 givetvis
559 871 90 28 även
680 867 163 30 bekostas
875 875 45 20 av
951 872 137 22 samma
1119 859 240 35 motortrafik,
1391 868 74 21 som
1495 867 121 21 ensam

115 918 96 36 gjort
234 916 79 31 dem
336 913 237 36 nödvändiga.

154 960 107 32 Olika
281 961 113 34 vägar
416 958 122 30 kunna
560 954 156 39 givetvis
737 954 142 30 komma
899 952 11 30 i
934 952 113 34 fråga,
1070 950 43 30 då
1137 949 55 30 det
1218 947 112 36 gäller
1353 948 53 29 att
1427 956 45 20 av
1493 945 124 30 biltra-

117 1005 101 30 fiken
238 1005 37 28 få
296 1004 40 29 ut
357 1000 173 36 täckning
554 1000 55 30 för
631 998 41 31 de
693 996 201 34 kostnader,
916 994 65 31 den
1004 994 61 30 bör
1088 992 127 31 betala.
1259 991 94 30 Vare
1375 990 54 36 sig
1448 998 84 21 man
1556 989 64 35 går

116 1049 40 30 in
186 1048 55 30 för
270 1043 226 37 vederbörlig
526 1041 152 37 höjning
708 1051 45 20 av
783 1037 343 33 automobilskatten
1157 1035 84 30 eller
1274 1044 44 20 av
1349 1032 272 32 bensinskatten

117 1091 86 31 eller
226 1089 281 37 gummiskatten
526 1086 86 30 eller
633 1095 43 20 en
696 1082 246 33 kombination
963 1091 45 20 av
1029 1080 111 34 dessa,
1162 1088 105 25 synes
1286 1077 57 31 det
1363 1076 183 34 önskvärt,
1567 1076 54 28 att

115 1131 326 35 restitutionsledes
460 1130 85 31 eller
565 1129 104 36 eljest
688 1126 141 32 lättnad
846 1124 145 32 beredes
1011 1123 42 31 de
1073 1122 238 37 jordbrukare
1332 1120 64 30 och
1415 1118 205 37 trädgårds-

117 1179 159 30 mästare
293 1186 45 21 m.
360 1175 48 35 fl.,
430 1175 55 30 för
506 1173 118 30 vilkas
644 1168 328 37 näringsutövning
994 1167 39 31 de
1055 1166 111 30 ökade
1188 1165 187 30 skatterna
1394 1163 104 35 eljest
1520 1171 101 21 even-

118 1221 107 32 tuellt
247 1219 115 32 skulle
382 1218 99 30 bliva
503 1216 58 31 till
583 1214 187 36 allvarligt
792 1222 89 21 men.

156 1265 56 31 En
231 1274 46 20 av
297 1263 41 31 de
358 1264 124 34 vägar,
502 1261 45 35 på
567 1258 102 32 vilka
687 1258 246 36 järnvägarna
954 1255 124 30 kunna
1097 1253 98 30 möta
1214 1250 333 34 bilkonkurrensen,
1569 1251 51 32 är,

116 1309 55 31 att
198 1308 249 36 järnvägarna
472 1303 118 37 själva
614 1304 119 34 öppna
757 1299 195 35 busslinjer
978 1297 86 31 eller
1092 1295 205 32 samarbeta
1323 1293 80 31 med
1428 1292 109 32 redan
1564 1292 56 30 be-

117 1351 150 35 fintliga
291 1358 126 27 genom
441 1350 53 28 att
519 1347 86 35 ingå
630 1355 75 21 som
730 1343 207 35 aktieägare
962 1341 11 30 i
1000 1338 266 33 vederbörande
1290 1338 150 34 företag.
1487 1336 134 31 Genom

117 1397 55 30 att
195 1394 210 31 kombinera
427 1392 187 35 järnvägs-
639 1389 65 30 och
726 1386 200 32 busstrafik
951 1386 19 29 å
994 1385 126 30 härför
1144 1382 175 36 lämpliga
1343 1379 161 32 sträckor
1528 1382 92 27 samt

118 1437 255 33 användandet
404 1445 45 20 av
478 1432 169 32 liknande
676 1431 259 35 transportsätt
967 1428 54 31 för
1053 1427 95 36 gods,
1178 1425 101 31 torde
1308 1424 90 36 goda
1427 1423 153 30 resultat
1610 1422 10 30 i

118 1483 133 34 många
276 1480 66 31 fall
365 1479 123 30 kunna
509 1476 149 37 uppnås.
704 1474 134 35 Många
862 1471 163 32 enskilda
1048 1471 199 35 järnvägar
1272 1468 12 29 i
1309 1466 149 37 Sverige
1481 1466 64 30 och
1568 1468 54 27 ut-

119 1525 122 31 landet
261 1524 64 31 och
345 1523 132 34 många
497 1519 194 31 utländska
710 1516 326 34 statsbaneföretag
1056 1514 47 30 ha
1123 1512 106 31 också
1249 1510 168 36 utvidgat
1437 1509 64 31 sitt
1521 1508 101 31 verk-

119 1565 306 35 samhetsområde
467 1564 57 30 till
556 1564 54 30 att
644 1561 154 31 omfatta
821 1558 138 37 jämväl
983 1558 74 29 viss
1082 1553 391 37 landsvägsbefordran
1498 1561 126 27 genom

119 1610 233 33 motortrafik
377 1609 11 30 i
412 1617 89 27 egen
524 1606 77 37 regi
625 1605 86 30 eller
738 1613 125 26 genom
888 1600 234 35 dotterbolag,
1148 1597 256 32 aktieinnehav
1430 1597 11 29 i
1465 1594 159 32 formellt

124 1653 267 39 självständiga
412 1648 391 37 biltransportföretag,
826 1643 305 37 inkomstgaranti
1153 1642 86 30 eller
1264 1640 117 32 direkt
1404 1638 224 32 subvention.

121 1697 104 33 Även
251 1697 41 31 de
317 1695 155 32 svenska
496 1693 253 31 statsbanorna
774 1690 47 31 ha
844 1689 113 31 redan
980 1687 177 31 etablerat
1182 1684 217 32 samverkan
1423 1683 81 30 med
1529 1682 98 31 olika

124 1742 204 34 bilföretag.
377 1735 362 38 Järnvägsstyrelsen
767 1743 105 26 synes
897 1730 200 32 emellertid
1126 1729 10 30 i
1163 1727 236 32 förevarande
1427 1725 201 32 hänseende

123 1787 95 30 hava
240 1782 225 38 ojämförligt
487 1790 74 21 mer
583 1777 221 38 begränsade
827 1775 227 36 möjligheter
1077 1776 48 28 än
1145 1773 71 30 vad
1238 1781 75 21 som
1335 1770 114 31 skulle
1472 1769 155 30 tillkom-

123 1839 60 21 ma
207 1830 51 29 ett
284 1826 132 32 enskilt
441 1824 226 34 storföretag.
715 1820 184 36 Styrelsen
924 1818 99 31 torde
1048 1816 185 35 nämligen
1258 1815 178 35 knappast
1462 1813 47 30 ha
1533 1812 94 30 befo-

126 1872 129 37 genhet
280 1872 53 29 att
358 1870 86 35 ingå
468 1877 74 21 som
567 1866 209 35 aktieägare
798 1864 86 29 eler
910 1862 102 35 eljest
1036 1860 144 36 placera
1204 1858 114 31 medel
1342 1858 12 29 i
1379 1857 135 30 sådana
1539 1857 89 29 före-

126 1917 63 35 tag
211 1915 54 30 för
287 1910 390 37 landsvägstransport,
697 1917 74 21 som
792 1907 64 30 här
877 1906 12 29 i
912 1905 112 35 fråga.
1066 1902 128 36 Dylikt
1215 1900 167 32 tilistånd
1401 1909 104 26 synes
1527 1898 103 31 emel-

126 1958 109 32 lertid
258 1958 87 29 böra
369 1966 45 19 av
440 1952 282 32 statsmakterna
745 1950 148 30 lämnas.

169 2000 182 32 Uteslutet
373 2007 105 26 synes
498 1997 32 35 ej
551 1995 111 32 heller
683 2003 98 22 vara,
802 1993 63 33 att,
885 1991 80 30 med
984 1990 142 34 hänsyn
1146 1988 58 30 till
1224 1987 332 31 bilkonkurrensen,
1576 1985 56 30 be-

129 2043 273 33 stämmelserna
426 2042 12 29 i
464 2040 55 30 för
544 2039 248 35 järnvägarna
816 2034 165 36 gällande
1007 2031 246 34 trafikstadga
1279 2031 85 29 böra
1389 2029 131 30 ändras
1546 2028 9 30 i
1580 2029 53 29 så-

130 2089 71 30 dan
218 2086 175 34 riktning,
412 2086 53 28 att
484 2083 248 36 järnvägarna
750 2079 138 31 erhålla
906 2080 112 27 större
1041 2075 109 31 frihet
1170 2074 58 30 vid
1250 2071 383 37 avgiftsberäkningar

131 2134 49 29 än
199 2131 70 30 vad
290 2140 47 20 nu
360 2131 40 27 är
424 2127 110 31 fallet.

172 2174 44 36 Ej
237 2174 110 30 minst
366 2171 79 30 med
464 2171 140 33 hänsyn
624 2168 56 30 till
700 2164 318 33 handelsbalansen
1041 2171 105 26 synes
1166 2161 57 30 det
1244 2160 171 35 slutligen
1434 2159 201 35 angeläget,

131 2220 54 29 att
208 2217 74 34 allt,
304 2215 68 31 vad
397 2224 73 20 som
491 2214 70 29 kan
585 2214 104 34 göras
712 2211 54 29 för
789 2210 51 29 att
864 2208 134 29 ersätta
1023 2206 57 29 det
1105 2204 190 31 utländska
1322 2202 209 30 bilbränslet
1555 2201 77 30 med

132 2260 190 33 inhemskt,
344 2260 88 28 utan
455 2255 171 36 dröjsmål
650 2256 109 33 göres.

173 2304 112 35 Läget
309 2303 54 29 för
387 2301 58 29 det
468 2301 97 28 stora
588 2296 159 31 flertalet
770 2306 44 19 av
839 2293 138 31 landets
999 2291 147 36 privata
1168 2291 199 34 järnvägar
1389 2291 39 27 är
1453 2288 109 29 redan
1584 2298 52 18 så-

134 2348 97 33 dant,
259 2347 53 29 att
339 2344 69 30 vad
436 2352 72 19 som
539 2342 82 28 från
650 2338 299 31 statsmakternas
977 2335 78 29 sida
1083 2333 89 30 skall
1205 2335 103 32 göras
1339 2332 6 29 i
1377 2332 116 29 denna
1522 2331 114 34 fråga,

133 2391 113 30 måste
269 2389 59 29 ske
352 2388 86 28 utan
462 2384 128 34 onödig
612 2381 215 35 tidsspillan.
863 2378 151 31 Landets
1035 2375 277 31 handelsbalans
1335 2376 53 28 för
1411 2373 226 31 närvarande

134 2442 126 22 manar
284 2434 89 27 även
399 2429 54 30 till
480 2437 105 20 snara
613 2423 206 32 restriktiva
844 2421 169 34 åtgärder
1038 2421 72 28 mot
1135 2419 112 29 sådan
1273 2418 60 29 hil-
1359 2418 61 28 och
1450 2416 187 30 bensinim-
