1904 2850
512 156 316 32 Bankoutskottets
858 155 185 31 utlåtande
1071 155 52 30 Nr
1150 155 52 28 59.
1534 150 40 32 43

116 236 58 30 rat
200 243 125 26 genom
352 233 228 31 biltrafikens
607 232 136 32 snabba
768 232 209 36 utveckling
1005 231 106 33 blivit
1138 230 178 38 betydligt
1346 229 271 32 överdimensio-

113 284 120 33 nerad.
277 284 55 33 Då
352 281 213 36 biltrafiken
584 283 185 33 erfordrar
791 284 200 31 avsevärda
1012 281 405 37 kapitalinvesteringar
1438 281 66 31 och
1525 280 91 32 dess-

112 339 97 29 utom
233 340 40 28 är
297 337 173 31 beroende
494 348 45 20 av
563 347 43 20 en
630 336 321 32 handelsbalansen
975 335 116 31 starkt
1116 334 246 31 försämrande
1386 333 141 35 import,
1550 332 65 31 har

112 392 51 29 ett
189 389 268 36 nedbringande
484 399 46 20 av
556 389 68 31 den
650 388 144 35 onödigt
822 389 95 29 stora
945 387 383 35 transportapparaten
1357 385 182 31 framstått
1563 385 52 29 så-

112 452 75 20 som
208 443 49 30 ett
280 441 138 36 viktigt
438 440 392 32 samhiällsekonomiskt
855 440 159 30 intresse.

155 491 63 34 Ett
238 492 213 36 ytterligare
473 491 77 32 skäl
571 488 56 35 för
649 490 208 36 reglerande
879 489 169 37 åtgärder
1069 491 66 30 har
1156 491 137 31 ansetts
1312 499 91 22 vara
1425 487 192 33 önskvärd-

115 544 104 32 beten
236 546 56 31 att
309 544 164 33 undvika
490 553 44 22 en
553 542 143 34 radikal
714 544 157 36 ändring
891 544 11 31 i
920 544 265 36 järnvägarnas
1205 543 217 36 taxesystem
1441 541 80 32 med
1537 540 79 32 där-

115 605 46 21 av
206 595 160 37 följande
390 595 228 37 olägenheter
641 596 56 31 för
720 594 251 37 näringslivet.
1016 595 67 32 Det
1109 594 66 31 har
1200 592 232 38 framhållits,
1457 594 53 31 att
1534 591 83 33 last-

114 647 230 33 bilstrafiken
388 650 12 30 i
445 649 152 32 främsta
619 651 154 30 rummet
795 648 77 36 lagt
896 648 113 31 under
1032 646 56 37 sig
1109 643 235 40 transporten
1365 655 48 22 av
1434 646 62 32 det
1519 654 97 22 mera

111 701 205 31 värdefulla
337 701 136 36 stycke-
495 701 63 31 och
577 700 312 36 vagnslastgodset
909 699 65 31 och
993 699 138 31 lämnat
1150 699 37 30 åt
1207 697 247 36 järnvägarna
1475 697 54 31 att
1547 705 69 21 om-

113 753 140 36 besörja
278 754 229 35 transporten
532 763 45 21 av
604 753 58 31 det
688 752 138 31 mindre
852 750 313 37 inkomstgivande
1191 748 229 37 massgodset.
1465 747 151 37 Härige-

112 814 83 22 nom
219 805 66 30 har
311 805 164 35 grunden
503 805 54 30 för
583 804 265 37 järnvägarnas
874 802 210 32 nuvarande
1110 802 228 36 taxesystem,
1363 799 253 33 värdetariffe-

112 857 282 36 ringssystemet,
416 857 248 36 undergrävts.
706 856 56 30 En
779 857 183 35 övergång
984 854 57 31 till
1062 855 51 30 ett
1135 855 133 37 system
1289 853 80 31 med
1390 852 116 36 enkla,
1526 850 91 32 efter

114 909 194 31 lastvikten
334 908 197 37 graderade
557 908 145 31 tariffer
727 908 66 31 har
819 909 135 30 ansetts
981 907 74 30 förr
1078 905 85 32 eller
1189 914 124 23 senare
1338 904 98 32 bliva
1460 903 157 32 nödvän-

113 961 72 36 dig,
205 960 129 32 därvid
351 961 42 31 de
413 971 71 26 nya
503 960 194 31 tarifferna
716 960 112 31 måste
849 960 56 31 för
923 958 219 37 massgodset
1160 958 114 31 sättas
1291 956 199 36 väsentligt
1508 956 109 36 högre

113 1015 49 28 än
183 1013 56 31 för
261 1013 239 31 närvarande.
542 1012 54 31 Då
620 1012 59 31 det
702 1022 48 20 nu
774 1010 276 36 lågtarifferade
1072 1009 219 36 massgodset
1315 1008 225 36 väsentligen
1563 1008 54 31 ut-

114 1067 101 32 göres
244 1075 45 21 av
319 1064 257 36 näringslivets
606 1065 160 34 råvaror,
795 1063 115 31 skulle
939 1072 44 21 en
1010 1061 161 37 stegring
1200 1071 46 21 av
1276 1060 341 32 fraktkostnaderna

115 1118 55 29 för
196 1117 102 31 dessa
322 1126 108 21 varor
472 1126 74 20 vara
571 1115 119 37 ägnad
718 1117 53 29 att
799 1115 170 35 försvaga
997 1113 280 37 produktionens
1302 1111 315 37 förutsättningar.

113 1168 129 32 Därest
262 1168 316 36 järnvägsföretag
599 1167 103 36 eljest
723 1167 77 31 icke
822 1166 114 32 skulle
958 1166 123 31 kunna
1101 1168 70 33 äga
1191 1165 159 36 bestånd,
1371 1164 66 31 har
1459 1164 59 32 det
1537 1162 81 33 med

113 1221 140 36 hänsyn
273 1220 55 31 till
352 1219 257 37 näringslivets
630 1219 150 31 intresse
801 1219 136 30 ansetts
954 1217 173 37 påkallat,
1148 1218 52 30 att
1222 1217 119 30 staten
1362 1225 126 26 genom
1507 1215 110 35 lämp-

114 1272 75 36 liga
213 1272 169 36 åtgärder
408 1271 160 36 ingriper
592 1271 56 31 för
673 1272 53 30 att
751 1270 117 36 stödja
894 1270 100 31 dessa
1021 1269 149 36 företag.

156 1320 124 35 Såsom
305 1323 113 31 motiv
443 1324 56 31 för
524 1332 42 22 en
591 1322 181 37 reglering
796 1332 46 21 av
868 1315 469 37 konkurrensförhållandet
1364 1319 133 32 mellan
1523 1319 95 38 järn-

114 1378 103 34 vägs-
247 1376 65 31 och
340 1374 357 32 automobiltrafiken
725 1376 67 30 har
820 1373 126 32 vidare
975 1374 150 35 anförts,
1154 1375 54 30 att
1238 1372 270 32 konkurrensen
1535 1372 82 31 mel-

114 1427 62 31 lan
207 1428 40 31 de
279 1427 93 31 båda
404 1426 468 32 kommunikationsmedlen
906 1426 56 30 för
994 1424 227 31 närvarande
1254 1423 77 32 icke
1361 1423 163 31 bedrives
1556 1432 62 21 un-

112 1479 65 32 der
202 1479 225 32 likställdhet
454 1479 12 31 i
495 1478 106 37 fråga
627 1488 57 21 om
710 1478 217 36 rättigheter
953 1477 65 31 och
1044 1476 257 37 skyldigheter.
1348 1475 68 32 Det
1444 1476 66 31 har
1538 1475 83 31 från

117 1528 264 38 järnvägarnas
402 1529 82 33 sida
505 1530 115 37 gjorts
642 1529 176 38 gällande,
841 1532 55 30 att
920 1529 69 32 den
1010 1527 266 38 yrkesmässiga
1297 1527 213 32 biltrafiken
1532 1527 87 31 kun-

118 1587 62 29 nat
204 1580 167 35 utveckla
393 1581 57 38 sig
475 1584 46 36 på
545 1580 354 37 järnvägstrafikens
923 1581 196 32 bekostnad
1144 1577 56 36 till
1224 1582 77 30 stor
1324 1580 59 31 del
1406 1575 135 41 därför,
1566 1581 54 30 att

117 1635 211 31 biltrafiken
358 1635 161 36 åtnjuter
552 1635 181 31 förmåner
764 1634 65 31 och
861 1634 160 34 friheter,
1051 1632 100 31 vilka
1183 1634 61 29 äro
1276 1631 216 36 förvägrade
1523 1630 95 36 Järn-

113 1687 261 36 vägstrafiken.
414 1686 218 32 Biltrafiken
654 1687 152 31 behöver
829 1685 162 36 sålunda,
1012 1686 66 30 har
1101 1685 58 30 det
1183 1683 230 36 framhållits,
1436 1683 76 31 icke
1532 1683 87 31 bära

115 1740 73 31 alla
212 1740 40 31 de
277 1739 203 36 kostnader,
504 1749 74 21 som
604 1738 190 36 rätteligen
819 1738 107 31 borde
951 1737 96 31 åvila
1073 1736 215 36 densamma,
1312 1736 12 29 i
1350 1735 152 31 främsta
1526 1743 93 22 rum-

115 1792 71 30 met
209 1791 229 32 beträffande
463 1793 180 33 vägarnas
669 1790 189 36 byggande
885 1790 63 30 och
971 1788 199 32 underhåll.
1213 1787 123 32 Under
1362 1787 57 31 det
1446 1790 52 28 att
1523 1786 96 36 järn-

115 1846 161 34 vägarna
305 1843 117 36 själva
452 1843 124 35 anlagt
605 1843 63 30 och
696 1842 112 30 måste
836 1840 213 32 underhålla
1079 1840 78 30 sina
1183 1840 121 36 banor,
1332 1848 103 22 anses
1463 1841 155 29 automo-

116 1895 235 31 bilskatterna
376 1894 77 31 icke
479 1895 127 35 utgöra
634 1893 83 31 fullt
742 1893 170 34 vederlag
938 1893 55 30 för
1018 1892 159 31 bilarnas
1203 1891 151 35 slitning
1380 1902 44 19 av
1447 1892 172 33 vägarna.

116 1946 219 32 Biltrafiken
363 1956 103 20 anses
494 1946 176 30 dessutom
700 1945 152 30 framför
880 1944 244 36 järnvägarna
1154 1943 147 35 gynnad
1328 1951 126 26 genom
1481 1941 138 31 mindre

114 1996 220 37 detaljerade
364 1998 64 30 och
455 1996 110 32 friare
590 1996 286 31 bestämmelser
857 1988 16 49 i
891 1996 106 34 fråga
1008 2004 57 22 om
1076 1994 216 36 exempelvis
1305 1993 237 32 taxeväsende
1554 1992 65 32 och

118 2050 226 34 personalens
365 2048 516 36 tjänstgöringsförhållanden
900 2048 94 30 samt
1016 2046 154 32 framför
1189 2046 65 31 allt
1276 2055 127 26 genom
1424 2046 196 31 frånvaron

115 2112 46 20 av
193 2101 331 36 befordringsplikt.
576 2101 57 31 Nu
666 2100 150 31 berörda
850 2098 258 36 olikställighet
1143 2097 228 32 beträffande
1405 2096 214 36 rättigheter

116 2154 64 30 och
209 2153 245 36 skyldigheter
484 2153 64 30 har
582 2154 51 28 för
662 2153 64 29 den
759 2151 165 36 gynnade
954 2151 125 35 parten
1110 2149 225 36 möjliggjort
1365 2150 54 29 att
1448 2150 169 34 uttränga

116 2205 68 31 den
206 2206 113 30 andra
343 2207 90 28 även
459 2206 42 34 på
524 2205 134 29 sådana
682 2203 84 35 håll,
790 2203 65 31 där
879 2204 114 29 denna
1016 2202 61 31 vid
1102 2212 41 19 en
1166 2201 124 31 tävlan
1314 2200 113 31 under
1455 2200 70 30 lika
1551 2200 68 30 för-

116 2257 189 30 hållanden
332 2256 115 30 skulle
471 2266 86 20 vara
584 2256 219 34 överlägsen.
847 2255 82 29 Med
955 2254 136 35 hänsyn
1119 2253 53 30 till
1200 2253 57 30 det
1285 2251 151 31 faktiskt
1461 2251 158 31 rådande

117 2307 465 32 konkurrensförhållandet
611 2307 54 30 till
696 2306 212 30 lastbilarna
939 2306 64 28 har
1028 2315 81 20 man
1139 2305 126 34 ansett,
1292 2305 54 28 att
1373 2303 247 35 järnvägarna

117 2360 105 30 borde
244 2359 147 30 beredas
417 2358 143 30 tillfälle
585 2357 52 30 till
663 2368 42 19 en
732 2357 110 29 friare
866 2355 241 36 prisbildning
1133 2358 45 27 än
1204 2356 65 29 den
1295 2355 219 32 nuvarande,
1536 2364 84 20 vars

117 2421 139 20 normer
285 2410 171 34 reglerats
488 2409 108 30 under
625 2409 102 33 tider,
757 2409 41 29 då
832 2408 244 34 järnvägarna
1109 2406 178 35 praktiskt
1319 2407 92 33 taget
1447 2405 173 31 innehade

119 2463 157 34 monopol
302 2464 38 33 på
368 2461 68 30 alla
466 2461 228 35 transporter.
