1914 2778
287 129 41 31 56
676 129 253 28 Statsutskottets
953 130 161 28 utlåtande
1136 139 40 19 nr
1198 131 18 27 5
1237 131 37 28 år
1296 132 75 29 1960

607 209 58 29 HI.
691 211 51 28 att
761 209 178 31 motionen
960 210 45 30 II:
1021 210 62 31 442
1104 211 77 30 icke
1202 212 57 30 må
1278 212 140 31 bifallas
1439 223 42 20 av
1500 213 203 42 riksdagen;

607 262 56 29 IV.
688 264 51 28 att
769 263 219 31 motionerna
1017 264 45 30 II:
1079 264 60 30 341
1172 267 91 29 samt
1293 266 29 29 I:
1338 266 63 30 247
1432 267 66 29 och
1526 267 45 30 II:
1587 267 73 36 306,
1692 268 78 31 sist-

552 316 156 30 nämnda
727 316 107 40 bägge
857 317 172 30 motioner
1050 318 11 30 i
1082 318 67 30 vad
1171 319 42 29 de
1235 319 101 31 berör
1359 320 411 40 avlöningsförmånerna

551 368 56 30 för
631 368 241 32 föreståndare
898 370 66 30 och
989 371 244 36 arbetsledare,
1259 372 77 31 icke
1362 373 58 30 må
1444 373 140 32 bifallas
1611 384 42 20 av
1679 375 90 30 riks-

551 421 126 40 dagen;

606 474 39 30 V.
671 476 51 29 att
742 476 219 30 motionerna
981 477 29 30 I:
1026 477 63 30 247
1110 478 66 30 och
1196 478 46 30 II:
1258 478 73 36 306,
1352 480 12 29 i
1384 480 66 30 vad
1471 480 41 31 de
1532 480 102 32 berör
1654 481 115 31 läkar-

551 528 136 35 arvode,
706 529 77 30 icke
801 529 57 30 må
874 529 140 31 bifallas
1034 540 41 20 av
1093 531 199 41 riksdagen.

338 633 96 34 60:0)
464 635 131 41 Bidrag
614 636 55 31 till
688 636 134 32 driften
841 649 42 19 av
902 638 206 31 verkstäder
1126 639 60 31 för
1206 639 286 42 handikappade.
1514 641 127 39 Kungl.
1662 641 107 40 Maj:t

283 686 63 31 har
375 686 131 41 (punkt
531 687 51 35 78,
607 697 26 21 s.
660 688 80 35 155)
769 689 179 41 föreslagit
971 690 189 40 riksdagen
1185 693 51 29 att
1260 692 53 30 till
1337 692 128 41 Bidrag
1490 694 52 30 till
1568 694 132 31 driften
1726 702 43 21 av

280 740 205 31 verkstäder
516 740 55 31 för
603 741 272 42 handikappade
908 743 56 30 för
996 743 205 41 budgetåret
1226 745 137 32 1960/61
1389 747 121 30 anvisa
1532 749 49 29 ett
1603 748 165 40 förslags-

283 793 121 40 anslag
423 803 44 21 av
488 794 94 30 1600
595 794 64 31 000
679 795 140 30 kronor.

336 882 111 40 Något
466 883 122 40 anslag
607 884 80 30 med
707 884 114 31 denna
840 885 209 41 beteckning
1069 886 116 31 finnes
1205 888 73 29 inte
1299 888 145 40 uppfört
1463 890 12 29 i
1496 889 161 41 gällande
1677 890 90 29 riks-

282 937 79 28 stat.

335 989 415 40 Departementschefens
769 992 208 41 motivering
995 993 56 30 för
1069 994 157 40 anslaget
1245 995 65 30 har
1328 995 192 32 redovisats
1540 997 113 30 under
1672 997 95 30 näst-

282 1042 208 40 föregående
514 1044 125 39 punkt.

334 1131 14 30 I
370 1132 59 30 två
451 1132 226 40 likalydande
700 1134 182 35 motioner,
906 1136 125 30 väckta
1055 1135 68 31 den
1146 1146 66 21 ena
1235 1138 96 30 inom
1355 1138 112 31 första
1491 1139 208 31 kammaren
1724 1148 43 21 av

280 1184 57 31 fru
361 1185 245 31 Wallentheim
628 1196 47 20 m.
696 1187 39 40 fl.
763 1187 46 34 (I:
827 1188 78 35 162)
933 1189 65 30 och
1020 1189 67 30 den
1109 1190 111 30 andra
1241 1191 97 30 inom
1360 1192 111 30 andra
1492 1193 209 30 kammaren
1723 1202 43 21 av

277 1238 125 31 fröken
431 1239 143 31 Sandell
604 1241 66 29 och
702 1241 81 30 herr
812 1242 199 31 Adamsson
1047 1244 63 33 (II:
1127 1244 96 35 218),
1255 1245 65 30 har
1351 1245 208 36 hemställts,
1592 1249 52 28 att
1675 1248 90 29 riks-

278 1292 110 39 dagen
413 1293 109 30 måtte
548 1294 73 29 dels
648 1294 53 30 till
727 1294 122 41 bidrag
875 1296 53 29 till
954 1296 132 30 driften
1113 1307 43 20 av
1181 1298 204 31 verkstäder
1412 1299 54 30 för
1492 1300 272 41 handikappade

280 1346 121 29 anvisa
420 1348 49 28 ett
488 1346 275 42 förslagsanslag
782 1358 43 20 av
845 1348 95 30 1600
954 1348 63 31 000
1038 1350 141 35 kronor,
1200 1350 74 31 dels
1294 1352 65 30 ock
1380 1352 52 30 till
1454 1353 312 40 stimulansbidrag

280 1399 51 29 till
353 1399 195 40 företagare
570 1400 55 31 för
647 1401 87 30 drift
754 1411 43 20 av
816 1402 243 40 halvskyddad
1082 1404 224 31 verksamhet
1328 1405 46 40 på
1396 1405 220 33 föreskrivna
1638 1407 128 31 villkor

279 1452 56 30 för
350 1452 206 41 budgetåret
575 1453 138 33 1960/61
736 1455 121 30 anvisa
876 1455 63 31 200
954 1456 63 30 000
1036 1457 142 30 kronor.

333 1506 228 31 Beträffande
577 1508 254 40 motiveringen
848 1509 55 30 för
918 1510 174 39 yrkandet
1108 1511 169 31 hänvisar
1292 1513 262 31 motionärerna
1571 1514 52 31 till
1641 1515 124 30 motio-

279 1568 67 21 nen
371 1559 29 31 I:
418 1559 73 31 161.

322 1649 185 31 Utskottet.
522 1650 117 31 Under
654 1651 219 40 åberopande
886 1662 44 20 av
943 1653 67 30 vad
1024 1654 172 30 utskottet
1211 1655 119 30 anfört
1344 1657 111 29 under
1471 1657 292 41 nästföregående

277 1703 114 39 punkt
407 1703 55 30 får
480 1704 170 31 utskottet
667 1705 80 30 med
765 1705 245 40 tillstyrkande
1027 1716 43 21 av
1086 1708 127 40 Kungl.
1231 1708 124 40 Maj:ts
1373 1709 131 41 förslag
1520 1710 198 35 hemställa,

597 1758 24 29 I.
647 1760 51 28 att
724 1759 187 41 riksdagen
938 1760 57 30 må
1021 1761 53 30 till
1099 1761 129 40 Bidrag
1255 1762 53 30 till
1332 1763 130 40 driften
1489 1773 42 21 av
1558 1764 204 31 verkstäder

542 1810 56 40 för
618 1810 271 42 handikappade
912 1813 55 31 för
988 1814 205 40 budgetåret
1218 1815 138 37 1960/61
1382 1817 122 30 anvisa
1526 1819 48 29 ett
1597 1818 165 41 förslags-

544 1865 121 40 anslag
685 1874 43 21 av
748 1866 14 29 1
780 1866 61 30 600
856 1866 63 30 000
940 1867 145 36 kronor;

598 1918 41 29 II.
665 1920 51 28 att
743 1919 218 31 motionerna
987 1920 29 30 I:
1035 1921 60 30 162
1123 1922 65 29 och
1215 1922 45 30 II:
1277 1922 63 30 218
1366 1923 76 30 icke
1469 1924 57 30 må
1551 1924 141 32 bifallas
1720 1935 42 21 av

542 1971 199 40 riksdagen.

330 2076 97 34 61:0)
456 2078 201 32 Understöd
678 2080 35 30 åt
735 2080 194 41 flyktingar
949 2092 47 20 m.
1010 2093 47 20 m.
1081 2081 14 29 I
1117 2081 155 41 enlighet
1293 2083 79 30 med
1394 2083 126 41 Kungl.
1544 2085 125 40 Maj:ts
1692 2086 70 30 för-

275 2128 74 41 slag
374 2129 132 40 (punkt
528 2130 50 35 80,
602 2139 25 22 s.
653 2131 204 36 157—159),
880 2134 109 29 vilket
1010 2134 147 31 innebär
1180 2137 52 28 att
1254 2136 157 41 anslaget
1435 2138 130 30 räknas
1590 2140 67 29 ned
1680 2140 80 30 med

275 2182 62 30 500
352 2182 62 31 000
434 2183 130 31 kronor
583 2184 45 40 på
648 2186 114 38 grund
782 2195 42 20 av
843 2188 51 28 att
913 2187 94 30 vissa
1026 2188 193 31 kostnader
1238 2189 54 31 för
1312 2191 223 41 omskolning
1556 2192 65 30 och
1640 2193 121 39 yrkes-

274 2235 200 42 utbildning
491 2247 43 20 av
552 2237 203 41 flyktingar,
774 2239 94 31 vilka
886 2241 190 30 kostnader
1094 2242 171 31 bestrides
1286 2243 80 31 från
1386 2245 166 40 anslaget,
1572 2245 11 30 i
1603 2246 158 31 fortsätt-

274 2289 128 40 ningen
424 2290 148 31 föreslås
593 2291 135 31 belasta
750 2293 156 40 anslaget
929 2294 52 30 till
1005 2295 197 31 Kostnader
1225 2297 55 30 för
1302 2298 294 32 arbetslöshetens
1619 2300 142 31 bekäm-

274 2343 113 39 pande
408 2353 45 20 m.
468 2353 56 26 m.,
545 2345 203 31 hemställer
769 2347 181 35 utskottet,

593 2400 52 28 att
674 2399 187 41 riksdagen
892 2401 59 30 må
981 2402 52 29 till
1064 2403 198 30 Understöd
1291 2404 36 31 åt
1354 2404 195 41 flyktingar
1578 2416 106 21 m.m.
1704 2407 55 31 för

537 2451 207 41 budgetåret
764 2453 137 32 1960/61
923 2455 121 30 anvisa
1064 2457 48 29 ett
1130 2456 276 42 förslagsanslag
1424 2468 43 21 av
1486 2459 18 30 3
1519 2459 63 31 500
1597 2460 63 30 000
1678 2461 81 30 kro-

538 2514 74 22 nor.
