1912 2784
513 149 253 28 Statsutskottets
790 147 161 28 utlåtande
973 155 39 18 nr
1035 147 16 26 5
1074 146 36 28 år
1132 145 76 29 1960
1568 147 39 30 67

176 231 98 33 69:0)
304 231 349 40 Försäkringsrådet:
686 229 273 32 Omkostnader.
992 227 12 29 I
1035 226 152 39 enlighet
1218 225 79 30 med
1328 225 126 39 Kungl.
1485 224 123 39 Maj:ts

124 284 131 40 förslag
288 284 130 40 (punkt
448 283 72 34 101,
549 291 25 21 s.
603 281 96 35 234),
727 281 108 30 vilket
862 280 146 30 innebär
1036 279 215 30 oförändrad
1279 277 330 40 medelsanvisning,

124 337 202 31 hemställer
346 337 182 34 utskottet,

445 392 51 28 att
521 390 188 39 riksdagen
734 389 57 29 må
816 388 51 30 till
893 386 348 40 Försäkringsrådet:
1272 385 258 31 Omkostnader
1556 385 54 30 för

390 443 205 40 budgetåret
614 441 139 32 1960/61
774 442 119 30 anvisa
913 443 48 28 ett
980 440 273 40 förslagsanslag
1272 449 43 20 av
1332 439 40 31 32
1389 438 61 31 100
1469 439 140 29 kronor.

178 570 98 34 70:0)
306 569 504 41 Riksförsäkringsanstalten:
838 568 228 39 Avlöningar.
1095 565 126 39 Kungl.
1250 564 106 40 Maj:t
1384 565 64 29 har
1481 564 131 40 (punkt

127 623 72 35 102,
229 633 26 20 s.
283 622 192 35 235--252)
508 621 180 40 föreslagit
715 621 188 39 riksdagen
932 621 50 28 att
1011 619 73 30 dels
1112 618 212 39 bemyndiga
1351 617 126 40 Kungl.
1506 617 107 39 Maj:t

126 679 51 28 att
204 677 140 39 vidtaga
374 677 41 30 de
445 675 189 39 ändringar
664 675 11 29 i
705 673 435 41 personalförteckningen
1169 672 55 30 för
1253 671 360 39 riksförsäkringsan-

126 731 138 34 slalten,
286 739 74 21 som
381 729 199 31 föranledes
600 738 41 20 av
660 729 68 29 vad
747 726 387 41 departementschefen
1154 725 168 34 förordat,
1344 725 74 30 dels
1438 724 175 30 fastställa

126 793 42 21 av
186 783 388 41 departementschefen
593 782 166 30 förordad
778 781 255 39 avlöningsstat
1052 780 55 30 för
1127 778 485 40 riksförsäkringsanstalten,

127 840 51 28 att
204 838 178 39 tillämpas
408 837 72 30 tills
506 836 119 30 vidare
652 835 41 30 fr.
709 844 29 20 o.
753 844 45 20 m.
825 834 205 39 budgetåret
1059 833 151 34 1960/61,
1238 833 73 30 dels
1340 832 66 30 ock
1433 832 52 30 till
1513 832 101 30 Riks-

126 890 414 40 försäkringsanstalten:
560 889 213 39 Avlöningar
791 888 54 29 för
861 887 206 40 budgetåret
1085 886 139 32 1960/61
1245 886 121 30 anvisa
1384 888 49 28 ett
1449 885 165 40 förslags-

126 945 121 39 anslag
265 954 42 20 av
325 944 19 30 8
359 944 62 30 056
436 943 63 31 600
516 944 141 29 kronor.

182 1035 168 39 Anslaget
366 1035 38 29 är
421 1034 11 29 i
451 1033 159 40 gällande
628 1033 148 29 riksstat
793 1031 145 40 uppfört
955 1031 80 29 med
1054 1030 96 29 8538
1164 1029 63 30 300
1246 1030 141 29 kronor.

182 1089 77 29 Den
277 1087 207 40 utvidgning
501 1096 43 20 av
561 1084 493 40 riksförsäkringsanstaltens
1075 1083 261 30 arbetsområde
1356 1091 75 21 som
1450 1082 105 40 följer
1573 1091 42 21 av

127 1143 52 28 att
198 1141 176 31 anstalten
394 1140 108 40 enligt
524 1140 237 30 förordnande
784 1148 41 20 av
846 1138 125 39 Kungl.
994 1137 106 40 Maj:t
1120 1137 100 29 blivit
1242 1136 372 41 pensionsmyndighet

127 1195 108 40 enligt
257 1195 102 40 lagen
381 1204 59 20 om
462 1194 201 39 försäkring
686 1193 56 30 för
766 1192 130 30 allmän
920 1191 288 40 tilläggspension
1233 1190 233 30 aktualiserar
1490 1189 124 41 frågan

127 1258 57 21 om
205 1258 44 21 en
271 1247 381 40 souschefsbefattning
671 1247 98 29 inom
792 1245 266 31 ämbetsverket.
1082 1244 395 40 Departementschefen
1502 1252 112 26 anser,

128 1304 51 29 att
196 1302 176 30 anstalten
387 1302 12 29 i
416 1302 65 29 och
498 1301 54 30 för
571 1301 50 39 sig
639 1300 119 30 anfört
773 1300 156 39 vägande
948 1299 76 29 skäl
1042 1298 55 30 för
1115 1300 51 28 att
1183 1307 43 20 en
1243 1297 372 40 överdirektörstjänst

128 1357 160 30 inrättas.
309 1355 204 30 Emellertid
534 1356 38 29 är
593 1354 125 40 frågan
739 1363 57 20 om
817 1354 67 29 den
904 1352 162 30 blivande
1088 1352 154 30 centrala
1265 1351 285 40 organisationen
1571 1351 45 40 på

129 1409 374 39 socialförsäkringens
526 1408 141 30 område
689 1408 112 29 under
823 1407 198 38 utredning.
1044 1407 64 28 Det
1131 1415 103 30 synes
1256 1406 112 29 under
1392 1405 132 30 sådana
1546 1404 70 31 för-

128 1463 190 31 hållanden
334 1463 31 39 ej
383 1462 160 40 lämpligt
560 1463 50 28 att
627 1470 47 20 nu
690 1461 132 29 inrätta
838 1460 115 39 någon
968 1460 209 39 permanent
1193 1459 122 39 tjänst.
1334 1459 283 39 Departements-

128 1517 126 30 chefen
277 1516 157 34 föreslår,
458 1517 51 28 att
531 1514 310 39 souschefsfrågan
863 1513 70 30 tills
955 1513 118 30 vidare
1096 1512 55 30 får
1174 1522 43 20 en
1239 1512 217 40 provisorisk
1478 1512 138 39 lösning

129 1579 125 31 genom
273 1570 201 30 inrättande
494 1578 43 20 av
556 1570 47 28 ett
623 1567 237 31 förordnande
881 1569 50 28 att
950 1567 154 29 bestrida
1125 1566 165 39 göromål,
1314 1575 75 20 som
1411 1566 205 29 ankommer

128 1624 45 40 på
190 1624 240 30 överdirektör
448 1623 10 29 i
477 1624 26 28 B
517 1622 30 30 4.

184 1676 397 42 Departementschefen
606 1676 160 29 förordar
791 1675 200 29 inrättande
1016 1684 42 20 av
1083 1674 57 29 två
1164 1673 415 40 byrådirektörstjänster
1606 1673 11 29 i

130 1731 48 30 Ae
192 1730 41 30 24
254 1730 65 30 och
340 1740 43 20 en
401 1729 199 39 befattning
620 1738 75 21 som
715 1729 109 29 förste
843 1727 303 40 byråsekreterare
1166 1727 11 30 i
1198 1727 48 29 Ae
1260 1727 41 30 23
1322 1726 45 41 på
1387 1728 111 29 andra
1519 1727 98 39 sjuk-

129 1783 344 40 försäkringsbyrån.
505 1783 209 30 Nuvarande
747 1781 196 40 anordning
974 1782 79 29 med
1085 1780 457 40 1ljänstgöringsskyldighet
1573 1780 45 40 på

129 1838 112 39 byrån
264 1838 54 29 för
341 1837 347 39 befattningshavare
710 1836 64 29 hos
799 1834 320 40 försäkringsrådet
1141 1834 63 30 bör
1228 1834 162 40 upphöra
1411 1834 12 29 i
1447 1834 170 30 samband

130 1892 80 29 med
233 1892 41 29 de
297 1900 68 30 nya
387 1891 217 38 tjänsternas
627 1889 183 29 tillkomst.

186 1944 118 39 Enligt
321 1943 126 39 Kungl.
467 1943 124 39 Maj:ts
610 1942 114 30 beslut
742 1942 67 29 den
829 1942 38 29 15
887 1941 139 39 augusti
1047 1940 83 30 1959
1151 1940 57 30 må
1227 1940 53 30 för
1300 1940 178 40 uppgifter
1495 1941 12 28 i
1528 1950 89 20 sam-

130 1998 94 29 band
248 1997 79 30 med
352 1996 273 30 handhavandet
650 2004 42 21 av
716 1996 67 29 den
808 1995 179 29 allmänna
1012 1993 432 40 tilläggspensioneringen
1469 1994 64 29 hos
1558 2003 60 20 an-

131 2050 128 30 stalten
284 2050 118 30 finnas
429 2050 175 29 inrättade
632 2058 59 20 sex
721 2048 147 39 ljänster
893 2048 57 29 vid
978 2047 100 30 sidan
1103 2056 44 21 av
1173 2047 161 40 gällande
1360 2047 257 40 personalplan.

131 2104 214 39 Tjänsterna
361 2113 100 20 avser
477 2112 43 20 en
535 2102 167 40 byråchef
718 2103 11 28 i
745 2102 48 39 Bg
809 2102 27 34 1,
854 2111 43 20 en
913 2101 243 39 byrådirektör
1173 2101 10 29 i
1201 2100 50 40 Ag
1265 2100 52 35 24,
1334 2110 44 20 en
1394 2100 108 31 förste
1518 2100 100 40 byrå-

132 2157 215 30 sekreterare
370 2157 10 29 i
405 2157 50 38 Ag
469 2156 52 34 23,
545 2165 43 20 en
611 2155 175 30 kontorist
808 2155 11 29 i
844 2155 50 39 Ag
907 2154 30 34 9,
961 2156 48 27 ett
1033 2153 254 30 kanslibiträde
1310 2154 12 28 i
1346 2153 50 40 Ag
1412 2154 16 29 7
1454 2155 91 28 samt
1569 2155 48 28 ett

131 2210 136 30 biträde
284 2210 55 29 för
355 2210 110 29 skriv-
481 2210 65 29 och
562 2207 303 39 kontorsgöromål
883 2208 10 28 i
911 2208 101 38 högst
1031 2207 49 39 Ag
1094 2207 30 29 5.
1144 2207 184 29 Anstalten
1346 2206 64 30 har
1428 2207 189 39 föreslagit,

132 2264 51 28 att
210 2263 41 29 de
278 2263 154 29 nämnda
460 2262 197 38 tjänsterna
686 2261 88 29 skall
802 2260 148 30 inrättas
978 2260 115 29 såsom
1121 2261 98 28 extra
1246 2259 176 30 ordinarie
1450 2261 90 28 samt
1568 2262 51 27 att

131 2316 201 39 ytterligare
362 2317 48 28 ett
440 2315 95 29 antal
567 2314 149 39 tjänster
748 2313 89 29 skall
868 2313 148 29 inrättas
1046 2313 55 29 för
1130 2312 269 39 ifrågavarande
1430 2312 188 40 uppgifter.

132 2367 396 41 Departementschefen
555 2376 112 25 anser,
694 2368 50 27 att
771 2366 196 39 tjänsterna
993 2366 153 38 alltjämt
1172 2365 61 30 bör
1259 2375 84 20 vara
1368 2368 107 27 extra.
1503 2366 116 29 Under

134 2422 235 29 innevarande
385 2420 170 39 budgetår
573 2420 169 29 bestrides
759 2419 237 30 kostnaderna
1014 2419 54 29 för
1084 2418 269 40 ifrågavarande
1371 2419 149 39 tjänster
1540 2419 78 29 från

133 2474 391 38 reservationsanslaget
553 2473 49 29 till
632 2473 263 29 Förberedelser
923 2472 54 29 för
1003 2472 355 39 pensionsreformen.
1386 2473 66 29 För
1478 2472 142 30 kostna-
