1922 2782
528 135 253 28 Statsutskottets
806 133 161 28 utlåtande
989 141 40 19 nr
1052 133 16 26 5
1091 132 37 27 år
1150 132 75 28 1960
1585 133 41 30 83

196 217 177 30 Utskottet
399 226 101 20 anser
525 216 44 39 ej,
596 217 50 28 att
670 215 66 30 vad
763 214 261 30 motionärerna
1050 213 117 30 anfört
1193 213 102 38 utgör
1322 212 76 29 skäl
1425 213 49 28 att
1500 210 125 39 frångå

142 271 125 39 Kungl.
287 271 124 38 Maj:ts
430 270 140 38 förslag.
591 268 218 30 Motionerna
829 267 182 39 avstyrkes
1031 266 130 30 därför.

197 324 177 30 Utskottet
395 323 54 30 får
469 323 79 29 med
568 321 247 40 tillstyrkande
837 330 41 20 av
899 320 125 39 Kungl.
1046 319 124 40 Maj:ts
1192 319 131 39 förslag
1344 318 196 34 hemställa,

464 379 50 27 att
532 376 187 39 riksdagen
737 375 57 29 må
813 374 79 30 med
909 373 100 30 bifall
1028 373 52 30 till
1099 372 126 39 Kungl.
1244 371 124 40 Maj:ts
1387 371 131 39 förslag
1537 372 90 28 samt

411 430 77 30 med
516 430 117 39 avslag
661 429 20 29 å
709 428 219 30 motionerna
957 427 28 29 1:
1004 427 58 29 151
1094 426 64 30 och
1186 426 46 29 II:
1250 425 61 30 183
1339 425 54 30 till
1420 423 128 41 Bidrag
1577 423 51 30 till

411 482 377 30 utlandssvenskarnas
819 480 162 41 förening
1011 480 55 30 för
1097 479 204 40 budgetåret
1334 478 139 36 1960/61
1508 478 121 29 anvisa

411 539 48 28 ett
478 537 121 39 anslag
619 545 41 21 av
679 536 40 29 25
735 535 63 30 000
818 535 140 29 kronor.

197 699 98 33 92:0)
324 699 236 31 Kommittéer
582 698 66 31 och
672 697 233 39 utredningar
927 706 130 30 genom
1079 695 235 39 sakkunniga.
1339 693 12 29 I
1374 692 152 39 enlighet
1550 691 79 30 med

145 753 126 39 Kungl.
294 752 124 39 Maj:ts
442 751 130 39 förslag
600 750 130 40 (punkt
755 749 72 35 129,
852 759 26 20 s.
902 748 63 30 290
988 748 65 30 och
1077 747 96 34 291),
1195 747 108 30 vilket
1325 746 147 30 innebär
1496 747 50 28 att
1569 754 59 20 an-

145 807 109 39 slaget
276 806 79 30 med
376 806 138 38 hänsyn
536 804 53 30 till
609 803 244 39 belastningen
876 802 64 29 och
963 802 53 30 till
1039 801 176 30 storleken
1238 810 42 20 av
1302 799 259 31 reservationen
1584 798 45 40 på

146 860 156 39 anslaget
322 859 157 30 minskas
501 858 78 29 med
602 857 61 30 150
678 856 62 30 000
762 857 141 33 kronor,
924 855 203 30 hemställer
1148 854 181 34 utskottet,

465 914 50 27 att
539 911 187 39 riksdagen
751 910 58 30 må
832 910 53 29 till
909 908 231 30 Kommittéer
1164 907 63 30 och
1254 906 227 39 utredningar
1505 914 123 31 genom

412 964 222 39 sakkunniga
663 964 55 30 för
746 963 206 40 budgetåret
983 961 140 36 1960/61
1155 961 122 30 anvisa
1306 962 49 29 ett
1383 960 247 30 reservations-

414 1019 121 39 anslag
556 1027 41 21 av
619 1017 62 30 850
696 1017 62 30 000
781 1017 141 29 kronor.

201 1172 98 33 93:0)
328 1172 108 31 Extra
456 1171 157 41 utgifter.
637 1170 13 28 I
672 1169 153 39 enlighet
847 1168 80 29 med
950 1166 126 40 Kungl.
1099 1166 124 40 Maj:ts
1246 1165 131 40 förslag
1406 1165 129 40 (punkt
1560 1164 72 34 130,

149 1235 25 20 s.
194 1225 96 34 291),
310 1225 108 29 vilket
437 1224 145 30 innebär
603 1222 214 31 oförändrad
837 1220 329 40 medelsanvisning,
1187 1219 203 30 hemställer
1410 1219 180 33 utskottet,

470 1279 50 28 att
539 1277 188 39 riksdagen
747 1276 58 29 må
824 1276 53 29 till
896 1275 108 29 Extra
1026 1273 142 40 utgifter
1189 1273 55 30 för
1263 1272 205 40 budgetåret
1490 1271 139 36 1960/61

416 1331 119 30 anvisa
555 1332 48 28 ett
622 1329 358 38 reservationsanslag
999 1337 42 20 av
1062 1327 39 30 70
1116 1326 62 30 000
1198 1327 141 29 kronor.

673 1492 257 56 Uppskjutna
961 1490 132 56 frågor

200 1608 99 34 94:0)
329 1608 176 30 Utskottet
521 1607 159 29 kommer
697 1605 188 30 framdeles
903 1606 50 28 att
970 1611 84 32 avge
1070 1602 180 30 utlåtande
1267 1601 222 30 beträffande
1506 1600 129 30 nedan-

150 1662 164 34 nämnda,
334 1671 42 20 av
392 1661 126 39 Kungl.
537 1660 105 39 Maj:t
660 1659 110 30 under
790 1658 157 40 följande
964 1657 154 40 punkter
1136 1655 223 31 framställda
1377 1655 140 39 förslag,
1537 1655 97 29 näm-

151 1716 91 38 ligen

205 1769 160 39 punkten
390 1768 57 29 22:
474 1767 188 30 Allmänna
685 1765 228 39 barnbidrag;

206 1822 160 39 punkten
391 1821 56 29 23:
474 1820 205 38 Ersättning
693 1819 53 30 till
762 1818 200 40 postverket
979 1818 54 29 för
1049 1816 218 39 utbetalning
1284 1825 40 20 av
1341 1816 178 29 allmänna
1534 1815 102 29 barn-

151 1876 137 38 bidrag;

207 1928 159 40 punkten
392 1927 55 30 36:
476 1927 137 30 Statens
634 1925 117 30 skolor
770 1924 211 31 tillhörande
1000 1924 125 28 barna-
1144 1922 64 30 och
1229 1921 320 40 ungdomsvården:
1572 1921 64 29 Av-

153 1982 175 39 löningar;

208 2035 160 39 punkten
394 2034 55 29 37:
478 2034 136 29 Statens
632 2032 117 30 skolor
766 2031 211 30 tillhörande
994 2030 124 29 barna-
1135 2029 64 29 och
1216 2028 320 40 ungdomsvården:
1557 2027 81 30 Om-

154 2088 205 34 kostnader;

209 2141 160 40 punkten
394 2140 56 29 38:
479 2140 136 29 Statens
636 2139 116 29 skolor
772 2137 211 30 tillhörande
1002 2137 124 29 barna-
1145 2135 64 30 och
1229 2134 321 40 ungdomsvården:
1572 2134 66 29 En-

155 2193 341 41 gångsanskaffning
515 2201 42 20 av
575 2191 212 31 inventarier
807 2200 45 19 m.
867 2199 60 25 m.;

210 2247 159 39 punkten
395 2246 55 29 39:
479 2246 137 29 Statens
637 2244 116 29 skolor
772 2243 211 30 tillhörande
1002 2242 124 29 barna-
1146 2241 64 29 och
1229 2240 321 40 ungdomsvården:
1572 2240 67 28 An-

155 2300 180 29 ordnande
355 2299 64 29 och
438 2298 85 29 drift
542 2306 42 20 av
602 2296 238 40 provisoriska
860 2295 276 38 förläggningar;

211 2352 159 40 punkten
395 2351 56 29 40:
479 2350 203 38 Utbildning
709 2358 40 20 av
775 2348 160 40 personal
962 2347 57 30 vid
1047 2347 117 29 skolor
1190 2346 210 30 tillhörande
1425 2346 124 28 barna-
1576 2345 63 29 och

157 2405 319 40 ungdomsvården;

211 2459 158 39 punkten
396 2457 56 29 41:
479 2456 127 39 Bidrag
631 2456 50 29 till
708 2455 200 29 inrättande
934 2463 40 20 av
1001 2452 368 40 inackorderingshem
1396 2461 44 20 m.
1455 2461 60 25 m.;
