1924 2776
283 145 19 29 8
675 144 253 28 Statsutskottets
951 144 162 28 utlåtande
1134 154 42 19 nr
1197 146 17 27 5
1235 145 38 28 år
1294 146 76 29 1960

548 223 30 29 5.
603 223 276 40 Kompensation
894 224 56 30 för
964 224 110 40 höjda
1089 225 404 41 folkpensionsavgifter,
1509 227 71 40 för-

600 276 147 39 SlAGSVÅS
787 300 788 10 ooeoeeeeeeererreenrrenrrerr
1174 272 35 50 ser
1214 272 39 50 rar
1258 272 38 50 rer
1302 272 26 50 rr
1333 272 38 50 rer
1380 272 38 50 ers
1424 272 51 50 ert
1480 272 26 50 tr
1511 272 67 50 rerna
1649 282 15 29 1
1680 282 64 29 800

1282 342 145 30 Summa
1451 342 130 31 kronor
1606 343 62 31 205
1686 344 76 34 100;

600 436 35 33 c)
665 436 52 30 till
734 436 340 32 Arbetsdomstolen:
1093 438 215 41 Avlöningar
1326 439 55 31 för
1398 439 205 41 budgetåret
1624 441 138 30 1960/61

549 489 123 30 anvisa
687 491 49 28 ett
751 490 274 41 förslagsanslag
1041 500 44 21 av
1101 492 63 30 205
1181 492 61 30 100
1258 493 142 30 kronor.

338 647 96 34 10:0)
462 649 345 33 Arbetsdomstolen:
840 652 273 32 Omkostnader,
1146 652 14 29 I
1190 653 153 39 enlighet
1373 653 80 30 med
1484 654 126 40 Kungl.
1642 655 124 39 Maj:ts

280 699 131 41 förslag
451 701 130 40 (punkt
619 702 50 34 10,
696 712 25 20 s.
749 702 72 35 19),
856 704 108 30 vilket
1000 705 147 30 innebär
1183 705 215 31 oförändrad
1435 706 330 40 medelsanvisning,

280 753 203 31 hemställer
505 755 183 35 utskottet,

600 820 51 27 att
675 818 188 40 riksdagen
887 819 58 30 må
969 820 53 30 till
1045 820 342 32 Arbetsdomstolen:
1426 821 259 32 Omkostnader
1711 823 54 30 för

544 870 206 40 budgetåret
770 871 137 32 1960/61
928 873 121 30 anvisa
1067 876 49 28 ett
1134 874 275 41 förslagsanslag
1426 885 42 20 av
1488 876 37 30 17
1543 876 61 30 100
1623 876 142 30 kronor.

336 1029 96 34 11:0)
464 1031 311 41 Förlikningsmän
801 1033 59 31 för
885 1034 158 41 medling
1068 1037 13 28 i
1108 1035 241 32 arbetstvister
1373 1047 47 21 m.
1436 1048 65 20 m.:
1529 1038 234 41 Avlöningar.

281 1082 13 29 I
328 1082 154 40 enlighet
514 1084 80 30 med
628 1085 126 39 Kungl.
790 1085 124 40 Maj:ts
949 1086 132 40 förslag
1108 1087 132 40 (punkt
1264 1089 50 34 11,
1340 1098 26 20 s.
1392 1089 72 35 19),
1487 1090 110 30 vilket
1618 1091 148 30 innebär

281 1145 43 20 en
342 1136 205 40 minskning
565 1146 43 21 av
625 1138 156 40 anslaget
800 1139 78 30 med
898 1139 40 30 85
953 1139 62 30 000
1035 1141 140 35 kronor,
1195 1142 203 30 hemställer
1417 1143 180 35 utskottet,

599 1202 51 28 att
669 1200 188 41 riksdagen
876 1202 58 29 må
953 1202 52 30 till
1023 1202 311 41 Förlikningsmän
1353 1205 57 39 för
1429 1205 155 40 medling
1604 1206 12 29 i
1634 1206 132 30 arbets-

548 1253 121 30 tvister
682 1263 46 20 m.
742 1263 63 20 m.:
820 1255 215 39 Avlöningar
1049 1256 56 30 för
1118 1257 206 39 budgetåret
1340 1258 138 32 1960/61
1497 1259 124 30 anvisa
1634 1261 49 29 ett
1698 1260 70 31 för-

545 1307 216 40 slagsanslag
781 1317 42 21 av
845 1308 60 30 150
919 1308 63 30 000
1002 1309 141 30 kronor.

335 1464 96 35 12:0)
460 1466 312 41 Förlikningsmän
791 1469 60 31 för
871 1470 159 40 medling
1048 1473 13 28 i
1080 1471 240 32 arbetstvister
1339 1483 48 20 m.
1402 1484 66 20 m.:
1490 1473 274 33 Omkostnader.

281 1518 13 29 I
316 1518 153 40 enlighet
492 1520 78 29 med
592 1520 127 40 Kungl.
740 1521 124 39 Maj:ts
887 1522 131 40 förslag
1046 1522 131 40 (punkt
1201 1524 50 34 12,
1274 1533 26 21 s.
1324 1524 75 35 20),
1422 1526 108 30 vilket
1552 1526 147 31 innebär
1721 1536 43 21 en

281 1571 78 30 med
382 1572 39 29 15
435 1571 63 30 000
520 1573 130 29 kronor
670 1574 164 30 minskad
856 1575 329 42 medelsanvisning,
1208 1577 204 31 hemställer
1433 1579 180 35 utskottet,

600 1637 51 28 att
670 1636 186 40 riksdagen
876 1637 58 30 må
952 1638 52 29 till
1023 1637 310 41 Förlikningsmän
1353 1639 57 40 för
1429 1640 154 41 medling
1604 1642 12 29 i
1634 1642 132 30 arbets-

547 1688 120 30 tvister
686 1698 45 20 m.
750 1698 63 21 m.:
834 1690 259 31 Omkostnader
1112 1691 56 31 för
1185 1692 207 40 budgetåret
1414 1693 138 32 1960/61
1574 1696 123 30 anvisa
1717 1697 49 29 ett

545 1741 274 42 förslagsanslag
839 1752 43 21 av
902 1743 41 30 25
958 1743 62 31 000
1042 1745 141 30 kronor.

531 1921 267 57 Mödrahjälp,
831 1924 246 56 socialhjälp,
1111 1925 221 42 barnavård
1365 1943 55 25 m.
1455 1943 55 26 m.

336 2033 96 34 13:0)
461 2035 240 41 Mödrahjälp.
730 2035 125 40 Kungl.
882 2037 106 39 Maj:t
1014 2037 65 30 har
1112 2038 131 40 (punkt
1272 2039 51 34 13,
1350 2049 26 20 s.
1404 2040 147 34 21—23)
1584 2041 181 40 föreslagit

278 2086 188 40 riksdagen
491 2089 51 28 att
567 2088 52 29 till
646 2088 222 42 Mödrahjälp
895 2089 55 31 för
975 2090 206 40 budgetåret
1210 2091 138 32 1960/61
1377 2093 122 30 anvisa
1525 2096 49 29 ett
1600 2094 166 40 förslags-

278 2139 121 40 anslag
421 2149 44 21 av
486 2140 19 30 6
519 2140 63 30 000
596 2140 64 31 000
683 2142 140 30 kronor.

333 2246 167 41 Anslaget
523 2249 39 29 är
584 2248 11 30 i
619 2248 161 40 gällande
804 2249 146 31 riksstat
973 2251 145 39 uppfört
1141 2252 82 30 med
1246 2252 19 30 5
1280 2252 63 31 500
1358 2252 63 31 000
1446 2253 141 30 kronor.

333 2308 267 41 Föredragande
624 2310 189 31 statsrådet
837 2311 177 31 redovisar
1038 2315 49 28 ett
1111 2323 44 20 av
1180 2313 83 31 1958
1289 2315 56 30 års
1369 2315 397 41 besparingsutredning

278 2360 166 42 framlagt
467 2362 132 41 förslag
621 2363 180 40 angående
823 2364 269 42 mödrahjälpen
1115 2367 111 39 jämte
1250 2368 316 40 remissyttranden
1589 2371 83 30 över
1696 2371 70 30 för-

279 2414 119 40 slaget.

332 2468 67 30 Vid
419 2470 166 30 anmälan
604 2479 44 21 av
665 2470 268 40 ifrågavarande
953 2473 121 39 anslag
1095 2473 56 30 för
1169 2473 238 32 innevarande
1426 2475 171 40 budgetår
1617 2477 148 30 anförde
