1887 2835
255 194 19 29 4
561 189 120 32 Andra
700 187 244 42 lagutskottets
966 184 179 38 utlåtande
1163 193 44 21 nr
1226 183 41 31 40
1287 184 39 30 år
1346 183 84 30 1969

301 275 36 35 3)
363 275 14 29 I
398 273 178 31 motionen
596 272 48 30 II:
683 270 61 30 1116
766 268 193 32 framställs
979 269 53 29 tre
1051 265 194 43 yrkanden.
1267 265 67 30 För
1355 264 57 30 det
1433 263 112 31 första
1564 262 108 41 yrkas
1693 262 51 29 att

255 330 191 47 riksdagen
467 328 89 37 skall
580 329 83 39 anta
686 326 57 30 det
767 323 196 41 framlagda
986 322 224 41 lagförslaget
1233 320 79 30 med
1337 328 135 22 samma
1496 317 149 40 ändring
1670 325 74 21 som

257 385 160 33 förordas
441 374 108 48 enligt
564 374 251 47 redogörelsen
839 378 111 31 under
975 378 36 33 2)
1040 377 12 30 i
1075 376 179 31 motionen
1278 375 46 29 I1:
1342 374 93 30 1087.
1460 373 68 30 För
1552 372 57 30 det
1633 370 110 31 andra

253 428 121 58 yrkas.
388 440 73 36 »att
484 437 189 39 riksdagen
698 435 12 30 i
735 434 165 31 skrivelse
926 432 53 31 till
1005 431 126 40 Kungl.
1157 430 107 40 Maj:t
1288 428 202 31 hemställer
1516 428 51 29 att
1592 426 152 39 tillämp-

256 482 333 59 ningsföreskrifter
604 490 107 40 måtte
733 488 160 31 utfärdas
916 496 75 21 som
1013 494 58 33 ger
1092 485 100 30 klara
1212 482 178 41 riktlinjer
1411 482 55 30 för
1486 480 257 39 bedömningen

256 547 43 34 av
320 548 64 47 när
407 536 277 57 förvärvsarbete
708 544 88 30 skall
819 551 102 22 anses
944 540 167 40 föreligga
1133 540 11 29 i
1168 538 170 31 samband
1359 536 80 31 med
1460 534 283 40 havandeskaps-

256 589 174 61 ledighet,
432 590 53 41 då
508 592 157 40 kvinnan
687 598 64 30 har
775 593 362 44 förtroendeuppdrag
1160 594 82 30 eller
1265 592 111 31 andra
1398 590 137 31 mindre
1558 591 185 37 extraupp-

258 658 40 36 dr
301 666 50 38 ag,
373 657 44 35 då
436 645 69 47 fria
522 644 250 51 yrkesutövare
791 651 154 31 behåller
964 647 44 33 en
1027 649 136 31 mindre
1184 648 54 30 del
1259 656 43 22 av
1322 646 59 31 sitt
1401 645 116 31 arbete
1537 643 94 31 och
1621 639 18 48 i
1654 651 89 22 sam-

257 704 93 45 band
378 702 79 39 med
485 701 231 47 fortbildning
743 707 66 30 och
835 704 352 39 vidareutbildning».
1215 703 68 30 För
1312 701 57 30 det
1396 699 113 41 tredje
1535 698 107 41 yrkas
1673 698 71 29 »att

252 755 193 58 riksdagen
473 765 12 30 i
509 763 170 51 skrivelse
707 762 53 31 till
789 761 125 40 Kungl.
944 757 107 43 Maj:t
1077 757 202 31 hemställer
1308 765 57 21 om
1394 754 131 40 förslag
1552 753 53 30 till
1634 751 110 31 sådan

256 808 156 60 ändring
427 818 43 32 av
490 802 101 64 lagen
613 811 60 36 om
692 817 130 30 allmän
843 806 206 61 försäkring
1066 815 51 28 att
1138 809 381 42 tilläggssjukpenning
1540 808 12 30 i
1574 805 169 32 samband

257 875 80 28 med
356 861 196 42 barnsbörd
571 873 71 27 kan
663 871 83 38 utgå
767 865 86 34 även
874 870 11 28 i
905 869 56 29 de
967 868 63 29 fall
1049 867 142 29 barnets
1212 865 99 30 fader
1332 863 116 31 avstår
1469 862 81 30 från
1571 861 172 30 förvärvs-

258 927 122 47 arbete
395 927 54 38 för
470 927 60 47 att,
541 924 109 43 vårda
668 924 156 30 barnet>.

295 1124 228 50 Beträffande
541 1122 54 51 "de
615 1124 88 48 skäl
734 1125 260 46 motionärerna
1025 1137 118 31 anfört
1168 1130 58 37 till
1245 1127 91 39 stöd
1367 1134 56 30 för
1454 1132 77 31 sina
1561 1130 182 42 yrkanden

259 1198 55 30 får
341 1198 181 34 utskottet,
561 1196 1 30 i
589 1196 67 30 den
684 1195 83 31 mån
794 1192 217 41 redogörelse
1039 1191 120 31 därför
1187 1190 71 30 inte
1285 1190 138 29 lämnas
1451 1187 11 29 i
1490 1186 58 30 det
1576 1184 167 41 följande,

256 1252 149 30 hänvisa
425 1251 53 30 till
500 1250 229 30 motionerna.
979 1244 72 3 oe

314 1475 131 4 Eofor
615 1468 6 9 .
652 1437 267 42 Propositionens
933 1420 243 63 huvudsakliga
1190 1429 149 33 innehåll

277 1515 38 29 '1
338 1508 263 46 propositionen
623 1510 147 31 föreslås
793 1511 51 29 att
866 1508 132 30 kvinna
1021 1507 89 30 skall
1132 1506 38 30 få
1192 1505 119 30 utföra
1333 1501 278 33 förvärvsarbete
1632 1499 113 31 under

250 1518 154 95 tillhopa
417 1567 110 40 "högst
546 1566 44 30 30
609 1565 107 40 dagar
736 1566 87 28 utan
844 1565 51 28 att
914 1563 116 29 rätten
1049 1561 54 30 till
1126 1556 378 43 tilläggssjukpenning
1524 1555 13 30 i
1556 1553 190 40 anledning

257 1626 53 27 åv
319 1621 196 31 barnsbörd
530 1618 60 32 för
611 1617 219 32 återstående
851 1615 223 41 ledighetstid
1095 1614 120 30 därför
1237 1612 60 41 går
1319 1610 165 32 förlorad.
1506 1610 14 29 I
1541 1607 205 40 anslutning

256 1676 134 31 härtill
398 1674 147 32 föreslås
567 1683 43 21 en
631 1668 302 45 kompletterande
953 1670 92 40 regel
1068 1678 76 21 som
1166 1676 98 22 avser
1285 1666 152 30 kvinnor
1458 1673 80 21 vars
1560 1663 88 30 barn
1669 1661 76 31 vår-

258 1730 63 31 das
340 1730 45 40 på
404 1729 163 40 sjukhus.
587 1728 49 29 De
656 1736 69 30 nya
742 1726 160 39 reglerna
921 1723 147 32 föreslås
1087 1722 101 31 träda
1207 1722 12 29 i
1237 1720 96 30 kraft
1353 1719 67 30 den
1442 1719 15 29 1
1478 1718 68 40 juli
1567 1716 94 31 1969.

302 1945 51 30 Av
371 1943 263 42 propositionen
653 1942 134 39 återges
805 1941 13 29 i
836 1940 57 30 det
912 1937 158 42 följande
1089 1936 124 31 endast
1230 1935 68 31 vad
1316 1932 254 41 föredragande
1589 1932 156 40 departe-

257 1998 243 31 mentschefen
526 1997 128 30 anfört.
680 1993 228 32 Beträffande
933 1991 245 40 redogörelsen
1203 1990 55 30 för
1286 1988 160 41 gällande
1471 1985 273 47 bestämmelser,

258 2051 305 41 familjepolitiska
589 2048 229 32 kommitténs
846 2047 131 39 förslag
1004 2046 66 30 och
1096 2042 337 69 semissytitendena
1461 2042 79 30 över
1568 2040 96 30 detta
1690 2038 55 31 får

259 2107 171 29 utskottet
450 2105 149 30 hänvisa
620 2104 53 30 till
694 2102 272 41 propositionen.

815 2268 371 44 Departementschefen

273 2320 294 73 Föredragande
596 2335 396 50 departementschefen,
1021 2339 189 32 statsrådet
1237 2338 156 42 Aspling,
1423 2337 101 31 anför
1552 2337 12 29 i
1590 2335 156 42 proposi-

259 2403 119 43 tionen
401 2400 173 46 följande:

276 2476 306 43 :'>Havandeskap
592 2466 15 57 '
616 2479 66 30 och
716 2477 214 39 förlossning
962 2476 146 30 innebär
1143 2475 54 30 för
1231 2483 43 21 en
1307 2474 132 29 kvinna
1473 2470 168 32 avsevärd
1674 2479 72 21 om-

257 2537 166 39 ställning
450 2544 43 21 av
521 2533 95 31 såväl
644 2532 114 41 fysisk
787 2542 74 20 som
889 2530 147 41 psykisk
1064 2531 63 29 art.
1156 2528 118 31 Under
1301 2527 97 30 tiden
1427 2526 152 30 därefter
1608 2520 136 48 medför
