2208 2622
706 196 251 32 Statsutskottets
979 194 165 33 utlåtande
1168 194 52 32 Nr
1242 197 40 27 60
1299 193 38 32 Å.
1782 191 41 30 H9

220 296 51 24 av
300 283 64 36 det
392 285 20 33 å
440 282 208 37 riksstaten
691 280 180 37 anvisade
908 280 191 49 beloppet,
1129 279 120 36 skulle
1278 277 131 37 därvid
1437 289 215 25 reserveras
1682 277 58 35 för
1767 280 55 31 att

219 339 61 32 ett
321 334 225 36 kommande
589 336 40 33 år
669 333 195 36 användas
902 332 96 37 efter
1026 344 47 24 av
1100 331 205 47 riksdagen
1335 329 46 36 då
1409 328 204 49 godkända
1641 326 179 50 grunder.

327 410 128 38 Under
483 410 238 48 åberopande
750 422 46 23 av
825 409 73 36 vad
927 409 186 35 utskottet
1142 407 157 37 sålunda
1326 407 126 36 anfört
1480 406 57 35 får
1556 405 187 36 utskottet
1759 404 63 37 be-

220 462 191 37 träffande
440 461 134 49 anslag
602 464 21 33 å
650 461 209 36 riksstaten
888 473 50 22 nu
966 458 214 48 hemställa,

728 541 55 31 att
823 535 209 49 riksdagen
1074 537 60 34 må
1175 535 58 35 för
1267 535 122 48 första
1430 533 250 47 utbyggnaden
1708 544 45 23 av
1781 544 41 22 en

624 588 234 48 kraftstation
898 587 61 36 vid
1000 586 256 48 Harsprånget
1296 585 57 36 för
1394 587 40 33 år
1479 585 94 34 1921
1609 583 132 36 anvisa
1769 588 54 30 ett

624 638 392 48 reservationsanslag
1047 651 47 23 av
1123 638 204 46 4,000,000
1356 635 152 46 kronor,
1547 640 55 31 att
1631 634 192 36 användas

625 690 122 49 enligt
774 690 68 36 här
870 703 98 23 ovan
996 688 166 50 angivna
1189 687 167 50 grunder
1385 687 70 36 och
1475 692 56 30 att
1549 688 93 46 utgå
1662 698 46 24 av
1723 685 101 36 låne-

625 742 132 37 medel.

331 845 96 48 72:0)
458 844 142 49 Kungl.
643 844 108 49 Maj:t
791 844 69 36 har
902 843 197 48 föreslagit
1139 842 206 49 riksdagen
1386 840 135 50 (punkt
1564 839 61 48 68)
1668 844 54 32 att
1764 839 59 36 för

219 896 117 38 Stora
364 896 91 37 Lule
482 896 82 36 älvs
593 896 196 48 reglering
817 896 59 36 för
905 898 39 33 år
975 897 95 34 1921
1109 894 132 36 anvisa
1269 899 56 30 ett
1351 891 397 48 reservationsanslag
1775 903 47 24 av

228 949 200 47 1,500,000
456 948 153 36 kronor.

325 999 267 49 Utredningen
620 998 12 37 i
660 998 155 37 ärendet
842 997 204 37 återfinnes
1075 999 21 34 å
1125 996 71 37 sid.
1218 997 201 36 289--293
1441 1008 47 23 av
1507 994 315 49 statsrådsproto-

223 1051 129 38 kollet.

326 1128 258 49 Regleringen
613 1141 47 23 av
689 1126 301 51 Suorvasjöarna
1010 1125 123 37 skulle
1150 1123 305 50 huvudsakligen
1474 1127 74 45 äga
1564 1136 82 23 rum
1661 1122 160 37 medelst

222 1181 239 49 uppförande
503 1193 47 23 av
591 1182 65 34 två
698 1184 122 32 större
858 1179 170 36 dammar
1055 1182 91 32 över
1175 1176 269 49 Suorvajaures
1474 1175 96 36 båda
1597 1174 132 49 utlopp
1758 1174 62 36 vid

221 1232 100 38 Lilla
364 1231 185 50 Sjöfallet.
604 1231 162 37 Arbetet
807 1231 87 47 kan,
924 1230 122 48 enligt
1073 1229 74 36 vad
1175 1226 412 50 vattenfallsstyrelsen
1616 1226 205 47 meddelar,

220 1284 188 50 uppdelas
435 1283 13 37 i
475 1286 64 34 två
575 1282 363 50 byggnadsskeden,
967 1280 132 38 varvid
1128 1293 139 36 genom
1297 1280 74 36 den
1399 1280 117 36 första
1544 1277 278 49 utbyggnaden

218 1349 53 23 av
312 1336 219 36 dammarna
572 1335 121 36 skulle
734 1333 248 49 möjliggöras
1023 1332 117 37 sådan
1181 1332 146 48 ökning
1359 1344 47 23 av
1434 1330 387 48 lågvattenföringen,

218 1401 88 23 som
348 1387 190 36 erfordras
579 1387 61 35 för
685 1386 190 36 rationellt
916 1383 241 50 utnyttjande
1195 1396 45 23 av
1268 1382 135 37 hittills
1431 1381 196 38 beslutade
1657 1380 164 37 maskin-

219 1438 279 38 installationer
543 1438 12 36 i
589 1437 135 49 Porjus
751 1436 246 37 kraftstation
1025 1435 72 37 och
1125 1436 60 35 för
1222 1434 69 36 den
1322 1435 119 36 första
1469 1433 278 49 utbyggnaden
1775 1445 46 23 av

223 1491 272 49 Harsprånget.
550 1489 226 38 Kostnaden
812 1488 130 37 härför
982 1487 185 38 beräknas
1209 1486 56 36 till
1294 1486 202 48 6,600,000
1525 1485 153 47 kronor,
1705 1497 116 24 varav

223 1542 206 49 riksdagen
458 1541 134 37 hittills
621 1541 147 37 anvisat
797 1541 204 47 2,200,000
1029 1539 153 37 kronor.

326 1594 179 37 Förutom
543 1593 64 37 det
634 1606 51 23 nu
715 1596 20 33 å
762 1592 159 37 riksstat
949 1591 141 37 äskade
1120 1590 186 49 anslaget,
1339 1589 202 48 1,500.000
1570 1588 154 47 kronor,
1753 1587 69 37 har

223 1647 58 36 för
309 1649 41 34 år
381 1648 96 34 1920
506 1645 156 49 begärts
690 1650 55 31 ett
771 1644 141 49 belopp
942 1657 45 23 av
1018 1644 202 46 1,400,000
1248 1642 149 36 kronor.
1438 1632 232 45 Återstoden
1699 1639 121 36 skulle

218 1697 155 38 anvisas
402 1700 21 34 å
453 1699 96 35 1922
580 1700 61 33 års
669 1697 168 36 riksstat.

325 1775 208 47 Utskottet,
576 1788 82 23 som
701 1773 123 37 funnit
865 1773 60 49 sig
960 1773 93 36 böra
1081 1771 190 47 tillstyrka
1299 1769 250 37 förevarande
1578 1768 157 49 förslag,
1765 1768 57 36 får

220 1827 237 37 beträffande
485 1827 137 48 anslag
651 1828 20 34 å
699 1826 209 36 riksstaten
936 1838 49 22 nu
1015 1823 212 47 hemställa,
1680 1853 3 3 .

724 1907 56 32 att
807 1901 208 49 riksdagen
1045 1903 60 34 må
1133 1900 60 36 för
1220 1900 105 37 Stora
1354 1900 90 36 Lule
1471 1899 78 36 älvs
1568 1898 174 49 reglering
1763 1897 58 36 för

623 1958 40 33 år
707 1957 93 34 1921
845 1954 132 36 anvisa
1018 1958 55 31 ett
1113 1950 392 49 reservationsanslag
1541 1963 48 23 av
1619 1950 201 46 1,500,000

622 2007 140 36 kronor
791 2011 54 32 att
872 2008 94 46 utgå
994 2018 47 23 av
1069 2002 222 39 lånemedel.

326 2111 99 48 73:0)
454 2110 142 49 Kungl.
626 2110 107 48 Maj:t
761 2109 68 37 har
857 2108 198 48 föreslagit
1084 2107 207 48 riksdagen
1320 2105 136 49 (punkt
1477 2105 61 48 69)
1556 2109 55 32 att
1627 2105 59 35 för
1701 2104 119 36 första

219 2162 280 51 utbyggnaden
537 2176 47 22 av
613 2167 145 31 statens
787 2161 244 36 kraftstation
1059 2159 64 37 vid
1151 2158 141 37 Motala
1321 2158 57 37 för
1407 2161 40 33 år
1479 2159 94 35 1921
1605 2156 134 37 anvisa
1767 2161 54 31 ett

221 2214 394 49 reservationsanslag
644 2227 46 22 av
719 2214 203 47 2,700,000
952 2212 151 36 kronor.

325 2266 266 49 Utredningen
619 2266 10 36 i
659 2265 155 37 ärendet
843 2264 205 37 återfinnes
1076 2263 12 36 i
1117 2263 69 36 sid.
1218 2262 201 37 293—295
1440 2274 46 23 av
1507 2259 313 49 statsrådsproto-

221 2318 130 38 kollet.

1853 842 90 27 Stora
1962 842 75 27 Lule

1852 876 63 28 älvs
1935 877 98 32 regle-

1900 912 83 33 ring.

1896 957 93 46 [68.]

1841 2117 203 27 Kraftstation

1848 2152 51 28 vid
1912 2152 122 27 Motala.

1892 2199 93 46 [69.]
