2180 2614
174 689 194 34 Ombyggnad

175 732 36 20 av
231 724 128 33 bangår-

207 759 56 26 den
282 759 51 27 vid

199 793 135 27 Storvik.

220 841 94 46 [25.]

167 1995 200 27 Anordnande

209 2037 36 19 av
263 2037 59 25 nya

191 2064 151 26 stationer

175 2098 56 26 och
250 2099 106 25 mötes-

203 2133 129 33 platser.

219 2178 93 46 [26.]

386 157 40 31 26
875 156 254 32 Statsutskottets
1150 157 171 32 utlåtande
1343 158 52 31 Nr
1417 161 41 28 60
1470 158 43 31 Å.

386 240 119 49 ligare
546 240 135 49 anslag
721 240 85 37 med
849 242 202 46 1,900,000
1093 241 152 47 kronor,
1287 254 116 24 varav
1437 243 203 47 1,000,000
1669 243 140 37 kronor
1837 250 145 32 ansetts

386 293 92 37 böra
506 292 154 37 anvisas
689 292 60 36 för
776 295 40 33 år
847 294 109 34 1921.

490 343 197 37 Utskottet
714 343 227 47 hemställer,

889 434 54 31 att
970 428 203 49 riksdagen
1201 432 62 33 må
1292 429 58 36 för
1377 430 237 48 anläggning
1641 444 46 22 av
1715 432 268 50 huvudranger-

786 481 166 48 bangård
992 481 62 35 vid
1094 481 194 49 Hallsberg
1309 482 114 47 jämte
1450 483 150 35 därmed
1627 484 356 48 sammanhängande

786 533 137 35 arbeten
964 532 57 36 för
1054 534 39 34 år
1128 534 94 34 1921
1253 533 132 36 anvisa
1425 538 52 31 ett
1514 534 387 49 reservationsanslag
1936 550 46 22 av

788 584 201 47 1,000,000
1017 583 137 36 kronor
1182 589 54 30 att
1264 587 94 45 utgå
1386 597 46 22 av
1459 585 221 36 lånemedel.

490 684 101 49 28:0)
620 685 142 48 Kungl.
791 685 106 49 Maj:t
925 686 69 36 har
1021 686 200 49 föreslagit
1249 686 205 48 riksdagen
1482 687 135 49 (punkt
1645 687 62 49 25)
1735 693 55 32 att
1822 689 59 36 för
1905 703 77 23 om-

386 736 184 49 bygenad
599 749 46 23 av
673 736 217 49 bangården
920 736 63 37 vid
1015 737 154 37 Storvik
1196 738 61 36 för
1285 741 41 33 år
1356 740 94 34 1921
1482 739 134 37 anvisa
1635 744 53 32 ett
1707 740 275 37 reservations-

387 789 135 46 anslag
550 801 48 23 av
626 789 164 46 200,000
818 789 151 36 kronor.

489 839 264 49 Utredningen
780 840 12 35 i
821 840 158 36 ärendet
1007 840 203 36 återfinnes
1239 843 21 34 å
1289 840 68 37 sid.
1390 843 213 35 128—130.

488 925 60 36 Av
589 925 72 37 den
706 925 13 36 i
760 925 155 37 ärendet
955 926 173 36 lämnade
1168 926 251 49 utredningen
1469 927 177 48 framgår,
1684 933 55 31 att
1776 928 206 49 bangårds-

387 976 282 37 förhållandena
696 977 62 36 vid
788 976 152 37 Storvik
968 977 60 37 för
1055 978 234 36 närvarande
1316 978 83 36 icke
1427 983 63 32 äro
1519 979 354 37 tillfredsställande.
1929 981 53 36 På

386 1028 123 48 grund
550 1042 47 23 av
638 1028 71 36 den
750 1029 194 48 egentliga
983 1029 424 49 godstågsbangårdens
1434 1030 86 49 läge
1549 1031 136 36 mellan
1714 1036 141 32 statens
1880 1032 102 49 järn-

385 1085 138 43 vägars
565 1080 69 36 och
677 1079 267 38 Gävle—Dala
980 1081 185 48 järnvägs
1209 1084 313 47 persontågsspår
1562 1085 119 34 måste
1720 1083 156 36 sålunda
1916 1084 65 36 allt

385 1131 132 49 utbyte
545 1145 47 22 av
618 1132 156 36 resande
802 1132 70 36 och
899 1132 97 48 gods
1024 1133 136 35 mellan
1179 1136 252 45 persontågen
1450 1133 66 37 ske
1541 1138 89 32 över
1648 1134 332 50 godstågsspåren,

386 1182 115 37 vilket
542 1183 162 48 givetvis
745 1197 43 22 ur
828 1183 502 50 trafiksäkerhetssynpunkt
1371 1190 40 30 är
1438 1185 199 50 olämpligt
1665 1192 96 30 samt
1789 1186 190 37 dessutom

385 1234 174 36 inverkar
586 1234 175 36 störande
787 1237 49 46 på
862 1235 378 48 rangeringsarbetet.
1296 1236 46 48 Ej
1372 1236 116 36 heller
1524 1243 191 30 motsvara
1753 1238 228 49 anordning-

386 1299 89 22 arna
524 1286 59 36 för
631 1286 319 48 växlingsarbetet
978 1290 21 33 å
1027 1287 403 49 godstågsbangården
1459 1288 73 36 den
1560 1289 215 36 nuvarande
1802 1290 177 37 trafikens

385 1337 102 36 krav.
543 1337 73 36 Till
656 1337 249 49 avhjälpande
933 1352 46 22 av
1007 1338 158 37 berörda
1191 1339 352 37 missförhållanden
1571 1340 68 36 har
1661 1341 319 49 järnvägsstyrel-

386 1402 65 23 sen
479 1402 50 22 nu
559 1388 194 49 föreslagit
781 1389 245 49 ombyggnad
1055 1390 69 36 och
1151 1390 232 49 utvidgning
1410 1404 46 22 av
1484 1391 200 37 stationen.
1730 1392 120 36 Dessa
1877 1393 103 36 arbe-

386 1446 62 31 ten
476 1440 98 36 hava
601 1440 85 37 med
710 1454 49 23 nu
787 1441 174 48 gällande
989 1442 77 48 pris
1094 1442 200 36 beräknats
1323 1442 117 48 draga
1463 1456 47 23 en
1529 1443 160 36 kostnad
1718 1465 48 5 -—
1794 1444 186 37 inklusive

386 1492 62 36 det
476 1492 145 48 bidrag,
651 1505 81 23 som
761 1492 71 36 den
860 1493 168 36 enskilda
1051 1494 211 48 järnvägen
1286 1494 118 48 enligt
1422 1494 178 49 gällande
1620 1495 360 38 överenskommelse

386 1549 41 31 är
467 1543 155 49 skyldig
662 1549 54 31 att
756 1544 124 36 lämna
919 1545 55 25 —
1002 1558 46 22 av
1077 1546 162 46 540,000
1268 1545 149 47 kronor,
1446 1546 116 36 därav
1590 1547 118 48 enligt
1737 1547 243 37 förevarande

387 1596 142 48 förslag
565 1596 165 46 480,000
758 1596 139 36 kronor
924 1596 119 36 skulle
1071 1600 90 45 utgå
1190 1610 45 23 av
1265 1597 276 49 anslagsmedel
1570 1603 55 31 att
1652 1598 160 37 fördelas
1840 1602 48 46 på
1916 1602 64 34 två

388 1650 50 44 år,
480 1647 193 48 nämligen
704 1648 162 45 200,000
896 1647 139 37 kronor
1062 1648 58 36 för
1148 1651 39 33 år
1219 1650 95 34 1921
1346 1655 96 30 samt
1471 1649 214 37 återstoden
1714 1650 57 37 för
1797 1653 42 34 år
1869 1653 108 35 1922.

489 1698 193 37 Utskottet
708 1699 225 47 hemställer,

889 1790 53 30 att
970 1785 204 49 riksdagen
1201 1788 61 33 må
1291 1786 58 35 för
1376 1787 226 49 ombyggnad
1631 1800 43 23 av
1694 1788 205 48 bangården
1918 1790 62 35 vid

786 1836 141 37 Storvik
966 1836 59 36 för
1065 1839 40 33 år
1147 1839 94 34 1921
1285 1838 128 36 anvisa
1441 1843 53 31 ett
1521 1839 385 49 reservationsanslag
1933 1853 47 22 av

786 1889 163 46 200,000
978 1888 139 36 kronor
1144 1893 55 31 att
1226 1891 93 46 utgå
1347 1903 46 22 av
1420 1889 221 37 lånemedel.

490 1989 101 48 29:0)
633 1990 141 48 Kungl.
802 1990 109 49 Maj:t
937 1990 68 37 har
1033 1991 197 48 föreslagit
1256 1991 205 50 riksdagen
1491 1992 136 49 (punkt
1656 1992 61 49 26)
1745 1998 56 31 att
1830 1994 57 36 för
1915 2007 64 23 an-

387 2040 193 37 ordnande
622 2054 47 23 av
709 2055 74 35 nya
824 2042 182 36 stationer
1047 2043 70 36 och
1158 2044 267 48 mötesplatser
1467 2044 58 36 för
1568 2047 41 34 år
1640 2047 94 34 1921
1766 2045 130 36 anvisa
1924 2050 54 31 ett

385 2092 394 50 reservationsanslag
806 2106 47 23 av
884 2095 163 47 185,000
1075 2095 151 36 kronor.

489 2144 241 37 Beträffande
774 2145 252 49 utredningen
1069 2146 12 36 i
1123 2146 155 37 ärendet
1318 2146 58 37 får
1415 2147 188 36 utskottet
1635 2148 158 36 hänvisa
1821 2148 57 36 till
1907 2147 68 37 sid.

390 2197 201 35 130—134
619 2209 46 23 av
693 2196 212 49 åberopade
933 2197 429 48 statsrådsprotokollet.

488 2247 195 49 Härjämte
710 2248 66 36 har
804 2251 20 34 å
851 2249 230 48 tilläggsstat
1108 2250 58 36 för
1192 2253 41 33 år
1254 2251 97 36 1920
1372 2250 55 37 för
1445 2250 197 37 enahanda
1661 2251 171 36 ändamål
1852 2251 126 36 äskats

386 2304 53 31 ett
467 2300 136 47 anslag
630 2313 46 23 av
706 2301 137 46 98,900
872 2300 147 37 kronor.
