2194 2614
150 1819 193 28 Inventarier

160 1854 50 27 för
228 1855 114 25 statens

150 1888 192 28 vattenfalls-

208 1922 83 27 verk.

206 1969 93 46 [72.]

369 171 41 31 66
852 171 254 32 Statsutskottets
1128 172 165 31 utlåtande
1316 172 53 30 Nr
1394 175 41 28 60
1450 172 39 31 ÅA.

370 256 171 36 tillfällen
568 255 55 36 till
651 255 150 37 förvärv
829 269 47 22 av
896 255 171 50 lämpligt
1086 256 157 49 belägen
1263 256 238 36 vattenkraft.
1540 256 154 36 Hälften
1714 256 115 37 härav
1850 256 114 37 borde

369 313 113 43 göras
510 307 219 48 tillgänglig
755 307 116 36 redan
898 307 119 37 under
1044 310 41 34 år
1116 309 107 35 1920.

473 359 72 35 Till
573 359 93 48 följd
695 359 117 36 härav
839 359 68 36 har
934 359 408 49 departementschefen
1372 364 121 32 ansett
1520 359 61 49 sig
1608 359 90 37 böra
1725 362 47 46 på
1800 360 64 36 det
1892 365 72 31 sätt

370 410 187 49 tillstyrka
596 410 105 36 bifall
743 411 56 35 till
845 411 415 49 vattenfallsstyrelsens
1307 411 289 49 framställning,
1645 416 52 31 att
1740 411 223 49 ytterligare

369 463 203 47 4,000,000
601 462 138 36 kronor
766 462 112 36 äskas
902 463 58 36 för
987 462 221 37 ändamålet.
1264 463 59 35 Av
1353 463 99 36 detta
1471 463 138 49 belopp
1625 462 118 37 skulle
1759 464 204 46 2,500,000

369 513 136 37 kronor
533 513 183 37 erfordras
746 516 20 34 å
794 514 244 49 tilläggsstat.

472 617 52 37 På
565 616 123 50 grund
729 630 47 24 av
808 617 72 37 vad
909 617 158 37 sålunda
1096 617 145 37 anförts
1271 617 72 37 och
1372 618 86 36 med
1487 617 147 49 hänsyn
1659 617 143 49 jämväl
1832 616 56 37 till
1918 616 46 37 de

368 669 277 49 upplysningar
686 669 161 37 rörande
888 669 162 37 behovet
1091 683 46 23 av
1166 669 87 37 ökat
1280 669 137 49 anslag
1444 670 59 36 för
1530 669 290 49 ifrågavarande
1848 668 115 37 ända-

369 721 85 47 mål,
492 734 81 23 som
607 720 184 37 utskottet
819 721 119 37 under
965 721 102 36 hand
1095 721 197 48 inhämtat,
1322 721 68 36 har
1418 722 185 35 utskottet
1631 726 125 31 ansett
1785 720 59 49 sig
1872 720 93 37 böra

368 772 191 49 tillstyrka
588 772 249 37 förevarande
865 772 152 49 förslag.

471 824 197 37 Utskottet
695 825 57 36 får
780 838 49 22 nu
859 824 210 48 hemställa,

872 933 54 31 att
953 927 207 48 riksdagen
1188 930 59 33 må

871 979 36 49 a)
936 979 187 49 medgiva,
1166 984 54 30 att
1247 979 105 48 inköp
1381 992 45 23 av
1453 979 192 58 vattenfall
1672 979 60 36 och
1751 975 213 71 fastigheter

766 1039 93 28 samt
898 1031 192 49 utförande
1126 1044 43 23 av
1210 1031 328 49 nyanläggningar,
1568 1032 12 34 1
1609 1030 71 37 den
1708 1033 87 34 mån
1823 1029 140 37 sådana

766 1082 178 49 åtgärder
989 1082 189 37 erfordras
1223 1083 59 36 för
1319 1082 302 49 ändamålsenlig
1656 1082 222 49 utveckling
1917 1094 46 24 av

768 1140 146 31 statens
968 1134 362 37 kraftverksrörelse
1387 1134 71 37 och
1501 1134 83 37 icke
1630 1139 90 31 utan
1765 1133 199 50 synnerlig

768 1186 205 49 olägenhet
1001 1186 127 36 kunna
1155 1186 227 49 uppskjutas
1411 1186 12 36 i
1447 1185 162 37 avbidan
1629 1188 48 47 på
1696 1185 154 37 särskilt
1868 1184 95 37 riks-

768 1238 231 48 dagsbeslut,
1029 1241 60 33 må
1130 1251 46 23 av
1217 1237 140 49 Kungl.
1389 1237 106 49 Maj:t
1536 1237 168 37 beslutas
1732 1237 68 49 till,
1829 1242 135 32 utöver

768 1290 47 36 de
844 1303 47 23 av
918 1289 204 49 riksdagen
1152 1289 98 37 förut
1277 1289 208 48 medgivna
1513 1302 216 24 summorna
1757 1292 20 34 å
1804 1286 159 52 tillhopa

769 1343 202 46 8,000,000
1013 1342 154 47 kronor,
1209 1347 53 31 ett
1301 1341 225 49 ytterligare
1562 1341 138 50 belopp
1730 1354 46 23 av
1804 1340 159 49 tillhopa

769 1394 203 47 6,000,000
1002 1394 154 44 kronor;

871 1444 37 50 b)
937 1445 59 36 för
1024 1445 164 48 angivna
1203 1445 173 36 ändamål
1394 1444 57 37 för
1471 1447 40 34 år
1533 1447 94 34 1921
1651 1448 125 33 såsom
1792 1457 171 24 reserva-

767 1497 238 49 tionsanslag
1032 1497 130 36 anvisa
1191 1498 202 47 3,500,000
1422 1496 137 37 kronor
1587 1501 56 32 att
1671 1499 90 46 utgå
1788 1510 47 23 av
1863 1496 101 36 låne-

767 1549 133 36 medel.

474 1652 237 37 Beträffande
738 1652 142 49 Kungl.
910 1652 127 48 Maj:ts
1066 1652 142 48 förslag
1227 1665 59 23 om
1307 1651 162 49 höjning
1489 1665 44 23 av
1552 1651 276 37 inkomsttiteln
1849 1652 115 37 »Fast

370 1705 232 49 upplåning»
630 1705 169 36 kommer
827 1704 187 37 utskottet
1042 1709 55 31 att
1125 1704 137 49 avgiva
1291 1704 194 36 utlåtande
1508 1703 11 37 i
1540 1709 115 32 annat
1674 1704 287 49 sammanhang.

476 1807 97 50 76:0)
614 1808 18 36 I
673 1807 169 49 enlighet
878 1807 85 37 med
990 1807 143 49 Kungl.
1163 1807 124 49 Maj:ts
1317 1807 146 49 förslag
1491 1807 134 49 (punkt
1656 1807 59 50 72)
1743 1807 70 37 och
1842 1808 121 37 under

371 1860 152 36 erinran
551 1865 55 32 att
635 1860 57 36 för
719 1873 49 23 nu
795 1859 290 49 ifrågavarande
1114 1859 171 36 ändamål
1305 1859 112 37 äskas
1438 1861 133 47 anslag
1585 1859 144 49 jämväl
1749 1862 21 34 å
1788 1859 175 49 tilläggs-

370 1916 125 33 staten
537 1911 85 37 med
665 1912 163 47 500,000
870 1912 151 45 kronor,
1050 1912 59 35 får
1136 1911 197 45 utskottet,
1362 1924 80 23 som
1473 1911 83 37 med
1584 1912 151 49 hänsyn
1763 1911 57 36 till
1849 1911 74 37 den
1951 1911 12 37 i

371 1964 157 36 ärendet
554 1963 173 37 lämnade
755 1963 254 48 utredningen
1038 1968 127 31 ansett
1184 1963 59 48 sig
1262 1963 93 36 böra
1374 1962 189 50 tillstyrka
1583 1963 246 37 förevarande
1849 1964 114 36 fram-

371 2015 238 48 ställningar,
638 2015 235 37 beträffande
902 2016 133 48 anslag
1063 2018 20 33 å
1111 2015 206 37 riksstaten
1345 2028 52 23 nu
1425 2015 210 46 hemställa,

873 2106 55 49 att
956 2118 205 49 riksdagen
1189 2121 59 34 må
1276 2117 57 37 till
1360 2120 213 35 inventarier
1593 2119 66 49 för
1681 2125 130 30 statens
1830 2125 132 30 vatten-

762 2170 180 49 fallsverk
968 2170 59 37 för
1055 2173 41 33 år
1126 2172 94 34 1921
1251 2170 131 37 anvisa
1416 2175 53 32 ett
1495 2169 393 49 reservationsanslag
1916 2183 46 24 av

772 2223 201 47 1,000,000
1001 2222 143 36 kronor
1172 2227 54 31 att
1253 2225 94 46 utgå
1376 2236 46 23 av
1450 2222 221 37 lånemedel.
