2190 2622
700 170 255 32 Statsutskottets
976 171 167 32 utlåtande
1165 172 53 30 Nr
1240 175 41 28 60
1293 172 39 31 ÅA.
1774 175 38 31 31

321 252 99 49 33:0)
451 253 142 49 Kungl.
623 254 108 49 Maj:t
759 254 68 37 har
856 255 201 49 föreslagit
1089 256 205 49 riksdagen
1324 256 135 50 (punkt
1488 257 62 48 30)
1580 263 54 31 att
1663 258 59 36 för
1750 273 64 22 an-

216 304 190 48 läggande
435 318 45 23 av
507 306 224 48 ytterligare
759 312 55 30 ett
836 306 275 49 järnvägsspår
1139 308 83 36 från
1286 309 108 36 Örebro
1423 314 91 32 över
1534 309 205 49 Hallsberg
1758 310 56 36 till

215 355 103 36 Laxå
346 355 58 37 för
433 359 41 33 år
506 358 94 35 1921
633 357 133 36 anvisa
793 363 54 31 ett
874 359 389 49 reservationsanslag
1291 373 46 23 av
1369 362 202 46 1,000,000
1600 361 151 37 kronor.

318 407 263 49 Utredningen
609 408 12 36 i
649 409 161 36 ärendet
851 410 201 36 återfinnes
1081 413 20 33 å
1130 411 69 36 sid.
1232 413 70 34 147
1334 411 70 36 och
1437 414 71 34 148
1535 425 46 23 av
1601 413 213 37 stadsråds-

215 458 240 48 protokollet.

318 559 71 36 Till
431 560 292 48 ifrågavarande
765 561 501 50 dubbelspårsanläggning,
1309 576 80 23 som
1432 566 41 33 år
1516 567 111 45 1917,
1666 565 47 36 då
1741 566 72 36 den

215 610 228 48 beslutades,
460 612 234 36 beräknades
724 612 121 49 draga
873 626 46 23 en
948 613 165 36 kostnad
1142 627 47 22 av
1218 614 178 49 omkring
1426 617 203 46 6,000,000
1659 617 153 47 kronor,

214 661 70 37 har
312 662 168 37 anvisats
509 663 254 48 sammanlagt
791 665 204 46 4,550,000
1024 665 150 36 kronor.
1214 665 51 37 På
1293 666 123 48 grund
1446 680 47 23 av
1522 667 46 37 de
1597 668 217 37 sedermera

214 713 199 37 inträffade
454 715 353 49 prisstegringarna
848 729 109 23 anses
998 730 50 22 nu
1091 717 179 49 omkring
1298 718 140 36 dubbla
1466 718 180 50 beloppet
1675 733 46 23 av
1749 721 65 36 det

213 765 297 50 ursprungligen
551 772 196 44 upptagna
788 767 151 36 komma
980 773 56 31 att
1077 771 88 46 åtgå
1202 769 60 36 för
1291 775 53 30 att
1373 770 136 48 bringa
1537 771 192 48 företaget
1756 772 57 36 till

212 816 226 37 fullbordan.
485 818 87 36 Med
601 818 63 36 det
692 832 52 22 nu
772 819 140 36 äskade
940 819 182 50 beloppet
1151 820 122 37 skulle
1302 821 271 50 dubbelspåret
1593 825 20 34 å
1634 824 179 36 sträckan

214 858 186 46 Örebro—
414 854 205 69 Hallsberg
664 869 130 37 kunna
837 870 271 49 färdigställas,
1150 873 184 48 varjämte
1375 873 103 36 vissa
1519 875 293 48 terrasserings-

214 919 158 37 arbeten
400 933 48 23 m.
479 934 48 22 m.
558 921 121 36 skulle
710 921 131 36 kunna
868 922 148 36 utföras
1046 925 21 33 å
1094 923 120 48 linjen
1247 915 201 61 Hallsberg
1471 925 145 36 —Laxå.

315 971 198 38 Utskottet
540 972 235 47 hemställer,

716 1080 56 31 att
799 1075 206 49 riksdagen
1034 1079 60 33 må
1121 1077 59 36 för
1209 1078 242 48 anläggande
1480 1091 46 25 av
1543 1080 207 48 ytterligare
1768 1088 44 29 ett

605 1127 267 49 järnvägsspår
904 1128 95 48 från
1045 1122 130 44 Örebro
1205 1135 79 30 över
1310 1130 195 50 Hallsberg
1534 1131 56 36 till
1618 1132 109 36 Lazå
1754 1132 57 36 för

611 1181 41 33 år
695 1181 96 34 1921
834 1180 130 36 anvisa
1005 1184 54 32 ett
1099 1181 391 50 reservationsanslag
1530 1196 47 23 av
1609 1184 201 47 1,000,000

610 1230 143 37 kronor
780 1237 54 30 att
860 1234 92 45 utgå
981 1245 46 22 av
1054 1232 220 37 lånemedel.

316 1330 98 48 34:0)
472 1331 140 49 Kungl.
657 1332 109 49 Maj:t
806 1333 68 36 har
914 1334 198 49 föreslagit
1154 1335 207 49 riksdagen
1404 1334 137 50 (punkt
1575 1336 62 50 31)
1667 1343 55 31 att
1750 1338 59 37 för

211 1382 241 48 anläggande
495 1396 47 23 av
568 1384 227 48 ytterligare
825 1390 54 30 ett
902 1384 276 50 järnvägsspår
1207 1386 81 36 från
1317 1387 145 36 Tranås
1490 1388 57 36 till
1575 1388 136 49 Aneby
1740 1390 69 36 och

210 1432 84 37 från
337 1433 160 50 Sandsjö
539 1435 56 36 till
638 1434 136 50 Sävsjö
818 1436 57 37 för
903 1440 40 33 år
974 1439 95 34 1921
1101 1438 131 37 anvisa
1260 1443 54 31 ett
1342 1440 393 50 reservationsanslag
1762 1455 47 23 av

213 1486 201 47 1,500,000
442 1485 150 38 kronor.

313 1537 269 50 Utredningen
609 1538 12 36 i
650 1539 156 37 ärendet
836 1540 203 37 återfinnes
1068 1543 20 34 å
1117 1540 69 37 sid.
1219 1543 214 36 150—152.

312 1640 75 36 För
405 1640 241 49 anläggande
666 1655 48 23 av
732 1642 223 49 ytterligare
976 1649 54 31 ett
1045 1643 276 50 järnvägsspår
1340 1646 82 36 från
1442 1646 143 37 Tranås
1599 1647 58 36 till
1671 1647 137 50 Aneby

209 1691 71 37 och
322 1691 81 37 från
447 1692 162 50 Sandsjö
650 1694 58 36 till
750 1693 135 50 Sävsjö
927 1695 68 36 har
1023 1696 201 48 riksdagen
1254 1696 151 37 anvisat
1433 1702 55 32 ett
1516 1698 140 50 belopp
1685 1699 59 37 för
1767 1703 41 33 år

211 1745 97 35 1919
329 1757 48 22 av
398 1746 202 46 1,520,000
619 1745 152 37 kronor.
825 1746 74 37 För
927 1750 40 33 år
988 1749 98 34 1920
1105 1748 69 36 har
1193 1751 120 46 något
1332 1748 134 50 anslag
1493 1749 58 36 till
1580 1750 227 50 anläggnin-

208 1808 120 35 garna
356 1795 33 48 ej
420 1796 178 37 anvisats.

311 1847 17 36 I
356 1848 170 49 enlighet
554 1848 84 36 med
666 1849 75 37 vad
772 1851 96 35 1919
899 1852 60 34 års
987 1850 156 48 lagtima
1171 1851 159 49 riksdag
1357 1852 148 48 uttalat,
1522 1852 67 38 har
1603 1853 203 49 järnvägs-

208 1899 189 48 styrelsen
425 1900 268 49 bemyndigats
722 1905 54 32 att
805 1902 173 36 använda
1011 1902 64 36 det
1110 1903 60 36 för
1206 1903 289 49 ifrågavarande
1523 1905 283 50 anläggningar

207 1951 181 37 anvisade
428 1952 178 49 anslaget
646 1952 57 37 till
738 1952 264 38 fullbordande
1031 1967 48 23 av
1103 1954 266 49 dubbelspåret
1406 1955 137 38 mellan
1571 1957 136 50 Aneby
1735 1959 70 36 och

208 2001 173 50 Sandsjö.
415 2003 146 37 Härvid
588 2004 69 36 har
686 2004 210 37 emellertid
925 2006 213 49 förutsatts,
1168 2012 55 31 att
1251 2007 46 36 de
1325 2007 116 37 redan
1469 2009 208 49 påbörjade
1698 2010 107 37 arbe-

207 2059 89 31 tena
324 2058 20 33 å
371 2055 585 50 dubbelspårsanläggningarna
983 2057 335 51 Tranås—Aneby
1346 2060 71 36 och
1447 2059 203 51 Sandsjö—
1667 2060 137 52 Sävsjö

207 2106 119 37 skulle
366 2107 12 35 i
418 2107 80 37 viss
539 2108 268 49 utsträckning
846 2111 109 47 pågå.
1013 2111 64 35 Att
1117 2110 79 36 helt
1231 2111 159 49 avbryta
1419 2111 112 37 dessa
1558 2113 157 36 arbeten
1739 2114 66 37 har

207 2171 47 23 av
283 2158 302 38 arbetstekniska
614 2160 82 36 skäl
724 2160 84 37 icke
836 2166 147 31 ansetts
1003 2161 185 50 lämpligt.
1232 2162 124 37 Sedan
1376 2163 271 50 dubbelspåret
1666 2166 137 36 mellan

206 2210 135 49 Aneby
382 2211 70 36 och
482 2210 161 48 Sandsjö
672 2212 111 36 blivit
811 2212 244 50 färdigställt,
1085 2214 119 37 vilket
1232 2215 204 37 beräknats
1465 2216 127 37 kunna
1620 2221 74 44 äga
1720 2231 82 23 rum

207 2262 119 37 under
369 2264 109 44 1920,
521 2263 115 37 borde
674 2264 182 37 arbetena
882 2268 49 45 på
958 2265 47 36 de
1034 2265 120 37 under
1182 2280 50 23 nu
1260 2267 290 49 ifrågavarande
1578 2269 124 49 punkt
1730 2283 74 23 om-

1842 267 194 33 Anläggande

1861 309 36 19 av
1916 302 92 32 ytter-

1850 335 102 33 ligare
1972 336 46 26 ett

1854 370 160 33 Jjärnvilgs-

1838 403 90 34 Spår
1948 403 68 27 från

1834 437 116 27 Örebro
1964 439 73 26 över

1855 472 164 32 Hallsberg

1859 505 52 27 till
1930 505 87 27 Laxå.

1892 552 91 45 [30.]

1866 1341 132 27 Dubbel-

1839 1375 180 34 spårsbygg-

1862 1410 135 26 naderna

1856 1444 148 27 Tranås—

1838 1479 103 33 Aneby
1964 1479 56 26 och

1851 1513 161 34 Sandsjö—

1872 1547 118 34 Sävsjö.

1884 1594 93 46 [31.]
