<?xml version="1.0" encoding="UTF-8"?>
<alto xmlns="http://www.loc.gov/standards/alto/ns-v3#" xmlns:xlink="http://www.w3.org/1999/xlink" xmlns:xsi="http://www.w3.org/2001/XMLSchema-instance" xsi:schemaLocation="http://www.loc.gov/standards/alto/ns-v3# http://www.loc.gov/alto/v3/alto-3-0.xsd">
	<Description>
		<MeasurementUnit>pixel</MeasurementUnit>
		<sourceImageInformation>
			<fileName>/tmp/tess_a0jl97hu_input.PNG</fileName>
		</sourceImageInformation>
		<OCRProcessing ID="OCR_0">
			<ocrProcessingStep>
				<processingSoftware>
					<softwareName>tesseract 5.3.0</softwareName>
				</processingSoftware>
			</ocrProcessingStep>
		</OCRProcessing>
	</Description>
	<Layout>
		<Page WIDTH="2220" HEIGHT="2638" PHYSICAL_IMG_NR="0" ID="page_0">
			<PrintSpace HPOS="0" VPOS="0" WIDTH="2220" HEIGHT="2638">
				<ComposedBlock ID="cblock_0" HPOS="466" VPOS="180" WIDTH="1076" HEIGHT="39">
					<TextBlock ID="block_0" HPOS="466" VPOS="180" WIDTH="1076" HEIGHT="39">
						<TextLine ID="line_0" HPOS="466" VPOS="180" WIDTH="1076" HEIGHT="39">
							<String ID="string_0" HPOS="466" VPOS="180" WIDTH="41" HEIGHT="32" WC="0.95" CONTENT="38"/><SP WIDTH="422" VPOS="180" HPOS="507"/>
							<String ID="string_1" HPOS="929" VPOS="183" WIDTH="253" HEIGHT="34" WC="0.51" CONTENT="Statsutskottets"/><SP WIDTH="29" VPOS="183" HPOS="1182"/>
							<String ID="string_2" HPOS="1211" VPOS="184" WIDTH="176" HEIGHT="35" WC="0.92" CONTENT="Utlåtande"/><SP WIDTH="22" VPOS="184" HPOS="1387"/>
							<String ID="string_3" HPOS="1409" VPOS="188" WIDTH="59" HEIGHT="31" WC="0.95" CONTENT="N:o"/><SP WIDTH="23" VPOS="188" HPOS="1468"/>
							<String ID="string_4" HPOS="1491" VPOS="188" WIDTH="51" HEIGHT="31" WC="0.91" CONTENT="74."/>
						</TextLine>
					</TextBlock>
				</ComposedBlock>
				<ComposedBlock ID="cblock_1" HPOS="423" VPOS="257" WIDTH="1591" HEIGHT="117">
					<TextBlock ID="block_1" HPOS="423" VPOS="257" WIDTH="1591" HEIGHT="117">
						<TextLine ID="line_1" HPOS="423" VPOS="257" WIDTH="1591" HEIGHT="62">
							<String ID="string_5" HPOS="423" VPOS="257" WIDTH="56" HEIGHT="38" WC="0.95" CONTENT="till"/><SP WIDTH="41" VPOS="257" HPOS="479"/>
							<String ID="string_6" HPOS="520" VPOS="258" WIDTH="335" HEIGHT="52" WC="0.60" CONTENT="framställningen"/><SP WIDTH="43" VPOS="258" HPOS="855"/>
							<String ID="string_7" HPOS="898" VPOS="261" WIDTH="134" HEIGHT="39" WC="0.94" CONTENT="hinder"/><SP WIDTH="40" VPOS="261" HPOS="1032"/>
							<String ID="string_8" HPOS="1072" VPOS="264" WIDTH="36" HEIGHT="49" WC="0.93" CONTENT="ej"/><SP WIDTH="42" VPOS="264" HPOS="1108"/>
							<String ID="string_9" HPOS="1150" VPOS="263" WIDTH="222" HEIGHT="40" WC="0.92" CONTENT="förefunnes"/><SP WIDTH="41" VPOS="263" HPOS="1372"/>
							<String ID="string_10" HPOS="1413" VPOS="265" WIDTH="59" HEIGHT="39" WC="0.96" CONTENT="för"/><SP WIDTH="32" VPOS="265" HPOS="1472"/>
							<String ID="string_11" HPOS="1504" VPOS="267" WIDTH="144" HEIGHT="50" WC="0.94" CONTENT="Kongl."/><SP WIDTH="29" VPOS="267" HPOS="1648"/>
							<String ID="string_12" HPOS="1677" VPOS="269" WIDTH="107" HEIGHT="50" WC="0.95" CONTENT="Maj:t"/><SP WIDTH="27" VPOS="269" HPOS="1784"/>
							<String ID="string_13" HPOS="1811" VPOS="276" WIDTH="57" HEIGHT="32" WC="0.96" CONTENT="att"/><SP WIDTH="26" VPOS="276" HPOS="1868"/>
							<String ID="string_14" HPOS="1894" VPOS="271" WIDTH="120" HEIGHT="38" WC="0.96" CONTENT="under"/>
						</TextLine>
						<TextLine ID="line_2" HPOS="423" VPOS="309" WIDTH="1588" HEIGHT="65">
							<String ID="string_15" HPOS="423" VPOS="309" WIDTH="258" HEIGHT="39" WC="0.96" CONTENT="innevarande"/><SP WIDTH="41" VPOS="309" HPOS="681"/>
							<String ID="string_16" HPOS="722" VPOS="315" WIDTH="41" HEIGHT="34" WC="0.95" CONTENT="år"/><SP WIDTH="26" VPOS="315" HPOS="763"/>
							<String ID="string_17" HPOS="789" VPOS="312" WIDTH="43" HEIGHT="38" WC="0.95" CONTENT="af"/><SP WIDTH="22" VPOS="312" HPOS="832"/>
							<String ID="string_18" HPOS="854" VPOS="313" WIDTH="244" HEIGHT="51" WC="0.95" CONTENT="tillgängliga"/><SP WIDTH="30" VPOS="313" HPOS="1098"/>
							<String ID="string_19" HPOS="1128" VPOS="316" WIDTH="123" HEIGHT="37" WC="0.93" CONTENT="medel"/><SP WIDTH="27" VPOS="316" HPOS="1251"/>
							<String ID="string_20" HPOS="1278" VPOS="316" WIDTH="233" HEIGHT="40" WC="0.92" CONTENT="förskottera"/><SP WIDTH="26" VPOS="316" HPOS="1511"/>
							<String ID="string_21" HPOS="1537" VPOS="319" WIDTH="295" HEIGHT="50" WC="0.95" CONTENT="ifrågavarande"/><SP WIDTH="28" VPOS="319" HPOS="1832"/>
							<String ID="string_22" HPOS="1860" VPOS="322" WIDTH="151" HEIGHT="52" WC="0.96" CONTENT="belopp."/>
						</TextLine>
					</TextBlock>
				</ComposedBlock>
				<ComposedBlock ID="cblock_2" HPOS="420" VPOS="414" WIDTH="1592" HEIGHT="100">
					<TextBlock ID="block_2" HPOS="420" VPOS="414" WIDTH="1592" HEIGHT="100">
						<TextLine ID="line_3" HPOS="548" VPOS="414" WIDTH="1464" HEIGHT="57">
							<String ID="string_23" HPOS="548" VPOS="414" WIDTH="53" HEIGHT="37" WC="0.95" CONTENT="På"/><SP WIDTH="35" VPOS="414" HPOS="601"/>
							<String ID="string_24" HPOS="636" VPOS="414" WIDTH="47" HEIGHT="38" WC="0.96" CONTENT="de"/><SP WIDTH="27" VPOS="414" HPOS="683"/>
							<String ID="string_25" HPOS="710" VPOS="414" WIDTH="95" HEIGHT="50" WC="0.96" CONTENT="skäl,"/><SP WIDTH="29" VPOS="414" HPOS="805"/>
							<String ID="string_26" HPOS="834" VPOS="428" WIDTH="83" HEIGHT="26" WC="0.96" CONTENT="som"/><SP WIDTH="28" VPOS="428" HPOS="917"/>
							<String ID="string_27" HPOS="945" VPOS="417" WIDTH="13" HEIGHT="37" WC="0.92" CONTENT="i"/><SP WIDTH="27" VPOS="417" HPOS="958"/>
							<String ID="string_28" HPOS="985" VPOS="418" WIDTH="424" HEIGHT="51" WC="0.89" CONTENT="staterådsprotokollet"/><SP WIDTH="30" VPOS="418" HPOS="1409"/>
							<String ID="string_29" HPOS="1439" VPOS="421" WIDTH="124" HEIGHT="39" WC="0.96" CONTENT="blifvit"/><SP WIDTH="28" VPOS="421" HPOS="1563"/>
							<String ID="string_30" HPOS="1591" VPOS="423" WIDTH="171" HEIGHT="48" WC="0.96" CONTENT="anförda,"/><SP WIDTH="30" VPOS="423" HPOS="1762"/>
							<String ID="string_31" HPOS="1792" VPOS="424" WIDTH="220" HEIGHT="41" WC="0.96" CONTENT="hemställer"/>
						</TextLine>
						<TextLine ID="line_4" HPOS="420" VPOS="465" WIDTH="199" HEIGHT="49">
							<String ID="string_32" HPOS="420" VPOS="465" WIDTH="199" HEIGHT="49" WC="0.96" CONTENT="utskottet,"/>
						</TextLine>
					</TextBlock>
				</ComposedBlock>
				<ComposedBlock ID="cblock_3" HPOS="811" VPOS="571" WIDTH="1199" HEIGHT="472">
					<TextBlock ID="block_3" HPOS="811" VPOS="571" WIDTH="1199" HEIGHT="472">
						<TextLine ID="line_5" HPOS="945" VPOS="571" WIDTH="1065" HEIGHT="58">
							<String ID="string_33" HPOS="945" VPOS="577" WIDTH="55" HEIGHT="32" WC="0.96" CONTENT="att"/><SP WIDTH="26" VPOS="577" HPOS="1000"/>
							<String ID="string_34" HPOS="1026" VPOS="571" WIDTH="234" HEIGHT="52" WC="0.95" CONTENT="Riksdagen,"/><SP WIDTH="29" VPOS="571" HPOS="1260"/>
							<String ID="string_35" HPOS="1289" VPOS="573" WIDTH="88" HEIGHT="38" WC="0.95" CONTENT="med"/><SP WIDTH="24" VPOS="573" HPOS="1377"/>
							<String ID="string_36" HPOS="1401" VPOS="575" WIDTH="103" HEIGHT="38" WC="0.95" CONTENT="bifall"/><SP WIDTH="23" VPOS="575" HPOS="1504"/>
							<String ID="string_37" HPOS="1527" VPOS="576" WIDTH="56" HEIGHT="37" WC="0.96" CONTENT="till"/><SP WIDTH="20" VPOS="576" HPOS="1583"/>
							<String ID="string_38" HPOS="1603" VPOS="578" WIDTH="140" HEIGHT="51" WC="0.96" CONTENT="Kongl."/><SP WIDTH="22" VPOS="578" HPOS="1743"/>
							<String ID="string_39" HPOS="1765" VPOS="580" WIDTH="127" HEIGHT="49" WC="0.93" CONTENT="Maj:ts"/><SP WIDTH="20" VPOS="580" HPOS="1892"/>
							<String ID="string_40" HPOS="1912" VPOS="581" WIDTH="98" HEIGHT="38" WC="0.93" CONTENT="före-"/>
						</TextLine>
						<TextLine ID="line_6" HPOS="817" VPOS="623" WIDTH="1190" HEIGHT="54">
							<String ID="string_41" HPOS="817" VPOS="623" WIDTH="169" HEIGHT="38" WC="0.96" CONTENT="varande"/><SP WIDTH="39" VPOS="623" HPOS="986"/>
							<String ID="string_42" HPOS="1025" VPOS="624" WIDTH="251" HEIGHT="50" WC="0.96" CONTENT="proposition,"/><SP WIDTH="43" VPOS="624" HPOS="1276"/>
							<String ID="string_43" HPOS="1319" VPOS="628" WIDTH="61" HEIGHT="35" WC="0.96" CONTENT="må"/><SP WIDTH="42" VPOS="628" HPOS="1380"/>
							<String ID="string_44" HPOS="1422" VPOS="630" WIDTH="47" HEIGHT="47" WC="0.96" CONTENT="på"/><SP WIDTH="40" VPOS="630" HPOS="1469"/>
							<String ID="string_45" HPOS="1509" VPOS="634" WIDTH="109" HEIGHT="33" WC="0.96" CONTENT="extra"/><SP WIDTH="35" VPOS="634" HPOS="1618"/>
							<String ID="string_46" HPOS="1653" VPOS="637" WIDTH="75" HEIGHT="31" WC="0.95" CONTENT="stat"/><SP WIDTH="28" VPOS="637" HPOS="1728"/>
							<String ID="string_47" HPOS="1756" VPOS="631" WIDTH="59" HEIGHT="38" WC="0.96" CONTENT="för"/><SP WIDTH="27" VPOS="631" HPOS="1815"/>
							<String ID="string_48" HPOS="1842" VPOS="635" WIDTH="42" HEIGHT="35" WC="0.96" CONTENT="år"/><SP WIDTH="30" VPOS="635" HPOS="1884"/>
							<String ID="string_49" HPOS="1914" VPOS="636" WIDTH="93" HEIGHT="36" WC="0.96" CONTENT="1901"/>
						</TextLine>
						<TextLine ID="line_7" HPOS="815" VPOS="674" WIDTH="1195" HEIGHT="53">
							<String ID="string_50" HPOS="815" VPOS="674" WIDTH="135" HEIGHT="38" WC="0.95" CONTENT="anvisa"/><SP WIDTH="40" VPOS="674" HPOS="950"/>
							<String ID="string_51" HPOS="990" VPOS="681" WIDTH="54" HEIGHT="32" WC="0.96" CONTENT="ett"/><SP WIDTH="41" VPOS="681" HPOS="1044"/>
							<String ID="string_52" HPOS="1085" VPOS="676" WIDTH="139" HEIGHT="50" WC="0.96" CONTENT="belopp"/><SP WIDTH="40" VPOS="676" HPOS="1224"/>
							<String ID="string_53" HPOS="1264" VPOS="678" WIDTH="42" HEIGHT="36" WC="0.93" CONTENT="af"/><SP WIDTH="32" VPOS="678" HPOS="1306"/>
							<String ID="string_54" HPOS="1338" VPOS="680" WIDTH="114" HEIGHT="47" WC="0.90" CONTENT="3,000"/><SP WIDTH="27" VPOS="680" HPOS="1452"/>
							<String ID="string_55" HPOS="1479" VPOS="679" WIDTH="141" HEIGHT="39" WC="0.96" CONTENT="kronor"/><SP WIDTH="27" VPOS="679" HPOS="1620"/>
							<String ID="string_56" HPOS="1647" VPOS="685" WIDTH="125" HEIGHT="35" WC="0.96" CONTENT="såsom"/><SP WIDTH="29" VPOS="685" HPOS="1772"/>
							<String ID="string_57" HPOS="1801" VPOS="684" WIDTH="209" HEIGHT="39" WC="0.96" CONTENT="understöd"/>
						</TextLine>
						<TextLine ID="line_8" HPOS="815" VPOS="725" WIDTH="1194" HEIGHT="55">
							<String ID="string_58" HPOS="815" VPOS="725" WIDTH="58" HEIGHT="37" WC="0.95" CONTENT="till"/><SP WIDTH="29" VPOS="725" HPOS="873"/>
							<String ID="string_59" HPOS="902" VPOS="726" WIDTH="249" HEIGHT="50" WC="0.96" CONTENT="företagande"/><SP WIDTH="28" VPOS="726" HPOS="1151"/>
							<String ID="string_60" HPOS="1179" VPOS="729" WIDTH="42" HEIGHT="37" WC="0.95" CONTENT="af"/><SP WIDTH="22" VPOS="729" HPOS="1221"/>
							<String ID="string_61" HPOS="1243" VPOS="729" WIDTH="248" HEIGHT="51" WC="0.96" CONTENT="forskningar"/><SP WIDTH="27" VPOS="729" HPOS="1491"/>
							<String ID="string_62" HPOS="1518" VPOS="733" WIDTH="99" HEIGHT="37" WC="0.96" CONTENT="efter"/><SP WIDTH="18" VPOS="733" HPOS="1617"/>
							<String ID="string_63" HPOS="1635" VPOS="734" WIDTH="167" HEIGHT="39" WC="0.95" CONTENT="svenska"/><SP WIDTH="21" VPOS="734" HPOS="1802"/>
							<String ID="string_64" HPOS="1823" VPOS="736" WIDTH="186" HEIGHT="38" WC="0.95" CONTENT="minnen"/><SP WIDTH="-21" VPOS="736" HPOS="2009"/>
							<String ID="string_65" HPOS="1988" VPOS="721" WIDTH="24" HEIGHT="63" WC="0.96" CONTENT="i"/>
						</TextLine>
						<TextLine ID="line_9" HPOS="813" VPOS="777" WIDTH="1196" HEIGHT="59">
							<String ID="string_66" HPOS="813" VPOS="777" WIDTH="236" HEIGHT="39" WC="0.96" CONTENT="främmande"/><SP WIDTH="18" VPOS="777" HPOS="1049"/>
							<String ID="string_67" HPOS="1067" VPOS="779" WIDTH="146" HEIGHT="50" WC="0.96" CONTENT="länder,"/><SP WIDTH="20" VPOS="779" HPOS="1213"/>
							<String ID="string_68" HPOS="1233" VPOS="781" WIDTH="122" HEIGHT="37" WC="0.95" CONTENT="under"/><SP WIDTH="15" VPOS="781" HPOS="1355"/>
							<String ID="string_69" HPOS="1370" VPOS="782" WIDTH="136" HEIGHT="49" WC="0.96" CONTENT="vilkor,"/><SP WIDTH="15" VPOS="782" HPOS="1506"/>
							<String ID="string_70" HPOS="1521" VPOS="790" WIDTH="56" HEIGHT="31" WC="0.96" CONTENT="att"/><SP WIDTH="16" VPOS="790" HPOS="1577"/>
							<String ID="string_71" HPOS="1593" VPOS="784" WIDTH="73" HEIGHT="38" WC="0.96" CONTENT="den"/><SP WIDTH="16" VPOS="784" HPOS="1666"/>
							<String ID="string_72" HPOS="1682" VPOS="799" WIDTH="151" HEIGHT="37" WC="0.96" CONTENT="person,"/><SP WIDTH="17" VPOS="799" HPOS="1833"/>
							<String ID="string_73" HPOS="1850" VPOS="788" WIDTH="159" HEIGHT="38" WC="0.96" CONTENT="hvilken"/>
						</TextLine>
						<TextLine ID="line_10" HPOS="814" VPOS="829" WIDTH="1195" HEIGHT="60">
							<String ID="string_74" HPOS="814" VPOS="829" WIDTH="163" HEIGHT="38" WC="0.96" CONTENT="erhåller"/><SP WIDTH="26" VPOS="829" HPOS="977"/>
							<String ID="string_75" HPOS="1003" VPOS="831" WIDTH="178" HEIGHT="50" WC="0.96" CONTENT="uppdrag"/><SP WIDTH="27" VPOS="831" HPOS="1181"/>
							<String ID="string_76" HPOS="1208" VPOS="838" WIDTH="55" HEIGHT="31" WC="0.96" CONTENT="att"/><SP WIDTH="27" VPOS="838" HPOS="1263"/>
							<String ID="string_77" HPOS="1290" VPOS="833" WIDTH="127" HEIGHT="38" WC="0.96" CONTENT="utföra"/><SP WIDTH="28" VPOS="833" HPOS="1417"/>
							<String ID="string_78" HPOS="1445" VPOS="835" WIDTH="161" HEIGHT="38" WC="0.96" CONTENT="berörda"/><SP WIDTH="29" VPOS="835" HPOS="1606"/>
							<String ID="string_79" HPOS="1635" VPOS="837" WIDTH="256" HEIGHT="52" WC="0.96" CONTENT="forskningar,"/><SP WIDTH="21" VPOS="837" HPOS="1891"/>
							<String ID="string_80" HPOS="1912" VPOS="840" WIDTH="97" HEIGHT="38" WC="0.96" CONTENT="skall"/>
						</TextLine>
						<TextLine ID="line_11" HPOS="812" VPOS="882" WIDTH="1197" HEIGHT="59">
							<String ID="string_81" HPOS="812" VPOS="894" WIDTH="93" HEIGHT="24" WC="0.96" CONTENT="vara"/><SP WIDTH="17" VPOS="894" HPOS="905"/>
							<String ID="string_82" HPOS="922" VPOS="882" WIDTH="156" HEIGHT="51" WC="0.96" CONTENT="skyldig"/><SP WIDTH="16" VPOS="882" HPOS="1078"/>
							<String ID="string_83" HPOS="1094" VPOS="889" WIDTH="56" HEIGHT="31" WC="0.96" CONTENT="att"/><SP WIDTH="14" VPOS="889" HPOS="1150"/>
							<String ID="string_84" HPOS="1164" VPOS="883" WIDTH="59" HEIGHT="38" WC="0.93" CONTENT="till"/><SP WIDTH="14" VPOS="883" HPOS="1223"/>
							<String ID="string_85" HPOS="1237" VPOS="884" WIDTH="233" HEIGHT="48" WC="0.91" CONTENT="vitterhets-,"/><SP WIDTH="18" VPOS="884" HPOS="1470"/>
							<String ID="string_86" HPOS="1488" VPOS="887" WIDTH="176" HEIGHT="39" WC="0.92" CONTENT="historie-"/><SP WIDTH="16" VPOS="887" HPOS="1664"/>
							<String ID="string_87" HPOS="1680" VPOS="890" WIDTH="70" HEIGHT="37" WC="0.93" CONTENT="och"/><SP WIDTH="17" VPOS="890" HPOS="1750"/>
							<String ID="string_88" HPOS="1767" VPOS="891" WIDTH="242" HEIGHT="50" WC="0.90" CONTENT="antiqvitets-"/>
						</TextLine>
						<TextLine ID="line_12" HPOS="811" VPOS="932" WIDTH="1197" HEIGHT="61">
							<String ID="string_89" HPOS="811" VPOS="932" WIDTH="224" HEIGHT="39" WC="0.93" CONTENT="akademien"/><SP WIDTH="17" VPOS="932" HPOS="1035"/>
							<String ID="string_90" HPOS="1052" VPOS="934" WIDTH="236" HEIGHT="39" WC="0.92" CONTENT="öfverlemna"/><SP WIDTH="15" VPOS="934" HPOS="1288"/>
							<String ID="string_91" HPOS="1303" VPOS="937" WIDTH="48" HEIGHT="37" WC="0.93" CONTENT="de"/><SP WIDTH="17" VPOS="937" HPOS="1351"/>
							<String ID="string_92" HPOS="1368" VPOS="937" WIDTH="262" HEIGHT="52" WC="0.92" CONTENT="afbildningar"/><SP WIDTH="16" VPOS="937" HPOS="1630"/>
							<String ID="string_93" HPOS="1646" VPOS="941" WIDTH="71" HEIGHT="38" WC="0.96" CONTENT="och"/><SP WIDTH="10" VPOS="941" HPOS="1717"/>
							<String ID="string_94" HPOS="1727" VPOS="943" WIDTH="281" HEIGHT="50" WC="0.95" CONTENT="anteckningar"/>
						</TextLine>
						<TextLine ID="line_13" HPOS="811" VPOS="986" WIDTH="1057" HEIGHT="57">
							<String ID="string_95" HPOS="811" VPOS="997" WIDTH="49" HEIGHT="24" WC="0.89" CONTENT="m."/><SP WIDTH="31" VPOS="997" HPOS="860"/>
							<String ID="string_96" HPOS="891" VPOS="998" WIDTH="62" HEIGHT="36" WC="0.88" CONTENT="m.,"/><SP WIDTH="29" VPOS="998" HPOS="953"/>
							<String ID="string_97" HPOS="982" VPOS="999" WIDTH="81" HEIGHT="25" WC="0.95" CONTENT="som"/><SP WIDTH="29" VPOS="999" HPOS="1063"/>
							<String ID="string_98" HPOS="1092" VPOS="986" WIDTH="117" HEIGHT="39" WC="0.95" CONTENT="blifva"/><SP WIDTH="28" VPOS="986" HPOS="1209"/>
							<String ID="string_99" HPOS="1237" VPOS="988" WIDTH="155" HEIGHT="38" WC="0.96" CONTENT="frukten"/><SP WIDTH="28" VPOS="988" HPOS="1392"/>
							<String ID="string_100" HPOS="1420" VPOS="990" WIDTH="42" HEIGHT="37" WC="0.96" CONTENT="af"/><SP WIDTH="22" VPOS="990" HPOS="1462"/>
							<String ID="string_101" HPOS="1484" VPOS="990" WIDTH="97" HEIGHT="38" WC="0.96" CONTENT="hans"/><SP WIDTH="29" VPOS="990" HPOS="1581"/>
							<String ID="string_102" HPOS="1610" VPOS="992" WIDTH="258" HEIGHT="51" WC="0.96" CONTENT="forskningar."/>
						</TextLine>
					</TextBlock>
				</ComposedBlock>
				<ComposedBlock ID="cblock_4" HPOS="544" VPOS="1083" WIDTH="955" HEIGHT="162">
					<TextBlock ID="block_4" HPOS="544" VPOS="1083" WIDTH="955" HEIGHT="162">
						<TextLine ID="line_14" HPOS="544" VPOS="1083" WIDTH="671" HEIGHT="55">
							<String ID="string_103" HPOS="544" VPOS="1083" WIDTH="223" HEIGHT="40" WC="0.96" CONTENT="Stockholm"/><SP WIDTH="30" VPOS="1083" HPOS="767"/>
							<String ID="string_104" HPOS="797" VPOS="1086" WIDTH="74" HEIGHT="38" WC="0.96" CONTENT="den"/><SP WIDTH="30" VPOS="1086" HPOS="871"/>
							<String ID="string_105" HPOS="901" VPOS="1089" WIDTH="49" HEIGHT="36" WC="0.96" CONTENT="30"/><SP WIDTH="28" VPOS="1089" HPOS="950"/>
							<String ID="string_106" HPOS="978" VPOS="1088" WIDTH="96" HEIGHT="50" WC="0.96" CONTENT="april"/><SP WIDTH="32" VPOS="1088" HPOS="1074"/>
							<String ID="string_107" HPOS="1106" VPOS="1091" WIDTH="109" HEIGHT="36" WC="0.65" CONTENT="1900."/>
						</TextLine>
						<TextLine ID="line_15" HPOS="919" VPOS="1190" WIDTH="580" HEIGHT="55">
							<String ID="string_108" HPOS="919" VPOS="1190" WIDTH="52" HEIGHT="37" WC="0.92" CONTENT="På"/><SP WIDTH="27" VPOS="1190" HPOS="971"/>
							<String ID="string_109" HPOS="998" VPOS="1193" WIDTH="308" HEIGHT="38" WC="0.91" CONTENT="statsutskottets"/><SP WIDTH="30" VPOS="1193" HPOS="1306"/>
							<String ID="string_110" HPOS="1336" VPOS="1200" WIDTH="163" HEIGHT="45" WC="0.96" CONTENT="vägnar:"/>
						</TextLine>
					</TextBlock>
				</ComposedBlock>
				<ComposedBlock ID="cblock_5" HPOS="976" VPOS="1294" WIDTH="468" HEIGHT="43">
					<TextBlock ID="block_5" HPOS="976" VPOS="1294" WIDTH="468" HEIGHT="43">
						<TextLine ID="line_16" HPOS="976" VPOS="1294" WIDTH="468" HEIGHT="43">
							<String ID="string_111" HPOS="976" VPOS="1294" WIDTH="113" HEIGHT="40" WC="0.92" CONTENT="CHR."/><SP WIDTH="31" VPOS="1294" HPOS="1089"/>
							<String ID="string_112" HPOS="1120" VPOS="1297" WIDTH="324" HEIGHT="40" WC="0.95" CONTENT="LUNDEBERG."/>
						</TextLine>
					</TextBlock>
				</ComposedBlock>
			</PrintSpace>
		</Page>
	</Layout>
</alto>
