2192 2618
384 186 119 33 Första
527 187 203 32 kammarens
754 188 140 32 andra
920 187 171 41 tillfälliga
1114 188 136 31 utskotts
1272 187 170 32 utlåtande
1466 188 51 31 Nr
1541 190 52 29 10.
1769 188 17 31 7

186 266 70 32 tion
281 266 50 33 till
349 266 65 33 den
431 266 120 34 odlade
568 266 131 35 arealen
718 267 108 33 skulle
845 267 92 33 bliva
954 268 9 31 i
982 268 55 32 det
1054 270 168 30 närmaste
1252 267 67 32 lika
1350 267 191 43 betungade
1559 277 41 24 av
1619 267 169 42 lednings-

187 311 187 43 stolparnas
399 311 182 43 placering.

319 355 301 43 Domänstyrelsen
656 357 61 32 har
753 357 10 31 i
799 356 68 34 viss
903 358 79 31 mån
1019 356 233 42 tillmötesgått
1287 357 259 41 föreningarnas
1575 357 130 32 önskan
1732 367 54 22 om

187 400 206 33 kostnadsfri
407 401 287 42 markupplåtelse
708 411 122 32 genom
844 404 49 30 att
906 400 108 34 delvis
1039 402 122 41 frångå
1187 402 295 32 bestämmelserna
1500 402 10 31 i
1529 402 84 31 1916
1632 403 52 31 års
1701 401 83 32 kun-

186 445 137 40 görelse.
361 445 52 31 Då
437 455 42 22 en
504 445 277 42 kronoegendom
805 445 230 33 elektrifierats
1060 456 124 31 genom
1201 446 237 33 arrendatorns
1455 446 142 42 försorg,
1615 446 61 32 har
1692 451 93 27 näm-

186 489 89 41 ligen
311 489 299 42 Domänstyrelsen
647 489 212 34 beträffande
895 490 65 32 den
985 490 54 32 del
1063 500 43 23 av
1130 490 192 41 ledningen,
1348 501 73 22 som
1446 491 105 31 tillför
1575 491 211 41 egendomen

186 537 114 35 ström,
326 533 163 41 medgivit
513 533 156 33 befrielse
693 535 77 31 från
795 534 187 41 ersättning
1005 535 54 31 för
1083 535 177 40 intrånget.
1309 534 156 33 Rörande
1490 535 66 32 den
1580 535 54 31 del
1658 545 42 21 av
1721 535 66 32 led-

186 578 136 42 ningen,
359 587 73 22 som
457 577 119 33 endast
600 582 37 28 är
672 589 41 22 av
746 582 97 38 nytta
868 579 53 31 för
945 578 106 32 andra
1076 578 218 42 föreningens
1319 579 234 39 medlemmar,
1579 579 119 33 kräves
1723 579 63 31 full

186 622 187 41 ereättning
397 621 105 43 enligt
525 623 236 42 kungörelsen.
787 623 122 32 Denna
933 633 118 23 senare
1076 623 187 42 ersättning
1287 623 61 32 har
1366 623 42 32 då
1424 623 136 42 jämlikt
1576 623 209 42 föreningar-

185 677 61 23 nas
271 667 136 41 stadgar
430 667 10 31 i
465 667 187 32 allmänhet
675 668 64 31 fått
763 667 126 32 betalas
914 667 49 32 till
988 667 299 42 Domänstyrelsen
1313 678 43 23 av
1380 668 229 32 arrendatorn.
1636 668 65 32 Det
1725 668 62 31 har

186 714 93 39 synts
315 711 368 42 Vattenfallsstyrelsen
717 723 73 21 som
815 723 55 21 om
895 712 131 32 kronan
1052 712 102 33 borde
1177 712 44 33 ha
1246 723 131 22 samma
1401 712 141 33 intresse
1566 714 52 31 för
1643 712 143 33 befräm-

184 756 102 42 jande
310 766 43 23 av
376 756 218 43 jordbrukets
619 756 239 43 elektrifiering
882 767 73 22 som
981 757 65 32 den
1072 756 150 34 enskilde
1238 757 214 43 jordägaren.
1490 757 132 33 Genom
1640 757 145 32 Domän-

185 801 181 42 styrelsens
399 801 198 33 förfarande
632 802 10 31 i
678 801 224 42 nyssberörda
938 802 194 33 hänseende
1157 801 153 34 hämmas
1334 802 187 33 emellertid
1546 802 240 41 utvecklingen

185 856 42 23 av
251 846 288 41 elektrifieringen
563 848 81 31 utav
669 846 323 41 kronoegendomar.

318 890 74 32 Den
428 890 202 39 erfarenhet,
667 901 73 22 som
764 901 142 22 numera
930 891 151 39 vunnits,
1106 891 94 41 giver
1224 891 86 33 dock
1334 891 58 33 vid
1417 891 147 39 handen,
1590 893 48 30 att
1661 891 11 31 i
1696 891 91 32 vissa

186 933 59 34 fall
278 945 41 22 en
353 934 54 32 del
441 934 206 42 egendomar
681 935 118 31 kunna
824 935 93 33 bliva
942 939 158 29 avsevärt
1119 946 285 31 ogynnsammare
1428 935 121 33 ställda
1574 935 211 33 beträffande

185 978 304 44 stolpplaceringen
526 979 116 39 ändra,
680 979 63 33 och
778 979 63 32 har
879 979 369 43 Vattenfallsstyrelsen
1284 980 114 32 därför
1432 979 152 34 förordat
1615 982 48 30 att
1687 981 10 31 i
1722 981 64 30 för-

185 1024 150 41 eningar,
372 1023 60 32 där
467 1024 36 31 så
543 1028 36 28 är
618 1023 104 37 fallet,
747 1024 188 42 ersättning
960 1024 165 33 utbetalas
1149 1024 50 32 till
1223 1024 154 43 samtliga
1403 1025 232 38 medlemmar,
1661 1025 54 41 för
1738 1028 49 28 att

185 1079 40 21 en
250 1068 175 33 rättvisare
448 1067 195 43 fördelning
668 1070 105 31 måtte
797 1069 254 33 åstadkommas
1076 1068 210 34 beträffande
1304 1069 41 32 de
1363 1069 224 42 olägenheter,
1605 1080 73 22 som
1696 1069 89 33 med-

185 1113 84 42 följa
293 1113 239 42 ledningarnas
556 1113 274 42 framdragande.

317 1157 73 33 Har
413 1168 43 22 en
481 1157 395 44 distributionsförening
900 1158 186 33 emellertid
1110 1158 146 34 beslutat
1286 1162 154 39 gottgöra
1464 1159 75 34 sina
1564 1159 223 32 medlemmar

185 1202 285 43 stolpersättning,
507 1202 65 33 blir
606 1203 56 32 det
697 1203 211 33 beträffande
939 1203 320 42 kronoegendomen
1283 1204 131 32 kronan
1439 1205 112 31 såsom
1575 1204 210 41 markägare,

185 1258 73 22 som
281 1247 118 43 plägar
422 1247 156 42 uppbära
601 1248 230 41 ersättningen
856 1248 10 32 i
891 1248 106 42 fråga,
1023 1249 110 31 under
1148 1248 64 33 det
1234 1251 48 30 att
1298 1248 253 33 vederbörande
1568 1249 217 32 kronoarren-

184 1293 105 38 dator,
326 1302 72 22 som
433 1291 130 34 ikläder
596 1293 51 42 sig
671 1292 432 43 betalningsskyldigheten
1126 1294 53 31 för
1203 1294 227 40 egendomens
1455 1293 252 41 elektrifiering,
1732 1294 54 31 får

184 1336 109 33 betala
317 1337 65 32 den
395 1336 82 33 därå
491 1336 189 43 belöpande
705 1338 143 32 andelen
873 1348 43 23 av
941 1337 228 33 kostnaderna
1193 1339 53 31 för
1270 1338 295 42 markersättning.
1596 1338 64 32 Det
1684 1347 101 32 synes

184 1381 115 33 därför
313 1380 367 43 Vattenfallsstyrelsen
694 1382 133 42 skäligt,
842 1384 48 30 att
903 1392 42 22 av
963 1382 66 32 den
1053 1383 297 41 markersättning,
1364 1394 74 22 som
1455 1383 49 32 uti
1521 1382 264 43 ifrågavarande

186 1426 60 32 fall
274 1426 68 32 kan
377 1426 140 33 komma
551 1429 49 29 att
622 1425 220 34 tillerkännas
875 1426 287 42 kronoegendom,
1198 1427 131 32 kronan
1353 1429 114 31 avstår
1491 1429 37 31 så
1551 1428 135 41 mycket
1710 1436 74 23 som

186 1470 302 34 kronoarrendator
522 1470 11 32 i
557 1471 172 42 egenskap
754 1482 43 23 av
821 1471 146 33 medlem
992 1482 43 22 av
1058 1471 203 42 föreningen
1285 1471 50 33 till
1358 1472 200 32 densamma
1581 1473 131 41 nödgas
1737 1482 48 22 er-

184 1516 99 42 lägga
317 1516 53 32 för
407 1515 181 34 täckandet
623 1526 41 23 av
700 1516 77 33 dess
810 1516 254 42 utbetalningar
1099 1516 76 33 med
1215 1516 166 34 avseende
1405 1518 19 31 å
1448 1517 334 41 markersättningar.

318 1578 196 33 Stockholm
539 1579 64 33 den
631 1579 41 33 10
696 1589 91 23 mars
814 1580 95 32 1922.

816 1669 35 32 F.
878 1668 51 33 W.
955 1668 196 33 HANSEN.

318 1733 150 32 Mauritz
492 1733 199 40 Skeppstedt.

1466 1777 38 28 H.
1530 1775 39 30 W.
1590 1777 86 26 Freit.
