2196 2618
385 196 116 30 Första
526 195 201 31 kammarens
751 194 138 31 andra
915 192 171 41 tillfälliga
1110 193 135 31 utskotts
1269 190 166 32 utlåtande
1459 191 52 31 Nr
1538 194 46 27 10.
1763 200 19 19 D

189 275 98 32 tande
323 286 42 21 av
401 274 197 41 ledningens
631 273 207 33 innehavare
864 273 185 41 ersättning
1076 274 51 31 för
1151 273 8 31 i
1185 273 145 41 anspråk
1356 276 97 38 tagen
1480 272 96 31 mark
1601 282 41 21 av
1667 271 116 31 krono-

188 319 209 42 egendomen
422 319 94 32 blivit
542 320 43 40 på
609 318 200 32 föreskrivet
833 320 65 30 sätt
915 318 163 38 bestämd,
1098 318 362 40 ersättningsbeloppet
1477 317 154 31 kommer
1648 316 135 32 domän-

189 364 124 33 fonden
339 364 148 41 tillgodo.
535 363 15 31 I
576 363 40 32 de
642 364 93 30 flesta
759 362 59 32 fall
843 363 103 41 begär
970 362 200 42 ledningens
1195 362 214 38 innehavare,
1436 372 70 20 som
1533 361 9 31 i
1568 361 90 40 regel
1683 365 36 27 är
1743 371 39 21 en

188 408 401 40 distributionsförening,
615 407 249 42 ersättningens
889 407 234 32 fastställande
1148 417 42 21 av
1215 407 171 40 styrelsen.
1435 405 14 31 I
1475 407 36 30 så
1536 405 59 32 fall
1620 405 164 32 anmodas

188 452 347 33 domänintendenten
571 452 73 38 och,
682 452 59 31 där
776 452 83 40 skog
896 452 142 38 beröres,
1075 452 228 41 jägmästaren
1335 454 48 28 att
1407 454 154 37 uppgöra
1585 449 126 41 förslag
1737 449 47 31 till

188 498 197 40 ersättning,
411 497 76 31 med
512 496 139 41 ledning
675 506 103 22 varav
804 495 161 42 styrelsen
991 495 181 32 fastställer
1198 495 165 41 beloppet.
1412 494 261 32 Vederbörande
1690 505 93 30 myn-

188 542 116 41 dighet
338 541 163 31 anmodas
534 541 146 31 därefter
710 540 101 42 tillse,
848 542 48 29 att
932 540 55 32 det
1022 539 191 32 fastställda
1244 537 364 43 ersättningsbeloppet
1631 538 154 31 kommer

189 585 254 33 domänfonden
479 585 49 31 till
557 584 97 41 godo.
702 584 47 31 År
772 584 200 40 föreningen
998 584 30 42 ej
1055 583 82 42 nöjd
1163 583 75 32 med
1265 582 178 42 styrelsens
1470 582 118 38 beslut,
1614 587 79 36 äger
1719 582 64 31 den

189 633 48 29 att
260 630 129 32 förfara
412 630 43 41 på
478 631 65 30 sätt
567 639 88 22 ovan
681 633 84 36 sägs.

321 674 52 32 Då
407 673 253 41 framställning
693 673 105 42 gjorts
823 684 42 21 av
891 673 199 40 ledningens
1114 672 207 32 innehavare
1345 675 47 28 att
1417 671 162 41 styrelsen
1605 672 102 30 måtte
1732 670 52 32 be-

189 724 145 29 stämma
379 718 168 34 eventuell
598 718 195 42 ersättning,
841 718 61 32 har
948 718 162 41 styrelsen
1159 718 41 41 på
1242 715 169 43 grundval
1449 727 43 22 av
1533 716 7 31 i
1581 715 203 32 förenämnd

190 765 144 40 ordning
351 764 161 42 uppgjort
528 763 127 42 förslag
673 763 157 32 fastställt
847 763 105 32 sådan
977 762 188 41 ersättning
1190 761 77 32 med
1292 761 138 41 ledning
1447 771 42 21 av
1506 760 199 32 förberörda
1722 761 63 31 för-

190 810 203 40 fattningarg
430 807 251 34 bestämmelser
716 808 63 31 och
814 818 42 22 av
885 807 361 42 vattenfallsstyrelsen
1270 805 191 42 uppgjorda
1485 816 143 27 normer,
1654 805 130 38 därvid,

191 865 53 21 om
270 853 182 41 ledningen
477 852 218 42 framdragits
719 854 52 30 för
796 863 131 21 annans
952 852 145 40 räkning
1121 856 43 26 än
1189 851 157 37 kronans,
1372 850 199 41 förhöjning
1596 850 87 31 skett
1707 850 76 31 med

190 900 42 31 50
256 901 139 39 procent
419 898 10 31 i
454 897 149 41 enlighet
628 897 76 31 med
733 897 83 31 1902
842 899 53 29 års
919 897 64 39 lag.
1032 895 110 33 Sedan
1168 895 104 32 Eders
1296 894 127 41 Kungl.
1450 894 99 41 Maj:t
1572 894 10 31 i
1600 894 186 41 anledning

192 954 41 21 av
265 943 118 31 därom
408 942 119 41 gjorda
551 941 231 41 ansökningar
805 941 10 31 i
841 941 162 32 särskilda
1027 940 71 39 fall,
1125 941 114 40 första
1257 941 128 40 gången
1411 949 121 30 genom
1562 939 120 40 nådigt
1706 938 80 32 brev

191 990 64 30 den
280 988 41 31 22
346 986 149 33 februari
522 986 78 32 1918
620 986 120 41 ifråga
764 996 54 22 om
843 985 360 41 kronoegendomarna
1228 983 167 33 Östanbro
1432 994 40 20 nr
1489 984 18 31 3
1538 983 62 32 och
1627 983 46 31 4i
1692 983 92 32 Väst-

191 1031 179 33 manlands
406 1031 66 39 län,
497 1031 10 31 i
531 1030 105 33 vilket
672 1030 59 32 fall
766 1031 229 40 ersättningen
1031 1030 163 33 bestämts
1218 1039 42 21 av
1284 1028 86 42 gode
1394 1032 90 35 män,
1510 1028 63 32 och
1598 1027 189 33 sedermera

191 1087 121 32 genom
338 1076 118 41 nådigt
481 1075 81 33 brev
587 1075 64 32 den
676 1077 43 30 20
743 1075 133 42 januari
903 1075 85 32 1920
1005 1074 176 42 angående
1197 1073 359 42 kronoegendomarna
1573 1072 214 41 Glemminge

192 1122 62 33 och
279 1121 85 32 Lillö
388 1120 197 43 kungsgård
602 1120 11 32 i
630 1120 247 33 Kristianstads
901 1120 56 32 län
986 1120 164 41 medgivit
1166 1122 49 29 att
1231 1118 43 32 då
1291 1122 80 28 över
1386 1117 261 42 ifrågavarande
1669 1117 116 32 krono-

192 1166 204 43 egendomar
430 1166 128 41 dragna
594 1165 177 41 ledningar
805 1165 196 32 tillkommit
1036 1163 213 34 uteslutande
1273 1164 52 30 för
1349 1162 291 43 kronoegendoms
1665 1161 120 40 behov,

192 1212 223 41 ledningarna
449 1211 88 40 finge
562 1210 202 41 avgiftsfritt
787 1220 82 23 vara
893 1210 221 41 framdragna
1139 1213 79 28 över
1243 1207 260 41 egendomarna,
1528 1207 62 32 har
1614 1207 172 42 styrelsen,

193 1267 140 22 numera
369 1256 43 31 då
446 1255 126 41 förslag
608 1255 163 40 förelegat
806 1266 54 21 om
895 1254 187 42 ersättning
1106 1254 9 31 i
1140 1253 224 33 förevarande
1400 1252 177 38 avseende,
1603 1255 109 29 ansett
1737 1252 50 41 sig

193 1302 126 38 kunna,
356 1303 81 29 utan
473 1302 49 30 att
556 1299 207 33 underställa
796 1301 119 40 frågan
951 1299 107 33 Eders
1094 1298 127 42 Kungl.
1253 1297 113 42 Maj:ts
1390 1297 179 42 prövning,
1596 1297 18 31 å
1638 1296 148 33 kronans

194 1350 129 38 vägnar
346 1346 95 32 avstå
466 1345 76 30 från
567 1345 187 41 ersättning
778 1344 210 33 beträffande
1012 1344 41 32 de
1079 1343 93 32 delar
1197 1354 43 22 av
1264 1342 191 42 ledningen,
1481 1352 73 21 som
1580 1344 108 29 avsett
1712 1341 74 32 alle-

193 1394 75 29 nast
303 1389 334 41 kronoegendomens
672 1399 84 32 egen
780 1389 246 41 elektrifiering,
1052 1390 36 30 så
1112 1391 57 35 att,
1201 1388 5 30 i
1230 1386 149 42 enlighet
1404 1386 76 32 med
1504 1385 67 33 vad
1596 1386 10 31 i
1631 1386 58 31 sist
1714 1387 72 30 åbe-

193 1435 125 43 ropade
354 1433 124 42 nådiga
501 1433 83 32 brev
608 1432 172 40 bestämts,
805 1433 200 42 ledningens
1030 1432 206 33 innehavare
1259 1431 139 32 befriats
1422 1431 75 31 från
1523 1430 186 43 ersättning
1733 1430 52 32 be-

192 1479 168 34 träffande
399 1479 134 42 stolpar,
570 1488 73 22 som
680 1478 115 33 härför
829 1478 192 38 erfordrats,
1058 1477 62 33 och
1146 1479 36 30 så
1206 1476 98 41 länge
1329 1475 39 32 de
1393 1475 174 33 användas
1592 1474 119 33 endast
1734 1477 54 30 för

192 1524 150 33 nämnda
366 1523 119 33 behov.
534 1523 218 32 Beträffande
776 1523 41 32 de
842 1522 135 40 stolpar,
1003 1533 72 22 som
1100 1521 153 43 uppbära
1278 1520 176 42 ledningar
1477 1521 54 31 för
1548 1519 240 41 distribuering

192 1581 42 21 av
258 1569 156 33 elektrisk
438 1568 92 32 kraft
552 1568 131 42 jämväl
706 1569 53 31 för
782 1579 124 28 annan,
932 1568 130 31 kronan
1087 1567 74 32 icke
1184 1566 149 41 tillhörig
1357 1565 176 41 egendom,
1559 1565 61 32 har
1637 1564 152 33 däremot

194 1615 186 41 ersättning
402 1612 177 33 fastställts
604 1613 61 33 och
691 1614 153 31 utkrävts
869 1623 42 23 av
937 1612 200 43 ledningens
1161 1611 215 32 innehavare.

324 1658 122 33 Såsom
481 1668 42 21 av
548 1657 57 33 det
628 1658 144 32 anförda
796 1659 151 41 framgår
970 1658 145 40 förfares
1140 1656 11 32 i
1175 1656 183 40 anledning
1382 1665 42 22 av
1449 1654 160 33 elektrisk
1634 1654 155 41 lednings

192 1703 263 43 framdragande
491 1707 80 27 över
607 1703 274 42 kronoegendom
906 1704 9 30 i
940 1702 150 42 enlighet
1125 1701 77 32 med
1238 1700 40 32 de
1314 1701 53 31 för
1404 1700 92 42 varje
1534 1700 57 32 fall
1616 1710 43 22 av
1683 1699 105 32 Eders

193 1750 125 41 Kungl.
358 1747 95 42 Maj:t
479 1747 176 33 bestämda
678 1747 120 33 villkor
823 1748 63 32 och
911 1747 72 33 icke
1008 1747 78 31 med
1111 1747 112 41 någon
1248 1745 187 43 självtagen
1460 1747 66 29 rätt
1549 1745 76 31 från
1651 1744 136 32 domän-

192 1795 179 42 styrelsens
395 1792 81 33 sida.

327 1839 66 32 Det
416 1847 99 32 synes
541 1838 173 42 styrelsen,
740 1840 48 29 att
812 1837 41 32 de
878 1847 42 23 av
937 1835 360 42 vattenfallsstyrelsen
1318 1835 9 31 i
1343 1835 202 31 kontrakten
1563 1834 77 32 med
1658 1834 131 41 respek-

193 1885 67 32 tive
297 1882 434 42 distributionsföreningar
766 1882 120 42 gjorda
913 1881 165 33 förbehåll
1103 1891 56 21 om
1184 1880 206 33 kostnadsfri
1414 1878 187 43 upplåtelse
1626 1889 42 22 av
1693 1879 95 31 mark

192 1930 53 31 för
267 1928 222 42 ledningarna
513 1928 73 32 icke
610 1928 81 32 böra
715 1927 117 32 kunna
856 1927 108 32 rubba
989 1926 41 32 de
1055 1925 130 39 villkor,
1210 1924 108 33 under
1334 1924 90 32 vilka
1440 1924 200 40 föreningen
1658 1923 132 32 erhållit

192 1974 160 42 rättighet
382 1976 48 29 att
452 1973 197 40 framdraga
669 1972 158 32 elektrisk
851 1972 138 41 ledning
1013 1976 82 28 över
1118 1970 273 41 kronoegendom
1417 1980 42 22 av
1485 1970 56 31 det
1565 1968 81 43 slag,
1673 1979 115 22 varom

193 2021 96 39 fråga
324 2022 46 35 är,
407 2017 61 33 och
502 2021 48 29 att
580 2019 53 31 för
657 2017 109 41 övrigt
790 2017 58 32 det
871 2017 121 32 villkor
1016 2017 53 31 för
1094 2015 232 42 medlemskap
1351 2015 9 31 i
1385 2013 403 42 distributionsförening,

193 2075 71 21 som
285 2063 184 32 innefattas
492 2063 11 31 i
528 2063 137 32 fordran
692 2064 42 40 på
758 2062 43 32 fri
826 2063 97 31 mark
947 2062 53 31 för
1025 2061 65 32 alla
1116 2060 41 32 de
1181 2060 176 41 ledningar
1381 2059 199 40 föreningen
1605 2059 67 31 kan
1697 2058 92 32 finna

192 2109 51 41 gig
280 2108 78 32 böra
394 2107 198 42 framdraga
627 2112 80 27 över
742 2107 221 42 egendomen,
989 2116 78 22 vare
1092 2105 50 42 sig
1167 2105 41 32 de
1232 2115 79 21 avse
1335 2104 209 40 egendomen
1569 2103 118 32 enbart
1711 2103 79 31 eller

193 2153 104 32 andra
334 2152 214 42 egendomar,
584 2152 68 32 kan
689 2152 154 32 medföra
878 2150 163 34 avsevärd
1068 2150 170 39 orättviea,
1264 2150 10 31 i
1298 2152 36 39 ty
1359 2152 47 29 att
1430 2151 43 40 på
1498 2148 111 41 grund
1633 2158 42 21 av
1699 2147 90 32 vissa

193 2197 246 38 förhållanden,
476 2199 111 31 såsom
611 2197 84 41 läge,
720 2197 234 41 utsträckning
990 2195 77 33 med
1103 2205 102 28 mera,
1231 2206 42 21 en
1297 2193 166 43 egendom
1488 2194 67 31 kan
1579 2193 137 32 komma
1741 2195 49 29 att

192 2243 105 33 starkt
322 2242 165 42 betungas
512 2241 108 33 under
646 2242 55 32 det
725 2244 49 30 att
798 2252 41 22 en
864 2250 112 24 annan
1001 2241 62 32 lätt
1087 2239 78 33 eller
1189 2240 29 41 ej
1246 2239 60 32 alls
1332 2239 131 32 beröres
1488 2249 42 22 av
1550 2237 148 42 ledning,
1716 2247 72 21 som

193 2298 96 23 avser
312 2297 113 22 annan
450 2287 185 42 egendoms
660 2286 248 42 elektrifiering.
956 2285 93 33 Mera
1072 2284 156 43 lämpade
1254 2285 83 32 efter
1362 2284 39 32 de
1426 2283 89 32 olika
1539 2282 251 42 egendomarna
