1916 2812
519 146 381 33 Jordbruksutskottets
925 148 176 32 utlåtande
1125 149 50 32 Nr
1204 151 48 30 37.
1617 148 18 29 3

128 233 80 29 med
234 232 98 35 högst
361 232 38 29 15
426 232 123 29 hektar
573 232 178 31 åkerareal
775 250 44 3 —
845 233 9 29 i
881 234 183 35 praktiken
1091 234 90 31 vålla
1208 235 89 31 vissa
1324 236 220 36 olägenheter
1570 238 65 29 och

128 280 176 32 måhända
325 282 87 30 även
433 282 10 30 i
464 282 89 30 vissa
575 282 62 30 fall
657 283 178 30 motverka
857 284 104 35 syftet
981 285 79 29 med
1081 284 140 31 fonden.
1244 285 171 31 Utskottet
1436 286 57 30 vill
1516 287 119 30 därför

127 331 136 32 biträda
282 332 398 35 departementschefens
700 333 127 36 förslag
846 343 58 20 om
923 334 207 36 vidtagande
1149 344 42 21 av
1210 334 108 32 sådan
1338 336 147 37 ändring
1503 337 10 29 i
1532 345 102 28 grun-

128 382 107 30 derna
259 382 54 30 för
337 381 345 32 låneverksamheten
706 385 48 28 att
777 382 58 31 lån
859 383 68 36 må,
953 384 86 30 efter
1064 385 147 31 särskild
1234 386 180 37 prövning,
1440 387 119 30 kunna
1583 391 51 26 ut-

127 432 144 35 lämnas,
311 433 119 29 oaktat
469 432 150 37 angivna
657 433 247 37 förutsättning
943 436 147 29 rörande
1129 435 220 37 låntagarnas
1391 437 244 31 arealinnehav

128 483 76 30 icke
226 482 190 37 föreligger.
441 483 140 30 Erinras
604 483 58 31 må
685 487 48 27 att
755 485 165 29 utskottet
942 485 11 29 i
976 488 46 27 ett
1043 485 153 37 tidigare,
1220 496 42 21 av
1284 487 185 37 riksdagen
1490 497 145 21 numera

126 534 153 35 godkänt
309 533 179 31 utlåtande
522 533 53 39 (nr
606 533 52 39 20)
694 535 163 35 tillstyrkt
887 535 95 37 dylik
1012 535 375 39 författningsändring
1415 537 221 31 beträffande

128 583 59 31 lån
207 583 55 31 för
282 584 235 31 anskaffande
536 594 42 20 av
599 584 391 37 linrivningsmaskiner.
1015 585 52 31 Då
1087 587 163 30 utskottet
1271 587 75 30 icke
1368 588 107 30 heller
1495 588 10 30 i
1526 588 109 37 övrigt

127 634 65 30 har
216 633 112 37 någon
354 633 139 32 erinran
517 638 48 27 att
590 635 194 30 framställa
808 639 73 27 mot
906 637 397 35 departementschefens
1328 647 48 21 nu
1401 638 235 37 föreliggande

129 684 138 36 förslag,
288 685 199 30 hemställer
505 685 176 35 utskottet,

484 772 48 27 att
548 769 185 36 riksdagen
752 768 57 32 må
826 769 122 31 bifalla
965 770 229 31 förevarande
1211 772 225 35 proposition.

175 869 199 30 Stockholm
395 869 66 30 den
482 869 20 30 6
522 868 71 38 maj
619 869 94 30 1941.

579 969 50 31 På
647 970 372 37 jordbruksutskottets
1039 972 143 36 vägnar:

718 1070 36 30 L.
777 1066 269 34 TJÄLLGREN.

165 1371 53 24 Vid
236 1371 74 24 detta
331 1371 121 24 ärendes
471 1370 232 33 slutbehandling
724 1371 73 24 hava
816 1371 138 24 närvarit:

165 1429 64 25 från
248 1430 135 24 första
401 1430 177 24 kammaren:
600 1430 100 24 herrar
720 1430 151 31 Tjällgren,
895 1430 63 25 Carl
976 1430 146 30 Eriksson,
1145 1431 132 30 Granath,
1297 1431 189 31 Gabrielsson,
1506 1432 131 25 Manner-

129 1473 108 29 skantz,
258 1480 54 17 von
334 1471 224 31 Stockenström,
580 1472 164 32 Anderberg
765 1472 53 24 och
838 1472 154 31 Svedberg;
1013 1475 73 22 samt

165 1531 64 25 från
252 1531 125 24 andra
402 1531 177 24 kammaren:
606 1531 99 24 herrar
727 1531 164 25 Andersson
916 1532 8 24 i
946 1530 107 30 Löbbo,
1078 1532 163 24 Andersson
1264 1532 8 24 i
1297 1532 162 32 Tungelsta,
1484 1533 154 30 Gustafson

129 1575 7 23 i
161 1574 171 31 Vimmerby,
355 1574 136 24 Ericsson
514 1574 7 24 i
543 1573 128 32 Sörsjön,
694 1573 163 30 Carlström,
880 1573 97 31 Mäler,
999 1574 137 31 Liedberg
1159 1575 54 24 och
1233 1575 154 24 Jacobson.
