1895 2841
265 203 19 30 6
447 196 187 31 Allmänna
661 194 398 41 beredningsutskottets
1086 191 178 31 utlåtande
1290 199 41 21 nr
1356 191 41 29 32
1422 190 39 30 år
1487 189 83 29 1970

921 304 175 32 Utskottet

311 389 12 29 I
343 388 220 30 motionerna
583 387 27 29 I:
629 386 62 30 809
712 386 65 30 och
799 386 43 29 II:
860 385 62 30 953
942 384 213 34 hemställes,
1181 384 5 29 i
1209 384 66 29 den
1296 383 54 30 del
1372 392 42 20 av
1434 381 219 29 motionerna
1676 388 75 21 som

266 443 181 30 hänvisats
469 442 52 30 till
543 441 178 30 allmänna
742 439 391 40 beredningsutskottet,
1157 447 56 21 om
1237 437 160 40 åtgärder
1420 436 54 30 för
1498 437 49 28 att
1571 434 180 30 stimulera

266 497 184 40 forskning
472 496 148 30 rörande
643 493 346 41 arbetsplatsmiljön.
1020 493 6 29 I
1050 492 178 30 motionen
1252 492 45 29 II:
1316 491 80 30 1127
1421 490 105 40 yrkas
1551 488 199 40 utredning-

266 562 39 20 ar
323 561 57 21 om
399 551 113 31 bättre
533 549 226 40 samordning
779 558 42 21 av
841 549 65 29 den
927 546 390 39 arbetsvetenskapliga,
1339 544 228 41 fysiologiska
1588 543 65 29 och
1674 551 77 31 psy-

265 606 184 40 kologiska
465 604 230 40 forskningen
715 606 89 28 samt
824 612 57 21 om
899 602 268 40 möjligheterna
1187 600 53 31 för
1261 609 42 21 en
1322 600 131 29 allmän
1473 597 217 40 inventering
1711 606 41 21 av

266 660 348 41 arbetsplatsmiljön.

311 716 177 30 Utskottet
505 714 60 30 vill
584 713 89 31 först
691 712 67 31 vad
778 712 105 40 gäller
902 712 67 30 den
989 709 379 40 arbetsvetenskapliga
1388 708 229 39 forskningen
1637 706 115 30 erinra

266 780 57 21 om
343 772 51 28 att
415 768 336 31 arbetsmedicinska
771 766 175 31 institutet
966 766 11 29 i
999 765 155 30 februari
1178 764 82 30 1970
1283 764 165 39 framlagt
1471 772 42 20 en
1535 761 217 40 redogörelse

267 825 54 31 för
342 824 155 30 aktuella
518 822 355 40 forskningsprojekt.
897 819 253 41 Redogörelsen
1173 818 166 31 omfattar
1364 819 47 28 ett
1434 815 156 41 fyrtiotal
1613 815 140 40 projekt

266 880 96 28 inom
384 878 94 29 olika
500 877 168 29 områden
691 876 176 38 nämligen
891 873 277 33 arbetsmedicin,
1193 871 254 39 arbetshygien,
1474 869 279 38 arbetsfysiologi

266 932 66 30 och
359 929 310 42 arbetspsykologi,
698 928 116 31 vartill
843 928 158 30 kommer
1031 929 47 28 ett
1108 926 95 30 antal
1232 923 340 40 tvärvetenskapliga
1602 922 149 40 projekt.

268 987 12 29 I
298 986 243 40 redogörelsen
558 984 139 31 anföres
715 984 44 29 bl.
773 993 29 20 a.
821 984 49 29 att
888 982 66 30 den
971 982 168 29 moderna
1158 979 353 39 arbetsvetenskapen
1529 978 53 29 till
1602 976 151 30 skillnad

267 1040 80 30 från
366 1040 67 30 den
452 1039 146 40 tidigare
617 1037 168 31 bedrivna
804 1037 71 29 inte
895 1038 38 28 är
952 1035 187 30 inskränkt
1158 1034 53 30 till
1232 1036 48 28 att
1303 1032 111 41 syssla
1434 1032 78 29 med
1532 1031 56 30 väl
1609 1030 144 30 definie-

265 1095 84 30 rade
371 1093 246 41 yrkesskador,
641 1091 171 31 orsakade
836 1100 41 20 av
901 1089 235 41 avgränsbara
1158 1090 91 38 yttre
1274 1086 256 31 förhållanden.
1556 1085 74 29 Den
1656 1085 97 29 ställs

266 1149 12 29 i
300 1150 71 29 stor
393 1146 245 40 utsträckning
659 1145 94 31 inför
775 1154 96 21 mera
894 1143 301 31 svårbestämbara
1216 1141 173 40 yttringar
1413 1150 42 20 av
1478 1139 275 38 hälsorubbning

266 1203 66 30 och
350 1202 94 31 inför
463 1201 186 40 komplexa
669 1198 381 39 orsakssammanhang
1071 1197 62 30 där
1154 1196 136 40 fysiska
1311 1195 65 30 och
1396 1194 170 41 psykiska
1587 1193 165 33 faktorer,

267 1256 246 31 förhållanden
538 1255 95 29 inom
660 1254 65 30 och
752 1253 142 30 utanför
922 1252 253 36 arbetsplatsen
1203 1260 44 19 m.
1262 1259 45 20 m.
1335 1250 71 29 kan
1431 1257 84 20 vara
1543 1246 211 30 inblandade

267 1311 65 30 och
350 1310 45 40 på
411 1310 95 30 olika
525 1310 67 29 sätt
611 1308 152 40 påverka
780 1306 183 31 varandra.
984 1304 361 39 Arbetsvetenskapen
1365 1302 111 30 måste
1498 1301 132 31 således
1650 1301 11 29 i
1683 1302 71 28 stor

267 1364 213 39 omfattning
495 1366 37 27 ta
545 1372 71 30 upp
631 1360 340 39 tvärvetenskapliga
985 1359 150 40 projekt.

312 1419 58 30 Ett
391 1415 281 41 förverkligande
694 1425 42 20 av
756 1417 48 28 ett
826 1413 369 39 forskningsprogram
1218 1421 74 21 som
1316 1411 56 29 det
1395 1418 89 22 ovan
1506 1409 149 30 berörda
1676 1408 79 30 krä-

267 1482 59 21 ver
349 1471 190 32 avsevärda
561 1479 167 22 resurser.
751 1469 76 30 Den
849 1467 148 41 höjning
1021 1476 42 21 av
1087 1466 155 40 anslaget
1267 1465 51 30 till
1344 1462 336 33 arbetsmedicinska
1704 1462 51 29 in-

269 1527 135 31 stitutet
426 1535 76 21 som
521 1524 163 40 beviljats
706 1533 42 21 av
769 1523 91 30 årets
881 1522 142 40 riksdag
1046 1530 109 25 avser,
1179 1520 103 30 såvitt
1306 1518 154 40 framgår
1484 1528 41 20 av
1549 1516 205 31 statsverks-

269 1580 272 42 propositionen,
565 1579 45 30 bl.
625 1588 29 20 a.
677 1579 51 28 att
751 1577 102 30 täcka
876 1576 237 30 kostnaderna
1138 1574 54 30 för
1217 1583 42 21 en
1284 1572 240 39 förstärkning
1550 1581 42 20 av
1616 1571 139 29 institu-

268 1637 67 28 tets
356 1632 365 42 arbetspsykologiska
740 1640 157 21 resurser
916 1630 65 29 och
1001 1630 54 29 för
1074 1639 42 20 en
1136 1628 131 39 ökning
1287 1637 41 20 av
1350 1627 192 30 institutets
1564 1625 191 39 uppdrags-

268 1689 234 30 verksamhet.
533 1688 13 29 I
577 1687 56 30 det
663 1686 113 30 likaså
805 1685 108 40 höjda
945 1684 155 39 anslaget
1130 1683 52 29 till
1214 1679 445 41 arbetarskyddsstyrelsen
1691 1679 65 29 har

268 1742 112 31 medel
401 1742 189 30 beräknats
613 1741 54 29 för
689 1741 51 29 att
762 1739 170 39 styrelsen
952 1737 88 30 bl.a.
1064 1745 123 31 genom
1210 1736 159 39 uppdrag
1391 1734 53 30 till
1467 1734 176 29 institutet
1667 1733 88 29 skall

268 1797 37 30 få
318 1796 229 39 utredningar
561 1795 44 40 på
620 1791 432 41 arbetarskyddsområdet
1067 1789 238 41 genomförda.

313 1850 150 30 Behovet
482 1859 42 20 av
542 1847 302 39 arbetsforskning
863 1855 102 30 synes
983 1843 193 32 emellertid
1193 1844 144 29 komma
1355 1844 50 28 att
1425 1841 330 41 uppmärksammas

270 1906 86 29 även
381 1905 11 29 i
416 1906 48 27 ett
491 1904 106 29 annat
624 1901 265 38 sammanhang.
917 1899 130 30 Chefen
1074 1898 54 29 för
1156 1896 385 40 socialdepartementet
1567 1895 64 29 har
1659 1895 97 29 näm-

269 1959 92 39 ligen
380 1957 165 31 tillkallat
566 1955 221 39 sakkunniga
808 1954 54 29 för
884 1963 42 20 en
949 1953 130 30 allmän
1100 1953 148 37 översyn
1269 1960 41 20 av
1333 1943 424 49 arbetarskyddslagstift-

269 2012 139 40 ningen.
434 2011 13 29 I
472 2011 41 30 de
537 2011 70 29 rätt
631 2008 218 32 omfattande
875 2007 195 30 direktiven
1097 2005 53 31 för
1176 2004 233 39 utredningen
1436 2002 204 30 framhålles
1666 2002 89 29 bl.a.

270 2068 50 28 att
347 2066 56 30 det
430 2067 38 29 är
496 2074 43 20 en
565 2063 250 40 angelägenhet
843 2061 54 30 för
926 2059 288 39 arbetarskyddet
1242 2060 50 28 att
1319 2058 127 29 beakta
1474 2057 281 38 arbetstagarnas

269 2121 80 29 hela
367 2118 281 31 hälsosituation.
670 2118 52 29 En
744 2117 120 38 skärpt
885 2114 236 39 övervakning
1141 2114 62 29 bör
1225 2113 60 29 ske
1306 2112 11 30 i
1339 2111 91 40 syfte
1451 2113 51 28 att
1524 2109 233 39 arbetsmiljö-

270 2175 204 29 faktorerna
502 2172 88 30 skall
617 2172 47 29 bli
692 2169 194 38 anpassade
914 2168 53 30 till
996 2168 66 30 den
1089 2166 197 39 mänskliga
1315 2164 277 31 arbetskraftens
1622 2163 135 40 fysiska

269 2229 66 30 och
362 2227 169 41 psykiska
559 2224 305 40 förutsättningar.
894 2222 200 40 Översynen
1125 2221 88 30 skall
1244 2219 133 31 således
1409 2218 92 40 syfta
1531 2217 53 31 till
1615 2226 42 21 en
1687 2217 69 40 lag-

271 2282 163 39 stiftning
457 2290 75 21 som
556 2289 119 22 svarar
699 2280 73 28 mot
796 2287 42 20 en
861 2277 155 30 breddad
1041 2274 228 39 målsättning
1294 2274 55 29 för
1374 2271 298 40 arbetarskyddet.
1699 2271 58 30 Ut-

269 2336 193 40 redningen
485 2335 65 29 har
577 2335 49 29 att
651 2333 127 30 beakta
804 2332 41 29 de
871 2329 282 32 internationella
1182 2327 233 32 strävandena
1442 2327 44 39 på
1514 2325 244 40 arbetarskyd-

270 2392 76 29 dets
364 2390 153 30 område.
536 2389 50 29 De
605 2387 192 31 anställdas
817 2385 221 40 möjligheter
1059 2385 50 29 att
1129 2383 64 30 öva
1212 2381 196 40 inflytande
1428 2380 46 40 på
1493 2380 265 39 utformningen

271 2454 42 21 av
337 2442 243 40 arbetsmiljön
605 2441 90 31 skall
720 2441 106 39 ägnas
852 2441 72 28 stor
948 2436 325 41 uppmärksamhet.
1300 2435 76 30 Stor
1402 2434 74 30 vikt
1503 2442 101 31 synes
1631 2434 11 29 i
1669 2433 89 30 före-

270 2498 152 30 varande
445 2496 255 38 sammanhang
720 2495 86 29 böra
827 2493 111 30 fästas
959 2492 59 30 vid
1039 2493 51 28 att
1112 2489 232 39 utredningen
1368 2489 89 29 skall
1480 2490 35 27 ta
1539 2497 71 30 upp
1634 2487 123 39 frågan

270 2561 57 21 om
350 2551 180 30 formerna
551 2550 54 29 för
628 2546 336 32 arbetsmedicinska
989 2544 193 31 institutets
1207 2541 205 41 deltagande
1436 2543 11 29 i
1472 2541 284 39 arbetarskydds-

269 2605 279 31 verksamheten.
