2206 2685
446 220 245 34 Sammansatta
714 221 104 34 Stats-
843 224 68 39 (och
933 225 270 42 Lag-)utskottets
1232 228 175 35 Utlåtande
1430 232 62 33 N:o
1514 236 28 29 3.
1729 241 38 28 17

325 304 282 48 Ifrågavarande
647 308 133 46 förslag
820 314 40 31 är
901 310 175 38 föranledt
1112 314 39 35 af
1182 314 222 48 Riksdagens
1441 320 185 38 skrifvelse
1663 324 66 35 den
1762 327 43 35 19

193 357 89 43 april
322 359 107 43 1899,
467 359 73 35 deri
575 359 204 46 Riksdagen
820 360 160 47 anhållit,
1009 367 54 32 att
1095 364 120 46 Kongl
1237 366 109 47 Maj:t
1372 371 139 35 täcktes
1537 371 74 38 låta
1638 377 166 35 utarbeta

193 408 63 35 och
296 408 55 35 för
382 409 204 46 Riksdagen
614 411 198 46 framlägga
838 413 133 46 förslag
997 415 55 35 till
1079 417 260 37 bestämmelser
1365 421 219 38 beträffande
1612 426 31 44 ej
1669 427 134 37 mindre

191 459 93 34 hvad
317 460 145 35 domstol
489 462 85 34 eller
601 463 129 34 allmän
757 461 169 47 åklagare
954 466 89 35 hade
1071 470 54 32 att
1152 468 162 46 iakttaga
1342 471 54 35 för
1423 476 54 32 att
1505 473 132 38 erhålla
1665 478 137 36 biträde

191 509 38 34 af
266 511 75 34 tolk
376 515 44 31 än
461 512 105 36 äfven
607 514 149 34 rörande
792 516 197 44 ersättning
1016 515 37 37 åt
1079 529 136 34 person,
1244 530 82 35 som,
1356 522 91 36 efter
1475 525 117 36 derom
1619 528 40 34 af
1682 532 117 33 rätten

190 561 84 34 eller
301 562 40 34 af
365 563 129 34 allmän
521 561 170 47 åklagare
714 565 101 45 gjord
843 566 270 47 framställning,
1142 568 111 38 såsom
1269 573 74 35 tolk
1366 574 59 35 vid
1447 579 118 33 rätten
1581 574 216 56 tjenstgjort.

321 662 107 36 Emot
455 664 65 35 den
547 675 48 24 nu
622 665 200 45 föreslagna
849 668 121 44 lagens
998 670 259 37 bestämmelser
1283 674 65 35 har
1375 677 174 36 utskottet
1576 679 77 36 icke
1680 677 117 53 funnit

188 713 53 44 sig
267 714 86 35 böra
380 717 86 42 göra
493 713 116 47 någon
636 716 141 36 erinran
805 719 65 34 och
896 717 56 37 får
974 719 104 37 alltså
1105 722 196 46 hemställa,

641 821 54 32 att
733 818 205 46 Riksdagen
977 820 67 46 må,
1085 824 77 34 med
1190 825 98 35 bifall
1316 827 54 35 till
1396 827 131 48 Kongl.
1556 831 127 47 Maj:ts
1710 835 87 35 före-

589 870 157 34 varande
773 870 142 46 förslag,
945 875 131 43 antaga
1104 874 169 46 följande:

1153 992 89 51 Lag

876 1087 52 23 om
955 1077 85 35 tolks
1066 1079 180 36 anlitande
1272 1082 59 34 vid
1357 1083 150 36 domstol.

636 1174 217 46 Härigenom
880 1177 183 36 förordnas
1090 1190 71 25 som
1189 1181 115 45 följer:

1153 1282 80 46 1:8;

635 1344 55 42 Är
728 1353 12 34 i
780 1352 69 37 mål
888 1355 84 35 eller
1010 1358 140 44 ärende,
1187 1369 71 25 som
1291 1361 59 35 vid
1378 1362 145 37 domstol
1549 1365 243 49 förekommer,

586 1406 92 41 part,
716 1404 113 35 vittne
869 1406 85 35 eller
993 1417 128 35 annan,
1159 1420 70 25 som
1258 1412 90 35 skall
1374 1413 93 36 inför
1492 1419 118 33 rätten
1638 1415 153 54 afhöras,

586 1453 78 35 icke
704 1456 137 44 mäktig
880 1458 151 35 svenska
1071 1458 154 47 språket,
1263 1460 55 37 må
1354 1464 74 35 tolk
1455 1466 170 37 tillkallas
1652 1473 55 32 att
1733 1472 59 35 vid

586 1505 157 35 förhöret
769 1509 117 33 rätten
914 1508 149 37 biträda.
1285 1526 10 10 .

634 1548 55 42 Är
716 1557 76 44 den,
818 1568 71 25 som
916 1560 90 34 skall
1033 1561 115 44 höras,
1173 1563 61 35 döf
1258 1565 84 34 eller
1369 1568 101 44 stum,
1500 1570 63 34 och
1590 1571 71 35 kan
1676 1572 32 45 ej
1725 1573 65 35 för-

584 1606 102 34 höret
724 1608 189 44 lämpligen
953 1611 61 34 ske
1053 1613 145 35 medelst
1238 1615 198 45 skriftligen
1473 1619 170 37 affattade
1670 1621 121 46 frågor

584 1657 84 34 eller
695 1668 92 34 svar,
815 1657 56 37 må
898 1658 111 38 såsom
1036 1663 76 35 tolk
1138 1664 169 37 tillkallas
1334 1665 125 48 någon,
1479 1680 71 25 som
1578 1671 131 38 förstår
1735 1677 55 33 att

582 1708 158 35 meddela
768 1709 53 45 sig
843 1712 77 33 med
948 1712 75 45 den,
1053 1724 70 24 som
1152 1716 90 34 skall
1269 1718 113 35 höras.

1149 1816 79 47 28.

632 1883 100 37 Skall
760 1888 128 34 allmän
916 1890 74 35 tolk
1017 1901 88 26 vara
1132 1893 59 35 vid
1218 1898 118 32 rätten
1364 1899 148 43 anstäld,
1542 1901 107 35 varde
1677 1900 108 38 sådan

578 1936 76 34 tolk
693 1937 185 37 tillkallad.
932 1939 20 35 I
987 1945 109 32 annat
1128 1944 62 34 fall
1217 1945 162 37 förordne
1405 1951 119 33 rätten
1551 1949 114 45 någon
1693 1957 55 31 att
1773 1955 12 34 i

581 1984 106 37 målet
727 1989 85 34 eller
852 1992 145 34 ärendet
1037 1992 112 37 såsom
1186 1996 75 35 tolk
1300 1998 156 46 biträda;
1488 2003 117 34 rätten
1634 2013 62 35 ege
1723 2006 62 34 hos

582 2035 218 47 Konungens
839 2041 389 46 befallningshafvande
1267 2045 141 47 påkalla
1448 2051 136 36 biträde
1612 2053 54 35 för
1693 2057 92 34 tolks

581 2086 213 39 erhållande.

627 2137 189 38 Erfordras
856 2142 59 35 vid
954 2144 203 37 häradsrätt
1189 2149 177 35 anlitande
1390 2152 39 34 af
1453 2154 84 42 tolk,
1568 2156 63 34 och
1658 2158 129 35 varder

578 2189 166 36 behofvet
770 2192 152 45 kunnigt
948 2192 21 37 å
996 2195 61 44 tid,
1087 2195 43 37 då
1156 2202 119 32 rätten
1302 2200 31 45 ej
1363 2202 110 44 sitter,
1504 2203 53 37 må
1584 2206 202 38 häradshöf-

579 2239 127 45 dingen
746 2243 146 44 vidtaga
932 2243 126 47 åtgärd
1097 2248 55 35 för
1178 2250 93 35 tolks
1299 2250 211 49 erhållande,
1540 2256 91 36 efter
1657 2262 40 41 ty
1724 2260 65 35 här

579 2289 96 36 förut
698 2295 41 31 är
766 2295 114 42 sagdt.

266 2343 73 31 Bih.
366 2343 53 32 till
440 2344 115 33 Biksd.
580 2347 89 33 Prot.
694 2352 91 29 1902.
829 2354 21 29 4
873 2352 99 33 Saml.
1017 2356 23 30 2
1059 2355 79 41 Afd.
1167 2359 23 30 2
1209 2357 98 42 Häft.
1714 2370 16 28 3
