2230 2640
419 217 38 27 48
951 214 231 28 Statsutskottets
1211 213 152 29 Utlåtande
1388 214 57 27 N:o
1469 215 25 26 9.

419 291 179 37 stundom
626 290 231 50 uppgående
884 290 57 36 till
970 290 73 36 den
1072 290 87 36 med
1186 288 265 48 befattningen
1479 288 181 36 förenade
1688 288 135 36 lönens
1851 286 141 50 belopp
2017 285 12 36 i

419 342 126 47 lägsta
573 341 249 49 lönegraden,
850 340 69 37 fått
945 343 103 45 utgå.
1087 340 150 37 Sådana
1264 339 66 37 fall
1358 339 123 37 skulle
1511 339 220 48 säkerligen
1751 337 113 37 äfven
1883 337 11 36 i
1914 337 114 36 fram-

418 392 106 36 tiden
564 391 236 37 förekomma
840 392 71 35 och
950 391 110 36 torde
1102 390 126 37 derför
1269 390 93 36 böra
1401 389 87 37 med
1529 392 119 45 några
1683 388 68 37 ord
1784 388 101 36 afses
1913 388 11 36 i
1954 387 75 37 den

419 443 291 47 ifrågavarande
747 442 182 49 punkten.
986 441 141 36 Vidare
1168 440 124 37 skulle
1334 454 47 23 en
1421 445 135 43 sträng
1595 439 179 48 tolkning
1802 438 41 36 af
1866 437 163 37 berörda

419 493 122 49 punkt
576 493 127 36 kunna
740 492 183 46 medföra,
960 497 54 31 att
1050 492 65 36 det
1149 492 121 47 högre
1308 490 175 37 arfvodet
1518 494 120 33 måste
1666 494 138 42 vägras
1833 488 197 48 åtskilliga

420 549 107 30 extra
572 543 189 37 ordinarie
807 543 132 46 lärare,
985 555 83 24 som
1114 555 115 36 synas
1275 541 93 37 böra
1408 541 153 37 komma
1594 540 12 36 i
1646 539 223 50 åtnjutande
1910 538 117 37 deraf.

418 593 433 49 Departementschefen
877 593 131 36 tänkte
1036 593 70 35 här
1132 597 171 32 närmast
1326 594 49 46 på
1395 592 98 46 dem,
1513 605 81 23 som
1616 591 117 47 aflagt
1753 590 96 36 både
1868 589 160 37 filosofie

420 644 202 37 kandidat-
650 645 71 36 och
750 643 399 46 dimissionsexamen,
1177 656 87 23 men
1292 642 141 47 hvilka,
1462 643 119 35 ehuru
1611 642 47 36 de
1686 641 108 36 idkat
1821 640 108 48 långt
1947 639 83 36 vid-

419 695 211 36 sträcktare
659 694 248 37 akademiska
926 694 158 47 studier,
1104 698 47 31 än
1172 706 82 23 som
1274 693 11 35 i
1305 693 132 48 regeln
1459 692 242 37 erfordrades
1721 691 58 36 för
1798 690 233 49 behörighet

419 745 57 36 till
517 745 412 49 adjunktsbefattning,
970 744 100 37 dock
1110 744 127 36 kunde
1279 743 120 37 sakna
1435 743 107 49 dylik
1584 742 243 48 behörighet,
1869 741 159 36 emedan

420 796 110 36 deras
571 796 347 36 kandidatexamen
959 795 84 36 icke
1085 794 206 37 omfattade
1333 794 74 36 alla
1443 793 127 37 derför
1598 792 254 48 erforderliga
1879 796 149 31 ämnen.

419 847 57 35 Då
503 846 143 36 sådana
664 846 228 36 kandidater
911 858 138 35 genom
1071 845 135 48 nådigt
1225 845 128 36 beslut
1371 844 135 37 vunnit
1524 844 226 49 kompetens
1767 843 57 36 till
1839 841 191 37 ordinarie

419 896 352 49 lärarebefattning,
800 901 132 44 syntes
962 895 46 37 de
1037 896 114 36 äfven
1180 896 92 36 böra
1299 895 153 36 komma
1480 895 10 35 i
1519 894 223 49 åtnjutande
1769 892 40 38 af
1826 893 64 36 det
1909 893 121 47 högre

420 947 372 49 arfvodesbeloppet.
847 947 134 36 Denna
1017 945 146 37 förmån
1200 945 109 37 torde
1342 946 112 36 äfven
1482 944 187 49 billigtvis
1698 944 93 36 böra
1817 943 214 37 tillkomma

419 998 119 36 andra
578 1003 107 31 extra
725 997 190 37 ordinarie
957 997 268 45 ämneslärare,
1266 996 152 36 hvilkas
1459 995 249 37 akademiska
1748 1007 161 24 examen
1945 993 85 36 icke

421 1048 236 37 omedelbart
685 1048 197 36 medförde
910 1048 226 48 kompetens
1165 1047 57 36 till
1250 1046 191 36 ordinarie
1469 1044 352 49 lärarebefattning,
1841 1057 86 23 men
1947 1057 83 23 som

419 1101 48 47 på
494 1098 127 48 grund
649 1098 39 37 af
713 1111 125 23 annan
866 1097 271 49 vetenskaplig
1164 1097 92 36 eller
1275 1096 245 49 pedagogisk
1539 1095 178 49 förtjenst
1736 1108 140 35 genom
1896 1094 137 48 nådigt

418 1149 127 37 beslut
572 1148 143 37 erhölle
744 1148 119 37 sådan
891 1148 238 48 kompetens.

518 1200 54 36 På
611 1199 125 48 grund
778 1199 42 36 af
854 1198 101 37 hvad
996 1198 161 36 sålunda
1196 1197 127 37 blifvit
1364 1196 161 45 anfördt,
1561 1196 98 36 hade
1705 1195 11 36 i
1761 1194 269 49 föreliggande

421 1250 130 48 kongl.
580 1249 239 50 proposition
847 1249 136 36 insatts
1013 1249 96 36 efter
1137 1248 118 36 orden
1274 1258 194 36 »examen,
1489 1260 82 23 som
1591 1246 168 37 medför»
1780 1246 118 36 orden
1918 1246 114 36 »eller

421 1301 41 36 af
484 1300 142 48 Kongl.
655 1300 105 49 Maj:t
795 1312 138 36 genom
968 1299 185 36 särskildt
1179 1299 127 36 beslut
1333 1298 203 36 förklarats
1566 1297 191 36 medföra
1787 1294 246 50 (behörighet

422 1351 58 37 till
507 1347 369 51 lärarebefattning).

520 1402 88 36 Men
648 1406 91 31 enär
779 1414 48 23 en
868 1403 41 33 så
949 1405 135 43 sträng
1123 1399 179 48 tolkning
1329 1412 82 23 som
1441 1399 74 36 den
1543 1398 41 37 af
1607 1397 424 50 departementschefen

421 1452 252 36 omförmälda
713 1450 288 48 otvifvelaktigt
1040 1450 84 37 icke
1165 1455 41 31 är
1247 1450 40 36 af
1323 1449 138 46 nöden,
1499 1449 68 36 har
1603 1449 188 36 utskottet
1830 1453 127 31 ansett
1984 1448 48 36 de

422 1503 113 36 ofvan
572 1502 158 37 anförda
766 1501 162 49 tillagda
964 1501 120 37 orden
1120 1500 229 48 obehöfliga.
1405 1500 81 37 Och
1525 1500 47 36 då
1609 1499 158 49 dispens
1796 1498 11 36 i
1835 1499 108 48 fråga
1971 1512 60 23 om

422 1553 291 48 genomgående
755 1552 41 37 af
831 1552 127 49 profår
997 1552 86 36 icke
1124 1551 11 36 i
1176 1551 288 49 propositionen
1506 1550 183 48 angifvits
1727 1552 126 34 såsom
1891 1549 42 37 af
1955 1549 78 36 lika

421 1604 144 36 verkan
601 1603 86 36 med
724 1602 297 49 vederbörligen
1058 1604 299 46 genomgången
1392 1601 253 49 profårskurs,
1674 1606 100 31 samt
1801 1600 125 36 denna
1954 1613 78 23 om-

422 1654 234 48 ständighet,
684 1653 65 36 vid
779 1653 65 37 det
870 1653 239 36 förhållande
1137 1658 55 31 att
1219 1652 159 49 dispens
1407 1652 86 36 med
1522 1651 181 37 afseende
1732 1654 21 33 å
1772 1663 161 24 examen
1953 1654 79 32 sär-

421 1705 119 36 skildt
567 1709 229 42 omnämnts,
824 1704 109 36 torde
960 1704 129 36 kunna
1123 1703 100 36 vålla
1259 1702 146 47 tvifvel,
1434 1701 189 37 huruvida
1650 1707 108 31 extra
1786 1701 133 47 lärare,
1948 1714 83 23 som

422 1755 150 36 erhållit
608 1755 157 49 dispens
803 1754 81 36 från
920 1754 255 49 profårskurs,
1204 1758 41 31 är
1272 1752 218 49 berättigad
1517 1752 59 37 till
1604 1752 64 36 det
1696 1752 121 48 högre
1846 1751 186 47 arfvodet,

422 1819 112 23 anser
561 1805 187 37 utskottet
776 1805 47 36 de
852 1804 159 37 sålunda
1038 1804 197 49 inskjutna
1262 1804 120 36 orden
1409 1804 94 36 böra
1529 1805 103 46 utgå.
1686 1802 198 38 Utskottet
1911 1803 122 35 finner

423 1856 104 37 detta
563 1858 42 34 så
641 1856 155 48 mycket
831 1855 119 37 hellre
988 1855 129 36 kunna
1150 1855 79 47 ske,
1259 1867 81 24 som
1371 1867 139 35 genom
1539 1854 46 36 de
1613 1853 12 36 i
1653 1853 135 49 början
1817 1853 41 36 af
1881 1852 153 49 stycket

422 1906 311 37 förekommande
772 1906 119 36 orden
927 1906 150 36 »derest
1113 1905 84 36 icke
1234 1905 138 46 Kongl.
1407 1905 107 47 Maj:t
1545 1904 9 35 i
1585 1903 192 37 särskilda
1804 1903 62 36 fall
1897 1916 132 23 annor-

422 1957 116 37 lunda
565 1957 264 46 bestämmer»,
858 1956 140 49 Kongl.
1027 1956 107 48 Maj:t
1169 1956 99 36 lärer
1309 1968 91 23 vara
1433 1954 248 37 oförhindrad
1711 1960 65 41 att,
1805 1957 126 33 såsom
1959 1953 74 36 hit-

421 2008 78 36 tills
529 2008 113 46 skett,
670 2007 230 37 tillerkänna
928 2007 64 36 det
1019 2007 121 47 högre
1169 2005 175 37 arfvodet
1363 2009 37 33 åt
1419 2011 106 31 extra
1544 2006 134 47 lärare,
1699 2017 95 32 som,
1815 2003 217 38 oberoende

422 2058 84 37 utaf
529 2058 151 49 aflagda
707 2058 97 49 prof,
833 2057 12 36 i
881 2057 173 48 enlighet
1090 2057 86 36 med
1205 2054 42 49 $$
1277 2058 46 35 53
1353 2056 70 37 och
1453 2058 47 35 55
1528 2056 12 36 i
1567 2055 142 49 Kongl.
1739 2055 126 49 Maj:ts
1894 2054 139 48 stadga

423 2108 57 36 för
519 2109 119 36 rikets
676 2109 192 36 allmänna
903 2108 188 47 läroverk,
1129 2107 203 36 förklarats
1371 2107 223 49 kompetent
1630 2112 55 31 att
1720 2106 95 36 söka
1843 2104 189 38 ordinarie

423 2159 350 48 lärarebefattning.

522 2209 18 35 I
568 2210 104 36 detta
700 2209 278 48 sammanhang
1006 2209 68 37 har
1101 2208 188 37 utskottet
1307 2207 57 37 till
1384 2206 237 48 behandling
1640 2205 165 37 förehaft
1823 2218 48 23 en
1891 2205 41 37 af
1945 2205 88 37 herr

422 2260 36 37 S.
483 2259 39 37 J.
552 2260 151 37 Kardell
732 2260 127 46 väckt,
895 2260 56 36 till
989 2259 287 37 statsutskottet
1302 2258 221 37 remitterad
1552 2256 144 37 motion
1725 2253 76 49 (n:o
1832 2257 69 35 110
1930 2256 102 37 inom
