2236 2646
753 199 230 30 Statsutskottets
1012 199 153 29 Utlåtande
1188 198 56 29 N:o
1267 199 28 27 9.
1788 195 36 27 19

216 280 144 38 verken
398 279 70 37 och
506 276 289 51 pedadogierna
831 276 55 36 till
920 276 97 37 1890
1047 275 61 37 års
1137 275 171 48 Riksdag,
1337 273 72 37 och
1437 272 11 37 i
1477 272 125 37 denna
1630 276 194 45 upptogos

218 330 253 38 oförändrade
500 329 47 37 de
575 328 158 48 förslag,
762 340 82 24 som
873 326 10 36 i
916 329 92 35 1887
1039 329 59 34 års
1126 325 238 51 proposition
1392 322 244 39 framstäldes
1665 322 88 37 med
1772 321 53 38 af-

218 381 141 38 seende
387 384 48 46 på
463 380 169 36 lärarnes
662 379 103 36 löne-
798 378 70 36 och
897 377 393 50 pensionsreglering.

318 432 88 36 Med
448 430 181 37 afseende
670 432 48 47 på
759 429 74 36 den
870 428 221 48 föreslagna
1117 426 272 49 förhöjningen
1416 425 12 37 i
1457 425 169 36 lärarnes
1656 423 170 48 aflöning

216 483 152 49 yttrade
410 481 191 37 särskilda
641 480 187 37 utskottet
865 479 65 36 vid
973 480 95 35 1890
1109 481 60 34 års
1212 477 158 48 riksdag
1402 474 327 49 hufvudsakligen
1757 474 69 36 föl-

221 535 120 36 jande.

213 548 14 35 )
317 583 130 37 »Hvad
479 584 119 46 angår
625 580 182 38 behofvet
835 580 41 37 af
898 579 321 48 löneförbättring
1248 578 57 37 för
1333 578 160 46 lärarne,
1523 578 42 34 så
1592 580 41 32 är
1653 575 65 36 det
1737 574 89 37 obe-

217 635 179 48 stridligt,
426 639 54 32 att
508 633 112 36 desse
650 633 230 48 tjenstemän
909 636 65 32 äro
1003 629 242 49 väsentligen
1274 633 124 32 sämre
1427 626 174 38 aflönade
1622 630 47 32 än
1690 625 134 49 öfrige,

218 686 130 37 hvilka
376 690 65 32 äro
470 684 87 36 med
586 683 85 37 dem
701 682 179 36 likstälde
908 682 11 36 i
949 681 181 37 afseende
1159 683 47 46 på
1225 679 220 47 utbildning
1461 678 72 37 och
1552 676 273 50 tjenstgöring,

218 737 57 36 till
317 737 71 36 och
430 735 86 37 med
558 739 124 32 sämre
725 738 47 32 än
813 733 100 45 flere,
951 732 151 37 hvilkas
1132 730 219 38 studiekurs
1381 729 84 37 icke
1493 729 76 36 kan
1598 728 87 36 med
1714 727 110 37 deras

213 787 197 49 jemföras,
439 785 152 37 hvartill
621 785 184 45 kommer,
834 789 54 31 att
915 783 215 48 utsigterna
1156 782 58 36 till
1242 780 205 37 befordran
1473 779 58 37 till
1555 778 270 47 förmånligare

219 838 270 47 befattningar,
531 838 127 34 såsom
700 834 41 37 af
780 836 94 34 1878
912 836 60 34 års
1001 830 452 50 löneregleringskomité
1480 829 133 47 visats,
1643 833 65 32 äro
1737 841 88 35 syn-

219 889 174 48 nerligen
421 890 82 33 små
530 886 58 36 för
616 886 148 36 lärarne
792 884 10 36 i
827 884 222 49 jemförelse
1078 883 86 37 med
1197 882 118 37 andra
1350 882 244 48 tjenstemän.
1648 879 178 36 Nämnda

218 939 142 37 komité
400 939 69 36 har
509 937 190 45 uträknat,
741 941 54 31 att
836 935 46 36 de
923 935 197 36 talrikaste
1148 945 240 37 gruppernas
1418 931 41 37 af
1482 930 343 45 elementarlärare,

218 990 236 37 lektorernas
497 988 71 36 och
610 987 274 49 adjunkternas
927 985 93 37 eller
1060 985 254 47 kollegernas,
1357 981 218 38 dåvarande
1612 981 118 46 löner,
1765 993 60 23 om

219 1041 47 36 de
307 1040 11 36 i
359 1039 129 37 stället
528 1038 58 36 för
626 1043 54 31 att
720 1050 91 24 vara
850 1036 202 37 bestämda
1092 1035 58 37 till
1190 1035 74 36 fem
1293 1033 242 49 lönegrader,
1564 1031 175 49 utginge,
1768 1034 58 33 så-

219 1105 81 24 som
342 1091 58 36 för
440 1090 47 36 de
528 1089 109 37 fleste
679 1088 119 37 andra
837 1088 246 48 tjenstemän,
1123 1086 12 36 i
1176 1099 46 23 en
1259 1085 61 36 lön
1350 1084 88 36 med
1466 1086 65 34 två
1558 1082 269 48 ålderstillägg

219 1145 20 33 å
280 1144 71 35 500
393 1141 141 36 kronor
574 1140 94 36 efter
710 1143 19 33 5
772 1138 71 37 och
887 1140 44 34 10
973 1140 60 34 års
1061 1136 272 50 tjenstgöring,
1362 1134 125 37 skulle
1516 1139 205 40 motsvara,
1748 1132 79 37 lek-

218 1198 171 31 torernas
431 1192 34 48 ej
507 1190 86 37 fullt
626 1191 111 45 2,800
766 1189 71 36 och
866 1188 273 49 adjunkternas
1168 1187 70 37 och
1268 1186 243 48 kollegernas
1541 1184 32 48 ej
1604 1183 85 37 fullt
1720 1185 106 45 1,800

220 1244 139 35 kronor
394 1243 121 47 jemte
552 1241 58 36 för
642 1240 98 36 båda
767 1239 200 37 klasserna
993 1241 65 33 två
1085 1237 267 48 ålderstillägg
1383 1239 20 33 å
1432 1237 70 36 500
1531 1235 141 36 kronor
1700 1234 127 36 hvart-

220 1294 101 36 dera.
375 1293 58 36 En
461 1292 143 36 lektors
634 1289 190 38 ordinarie
851 1289 65 36 lön
944 1302 91 23 vore
1063 1288 241 49 följaktligen
1333 1288 72 35 200
1433 1286 142 36 kronor
1603 1284 148 36 mindre
1779 1288 48 31 än

219 1358 47 23 en
303 1344 120 36 första
463 1342 166 48 gradens
671 1342 251 47 tjenstemans
964 1340 11 35 i
1004 1352 46 24 en
1079 1338 163 49 styrelse
1270 1337 94 37 eller
1391 1342 54 32 ett
1473 1335 161 37 centralt
1661 1334 165 37 embets-

221 1395 103 45 verk,
367 1395 71 35 700
479 1393 57 36 till
581 1394 107 44 1,200
728 1392 140 35 kronor
909 1390 148 36 mindre
1095 1394 46 31 än
1171 1402 46 23 en
1245 1387 274 48 kronofogdes,
1548 1385 179 48 omkring
1757 1386 69 36 750

219 1446 141 36 kronor
387 1443 148 37 mindre
564 1448 46 31 än
641 1456 47 23 en
716 1441 282 48 medelmåttigt
1025 1440 150 37 aflönad
1202 1438 317 47 tullkontrollörs,
1551 1438 108 46 1,200
1687 1436 141 36 kronor

221 1496 146 36 mindre
410 1500 47 31 än
499 1507 47 24 en
586 1493 399 44 kanslisekreterares,
1015 1490 177 48 omkring
1222 1492 108 45 1,450
1358 1489 141 36 kronor
1527 1487 148 37 mindre
1704 1491 48 32 än
1780 1499 47 23 en

220 1546 297 37 tullförvaltares
559 1544 107 36 öfver
694 1543 157 47 hufvud,
884 1545 108 44 1,700
1020 1542 138 36 kronor
1186 1540 147 37 mindre
1362 1544 49 32 än
1438 1552 47 23 en
1514 1538 118 37 andra
1659 1537 168 49 gradens

219 1598 250 48 tjenstemans
499 1595 72 37 och
602 1596 108 44 2,000
739 1593 57 37 till
825 1595 110 44 2,500
964 1593 140 36 kronor
1131 1591 152 37 mindre
1307 1595 48 32 än
1383 1590 113 36 lönen
1513 1589 57 36 för
1586 1602 47 22 en
1649 1588 178 36 hofrätts-

219 1660 166 32 assessor,
412 1647 152 36 hvilken
593 1645 90 36 efter
709 1643 400 48 medeltalsberäkning
1135 1643 96 36 blott
1260 1647 55 30 tre
1342 1641 41 36 år
1410 1653 127 24 senare
1562 1639 183 36 tillträder
1772 1639 55 35 sin

219 1698 210 46 befattning
456 1697 84 36 med
568 1697 140 45 ganska
736 1696 104 35 säker
867 1695 116 45 utsigt
1009 1695 58 34 till
1093 1693 127 36 vidare
1238 1692 209 36 befordran.
1489 1690 79 37 Och
1588 1703 44 23 en
1652 1690 175 47 adjunkts

219 1750 87 35 eller
333 1749 162 46 kollegas
524 1746 184 36 ordinarie
734 1746 63 35 lön
826 1744 230 47 understiger
1083 1757 44 22 en
1154 1744 137 35 lektors
1318 1742 85 36 med
1435 1744 103 41 1,000
1572 1741 147 34 kronor.
1771 1739 56 36 En

221 1800 139 35 rektors
388 1798 63 36 vid
479 1798 113 47 högre
619 1796 170 36 läroverk
816 1794 281 45 löneförmåner,
1125 1794 44 35 de
1192 1794 129 45 högsta
1341 1805 44 23 en
1405 1793 170 34 skolman
1593 1792 74 34 kan
1687 1791 140 46 hoppas

221 1849 124 48 uppnå
385 1849 67 35 och
493 1861 77 23 som
611 1846 144 49 uppnås
794 1846 98 36 blott
931 1844 41 36 af
996 1843 41 47 '/;
1072 1844 41 36 af
1143 1845 219 42 lektorerna,
1398 1855 98 31 vore,
1524 1841 48 36 då
1598 1840 169 37 afseende
1795 1841 30 46 ej

219 1900 108 36 fästes
354 1900 63 36 vid
445 1904 54 30 att
525 1899 168 44 samtlige
719 1897 166 36 rektorer
913 1895 111 36 hafva
1050 1894 48 37 fri
1124 1895 130 36 bostad
1282 1894 88 36 eller
1396 1892 325 50 hyresersättning,
1749 1898 79 28 när-

219 1957 96 30 mast
349 1951 76 35 lika
458 1949 84 37 med
576 1947 322 38 löneförmånerna
923 1946 58 37 för
1009 1959 44 23 en
1080 1947 119 45 lägsta
1224 1944 159 50 gradens
1410 1945 221 47 tjensteman
1659 1943 11 35 i
1697 1956 45 22 en
1770 1941 59 37 de-

219 2000 438 47 partementsexpedition
686 1999 88 35 eller
800 1998 85 36 med
912 2011 44 22 en
976 1996 267 48 medelmåttigt
1260 1995 148 37 aflönad
1425 1993 300 43 tullförvaltares,
1744 2005 84 23 men

220 2052 143 35 mindre
399 2059 45 27 än
480 2050 58 35 för
572 2049 45 36 de
645 2050 119 35 bättre
791 2048 168 35 aflönade
986 2047 382 42 tullkontrollörerna;
1405 2045 69 35 och
1500 2045 167 34 rektorer
1693 2043 64 35 vid
1784 2042 45 37 de

220 2101 236 47 femklassiga
482 2099 218 36 läroverken
727 2098 125 35 kunde
878 2098 12 34 i
918 2096 170 36 afseende
1111 2099 47 45 på
1176 2095 274 36 löneförmåner
1468 2099 164 30 närmast
1650 2093 178 35 likställas

221 2151 83 36 med
331 2152 118 44 lägsta
475 2149 158 48 gradens
660 2149 218 47 tjenstemän
907 2148 11 34 i
946 2152 52 31 ett
1025 2147 155 35 centralt
1207 2145 229 37 embetsverk
1465 2145 89 35 eller
1581 2157 43 22 en
1653 2143 175 48 styrelse.

327 2201 146 36 »Under
513 2200 137 35 sådana
689 2198 260 36 förhållanden
985 2210 106 35 synes
1130 2200 93 33 1882
1261 2196 57 35 års
1350 2195 234 36 statsutskott
1610 2194 81 35 icke
1717 2192 111 36 hafva

221 2253 130 34 saknat
386 2252 77 35 skäl
500 2249 59 37 för
592 2250 70 35 den
698 2248 163 46 farhåga,
889 2248 62 36 det
986 2247 173 44 uttalade,
1191 2252 63 39 att,
1282 2246 120 36 derest
1427 2245 316 45 löneregleringen
1771 2243 58 36 för
