2238 2636
414 211 40 27 86
952 211 226 28 Statsutskottets
1205 210 151 29 Utlåtande
1379 211 57 27 N:o
1460 212 26 27 9.

412 285 183 37 arfvoden
615 289 37 33 åt
671 289 45 34 35
738 287 217 37 skolläkare
976 286 63 36 vid
1060 287 120 46 högre
1209 286 176 36 läroverk
1535 287 22 35 å
1575 286 54 36 kr.
1662 287 68 36 150
1745 286 119 36 =kr.
1895 288 122 45 5,250,

500 346 17 23 »
629 347 17 22 »
676 339 45 34 28
837 347 17 23 »
997 347 18 23 »
1055 337 250 47 femklassiga
1332 337 177 36 läroverk
1537 346 17 23 »
1590 346 18 23 >
1663 338 134 35 100=
1824 346 17 23 >»
1895 338 122 45 2,300,

500 397 18 22 »
629 397 17 23 »
674 390 47 33 22
837 398 17 22 »
997 397 17 23 »
1055 387 147 37 mindre
1231 387 177 36 läroverk
1537 397 17 22 »
1590 397 17 22 »
1686 388 156 35 50=>
1898 388 120 44 1100,

1327 454 92 37 eller
1447 454 251 37 tillsammans
1727 454 140 36 kronor
1895 456 121 43 8,650.

511 537 208 47 Utskottet,
748 551 81 23 som
859 538 78 37 lika
966 538 85 36 med
1080 538 423 49 departementschefen
1532 551 112 24 anser
1672 538 64 37 det
1759 551 91 23 vara
1874 537 41 37 af
1935 537 85 49 vigt

411 593 56 31 att
506 588 216 37 skolläkare
762 589 182 36 anställas
986 588 64 37 vid
1091 589 47 36 de
1175 589 189 36 allmänna
1398 589 238 47 läroverken,
1672 589 69 36 har
1768 588 99 37 dock
1896 588 124 36 funnit

411 638 254 37 tillsättandet
692 638 41 37 af
756 639 130 49 dylika
922 639 129 37 läkare
1087 639 65 37 vid
1182 639 46 37 de
1257 639 147 37 mindre
1432 639 226 37 läroverken
1687 639 210 49 lämpligen
1927 639 92 36 böra

412 691 109 34 anstå
548 689 56 36 till
632 689 89 36 dess
754 702 47 23 en
838 689 240 49 ombildning
1113 690 42 36 af
1178 690 114 37 dessa
1319 690 205 48 företages.
1580 689 83 48 Om,
1691 690 11 35 i
1731 689 173 48 enlighet
1931 689 87 36 med

412 739 126 36 denna
577 739 205 37 utskottets
823 740 259 48 uppfattning,
1124 740 58 36 för
1221 740 238 37 närvarande
1500 740 168 36 beslutes
1710 739 239 37 anställande
1983 739 40 36 af

412 789 215 37 skolläkare
668 790 136 36 endast
844 790 65 36 vid
951 790 47 37 de
1038 791 121 47 högre
1196 792 70 35 och
1303 790 251 48 femklassiga
1582 791 236 45 läroverken,
1848 790 171 36 kommer

411 840 252 37 statsverkets
692 841 69 35 här
788 840 111 37 ofvan
930 840 217 37 beräknade
1175 841 116 48 utgift
1322 841 57 36 för
1407 840 184 37 arfvoden
1620 844 36 33 åt
1683 840 228 47 skolläkare,
1941 845 77 31 mot

411 890 132 36 hvilka
570 890 203 37 arfvodens
801 891 221 48 föreslagna
1053 891 139 50 belopp
1221 892 186 36 utskottet
1435 892 84 36 icke
1548 891 80 36 haft
1655 894 117 45 något
1800 896 54 31 att
1882 890 136 47 erinra,

412 945 55 31 att
495 941 169 36 minskas
693 941 87 37 med
810 943 108 46 1,100
948 942 149 36 kronor.

512 991 195 37 Utskottet
735 992 233 47 hemställer,

913 1066 52 28 att
992 1059 222 47 Riksdagen
1243 1061 61 33 må
1330 1061 48 46 på
1407 1058 64 36 det
1492 1062 77 32 sätt
1587 1057 130 37 bifalla
1738 1057 136 49 Kongl.
1892 1058 125 48 Maj:ts

812 1109 292 48 ifrågavarande
1132 1108 295 48 framställning,
1457 1114 55 31 att
1539 1108 222 48 Riksdagen
1790 1108 184 36 beslutar:

913 1164 55 31 att
1007 1159 65 36 vid
1111 1159 132 49 hvarje
1284 1158 120 49 högre
1446 1159 93 36 eller
1578 1158 244 48 femklassigt
1863 1158 157 37 allmänt

812 1209 179 37 läroverk
1018 1209 97 37 skall
1144 1209 182 36 anställas
1355 1222 45 23 en
1430 1209 129 36 läkare
1587 1209 58 35 för
1665 1214 53 31 att
1737 1209 130 36 utöfva
1886 1208 133 49 tillsyn

812 1260 108 36 öfver
947 1259 266 49 lärjungarnes
1242 1259 282 37 helsotillstånd
1548 1259 70 37 och
1638 1259 149 37 biträda
1807 1259 128 36 rektor
1954 1259 64 36 vid

812 1310 301 36 öfvervakandet
1154 1310 42 36 af
1231 1310 47 36 de
1323 1310 233 48 hygieniska
1600 1309 309 49 anordningarna
1953 1309 65 37 vid

811 1360 235 44 läroverket;
1075 1366 99 31 samt

912 1416 55 31 att
1007 1411 243 36 skolläkaren
1291 1413 59 33 må
1390 1413 126 33 såsom
1552 1410 155 36 arfvode
1735 1409 172 49 uppbära
1935 1410 82 36 dels

811 1460 42 37 af
875 1461 237 37 läroverkets
1141 1461 93 48 ljus-
1262 1461 70 36 och
1361 1460 192 37 vedkassa
1584 1464 15 33 1
1630 1461 119 35 krona
1777 1474 60 22 om
1863 1463 80 34 året
1962 1460 57 36 för

812 1511 134 49 hvarje
987 1512 120 36 under
1147 1511 276 37 höstterminen
1452 1511 238 36 närvarande
1718 1511 186 48 lärjunge,
1935 1511 82 36 dels

812 1562 42 35 af
889 1562 224 36 statsmedel
1155 1562 162 48 årligen:
1360 1561 64 36 vid
1466 1561 47 36 de
1542 1561 120 48 högre
1690 1561 227 37 läroverken
1949 1563 69 35 150

812 1613 141 35 kronor
981 1613 70 35 och
1080 1612 63 36 vid
1173 1612 46 36 de
1248 1611 250 48 femklassiga
1529 1614 70 34 100
1626 1612 150 36 kronor.

211 1714 60 29 Ang.
289 1714 123 28 pensiona-
520 1711 95 47 13:0)
667 1713 16 35 I
709 1713 137 36 nionde
873 1714 168 47 punkten
1068 1714 67 35 har
1160 1713 134 46 Kongl.
1321 1712 102 48 Maj:t
1449 1712 214 48 ytterligare
1689 1711 205 49 föreslagit:

219 1747 122 30 reglering
354 1747 49 29 för

259 1780 106 23 lärarne.

253 1820 37 49 [9
318 1820 45 49 A.]

412 1811 40 48 h)
480 1815 79 34 med
586 1813 164 49 afseende
777 1813 25 36 å
819 1814 350 47 pensionsreglering
1189 1814 66 48 för
1283 1814 145 35 lärarne
1449 1813 60 36 vid
1528 1815 41 34 de
1589 1813 184 36 allmänna
1795 1814 223 36 läroverken:

517 1903 63 38 att,
620 1897 85 37 med
744 1897 193 49 undantag
977 1897 41 37 af
1052 1898 332 49 gymnastiklärare
1424 1898 70 35 och
1531 1896 39 36 af
1594 1898 334 35 ämneslärarinnor
1954 1897 64 37 vid

413 1948 147 37 mindre
586 1949 180 44 läroverk,
794 1947 121 48 öfriga
944 1948 184 37 ordinarie
1154 1950 119 34 lärare
1300 1948 68 36 och
1386 1949 210 34 lärarinnor
1614 1947 62 37 vid
1696 1948 112 35 rikets
1828 1949 190 35 allmänna

413 2000 172 36 läroverk
624 1999 104 36 skola
766 1998 112 37 hafva
909 1999 175 46 rättighet
1111 2000 79 44 och,
1217 1998 100 37 hvad
1344 1999 116 46 angår
1487 1998 46 37 de
1560 1999 116 35 lärare
1704 1999 68 35 och
1798 1999 219 45 lärarinnor,

413 2062 80 23 som
521 2049 87 49 ingå
635 2049 46 48 på
708 2049 70 36 den
806 2063 74 36 nya
907 2051 204 35 lönestaten
1140 2050 88 36 eller
1255 2062 77 23 som
1359 2055 199 30 utnämnas
1590 2048 91 37 efter
1709 2048 61 37 det
1797 2050 221 47 kungörelse

413 2101 12 34 i
457 2106 125 30 ämnet
622 2101 209 44 utkommit,
872 2100 109 37 äfven
1021 2100 213 49 skyldighet
1260 2105 54 31 att
1340 2100 63 36 vid
1430 2099 203 49 uppnådda
1661 2102 44 34 65
1733 2099 189 37 lefnadsår
1949 2101 68 34 och

413 2151 115 35 minst
556 2154 43 33 35
628 2151 154 45 tjenstår
799 2150 85 37 med
904 2150 197 37 oafkortad
1119 2152 63 35 lön
1203 2150 119 37 såsom
1340 2151 156 46 pension
1516 2150 21 35 å
1556 2151 187 35 allmänna
1760 2150 259 48 indragnings-

414 2205 119 31 staten
574 2200 83 37 från
697 2202 156 45 tjensten
894 2201 95 48 afgå,
1024 2201 134 46 Kongl.
1186 2200 101 49 Maj:t
1327 2201 95 36 dock
1462 2202 172 44 obetaget
1672 2206 54 30 att
1752 2200 76 36 låta
1855 2201 85 36 med
1967 2200 51 36 af-

414 2251 128 36 skedet
581 2252 114 45 anstå,
736 2252 119 37 derest
891 2253 69 35 och
988 2251 38 37 så
1052 2253 107 46 länge
1188 2251 70 37 den
1286 2250 402 49 pensionsberättigade
1715 2251 148 47 pröfvas
1890 2252 13 35 i
1930 2252 88 46 tjen-
