2236 2650
741 212 227 30 Statsutskottets
995 214 152 29 Utlåtande
1170 214 57 29 N:o
1250 216 27 27 9.
1771 216 39 28 69

302 286 67 48 att,
399 296 91 29 enär
518 289 134 49 Kongl.
681 289 106 48 Maj:t
814 294 41 33 år
887 294 94 34 1890
1010 292 10 35 i
1048 291 105 49 fråga
1182 305 60 23 om
1272 291 312 49 terminsafgifter
1604 292 39 36 af
1668 293 141 47 lärjun-

202 353 117 34 garne
348 340 60 36 vid
439 340 46 36 de
513 340 190 37 allmänna
731 341 224 37 läroverken
985 341 206 49 föreslagit,
1221 349 56 30 att
1305 344 86 47 inga
1419 344 57 35 till
1504 343 232 37 statsverket
1756 345 54 34 in-

201 391 146 46 gående
389 391 314 47 terminsafgifter
743 393 123 35 skulle
909 400 186 41 upptagas
1131 395 11 34 i
1171 394 45 35 de
1246 400 57 30 tre
1333 395 119 46 lägsta
1480 394 204 44 klasserna,
1713 400 97 31 samt

202 441 318 49 undervisningen
563 442 61 36 vid
667 443 46 35 de
755 443 216 37 ombildade
1013 444 223 36 läroverken
1278 445 121 36 skulle
1433 445 126 35 kunna
1587 445 223 36 inskränkas

201 492 59 36 till
302 493 121 47 tredje
466 493 165 36 klassens
673 494 146 43 kurser,
849 494 71 36 den
949 496 10 34 i
992 497 93 35 1887
1115 498 60 33 års
1203 496 238 48 proposition
1470 495 41 36 af
1536 496 273 36 kommunerna

202 542 177 37 fordrade
420 544 151 46 garanti
612 543 59 37 för
712 544 331 49 terminsafgifters
1080 546 230 47 erläggande
1338 546 40 36 af
1403 552 55 30 ett
1485 547 91 35 visst
1606 547 103 36 antal
1737 547 73 35 lär-

196 594 140 47 jungar
377 595 82 35 icke
499 593 172 37 förekom
709 595 10 35 i
751 596 95 36 1890
875 599 59 33 års
963 597 249 47 proposition,
1242 597 119 48 enligt
1389 597 151 36 hvilken
1569 596 59 37 för
1656 597 47 36 de
1732 611 78 22 om-

201 645 151 36 bildade
381 645 223 36 läroverken
634 645 117 36 borde
779 647 99 47 gälla
907 659 141 24 samma
1076 648 287 35 bestämmelser
1392 647 84 36 med
1501 647 176 37 afseende
1698 652 21 32 å
1738 649 72 35 lär-

195 695 208 48 jungarnes
431 695 314 49 terminsafgifter
773 710 79 23 som
882 697 57 36 för
967 697 121 49 öfriga
1116 698 189 36 allmänna
1334 699 192 44 läroverk;

300 753 97 30 samt
424 752 55 31 att
508 760 44 23 en
582 747 161 36 särskild
771 748 265 49 lokalstyrelse
1064 748 59 37 för
1152 749 129 48 hvarje
1311 750 175 35 läroverk
1514 750 83 36 icke
1621 749 187 49 föreslogs

201 797 10 35 i
243 799 95 35 1890
366 801 60 32 års
455 798 250 47 proposition.

301 898 15 36 I
354 899 106 48 fråga
488 912 61 23 om
576 900 339 49 samundervisning
943 900 47 48 af
1010 913 128 35 gossar
1166 901 60 36 och
1245 900 133 49 flickor
1406 899 157 37 anförde
1592 901 215 36 dåvarande

200 948 132 37 chefen
375 949 57 36 för
477 950 547 49 ecklesiastikdepartementet
1069 951 56 36 till
1172 951 425 48 statsrådsprotokollet
1641 951 73 36 den
1763 955 44 33 14

199 999 169 37 februari
398 1003 111 34 1887:
538 1007 56 30 att
622 1001 64 36 det
714 1001 122 36 skulle
864 1015 89 22 vara
982 1015 44 22 en
1055 1002 146 36 lättnad
1231 1001 58 37 för
1318 1006 134 43 många
1482 1003 236 44 kommuner,
1748 1016 60 22 om

199 1051 170 36 tillträde
410 1052 58 35 till
509 1052 46 35 de
597 1052 216 36 ombildade
847 1053 223 35 läroverken
1098 1053 193 35 lemnades
1318 1053 169 48 qvinliga
1515 1053 207 47 lärjungar,
1750 1052 58 37 för

200 1101 127 36 hvilka
368 1101 65 37 det
474 1102 11 36 i
525 1105 79 33 små
645 1103 129 36 städer
814 1102 79 37 ofta
921 1116 90 23 vore
1040 1106 104 34 svårt
1172 1109 56 31 att
1256 1103 140 36 bereda
1424 1103 150 37 tillfälle
1604 1105 57 35 till
1690 1104 117 47 högre

201 1152 289 49 undervisning;
519 1159 56 30 att
603 1153 64 37 det
691 1154 81 47 just
800 1154 11 35 i
840 1154 127 48 dylika
998 1154 146 36 mindre
1173 1154 221 45 samhällen,
1423 1155 83 35 med
1524 1155 109 36 deras
1653 1155 154 36 enklare

199 1203 71 35 och
300 1203 135 36 lättare
470 1203 275 37 öfverskådade
773 1204 278 45 förhållanden,
1081 1210 128 43 syntes
1237 1218 89 23 vara
1354 1205 168 36 särdeles
1549 1206 176 47 lämpligt
1753 1212 56 30 att

199 1254 160 35 anställa
387 1254 127 36 försök
544 1255 85 35 med
658 1255 72 35 den
759 1254 39 36 af
824 1258 135 44 många
989 1256 91 47 högt
1109 1255 150 48 prisade
1288 1255 305 48 samuppfostran
1623 1255 41 37 af
1677 1269 131 34 gossar

199 1304 71 36 och
312 1305 145 43 flickor,
498 1306 10 34 i
537 1305 205 49 synnerhet
769 1318 80 23 som
879 1306 190 47 åtskilliga
1097 1306 401 48 kommunalstyrelser
1526 1306 115 36 redan
1671 1307 138 36 uttalat

198 1355 58 46 sig
285 1353 58 37 för
371 1368 45 23 en
445 1355 115 36 sådan
588 1356 231 48 anordning;
847 1364 96 28 samt
972 1362 66 38 att,
1068 1369 60 23 om
1157 1356 146 44 flickor,
1334 1357 56 36 till
1412 1357 64 36 det
1495 1358 102 35 antal
1617 1362 190 44 utrymme

199 1406 71 35 och
312 1405 268 37 lärarekrafter
622 1412 90 30 utan
754 1406 116 36 skada
912 1406 208 48 medgåfve,
1163 1408 99 47 finge
1291 1408 170 36 tillträde
1490 1408 58 36 till
1577 1408 230 44 läroverket,

199 1455 119 37 borde
348 1457 210 36 emellertid
587 1470 45 23 en
660 1456 352 48 lärarebefattning,
1042 1458 9 35 i
1081 1458 206 36 allmänhet
1316 1459 85 44 den,
1436 1458 58 36 för
1523 1458 152 36 hvilken
1705 1459 102 47 lägre

200 1507 409 48 kunskapsfordringar
637 1512 157 44 ansåges
822 1508 241 49 tillräckliga,
1092 1509 181 36 beklädas
1302 1509 40 36 af
1363 1522 45 23 en
1429 1510 150 47 qvinna,
1599 1522 81 23 som
1703 1515 104 30 utom

200 1558 56 34 sin
299 1558 275 49 undervisning
613 1559 123 35 skulle
778 1558 110 37 hafva
929 1560 11 35 i
982 1559 175 48 uppdrag
1191 1565 56 31 att
1275 1573 89 23 vara
1393 1559 329 37 föreståndarinna
1751 1560 57 36 för

200 1608 195 36 flickorna.

302 1658 53 36 Ur
382 1659 73 36 den
484 1660 10 35 i
523 1660 419 48 statsrådsprotokollet
971 1659 106 38 öfver
1104 1660 413 37 ecklesiastikärenden
1546 1660 72 37 den
1650 1664 44 33 13
1723 1662 85 35 sist-

201 1709 101 35 lidne
326 1710 151 47 januari
506 1714 20 31 å
553 1711 69 35 sid.
653 1713 145 33 73—77
829 1712 152 47 intagna
1009 1711 241 46 redogörelse
1279 1711 57 35 för
1366 1711 97 36 hvad
1492 1711 71 36 den
1588 1724 28 23 s.
1644 1712 35 35 k.
1704 1712 104 35 flick-

200 1759 277 37 skolekomitén
519 1761 9 34 i
571 1761 66 35 sitt
677 1761 72 35 den
781 1763 43 34 19
848 1761 152 47 januari
1030 1764 94 34 1888
1154 1760 143 49 afgifna
1326 1761 238 36 betänkande
1592 1762 126 35 anfört
1745 1775 63 22 an-

200 1810 147 46 gående
379 1810 354 48 samundervisning
762 1811 66 36 har
858 1812 187 35 utskottet
1073 1817 123 31 ansett
1224 1812 58 46 sig
1311 1812 91 36 böra
1431 1812 67 35 här
1527 1811 187 47 återgifva
1742 1812 66 36 föl-

196 1860 115 47 jande
340 1860 40 36 af
404 1861 187 36 komiténs
618 1862 191 47 yttrande.

302 1910 428 49 »Samundervisningen
772 1920 52 36 är,
865 1916 123 33 såsom
1030 1912 152 45 bekant,
1224 1912 206 48 ingalunda
1471 1912 183 49 opröfvad
1684 1913 11 36 i
1723 1916 85 34 vårt

202 1967 87 42 eget
318 1962 99 36 land.
471 1962 71 36 För
570 1968 56 30 att
654 1975 49 23 nu
735 1963 81 35 icke
845 1964 76 35 tala
949 1976 60 23 om
1030 1970 55 30 ett
1101 1976 67 35 par
1185 1964 116 48 högre
1320 1964 486 47 undervisningsanstalter,

202 2012 67 35 der
310 2013 71 35 den
423 2013 132 48 gjorda
597 2012 264 37 erfarenheten
904 2014 221 48 visserligen
1167 2015 131 46 tyckes
1338 2014 101 47 gifva
1474 2014 99 47 goda
1602 2014 116 36 löften
1749 2014 58 36 för

202 2061 215 45 framtiden,
446 2076 83 22 men
559 2070 100 29 ännu
688 2063 83 36 icke
801 2064 107 35 torde
938 2076 86 23 vara
1053 2063 234 36 omfattande
1308 2077 75 35 nog
1404 2064 57 35 för
1481 2070 56 30 att
1558 2065 120 35 tillåta
1698 2065 109 35 säkra

201 2113 210 43 slutsatser,
440 2117 39 31 så
509 2113 65 35 har
597 2113 42 46 ju
669 2113 62 35 vid
761 2113 146 36 landets
935 2113 210 36 folkskolor
1172 2114 354 46 samundervisning
1561 2114 245 47 praktiserats

203 2176 79 22 mer
310 2171 45 27 än
384 2162 115 48 fyrtio
529 2166 51 33 år.
634 2162 98 36 Utan
761 2170 56 29 att
845 2163 115 36 blifva
990 2164 256 35 underkastad
1275 2167 124 45 någon
1429 2163 176 48 pröfning
1633 2177 45 22 ur
1707 2165 99 47 prin-

203 2213 111 46 cipiel
355 2213 204 48 synpunkt,
599 2212 80 37 förr
722 2221 45 28 än
804 2226 50 23 nu
885 2217 46 44 på
959 2214 90 36 sista
1077 2214 116 46 tiden,
1223 2214 67 35 har
1318 2214 401 48 samundervisningen
1749 2221 58 30 ut-

202 2263 151 37 vecklat
380 2264 57 47 sig
465 2264 10 35 i
504 2263 71 36 den
604 2264 228 48 rigtningen,
860 2270 56 30 att
944 2264 71 36 den
1044 2264 157 37 allmänt
1237 2266 103 35 öfvas
1370 2268 47 44 på
1445 2264 261 49 landsbygden
1735 2265 70 36 och
