2214 2624
694 194 253 32 Statsutskottets
974 195 174 32 Utlåtande
1171 194 62 32 N:o
1260 198 50 28 55.
1767 194 38 30 13

313 277 138 35 Genom
482 277 109 34 ofvan
619 277 147 47 angifna
796 277 245 47 förändringar
1069 278 11 33 i
1109 277 259 35 stationshuset
1396 276 90 35 hade
1527 278 199 47 utrymmet
1754 276 55 36 för

208 331 173 46 afgående
420 331 155 46 resgods,
616 331 138 35 hvilket
782 333 180 46 utrymme
993 344 48 22 nu
1071 331 197 35 omfattade
1297 332 111 45 något
1435 331 100 34 öfver
1568 331 46 35 70
1646 330 161 36 kvadrat-

207 386 123 42 meter,
372 384 139 35 kunnat
538 384 85 35 ökas
654 385 78 35 med
763 385 167 47 omkring
964 387 69 34 115
1069 385 271 43 kvadratmeter,
1371 384 138 35 hvadan
1539 384 183 48 ökningen
1753 386 53 34 ut-

206 438 124 47 gjorde
362 440 69 33 161
465 440 156 45 procent.

314 491 184 47 Förslaget
526 492 120 46 afsåge
675 492 172 47 därjämte
876 492 228 35 anordnande
1133 492 74 35 dels
1236 492 37 34 af
1300 493 61 34 två
1390 492 55 34 för
1472 491 336 48 biljettförsäljning

207 545 144 35 afsedda
389 545 154 43 kiosker,
574 545 149 47 belägna
752 558 43 22 en
826 547 44 46 på
895 546 170 35 hvardera
1094 546 99 35 sidan
1223 558 59 22 om
1307 545 232 35 förenämnda
1563 545 243 48 tillbyggnad,

207 611 129 34 genom
361 599 146 34 hvilken
537 599 200 47 anordning
767 601 197 45 utrymmet
993 600 54 34 för
1076 599 390 47 biljettförsäljningen,
1506 599 139 35 hvilket
1673 612 50 21 nu
1753 602 52 32 ut-

207 652 123 48 gjorde
361 653 47 34 47
440 652 275 44 kvadratmeter,
746 653 101 35 ökats
871 653 55 35 till
958 655 47 34 98
1037 653 262 35 kvadratmeter
1328 653 85 35 eller
1441 653 82 34 med
1555 654 72 34 108
1659 657 149 43 procent

207 708 94 33 samt
328 706 66 35 den
421 706 149 35 framför
600 706 291 47 biljettluckorna
920 707 75 35 ofta
1025 706 139 36 bildade
1196 706 43 35 kö
1263 706 78 35 icke
1370 706 115 35 skulle
1505 706 152 36 behöfva
1679 706 128 35 hindra

209 772 169 35 passagen
419 760 54 34 för
511 760 68 34 den
618 760 78 35 från
730 761 263 47 ytterdörrarne
1030 760 281 35 inströmmande
1340 760 252 44 allmänheten,
1623 760 75 35 dels
1727 760 76 41 ock,

205 814 145 46 jämlikt
378 813 420 49 generalpoststyrelsens
822 814 120 35 därom
973 814 218 35 framställda
1220 814 165 45 begäran,
1416 814 37 35 af
1476 813 93 48 plats
1598 814 11 34 i
1629 814 176 48 tillbygg-

207 867 133 35 nadens
380 867 160 48 sydöstra
583 867 57 35 del
682 867 55 35 för
778 868 177 47 sortering
997 868 37 35 af
1070 868 68 34 den
1176 868 13 34 i
1215 867 219 36 breflådorna
1464 868 232 47 uppsamlade
1726 869 81 46 post

211 923 92 32 samt
331 921 55 34 för
414 920 212 48 försäljning
654 921 37 34 af
718 921 206 35 frimärken.

315 975 79 34 Den
419 986 84 36 nyss
531 974 186 35 anmärkta
744 975 208 46 riktningen
982 975 151 46 angåfve
1163 974 74 36 dels
1266 974 166 47 samtliga
1452 974 256 47 förändringar,
1730 987 75 22 som

208 1028 112 46 enligt
360 1028 169 47 förslaget
571 1040 82 23 vore
695 1028 144 36 afsedda
879 1031 54 33 att
975 1029 205 35 verkställas
1210 1029 30 47 ej
1272 1029 93 35 blott
1393 1029 12 34 i
1429 1029 61 34 det
1517 1040 26 23 s.
1575 1028 33 35 k.
1637 1030 170 43 annexet,

208 1084 86 32 utan
331 1082 103 34 äfven
477 1082 11 34 i
528 1081 61 35 det
626 1082 181 47 egentliga
834 1083 258 35 stationshuset
1123 1082 78 35 med
1230 1082 118 36 därtill
1377 1082 156 35 hörande
1561 1082 243 48 tillbyggnad,

206 1135 74 35 dels
318 1135 42 35 de
398 1148 61 34 ny-
495 1136 62 34 och
589 1135 279 48 tillbyggnader,
898 1149 74 22 som
1001 1136 119 35 blifvit
1149 1137 10 34 i
1189 1148 135 23 samma
1353 1136 133 47 förslag
1513 1136 209 47 ifrågasatta
1751 1137 53 34 att

207 1189 168 47 uppföras
404 1190 19 33 å
452 1189 275 35 stationshusets
756 1190 219 47 midtelparti
1000 1190 65 35 och
1095 1202 65 23 ena
1189 1190 162 46 långsida
1379 1192 93 33 samt
1504 1190 61 35 vid
1593 1190 78 35 dess
1702 1202 103 22 norra

208 1242 64 35 och
303 1242 100 35 södra
426 1242 102 35 ända.

315 1296 19 34 I
376 1295 53 35 sin
474 1295 244 46 underdåniga
760 1296 185 35 skrifvelse
988 1297 66 34 den
1097 1298 21 33 6
1162 1297 186 35 december
1381 1298 95 34 1901
1512 1296 89 35 hade
1630 1296 175 48 styrelsen

208 1349 129 42 anfört,
368 1351 53 32 att
449 1349 61 35 det
539 1349 81 34 med
649 1361 134 23 samma
812 1350 184 34 skrifvelse
1035 1350 262 35 öfverlämnade
1327 1350 132 47 förslag
1487 1350 56 35 till
1571 1350 235 47 provisoriskt

208 1402 221 35 omdanande
454 1403 36 34 af
519 1403 209 47 byggnader
757 1403 64 35 och
852 1405 214 46 spårsystem
1097 1403 59 35 vid
1185 1403 313 35 centralstationen
1524 1404 90 34 varit
1642 1405 37 33 så
1708 1403 97 48 plan-

208 1456 110 47 lagdt,
353 1458 53 33 att
434 1456 61 35 det
518 1456 77 35 icke
621 1458 43 46 på
694 1458 111 45 något
833 1459 70 33 sätt
927 1457 114 35 skulle
1071 1457 165 48 förrycka
1264 1457 85 35 eller
1378 1457 144 35 fastläsa
1550 1457 138 47 frågan,
1718 1457 87 35 hvar

208 1510 66 35 den
320 1510 180 35 blifvande
543 1512 94 33 stora
671 1523 69 33 nya
770 1511 311 34 centralstationen
1112 1511 115 35 skulle
1256 1511 133 46 läggas,
1420 1511 65 34 och
1515 1512 53 34 att
1596 1511 98 35 detta
1724 1523 80 35 pro-

209 1563 167 34 visorium
410 1564 12 33 i
457 1565 91 33 stort
585 1564 79 34 sedt
692 1564 302 47 hufvudsakligen
1024 1565 184 46 utgjordes
1237 1565 37 34 af
1301 1564 334 47 spåranordningar,
1666 1564 139 35 hvilkas

208 1617 270 47 öfverbyggnad
517 1616 182 35 äfvensom
739 1617 56 35 för
831 1617 333 36 trafiksäkerhetens
1193 1618 245 47 betryggande
1469 1618 198 47 föreslagna
1691 1618 113 35 växel-

209 1670 234 46 förreglingar
472 1670 90 34 hade
592 1671 63 34 sitt
684 1671 104 34 värde
818 1671 96 43 kvar,
947 1672 85 33 hvar
1060 1671 43 35 de
1131 1674 44 32 än
1206 1671 159 35 utfördes
1395 1671 85 34 eller
1507 1671 178 48 flyttades.

316 1723 179 47 Styrelsen
540 1723 165 47 tillägger
745 1736 60 32 nu,
850 1726 53 32 att
943 1724 130 46 jämväl
1115 1724 59 35 vid
1203 1724 60 35 det
1293 1725 165 34 fortsatta
1489 1725 254 34 bearbetandet
1771 1724 36 35 af

214 1778 92 33 1901
350 1778 55 33 års
449 1776 132 46 förslag
611 1789 82 35 nyss
723 1777 146 46 angifna
898 1777 109 35 tanke
1036 1778 10 33 i
1076 1778 100 46 fråga
1205 1790 58 22 om
1294 1778 303 47 planläggningen
1627 1778 38 34 af
1693 1778 111 48 bygg-

210 1830 108 34 nader
360 1830 63 34 och
468 1831 213 46 spårsystem
727 1831 91 34 varit
860 1831 65 34 den
963 1831 53 34 för
1045 1831 173 47 styrelsen
1250 1831 227 46 vägledande,
1508 1831 65 35 och
1603 1832 64 42 att,
1698 1831 105 35 sedan

208 1883 171 48 styrelsen
424 1884 90 34 varit
543 1883 10 34 i
582 1883 140 35 tillfälle
751 1887 83 43 taga
863 1884 55 35 del
948 1884 36 35 af
1012 1885 60 34 det
1101 1884 182 35 definitiva
1314 1884 131 47 förslag
1473 1884 56 35 till
1558 1884 42 35 de
1630 1897 70 36 nya
1730 1896 73 36 per-

209 1939 166 33 manenta
418 1937 317 46 anläggningarna,
775 1938 136 34 hvilket
951 1938 248 46 ingenjörerna
1243 1938 117 35 Gleim
1405 1939 64 34 och
1518 1939 108 46 Eyde,
1667 1939 44 47 på
1736 1940 70 33 sätt

209 1990 105 34 ofvan
359 1991 194 40 anmärkts,
597 1990 141 47 erhållit
781 1991 11 33 i
835 1991 163 47 uppdrag
1040 1993 53 32 att
1132 1992 174 43 utarbeta,
1342 1992 65 34 och
1438 1991 137 35 hvilket
1603 1991 203 36 fortskridit

209 2043 133 44 ganska
386 2044 109 43 långt,
535 2043 60 34 det
638 2044 53 33 för
720 2044 171 46 styrelsen
924 2045 180 34 framstått
1128 2046 113 33 såsom
1271 2045 12 34 i
1308 2045 71 45 hög
1408 2045 87 46 grad
1522 2045 203 43 önskvärdt,
1752 2047 53 32 att

209 2096 61 33 det
298 2096 36 33 af
367 2096 133 45 Kungl.
533 2096 107 45 Maj:t
669 2096 202 34 infordrade
902 2097 167 46 förslaget
1097 2099 37 32 så
1164 2098 240 46 upprättades,
1440 2100 54 32 att
1527 2098 73 34 däri
1629 2098 175 46 ingående

209 2149 209 46 byggnader
461 2149 65 34 och
569 2150 214 46 spårsystem
822 2149 114 35 skulle
967 2150 9 33 i
1005 2152 90 33 stort
1123 2150 79 34 sedt
1232 2150 122 34 kunna
1383 2153 85 32 utan
1500 2163 95 22 mera
1623 2151 182 34 afsevärda

208 2202 189 46 ändringar
441 2202 64 34 och
551 2202 267 47 förflyttningar
855 2203 203 46 inrangeras
1087 2204 11 33 i
1122 2203 43 35 de
1189 2203 183 35 blifvande
1402 2206 230 45 permanenta
1661 2204 142 46 anlägg-

210 2255 183 46 ningarna,
426 2255 138 34 hvilket
592 2255 198 35 emellertid
818 2257 111 34 måste
959 2256 191 47 väsentligt
1179 2257 146 35 inverka
1354 2258 45 46 på
1429 2257 248 35 kostnaderna.
