2210 2622
706 193 254 33 Statsutskottets
988 191 174 33 Utlåtande
1185 190 63 33 N:o
1274 192 50 30 55.
1794 188 17 31 1

940 885 61 40 N:o
1031 886 62 38 55.

920 1045 75 27 Ank.
1016 1045 43 27 till
1077 1045 101 27 Riksd.
1199 1045 96 27 kansli
1315 1045 59 26 den
1393 1044 35 27 24
1448 1044 73 35 april
1541 1045 78 33 1903,
1638 1044 38 27 kl.
1696 1045 17 26 2
1733 1052 24 20 e.
1777 1053 37 19 m.

541 1137 203 38 Utlåtande
772 1137 16 36 i
817 1136 204 49 anledning
1052 1136 48 49 af
1124 1136 138 49 Kungl.
1292 1136 131 49 Maj:ts
1437 1135 236 49 proposition
1695 1135 118 50 angå-

643 1209 93 36 ende
766 1208 209 36 anvisande
1006 1208 60 44 för
1095 1206 45 37 år
1168 1208 101 36 1904
1298 1208 48 47 af
1369 1207 134 48 amslag
1533 1206 58 36 till
1612 1207 202 48 utförande

644 1280 48 48 af
707 1279 257 49 provisoriska
1007 1278 261 49 anordmngar
1295 1278 66 36 vid
1388 1278 331 36 centralstationen
1748 1278 66 36 och

642 1364 116 23 norra
787 1350 187 37 stationen
1001 1350 16 35 1
1042 1349 206 37 Stockholm
1276 1363 44 23 m.
1351 1363 43 23 m.

1557 1422 57 45 (B.
1646 1422 61 45 A.)

319 1568 20 34 I
368 1579 44 23 en
441 1566 58 35 till
528 1566 204 47 Riksdagen
763 1566 67 36 den
855 1567 46 34 16
923 1565 161 35 sistlidne
1101 1565 156 35 februari
1273 1564 129 35 aflåten
1419 1564 222 48 proposition
1662 1564 72 44 (n:o
1753 1564 60 44 59)

213 1622 63 35 har
316 1620 140 47 Kungl.
502 1620 118 47 Maj:t,
665 1620 113 35 under
819 1619 222 47 åberopande
1084 1619 37 34 af
1155 1618 266 48 propositionen
1453 1617 139 47 bilagdt
1619 1617 130 47 utdrag
1777 1617 37 35 af

213 1673 392 48 statsrådsprotokollet
645 1674 100 34 öfver
783 1672 234 36 civilärenden
1048 1672 54 35 för
1131 1683 133 23 samma
1293 1671 81 46 dag,
1404 1671 195 46 föreslagit,
1629 1672 55 33 att
1710 1670 104 35 Riks-

213 1728 127 46 dagen,
370 1727 82 35 med
482 1726 224 35 förklarande
735 1728 54 33 att
817 1726 42 34 de
888 1725 196 47 gatudelar,
1114 1736 74 23 som
1220 1724 55 35 för
1304 1724 188 35 utförande
1520 1724 38 44 af
1577 1723 237 48 provisoriska

213 1781 240 46 anordningar
495 1780 59 34 vid
596 1779 313 36 centralstationen
948 1779 65 34 och
1052 1790 103 22 norra
1184 1778 178 34 stationen
1391 1777 12 34 i
1431 1776 209 36 Stockholm
1671 1776 144 35 komma

213 1837 53 33 att
293 1836 101 45 tagas
423 1834 11 34 i
463 1834 164 47 anspråk,
657 1833 78 35 icke
765 1833 153 35 behöfva
947 1831 195 35 förvärfvas
1171 1831 82 34 med
1281 1843 117 22 annan
1428 1832 71 33 rätt
1526 1833 44 32 än
1597 1830 219 35 kostnadsfri

213 1888 299 47 besittningsrätt,
538 1888 37 34 så
618 1887 103 46 länge
758 1886 42 35 de
830 1886 54 35 för
912 1887 134 33 statens
1073 1884 256 48 järnvägsdrift
1357 1884 189 44 användas,
1573 1885 69 42 må,
1672 1883 57 35 till
1757 1885 57 33 ut-

216 1941 144 36 förande
390 1941 37 35 af
471 1940 152 36 nämnda
667 1939 430 47 bangårdsanordningar,
1128 1938 55 34 för
1211 1939 38 34 år
1282 1939 98 34 1904
1411 1937 143 50 bevilja,
1585 1937 143 35 utöfver
1756 1937 59 34 det

214 1995 37 35 af
277 1994 205 47 Riksdagen
513 1994 54 35 för
595 1993 185 35 enahanda
808 1992 163 35 ändamål
999 1992 106 34 redan
1137 1991 165 35 anvisade
1330 1990 145 48 belopp,
1508 1992 207 42 1,368,000
1738 1990 76 34 kro-

215 2060 75 30 nor,
331 2047 207 48 ytterligare
584 2048 169 41 340,000
784 2046 131 34 kronor
943 2047 53 32 att
1024 2046 87 45 utgå
1141 2044 78 35 från
1250 2043 355 47 riksgäldskontoret,
1636 2043 81 34 med
1746 2045 71 33 rätt

216 2101 53 35 för
298 2100 138 46 Kungl.
470 2100 107 45 Maj:t
606 2101 54 33 att
689 2099 70 34 låta
788 2099 113 34 under
929 2097 239 35 innevarande
1197 2098 38 33 år
1263 2097 37 34 af
1323 2096 227 47 tillgängliga
1578 2095 116 35 medel
1714 2097 101 33 utan-

215 2154 110 34 ordna
353 2153 219 35 sistnämnda
602 2152 141 48 belopp.

323 2206 71 35 Till
423 2205 197 48 åberopade
649 2204 389 48 statsrådsprotokollet
1066 2204 63 34 bar
1150 2202 253 47 föredragande
1424 2201 392 48 departementschefen

216 2259 118 35 anfört
360 2259 169 47 följande:

262 2320 73 32 Bih.
363 2320 49 31 till
437 2320 108 31 Riksd.
575 2319 82 32 Prot.
687 2321 92 29 1903.
829 2320 19 28 4
874 2317 98 32 Saml.
1026 2320 13 28 1
1066 2317 76 40 Afd.
1192 2321 42 26 39
1258 2316 92 40 Häft.
1377 2316 78 40 (N:o
1483 2317 67 39 55.)
1755 2316 13 29 1
