1920 2816
646 181 228 26 sStatsutskottets
899 182 146 26 utlåtande
1069 183 47 26 Nr
1138 181 47 29 97.
1624 183 36 29 13

163 251 81 40 ring.
294 252 71 30 Vad
394 255 71 27 åter
488 253 143 40 anginge
656 254 63 30 den
747 255 193 39 ifrågasatta
965 256 220 39 lotterivägen
1212 259 118 38 syntes
1355 257 110 31 denna
1488 257 72 31 icke
1585 259 76 30 fullt

163 301 198 33 tilltalande.
409 303 80 31 Med
514 303 131 41 hänsyn
670 304 51 31 till
746 305 90 31 såväl
862 305 261 41 hjälpbehovets
1147 309 99 29 natur
1270 318 72 19 som
1368 308 103 40 syftet
1495 308 75 31 med
1595 309 64 30 den

162 352 97 30 sökta
293 352 138 41 hjälpen
466 356 117 38 syntes
617 354 64 30 den
710 355 210 40 principiellt
943 356 177 39 riktigaste
1144 360 88 27 samt
1254 358 171 40 praktiskt
1447 359 214 40 lämpligaste

162 402 62 30 och
252 402 211 32 effektivaste
487 404 234 41 anordningen
747 417 84 26 vara,
857 408 49 28 att
928 407 52 30 för
1003 406 193 32 ändamålet
1218 407 64 31 hos
1306 408 180 41 riksdagen
1511 410 150 30 utverka-

161 451 60 32 des
256 455 47 28 ett
335 454 118 39 anslag
476 456 18 28 å
520 455 132 36 100,000
674 455 133 36 kronor,
833 457 49 29 att
906 457 117 30 ställas
1047 457 52 30 till
1123 457 199 40 förfogande
1346 460 81 28 utan
1451 461 105 29 ränte-
1580 460 82 30 eller

160 502 474 42 återbetalningsskyldighet,
659 507 94 28 utom
788 506 52 30 för
866 506 58 30 det
948 506 55 30 fall
1027 509 50 28 att
1100 507 170 30 anstalten
1295 519 40 19 av
1358 508 196 41 föreningen
1584 509 76 30 ned-

160 551 104 38 lades,
289 553 195 40 avyttrades
518 554 81 30 eller
632 555 172 31 användes
839 555 51 31 för
923 559 103 28 annat
1060 556 165 38 ändamål,
1250 558 52 30 för
1326 559 37 29 så
1387 558 62 31 vitt
1471 558 73 31 icke
1567 559 94 31 detta

162 601 96 31 blivit
281 614 39 18 av
345 603 124 40 Kungl.
494 603 96 41 Maj:t
613 605 156 39 godkänt.
818 605 66 31 Till
913 606 156 31 säkerhet
1092 607 52 30 för
1159 607 213 40 fullgörande
1389 620 39 18 av
1445 608 103 31 sådan
1566 619 94 21 even-

161 652 82 31 tuell
279 652 282 42 betalningsplikt
589 657 117 38 syntes
729 655 199 41 föreningen
952 657 84 30 böra
1059 657 100 30 ställa
1181 658 51 30 till
1256 658 199 41 förfogande
1479 659 181 31 intecknad

161 702 321 33 skuldförbindelse.
528 704 215 42 Föreningen
778 705 87 32 hade
899 706 190 32 emellertid
1112 707 118 41 planer
1253 710 18 28 å
1294 708 88 31 bane
1405 709 52 31 till
1480 709 91 31 vissa
1594 721 65 19 om-

160 753 201 41 läggningar
393 766 40 19 av
467 754 135 38 driften,
626 756 52 30 för
711 756 107 31 vilkas
852 758 265 40 genomförande
1152 758 110 32 behov
1289 770 40 20 av
1353 759 70 31 viss
1447 759 213 32 driftskredit

160 804 96 31 torde
280 804 115 31 kunna
418 816 90 30 yppa
532 805 60 41 sig.
637 806 17 30 I
678 806 65 31 den
768 809 76 29 mån
870 807 105 31 sådan
998 808 112 31 kredit
1127 809 224 38 erfordrades,
1369 812 117 39 syntes
1502 810 157 41 rimligen

159 853 83 31 böra
276 854 120 38 tillses,
421 858 49 28 att
503 856 199 40 föreningen
737 857 51 31 för
822 857 192 32 ändamålet
1048 860 88 39 finge
1163 859 130 41 förfoga
1316 862 80 29 över
1419 860 241 42 belåningsbar

158 903 386 42 inteckningssäkerhet.

213 955 131 31 Statens
379 955 158 40 inspektör
563 956 59 40 för
647 957 189 40 fattigvård
870 959 53 30 och
958 959 185 31 barnavård
1176 960 60 30 har
1267 960 174 41 tillstyrkt,
1465 963 50 29 att
1537 972 120 30 genom

159 1005 126 41 Kungl.
320 1006 116 41 Maj:ts
464 1007 207 40 åtgöranden
695 1008 349 32 åkerbrukskolonien
1069 1009 82 31 Hall
1175 1012 104 29 måtte
1303 1011 128 31 erhålla
1453 1011 58 31 det
1533 1012 125 32 äskade

159 1055 172 42 beloppet.

211 1107 134 31 Jämväl
373 1108 406 41 skyddshemsinspektören
802 1110 61 30 har
885 1110 11 31 i
920 1111 61 31 sitt
1003 1111 159 41 yttrande
1186 1112 160 38 förordat,
1371 1115 49 28 att
1443 1113 216 31 ekonomiskt

160 1157 188 32 understöd
372 1158 11 30 i
407 1169 41 21 en
472 1159 81 31 eller
576 1171 110 19 annan
711 1160 85 31 form
821 1163 104 29 måtte
949 1163 80 39 utgå
1052 1162 52 30 till
1128 1162 358 33 åkarbrukskolonien.

210 1260 386 41 Departementschefen
623 1262 61 31 har
706 1263 11 30 i
740 1263 141 31 ärendet
904 1264 111 31 anfört
1038 1264 163 40 följande:

215 1309 141 33 »Såsom
379 1311 11 30 i
414 1311 91 31 vissa
538 1323 39 20 av
612 1312 41 31 de
684 1313 142 40 avgivna
848 1314 205 40 yttrandena
1075 1315 213 38 framhållits,
1313 1317 37 29 är
1373 1315 57 32 det
1453 1317 202 40 uppenbart,

158 1363 49 28 att
230 1361 351 32 åkerbrukskolonien
604 1362 82 31 Hall
709 1363 98 41 fyller
830 1366 49 28 ett
901 1364 11 30 i
935 1364 68 41 hög
1025 1364 82 42 grad
1131 1365 253 42 allmännyttigt
1408 1367 87 41 syfte
1519 1367 62 31 och
1609 1370 49 28 att

159 1411 65 31 den
258 1413 101 40 utgör
393 1414 49 29 ett
474 1412 211 42 nödvändigt
711 1414 56 30 led
790 1414 11 30 i
825 1414 65 31 den
915 1415 232 41 organisation
1171 1427 40 20 av
1234 1416 220 41 skyddshem,
1478 1419 43 39 på
1544 1418 112 31 vilken

161 1463 79 30 1924
263 1463 56 30 års
342 1462 264 42 barnavårdslag
628 1463 84 31 vilar
734 1464 10 30 i
768 1464 92 42 fråga
877 1476 54 20 om
948 1465 195 32 vårdnaden
1160 1478 39 19 av
1215 1467 183 31 vanartade
1414 1468 93 31 barn.
1532 1468 125 32 Därest

158 1513 170 31 anstalten
363 1515 43 39 på
439 1514 110 41 grund
583 1525 39 20 av
656 1515 222 31 ekonomiska
912 1516 210 42 svårigheter
1155 1518 82 31 eller
1270 1529 41 20 av
1337 1529 111 20 annan
1472 1519 185 42 anledning

158 1563 108 32 skulle
289 1564 137 31 komma
448 1567 49 28 att
520 1564 183 42 nedläggas
727 1576 40 20 av
789 1566 210 41 föreningen,
1023 1569 109 30 måste
1155 1568 58 31 det
1235 1568 212 42 följaktligen
1470 1569 92 32 bliva
1577 1569 80 32 nöd-

155 1614 141 41 vändigt
319 1617 49 29 att
392 1617 43 39 på
458 1617 49 29 ett
530 1615 81 31 eller
633 1618 104 29 annat
760 1618 76 36 sätt,
861 1619 150 29 närmast
1034 1629 122 30 genom
1181 1621 130 29 statens
1334 1619 141 42 försorg,
1492 1620 106 31 skaffa
1615 1632 41 20 en

158 1665 189 42 ersättning
370 1665 121 32 därför.

209 1715 82 31 Med
325 1716 113 31 denna
471 1717 256 41 utgångspunkt
760 1728 103 31 synes
897 1719 58 31 det
987 1719 98 38 klart,
1109 1722 49 29 att
1182 1722 110 30 staten
1317 1722 108 31 måste
1448 1721 134 42 ingripa
1605 1723 52 30 för

156 1768 50 29 att
239 1766 158 42 avhjälpa
431 1766 57 32 det
522 1767 221 31 ekonomiska
776 1768 153 42 nödläge,
959 1769 11 30 i
993 1769 105 32 vilket
1120 1770 210 42 föreningen,
1354 1771 119 32 främst
1496 1772 52 31 till
1571 1772 84 41 följd

156 1828 40 19 av
230 1816 65 31 den
331 1817 214 41 opåräknade
579 1818 198 41 nedgången
811 1819 11 30 i
856 1819 128 31 antalet
1006 1820 120 38 elever,
1155 1821 51 31 för
1229 1822 208 32 närvarande
1461 1822 195 42 ovedersäg-

156 1867 90 41 ligen
262 1867 156 32 befinner
434 1868 53 41 sig
501 1868 78 31 med
595 1868 132 42 hänsyn
744 1869 52 31 till
813 1869 66 31 den
895 1870 137 32 iråkade
1050 1871 169 32 svävande
1236 1871 145 32 skulden
1397 1884 40 20 av
1449 1875 81 30 nära
1542 1874 114 38 90,000

156 1918 133 31 kronor.
325 1918 77 32 Den
426 1919 207 38 kreditform,
659 1930 73 20 som
755 1919 62 32 här
839 1922 89 30 måst
950 1921 135 31 komma
1107 1922 53 31 till
1183 1923 227 41 användning,
1427 1926 36 29 är
1478 1924 73 31 icke
1567 1925 89 31 blott

156 1968 11 31 i
201 1969 68 41 hög
298 1969 83 41 grad
410 1969 161 42 olämplig
593 1970 52 31 för
668 1982 42 19 en
733 1970 190 43 inrättning
946 1983 40 20 av
1008 1972 255 42 ifrågavarande
1287 1976 113 36 natur;
1424 1974 65 32 den
1513 1975 143 32 innebär

157 2019 164 41 därjämte
356 2022 48 29 ett
437 2020 216 42 betungande
687 2032 40 20 av
760 2021 152 32 rörelsen
936 2022 77 31 med
1037 2023 141 42 onödigt
1201 2024 88 41 höga
1312 2026 244 41 ränteutgifter.
1601 2027 54 30 En

156 2070 161 32 liknande
352 2071 220 41 uppfattning
605 2071 61 31 har
699 2071 103 32 också
835 2072 143 32 kommit
1012 2073 51 32 till
1097 2074 135 42 uttryck
1266 2075 11 31 i
1300 2075 42 31 de
1364 2076 192 41 yttranden,
1582 2088 72 20 som

156 2121 144 41 avgivits
324 2121 11 31 i
362 2121 147 31 ärendet.
1619 2160 2 3 |

208 2171 125 31 Tillika
360 2171 61 31 har
446 2172 189 31 emellertid
658 2172 11 31 i
689 2172 102 32 dessa
812 2174 183 40 yttranden
1019 2175 213 39 framhållits,
1256 2178 50 29 att
1330 2178 49 30 ett
1400 2177 192 42 beviljande
1615 2190 40 20 av

157 2222 65 32 den
256 2234 46 19 nu
336 2222 147 41 begärda
514 2222 138 42 hjälpen
675 2223 74 31 icke
772 2223 144 32 innebär
938 2226 112 40 någon
1073 2226 132 41 garanti
1227 2226 53 31 för
1302 2229 50 29 att
1374 2228 170 32 anstalten
1569 2229 86 31 skall

156 2273 114 31 kunna
293 2273 217 31 ekonomiskt
532 2273 98 32 bestå
653 2275 81 29 utan
756 2274 197 42 ytterligare
976 2275 140 32 bistånd
1138 2276 73 32 från
1235 2276 58 32 det
1316 2278 177 32 allmänna.
1528 2279 69 32 Det
1619 2282 37 29 är

155 2323 73 32 icke
252 2323 135 42 möjligt
419 2326 49 29 att
490 2324 11 30 i
525 2324 123 32 sakens
671 2324 195 32 nuvarande
888 2325 73 42 läge
984 2326 155 39 bedöma,
1163 2327 169 32 huruvida
1354 2331 103 39 något
1479 2332 108 29 måste
1611 2333 43 29 åt-

156 2376 99 38 göras
290 2374 10 31 i
335 2375 94 31 detta
462 2375 194 31 hänseende
690 2375 63 31 och
787 2375 11 31 i
833 2377 37 29 så
896 2376 58 31 fall
976 2376 11 31 i
1010 2377 114 31 vilken
1146 2378 86 31 form
1255 2379 197 41 ytterligare
1475 2380 94 42 hjälp
1592 2381 63 32 bör

156 2424 140 32 lämnas.
343 2425 118 31 Redan
495 2437 46 19 nu
574 2428 55 29 må
662 2426 87 31 dock
782 2426 205 38 framhållas,
1022 2430 50 29 att
1105 2428 66 32 den
1194 2431 111 40 utväg,
1331 2441 72 20 som
1426 2431 87 31 först
1535 2432 11 31 i
1569 2432 85 32 sista

156 2475 92 31 hand
271 2475 63 32 bör
364 2476 177 41 tillgripas,
566 2476 106 41 enligt
694 2476 70 32 min
788 2477 138 42 mening
948 2479 36 29 är
1006 2479 190 32 anstaltens
1219 2481 226 40 övertagande
1468 2493 40 20 av
1531 2484 120 31 staten.

1675 1278 205 29 Departements-

1727 1312 98 30 chefen.
