<?xml version="1.0" encoding="UTF-8"?>
<alto xmlns="http://www.loc.gov/standards/alto/ns-v3#" xmlns:xlink="http://www.w3.org/1999/xlink" xmlns:xsi="http://www.w3.org/2001/XMLSchema-instance" xsi:schemaLocation="http://www.loc.gov/standards/alto/ns-v3# http://www.loc.gov/alto/v3/alto-3-0.xsd">
	<Description>
		<MeasurementUnit>pixel</MeasurementUnit>
		<sourceImageInformation>
			<fileName>/tmp/tess_44oo0n65_input.PNG</fileName>
		</sourceImageInformation>
		<OCRProcessing ID="OCR_0">
			<ocrProcessingStep>
				<processingSoftware>
					<softwareName>tesseract 5.3.0</softwareName>
				</processingSoftware>
			</ocrProcessingStep>
		</OCRProcessing>
	</Description>
	<Layout>
		<Page WIDTH="2230" HEIGHT="2630" PHYSICAL_IMG_NR="0" ID="page_0">
			<PrintSpace HPOS="0" VPOS="0" WIDTH="2230" HEIGHT="2630">
				<ComposedBlock ID="cblock_0" HPOS="722" VPOS="190" WIDTH="1059" HEIGHT="42">
					<TextBlock ID="block_0" HPOS="722" VPOS="190" WIDTH="1059" HEIGHT="42">
						<TextLine ID="line_0" HPOS="722" VPOS="190" WIDTH="1059" HEIGHT="42">
							<String ID="string_0" HPOS="722" VPOS="190" WIDTH="247" HEIGHT="42" WC="0.91" CONTENT="Lagutskottets"/><SP WIDTH="28" VPOS="190" HPOS="969"/>
							<String ID="string_1" HPOS="997" VPOS="192" WIDTH="175" HEIGHT="33" WC="0.96" CONTENT="Utlåtande"/><SP WIDTH="22" VPOS="192" HPOS="1172"/>
							<String ID="string_2" HPOS="1194" VPOS="193" WIDTH="62" HEIGHT="33" WC="0.96" CONTENT="N:o"/><SP WIDTH="21" VPOS="193" HPOS="1256"/>
							<String ID="string_3" HPOS="1277" VPOS="195" WIDTH="49" HEIGHT="31" WC="0.96" CONTENT="21."/><SP WIDTH="437" VPOS="195" HPOS="1326"/>
							<String ID="string_4" HPOS="1763" VPOS="194" WIDTH="18" HEIGHT="29" WC="0.96" CONTENT="5"/>
						</TextLine>
					</TextBlock>
				</ComposedBlock>
				<ComposedBlock ID="cblock_1" HPOS="200" VPOS="275" WIDTH="1621" HEIGHT="1520">
					<TextBlock ID="block_1" HPOS="204" VPOS="275" WIDTH="1617" HEIGHT="866">
						<TextLine ID="line_1" HPOS="213" VPOS="275" WIDTH="1608" HEIGHT="55">
							<String ID="string_5" HPOS="213" VPOS="275" WIDTH="170" HEIGHT="51" WC="0.91" CONTENT="säljning"/><SP WIDTH="27" VPOS="275" HPOS="383"/>
							<String ID="string_6" HPOS="410" VPOS="277" WIDTH="70" HEIGHT="37" WC="0.91" CONTENT="och"/><SP WIDTH="28" VPOS="277" HPOS="480"/>
							<String ID="string_7" HPOS="508" VPOS="277" WIDTH="366" HEIGHT="38" WC="0.89" CONTENT="tillhandahållande"/><SP WIDTH="29" VPOS="277" HPOS="874"/>
							<String ID="string_8" HPOS="903" VPOS="279" WIDTH="42" HEIGHT="36" WC="0.96" CONTENT="af"/><SP WIDTH="23" VPOS="279" HPOS="945"/>
							<String ID="string_9" HPOS="968" VPOS="279" WIDTH="254" HEIGHT="38" WC="0.96" CONTENT="tobaksvaror"/><SP WIDTH="26" VPOS="279" HPOS="1222"/>
							<String ID="string_10" HPOS="1248" VPOS="280" WIDTH="58" HEIGHT="37" WC="0.96" CONTENT="till"/><SP WIDTH="28" VPOS="280" HPOS="1306"/>
							<String ID="string_11" HPOS="1334" VPOS="280" WIDTH="258" HEIGHT="49" WC="0.96" CONTENT="minderåriga"/><SP WIDTH="26" VPOS="280" HPOS="1592"/>
							<String ID="string_12" HPOS="1618" VPOS="293" WIDTH="117" HEIGHT="37" WC="0.93" CONTENT="synes"/><SP WIDTH="28" VPOS="293" HPOS="1735"/>
							<String ID="string_13" HPOS="1763" VPOS="284" WIDTH="58" HEIGHT="32" WC="0.92" CONTENT="ut-"/>
						</TextLine>
						<TextLine ID="line_2" HPOS="213" VPOS="326" WIDTH="1606" HEIGHT="54">
							<String ID="string_14" HPOS="213" VPOS="326" WIDTH="146" HEIGHT="38" WC="0.95" CONTENT="skottet"/><SP WIDTH="40" VPOS="326" HPOS="359"/>
							<String ID="string_15" HPOS="399" VPOS="328" WIDTH="227" HEIGHT="49" WC="0.96" CONTENT="uppenbart,"/><SP WIDTH="31" VPOS="328" HPOS="626"/>
							<String ID="string_16" HPOS="657" VPOS="334" WIDTH="54" HEIGHT="31" WC="0.96" CONTENT="att"/><SP WIDTH="26" VPOS="334" HPOS="711"/>
							<String ID="string_17" HPOS="737" VPOS="330" WIDTH="338" HEIGHT="50" WC="0.96" CONTENT="upprätthållande"/><SP WIDTH="25" VPOS="330" HPOS="1075"/>
							<String ID="string_18" HPOS="1100" VPOS="331" WIDTH="42" HEIGHT="37" WC="0.96" CONTENT="af"/><SP WIDTH="24" VPOS="331" HPOS="1142"/>
							<String ID="string_19" HPOS="1166" VPOS="337" WIDTH="54" HEIGHT="31" WC="0.96" CONTENT="ett"/><SP WIDTH="28" VPOS="337" HPOS="1220"/>
							<String ID="string_20" HPOS="1248" VPOS="331" WIDTH="122" HEIGHT="49" WC="0.96" CONTENT="dylikt"/><SP WIDTH="26" VPOS="331" HPOS="1370"/>
							<String ID="string_21" HPOS="1396" VPOS="331" WIDTH="139" HEIGHT="37" WC="0.96" CONTENT="förbud"/><SP WIDTH="29" VPOS="331" HPOS="1535"/>
							<String ID="string_22" HPOS="1564" VPOS="331" WIDTH="124" HEIGHT="37" WC="0.96" CONTENT="skulle"/><SP WIDTH="27" VPOS="331" HPOS="1688"/>
							<String ID="string_23" HPOS="1715" VPOS="336" WIDTH="104" HEIGHT="32" WC="0.96" CONTENT="möta"/>
						</TextLine>
						<TextLine ID="line_3" HPOS="212" VPOS="377" WIDTH="1605" HEIGHT="54">
							<String ID="string_24" HPOS="212" VPOS="377" WIDTH="47" HEIGHT="37" WC="0.96" CONTENT="de"/><SP WIDTH="41" VPOS="377" HPOS="259"/>
							<String ID="string_25" HPOS="300" VPOS="383" WIDTH="142" HEIGHT="33" WC="0.96" CONTENT="största"/><SP WIDTH="38" VPOS="383" HPOS="442"/>
							<String ID="string_26" HPOS="480" VPOS="379" WIDTH="250" HEIGHT="49" WC="0.95" CONTENT="svårigheter."/><SP WIDTH="55" VPOS="379" HPOS="730"/>
							<String ID="string_27" HPOS="785" VPOS="380" WIDTH="240" HEIGHT="50" WC="0.91" CONTENT="Visserligen"/><SP WIDTH="28" VPOS="380" HPOS="1025"/>
							<String ID="string_28" HPOS="1053" VPOS="381" WIDTH="76" HEIGHT="37" WC="0.93" CONTENT="kan"/><SP WIDTH="28" VPOS="381" HPOS="1129"/>
							<String ID="string_29" HPOS="1157" VPOS="382" WIDTH="174" HEIGHT="37" WC="0.91" CONTENT="häremot"/><SP WIDTH="28" VPOS="382" HPOS="1331"/>
							<String ID="string_30" HPOS="1359" VPOS="383" WIDTH="215" HEIGHT="47" WC="0.91" CONTENT="anmärkas,"/><SP WIDTH="31" VPOS="383" HPOS="1574"/>
							<String ID="string_31" HPOS="1605" VPOS="388" WIDTH="55" HEIGHT="31" WC="0.96" CONTENT="att"/><SP WIDTH="27" VPOS="388" HPOS="1660"/>
							<String ID="string_32" HPOS="1687" VPOS="382" WIDTH="130" HEIGHT="49" WC="0.96" CONTENT="dylika"/>
						</TextLine>
						<TextLine ID="line_4" HPOS="212" VPOS="429" WIDTH="1607" HEIGHT="53">
							<String ID="string_33" HPOS="212" VPOS="429" WIDTH="239" HEIGHT="48" WC="0.96" CONTENT="svårigheter"/><SP WIDTH="27" VPOS="429" HPOS="451"/>
							<String ID="string_34" HPOS="478" VPOS="430" WIDTH="84" HEIGHT="37" WC="0.96" CONTENT="icke"/><SP WIDTH="29" VPOS="430" HPOS="562"/>
							<String ID="string_35" HPOS="591" VPOS="430" WIDTH="99" HEIGHT="37" WC="0.96" CONTENT="visat"/><SP WIDTH="27" VPOS="430" HPOS="690"/>
							<String ID="string_36" HPOS="717" VPOS="431" WIDTH="61" HEIGHT="49" WC="0.96" CONTENT="sig"/><SP WIDTH="26" VPOS="431" HPOS="778"/>
							<String ID="string_37" HPOS="804" VPOS="431" WIDTH="12" HEIGHT="36" WC="0.96" CONTENT="i"/><SP WIDTH="27" VPOS="431" HPOS="816"/>
							<String ID="string_38" HPOS="843" VPOS="432" WIDTH="111" HEIGHT="48" WC="0.96" CONTENT="fråga"/><SP WIDTH="28" VPOS="432" HPOS="954"/>
							<String ID="string_39" HPOS="982" VPOS="445" WIDTH="60" HEIGHT="23" WC="0.95" CONTENT="om"/><SP WIDTH="29" VPOS="445" HPOS="1042"/>
							<String ID="string_40" HPOS="1071" VPOS="433" WIDTH="65" HEIGHT="36" WC="0.96" CONTENT="det"/><SP WIDTH="27" VPOS="433" HPOS="1136"/>
							<String ID="string_41" HPOS="1163" VPOS="432" WIDTH="121" HEIGHT="50" WC="0.96" CONTENT="enligt"/><SP WIDTH="27" VPOS="432" HPOS="1284"/>
							<String ID="string_42" HPOS="1311" VPOS="447" WIDTH="49" HEIGHT="22" WC="0.96" CONTENT="nu"/><SP WIDTH="16" VPOS="447" HPOS="1360"/>
							<String ID="string_43" HPOS="1376" VPOS="433" WIDTH="180" HEIGHT="48" WC="0.95" CONTENT="gällande"/><SP WIDTH="15" VPOS="433" HPOS="1556"/>
							<String ID="string_44" HPOS="1571" VPOS="432" WIDTH="248" HEIGHT="50" WC="0.95" CONTENT="lagstiftning"/>
						</TextLine>
						<TextLine ID="line_5" HPOS="211" VPOS="479" WIDTH="1605" HEIGHT="54">
							<String ID="string_45" HPOS="211" VPOS="479" WIDTH="314" HEIGHT="38" WC="0.95" CONTENT="förekommande"/><SP WIDTH="29" VPOS="479" HPOS="525"/>
							<String ID="string_46" HPOS="554" VPOS="481" WIDTH="179" HEIGHT="37" WC="0.96" CONTENT="förbudet"/><SP WIDTH="28" VPOS="481" HPOS="733"/>
							<String ID="string_47" HPOS="761" VPOS="487" WIDTH="79" HEIGHT="31" WC="0.96" CONTENT="mot"/><SP WIDTH="28" VPOS="487" HPOS="840"/>
							<String ID="string_48" HPOS="868" VPOS="482" WIDTH="230" HEIGHT="50" WC="0.96" CONTENT="försäljning"/><SP WIDTH="27" VPOS="482" HPOS="1098"/>
							<String ID="string_49" HPOS="1125" VPOS="483" WIDTH="42" HEIGHT="37" WC="0.96" CONTENT="af"/><SP WIDTH="24" VPOS="483" HPOS="1167"/>
							<String ID="string_50" HPOS="1191" VPOS="484" WIDTH="259" HEIGHT="49" WC="0.96" CONTENT="spritdrycker"/><SP WIDTH="18" VPOS="484" HPOS="1450"/>
							<String ID="string_51" HPOS="1468" VPOS="484" WIDTH="56" HEIGHT="36" WC="0.96" CONTENT="till"/><SP WIDTH="21" VPOS="484" HPOS="1524"/>
							<String ID="string_52" HPOS="1545" VPOS="483" WIDTH="271" HEIGHT="49" WC="0.96" CONTENT="minderåriga,"/>
						</TextLine>
						<TextLine ID="line_6" HPOS="211" VPOS="531" WIDTH="1605" HEIGHT="52">
							<String ID="string_53" HPOS="211" VPOS="543" WIDTH="86" HEIGHT="23" WC="0.94" CONTENT="men"/><SP WIDTH="44" VPOS="543" HPOS="297"/>
							<String ID="string_54" HPOS="341" VPOS="531" WIDTH="64" HEIGHT="36" WC="0.94" CONTENT="det"/><SP WIDTH="40" VPOS="531" HPOS="405"/>
							<String ID="string_55" HPOS="445" VPOS="531" WIDTH="110" HEIGHT="37" WC="0.95" CONTENT="torde"/><SP WIDTH="35" VPOS="531" HPOS="555"/>
							<String ID="string_56" HPOS="590" VPOS="545" WIDTH="92" HEIGHT="23" WC="0.96" CONTENT="vara"/><SP WIDTH="27" VPOS="545" HPOS="682"/>
							<String ID="string_57" HPOS="709" VPOS="537" WIDTH="56" HEIGHT="31" WC="0.88" CONTENT="att"/><SP WIDTH="28" VPOS="537" HPOS="765"/>
							<String ID="string_58" HPOS="793" VPOS="533" WIDTH="142" HEIGHT="47" WC="0.96" CONTENT="märka,"/><SP WIDTH="31" VPOS="533" HPOS="935"/>
							<String ID="string_59" HPOS="966" VPOS="538" WIDTH="55" HEIGHT="32" WC="0.96" CONTENT="att"/><SP WIDTH="27" VPOS="538" HPOS="1021"/>
							<String ID="string_60" HPOS="1048" VPOS="534" WIDTH="65" HEIGHT="36" WC="0.96" CONTENT="det"/><SP WIDTH="27" VPOS="534" HPOS="1113"/>
							<String ID="string_61" HPOS="1140" VPOS="534" WIDTH="122" HEIGHT="37" WC="0.96" CONTENT="finnes"/><SP WIDTH="28" VPOS="534" HPOS="1262"/>
							<String ID="string_62" HPOS="1290" VPOS="534" WIDTH="237" HEIGHT="49" WC="0.96" CONTENT="ojämförligt"/><SP WIDTH="28" VPOS="534" HPOS="1527"/>
							<String ID="string_63" HPOS="1555" VPOS="538" WIDTH="140" HEIGHT="45" WC="0.96" CONTENT="många"/><SP WIDTH="28" VPOS="538" HPOS="1695"/>
							<String ID="string_64" HPOS="1723" VPOS="535" WIDTH="93" HEIGHT="36" WC="0.96" CONTENT="flera"/>
						</TextLine>
						<TextLine ID="line_7" HPOS="210" VPOS="580" WIDTH="1605" HEIGHT="54">
							<String ID="string_65" HPOS="210" VPOS="580" WIDTH="163" HEIGHT="47" WC="0.95" CONTENT="butiker,"/><SP WIDTH="29" VPOS="580" HPOS="373"/>
							<String ID="string_66" HPOS="402" VPOS="582" WIDTH="68" HEIGHT="36" WC="0.96" CONTENT="där"/><SP WIDTH="27" VPOS="582" HPOS="470"/>
							<String ID="string_67" HPOS="497" VPOS="582" WIDTH="118" HEIGHT="37" WC="0.93" CONTENT="tobak"/><SP WIDTH="27" VPOS="582" HPOS="615"/>
							<String ID="string_68" HPOS="642" VPOS="582" WIDTH="321" HEIGHT="49" WC="0.92" CONTENT="tillhandahålles,"/><SP WIDTH="22" VPOS="582" HPOS="963"/>
							<String ID="string_69" HPOS="985" VPOS="589" WIDTH="47" HEIGHT="32" WC="0.93" CONTENT="än"/><SP WIDTH="19" VPOS="589" HPOS="1032"/>
							<String ID="string_70" HPOS="1051" VPOS="584" WIDTH="391" HEIGHT="49" WC="0.90" CONTENT="försäljningsställen"/><SP WIDTH="20" VPOS="584" HPOS="1442"/>
							<String ID="string_71" HPOS="1462" VPOS="586" WIDTH="60" HEIGHT="36" WC="0.96" CONTENT="för"/><SP WIDTH="18" VPOS="586" HPOS="1522"/>
							<String ID="string_72" HPOS="1540" VPOS="585" WIDTH="275" HEIGHT="49" WC="0.96" CONTENT="spritdrycker,"/>
						</TextLine>
						<TextLine ID="line_8" HPOS="209" VPOS="631" WIDTH="1606" HEIGHT="55">
							<String ID="string_73" HPOS="209" VPOS="631" WIDTH="154" HEIGHT="37" WC="0.92" CONTENT="hvartill"/><SP WIDTH="41" VPOS="631" HPOS="363"/>
							<String ID="string_74" HPOS="404" VPOS="633" WIDTH="113" HEIGHT="36" WC="0.96" CONTENT="äfven"/><SP WIDTH="45" VPOS="633" HPOS="517"/>
							<String ID="string_75" HPOS="562" VPOS="633" WIDTH="183" HEIGHT="47" WC="0.96" CONTENT="kommer,"/><SP WIDTH="43" VPOS="633" HPOS="745"/>
							<String ID="string_76" HPOS="788" VPOS="640" WIDTH="55" HEIGHT="30" WC="0.95" CONTENT="att"/><SP WIDTH="40" VPOS="640" HPOS="843"/>
							<String ID="string_77" HPOS="883" VPOS="634" WIDTH="229" HEIGHT="50" WC="0.95" CONTENT="försäljning"/><SP WIDTH="41" VPOS="634" HPOS="1112"/>
							<String ID="string_78" HPOS="1153" VPOS="636" WIDTH="42" HEIGHT="36" WC="0.96" CONTENT="af"/><SP WIDTH="23" VPOS="636" HPOS="1195"/>
							<String ID="string_79" HPOS="1218" VPOS="636" WIDTH="129" HEIGHT="49" WC="0.96" CONTENT="dylika"/><SP WIDTH="28" VPOS="636" HPOS="1347"/>
							<String ID="string_80" HPOS="1375" VPOS="636" WIDTH="164" HEIGHT="50" WC="0.96" CONTENT="drycker"/><SP WIDTH="26" VPOS="636" HPOS="1539"/>
							<String ID="string_81" HPOS="1565" VPOS="637" WIDTH="11" HEIGHT="35" WC="0.96" CONTENT="1"/><SP WIDTH="30" VPOS="637" HPOS="1576"/>
							<String ID="string_82" HPOS="1606" VPOS="636" WIDTH="209" HEIGHT="36" WC="0.96" CONTENT="allmänhet"/>
						</TextLine>
						<TextLine ID="line_9" HPOS="209" VPOS="682" WIDTH="1606" HEIGHT="53">
							<String ID="string_83" HPOS="209" VPOS="682" WIDTH="89" HEIGHT="36" WC="0.96" CONTENT="sker"/><SP WIDTH="41" VPOS="682" HPOS="298"/>
							<String ID="string_84" HPOS="339" VPOS="683" WIDTH="121" HEIGHT="37" WC="0.95" CONTENT="under"/><SP WIDTH="40" VPOS="683" HPOS="460"/>
							<String ID="string_85" HPOS="500" VPOS="684" WIDTH="145" HEIGHT="37" WC="0.95" CONTENT="sådana"/><SP WIDTH="39" VPOS="684" HPOS="645"/>
							<String ID="string_86" HPOS="684" VPOS="684" WIDTH="278" HEIGHT="49" WC="0.95" CONTENT="förhållanden,"/><SP WIDTH="43" VPOS="684" HPOS="962"/>
							<String ID="string_87" HPOS="1005" VPOS="691" WIDTH="55" HEIGHT="31" WC="0.96" CONTENT="att"/><SP WIDTH="39" VPOS="691" HPOS="1060"/>
							<String ID="string_88" HPOS="1099" VPOS="689" WIDTH="128" HEIGHT="46" WC="0.96" CONTENT="någon"/><SP WIDTH="41" VPOS="689" HPOS="1227"/>
							<String ID="string_89" HPOS="1268" VPOS="687" WIDTH="225" HEIGHT="36" WC="0.96" CONTENT="ekonomisk"/><SP WIDTH="36" VPOS="687" HPOS="1493"/>
							<String ID="string_90" HPOS="1529" VPOS="687" WIDTH="124" HEIGHT="36" WC="0.96" CONTENT="fördel"/><SP WIDTH="27" VPOS="687" HPOS="1653"/>
							<String ID="string_91" HPOS="1680" VPOS="687" WIDTH="59" HEIGHT="36" WC="0.96" CONTENT="för"/><SP WIDTH="28" VPOS="687" HPOS="1739"/>
							<String ID="string_92" HPOS="1767" VPOS="687" WIDTH="48" HEIGHT="37" WC="0.96" CONTENT="de"/>
						</TextLine>
						<TextLine ID="line_10" HPOS="209" VPOS="733" WIDTH="1605" HEIGHT="53">
							<String ID="string_93" HPOS="209" VPOS="733" WIDTH="171" HEIGHT="48" WC="0.96" CONTENT="säljande"/><SP WIDTH="29" VPOS="733" HPOS="380"/>
							<String ID="string_94" HPOS="409" VPOS="735" WIDTH="33" HEIGHT="48" WC="0.96" CONTENT="ej"/><SP WIDTH="30" VPOS="735" HPOS="442"/>
							<String ID="string_95" HPOS="472" VPOS="739" WIDTH="42" HEIGHT="32" WC="0.96" CONTENT="är"/><SP WIDTH="29" VPOS="739" HPOS="514"/>
							<String ID="string_96" HPOS="543" VPOS="735" WIDTH="217" HEIGHT="36" WC="0.96" CONTENT="förbunden"/><SP WIDTH="29" VPOS="735" HPOS="760"/>
							<String ID="string_97" HPOS="789" VPOS="736" WIDTH="86" HEIGHT="36" WC="0.90" CONTENT="med"/><SP WIDTH="29" VPOS="736" HPOS="875"/>
							<String ID="string_98" HPOS="904" VPOS="737" WIDTH="278" HEIGHT="36" WC="0.90" CONTENT="öfverträdelse"/><SP WIDTH="29" VPOS="737" HPOS="1182"/>
							<String ID="string_99" HPOS="1211" VPOS="737" WIDTH="43" HEIGHT="37" WC="0.96" CONTENT="af"/><SP WIDTH="24" VPOS="737" HPOS="1254"/>
							<String ID="string_100" HPOS="1278" VPOS="738" WIDTH="346" HEIGHT="48" WC="0.95" CONTENT="förbudet"/><SP WIDTH="-154" VPOS="738" HPOS="1624"/>
							<String ID="string_101" HPOS="1470" VPOS="729" WIDTH="20" HEIGHT="61" WC="0.95" CONTENT="i"/><SP WIDTH="18" VPOS="729" HPOS="1490"/>
							<String ID="string_102" HPOS="1508" VPOS="738" WIDTH="116" HEIGHT="48" WC="0.95" CONTENT="fråga."/><SP WIDTH="55" VPOS="738" HPOS="1624"/>
							<String ID="string_103" HPOS="1679" VPOS="738" WIDTH="135" HEIGHT="36" WC="0.96" CONTENT="Denna"/>
						</TextLine>
						<TextLine ID="line_11" HPOS="208" VPOS="784" WIDTH="1606" HEIGHT="51">
							<String ID="string_104" HPOS="208" VPOS="784" WIDTH="152" HEIGHT="47" WC="0.95" CONTENT="garanti"/><SP WIDTH="28" VPOS="784" HPOS="360"/>
							<String ID="string_105" HPOS="388" VPOS="785" WIDTH="58" HEIGHT="36" WC="0.93" CONTENT="för"/><SP WIDTH="27" VPOS="785" HPOS="446"/>
							<String ID="string_106" HPOS="473" VPOS="785" WIDTH="281" HEIGHT="37" WC="0.92" CONTENT="efterlefnaden"/><SP WIDTH="25" VPOS="785" HPOS="754"/>
							<String ID="string_107" HPOS="779" VPOS="787" WIDTH="42" HEIGHT="35" WC="0.96" CONTENT="af"/><SP WIDTH="23" VPOS="787" HPOS="821"/>
							<String ID="string_108" HPOS="844" VPOS="792" WIDTH="55" HEIGHT="31" WC="0.96" CONTENT="ett"/><SP WIDTH="28" VPOS="792" HPOS="899"/>
							<String ID="string_109" HPOS="927" VPOS="787" WIDTH="121" HEIGHT="48" WC="0.96" CONTENT="dylikt"/><SP WIDTH="28" VPOS="787" HPOS="1048"/>
							<String ID="string_110" HPOS="1076" VPOS="787" WIDTH="138" HEIGHT="37" WC="0.96" CONTENT="förbud"/><SP WIDTH="20" VPOS="787" HPOS="1214"/>
							<String ID="string_111" HPOS="1234" VPOS="788" WIDTH="140" HEIGHT="37" WC="0.96" CONTENT="saknas"/><SP WIDTH="15" VPOS="788" HPOS="1374"/>
							<String ID="string_112" HPOS="1389" VPOS="788" WIDTH="174" HEIGHT="37" WC="0.96" CONTENT="däremot"/><SP WIDTH="14" VPOS="788" HPOS="1563"/>
							<String ID="string_113" HPOS="1577" VPOS="788" WIDTH="237" HEIGHT="37" WC="0.96" CONTENT="beträffande"/>
						</TextLine>
						<TextLine ID="line_12" HPOS="205" VPOS="834" WIDTH="1608" HEIGHT="53">
							<String ID="string_114" HPOS="205" VPOS="834" WIDTH="321" HEIGHT="49" WC="0.89" CONTENT="tobakshandeln,"/><SP WIDTH="43" VPOS="834" HPOS="526"/>
							<String ID="string_115" HPOS="569" VPOS="837" WIDTH="68" HEIGHT="36" WC="0.96" CONTENT="där"/><SP WIDTH="41" VPOS="837" HPOS="637"/>
							<String ID="string_116" HPOS="678" VPOS="837" WIDTH="64" HEIGHT="36" WC="0.96" CONTENT="det"/><SP WIDTH="39" VPOS="837" HPOS="742"/>
							<String ID="string_117" HPOS="781" VPOS="836" WIDTH="245" HEIGHT="49" WC="0.95" CONTENT="naturligtvis"/><SP WIDTH="27" VPOS="836" HPOS="1026"/>
							<String ID="string_118" HPOS="1053" VPOS="838" WIDTH="127" HEIGHT="49" WC="0.95" CONTENT="ligger"/><SP WIDTH="26" VPOS="838" HPOS="1180"/>
							<String ID="string_119" HPOS="1206" VPOS="839" WIDTH="12" HEIGHT="35" WC="0.96" CONTENT="i"/><SP WIDTH="29" VPOS="839" HPOS="1218"/>
							<String ID="string_120" HPOS="1247" VPOS="839" WIDTH="46" HEIGHT="36" WC="0.97" CONTENT="de"/><SP WIDTH="28" VPOS="839" HPOS="1293"/>
							<String ID="string_121" HPOS="1321" VPOS="839" WIDTH="173" HEIGHT="37" WC="0.93" CONTENT="enskilde"/><SP WIDTH="28" VPOS="839" HPOS="1494"/>
							<String ID="string_122" HPOS="1522" VPOS="839" WIDTH="291" HEIGHT="37" WC="0.92" CONTENT="handlandenas"/>
						</TextLine>
						<TextLine ID="line_13" HPOS="204" VPOS="884" WIDTH="1608" HEIGHT="54">
							<String ID="string_123" HPOS="204" VPOS="884" WIDTH="164" HEIGHT="38" WC="0.96" CONTENT="intresse"/><SP WIDTH="42" VPOS="884" HPOS="368"/>
							<String ID="string_124" HPOS="410" VPOS="891" WIDTH="55" HEIGHT="31" WC="0.96" CONTENT="att"/><SP WIDTH="39" VPOS="891" HPOS="465"/>
							<String ID="string_125" HPOS="504" VPOS="887" WIDTH="145" HEIGHT="36" WC="0.95" CONTENT="erhålla"/><SP WIDTH="40" VPOS="887" HPOS="649"/>
							<String ID="string_126" HPOS="689" VPOS="892" WIDTH="140" HEIGHT="32" WC="0.96" CONTENT="största"/><SP WIDTH="30" VPOS="892" HPOS="829"/>
							<String ID="string_127" HPOS="859" VPOS="888" WIDTH="158" HEIGHT="48" WC="0.95" CONTENT="möjliga"/><SP WIDTH="28" VPOS="888" HPOS="1017"/>
							<String ID="string_128" HPOS="1045" VPOS="889" WIDTH="247" HEIGHT="49" WC="0.96" CONTENT="omsättning,"/><SP WIDTH="30" VPOS="889" HPOS="1292"/>
							<String ID="string_129" HPOS="1322" VPOS="890" WIDTH="113" HEIGHT="36" WC="0.96" CONTENT="äfven"/><SP WIDTH="29" VPOS="890" HPOS="1435"/>
							<String ID="string_130" HPOS="1464" VPOS="904" WIDTH="61" HEIGHT="22" WC="0.95" CONTENT="om"/><SP WIDTH="29" VPOS="904" HPOS="1525"/>
							<String ID="string_131" HPOS="1554" VPOS="890" WIDTH="106" HEIGHT="37" WC="0.95" CONTENT="detta"/><SP WIDTH="29" VPOS="890" HPOS="1660"/>
							<String ID="string_132" HPOS="1689" VPOS="890" WIDTH="123" HEIGHT="36" WC="0.95" CONTENT="skulle"/>
						</TextLine>
						<TextLine ID="line_14" HPOS="205" VPOS="935" WIDTH="1608" HEIGHT="54">
							<String ID="string_133" HPOS="205" VPOS="935" WIDTH="136" HEIGHT="38" WC="0.95" CONTENT="vinnas"/><SP WIDTH="33" VPOS="935" HPOS="341"/>
							<String ID="string_134" HPOS="374" VPOS="949" WIDTH="140" HEIGHT="36" WC="0.95" CONTENT="genom"/><SP WIDTH="28" VPOS="949" HPOS="514"/>
							<String ID="string_135" HPOS="542" VPOS="937" WIDTH="229" HEIGHT="50" WC="0.96" CONTENT="försäljning"/><SP WIDTH="29" VPOS="937" HPOS="771"/>
							<String ID="string_136" HPOS="800" VPOS="939" WIDTH="41" HEIGHT="36" WC="0.96" CONTENT="af"/><SP WIDTH="23" VPOS="939" HPOS="841"/>
							<String ID="string_137" HPOS="864" VPOS="939" WIDTH="254" HEIGHT="37" WC="0.96" CONTENT="tobaksvaror"/><SP WIDTH="26" VPOS="939" HPOS="1118"/>
							<String ID="string_138" HPOS="1144" VPOS="939" WIDTH="59" HEIGHT="37" WC="0.96" CONTENT="till"/><SP WIDTH="28" VPOS="939" HPOS="1203"/>
							<String ID="string_139" HPOS="1231" VPOS="940" WIDTH="265" HEIGHT="49" WC="0.94" CONTENT="minderåriga."/><SP WIDTH="56" VPOS="940" HPOS="1496"/>
							<String ID="string_140" HPOS="1552" VPOS="941" WIDTH="87" HEIGHT="36" WC="0.95" CONTENT="Med"/><SP WIDTH="28" VPOS="941" HPOS="1639"/>
							<String ID="string_141" HPOS="1667" VPOS="941" WIDTH="48" HEIGHT="36" WC="0.92" CONTENT="de"/><SP WIDTH="27" VPOS="941" HPOS="1715"/>
							<String ID="string_142" HPOS="1742" VPOS="940" WIDTH="71" HEIGHT="37" WC="0.91" CONTENT="tal-"/>
						</TextLine>
						<TextLine ID="line_15" HPOS="204" VPOS="986" WIDTH="1608" HEIGHT="51">
							<String ID="string_143" HPOS="204" VPOS="986" WIDTH="84" HEIGHT="37" WC="0.96" CONTENT="rika"/><SP WIDTH="41" VPOS="986" HPOS="288"/>
							<String ID="string_144" HPOS="329" VPOS="987" WIDTH="130" HEIGHT="48" WC="0.96" CONTENT="bodar,"/><SP WIDTH="43" VPOS="987" HPOS="459"/>
							<String ID="string_145" HPOS="502" VPOS="988" WIDTH="69" HEIGHT="37" WC="0.96" CONTENT="där"/><SP WIDTH="27" VPOS="988" HPOS="571"/>
							<String ID="string_146" HPOS="598" VPOS="989" WIDTH="253" HEIGHT="36" WC="0.93" CONTENT="tobaksvaror"/><SP WIDTH="27" VPOS="989" HPOS="851"/>
							<String ID="string_147" HPOS="878" VPOS="989" WIDTH="191" HEIGHT="48" WC="0.86" CONTENT="försäljas,"/><SP WIDTH="28" VPOS="989" HPOS="1069"/>
							<String ID="string_148" HPOS="1097" VPOS="990" WIDTH="110" HEIGHT="37" WC="0.96" CONTENT="torde"/><SP WIDTH="28" VPOS="990" HPOS="1207"/>
							<String ID="string_149" HPOS="1235" VPOS="991" WIDTH="130" HEIGHT="37" WC="0.96" CONTENT="därför"/><SP WIDTH="27" VPOS="991" HPOS="1365"/>
							<String ID="string_150" HPOS="1392" VPOS="992" WIDTH="88" HEIGHT="36" WC="0.96" CONTENT="med"/><SP WIDTH="28" VPOS="992" HPOS="1480"/>
							<String ID="string_151" HPOS="1508" VPOS="991" WIDTH="148" HEIGHT="37" WC="0.96" CONTENT="visshet"/><SP WIDTH="26" VPOS="991" HPOS="1656"/>
							<String ID="string_152" HPOS="1682" VPOS="991" WIDTH="130" HEIGHT="37" WC="0.96" CONTENT="kunna"/>
						</TextLine>
						<TextLine ID="line_16" HPOS="205" VPOS="1038" WIDTH="1608" HEIGHT="50">
							<String ID="string_153" HPOS="205" VPOS="1038" WIDTH="174" HEIGHT="48" WC="0.90" CONTENT="antagas,"/><SP WIDTH="28" VPOS="1038" HPOS="379"/>
							<String ID="string_154" HPOS="407" VPOS="1044" WIDTH="54" HEIGHT="31" WC="0.96" CONTENT="att"/><SP WIDTH="28" VPOS="1044" HPOS="461"/>
							<String ID="string_155" HPOS="489" VPOS="1042" WIDTH="129" HEIGHT="46" WC="0.96" CONTENT="någon"/><SP WIDTH="28" VPOS="1042" HPOS="618"/>
							<String ID="string_156" HPOS="646" VPOS="1040" WIDTH="178" HEIGHT="36" WC="0.96" CONTENT="verksam"/><SP WIDTH="23" VPOS="1040" HPOS="824"/>
							<String ID="string_157" HPOS="847" VPOS="1040" WIDTH="166" HEIGHT="37" WC="0.95" CONTENT="kontroll"/><SP WIDTH="16" VPOS="1040" HPOS="1013"/>
							<String ID="string_158" HPOS="1029" VPOS="1042" WIDTH="108" HEIGHT="35" WC="0.93" CONTENT="öfver"/><SP WIDTH="16" VPOS="1042" HPOS="1137"/>
							<String ID="string_159" HPOS="1153" VPOS="1041" WIDTH="279" HEIGHT="37" WC="0.91" CONTENT="efterlefnaden"/><SP WIDTH="16" VPOS="1041" HPOS="1432"/>
							<String ID="string_160" HPOS="1448" VPOS="1042" WIDTH="43" HEIGHT="37" WC="0.96" CONTENT="af"/><SP WIDTH="11" VPOS="1042" HPOS="1491"/>
							<String ID="string_161" HPOS="1502" VPOS="1048" WIDTH="55" HEIGHT="31" WC="0.96" CONTENT="ett"/><SP WIDTH="15" VPOS="1048" HPOS="1557"/>
							<String ID="string_162" HPOS="1572" VPOS="1042" WIDTH="139" HEIGHT="37" WC="0.96" CONTENT="förbud"/><SP WIDTH="15" VPOS="1042" HPOS="1711"/>
							<String ID="string_163" HPOS="1726" VPOS="1042" WIDTH="87" HEIGHT="36" WC="0.96" CONTENT="utaf"/>
						</TextLine>
						<TextLine ID="line_17" HPOS="204" VPOS="1087" WIDTH="1429" HEIGHT="54">
							<String ID="string_164" HPOS="204" VPOS="1087" WIDTH="296" HEIGHT="50" WC="0.96" CONTENT="ifrågavarande"/><SP WIDTH="29" VPOS="1087" HPOS="500"/>
							<String ID="string_165" HPOS="529" VPOS="1091" WIDTH="87" HEIGHT="47" WC="0.96" CONTENT="slag"/><SP WIDTH="26" VPOS="1091" HPOS="616"/>
							<String ID="string_166" HPOS="642" VPOS="1090" WIDTH="83" HEIGHT="37" WC="0.96" CONTENT="icke"/><SP WIDTH="29" VPOS="1090" HPOS="725"/>
							<String ID="string_167" HPOS="754" VPOS="1090" WIDTH="124" HEIGHT="38" WC="0.96" CONTENT="skulle"/><SP WIDTH="29" VPOS="1090" HPOS="878"/>
							<String ID="string_168" HPOS="907" VPOS="1091" WIDTH="129" HEIGHT="37" WC="0.96" CONTENT="kunna"/><SP WIDTH="28" VPOS="1091" HPOS="1036"/>
							<String ID="string_169" HPOS="1064" VPOS="1092" WIDTH="12" HEIGHT="36" WC="0.96" CONTENT="i"/><SP WIDTH="27" VPOS="1092" HPOS="1076"/>
							<String ID="string_170" HPOS="1103" VPOS="1092" WIDTH="212" HEIGHT="37" WC="0.96" CONTENT="nämnvärd"/><SP WIDTH="28" VPOS="1092" HPOS="1315"/>
							<String ID="string_171" HPOS="1343" VPOS="1093" WIDTH="96" HEIGHT="48" WC="0.92" CONTENT="grad"/><SP WIDTH="29" VPOS="1093" HPOS="1439"/>
							<String ID="string_172" HPOS="1468" VPOS="1094" WIDTH="165" HEIGHT="36" WC="0.92" CONTENT="utöfvas."/>
						</TextLine>
					</TextBlock>
					<TextBlock ID="block_2" HPOS="200" VPOS="1140" WIDTH="1611" HEIGHT="456">
						<TextLine ID="line_18" HPOS="338" VPOS="1140" WIDTH="1473" HEIGHT="50">
							<String ID="string_173" HPOS="338" VPOS="1140" WIDTH="67" HEIGHT="36" WC="0.96" CONTENT="Att"/><SP WIDTH="40" VPOS="1140" HPOS="405"/>
							<String ID="string_174" HPOS="445" VPOS="1141" WIDTH="213" HEIGHT="36" WC="0.96" CONTENT="emellertid"/><SP WIDTH="37" VPOS="1141" HPOS="658"/>
							<String ID="string_175" HPOS="695" VPOS="1144" WIDTH="118" HEIGHT="45" WC="0.96" CONTENT="något"/><SP WIDTH="32" VPOS="1144" HPOS="813"/>
							<String ID="string_176" HPOS="845" VPOS="1142" WIDTH="69" HEIGHT="36" WC="0.93" CONTENT="bör"/><SP WIDTH="27" VPOS="1142" HPOS="914"/>
							<String ID="string_177" HPOS="941" VPOS="1145" WIDTH="154" HEIGHT="45" WC="0.92" CONTENT="åtgöras"/><SP WIDTH="29" VPOS="1145" HPOS="1095"/>
							<String ID="string_178" HPOS="1124" VPOS="1143" WIDTH="60" HEIGHT="36" WC="0.96" CONTENT="för"/><SP WIDTH="28" VPOS="1143" HPOS="1184"/>
							<String ID="string_179" HPOS="1212" VPOS="1148" WIDTH="54" HEIGHT="32" WC="0.95" CONTENT="att"/><SP WIDTH="27" VPOS="1148" HPOS="1266"/>
							<String ID="string_180" HPOS="1293" VPOS="1144" WIDTH="92" HEIGHT="36" WC="0.96" CONTENT="råda"/><SP WIDTH="27" VPOS="1144" HPOS="1385"/>
							<String ID="string_181" HPOS="1412" VPOS="1144" WIDTH="65" HEIGHT="36" WC="0.96" CONTENT="bot"/><SP WIDTH="28" VPOS="1144" HPOS="1477"/>
							<String ID="string_182" HPOS="1505" VPOS="1144" WIDTH="61" HEIGHT="37" WC="0.96" CONTENT="för"/><SP WIDTH="27" VPOS="1144" HPOS="1566"/>
							<String ID="string_183" HPOS="1593" VPOS="1144" WIDTH="66" HEIGHT="37" WC="0.93" CONTENT="det"/><SP WIDTH="27" VPOS="1144" HPOS="1659"/>
							<String ID="string_184" HPOS="1686" VPOS="1143" WIDTH="125" HEIGHT="37" WC="0.91" CONTENT="öfver-"/>
						</TextLine>
						<TextLine ID="line_19" HPOS="204" VPOS="1190" WIDTH="1606" HEIGHT="52">
							<String ID="string_185" HPOS="204" VPOS="1190" WIDTH="272" HEIGHT="48" WC="0.91" CONTENT="handtagande"/><SP WIDTH="28" VPOS="1190" HPOS="476"/>
							<String ID="string_186" HPOS="504" VPOS="1191" WIDTH="140" HEIGHT="37" WC="0.96" CONTENT="bruket"/><SP WIDTH="28" VPOS="1191" HPOS="644"/>
							<String ID="string_187" HPOS="672" VPOS="1192" WIDTH="41" HEIGHT="36" WC="0.95" CONTENT="af"/><SP WIDTH="24" VPOS="1192" HPOS="713"/>
							<String ID="string_188" HPOS="737" VPOS="1192" WIDTH="118" HEIGHT="36" WC="0.96" CONTENT="tobak"/><SP WIDTH="28" VPOS="1192" HPOS="855"/>
							<String ID="string_189" HPOS="883" VPOS="1192" WIDTH="116" HEIGHT="37" WC="0.96" CONTENT="bland"/><SP WIDTH="30" VPOS="1192" HPOS="999"/>
							<String ID="string_190" HPOS="1029" VPOS="1194" WIDTH="269" HEIGHT="48" WC="0.95" CONTENT="minderåriga,"/><SP WIDTH="29" VPOS="1194" HPOS="1298"/>
							<String ID="string_191" HPOS="1327" VPOS="1194" WIDTH="77" HEIGHT="46" WC="0.95" CONTENT="vill,"/><SP WIDTH="29" VPOS="1194" HPOS="1404"/>
							<String ID="string_192" HPOS="1433" VPOS="1208" WIDTH="82" HEIGHT="23" WC="0.95" CONTENT="som"/><SP WIDTH="30" VPOS="1208" HPOS="1515"/>
							<String ID="string_193" HPOS="1545" VPOS="1195" WIDTH="116" HEIGHT="36" WC="0.96" CONTENT="ofvan"/><SP WIDTH="29" VPOS="1195" HPOS="1661"/>
							<String ID="string_194" HPOS="1690" VPOS="1199" WIDTH="120" HEIGHT="43" WC="0.96" CONTENT="sagts,"/>
						</TextLine>
						<TextLine ID="line_20" HPOS="203" VPOS="1240" WIDTH="1608" HEIGHT="54">
							<String ID="string_195" HPOS="203" VPOS="1240" WIDTH="188" HEIGHT="37" WC="0.96" CONTENT="utskottet"/><SP WIDTH="27" VPOS="1240" HPOS="391"/>
							<String ID="string_196" HPOS="418" VPOS="1242" WIDTH="60" HEIGHT="36" WC="0.96" CONTENT="för"/><SP WIDTH="27" VPOS="1242" HPOS="478"/>
							<String ID="string_197" HPOS="505" VPOS="1241" WIDTH="117" HEIGHT="50" WC="0.96" CONTENT="ingen"/><SP WIDTH="30" VPOS="1241" HPOS="622"/>
							<String ID="string_198" HPOS="652" VPOS="1242" WIDTH="61" HEIGHT="37" WC="0.96" CONTENT="del"/><SP WIDTH="29" VPOS="1242" HPOS="713"/>
							<String ID="string_199" HPOS="742" VPOS="1242" WIDTH="172" HEIGHT="37" WC="0.96" CONTENT="förneka."/><SP WIDTH="55" VPOS="1242" HPOS="914"/>
							<String ID="string_200" HPOS="969" VPOS="1244" WIDTH="222" HEIGHT="48" WC="0.92" CONTENT="Lösningen"/><SP WIDTH="29" VPOS="1244" HPOS="1191"/>
							<String ID="string_201" HPOS="1220" VPOS="1246" WIDTH="42" HEIGHT="35" WC="0.96" CONTENT="af"/><SP WIDTH="25" VPOS="1246" HPOS="1262"/>
							<String ID="string_202" HPOS="1287" VPOS="1244" WIDTH="124" HEIGHT="37" WC="0.96" CONTENT="denna"/><SP WIDTH="27" VPOS="1244" HPOS="1411"/>
							<String ID="string_203" HPOS="1438" VPOS="1245" WIDTH="111" HEIGHT="49" WC="0.96" CONTENT="fråga"/><SP WIDTH="29" VPOS="1245" HPOS="1549"/>
							<String ID="string_204" HPOS="1578" VPOS="1258" WIDTH="114" HEIGHT="36" WC="0.96" CONTENT="synes"/><SP WIDTH="21" VPOS="1258" HPOS="1692"/>
							<String ID="string_205" HPOS="1713" VPOS="1245" WIDTH="98" HEIGHT="36" WC="0.96" CONTENT="dock"/>
						</TextLine>
						<TextLine ID="line_21" HPOS="203" VPOS="1291" WIDTH="1608" HEIGHT="54">
							<String ID="string_206" HPOS="203" VPOS="1291" WIDTH="96" HEIGHT="36" WC="0.96" CONTENT="först"/><SP WIDTH="28" VPOS="1291" HPOS="299"/>
							<String ID="string_207" HPOS="327" VPOS="1291" WIDTH="71" HEIGHT="36" WC="0.96" CONTENT="och"/><SP WIDTH="28" VPOS="1291" HPOS="398"/>
							<String ID="string_208" HPOS="426" VPOS="1292" WIDTH="139" HEIGHT="36" WC="0.96" CONTENT="främst"/><SP WIDTH="27" VPOS="1292" HPOS="565"/>
							<String ID="string_209" HPOS="592" VPOS="1293" WIDTH="92" HEIGHT="36" WC="0.93" CONTENT="böra"/><SP WIDTH="29" VPOS="1293" HPOS="684"/>
							<String ID="string_210" HPOS="713" VPOS="1292" WIDTH="102" HEIGHT="37" WC="0.93" CONTENT="hvila"/><SP WIDTH="27" VPOS="1292" HPOS="815"/>
							<String ID="string_211" HPOS="842" VPOS="1296" WIDTH="50" HEIGHT="46" WC="0.96" CONTENT="på"/><SP WIDTH="27" VPOS="1296" HPOS="892"/>
							<String ID="string_212" HPOS="919" VPOS="1294" WIDTH="98" HEIGHT="46" WC="0.96" CONTENT="dem,"/><SP WIDTH="21" VPOS="1294" HPOS="1017"/>
							<String ID="string_213" HPOS="1038" VPOS="1307" WIDTH="81" HEIGHT="23" WC="0.96" CONTENT="som"/><SP WIDTH="22" VPOS="1307" HPOS="1119"/>
							<String ID="string_214" HPOS="1141" VPOS="1295" WIDTH="114" HEIGHT="36" WC="0.96" CONTENT="hafva"/><SP WIDTH="21" VPOS="1295" HPOS="1255"/>
							<String ID="string_215" HPOS="1276" VPOS="1295" WIDTH="101" HEIGHT="36" WC="0.96" CONTENT="hand"/><SP WIDTH="20" VPOS="1295" HPOS="1377"/>
							<String ID="string_216" HPOS="1397" VPOS="1309" WIDTH="61" HEIGHT="22" WC="0.95" CONTENT="om"/><SP WIDTH="18" VPOS="1309" HPOS="1458"/>
							<String ID="string_217" HPOS="1476" VPOS="1296" WIDTH="65" HEIGHT="36" WC="0.96" CONTENT="det"/><SP WIDTH="16" VPOS="1296" HPOS="1541"/>
							<String ID="string_218" HPOS="1557" VPOS="1295" WIDTH="254" HEIGHT="50" WC="0.96" CONTENT="uppväxande"/>
						</TextLine>
						<TextLine ID="line_22" HPOS="203" VPOS="1341" WIDTH="1607" HEIGHT="50">
							<String ID="string_219" HPOS="203" VPOS="1341" WIDTH="160" HEIGHT="37" WC="0.96" CONTENT="släktets"/><SP WIDTH="39" VPOS="1341" HPOS="363"/>
							<String ID="string_220" HPOS="402" VPOS="1343" WIDTH="242" HEIGHT="48" WC="0.93" CONTENT="uppfostran."/><SP WIDTH="55" VPOS="1343" HPOS="644"/>
							<String ID="string_221" HPOS="699" VPOS="1342" WIDTH="150" HEIGHT="38" WC="0.96" CONTENT="Genom"/><SP WIDTH="42" VPOS="1342" HPOS="849"/>
							<String ID="string_222" HPOS="891" VPOS="1345" WIDTH="230" HEIGHT="36" WC="0.96" CONTENT="samverkan"/><SP WIDTH="41" VPOS="1345" HPOS="1121"/>
							<String ID="string_223" HPOS="1162" VPOS="1345" WIDTH="140" HEIGHT="37" WC="0.96" CONTENT="mellan"/><SP WIDTH="38" VPOS="1345" HPOS="1302"/>
							<String ID="string_224" HPOS="1340" VPOS="1345" WIDTH="109" HEIGHT="37" WC="0.96" CONTENT="skola"/><SP WIDTH="27" VPOS="1345" HPOS="1449"/>
							<String ID="string_225" HPOS="1476" VPOS="1346" WIDTH="72" HEIGHT="37" WC="0.96" CONTENT="och"/><SP WIDTH="28" VPOS="1346" HPOS="1548"/>
							<String ID="string_226" HPOS="1576" VPOS="1346" WIDTH="87" HEIGHT="36" WC="0.96" CONTENT="hem"/><SP WIDTH="29" VPOS="1346" HPOS="1663"/>
							<String ID="string_227" HPOS="1692" VPOS="1345" WIDTH="118" HEIGHT="38" WC="0.96" CONTENT="borde"/>
						</TextLine>
						<TextLine ID="line_23" HPOS="202" VPOS="1392" WIDTH="1609" HEIGHT="53">
							<String ID="string_228" HPOS="202" VPOS="1392" WIDTH="153" HEIGHT="49" WC="0.96" CONTENT="mycket"/><SP WIDTH="32" VPOS="1392" HPOS="355"/>
							<String ID="string_229" HPOS="387" VPOS="1392" WIDTH="128" HEIGHT="38" WC="0.96" CONTENT="kunna"/><SP WIDTH="27" VPOS="1392" HPOS="515"/>
							<String ID="string_230" HPOS="542" VPOS="1394" WIDTH="135" HEIGHT="36" WC="0.96" CONTENT="vinnas"/><SP WIDTH="28" VPOS="1394" HPOS="677"/>
							<String ID="string_231" HPOS="705" VPOS="1394" WIDTH="59" HEIGHT="36" WC="0.92" CONTENT="för"/><SP WIDTH="28" VPOS="1394" HPOS="764"/>
							<String ID="string_232" HPOS="792" VPOS="1394" WIDTH="192" HEIGHT="49" WC="0.92" CONTENT="stäfjande"/><SP WIDTH="30" VPOS="1394" HPOS="984"/>
							<String ID="string_233" HPOS="1014" VPOS="1396" WIDTH="41" HEIGHT="35" WC="0.96" CONTENT="af"/><SP WIDTH="24" VPOS="1396" HPOS="1055"/>
							<String ID="string_234" HPOS="1079" VPOS="1396" WIDTH="74" HEIGHT="36" WC="0.95" CONTENT="den"/><SP WIDTH="28" VPOS="1396" HPOS="1153"/>
							<String ID="string_235" HPOS="1181" VPOS="1395" WIDTH="116" HEIGHT="37" WC="0.96" CONTENT="bland"/><SP WIDTH="27" VPOS="1395" HPOS="1297"/>
							<String ID="string_236" HPOS="1324" VPOS="1396" WIDTH="258" HEIGHT="49" WC="0.96" CONTENT="minderåriga"/><SP WIDTH="29" VPOS="1396" HPOS="1582"/>
							<String ID="string_237" HPOS="1611" VPOS="1397" WIDTH="67" HEIGHT="36" WC="0.96" CONTENT="allt"/><SP WIDTH="27" VPOS="1397" HPOS="1678"/>
							<String ID="string_238" HPOS="1705" VPOS="1408" WIDTH="106" HEIGHT="24" WC="0.96" CONTENT="mera"/>
						</TextLine>
						<TextLine ID="line_24" HPOS="200" VPOS="1442" WIDTH="1609" HEIGHT="54">
							<String ID="string_239" HPOS="200" VPOS="1442" WIDTH="286" HEIGHT="38" WC="0.93" CONTENT="framträdande"/><SP WIDTH="29" VPOS="1442" HPOS="486"/>
							<String ID="string_240" HPOS="515" VPOS="1444" WIDTH="144" HEIGHT="37" WC="0.91" CONTENT="oseden"/><SP WIDTH="29" VPOS="1444" HPOS="659"/>
							<String ID="string_241" HPOS="688" VPOS="1450" WIDTH="54" HEIGHT="31" WC="0.96" CONTENT="att"/><SP WIDTH="27" VPOS="1450" HPOS="742"/>
							<String ID="string_242" HPOS="769" VPOS="1444" WIDTH="180" HEIGHT="50" WC="0.96" CONTENT="begagna"/><SP WIDTH="27" VPOS="1444" HPOS="949"/>
							<String ID="string_243" HPOS="976" VPOS="1446" WIDTH="129" HEIGHT="37" WC="0.93" CONTENT="tobak."/><SP WIDTH="54" VPOS="1446" HPOS="1105"/>
							<String ID="string_244" HPOS="1159" VPOS="1447" WIDTH="139" HEIGHT="36" WC="0.91" CONTENT="Därest"/><SP WIDTH="28" VPOS="1447" HPOS="1298"/>
							<String ID="string_245" HPOS="1326" VPOS="1450" WIDTH="80" HEIGHT="34" WC="0.96" CONTENT="åter"/><SP WIDTH="27" VPOS="1450" HPOS="1406"/>
							<String ID="string_246" HPOS="1433" VPOS="1447" WIDTH="126" HEIGHT="37" WC="0.96" CONTENT="denna"/><SP WIDTH="28" VPOS="1447" HPOS="1559"/>
							<String ID="string_247" HPOS="1587" VPOS="1447" WIDTH="110" HEIGHT="49" WC="0.96" CONTENT="fråga"/><SP WIDTH="28" VPOS="1447" HPOS="1697"/>
							<String ID="string_248" HPOS="1725" VPOS="1447" WIDTH="84" HEIGHT="37" WC="0.96" CONTENT="från"/>
						</TextLine>
						<TextLine ID="line_25" HPOS="203" VPOS="1493" WIDTH="1606" HEIGHT="52">
							<String ID="string_249" HPOS="203" VPOS="1506" WIDTH="71" HEIGHT="24" WC="0.96" CONTENT="ena"/><SP WIDTH="41" VPOS="1506" HPOS="274"/>
							<String ID="string_250" HPOS="315" VPOS="1493" WIDTH="93" HEIGHT="37" WC="0.96" CONTENT="eller"/><SP WIDTH="42" VPOS="1493" HPOS="408"/>
							<String ID="string_251" HPOS="450" VPOS="1495" WIDTH="119" HEIGHT="36" WC="0.96" CONTENT="andra"/><SP WIDTH="40" VPOS="1495" HPOS="569"/>
							<String ID="string_252" HPOS="609" VPOS="1495" WIDTH="118" HEIGHT="37" WC="0.96" CONTENT="hållet"/><SP WIDTH="41" VPOS="1495" HPOS="727"/>
							<String ID="string_253" HPOS="768" VPOS="1495" WIDTH="83" HEIGHT="37" WC="0.96" CONTENT="icke"/><SP WIDTH="43" VPOS="1495" HPOS="851"/>
							<String ID="string_254" HPOS="894" VPOS="1497" WIDTH="182" HEIGHT="36" WC="0.96" CONTENT="omfattas"/><SP WIDTH="29" VPOS="1497" HPOS="1076"/>
							<String ID="string_255" HPOS="1105" VPOS="1497" WIDTH="86" HEIGHT="36" WC="0.96" CONTENT="med"/><SP WIDTH="28" VPOS="1497" HPOS="1191"/>
							<String ID="string_256" HPOS="1219" VPOS="1497" WIDTH="176" HEIGHT="48" WC="0.96" CONTENT="intresse,"/><SP WIDTH="34" VPOS="1497" HPOS="1395"/>
							<String ID="string_257" HPOS="1429" VPOS="1498" WIDTH="99" HEIGHT="37" WC="0.96" CONTENT="lärer"/><SP WIDTH="29" VPOS="1498" HPOS="1528"/>
							<String ID="string_258" HPOS="1557" VPOS="1498" WIDTH="118" HEIGHT="37" WC="0.93" CONTENT="saken"/><SP WIDTH="30" VPOS="1498" HPOS="1675"/>
							<String ID="string_259" HPOS="1705" VPOS="1502" WIDTH="104" HEIGHT="33" WC="0.92" CONTENT="svår-"/>
						</TextLine>
						<TextLine ID="line_26" HPOS="201" VPOS="1543" WIDTH="1047" HEIGHT="53">
							<String ID="string_260" HPOS="201" VPOS="1543" WIDTH="105" HEIGHT="49" WC="0.96" CONTENT="ligen"/><SP WIDTH="29" VPOS="1543" HPOS="306"/>
							<String ID="string_261" HPOS="335" VPOS="1544" WIDTH="129" HEIGHT="37" WC="0.96" CONTENT="kunna"/><SP WIDTH="27" VPOS="1544" HPOS="464"/>
							<String ID="string_262" HPOS="491" VPOS="1546" WIDTH="152" HEIGHT="49" WC="0.96" CONTENT="hjälpas"/><SP WIDTH="29" VPOS="1546" HPOS="643"/>
							<String ID="string_263" HPOS="672" VPOS="1546" WIDTH="87" HEIGHT="36" WC="0.93" CONTENT="med"/><SP WIDTH="29" VPOS="1546" HPOS="759"/>
							<String ID="string_264" HPOS="788" VPOS="1546" WIDTH="460" HEIGHT="50" WC="0.91" CONTENT="lagstiftningsåtgärder."/>
						</TextLine>
					</TextBlock>
					<TextBlock ID="block_3" HPOS="200" VPOS="1595" WIDTH="1610" HEIGHT="151">
						<TextLine ID="line_27" HPOS="336" VPOS="1595" WIDTH="1474" HEIGHT="53">
							<String ID="string_265" HPOS="336" VPOS="1595" WIDTH="131" HEIGHT="37" WC="0.96" CONTENT="Under"/><SP WIDTH="43" VPOS="1595" HPOS="467"/>
							<String ID="string_266" HPOS="510" VPOS="1597" WIDTH="144" HEIGHT="36" WC="0.96" CONTENT="sådana"/><SP WIDTH="36" VPOS="1597" HPOS="654"/>
							<String ID="string_267" HPOS="690" VPOS="1597" WIDTH="266" HEIGHT="37" WC="0.96" CONTENT="förhållanden"/><SP WIDTH="29" VPOS="1597" HPOS="956"/>
							<String ID="string_268" HPOS="985" VPOS="1612" WIDTH="112" HEIGHT="22" WC="0.96" CONTENT="anser"/><SP WIDTH="28" VPOS="1612" HPOS="1097"/>
							<String ID="string_269" HPOS="1125" VPOS="1599" WIDTH="188" HEIGHT="36" WC="0.96" CONTENT="utskottet"/><SP WIDTH="27" VPOS="1599" HPOS="1313"/>
							<String ID="string_270" HPOS="1340" VPOS="1599" WIDTH="33" HEIGHT="49" WC="0.96" CONTENT="ej"/><SP WIDTH="29" VPOS="1599" HPOS="1373"/>
							<String ID="string_271" HPOS="1402" VPOS="1599" WIDTH="121" HEIGHT="36" WC="0.96" CONTENT="heller"/><SP WIDTH="27" VPOS="1599" HPOS="1523"/>
							<String ID="string_272" HPOS="1550" VPOS="1598" WIDTH="177" HEIGHT="50" WC="0.96" CONTENT="lämpligt"/><SP WIDTH="28" VPOS="1598" HPOS="1727"/>
							<String ID="string_273" HPOS="1755" VPOS="1605" WIDTH="55" HEIGHT="31" WC="0.96" CONTENT="att"/>
						</TextLine>
						<TextLine ID="line_28" HPOS="200" VPOS="1645" WIDTH="1610" HEIGHT="54">
							<String ID="string_274" HPOS="200" VPOS="1645" WIDTH="70" HEIGHT="36" WC="0.95" CONTENT="hos"/><SP WIDTH="21" VPOS="1645" HPOS="270"/>
							<String ID="string_275" HPOS="291" VPOS="1646" WIDTH="142" HEIGHT="48" WC="0.92" CONTENT="Kungl."/><SP WIDTH="19" VPOS="1646" HPOS="433"/>
							<String ID="string_276" HPOS="452" VPOS="1647" WIDTH="108" HEIGHT="47" WC="0.96" CONTENT="Maj:t"/><SP WIDTH="20" VPOS="1647" HPOS="560"/>
							<String ID="string_277" HPOS="580" VPOS="1647" WIDTH="143" HEIGHT="48" WC="0.96" CONTENT="begära"/><SP WIDTH="19" VPOS="1647" HPOS="723"/>
							<String ID="string_278" HPOS="742" VPOS="1648" WIDTH="208" HEIGHT="48" WC="0.96" CONTENT="utredning"/><SP WIDTH="19" VPOS="1648" HPOS="950"/>
							<String ID="string_279" HPOS="969" VPOS="1649" WIDTH="42" HEIGHT="36" WC="0.96" CONTENT="af"/><SP WIDTH="12" VPOS="1649" HPOS="1011"/>
							<String ID="string_280" HPOS="1023" VPOS="1649" WIDTH="138" HEIGHT="48" WC="0.96" CONTENT="frågan"/><SP WIDTH="16" VPOS="1649" HPOS="1161"/>
							<String ID="string_281" HPOS="1177" VPOS="1662" WIDTH="60" HEIGHT="23" WC="0.96" CONTENT="om"/><SP WIDTH="17" VPOS="1662" HPOS="1237"/>
							<String ID="string_282" HPOS="1254" VPOS="1649" WIDTH="119" HEIGHT="37" WC="0.93" CONTENT="sådan"/><SP WIDTH="15" VPOS="1649" HPOS="1373"/>
							<String ID="string_283" HPOS="1388" VPOS="1649" WIDTH="422" HEIGHT="50" WC="0.90" CONTENT="förbudslagstiftning,"/>
						</TextLine>
						<TextLine ID="line_29" HPOS="202" VPOS="1696" WIDTH="574" HEIGHT="50">
							<String ID="string_284" HPOS="202" VPOS="1708" WIDTH="81" HEIGHT="23" WC="0.95" CONTENT="som"/><SP WIDTH="29" VPOS="1708" HPOS="283"/>
							<String ID="string_285" HPOS="312" VPOS="1696" WIDTH="9" HEIGHT="35" WC="0.95" CONTENT="i"/><SP WIDTH="32" VPOS="1696" HPOS="321"/>
							<String ID="string_286" HPOS="353" VPOS="1697" WIDTH="237" HEIGHT="36" WC="0.96" CONTENT="motionerna"/><SP WIDTH="29" VPOS="1697" HPOS="590"/>
							<String ID="string_287" HPOS="619" VPOS="1698" WIDTH="157" HEIGHT="48" WC="0.96" CONTENT="åsyftas."/>
						</TextLine>
					</TextBlock>
					<TextBlock ID="block_4" HPOS="335" VPOS="1746" WIDTH="1243" HEIGHT="49">
						<TextLine ID="line_30" HPOS="335" VPOS="1746" WIDTH="1243" HEIGHT="49">
							<String ID="string_288" HPOS="335" VPOS="1746" WIDTH="53" HEIGHT="36" WC="0.96" CONTENT="På"/><SP WIDTH="26" VPOS="1746" HPOS="388"/>
							<String ID="string_289" HPOS="414" VPOS="1747" WIDTH="127" HEIGHT="48" WC="0.96" CONTENT="grund"/><SP WIDTH="30" VPOS="1747" HPOS="541"/>
							<String ID="string_290" HPOS="571" VPOS="1747" WIDTH="42" HEIGHT="36" WC="0.96" CONTENT="af"/><SP WIDTH="25" VPOS="1747" HPOS="613"/>
							<String ID="string_291" HPOS="638" VPOS="1748" WIDTH="65" HEIGHT="35" WC="0.96" CONTENT="det"/><SP WIDTH="28" VPOS="1748" HPOS="703"/>
							<String ID="string_292" HPOS="731" VPOS="1748" WIDTH="160" HEIGHT="37" WC="0.96" CONTENT="anförda"/><SP WIDTH="28" VPOS="1748" HPOS="891"/>
							<String ID="string_293" HPOS="919" VPOS="1748" WIDTH="58" HEIGHT="37" WC="0.97" CONTENT="får"/><SP WIDTH="28" VPOS="1748" HPOS="977"/>
							<String ID="string_294" HPOS="1005" VPOS="1749" WIDTH="188" HEIGHT="36" WC="0.96" CONTENT="utskottet"/><SP WIDTH="27" VPOS="1749" HPOS="1193"/>
							<String ID="string_295" HPOS="1220" VPOS="1749" WIDTH="113" HEIGHT="37" WC="0.93" CONTENT="alltså"/><SP WIDTH="26" VPOS="1749" HPOS="1333"/>
							<String ID="string_296" HPOS="1359" VPOS="1749" WIDTH="219" HEIGHT="37" WC="0.92" CONTENT="hemställa:"/>
						</TextLine>
					</TextBlock>
				</ComposedBlock>
				<ComposedBlock ID="cblock_2" HPOS="604" VPOS="1812" WIDTH="1205" HEIGHT="204">
					<TextBlock ID="block_5" HPOS="605" VPOS="1812" WIDTH="1204" HEIGHT="101">
						<TextLine ID="line_31" HPOS="658" VPOS="1812" WIDTH="1151" HEIGHT="52">
							<String ID="string_297" HPOS="658" VPOS="1812" WIDTH="70" HEIGHT="49" WC="0.79" CONTENT="1:0)"/><SP WIDTH="30" VPOS="1812" HPOS="728"/>
							<String ID="string_298" HPOS="758" VPOS="1819" WIDTH="55" HEIGHT="31" WC="0.96" CONTENT="att"/><SP WIDTH="27" VPOS="1819" HPOS="813"/>
							<String ID="string_299" HPOS="840" VPOS="1815" WIDTH="268" HEIGHT="49" WC="0.95" CONTENT="föreliggande"/><SP WIDTH="22" VPOS="1815" HPOS="1108"/>
							<String ID="string_300" HPOS="1130" VPOS="1816" WIDTH="143" HEIGHT="37" WC="0.96" CONTENT="motion"/><SP WIDTH="29" VPOS="1816" HPOS="1273"/>
							<String ID="string_301" HPOS="1302" VPOS="1830" WIDTH="61" HEIGHT="23" WC="0.95" CONTENT="n:o"/><SP WIDTH="29" VPOS="1830" HPOS="1363"/>
							<String ID="string_302" HPOS="1392" VPOS="1819" WIDTH="46" HEIGHT="34" WC="0.96" CONTENT="82"/><SP WIDTH="28" VPOS="1819" HPOS="1438"/>
							<String ID="string_303" HPOS="1466" VPOS="1816" WIDTH="85" HEIGHT="37" WC="0.96" CONTENT="icke"/><SP WIDTH="16" VPOS="1816" HPOS="1551"/>
							<String ID="string_304" HPOS="1567" VPOS="1819" WIDTH="61" HEIGHT="34" WC="0.95" CONTENT="må"/><SP WIDTH="16" VPOS="1819" HPOS="1628"/>
							<String ID="string_305" HPOS="1644" VPOS="1817" WIDTH="42" HEIGHT="36" WC="0.93" CONTENT="af"/><SP WIDTH="13" VPOS="1817" HPOS="1686"/>
							<String ID="string_306" HPOS="1699" VPOS="1816" WIDTH="110" HEIGHT="37" WC="0.92" CONTENT="Riks-"/>
						</TextLine>
						<TextLine ID="line_32" HPOS="605" VPOS="1864" WIDTH="324" HEIGHT="49">
							<String ID="string_307" HPOS="605" VPOS="1864" WIDTH="127" HEIGHT="49" WC="0.93" CONTENT="dagen"/><SP WIDTH="28" VPOS="1864" HPOS="732"/>
							<String ID="string_308" HPOS="760" VPOS="1865" WIDTH="169" HEIGHT="45" WC="0.90" CONTENT="bifallas;"/>
						</TextLine>
					</TextBlock>
					<TextBlock ID="block_6" HPOS="604" VPOS="1914" WIDTH="1204" HEIGHT="102">
						<TextLine ID="line_33" HPOS="656" VPOS="1914" WIDTH="1152" HEIGHT="48">
							<String ID="string_309" HPOS="656" VPOS="1914" WIDTH="73" HEIGHT="48" WC="0.88" CONTENT="2:0)"/><SP WIDTH="30" VPOS="1914" HPOS="729"/>
							<String ID="string_310" HPOS="759" VPOS="1921" WIDTH="55" HEIGHT="31" WC="0.96" CONTENT="att"/><SP WIDTH="28" VPOS="1921" HPOS="814"/>
							<String ID="string_311" HPOS="842" VPOS="1916" WIDTH="252" HEIGHT="37" WC="0.96" CONTENT="förevarande"/><SP WIDTH="24" VPOS="1916" HPOS="1094"/>
							<String ID="string_312" HPOS="1118" VPOS="1917" WIDTH="143" HEIGHT="37" WC="0.96" CONTENT="motion"/><SP WIDTH="16" VPOS="1917" HPOS="1261"/>
							<String ID="string_313" HPOS="1277" VPOS="1930" WIDTH="61" HEIGHT="23" WC="0.96" CONTENT="n:o"/><SP WIDTH="18" VPOS="1930" HPOS="1338"/>
							<String ID="string_314" HPOS="1356" VPOS="1920" WIDTH="70" HEIGHT="34" WC="0.96" CONTENT="148"/><SP WIDTH="16" VPOS="1920" HPOS="1426"/>
							<String ID="string_315" HPOS="1442" VPOS="1917" WIDTH="84" HEIGHT="38" WC="0.96" CONTENT="icke"/><SP WIDTH="16" VPOS="1917" HPOS="1526"/>
							<String ID="string_316" HPOS="1542" VPOS="1917" WIDTH="121" HEIGHT="37" WC="0.96" CONTENT="heller"/><SP WIDTH="15" VPOS="1917" HPOS="1663"/>
							<String ID="string_317" HPOS="1678" VPOS="1921" WIDTH="61" HEIGHT="33" WC="0.96" CONTENT="må"/><SP WIDTH="14" VPOS="1921" HPOS="1739"/>
							<String ID="string_318" HPOS="1753" VPOS="1917" WIDTH="55" HEIGHT="36" WC="0.95" CONTENT="till"/>
						</TextLine>
						<TextLine ID="line_34" HPOS="604" VPOS="1966" WIDTH="798" HEIGHT="50">
							<String ID="string_319" HPOS="604" VPOS="1969" WIDTH="128" HEIGHT="45" WC="0.96" CONTENT="någon"/><SP WIDTH="28" VPOS="1969" HPOS="732"/>
							<String ID="string_320" HPOS="760" VPOS="1966" WIDTH="241" HEIGHT="49" WC="0.96" CONTENT="Riksdagens"/><SP WIDTH="30" VPOS="1966" HPOS="1001"/>
							<String ID="string_321" HPOS="1031" VPOS="1967" WIDTH="135" HEIGHT="49" WC="0.96" CONTENT="åtgärd"/><SP WIDTH="28" VPOS="1967" HPOS="1166"/>
							<String ID="string_322" HPOS="1194" VPOS="1967" WIDTH="208" HEIGHT="38" WC="0.95" CONTENT="föranleda."/>
						</TextLine>
					</TextBlock>
				</ComposedBlock>
				<ComposedBlock ID="cblock_3" HPOS="337" VPOS="2030" WIDTH="942" HEIGHT="209">
					<TextBlock ID="block_7" HPOS="337" VPOS="2030" WIDTH="942" HEIGHT="209">
						<TextLine ID="line_35" HPOS="337" VPOS="2030" WIDTH="737" HEIGHT="40">
							<String ID="string_323" HPOS="337" VPOS="2030" WIDTH="220" HEIGHT="37" WC="0.96" CONTENT="Stockholm"/><SP WIDTH="31" VPOS="2030" HPOS="557"/>
							<String ID="string_324" HPOS="588" VPOS="2032" WIDTH="74" HEIGHT="36" WC="0.96" CONTENT="den"/><SP WIDTH="29" VPOS="2032" HPOS="662"/>
							<String ID="string_325" HPOS="691" VPOS="2035" WIDTH="47" HEIGHT="34" WC="0.96" CONTENT="26"/><SP WIDTH="29" VPOS="2035" HPOS="738"/>
							<String ID="string_326" HPOS="767" VPOS="2033" WIDTH="168" HEIGHT="36" WC="0.96" CONTENT="februari"/><SP WIDTH="31" VPOS="2033" HPOS="935"/>
							<String ID="string_327" HPOS="966" VPOS="2036" WIDTH="108" HEIGHT="34" WC="0.96" CONTENT="1904."/>
						</TextLine>
						<TextLine ID="line_36" HPOS="732" VPOS="2117" WIDTH="546" HEIGHT="49">
							<String ID="string_328" HPOS="732" VPOS="2117" WIDTH="53" HEIGHT="36" WC="0.93" CONTENT="På"/><SP WIDTH="28" VPOS="2117" HPOS="785"/>
							<String ID="string_329" HPOS="813" VPOS="2117" WIDTH="275" HEIGHT="48" WC="0.91" CONTENT="lagutskottets"/><SP WIDTH="28" VPOS="2117" HPOS="1088"/>
							<String ID="string_330" HPOS="1116" VPOS="2123" WIDTH="162" HEIGHT="43" WC="0.96" CONTENT="vägnar:"/>
						</TextLine>
						<TextLine ID="line_37" HPOS="735" VPOS="2200" WIDTH="544" HEIGHT="39">
							<String ID="string_331" HPOS="735" VPOS="2200" WIDTH="132" HEIGHT="36" WC="0.92" CONTENT="CARL"/><SP WIDTH="29" VPOS="2200" HPOS="867"/>
							<String ID="string_332" HPOS="896" VPOS="2201" WIDTH="40" HEIGHT="36" WC="0.90" CONTENT="B."/><SP WIDTH="30" VPOS="2201" HPOS="936"/>
							<String ID="string_333" HPOS="966" VPOS="2200" WIDTH="313" HEIGHT="39" WC="0.92" CONTENT="HASSELROT."/>
						</TextLine>
					</TextBlock>
				</ComposedBlock>
			</PrintSpace>
		</Page>
	</Layout>
</alto>
