2190 2616
399 170 19 27 4
921 172 228 29 Statsutskottets
1172 174 154 29 Memorial
1349 175 58 29 N:o
1432 176 48 28 38.

399 245 68 36 och
494 245 129 37 hvilka
649 246 158 37 sålunda
834 247 80 37 icke
941 248 125 36 kunde
1093 248 42 37 af
1158 255 119 31 staten
1304 250 82 37 fritt
1413 252 224 46 disponeras,
1665 252 189 37 äfvensom
1879 252 128 49 fastig-

398 296 111 45 heter,
537 297 129 36 hvilka
692 297 177 37 tillhörde
896 298 138 37 sådana
1060 301 170 35 enskilda
1256 301 341 38 donationsfonder.

499 346 272 38 Statskontoret
810 348 93 37 hade
943 348 233 38 fördenskull
1210 357 93 30 trott
1337 353 55 46 sig
1418 354 91 35 böra
1537 361 178 40 uppgöra,
1742 353 162 37 förutom
1931 355 72 37 den

397 397 214 47 sedvanliga
646 399 251 36 nioårstablån
935 400 102 36 öfver
1069 400 63 37 det
1166 402 231 48 ungefärliga
1424 403 128 37 värdet
1579 404 42 36 af
1645 405 236 36 statsverkets
1907 405 96 36 fasta

398 448 69 34 och
495 449 76 34 lösa
598 449 190 46 egendom,
816 463 45 22 en
888 450 100 37 tablå
1016 450 104 38 öfver
1147 457 136 32 statens
1309 454 209 36 finansiella
1545 456 177 45 ställning
1745 456 62 35 vid
1829 457 92 35 1901
1945 456 57 37 års

398 499 82 43 slut,
517 511 79 23 som
633 500 179 45 grundats
839 500 101 37 såväl
965 501 48 46 på
1040 502 46 36 de
1112 501 83 37 från
1224 504 232 36 ämbetsverk
1483 506 69 35 och
1579 506 259 46 myndigheter
1863 506 140 36 inford-

397 548 89 36 rade
525 549 247 48 uppgifterna,
811 551 12 34 i
864 550 70 37 den
976 552 84 36 mån
1102 558 137 31 statens
1274 554 201 49 tillgångar
1509 556 81 36 icke
1616 557 12 35 i
1656 556 345 37 rikshufvudboken

396 599 246 45 redovisades,
669 613 79 23 som
775 602 67 34 ock
868 601 48 47 på
943 602 355 47 rikshufvudboken,
1330 605 131 37 därvid
1488 606 145 45 hänsyn
1660 608 110 45 tagits
1798 608 29 45 ej
1857 608 145 37 mindre

395 650 58 34 till
493 650 151 37 skulder
684 658 46 28 än
770 650 109 37 äfven
918 653 59 35 till
1016 654 96 35 vissa
1149 653 148 38 fonders
1330 661 112 31 natur
1468 656 40 36 af
1533 656 59 37 för
1619 658 181 36 särskilda
1827 658 175 37 ändamål

397 699 194 37 donerade.
645 701 16 35 I
702 701 120 36 denna
863 703 101 36 tablå
995 704 95 36 hade
1118 706 204 35 emellertid
1350 707 80 36 icke
1458 708 143 35 kunnat
1628 713 182 43 upptagas
1837 709 164 36 riksban-

396 750 90 36 kens
525 751 202 48 tillgångar
766 758 95 30 samt
900 754 128 36 värdet
1068 754 21 36 å
1124 756 374 46 riksgäldskontorets
1534 759 67 35 och
1631 759 228 46 Riksdagens
1886 760 115 48 bygg-

395 801 117 36 nader
551 802 70 35 och
660 803 154 44 lösören,
854 816 61 23 om
955 804 127 36 hvilka
1117 807 266 36 statskontoret
1419 809 77 35 icke
1529 809 94 45 ägde
1649 810 235 46 tillgängliga
1909 823 92 35 upp-

395 851 119 48 gifter.

496 952 198 46 Utskottet,
735 967 78 23 som
840 955 120 36 finner
991 956 229 37 sistnämnda
1249 959 101 36 tablå
1376 972 89 23 vara
1490 960 238 47 synnerligen
1755 961 244 47 upplysande,

394 1001 68 46 får,
489 1003 84 36 med
600 1002 172 38 afseende
799 1005 21 35 å
847 1005 100 36 detta
974 1013 125 30 ämnes
1127 1008 188 37 allmänna
1341 1010 163 42 intresse,
1523 1010 154 36 härmed
1696 1012 57 35 till
1771 1011 229 48 Riksdagens

395 1054 209 36 kännedom
632 1054 227 37 öfverlämna
886 1055 245 38 omförmälda
1159 1058 95 36 båda
1280 1059 144 37 tablåer
1446 1060 115 47 jämte
1589 1060 235 37 öfversikten.

496 1104 55 36 En
582 1104 211 48 jämförelse
828 1107 137 35 mellan
1001 1107 123 36 denna
1156 1108 177 37 öfversikt
1360 1110 69 36 och
1457 1110 71 36 den
1556 1110 179 37 öfversikt
1761 1111 103 37 öfver
1891 1126 109 33 unge-

394 1154 133 46 färliga
566 1156 131 36 värdet
735 1156 41 36 af
807 1157 236 36 statsverkets
1071 1159 181 45 egendom
1279 1159 64 37 vid
1370 1161 113 35 slutet
1509 1160 41 36 af
1573 1165 40 32 år
1643 1163 106 44 1892,
1776 1175 78 23 som
1882 1164 117 35 finnes

393 1205 127 46 bilagd
559 1207 281 36 statskontorets
875 1209 192 35 memorial
1107 1223 61 23 n:o
1206 1212 45 34 36
1280 1211 63 36 vid
1373 1213 96 34 1894
1497 1211 57 37 års
1581 1212 161 49 riksdag,
1770 1214 138 36 utvisar
1934 1213 66 37 föl-

388 1256 115 46 jande
529 1256 137 36 siffror:
