2212 2696
461 226 18 28 2
919 218 240 43 Lagutskottets
1187 216 174 35 Utlåtande
1385 218 60 33 N:o
1467 219 49 31 44.

420 310 172 35 särskilda
633 313 111 30 orters
772 307 197 45 sedvänjor,
999 308 109 43 enligt
1135 307 121 35 hvilka
1284 306 342 45 förföljningsrätten
1654 306 99 34 torde
1783 305 109 35 hafva
1920 314 102 35 grun-

420 363 78 34 dats
542 362 149 34 allenast
731 357 93 47 derå,
867 362 53 32 att
960 360 66 34 den
1065 358 209 46 förföljande
1308 358 124 34 dritvit
1458 368 69 34 upp
1556 357 84 35 eller
1666 360 70 32 rest
1763 356 128 46 djuret,
1921 356 101 34 anför

421 414 216 34 motionären
665 412 122 34 vidare
814 411 55 34 till
897 412 76 33 stöd
1001 411 54 34 för
1083 411 52 33 sin
1163 410 273 44 framställning:

555 479 11 14 »
575 462 194 46 Angående
797 463 65 34 den
890 463 96 33 äldre
1014 462 187 34 utländska
1216 461 267 44 lagstiftningen
1501 471 51 23 om
1574 460 299 44 förföljningsrätt
1890 459 131 34 saknar

417 517 63 45 jag
523 520 162 30 närmare
725 514 205 44 kännedom,
972 524 77 24 men
1089 524 143 24 numera
1271 513 120 43 finnes,
1434 509 38 38 så
1499 512 75 35 vidt
1599 511 64 46 jag
1681 512 66 34 har
1774 511 71 44 mig
1871 511 145 42 bekant,

419 567 209 46 lagstadgad
670 566 295 45 förföljningsrätt
1000 565 78 35 icke
1118 565 11 33 i
1169 562 106 47 något
1318 564 200 44 europeiskt
1558 564 81 33 land
1667 573 95 24 mera
1791 566 43 31 än
1863 562 11 34 i
1900 560 121 45 Norge

420 621 63 33 och
512 618 157 45 Sverige,
699 619 105 33 sedan
832 617 340 45 förföljningsrätten
1203 616 116 34 blifvit
1345 615 156 44 upphäfd
1528 615 109 34 redan
1660 616 93 33 1789
1780 614 12 34 i
1807 613 212 42 Frankrike,

423 674 93 32 1830
561 671 11 34 i
611 670 164 44 England
816 669 64 35 och
924 670 92 33 1848
1055 668 11 35 i
1106 667 173 35 Preussen
1313 668 63 34 och
1403 667 77 35 icke
1508 667 110 34 heller
1645 666 110 34 finnes
1782 665 199 44 medgifven
2010 664 10 34 i

419 722 202 34 Danmarks
649 722 84 33 eller
765 719 169 35 Finlands
963 720 192 44 jagtlagar,
1184 722 90 31 samt
1301 719 119 33 sedan.
1436 718 57 34 det
1522 718 398 42 allmänningsbegrepp,
1951 726 69 23 som

419 773 95 34 förut
555 772 95 34 varit
690 772 70 33 fäst
800 771 59 34 vid
896 770 80 44 jagt
1016 770 64 34 och
1118 769 165 45 jagträtt,
1325 779 47 23 nu
1406 769 139 33 alltmer
1573 769 260 42 undanträngts
1861 766 38 34 af
1925 776 98 34 egen-

420 825 296 43 domsbegreppet.

552 872 58 38 Då
641 875 97 34 detta
766 875 151 43 begrepp
946 883 54 24 om
1025 872 154 45 jagträtt
1206 872 64 34 och
1298 871 150 44 insigten
1478 881 53 24 om
1559 870 306 44 nödvändigheten
1895 868 39 35 af
1958 868 66 35 för-

418 927 142 36 bättrad
597 923 168 48 jagtvård
805 936 58 32 nu,
892 924 104 35 äfven
1025 925 11 33 i
1062 921 81 37 vårt
1170 924 92 42 land,
1291 923 202 34 utvecklats
1520 920 49 46 så,
1599 925 52 31 att
1680 920 260 45 öfvertygelsen
1969 930 53 23 om

419 978 269 45 olämpligheten
733 977 38 34 af
812 976 359 44 förföljningsrättens
1210 974 254 42 bibehållande,
1506 977 94 31 utom
1644 973 94 34 hvad
1782 970 113 46 angår
1929 971 93 35 vissa

418 1034 112 31 större
568 1028 147 45 rofdjur,
761 1038 103 34 synes
903 1038 88 24 vara
1024 1027 139 43 allmän,
1192 1023 210 37 åtminstone
1430 1025 105 34 bland
1563 1025 87 42 dem,
1680 1034 70 24 som
1779 1023 168 35 särskildt
1974 1023 48 33 in-

417 1086 151 31 tressera
597 1081 52 44 sig
676 1080 54 34 för
757 1081 116 33 bättre
899 1079 181 45 jagtskick
1108 1078 63 34 och
1195 1075 169 47 jagtvård
1393 1077 62 35 och
1485 1097 45 4 —
1548 1076 64 45 jag
1640 1076 164 43 tillägger
1832 1095 46 3 -—
1906 1075 117 33 bättre

419 1133 204 45 djurskydd,
665 1132 65 33 har
767 1131 75 44 jag,
885 1131 106 33 sedan
1031 1130 71 33 min
1130 1139 87 34 egen
1246 1128 201 34 erfarenhet
1475 1127 85 35 stält
1587 1128 80 33 klar
1708 1127 55 33 för
1791 1126 74 44 mig
1892 1125 132 43 förfölj-

418 1186 239 42 ningsrättens
690 1182 210 43 skadlighet,
931 1184 116 31 ansett
1074 1181 70 43 mig
1172 1181 84 33 böra
1284 1177 127 37 föreslå
1437 1179 250 44 upphäfvande
1715 1178 39 33 af
1779 1178 67 33 den
1876 1187 47 23 nu
1951 1176 71 43 gäl-

417 1236 102 34 lande
546 1234 217 44 rättigheten
792 1235 54 31 att
872 1235 86 31 utan
983 1231 447 45 jagträttsinnehafvarens
1457 1231 90 43 goda
1574 1229 51 34 lof
1638 1229 64 33 och
1717 1229 117 33 minne
1851 1225 21 36 å
1888 1237 135 23 annans

417 1287 102 34 mark
547 1284 141 44 förfölja
716 1282 120 36 såradt
863 1280 181 38 villebråd.

550 1335 70 35 Att
646 1335 341 44 förföljningsrätten
1015 1334 11 34 i
1053 1334 113 34 äldsta
1194 1332 100 43 tider,
1323 1330 44 36 då
1391 1332 80 44 jagt
1486 1330 138 35 bedrefs
1656 1327 113 37 såsom
1791 1326 230 47 näringsfång

418 1389 63 34 och
509 1388 384 43 egendomsbegreppen
921 1395 83 24 voro
1032 1385 81 43 föga
1140 1384 190 42 utbildade,
1361 1383 159 43 stadgats
1547 1382 11 33 i
1585 1382 60 42 lag
1674 1382 63 33 och
1767 1391 123 33 genom
1906 1380 112 33 lands-

417 1441 70 41 sed,
516 1439 65 34 har
608 1437 227 44 naturligtvis
863 1436 171 45 grundats
1061 1433 44 46 på
1132 1435 73 34 helt
1232 1435 110 34 andra
1371 1434 87 42 skäl,
1492 1437 44 30 än
1565 1433 75 33 dem
1671 1442 79 24 man
1779 1441 48 24 nu
1854 1428 56 37 får
1938 1431 84 33 höra

416 1491 141 34 anföras
597 1489 54 34 till
683 1489 76 34 stöd
786 1488 54 34 för
867 1487 360 45 förföljningsrättens
1254 1483 254 43 bibehållande,
1538 1483 141 34 hvadan
1705 1482 63 44 jag
1796 1483 77 33 icke
1901 1482 122 34 vidare

418 1543 90 33 skall
548 1539 186 45 uppehålla
767 1539 70 44 mig
864 1539 59 35 vid
951 1539 99 34 dessa
1078 1538 96 34 äldre
1201 1538 88 42 skäl,
1318 1540 45 31 än
1391 1538 54 32 att
1470 1535 63 44 jag
1560 1535 63 34 vill
1650 1534 109 35 hafva
1789 1533 143 43 erinrat,
1962 1533 59 33 det

417 1595 52 41 de,
516 1596 84 31 enär
640 1592 41 33 de
721 1591 158 34 faktiska
921 1589 341 43 förutsättningarne
1290 1587 54 35 för
1372 1587 175 34 desamma
1567 1596 48 24 nu
1644 1589 40 30 är
1711 1584 225 43 förändrade,
1965 1583 60 35 väl

415 1645 78 35 icke
522 1644 116 34 kunna
667 1652 100 24 anses
795 1641 106 35 hafva
929 1638 114 47 någon
1058 1640 166 34 historisk
1238 1639 188 44 betydelse.

552 1692 120 37 Såsom
713 1693 77 34 skäl
830 1692 54 34 för
912 1691 360 44 förföljningsrättens
1299 1687 244 37 bibehållande
1571 1685 56 37 får
1655 1698 79 23 man
1763 1687 10 33 i
1802 1686 108 44 öfrigt
1937 1686 86 33 höra

416 1747 142 34 anföras
587 1749 51 30 ett
662 1744 170 45 juridiskt
860 1744 62 34 och
951 1746 51 31 ett
1029 1741 361 45 djurskyddsvänligt.

551 1795 73 36 Det
648 1795 175 45 juridiska
851 1795 115 34 skälet
993 1794 192 34 innefattas
1211 1793 12 34 i
1250 1792 65 34 den
1344 1791 39 35 af
1407 1793 254 33 sammansatta
1689 1793 115 39 stats-,
1834 1790 70 43 lag-
1933 1791 90 31 samt

416 1849 175 34 allmänna
632 1848 156 33 besvärs-
830 1846 62 34 och
934 1845 335 34 ekonomiutskottet
1309 1844 11 33 i
1361 1844 76 32 dess
1471 1841 223 35 betänkande
1723 1840 39 34 af
1788 1841 65 32 den
1884 1841 43 32 21
1955 1839 67 44 juli

418 1901 93 33 1863
555 1898 145 34 anförda
745 1898 136 42 »gamla
908 1897 115 43 regel»
1058 1899 53 31 att
1144 1895 229 43 »eganderätt
1400 1894 54 33 till
1480 1893 127 44 jagadt
1636 1891 80 44 djur
1744 1891 125 34 vinnes
1898 1900 124 33 genom

415 1951 77 34 dess
532 1949 159 43 sårande,
731 1946 39 36 så
810 1948 75 34 vidt
913 1948 65 33 den
1004 1947 154 44 jagande
1186 1945 153 36 derefter
1366 1945 105 34 äfven
1501 1946 111 32 sätter
1640 1943 54 43 sig
1721 1942 10 34 i
1760 1941 195 43 besittning
1985 1940 39 34 af

414 1999 224 37 villebrådet>
673 2019 35 4 —
746 1998 38 45 ja
812 2019 46 3 —
888 2009 76 24 men
993 1997 208 44 eganderätt
1228 1996 212 42 förvärfvas,
1470 1995 110 43 enligt
1600 1994 114 34 denna
1734 1993 137 43 »gamla
1887 1992 136 43 regel»,

414 2053 77 33 icke
512 2056 130 39 genom
670 2050 165 34 sårandet
863 2051 125 41 allena,
1017 2053 87 29 utan
1131 2048 88 34 först
1246 2058 123 34 genom
1397 2046 128 43 lagligt
1553 2043 379 44 besittningstagande,
1962 2042 63 35 vid

414 2103 136 34 hvilket
594 2099 219 37 förhållande
854 2098 113 46 någon
997 2100 208 43 eganderätt
1232 2100 77 34 icke
1337 2098 110 33 heller
1474 2096 210 34 inskränkes
1713 2095 84 34 eller
1824 2093 199 44 upphäfves

415 2164 121 34 genom
579 2164 40 23 en
660 2153 70 43 lag,
772 2162 71 24 som
884 2155 102 41 säger
1026 2153 54 31 att
1117 2148 366 45 besittningstagande
1511 2148 77 34 icke
1616 2144 55 36 må
1699 2155 65 34 ega
1793 2155 76 24 rum
1897 2154 123 34 genom

415 2205 209 44 förföljande
653 2203 38 34 af
715 2203 121 34 såradt
862 2200 170 37 villebråd
1060 2199 21 36 å
1108 2212 134 23 annans
1266 2200 192 46 jagtmark.
1491 2197 76 35 Och
1595 2200 53 31 att
1676 2197 65 33 den
1770 2197 73 33 inu
1859 2195 162 44 gällande

411 2256 208 44 jagtstadga
647 2254 176 44 medgifna
851 2257 74 31 rätt
953 2257 54 31 att
1028 2252 142 44 förfölja
1185 2251 119 36 såradt
1321 2248 170 37 villebråd
1508 2250 79 34 icke
1607 2248 112 35 heller
1734 2250 134 32 ansetts
1883 2246 139 44 grunda

414 2308 53 44 sig
493 2305 21 37 å
543 2307 209 45 eganderätt
780 2305 84 34 eller
891 2305 141 45 börjadt
1059 2302 364 46 besittningstagande
1451 2310 123 35 genom
1604 2297 148 37 sårande
1768 2308 101 34 synes
1886 2296 135 46 jemväl
