2180 2652
391 182 24 33 8
531 181 129 33 Andra
683 180 243 34 Kammarens
951 180 191 42 Tillfälliga
1171 178 145 35 Utskotts
1338 179 77 41 (N:o
1436 179 37 38 5)
1503 178 185 35 Utlåtande
1711 180 63 34 N:o
1798 182 51 31 17.

554 268 237 39 Emellertid
832 271 45 35 är
911 268 79 38 den
1018 267 182 49 billigare
1228 267 230 38 räntefoten
1487 266 90 38 icke
1607 267 78 38 den
1713 269 105 38 enda
1844 268 146 47 fördel,

394 337 88 26 som
525 322 131 40 skulle
698 322 147 38 vinnas
886 333 148 37 genom
1077 320 78 38 den
1192 320 237 48 ifrågasatta
1456 320 253 39 lånekassan.
1767 317 138 44 Äfven
1934 326 56 35 åt-

394 378 162 48 skilliga
584 375 287 39 omkostnader
899 374 132 39 skulle
1060 374 234 48 därigenom
1321 374 203 48 besparas.
1581 373 258 49 Exempelvis
1864 377 128 38 borde

394 444 51 25 en
487 429 212 40 lånekassa
740 429 14 37 i
795 429 115 48 fråga
938 440 67 26 om
1033 427 218 49 tryckning
1280 427 75 38 och
1381 426 247 49 försäljning
1656 427 43 37 af
1727 428 265 49 obligationer

394 485 143 37 kunna
555 483 162 48 betinga
736 482 61 49 sig
815 482 183 48 billigare
1017 481 148 37 villkor
1180 483 53 35 än
1248 492 51 26 en
1314 480 159 38 enskild
1487 480 275 38 lånesökande
1776 481 210 40 kommun.

476 536 128 39 andra
644 535 118 39 sidan
803 538 128 35 måste
973 534 259 49 naturligtvis
1269 534 168 38 kassans
1467 533 184 49 delägare
1680 533 137 39 ikläda
1844 535 60 49 sig
1932 540 58 35 ett

394 592 103 37 visst
538 588 416 50 förvaltningsbidrag
994 588 64 38 till
1099 588 246 45 densamma,
1388 587 162 38 hvilket
1579 587 114 46 dock,
1724 587 89 38 ifall
1840 588 150 39 kassan

395 645 146 37 vinner
570 643 246 49 anslutning,
846 642 89 38 icke
963 641 125 39 borde
1115 641 131 38 blifva
1273 640 270 50 betungande.

556 697 21 37 I
604 696 129 38 likhet
761 696 93 38 med
876 695 256 38 motionären
1151 695 133 37 finner
1302 694 200 38 utskottet
1522 695 229 48 uppenbart
1771 697 68 43 att,
1861 694 128 39 innan

394 754 59 35 ett
481 750 221 49 afgörande
730 749 132 39 beslut
890 750 14 37 i
933 751 138 35 ämnet
1098 749 136 44 fattas,
1265 759 50 26 en
1343 747 191 49 grundlig
1552 748 218 48 utredning
1788 748 203 48 företages

394 805 66 38 för
501 803 229 39 utrönande
759 802 206 39 huruvida
992 804 124 46 några
1144 804 128 35 större
1301 802 250 48 svårigheter
1577 802 65 37 för
1669 801 213 48 förslagets
1910 802 80 37 för-

394 857 263 49 verkligande
698 859 121 44 möta,
849 855 170 39 hvilken
1047 854 218 49 utredning
1292 855 114 38 torde
1435 855 101 38 böra
1564 855 70 38 ske
1662 867 145 37 genom
1835 854 154 49 Kungl.

395 911 141 49 Maj:ts
563 911 170 48 försorg.

556 964 212 39 Utskottet
795 964 64 37 får
887 962 156 39 således
1070 962 160 46 föreslå,

983 1037 58 35 att
1082 1033 144 38 Andra
1262 1033 250 37 Kammaren
1532 1032 104 47 ville,
1667 1033 93 37 med
1788 1033 114 38 bifall
1929 1033 63 38 till

822 1088 220 45 motionen,
1072 1087 65 38 för
1165 1087 64 37 sin
1258 1086 64 38 del
1345 1086 169 47 besluta,
1537 1088 58 36 att
1613 1086 233 48 Riksdagen
1865 1089 129 36 måtte

822 1142 14 37 i
864 1140 213 39 skrifvelse
1111 1141 76 37 hos
1215 1140 150 48 Kungl.
1396 1140 122 48 Maj:t
1546 1139 173 47 anhålla,
1750 1142 59 35 att
1836 1140 153 48 Kungl.

822 1194 120 49 Maj:t
983 1194 95 38 ville
1118 1194 83 38 låta
1234 1194 152 45 utreda,
1416 1193 208 38 huruvida
1651 1193 76 37 och
1755 1195 53 46 på
1835 1193 157 38 hvilket

823 1251 80 35 sätt
945 1260 51 25 en
1025 1247 149 38 allmän
1202 1247 212 38 lånekassa
1442 1248 68 37 för
1538 1246 183 49 Sveriges
1749 1246 246 38 kommuner

823 1304 67 35 må
918 1301 142 38 kunna
1085 1301 171 38 inrättas
1276 1303 114 44 samt,
1413 1301 137 37 därest
1568 1300 269 48 utredningen
1856 1299 137 38 därtill

823 1356 132 48 gifver
997 1354 231 49 anledning,
1272 1354 164 49 vidtaga
1479 1354 50 38 de
1571 1353 196 49 åtgärder,
1811 1366 87 25 som
1926 1353 70 38 för

823 1409 171 37 kassans
1023 1408 223 49 bringande
1274 1407 62 38 till
1363 1408 122 38 stånd
1515 1407 214 38 erfordras.

561 1479 235 39 Stockholm
826 1479 78 38 den
934 1480 24 37 9
987 1479 119 48 April
1135 1479 117 38 1907.

946 1550 61 38 På
1034 1550 221 38 utskottets
1283 1552 166 46 vägnar:

905 1620 187 39 JAKOB
1119 1619 369 40 PETTERSSON.

1064 1780 270 42 Reservation

529 1853 59 37 Af
606 1853 93 37 herr
714 1853 47 37 A.
779 1851 195 39 Johanson
989 1853 13 36 i
1017 1852 200 47 Mossebo,
1235 1851 92 38 med
1341 1851 168 37 hvilken
1525 1852 138 37 herrar
1682 1850 36 38 C.
1736 1850 45 38 F.
1799 1850 198 38 Petersson

400 1907 14 36 i
456 1906 349 49 Dänningelanda,
848 1906 48 37 P.
932 1905 159 38 Nilsson
1119 1906 14 36 i
1162 1905 164 48 Bonarp
1356 1905 75 37 och
1458 1903 38 39 J.
1538 1904 54 38 W.
1623 1904 159 38 Lundin
1809 1904 187 38 instämt:

568 1960 131 37 »Enär
740 1960 254 37 motionären
1036 1959 183 37 hvarken
1253 1958 220 49 ådagalagt,
1506 1961 60 35 att
1594 1961 125 45 några
1747 1958 251 48 svårigheter

402 2014 66 36 för
509 2013 254 38 närvarande
804 2016 111 35 möta
956 2013 66 37 för
1062 2013 296 36 kommunerna
1400 2015 59 34 att
1502 2011 151 38 erhålla
1680 2011 68 37 lån
1777 2013 53 46 på
1857 2011 139 48 billiga

402 2066 159 48 villkor,
606 2067 95 38 eller
743 2069 59 35 att
844 2066 78 38 den
964 2066 230 48 föreslagna
1226 2065 241 38 lånekassan
1497 2064 130 38 skulle
1654 2065 249 37 härutinnan
1931 2065 67 36 för

403 2120 298 38 kommunerna
751 2120 184 38 medföra
981 2122 124 46 några
1151 2119 214 38 afsevärda
1409 2118 190 46 fördelar,
1648 2130 118 25 anser
1810 2119 77 47 jag,
1937 2120 60 34 att

403 2174 201 38 utskottet
631 2175 92 37 bort
751 2173 224 47 hemställa,

992 2229 58 35 att
1090 2225 308 49 ifrågavarande
1440 2225 158 38 motion
1639 2224 88 38 icke
1769 2227 123 35 måtte
1933 2223 64 38 till

829 2283 134 46 någon
993 2280 142 37 Andra
1163 2279 270 37 Kammarens
1463 2278 143 49 åtgärd
1635 2278 243 38 föranleda.»>

921 2430 154 27 Stockholm,
1091 2430 82 21 Oskar
1188 2429 114 22 Eklunds
1317 2429 92 26 boktr.,
1423 2430 63 22 1907.
