1846 2790
273 140 19 30 4
632 136 122 29 Första
781 133 244 40 lagutskottets
1052 130 179 31 utlåtande
1256 139 43 20 nr
1326 129 48 34 II.

275 223 161 39 kyrkliga
456 220 295 41 angelägenheter,
772 218 229 30 ekonomiska
1022 216 162 34 ärenden,
1205 212 387 39 undervisningsfrågor
1613 211 64 29 och
1697 211 77 38 kyr-

276 272 275 31 kokommunala
573 271 79 29 mål.
676 270 70 30 Här
768 270 143 28 komma
933 268 156 29 närmast
1111 266 11 29 i
1144 264 228 31 betraktande
1395 263 42 29 de
1459 262 160 40 kyrkliga
1642 262 134 38 angelä-

278 325 210 38 genheterna
509 323 63 29 och
593 322 44 29 då
659 321 123 29 främst
803 319 209 38 tillsättning
1034 327 41 20 av
1096 316 205 40 prästerliga
1323 315 159 39 tjänster.

322 374 115 39 Enligt
459 374 38 28 13
517 373 19 36 $
558 373 13 28 1
594 380 102 21 mom.
718 370 98 39 lagen
837 379 55 20 om
913 368 213 39 domkapitel
1146 367 128 39 åligger
1294 364 214 39 domkapitel
1528 365 50 27 att
1598 364 79 37 taga
1697 372 78 29 nog-

278 433 111 31 grann
410 423 196 30 kännedom
627 432 56 20 om
704 421 129 30 stiftets
856 419 243 30 förhållanden
1121 419 90 28 samt
1231 416 178 30 verksamt
1429 414 122 29 beflita
1572 413 50 39 sig
1644 422 56 20 om
1721 412 55 29 det

278 475 161 39 kyrkliga
460 474 98 30 livets
578 473 85 29 vård
686 473 63 28 och
771 471 200 30 förkovran.
994 469 126 29 Vidare
1142 468 213 29 tillkommer
1378 464 213 39 domkapitel
1614 465 49 27 att
1685 463 92 29 hålla

278 526 95 29 hand
399 525 153 33 däröver,
578 525 50 28 att
653 522 145 39 stadgad
821 521 140 39 kyrklig
986 519 147 39 ordning
1157 518 182 38 iakttages,
1366 517 50 28 att
1441 515 45 29 ha
1511 514 163 29 inseende
1700 514 78 29 över

278 575 278 40 prästerskapets
581 571 350 40 ämbetsförvaltning
955 571 62 29 och
1041 570 136 29 leverne
1201 569 163 29 ävensom
1389 568 50 28 att
1462 566 11 28 i
1497 564 110 40 övrigt
1632 564 146 39 fullgöra

279 627 42 29 de
349 626 173 30 särskilda
550 624 205 40 åligganden
780 623 83 29 med
892 621 167 30 avseende
1088 620 19 30 å
1135 619 129 30 stiftets
1293 617 161 40 kyrkliga
1482 615 296 39 angelägenheter,

280 686 74 20 som
377 676 105 39 enligt
503 675 65 30 vad
590 675 121 29 därom
733 674 9 28 i
765 674 54 39 lag
840 673 82 29 eller
943 672 99 39 eljest
1064 672 37 28 är
1123 670 137 39 stadgat
1281 669 189 29 ankomma
1491 666 44 40 på
1556 664 223 40 domkapitel.

324 727 213 29 Åsidosätter
561 726 208 28 innehavare
793 734 41 19 av
857 722 182 40 prästerlig
1061 720 206 39 befattning,
1291 728 76 20 som
1390 717 95 40 lyder
1510 716 107 30 under
1639 715 141 30 domka-

281 778 92 40 pitel,
393 777 53 30 sin
465 776 230 40 tjänsteplikt,
714 776 79 38 äger
812 773 229 40 domkapitlet
1059 771 141 40 jämlikt
1218 771 19 29 2
1256 779 105 21 mom.
1381 777 133 21 samma
1532 766 164 41 paragraf
1714 765 67 30 till-

281 828 75 29 dela
382 828 128 29 honom
534 826 145 40 varning
703 826 81 29 eller
809 824 213 39 suspendera
1046 823 129 29 honom
1201 820 109 30 under
1335 820 101 38 högst
1461 820 50 28 tre
1536 817 176 30 månader.
1738 815 43 29 Är

281 879 128 29 brottet
428 888 41 19 av
488 877 138 30 svårare
645 875 256 34 beskaffenhet,
922 873 87 30 skall
1030 871 228 40 domkapitlet
1279 871 82 39 göra
1381 868 163 31 anmälan
1565 868 52 29 för
1637 867 68 30 åtal
1726 866 55 29 vid

281 929 160 29 domstol.

328 980 77 29 Står
434 979 208 29 innehavare
672 987 40 19 av
741 975 184 41 prästerlig
955 973 205 40 befattning,
1190 982 74 20 som
1294 971 96 40 lyder
1421 970 108 30 under
1558 967 223 40 domkapitel,

284 1030 109 29 under
419 1029 68 29 åtal
513 1029 53 29 för
591 1028 92 30 brott
708 1028 63 28 och
797 1028 59 28 äro
882 1024 343 39 omständigheterna
1250 1022 133 30 sådana
1408 1022 51 28 att
1483 1020 69 29 han
1579 1020 67 28 satt
1672 1018 9 29 i
1708 1018 74 29 fara

283 1080 56 30 det
365 1079 171 30 anseende
561 1079 235 29 innehavaren
823 1086 41 20 av
889 1075 241 39 befattningen
1155 1074 61 30 bör
1242 1074 73 38 äga,
1342 1072 57 29 må
1425 1069 228 40 domkapitlet
1679 1068 105 38 enligt

283 1132 19 28 3
323 1140 104 20 mom.
450 1130 86 29 intill
560 1130 78 28 dess
660 1127 310 40 lagakraftägande
991 1126 79 29 dom
1093 1124 180 39 föreligger
1295 1123 168 38 avstänga
1483 1121 127 28 honom
1634 1119 77 30 från
1735 1120 49 28 ut-

283 1181 172 39 övningen
481 1190 40 20 av
545 1179 250 39 befattningen.

329 1232 71 29 Har
427 1230 182 40 prästerlig
637 1229 344 39 befattningshavare
1008 1226 97 30 blivil
1133 1233 122 32 genom
1284 1221 310 42 lagakraftägande
1622 1221 79 29 dom
1730 1229 55 20 av-

285 1283 68 29 satt
374 1281 78 30 från
473 1281 53 29 sin
546 1280 195 39 befattning
759 1279 58 29 må
837 1279 70 28 han
927 1288 40 19 av
987 1276 229 39 domkapitlet
1235 1273 143 41 jämlikt
1399 1273 15 28 4
1437 1281 104 21 mom.
1563 1270 123 39 skiljas
1708 1270 77 29 från

285 1332 246 40 prästämbetet
551 1331 81 29 eller
652 1331 53 29 för
724 1330 68 29 viss
812 1329 49 29 tid
882 1328 171 30 förklaras
1072 1325 164 40 obehörig
1255 1326 49 28 att
1323 1325 104 29 utöva
1446 1323 204 30 detsamma.
1670 1320 116 30 Under

287 1383 48 29 tid
360 1383 43 29 då
427 1382 184 40 prästerlig
636 1379 343 40 befattningshavare
1005 1379 37 28 är
1068 1375 235 41 suspenderad
1329 1375 82 29 eller
1437 1372 166 39 avstängd
1632 1371 76 30 från
1737 1372 50 28 ut-

286 1433 172 39 övningen
484 1442 41 19 av
550 1432 53 29 sin
628 1430 196 39 befattning
850 1430 57 29 må
932 1429 69 29 han
1027 1438 35 19 av
1094 1426 228 39 domkapitlet
1349 1424 173 30 förklaras
1549 1421 163 40 obehörig
1738 1422 49 28 atl

287 1484 103 29 utöva
415 1482 257 40 prästämbetet.

332 1533 167 39 Slutligen
525 1533 79 38 äger
629 1531 229 39 domkapitlet
884 1530 105 38 enligt
1024 1530 9 28 5
1058 1537 104 20 mom.
1190 1528 151 39 upptaga
1368 1526 62 29 och
1457 1524 126 40 avgöra
1610 1522 96 39 fråga
1732 1531 55 20 om

288 1584 196 39 skyldighet
513 1583 53 29 för
594 1582 183 40 prästerlig
805 1580 344 39 befattningshavare
1178 1579 49 28 att
1256 1577 85 38 avgå
1370 1576 78 29 från
1476 1574 240 38 befattningen
1745 1572 43 39 på

288 1635 65 29 den
376 1634 122 39 grund,
520 1635 50 28 att
591 1633 70 29 han
683 1631 165 39 övergivit
871 1631 154 38 kyrkans
1047 1630 87 33 lära;
1158 1628 56 29 vid
1237 1627 112 39 dylikt
1372 1625 105 30 avfall
1500 1624 87 30 skall
1610 1624 176 29 dessutom

287 1686 139 38 prästen
451 1694 41 19 av
513 1683 229 39 domkapitlet
764 1681 125 40 skiljas
912 1680 78 30 från
1012 1678 260 41 prästämbetet.

331 1734 237 40 Domkapitlet
590 1734 64 29 har
675 1732 117 30 vidare
815 1731 69 30 viss
907 1731 118 38 tillsyn
1047 1731 80 28 över
1149 1727 269 41 prästämbetets
1440 1724 218 40 rekrytering
1680 1724 11 28 i
1714 1723 75 30 stif-

289 1787 56 33 tet,
372 1785 204 29 medverkar
601 1784 56 30 vid
683 1782 210 39 tillsättning
919 1791 40 20 av
985 1780 174 30 ordinarie
1184 1779 159 39 tjänster,
1372 1777 132 40 uppgör
1531 1775 137 40 förslag,
1695 1775 94 29 över-

290 1836 105 30 vakar
419 1833 446 40 tillsättningsförfarandet
891 1833 62 28 och
977 1833 78 37 äger
1078 1831 8 28 i
1112 1829 151 30 flertalet
1286 1828 61 29 fall
1371 1826 353 39 tillsättningsrätten.

332 1887 64 29 Det
416 1888 37 27 är
471 1886 168 38 biskopen
660 1893 74 21 som
752 1883 192 40 prästviger
969 1882 56 29 (22
1045 1881 80 40 kap.
1146 1881 10 29 i
1178 1880 81 29 1686
1281 1880 56 29 års
1356 1877 201 41 kyrkolag),
1578 1886 79 20 men
1678 1876 110 39 präst-

288 1946 145 20 examen
454 1936 204 30 verkställes
681 1934 92 30 inför
796 1932 231 40 domkapitlet
1057 1931 56 33 (K.
1138 1931 85 29 M:ts
1246 1930 121 38 stadga
1392 1936 76 31 ang.
1491 1928 243 39 prästexamen
1756 1926 31 29 d.

291 1988 38 29 18
357 1987 89 40 april
476 1986 114 30 1884).
618 1984 237 40 Domkapitlet
882 1983 208 29 bestämmer
1119 1982 86 29 även
1233 1979 178 40 angående
1439 1978 57 29 det
1523 1976 266 31 icke-ordinarie

289 2038 277 40 prästerskapets
587 2035 228 38 missivering.
838 2034 116 39 Enligt
977 2033 38 30 19
1036 2033 79 39 kap.
1138 2032 19 29 6
1180 2031 15 37 $
1219 2030 213 40 kyrkolagen
1454 2029 57 30 må
1531 2028 103 39 ingen
1656 2027 133 30 ordine-

289 2098 56 20 ras
365 2089 52 28 till
437 2089 105 39 präst,
566 2096 94 21 >som
680 2086 74 29 icke
775 2085 178 30 allaredan
974 2084 104 29 haver
1099 2084 48 29 ett
1167 2082 85 30 visst
1273 2080 136 31 ämbete
1431 2079 49 31 uti
1501 2079 126 34 skolor,
1649 2086 140 31 gymna-

290 2140 66 29 sier
381 2140 81 28 eller
486 2137 209 34 akademier,
719 2136 202 39 varigenom
945 2135 70 29 han
1040 2134 50 40 sig
1115 2133 152 38 redligen
1292 2132 85 29 nära
1402 2131 65 29 och
1492 2130 80 30 föda
1596 2130 86 33 kan;
1709 2128 81 29 eller

290 2190 73 34 ock,
386 2190 44 29 då
452 2189 112 39 någon
586 2197 116 20 annan
722 2187 70 29 viss
815 2186 161 39 lägenhet
999 2186 36 28 är
1057 2184 100 39 ledig,
1181 2183 51 29 till
1253 2182 117 30 vilken
1393 2182 69 28 han
1484 2181 71 29 kan
1576 2179 213 30 befordras>.

290 2240 174 39 Biskopen
483 2240 62 29 och
564 2237 229 40 domkapitlet
813 2237 97 29 skola
930 2245 87 29 noga
1036 2235 100 33 tillse,
1157 2235 49 28 att
1225 2233 41 29 de
1286 2232 108 30 redan
1413 2231 101 38 vigda
1533 2231 144 39 präster,
1698 2229 92 28 vilka

289 2291 30 39 ej
347 2290 129 29 inneha
499 2289 192 38 ordentliga
715 2288 80 29 eller
819 2287 45 39 på
889 2287 68 28 stat
982 2285 172 40 uppförda
1180 2283 138 39 sysslor,
1344 2283 121 39 genast
1490 2280 86 30 efter
1600 2280 110 30 behov
1734 2278 56 30 må

291 2341 151 29 fördelas
467 2339 231 34 (missiveras)
721 2338 128 29 mellan
869 2336 293 38 församlingarna
1182 2334 53 30 för
1253 2332 236 41 tjänstgöring
1507 2331 62 29 där
1593 2330 56 33 (K.
1668 2329 123 39 Maj:ts

290 2390 237 30 cirkulärbrev
551 2390 30 29 d.
608 2390 37 29 21
674 2388 137 39 augusti
839 2387 83 29 1786
948 2397 54 20 om
1026 2384 209 39 vidtagande
1260 2394 42 19 av
1327 2383 107 39 några
1460 2382 131 30 sådana
1615 2380 87 30 mått
1727 2379 64 29 och

291 2443 82 37 steg,
396 2450 74 20 som
492 2441 56 29 må
568 2439 162 30 befordra
753 2438 86 39 goda
862 2438 212 39 egenskaper
1095 2436 10 28 i
1127 2434 247 31 läroståndet).
1399 2434 40 29 Se
1459 2432 117 30 vidare
1598 2431 112 30 nedan
1733 2438 59 21 an-

291 2491 131 39 gående
442 2490 208 39 tillsättning
672 2499 40 20 av
733 2487 204 42 prästerliga
959 2487 148 40 tjänster
1128 2495 44 20 m.
1196 2494 43 21 m.
