1848 2792
458 150 122 29 Första
606 148 246 40 iagutskottets
878 148 179 30 utlåtande
1082 157 43 20 nr
1151 149 49 29 11.
1563 149 14 29 I

748 477 57 40 Nr
834 477 61 40 1.

296 596 184 30 Utlåtande
501 597 11 29 i
531 596 189 40 anledning
740 605 41 20 av
802 596 122 30 väckta
946 596 172 29 motioner
1138 596 177 39 angående
1339 595 68 29 viss
1428 595 149 39 ändring

520 647 10 29 i
554 647 97 39 lagen
678 656 54 20 om
759 646 225 40 domkapitel.

120 764 121 30 Första
261 763 227 39 lagutskottet
507 764 64 29 har
592 763 51 30 till
665 762 212 40 behandling
899 763 154 30 förehaft
1074 764 56 29 två
1151 763 94 29 inom
1265 763 187 38 riksdagen
1476 762 101 30 väck-

74 816 44 32 ta,
141 814 50 29 till
215 814 192 39 lagutskott
429 814 191 30 hänvisade
642 815 182 32 motioner,
847 823 41 20 nr
911 813 62 30 312
997 814 8 29 i
1028 813 112 30 första
1162 814 206 29 kammaren
1391 823 42 20 av
1455 813 121 29 herrar

75 864 194 39 Lundqvist
291 865 63 29 och
377 864 198 31 Göransson
601 867 91 27 samt
714 875 42 20 nr
780 864 62 30 286
867 865 10 28 i
901 864 109 30 andra
1034 864 205 30 kammaren
1263 873 41 20 av
1328 864 80 29 herr
1433 864 142 30 Håstad.

76 915 10 29 I
115 914 227 36 motionerna,
368 915 94 30 vilka
488 916 59 29 äro
575 915 233 39 likalydande,
835 915 212 33 hemställes,
1078 917 70 27 »att
1173 915 186 38 riksdagen
1387 915 107 29 måtte
1523 914 53 30 för

75 965 53 29 sin
147 965 54 30 del
223 967 126 37 antaga
369 966 66 29 den
458 966 149 38 ändring
626 975 42 20 av
689 966 98 38 lagen
809 965 66 29 den
899 965 38 29 13
960 965 186 30 november
1172 965 80 29 1986
1273 974 55 20 om
1351 965 224 39 domkapitel,

75 1024 73 21 som
170 1016 223 39 kyrkomötet
416 1016 108 29 redan
546 1016 151 29 beslutat
719 1016 64 29 och
806 1024 74 21 som
901 1015 146 30 innebär
1068 1018 50 27 att
1140 1025 104 20 envar
1266 1016 96 39 präst
1385 1024 74 21 som
1481 1015 96 29 inne-

74 1066 63 31 har
158 1066 185 39 prästerlig
365 1066 110 39 tjänst
502 1067 10 28 i
534 1066 112 30 stiftet
668 1065 235 30 tillförsäkras
926 1065 180 31 valbarhet
1129 1066 51 29 till
1204 1066 158 39 uppdrag
1387 1074 74 21 som
1486 1065 90 30 leda-

74 1118 71 27 mot
170 1116 62 30 och
259 1116 185 40 suppleant
467 1125 42 21 av
534 1115 247 40 domkapitel».

117 1166 48 29 Av
186 1166 220 30 motionerna
427 1165 165 39 framgår,
617 1167 49 28 att
691 1165 259 30 motionärerna
974 1165 78 29 med
1079 1166 151 29 nämnda
1253 1166 207 39 lagändring
1483 1166 92 39 åsyf-

73 1218 48 28 tat
146 1216 157 39 följande
328 1226 42 21 av
396 1217 80 30 1951
506 1216 56 30 års
588 1216 217 39 kyrkomöte,
831 1216 43 40 på
899 1216 210 30 hemställan
1135 1226 41 20 av
1202 1217 370 39 kyrkolagsutskottet,

73 1267 184 39 godkända

691 1403 270 41 Förslag

795 1467 52 30 till

770 1535 125 49 Lag

71 1621 186 40 angående
291 1621 135 32 ändrad
461 1621 139 40 lydelse
635 1630 42 24 av
711 1621 19 32 2
757 1618 21 42 &
807 1621 12 31 I
852 1630 109 24 mom.
988 1621 108 40 lagen
1121 1621 69 32 den
1215 1620 38 32 13
1277 1621 197 32 november
1499 1620 80 32 1936

573 1669 61 41 (nr
656 1668 77 43 567)
756 1680 58 24 om
837 1671 238 41 domkapitel.

118 1753 210 39 Härigenom
353 1753 196 34 förordnas,
575 1755 49 28 att
649 1753 17 29 2
696 1752 15 37 $
741 1754 13 28 I
781 1761 104 24 mom,
911 1753 100 39 lagen
1039 1753 66 29 den
1134 1753 37 29 13
1197 1753 185 29 november
1412 1752 82 30 1936
1519 1761 55 21 om

73 1803 213 39 domkapitel
310 1803 88 30 skall
422 1803 133 30 erhålla
578 1803 134 30 ändrad
736 1803 128 39 lydelse
887 1803 44 40 på
955 1804 67 29 sätt
1047 1803 113 30 nedan
1184 1803 149 39 angives.

122 1920 183 30 (Gällande
328 1920 158 39 lydelse.)
1123 1920 223 39 (Föreslagen
1371 1919 157 39 lydelse.)

119 2022 13 27 1
154 2030 105 23 mom.
282 2021 238 40 Domkapitlet
540 2021 9 28 i
569 2040 27 2 —
696 2040 44 2 —
761 2021 197 33 ledamöter,
982 2020 189 39 nämligen:

116 2071 169 39 biskopen
309 2072 115 29 såsom
447 2080 132 31 preses;

117 2121 224 39 domprosten
361 2122 82 29 eller
462 2139 22 3 —
544 2139 22 3 ---
584 2140 20 3 —-
646 2121 72 31 vice
738 2130 131 31 preses;

116 2189 41 19 en
188 2189 41 20 av
259 2180 129 29 stiftets
419 2182 135 37 präster
584 2180 77 29 vald
694 2181 106 38 präst,
894 2189 41 19 en
967 2189 40 19 av
1039 2179 128 29 stiftets
1198 2180 134 38 präster
1364 2179 77 29 vald
1474 2180 104 38 präst,

73 2238 71 20 som
196 2230 146 29 innehar
394 2230 174 29 ordinarie
618 2229 182 40 prästerlig
849 2239 75 19 som
949 2229 147 29 innehar
1121 2229 183 39 prästerlig
1331 2229 108 38 tjänst
1465 2229 9 28 i
1502 2229 74 28 stif-

74 2279 107 38 ljänst
207 2279 7 28 i
241 2279 125 34 stiftet;
849 2281 61 33 tet;

118 2345 40 20 en
183 2346 41 20 av
247 2337 129 29 ombud
399 2355 1 3 -:
600 2337 160 39 kyrkliga
787 2337 323 38 församlingslivet;

118 2395 40 20 en
182 2396 42 20 av
246 2387 193 38 Konungen
462 2387 87 29 efter
572 2387 130 39 förslag
725 2397 41 19 av
787 2387 229 39 domkapitlet
1043 2387 52 29 för
1120 2396 57 20 sex
1200 2387 37 29 år
1260 2387 8 28 i
1293 2387 125 29 sänder
1444 2386 132 30 förord-

74 2437 75 33 nad,
171 2437 8 28 i
336 2455 27 3 —
382 2437 155 30 förfaren
561 2437 155 35 lekman;

104 2503 12 25 I
159 2502 111 31 Bihang
282 2502 46 25 till
339 2502 170 31 riksdagens
520 2502 147 32 protokoll
681 2502 74 25 1953.
775 2506 14 23 9
800 2502 83 25 saml.
898 2505 13 23 I
925 2505 56 23 avd.
997 2505 37 23 Nr
1046 2505 38 23 11.
