1902 2822
286 127 17 29 4
686 136 117 31 Andra
822 137 238 35 lagutskottets
1079 141 175 31 utlåtande
1276 142 48 30 Nr
1345 144 48 29 43.

293 215 70 31 lika
390 216 192 38 berättigad
612 219 50 30 till
691 221 188 36 ersättning
910 232 41 20 av
983 224 220 35 väghållaren
1234 225 55 31 för
1319 227 187 31 kostnader
1534 229 54 29 för
1616 227 176 44 expenser,

292 259 239 37 renskrivning
555 262 64 29 och
644 262 120 36 dylika
788 264 147 36 utgifter,
961 274 74 21 som
1059 267 60 29 äro
1144 267 165 31 förenade
1335 270 78 29 med
1435 270 210 37 uppdragets
1669 272 123 37 fullgö-

292 302 115 29 rande.
452 301 243 32 Ordföranden
716 306 64 29 och
802 315 115 21 annan
938 307 150 31 ledamot
1110 319 41 19 av
1175 310 175 30 nämnden
1372 311 63 35 äga
1456 313 55 28 för
1531 322 84 26 resa,
1639 323 75 21 som
1734 316 58 35 på-

291 343 109 30 kallas
423 353 41 20 av
486 345 202 37 uppdraget,
712 356 42 20 av
777 347 221 37 väghållaren
1022 349 133 37 åtnjuta
1178 353 256 30 resekostnads-
1458 355 64 29 och
1549 356 241 31 traktaments-

292 386 187 37 ersättning
501 388 104 36 enligt
627 389 178 31 allmänna
828 393 302 34 resereglementet.
1178 393 68 31 För
1268 395 102 36 dygn,
1394 396 45 30 då
1461 396 194 36 dagarvode
1680 398 112 37 åtnju-

292 431 58 32 tes,
373 428 57 31 må
450 429 106 30 likväl
578 430 31 36 ej
631 431 171 31 beräknas
824 434 427 38 traktamentsersättning.

336 471 14 29 I
370 472 39 29 23
429 471 18 37 $
467 472 10 29 i
497 472 98 36 lagen
616 474 65 29 den
703 475 40 28 20
764 474 75 36 juni
863 476 80 29 1924
965 486 57 20 om
1041 478 173 36 landsting
1235 479 93 35 givas
1349 480 90 30 vissa
1458 481 259 32 bestämmelser
1736 493 57 20 om

292 513 189 37 ersättning
508 514 34 30 åt
571 515 284 37 landstingsmän.
908 518 301 38 Landstingsman,
1239 530 75 21 som
1343 521 30 36 ej
1401 523 64 29 bor
1494 523 19 30 å
1543 524 66 29 den
1639 528 62 32 ort,
1732 525 63 30 där

291 555 207 37 landstinget
520 556 118 36 hålles,
664 558 153 36 åtnjuter
838 561 110 29 under
970 562 225 36 landstingets
1220 564 91 29 möte
1336 568 87 26 samt
1446 566 110 29 under
1579 575 100 21 resan
1701 566 92 31 fram

292 598 65 29 och
388 597 72 31 åter
490 609 42 20 av
563 600 226 37 landstingets
820 603 110 29 medel
961 604 298 35 dagtraktamente
1291 606 79 29 med
1403 607 37 29 12
1470 608 130 29 kronor
1628 608 165 31 ävensom

291 641 440 37 resekostnadsersättning.
779 643 299 38 Landstingsman,
1104 656 73 20 som
1202 647 63 30 bor
1288 647 20 31 å
1329 648 65 30 den
1417 652 61 32 ort,
1503 650 62 29 där
1585 647 208 44 landstinget

291 681 118 37 hålles,
440 682 152 37 åtnjuter
619 686 111 29 under
757 686 223 37 laudstingets
1011 689 90 29 möte
1130 698 41 20 av
1200 689 226 37 landstingets
1455 692 110 29 medel
1595 692 197 37 dagtrakta-

291 727 112 28 mente
427 726 80 29 med
532 727 19 29 9
574 727 138 29 kronor.
761 728 244 31 Traktamente
1028 730 110 30 under
1161 731 226 36 landstingets
1413 734 91 29 möte
1528 733 58 31 må
1611 734 75 31 icke
1711 735 83 36 utgå

291 766 56 30 för
367 767 117 36 längre
504 768 49 30 tid
573 768 43 30 än
638 769 47 30 tio
706 770 108 35 dagar
833 771 9 29 i
865 770 97 37 följd,
988 772 124 30 räknat
1135 772 78 30 från
1235 774 123 30 mötets
1380 774 134 36 början.

336 809 12 29 I
373 811 37 28 17
433 810 17 36 $
472 810 10 29 i
503 810 98 36 lagen
623 812 65 29 den
709 813 19 28 9
751 813 88 35 april
863 813 79 31 1937
967 815 79 29 med
1068 814 90 31 vissa
1180 815 259 31 bestämmelser
1460 827 56 19 om
1540 818 221 37 rättegången
1784 819 9 29 i

291 852 294 35 tryckfrihetsmål
609 854 148 36 stadgas,
784 858 48 27 att
856 856 163 37 juryman
1045 857 79 35 äger
1147 867 42 20 av
1212 859 198 30 statsmedel
1433 859 136 36 åtnjuta
1592 861 197 36 dagtrakta-

289 898 114 27 mente
424 896 65 29 och
510 896 265 37 reseersättning
794 898 103 36 enligt
916 899 40 30 de
977 900 159 35 grunder,
1158 910 75 20 som
1252 901 90 36 gälla
1362 902 55 30 för
1435 903 286 36 landstingsmän.

334 937 113 37 Enligt
469 939 116 36 kungl.
607 940 83 29 brev
711 940 51 30 till
787 941 272 36 socialstyrelsen
1081 943 65 29 den
1170 944 19 29 3
1211 944 182 31 december
1417 946 81 29 1937
1521 947 64 35 äga
1607 947 181 31 ordföran-

289 981 41 29 de
354 981 65 29 och
443 981 151 31 ledamot
621 982 9 30 i
656 984 373 37 mödrahjälpsnämnd
1055 986 159 35 uppbära
1238 987 196 36 dagarvode
1461 990 78 28 med
1564 990 42 29 30
1633 999 87 27 resp.
1748 991 41 30 20

289 1024 128 29 kronor
438 1034 60 26 per
518 1026 354 36 sammanträdesdag.
908 1027 220 31 Ordförande
1150 1030 65 29 och
1236 1030 162 36 ledamot,
1420 1041 74 20 som
1517 1032 75 30 icke
1616 1033 38 29 är
1675 1033 114 31 bosatt

289 1064 20 31 å
332 1066 64 29 den
419 1068 61 33 ort,
507 1066 63 30 där
592 1068 418 36 mödrahjälpsnämnden
1033 1072 285 35 sammanträder,
1342 1073 82 30 eller
1447 1074 62 29 där
1530 1074 65 31 har
1618 1075 52 30 sin
1694 1076 97 30 verk-

289 1109 133 29 samhet
441 1109 81 30 eller
542 1110 62 29 där
623 1111 205 35 uppehåller
847 1112 48 35 sig
916 1111 45 37 på
981 1114 110 34 grund
1114 1123 41 20 av
1176 1114 145 31 allmänt
1342 1116 169 36 uppdrag,
1532 1117 80 35 äger
1634 1117 57 31 vid
1713 1128 76 20 resa

288 1151 56 30 för
365 1152 204 35 deltagande
589 1153 11 29 i
623 1154 194 30 nämndens
841 1157 280 30 sammanträden
1145 1157 160 35 uppbära
1327 1159 255 30 resekostnads-
1606 1161 65 29 och
1696 1162 92 29 trak-

288 1195 339 36 tamentsersättning
662 1196 105 35 enligt
806 1206 85 21 rese-
929 1199 66 29 och
1020 1199 369 32 traktamentsklassen
1415 1201 13 30 I
1455 1202 25 29 B
1507 1202 10 29 i
1542 1203 159 35 gällande
1728 1204 59 30 all-

288 1236 129 31 männa
444 1238 290 35 resereglemente.

332 1278 114 37 Enligt
473 1280 38 29 10
535 1280 78 36 kap.
639 1281 216 36 vattenlagen
879 1283 88 29 skall
990 1283 50 30 till
1066 1284 265 36 handläggande
1356 1295 42 21 av
1422 1287 294 38 syneförrättning
1738 1290 50 29 rö-

288 1322 106 29 rande
418 1321 194 31 inrättande
638 1333 42 20 av
704 1324 129 29 allmän
859 1324 134 31 flottled
1019 1325 183 32 förordnas
1229 1327 10 29 i
1266 1328 277 37 vattenbyggnad
1568 1330 133 37 kunnig
1724 1332 66 30 och

288 1363 9 29 i
318 1363 163 37 flottning
502 1364 155 30 förfaren
677 1375 135 26 person.
857 1366 390 37 Förrättningsmannen
1268 1370 89 30 skall
1377 1370 56 30 vid
1453 1371 338 38 syneförrättningen

287 1405 153 31 biträdas
467 1416 42 20 av
535 1406 58 31 två
619 1417 41 20 av
686 1408 243 36 länsstyrelsen
955 1410 155 35 utsedda,
1140 1420 56 20 om
1225 1414 115 28 ortens
1367 1412 242 31 förhållanden
1636 1415 154 36 kunniga

288 1448 85 35 gode
397 1449 91 35 män,
514 1458 42 21 av
581 1449 92 30 vilka
697 1451 66 28 den
788 1460 61 20 ene
874 1451 63 29 bör
961 1461 84 21 vara
1070 1452 155 30 förfaren
1250 1453 9 29 i
1283 1453 163 37 flottning
1471 1456 65 29 och
1559 1456 66 29 den
1650 1457 107 30 andre
1780 1457 10 30 i

287 1489 170 36 jordbruk
487 1494 90 27 samt
605 1492 127 30 endera
761 1502 42 20 av
835 1493 77 29 dem
942 1494 175 30 dessutom
1146 1494 132 37 kunnig
1307 1495 10 30 i
1348 1496 202 36 skogsbruk.
1605 1497 115 38 Enligt
1748 1508 41 21 en

287 1533 116 35 kungl.
426 1533 203 36 kungörelse
652 1544 42 20 av
718 1535 66 29 den
809 1536 16 28 7
848 1536 193 35 september
1066 1537 82 29 1920
1170 1545 76 27 ang.
1271 1539 202 35 gottgörelse
1494 1539 60 35 till,
1578 1540 45 30 bl.
1648 1550 41 26 a.,
1714 1541 42 30 de
1780 1541 10 30 i

287 1574 216 37 vattenlagen
534 1576 234 31 omförmälda
800 1578 235 35 synemännen
1068 1578 56 30 vid
1156 1579 295 37 syneförrättning
1482 1582 147 30 rörande
1660 1583 129 30 allmän

286 1617 134 30 flottled
443 1618 88 30 skall
554 1618 388 37 förrättningsmannen,
965 1620 153 30 förutom
1140 1622 256 30 resekostnads-
1420 1623 65 29 och
1508 1624 281 31 traktamentser-

287 1659 149 37 sättning
456 1660 105 36 enligt
582 1662 304 35 resereglementet,
909 1661 137 37 åtnjuta
1068 1663 126 30 arvode
1217 1664 79 29 med
1319 1664 40 30 50
1380 1665 130 30 kronor
1528 1665 56 30 för
1605 1666 95 36 varje
1720 1666 69 31 för-

286 1702 246 36 rättningsdag.
555 1702 66 30 För
642 1703 90 31 vissa
754 1704 291 36 arbetsuppgifter
1067 1706 38 28 är
1126 1705 379 36 förrättningsmannen
1525 1707 192 36 berättigad
1738 1708 51 31 till

286 1744 149 31 särskild
460 1745 197 36 ersättning.
710 1746 152 30 Sålunda
889 1747 80 35 äger
995 1747 381 36 förrättningsmannen
1403 1749 55 30 för
1487 1750 231 35 uppsättande
1746 1760 43 21 av

286 1788 171 34 protokoll
478 1788 64 29 och
563 1788 117 35 övriga
702 1788 208 35 handlingar
931 1788 9 29 i
960 1788 104 30 målet
1086 1798 43 20 m.
1151 1799 43 19 m.
1217 1789 137 36 åtnjuta
1375 1791 211 35 gottgörelse,
1610 1792 178 31 beräknad

285 1828 45 37 på
345 1830 57 29 det
423 1830 75 35 sätt,
518 1833 49 27 att
585 1830 56 30 för
658 1830 96 36 varje
774 1830 295 37 förrättningsdag
1085 1829 57 31 må
1160 1830 82 37 utgå
1263 1832 127 30 arvode
1408 1832 58 30 för
1483 1831 56 31 två
1558 1834 226 36 expeditions-

286 1872 107 36 dagar
414 1872 86 30 efter
521 1873 41 29 50
581 1873 130 30 kronor
731 1873 56 29 för
807 1874 74 34 dag.
925 1872 115 37 Enligt
1063 1883 134 21 samma
1218 1874 205 36 kungörelse
1444 1875 80 36 äger
1542 1876 66 35 god
1629 1886 82 21 man
1731 1877 57 30 vid

284 1914 295 37 syneförrättning
598 1916 147 29 rörande
766 1916 129 29 allmän
914 1915 135 31 flottled
1068 1915 98 36 njuta
1187 1917 255 30 resekostnads-
1462 1918 64 29 och
1544 1919 243 30 traktaments-

284 1956 189 37 ersättning
498 1957 104 36 enligt
629 1958 294 35 resereglementet
950 1961 90 27 samt
1066 1958 170 36 därjämte
1262 1958 195 37 dagarvode
1484 1961 77 29 med
1590 1961 40 29 20
1658 1961 130 30 kronor

283 1999 55 30 för
363 1998 94 37 varje
484 1999 304 36 förrättningsdag.

329 2042 13 29 I
362 2042 215 36 proposition
598 2052 42 19 nr
661 2043 63 29 208
746 2042 50 30 till
817 2042 232 30 innevarande
1070 2043 140 35 riksdag
1232 2042 177 37 angående
1430 2043 119 37 anslag
1568 2044 56 30 för
1644 2045 141 36 budget-

284 2083 72 32 året
380 2079 182 41 1938/1939
583 2084 50 30 till
655 2084 497 37 länsnyl:terhetsnämnderna
1173 2095 44 19 m.
1239 2095 45 20 m.
1307 2086 65 29 har
1393 2085 251 37 föredragande
1665 2087 120 36 depar-

284 2126 270 31 tementschefen
578 2126 190 36 ifrågasatt,
793 2130 46 27 att
862 2126 235 31 ordföranden
1122 2127 8 29 i
1156 2126 109 31 sådan
1288 2128 131 30 nämnd
1443 2132 89 26 samt
1555 2138 116 21 annan
1694 2129 91 30 leda-

284 2172 81 32 mot,
384 2178 73 21 som
478 2178 94 21 mera
589 2169 234 36 regelmässigt
842 2169 126 35 fullgör
987 2169 169 30 särskilda
1173 2169 178 36 uppgifter
1368 2169 94 30 inom
1483 2170 184 36 nämnden,
1688 2171 98 30 skola

284 2211 146 30 tilldelas
459 2214 46 27 ett
534 2211 134 30 mindre
697 2211 193 30 årsarvode.
945 2211 12 30 I
986 2211 109 30 likhet
1122 2212 78 29 med
1229 2212 66 29 vad
1325 2221 74 20 som
1430 2212 104 35 gäller
1561 2212 10 29 i
1600 2212 98 36 fråga
1727 2223 57 20 om

281 2253 378 36 mödrahjälpsnämnd
683 2254 65 29 har
773 2254 153 30 ledamot
952 2263 42 20 av
1022 2254 420 35 länsnykterhetsnämnd
1466 2257 131 27 ansetts
1624 2255 85 31 böra
1734 2255 47 31 åt-

280 2295 99 36 njuta
405 2296 125 30 arvode
557 2296 78 30 med
661 2297 40 29 20
729 2296 129 30 kronor
883 2296 54 30 för
962 2296 353 35 sammanträdesdag.
1364 2295 128 31 Sådant
1520 2297 126 30 arvode
1673 2298 109 29 skulle

280 2337 194 31 tillkomma
497 2339 85 29 även
603 2338 211 30 ordförande
836 2338 64 30 och
922 2347 116 21 annan
1059 2338 159 35 ledamot,
1241 2347 74 20 som
1335 2339 136 34 uppbär
1493 2337 194 31 årsarvode.
1720 2339 59 29 Le-

281 2379 117 31 damot
423 2380 109 30 skulle
558 2381 84 29 även
667 2389 82 21 vara
773 2379 190 36 berättigad
988 2379 50 30 till
1064 2380 255 29 resekostnads-
1343 2380 65 29 och
1431 2380 348 30 traktamentsersätt-

280 2431 92 20 ning.

325 2428 113 71 Enligt
464 2463 117 37 kungl.
607 2464 230 35 kungörelsen
864 2463 64 30 den
956 2462 41 30 29
1025 2463 135 35 augusti
1192 2463 80 29 1921
1301 2463 78 30 med
1405 2462 89 31 vissa
1522 2463 259 31 bestämmelser
