<?xml version="1.0" encoding="UTF-8"?>
<alto xmlns="http://www.loc.gov/standards/alto/ns-v3#" xmlns:xlink="http://www.w3.org/1999/xlink" xmlns:xsi="http://www.w3.org/2001/XMLSchema-instance" xsi:schemaLocation="http://www.loc.gov/standards/alto/ns-v3# http://www.loc.gov/alto/v3/alto-3-0.xsd">
	<Description>
		<MeasurementUnit>pixel</MeasurementUnit>
		<sourceImageInformation>
			<fileName>/tmp/tess_ovvdfghh_input.PNG</fileName>
		</sourceImageInformation>
		<OCRProcessing ID="OCR_0">
			<ocrProcessingStep>
				<processingSoftware>
					<softwareName>tesseract 5.3.0</softwareName>
				</processingSoftware>
			</ocrProcessingStep>
		</OCRProcessing>
	</Description>
	<Layout>
		<Page WIDTH="1894" HEIGHT="2760" PHYSICAL_IMG_NR="0" ID="page_0">
			<PrintSpace HPOS="0" VPOS="0" WIDTH="1894" HEIGHT="2760">
				<ComposedBlock ID="cblock_0" HPOS="261" VPOS="173" WIDTH="1136" HEIGHT="36">
					<TextBlock ID="block_0" HPOS="261" VPOS="173" WIDTH="1136" HEIGHT="36">
						<TextLine ID="line_0" HPOS="261" VPOS="173" WIDTH="1136" HEIGHT="36">
							<String ID="string_0" HPOS="261" VPOS="173" WIDTH="40" HEIGHT="30" WC="0.96" CONTENT="16"/><SP WIDTH="303" VPOS="173" HPOS="301"/>
							<String ID="string_1" HPOS="604" VPOS="176" WIDTH="288" HEIGHT="31" WC="0.91" CONTENT="Statsutskottets"/><SP WIDTH="24" VPOS="176" HPOS="892"/>
							<String ID="string_2" HPOS="916" VPOS="177" WIDTH="180" HEIGHT="31" WC="0.96" CONTENT="utlåtande"/><SP WIDTH="22" VPOS="177" HPOS="1096"/>
							<String ID="string_3" HPOS="1118" VPOS="187" WIDTH="44" HEIGHT="21" WC="0.96" CONTENT="nr"/><SP WIDTH="21" VPOS="187" HPOS="1162"/>
							<String ID="string_4" HPOS="1183" VPOS="179" WIDTH="43" HEIGHT="30" WC="0.96" CONTENT="68"/><SP WIDTH="21" VPOS="179" HPOS="1226"/>
							<String ID="string_5" HPOS="1247" VPOS="179" WIDTH="42" HEIGHT="30" WC="0.96" CONTENT="år"/><SP WIDTH="24" VPOS="179" HPOS="1289"/>
							<String ID="string_6" HPOS="1313" VPOS="180" WIDTH="84" HEIGHT="29" WC="0.96" CONTENT="1962"/>
						</TextLine>
					</TextBlock>
				</ComposedBlock>
				<ComposedBlock ID="cblock_1" HPOS="256" VPOS="254" WIDTH="1491" HEIGHT="364">
					<TextBlock ID="block_1" HPOS="256" VPOS="254" WIDTH="1491" HEIGHT="200">
						<TextLine ID="line_1" HPOS="256" VPOS="254" WIDTH="1491" HEIGHT="46">
							<String ID="string_7" HPOS="256" VPOS="254" WIDTH="141" HEIGHT="39" WC="0.96" CONTENT="hänsyn"/><SP WIDTH="21" VPOS="254" HPOS="397"/>
							<String ID="string_8" HPOS="418" VPOS="255" WIDTH="53" HEIGHT="30" WC="0.96" CONTENT="till"/><SP WIDTH="23" VPOS="255" HPOS="471"/>
							<String ID="string_9" HPOS="494" VPOS="257" WIDTH="51" HEIGHT="29" WC="0.96" CONTENT="att"/><SP WIDTH="22" VPOS="257" HPOS="545"/>
							<String ID="string_10" HPOS="567" VPOS="256" WIDTH="196" HEIGHT="31" WC="0.96" CONTENT="invånarna"/><SP WIDTH="22" VPOS="256" HPOS="763"/>
							<String ID="string_11" HPOS="785" VPOS="257" WIDTH="12" HEIGHT="29" WC="0.96" CONTENT="i"/><SP WIDTH="24" VPOS="257" HPOS="797"/>
							<String ID="string_12" HPOS="821" VPOS="257" WIDTH="189" HEIGHT="40" WC="0.95" CONTENT="Karlsborg"/><SP WIDTH="23" VPOS="257" HPOS="1010"/>
							<String ID="string_13" HPOS="1033" VPOS="258" WIDTH="53" HEIGHT="30" WC="0.96" CONTENT="till"/><SP WIDTH="25" VPOS="258" HPOS="1086"/>
							<String ID="string_14" HPOS="1111" VPOS="260" WIDTH="73" HEIGHT="28" WC="0.96" CONTENT="stor"/><SP WIDTH="23" VPOS="260" HPOS="1184"/>
							<String ID="string_15" HPOS="1207" VPOS="259" WIDTH="54" HEIGHT="30" WC="0.96" CONTENT="del"/><SP WIDTH="25" VPOS="259" HPOS="1261"/>
							<String ID="string_16" HPOS="1286" VPOS="260" WIDTH="141" HEIGHT="39" WC="0.96" CONTENT="utgöres"/><SP WIDTH="24" VPOS="260" HPOS="1427"/>
							<String ID="string_17" HPOS="1451" VPOS="269" WIDTH="42" HEIGHT="20" WC="0.93" CONTENT="av"/><SP WIDTH="22" VPOS="269" HPOS="1493"/>
							<String ID="string_18" HPOS="1515" VPOS="260" WIDTH="232" HEIGHT="40" WC="0.91" CONTENT="befattnings-"/>
						</TextLine>
						<TextLine ID="line_2" HPOS="258" VPOS="307" WIDTH="1487" HEIGHT="46">
							<String ID="string_19" HPOS="258" VPOS="307" WIDTH="130" HEIGHT="30" WC="0.90" CONTENT="havare"/><SP WIDTH="19" VPOS="307" HPOS="388"/>
							<String ID="string_20" HPOS="407" VPOS="308" WIDTH="12" HEIGHT="29" WC="0.96" CONTENT="i"/><SP WIDTH="20" VPOS="308" HPOS="419"/>
							<String ID="string_21" HPOS="439" VPOS="308" WIDTH="189" HEIGHT="31" WC="0.96" CONTENT="försvarets"/><SP WIDTH="20" VPOS="308" HPOS="628"/>
							<String ID="string_22" HPOS="648" VPOS="309" WIDTH="123" HEIGHT="40" WC="0.96" CONTENT="tjänst."/><SP WIDTH="21" VPOS="309" HPOS="771"/>
							<String ID="string_23" HPOS="792" VPOS="310" WIDTH="65" HEIGHT="30" WC="0.96" CONTENT="Det"/><SP WIDTH="21" VPOS="310" HPOS="857"/>
							<String ID="string_24" HPOS="878" VPOS="319" WIDTH="101" HEIGHT="31" WC="0.93" CONTENT="synes"/><SP WIDTH="21" VPOS="319" HPOS="979"/>
							<String ID="string_25" HPOS="1000" VPOS="311" WIDTH="257" HEIGHT="30" WC="0.92" CONTENT="ämbetsverket"/><SP WIDTH="19" VPOS="311" HPOS="1257"/>
							<String ID="string_26" HPOS="1276" VPOS="311" WIDTH="121" HEIGHT="32" WC="0.95" CONTENT="vidare"/><SP WIDTH="19" VPOS="311" HPOS="1397"/>
							<String ID="string_27" HPOS="1416" VPOS="312" WIDTH="138" HEIGHT="41" WC="0.96" CONTENT="skäligt,"/><SP WIDTH="21" VPOS="312" HPOS="1554"/>
							<String ID="string_28" HPOS="1575" VPOS="314" WIDTH="52" HEIGHT="29" WC="0.92" CONTENT="att"/><SP WIDTH="19" VPOS="314" HPOS="1627"/>
							<String ID="string_29" HPOS="1646" VPOS="313" WIDTH="99" HEIGHT="30" WC="0.92" CONTENT="kom-"/>
						</TextLine>
						<TextLine ID="line_3" HPOS="256" VPOS="361" WIDTH="1490" HEIGHT="42">
							<String ID="string_30" HPOS="256" VPOS="369" WIDTH="151" HEIGHT="22" WC="0.90" CONTENT="munens"/><SP WIDTH="24" VPOS="369" HPOS="407"/>
							<String ID="string_31" HPOS="431" VPOS="361" WIDTH="117" HEIGHT="30" WC="0.92" CONTENT="såsom"/><SP WIDTH="23" VPOS="361" HPOS="548"/>
							<String ID="string_32" HPOS="571" VPOS="362" WIDTH="140" HEIGHT="31" WC="0.92" CONTENT="riskzon"/><SP WIDTH="25" VPOS="362" HPOS="711"/>
							<String ID="string_33" HPOS="736" VPOS="363" WIDTH="145" HEIGHT="40" WC="0.96" CONTENT="utlagda"/><SP WIDTH="23" VPOS="363" HPOS="881"/>
							<String ID="string_34" HPOS="904" VPOS="363" WIDTH="142" HEIGHT="31" WC="0.96" CONTENT="område"/><SP WIDTH="24" VPOS="363" HPOS="1046"/>
							<String ID="string_35" HPOS="1070" VPOS="364" WIDTH="12" HEIGHT="30" WC="0.96" CONTENT="i"/><SP WIDTH="24" VPOS="364" HPOS="1082"/>
							<String ID="string_36" HPOS="1106" VPOS="364" WIDTH="171" HEIGHT="31" WC="0.96" CONTENT="samband"/><SP WIDTH="24" VPOS="364" HPOS="1277"/>
							<String ID="string_37" HPOS="1301" VPOS="365" WIDTH="80" HEIGHT="30" WC="0.96" CONTENT="med"/><SP WIDTH="24" VPOS="365" HPOS="1381"/>
							<String ID="string_38" HPOS="1405" VPOS="367" WIDTH="246" HEIGHT="29" WC="0.93" CONTENT="ovannämnda"/><SP WIDTH="25" VPOS="367" HPOS="1651"/>
							<String ID="string_39" HPOS="1676" VPOS="366" WIDTH="70" HEIGHT="30" WC="0.92" CONTENT="för-"/>
						</TextLine>
						<TextLine ID="line_4" HPOS="258" VPOS="413" WIDTH="592" HEIGHT="41">
							<String ID="string_40" HPOS="258" VPOS="413" WIDTH="156" HEIGHT="41" WC="0.92" CONTENT="säljning"/><SP WIDTH="21" VPOS="413" HPOS="414"/>
							<String ID="string_41" HPOS="435" VPOS="414" WIDTH="179" HEIGHT="31" WC="0.96" CONTENT="förvärvas"/><SP WIDTH="22" VPOS="414" HPOS="614"/>
							<String ID="string_42" HPOS="636" VPOS="424" WIDTH="45" HEIGHT="22" WC="0.96" CONTENT="av"/><SP WIDTH="20" VPOS="424" HPOS="681"/>
							<String ID="string_43" HPOS="701" VPOS="416" WIDTH="149" HEIGHT="30" WC="0.96" CONTENT="kronan."/>
						</TextLine>
					</TextBlock>
					<TextBlock ID="block_2" HPOS="257" VPOS="467" WIDTH="1487" HEIGHT="83">
						<TextLine ID="line_5" HPOS="301" VPOS="467" WIDTH="1443" HEIGHT="44">
							<String ID="string_44" HPOS="301" VPOS="467" WIDTH="233" HEIGHT="39" WC="0.91" CONTENT="Bytesavtalet"/><SP WIDTH="23" VPOS="467" HPOS="534"/>
							<String ID="string_45" HPOS="557" VPOS="468" WIDTH="66" HEIGHT="30" WC="0.96" CONTENT="har"/><SP WIDTH="22" VPOS="468" HPOS="623"/>
							<String ID="string_46" HPOS="645" VPOS="468" WIDTH="174" HEIGHT="39" WC="0.96" CONTENT="godkänts"/><SP WIDTH="24" VPOS="468" HPOS="819"/>
							<String ID="string_47" HPOS="843" VPOS="478" WIDTH="43" HEIGHT="21" WC="0.92" CONTENT="av"/><SP WIDTH="22" VPOS="478" HPOS="886"/>
							<String ID="string_48" HPOS="908" VPOS="469" WIDTH="431" HEIGHT="41" WC="0.92" CONTENT="kommunalfullmäktige"/><SP WIDTH="23" VPOS="469" HPOS="1339"/>
							<String ID="string_49" HPOS="1362" VPOS="472" WIDTH="13" HEIGHT="29" WC="0.96" CONTENT="i"/><SP WIDTH="24" VPOS="472" HPOS="1375"/>
							<String ID="string_50" HPOS="1399" VPOS="471" WIDTH="188" HEIGHT="40" WC="0.96" CONTENT="Karlsborg"/><SP WIDTH="24" VPOS="471" HPOS="1587"/>
							<String ID="string_51" HPOS="1611" VPOS="472" WIDTH="68" HEIGHT="30" WC="0.96" CONTENT="den"/><SP WIDTH="26" VPOS="472" HPOS="1679"/>
							<String ID="string_52" HPOS="1705" VPOS="472" WIDTH="39" HEIGHT="30" WC="0.96" CONTENT="19"/>
						</TextLine>
						<TextLine ID="line_6" HPOS="257" VPOS="519" WIDTH="270" HEIGHT="31">
							<String ID="string_53" HPOS="257" VPOS="519" WIDTH="157" HEIGHT="31" WC="0.96" CONTENT="februari"/><SP WIDTH="20" VPOS="519" HPOS="414"/>
							<String ID="string_54" HPOS="434" VPOS="520" WIDTH="93" HEIGHT="30" WC="0.96" CONTENT="1962."/>
						</TextLine>
					</TextBlock>
					<TextBlock ID="block_3" HPOS="300" VPOS="573" WIDTH="1444" HEIGHT="45">
						<TextLine ID="line_7" HPOS="300" VPOS="573" WIDTH="1444" HEIGHT="45">
							<String ID="string_55" HPOS="300" VPOS="573" WIDTH="392" HEIGHT="40" WC="0.91" CONTENT="Departementschefen"/><SP WIDTH="23" VPOS="573" HPOS="692"/>
							<String ID="string_56" HPOS="715" VPOS="575" WIDTH="204" HEIGHT="40" WC="0.96" CONTENT="tillstyrker,"/><SP WIDTH="24" VPOS="575" HPOS="919"/>
							<String ID="string_57" HPOS="943" VPOS="578" WIDTH="50" HEIGHT="29" WC="0.96" CONTENT="att"/><SP WIDTH="22" VPOS="578" HPOS="993"/>
							<String ID="string_58" HPOS="1015" VPOS="576" WIDTH="58" HEIGHT="30" WC="0.96" CONTENT="det"/><SP WIDTH="22" VPOS="576" HPOS="1073"/>
							<String ID="string_59" HPOS="1095" VPOS="576" WIDTH="200" HEIGHT="40" WC="0.95" CONTENT="föreslagna"/><SP WIDTH="19" VPOS="576" HPOS="1295"/>
							<String ID="string_60" HPOS="1314" VPOS="578" WIDTH="97" HEIGHT="39" WC="0.95" CONTENT="bytet"/><SP WIDTH="22" VPOS="578" HPOS="1411"/>
							<String ID="string_61" HPOS="1433" VPOS="577" WIDTH="57" HEIGHT="31" WC="0.96" CONTENT="får"/><SP WIDTH="20" VPOS="577" HPOS="1490"/>
							<String ID="string_62" HPOS="1510" VPOS="578" WIDTH="234" HEIGHT="40" WC="0.96" CONTENT="genomföras."/>
						</TextLine>
					</TextBlock>
				</ComposedBlock>
				<ComposedBlock ID="cblock_2" HPOS="254" VPOS="679" WIDTH="1489" HEIGHT="466">
					<TextBlock ID="block_4" HPOS="254" VPOS="679" WIDTH="1489" HEIGHT="204">
						<TextLine ID="line_8" HPOS="301" VPOS="679" WIDTH="1442" HEIGHT="46">
							<String ID="string_63" HPOS="301" VPOS="679" WIDTH="185" HEIGHT="37" WC="0.96" CONTENT="Utskottet,"/><SP WIDTH="20" VPOS="679" HPOS="486"/>
							<String ID="string_64" HPOS="506" VPOS="690" WIDTH="75" HEIGHT="21" WC="0.95" CONTENT="som"/><SP WIDTH="18" VPOS="690" HPOS="581"/>
							<String ID="string_65" HPOS="599" VPOS="682" WIDTH="78" HEIGHT="29" WC="0.96" CONTENT="icke"/><SP WIDTH="18" VPOS="682" HPOS="677"/>
							<String ID="string_66" HPOS="695" VPOS="681" WIDTH="122" HEIGHT="32" WC="0.96" CONTENT="funnit"/><SP WIDTH="18" VPOS="681" HPOS="817"/>
							<String ID="string_67" HPOS="835" VPOS="682" WIDTH="189" HEIGHT="40" WC="0.96" CONTENT="anledning"/><SP WIDTH="17" VPOS="682" HPOS="1024"/>
							<String ID="string_68" HPOS="1041" VPOS="683" WIDTH="54" HEIGHT="30" WC="0.96" CONTENT="till"/><SP WIDTH="18" VPOS="683" HPOS="1095"/>
							<String ID="string_69" HPOS="1113" VPOS="683" WIDTH="143" HEIGHT="32" WC="0.95" CONTENT="erinran"/><SP WIDTH="19" VPOS="683" HPOS="1256"/>
							<String ID="string_70" HPOS="1275" VPOS="686" WIDTH="73" HEIGHT="28" WC="0.96" CONTENT="mot"/><SP WIDTH="19" VPOS="686" HPOS="1348"/>
							<String ID="string_71" HPOS="1367" VPOS="684" WIDTH="267" HEIGHT="40" WC="0.95" CONTENT="ifrågavarande"/><SP WIDTH="18" VPOS="684" HPOS="1634"/>
							<String ID="string_72" HPOS="1652" VPOS="686" WIDTH="91" HEIGHT="39" WC="0.95" CONTENT="byte,"/>
						</TextLine>
						<TextLine ID="line_9" HPOS="254" VPOS="732" WIDTH="1046" HEIGHT="44">
							<String ID="string_73" HPOS="254" VPOS="732" WIDTH="196" HEIGHT="40" WC="0.96" CONTENT="tillstyrker"/><SP WIDTH="18" VPOS="732" HPOS="450"/>
							<String ID="string_74" HPOS="468" VPOS="734" WIDTH="125" HEIGHT="39" WC="0.96" CONTENT="Kungl."/><SP WIDTH="20" VPOS="734" HPOS="593"/>
							<String ID="string_75" HPOS="613" VPOS="734" WIDTH="126" HEIGHT="40" WC="0.96" CONTENT="Maj:ts"/><SP WIDTH="19" VPOS="734" HPOS="739"/>
							<String ID="string_76" HPOS="758" VPOS="735" WIDTH="133" HEIGHT="40" WC="0.96" CONTENT="förslag"/><SP WIDTH="18" VPOS="735" HPOS="891"/>
							<String ID="string_77" HPOS="909" VPOS="735" WIDTH="114" HEIGHT="30" WC="0.96" CONTENT="under"/><SP WIDTH="18" VPOS="735" HPOS="1023"/>
							<String ID="string_78" HPOS="1041" VPOS="736" WIDTH="115" HEIGHT="30" WC="0.96" CONTENT="denna"/><SP WIDTH="19" VPOS="736" HPOS="1156"/>
							<String ID="string_79" HPOS="1175" VPOS="737" WIDTH="125" HEIGHT="39" WC="0.96" CONTENT="punkt."/>
						</TextLine>
						<TextLine ID="line_10" HPOS="299" VPOS="786" WIDTH="408" HEIGHT="36">
							<String ID="string_80" HPOS="299" VPOS="786" WIDTH="176" HEIGHT="30" WC="0.96" CONTENT="Utskottet"/><SP WIDTH="21" VPOS="786" HPOS="475"/>
							<String ID="string_81" HPOS="496" VPOS="786" WIDTH="211" HEIGHT="36" WC="0.96" CONTENT="hemställer,"/>
						</TextLine>
						<TextLine ID="line_11" HPOS="606" VPOS="840" WIDTH="1137" HEIGHT="43">
							<String ID="string_82" HPOS="606" VPOS="842" WIDTH="51" HEIGHT="28" WC="0.96" CONTENT="att"/><SP WIDTH="22" VPOS="842" HPOS="657"/>
							<String ID="string_83" HPOS="679" VPOS="840" WIDTH="190" HEIGHT="41" WC="0.96" CONTENT="riksdagen"/><SP WIDTH="23" VPOS="840" HPOS="869"/>
							<String ID="string_84" HPOS="892" VPOS="841" WIDTH="58" HEIGHT="30" WC="0.93" CONTENT="må"/><SP WIDTH="23" VPOS="841" HPOS="950"/>
							<String ID="string_85" HPOS="973" VPOS="841" WIDTH="170" HEIGHT="40" WC="0.92" CONTENT="medgiva,"/><SP WIDTH="25" VPOS="841" HPOS="1143"/>
							<String ID="string_86" HPOS="1168" VPOS="844" WIDTH="50" HEIGHT="28" WC="0.96" CONTENT="att"/><SP WIDTH="24" VPOS="844" HPOS="1218"/>
							<String ID="string_87" HPOS="1242" VPOS="843" WIDTH="58" HEIGHT="30" WC="0.96" CONTENT="det"/><SP WIDTH="23" VPOS="843" HPOS="1300"/>
							<String ID="string_88" HPOS="1323" VPOS="843" WIDTH="11" HEIGHT="29" WC="0.93" CONTENT="i"/><SP WIDTH="25" VPOS="843" HPOS="1334"/>
							<String ID="string_89" HPOS="1359" VPOS="843" WIDTH="384" HEIGHT="40" WC="0.92" CONTENT="statsrådsprotokollet"/>
						</TextLine>
					</TextBlock>
					<TextBlock ID="block_5" HPOS="560" VPOS="893" WIDTH="1183" HEIGHT="199">
						<TextLine ID="line_12" HPOS="560" VPOS="893" WIDTH="1183" HEIGHT="35">
							<String ID="string_90" HPOS="560" VPOS="894" WIDTH="82" HEIGHT="29" WC="0.93" CONTENT="över"/><SP WIDTH="32" VPOS="894" HPOS="642"/>
							<String ID="string_91" HPOS="674" VPOS="893" WIDTH="311" HEIGHT="31" WC="0.92" CONTENT="försvarsärenden"/><SP WIDTH="34" VPOS="893" HPOS="985"/>
							<String ID="string_92" HPOS="1019" VPOS="894" WIDTH="57" HEIGHT="30" WC="0.96" CONTENT="för"/><SP WIDTH="31" VPOS="894" HPOS="1076"/>
							<String ID="string_93" HPOS="1107" VPOS="895" WIDTH="69" HEIGHT="30" WC="0.96" CONTENT="den"/><SP WIDTH="32" VPOS="895" HPOS="1176"/>
							<String ID="string_94" HPOS="1208" VPOS="895" WIDTH="20" HEIGHT="30" WC="0.96" CONTENT="9"/><SP WIDTH="33" VPOS="895" HPOS="1228"/>
							<String ID="string_95" HPOS="1261" VPOS="905" WIDTH="96" HEIGHT="21" WC="0.96" CONTENT="mars"/><SP WIDTH="36" VPOS="905" HPOS="1357"/>
							<String ID="string_96" HPOS="1393" VPOS="896" WIDTH="83" HEIGHT="31" WC="0.93" CONTENT="1962"/><SP WIDTH="33" VPOS="896" HPOS="1476"/>
							<String ID="string_97" HPOS="1509" VPOS="897" WIDTH="234" HEIGHT="31" WC="0.92" CONTENT="omförmälda"/>
						</TextLine>
						<TextLine ID="line_13" HPOS="561" VPOS="946" WIDTH="1182" HEIGHT="44">
							<String ID="string_98" HPOS="561" VPOS="947" WIDTH="96" HEIGHT="39" WC="0.96" CONTENT="bytet"/><SP WIDTH="24" VPOS="947" HPOS="657"/>
							<String ID="string_99" HPOS="681" VPOS="946" WIDTH="131" HEIGHT="31" WC="0.96" CONTENT="mellan"/><SP WIDTH="25" VPOS="946" HPOS="812"/>
							<String ID="string_100" HPOS="837" VPOS="947" WIDTH="137" HEIGHT="30" WC="0.96" CONTENT="kronan"/><SP WIDTH="25" VPOS="947" HPOS="974"/>
							<String ID="string_101" HPOS="999" VPOS="948" WIDTH="67" HEIGHT="30" WC="0.96" CONTENT="och"/><SP WIDTH="25" VPOS="948" HPOS="1066"/>
							<String ID="string_102" HPOS="1091" VPOS="948" WIDTH="207" HEIGHT="40" WC="0.96" CONTENT="Karlsborgs"/><SP WIDTH="26" VPOS="948" HPOS="1298"/>
							<String ID="string_103" HPOS="1324" VPOS="948" WIDTH="172" HEIGHT="32" WC="0.96" CONTENT="kommun"/><SP WIDTH="25" VPOS="948" HPOS="1496"/>
							<String ID="string_104" HPOS="1521" VPOS="950" WIDTH="56" HEIGHT="30" WC="0.93" CONTENT="får"/><SP WIDTH="26" VPOS="950" HPOS="1577"/>
							<String ID="string_105" HPOS="1603" VPOS="958" WIDTH="140" HEIGHT="32" WC="0.91" CONTENT="genom-"/>
						</TextLine>
						<TextLine ID="line_14" HPOS="562" VPOS="999" WIDTH="1179" HEIGHT="43">
							<String ID="string_106" HPOS="562" VPOS="999" WIDTH="95" HEIGHT="30" WC="0.96" CONTENT="föras"/><SP WIDTH="21" VPOS="999" HPOS="657"/>
							<String ID="string_107" HPOS="678" VPOS="1000" WIDTH="47" HEIGHT="39" WC="0.96" CONTENT="på"/><SP WIDTH="20" VPOS="1000" HPOS="725"/>
							<String ID="string_108" HPOS="745" VPOS="1000" WIDTH="12" HEIGHT="29" WC="0.96" CONTENT="i"/><SP WIDTH="20" VPOS="1000" HPOS="757"/>
							<String ID="string_109" HPOS="777" VPOS="1000" WIDTH="187" HEIGHT="30" WC="0.96" CONTENT="huvudsak"/><SP WIDTH="23" VPOS="1000" HPOS="964"/>
							<String ID="string_110" HPOS="987" VPOS="1000" WIDTH="42" HEIGHT="31" WC="0.95" CONTENT="de"/><SP WIDTH="20" VPOS="1000" HPOS="1029"/>
							<String ID="string_111" HPOS="1049" VPOS="1001" WIDTH="137" HEIGHT="35" WC="0.95" CONTENT="villkor,"/><SP WIDTH="22" VPOS="1001" HPOS="1186"/>
							<String ID="string_112" HPOS="1208" VPOS="1011" WIDTH="77" HEIGHT="20" WC="0.96" CONTENT="som"/><SP WIDTH="23" VPOS="1011" HPOS="1285"/>
							<String ID="string_113" HPOS="1308" VPOS="1002" WIDTH="150" HEIGHT="40" WC="0.96" CONTENT="angivits"/><SP WIDTH="21" VPOS="1002" HPOS="1458"/>
							<String ID="string_114" HPOS="1479" VPOS="1003" WIDTH="12" HEIGHT="29" WC="0.96" CONTENT="i"/><SP WIDTH="22" VPOS="1003" HPOS="1491"/>
							<String ID="string_115" HPOS="1513" VPOS="1003" WIDTH="57" HEIGHT="30" WC="0.96" CONTENT="det"/><SP WIDTH="22" VPOS="1003" HPOS="1570"/>
							<String ID="string_116" HPOS="1592" VPOS="1004" WIDTH="149" HEIGHT="30" WC="0.96" CONTENT="rörande"/>
						</TextLine>
						<TextLine ID="line_15" HPOS="561" VPOS="1053" WIDTH="486" HEIGHT="39">
							<String ID="string_117" HPOS="561" VPOS="1053" WIDTH="96" HEIGHT="38" WC="0.96" CONTENT="bytet"/><SP WIDTH="19" VPOS="1053" HPOS="657"/>
							<String ID="string_118" HPOS="676" VPOS="1053" WIDTH="212" HEIGHT="39" WC="0.96" CONTENT="upprättade"/><SP WIDTH="20" VPOS="1053" HPOS="888"/>
							<String ID="string_119" HPOS="908" VPOS="1053" WIDTH="139" HEIGHT="31" WC="0.96" CONTENT="avtalet."/>
						</TextLine>
					</TextBlock>
					<TextBlock ID="block_6" HPOS="298" VPOS="1104" WIDTH="556" HEIGHT="41">
						<TextLine ID="line_16" HPOS="298" VPOS="1104" WIDTH="556" HEIGHT="41">
							<String ID="string_120" HPOS="298" VPOS="1104" WIDTH="202" HEIGHT="30" WC="0.96" CONTENT="Stockholm"/><SP WIDTH="16" VPOS="1104" HPOS="500"/>
							<String ID="string_121" HPOS="516" VPOS="1104" WIDTH="68" HEIGHT="31" WC="0.96" CONTENT="den"/><SP WIDTH="17" VPOS="1104" HPOS="584"/>
							<String ID="string_122" HPOS="601" VPOS="1105" WIDTH="41" HEIGHT="30" WC="0.96" CONTENT="26"/><SP WIDTH="18" VPOS="1105" HPOS="642"/>
							<String ID="string_123" HPOS="660" VPOS="1105" WIDTH="89" HEIGHT="40" WC="0.96" CONTENT="april"/><SP WIDTH="21" VPOS="1105" HPOS="749"/>
							<String ID="string_124" HPOS="770" VPOS="1105" WIDTH="84" HEIGHT="31" WC="0.96" CONTENT="1962"/>
						</TextLine>
					</TextBlock>
				</ComposedBlock>
				<ComposedBlock ID="cblock_3" HPOS="735" VPOS="1212" WIDTH="514" HEIGHT="94">
					<TextBlock ID="block_7" HPOS="735" VPOS="1212" WIDTH="514" HEIGHT="94">
						<TextLine ID="line_17" HPOS="735" VPOS="1212" WIDTH="514" HEIGHT="41">
							<String ID="string_125" HPOS="735" VPOS="1212" WIDTH="50" HEIGHT="31" WC="0.93" CONTENT="På"/><SP WIDTH="20" VPOS="1212" HPOS="785"/>
							<String ID="string_126" HPOS="805" VPOS="1213" WIDTH="279" HEIGHT="30" WC="0.91" CONTENT="statsutskottets"/><SP WIDTH="19" VPOS="1213" HPOS="1084"/>
							<String ID="string_127" HPOS="1103" VPOS="1214" WIDTH="146" HEIGHT="39" WC="0.96" CONTENT="vägnar:"/>
						</TextLine>
						<TextLine ID="line_18" HPOS="782" VPOS="1274" WIDTH="435" HEIGHT="32">
							<String ID="string_128" HPOS="782" VPOS="1274" WIDTH="144" HEIGHT="31" WC="0.93" CONTENT="ERNST"/><SP WIDTH="23" VPOS="1274" HPOS="926"/>
							<String ID="string_129" HPOS="949" VPOS="1275" WIDTH="40" HEIGHT="30" WC="0.89" CONTENT="V."/><SP WIDTH="26" VPOS="1275" HPOS="989"/>
							<String ID="string_130" HPOS="1015" VPOS="1275" WIDTH="202" HEIGHT="31" WC="0.90" CONTENT="STAXÄNG"/>
						</TextLine>
					</TextBlock>
				</ComposedBlock>
				<ComposedBlock ID="cblock_4" HPOS="245" VPOS="1601" WIDTH="1492" HEIGHT="400">
					<TextBlock ID="block_8" HPOS="294" VPOS="1601" WIDTH="1337" HEIGHT="43">
						<TextLine ID="line_19" HPOS="294" VPOS="1601" WIDTH="1337" HEIGHT="43">
							<String ID="string_131" HPOS="294" VPOS="1601" WIDTH="67" HEIGHT="31" WC="0.96" CONTENT="Vid"/><SP WIDTH="16" VPOS="1601" HPOS="361"/>
							<String ID="string_132" HPOS="377" VPOS="1601" WIDTH="220" HEIGHT="41" WC="0.93" CONTENT="förestående"/><SP WIDTH="18" VPOS="1601" HPOS="597"/>
							<String ID="string_133" HPOS="615" VPOS="1603" WIDTH="148" HEIGHT="31" WC="0.92" CONTENT="ärendes"/><SP WIDTH="19" VPOS="1603" HPOS="763"/>
							<String ID="string_134" HPOS="782" VPOS="1603" WIDTH="287" HEIGHT="41" WC="0.91" CONTENT="slutbehandling"/><SP WIDTH="18" VPOS="1603" HPOS="1069"/>
							<String ID="string_135" HPOS="1087" VPOS="1604" WIDTH="94" HEIGHT="31" WC="0.96" CONTENT="inom"/><SP WIDTH="21" VPOS="1604" HPOS="1181"/>
							<String ID="string_136" HPOS="1202" VPOS="1605" WIDTH="172" HEIGHT="31" WC="0.96" CONTENT="utskottet"/><SP WIDTH="17" VPOS="1605" HPOS="1374"/>
							<String ID="string_137" HPOS="1391" VPOS="1605" WIDTH="66" HEIGHT="31" WC="0.93" CONTENT="har"/><SP WIDTH="17" VPOS="1605" HPOS="1457"/>
							<String ID="string_138" HPOS="1474" VPOS="1606" WIDTH="157" HEIGHT="32" WC="0.92" CONTENT="närvarit"/>
						</TextLine>
					</TextBlock>
					<TextBlock ID="block_9" HPOS="246" VPOS="1645" WIDTH="1491" HEIGHT="172">
						<TextLine ID="line_20" HPOS="291" VPOS="1645" WIDTH="1446" HEIGHT="40">
							<String ID="string_139" HPOS="291" VPOS="1645" WIDTH="82" HEIGHT="31" WC="0.96" CONTENT="från"/><SP WIDTH="59" VPOS="1645" HPOS="373"/>
							<String ID="string_140" HPOS="432" VPOS="1647" WIDTH="140" HEIGHT="30" WC="0.96" CONTENT="första"/><SP WIDTH="31" VPOS="1647" HPOS="572"/>
							<String ID="string_141" HPOS="603" VPOS="1647" WIDTH="225" HEIGHT="31" WC="0.96" CONTENT="kammaren:"/><SP WIDTH="23" VPOS="1647" HPOS="828"/>
							<String ID="string_142" HPOS="851" VPOS="1648" WIDTH="123" HEIGHT="31" WC="0.93" CONTENT="herrar"/><SP WIDTH="20" VPOS="1648" HPOS="974"/>
							<String ID="string_143" HPOS="994" VPOS="1648" WIDTH="189" HEIGHT="36" WC="0.92" CONTENT="Gillström,"/><SP WIDTH="23" VPOS="1648" HPOS="1183"/>
							<String ID="string_144" HPOS="1206" VPOS="1650" WIDTH="109" HEIGHT="30" WC="0.96" CONTENT="Einar"/><SP WIDTH="21" VPOS="1650" HPOS="1315"/>
							<String ID="string_145" HPOS="1336" VPOS="1650" WIDTH="161" HEIGHT="35" WC="0.96" CONTENT="Persson,"/><SP WIDTH="21" VPOS="1650" HPOS="1497"/>
							<String ID="string_146" HPOS="1518" VPOS="1651" WIDTH="126" HEIGHT="30" WC="0.93" CONTENT="fröken"/><SP WIDTH="22" VPOS="1651" HPOS="1644"/>
							<String ID="string_147" HPOS="1666" VPOS="1652" WIDTH="71" HEIGHT="30" WC="0.90" CONTENT="An-"/>
						</TextLine>
						<TextLine ID="line_21" HPOS="248" VPOS="1690" WIDTH="1488" HEIGHT="44">
							<String ID="string_148" HPOS="248" VPOS="1690" WIDTH="158" HEIGHT="35" WC="0.91" CONTENT="dersson,"/><SP WIDTH="27" VPOS="1690" HPOS="406"/>
							<String ID="string_149" HPOS="433" VPOS="1691" WIDTH="123" HEIGHT="30" WC="0.95" CONTENT="herrar"/><SP WIDTH="26" VPOS="1691" HPOS="556"/>
							<String ID="string_150" HPOS="582" VPOS="1691" WIDTH="84" HEIGHT="31" WC="0.96" CONTENT="Axel"/><SP WIDTH="27" VPOS="1691" HPOS="666"/>
							<String ID="string_151" HPOS="693" VPOS="1692" WIDTH="183" HEIGHT="31" WC="0.96" CONTENT="Johannes"/><SP WIDTH="25" VPOS="1692" HPOS="876"/>
							<String ID="string_152" HPOS="901" VPOS="1692" WIDTH="214" HEIGHT="36" WC="0.95" CONTENT="Andersson,"/><SP WIDTH="27" VPOS="1692" HPOS="1115"/>
							<String ID="string_153" HPOS="1142" VPOS="1694" WIDTH="184" HEIGHT="40" WC="0.96" CONTENT="Bergman,"/><SP WIDTH="28" VPOS="1694" HPOS="1326"/>
							<String ID="string_154" HPOS="1354" VPOS="1695" WIDTH="66" HEIGHT="30" WC="0.96" CONTENT="Per"/><SP WIDTH="26" VPOS="1695" HPOS="1420"/>
							<String ID="string_155" HPOS="1446" VPOS="1695" WIDTH="204" HEIGHT="36" WC="0.93" CONTENT="Jacobsson,"/><SP WIDTH="29" VPOS="1695" HPOS="1650"/>
							<String ID="string_156" HPOS="1679" VPOS="1696" WIDTH="57" HEIGHT="30" WC="0.91" CONTENT="Ri-"/>
						</TextLine>
						<TextLine ID="line_22" HPOS="246" VPOS="1734" WIDTH="1489" HEIGHT="45">
							<String ID="string_157" HPOS="246" VPOS="1734" WIDTH="90" HEIGHT="32" WC="0.31" CONTENT="kard&#39;"/><SP WIDTH="22" VPOS="1734" HPOS="336"/>
							<String ID="string_158" HPOS="358" VPOS="1735" WIDTH="184" HEIGHT="35" WC="0.96" CONTENT="Svensson,"/><SP WIDTH="20" VPOS="1735" HPOS="542"/>
							<String ID="string_159" HPOS="562" VPOS="1737" WIDTH="188" HEIGHT="39" WC="0.96" CONTENT="Bengtson,"/><SP WIDTH="22" VPOS="1737" HPOS="750"/>
							<String ID="string_160" HPOS="772" VPOS="1737" WIDTH="59" HEIGHT="31" WC="0.93" CONTENT="fru"/><SP WIDTH="22" VPOS="1737" HPOS="831"/>
							<String ID="string_161" HPOS="853" VPOS="1738" WIDTH="260" HEIGHT="35" WC="0.88" CONTENT="Wallentheim,"/><SP WIDTH="22" VPOS="1738" HPOS="1113"/>
							<String ID="string_162" HPOS="1135" VPOS="1738" WIDTH="123" HEIGHT="31" WC="0.96" CONTENT="herrar"/><SP WIDTH="21" VPOS="1738" HPOS="1258"/>
							<String ID="string_163" HPOS="1279" VPOS="1739" WIDTH="202" HEIGHT="40" WC="0.96" CONTENT="Söderberg,"/><SP WIDTH="21" VPOS="1739" HPOS="1481"/>
							<String ID="string_164" HPOS="1502" VPOS="1740" WIDTH="233" HEIGHT="35" WC="0.96" CONTENT="Mårtensson,"/>
						</TextLine>
						<TextLine ID="line_23" HPOS="246" VPOS="1779" WIDTH="831" HEIGHT="38">
							<String ID="string_165" HPOS="246" VPOS="1779" WIDTH="177" HEIGHT="35" WC="0.96" CONTENT="Edström,"/><SP WIDTH="13" VPOS="1779" HPOS="423"/>
							<String ID="string_166" HPOS="436" VPOS="1780" WIDTH="110" HEIGHT="32" WC="0.96" CONTENT="Svärd"/><SP WIDTH="12" VPOS="1780" HPOS="546"/>
							<String ID="string_167" HPOS="558" VPOS="1781" WIDTH="67" HEIGHT="32" WC="0.96" CONTENT="och"/><SP WIDTH="13" VPOS="1781" HPOS="625"/>
							<String ID="string_168" HPOS="638" VPOS="1781" WIDTH="148" HEIGHT="33" WC="0.96" CONTENT="Herbert"/><SP WIDTH="12" VPOS="1781" HPOS="786"/>
							<String ID="string_169" HPOS="798" VPOS="1782" WIDTH="169" HEIGHT="35" WC="0.95" CONTENT="Larsson;"/><SP WIDTH="16" VPOS="1782" HPOS="967"/>
							<String ID="string_170" HPOS="983" VPOS="1784" WIDTH="94" HEIGHT="31" WC="0.96" CONTENT="samt"/>
						</TextLine>
					</TextBlock>
					<TextBlock ID="block_10" HPOS="245" VPOS="1823" WIDTH="1490" HEIGHT="178">
						<TextLine ID="line_24" HPOS="292" VPOS="1823" WIDTH="1443" HEIGHT="46">
							<String ID="string_171" HPOS="292" VPOS="1823" WIDTH="81" HEIGHT="32" WC="0.96" CONTENT="från"/><SP WIDTH="35" VPOS="1823" HPOS="373"/>
							<String ID="string_172" HPOS="408" VPOS="1824" WIDTH="155" HEIGHT="33" WC="0.96" CONTENT="andra"/><SP WIDTH="35" VPOS="1824" HPOS="563"/>
							<String ID="string_173" HPOS="598" VPOS="1825" WIDTH="223" HEIGHT="34" WC="0.95" CONTENT="kammaren;"/><SP WIDTH="26" VPOS="1825" HPOS="821"/>
							<String ID="string_174" HPOS="847" VPOS="1826" WIDTH="123" HEIGHT="32" WC="0.96" CONTENT="herrar"/><SP WIDTH="23" VPOS="1826" HPOS="970"/>
							<String ID="string_175" HPOS="993" VPOS="1826" WIDTH="165" HEIGHT="41" WC="0.96" CONTENT="Staxäng,"/><SP WIDTH="23" VPOS="1826" HPOS="1158"/>
							<String ID="string_176" HPOS="1181" VPOS="1827" WIDTH="184" HEIGHT="32" WC="0.96" CONTENT="Petterson"/><SP WIDTH="24" VPOS="1827" HPOS="1365"/>
							<String ID="string_177" HPOS="1389" VPOS="1828" WIDTH="13" HEIGHT="31" WC="0.96" CONTENT="i"/><SP WIDTH="23" VPOS="1828" HPOS="1402"/>
							<String ID="string_178" HPOS="1425" VPOS="1828" WIDTH="199" HEIGHT="41" WC="0.93" CONTENT="Degerfors,"/><SP WIDTH="25" VPOS="1828" HPOS="1624"/>
							<String ID="string_179" HPOS="1649" VPOS="1829" WIDTH="86" HEIGHT="33" WC="0.92" CONTENT="Gus-"/>
						</TextLine>
						<TextLine ID="line_25" HPOS="245" VPOS="1867" WIDTH="1490" HEIGHT="40">
							<String ID="string_180" HPOS="245" VPOS="1867" WIDTH="139" HEIGHT="30" WC="0.92" CONTENT="tafsson"/><SP WIDTH="20" VPOS="1867" HPOS="384"/>
							<String ID="string_181" HPOS="404" VPOS="1869" WIDTH="11" HEIGHT="30" WC="0.96" CONTENT="i"/><SP WIDTH="21" VPOS="1869" HPOS="415"/>
							<String ID="string_182" HPOS="436" VPOS="1868" WIDTH="212" HEIGHT="36" WC="0.95" CONTENT="Stockholm,"/><SP WIDTH="21" VPOS="1868" HPOS="648"/>
							<String ID="string_183" HPOS="669" VPOS="1870" WIDTH="171" HEIGHT="30" WC="0.96" CONTENT="Karlsson"/><SP WIDTH="20" VPOS="1870" HPOS="840"/>
							<String ID="string_184" HPOS="860" VPOS="1871" WIDTH="12" HEIGHT="30" WC="0.96" CONTENT="i"/><SP WIDTH="20" VPOS="1871" HPOS="872"/>
							<String ID="string_185" HPOS="892" VPOS="1869" WIDTH="205" HEIGHT="37" WC="0.96" CONTENT="Olofström,"/><SP WIDTH="21" VPOS="1869" HPOS="1097"/>
							<String ID="string_186" HPOS="1118" VPOS="1871" WIDTH="126" HEIGHT="33" WC="0.93" CONTENT="fröken"/><SP WIDTH="19" VPOS="1871" HPOS="1244"/>
							<String ID="string_187" HPOS="1263" VPOS="1872" WIDTH="136" HEIGHT="35" WC="0.90" CONTENT="Elmén,"/><SP WIDTH="20" VPOS="1872" HPOS="1399"/>
							<String ID="string_188" HPOS="1419" VPOS="1872" WIDTH="124" HEIGHT="33" WC="0.93" CONTENT="herrar"/><SP WIDTH="18" VPOS="1872" HPOS="1543"/>
							<String ID="string_189" HPOS="1561" VPOS="1873" WIDTH="174" HEIGHT="31" WC="0.91" CONTENT="Andreas-"/>
						</TextLine>
						<TextLine ID="line_26" HPOS="249" VPOS="1913" WIDTH="1484" HEIGHT="43">
							<String ID="string_190" HPOS="249" VPOS="1921" WIDTH="74" HEIGHT="25" WC="0.96" CONTENT="son,"/><SP WIDTH="29" VPOS="1921" HPOS="323"/>
							<String ID="string_191" HPOS="352" VPOS="1913" WIDTH="160" HEIGHT="30" WC="0.96" CONTENT="Eliasson"/><SP WIDTH="27" VPOS="1913" HPOS="512"/>
							<String ID="string_192" HPOS="539" VPOS="1913" WIDTH="12" HEIGHT="30" WC="0.96" CONTENT="i"/><SP WIDTH="28" VPOS="1913" HPOS="551"/>
							<String ID="string_193" HPOS="579" VPOS="1913" WIDTH="197" HEIGHT="43" WC="0.96" CONTENT="Sundborn,"/><SP WIDTH="29" VPOS="1913" HPOS="776"/>
							<String ID="string_194" HPOS="805" VPOS="1914" WIDTH="185" HEIGHT="42" WC="0.96" CONTENT="Mellqvist,"/><SP WIDTH="30" VPOS="1914" HPOS="990"/>
							<String ID="string_195" HPOS="1020" VPOS="1915" WIDTH="173" HEIGHT="31" WC="0.96" CONTENT="Svensson"/><SP WIDTH="27" VPOS="1915" HPOS="1193"/>
							<String ID="string_196" HPOS="1220" VPOS="1916" WIDTH="12" HEIGHT="30" WC="0.96" CONTENT="i"/><SP WIDTH="27" VPOS="1916" HPOS="1232"/>
							<String ID="string_197" HPOS="1259" VPOS="1916" WIDTH="219" HEIGHT="40" WC="0.93" CONTENT="Ljungskile,"/><SP WIDTH="28" VPOS="1916" HPOS="1478"/>
							<String ID="string_198" HPOS="1506" VPOS="1918" WIDTH="227" HEIGHT="35" WC="0.91" CONTENT="Lassinantti,"/>
						</TextLine>
						<TextLine ID="line_27" HPOS="246" VPOS="1956" WIDTH="1487" HEIGHT="45">
							<String ID="string_199" HPOS="246" VPOS="1956" WIDTH="146" HEIGHT="35" WC="0.89" CONTENT="Carbell,"/><SP WIDTH="18" VPOS="1956" HPOS="392"/>
							<String ID="string_200" HPOS="410" VPOS="1957" WIDTH="209" HEIGHT="31" WC="0.96" CONTENT="Gustafsson"/><SP WIDTH="17" VPOS="1957" HPOS="619"/>
							<String ID="string_201" HPOS="636" VPOS="1958" WIDTH="12" HEIGHT="30" WC="0.96" CONTENT="i"/><SP WIDTH="18" VPOS="1958" HPOS="648"/>
							<String ID="string_202" HPOS="666" VPOS="1958" WIDTH="202" HEIGHT="36" WC="0.96" CONTENT="Uddevalla,"/><SP WIDTH="18" VPOS="1958" HPOS="868"/>
							<String ID="string_203" HPOS="886" VPOS="1959" WIDTH="170" HEIGHT="35" WC="0.96" CONTENT="Bohman,"/><SP WIDTH="18" VPOS="1959" HPOS="1056"/>
							<String ID="string_204" HPOS="1074" VPOS="1959" WIDTH="210" HEIGHT="31" WC="0.95" CONTENT="Gustafsson"/><SP WIDTH="18" VPOS="1959" HPOS="1284"/>
							<String ID="string_205" HPOS="1302" VPOS="1961" WIDTH="11" HEIGHT="29" WC="0.96" CONTENT="i"/><SP WIDTH="19" VPOS="1961" HPOS="1313"/>
							<String ID="string_206" HPOS="1332" VPOS="1961" WIDTH="119" HEIGHT="40" WC="0.90" CONTENT="Kårby"/><SP WIDTH="15" VPOS="1961" HPOS="1451"/>
							<String ID="string_207" HPOS="1466" VPOS="1962" WIDTH="67" HEIGHT="30" WC="0.93" CONTENT="och"/><SP WIDTH="17" VPOS="1962" HPOS="1533"/>
							<String ID="string_208" HPOS="1550" VPOS="1962" WIDTH="183" HEIGHT="30" WC="0.92" CONTENT="Nelander."/>
						</TextLine>
					</TextBlock>
				</ComposedBlock>
			</PrintSpace>
		</Page>
	</Layout>
</alto>
