2161 2669
439 139 40 33 12
894 146 251 33 Statsutskottets
1174 148 167 34 Utlåtande
1364 150 61 33 N:o
1449 152 51 32 17.

394 220 368 51 kronoegendomar,
784 225 193 37 användas
1001 225 59 37 till
1078 226 117 50 inköp
1215 228 60 37 för
1293 229 169 39 kronans
1481 233 169 51 räkning
1670 236 41 36 af
1727 236 271 49 skogbärande

394 273 92 37 eller
513 273 58 37 till
599 275 253 51 skogsodling
878 277 142 50 tjänlig
1048 279 118 37 mark.

522 326 75 38 Till
626 328 277 39 ofvanberörda
933 332 376 51 statsrådsprotokoll
1328 335 68 39 har
1415 337 422 51 departementschefen
1856 343 12 37 i
1888 344 103 38 detta

392 379 138 37 ärende
559 380 124 37 anfört
708 381 189 51 följande:

520 432 39 37 »I
577 433 242 51 underdånig
838 436 201 37 skrifvelse
1059 437 72 37 den
1152 440 20 35 3
1194 439 76 49 maj
1290 442 96 36 1907
1403 442 70 37 har
1489 443 329 52 domänstyrelsen
1835 450 154 48 anmält,

392 489 54 32 att
486 485 65 37 vid
587 499 48 23 en
663 489 41 34 år
735 489 95 36 1906
860 491 21 34 å
908 489 102 38 förra
1036 492 566 47 regementsskrifvarbostället
1631 500 18 35 1
1680 500 145 37 mantal
1853 501 138 51 Ekeby

390 551 63 23 n:o
484 540 19 34 1
532 538 13 36 i
573 538 197 50 Dingtuna
812 542 141 36 socken
987 542 41 36 af
1056 542 289 41 Västmanlands
1372 547 64 36 län
1465 548 125 38 hållen
1618 552 284 52 uppskattning
1928 555 68 37 för

390 590 163 50 förnyad
580 593 293 50 utarrendering
902 595 41 36 af
967 595 102 37 detta
1096 596 189 50 hemman,
1315 612 82 24 som
1416 600 149 39 lämnar
1584 616 81 24 mer
1684 609 48 32 än
1753 607 74 35 600
1847 607 143 38 kronor

389 643 13 36 i
430 643 117 49 årligt
575 645 171 49 arrende,
775 647 468 49 uppskattningsmännen
1270 652 114 37 väckt
1412 653 146 51 förslag
1586 669 61 23 om
1672 658 226 51 afsöndring
1916 661 73 36 och

389 695 231 50 försäljning
648 698 42 35 af
713 711 47 23 en
786 699 183 48 lägenhet
997 701 83 35 från
1108 703 249 47 egendomen,
1388 711 97 31 samt
1512 708 227 37 underställt
1767 710 64 36 det
1849 712 139 36 väckta

388 746 187 51 förslaget
615 748 121 38 Eders
777 749 143 52 Kungl.
951 752 125 50 Maj:ts
1104 753 196 51 pröfning,
1330 755 133 39 därvid
1493 759 187 49 styrelsen
1708 761 124 39 tillika
1861 763 125 38 öfver-

388 800 145 37 lämnat
573 800 269 39 instrumentet
883 804 107 37 öfver
1032 805 159 37 berörda
1227 808 539 55 uppskattningsförrättning
1788 815 122 49 jämte
1939 829 44 24 en

389 852 41 36 af
466 852 118 37 förste
624 854 282 38 landtmätaren
947 856 41 38 C.
1032 857 42 37 A.
1117 858 257 40 Löwenhielm
1405 864 40 34 år
1477 865 97 35 1905
1603 865 109 37 öfver
1740 867 72 37 alla
1840 872 146 45 ägorna

387 904 58 37 till
486 905 216 38 hemmanet
734 909 206 48 upprättad
968 909 109 38 karta
1105 911 85 37 med
1218 912 228 39 tillhörande
1474 915 286 53 beskrifningar
1789 920 198 38 äfvensom

387 957 124 49 öfriga
538 958 58 36 till
624 959 156 37 ärendet
807 961 168 38 hörande
1003 962 239 51 handlingar.

516 1010 55 37 Af
596 1010 109 38 dessa
732 1012 230 51 handlingar
989 1014 200 50 inhämtas,
1219 1017 114 37 bland
1362 1025 126 43 annat,
1517 1021 183 49 följande:

591 1063 229 49 hemmanet,
859 1078 81 25 som
972 1072 43 32 är
1043 1067 152 50 beläget
1224 1072 57 45 1,3
1312 1071 67 36 mil
1407 1072 84 37 från
1519 1073 180 39 Västerås
1728 1077 72 36 och
1828 1079 59 47 0,3
1918 1079 67 36 mil

386 1115 86 36 från
499 1114 197 50 Dingtuna
719 1117 331 50 järnvägsstation
1078 1125 98 32 samt
1204 1122 179 38 omfattar
1411 1137 47 24 en
1487 1127 101 36 areal
1615 1128 42 36 af
1675 1129 45 36 76
1741 1129 136 38 hektar
1898 1132 81 46 15,1

386 1180 52 34 ar,
467 1167 124 36 finnes
619 1181 48 23 en
686 1168 212 51 backstuga
917 1172 85 36 med
1021 1175 66 33 två
1105 1173 127 49 uthus,
1252 1175 197 50 tillhöriga
1469 1178 254 38 skomakaren
1743 1181 41 36 C.
1807 1182 54 36 W.
1882 1182 100 48 Häll,

384 1218 159 38 hvilken
571 1220 225 38 arrenderar
823 1222 179 51 omkring
1030 1225 47 36 25
1107 1238 41 24 ar
1176 1226 42 36 af
1239 1225 238 40 hemmanets
1505 1231 118 37 mark.

515 1271 476 52 Uppskattningsmännen
1032 1276 116 38 hafva
1182 1279 210 49 föreslagit,
1423 1285 54 32 att
1505 1282 86 37 från
1618 1283 218 39 hemmanet
1863 1289 122 34 måtte

385 1323 198 37 afsöndras
625 1325 71 36 och
736 1326 60 36 för
829 1327 177 38 bildande
1035 1329 40 36 af
1099 1335 90 43 eget
1216 1330 86 37 hem
1330 1332 59 37 till
1415 1333 89 37 Häll
1530 1335 175 50 försäljas
1734 1342 54 32 ett
1816 1335 170 58 område,

384 1375 206 37 bestående
631 1377 40 36 af
710 1378 50 36 all
801 1379 74 36 den
915 1381 118 48 mark,
1076 1395 80 23 som
1197 1382 129 51 ligger
1366 1398 91 24 norr
1489 1400 62 23 om
1579 1392 126 45 vägen
1732 1390 60 36 till
1818 1390 167 38 Jölmsta

384 1427 71 37 och
497 1431 21 34 å
557 1428 220 39 förberörda
808 1430 108 39 karta
944 1432 222 39 betecknats
1194 1437 85 36 med
1308 1437 269 49 ägofigurerna
1605 1441 72 37 n:is
1708 1443 137 47 1—18,
1877 1444 104 41 187'/;

384 1480 71 36 och
499 1480 103 42 1874
643 1482 86 37 med
772 1496 47 24 en
860 1485 101 37 areal
1002 1486 41 36 af
1079 1486 161 51 tillhopa
1273 1490 20 35 6
1323 1489 137 37 hektar
1489 1492 83 47 64,8
1606 1506 51 35 ar,
1687 1493 112 38 däraf
1824 1497 83 46 19,3
1940 1510 46 23 ar

382 1537 108 42 tomt,
521 1535 22 34 2
571 1534 136 36 hektar
735 1537 83 46 40,8
851 1550 40 23 ar
919 1537 90 37 åker
1038 1539 71 41 och
1136 1541 24 34 4
1187 1540 137 37 hektar
1352 1544 58 45 4,7
1440 1556 41 23 ar
1500 1543 239 51 skogsmark,
1760 1546 56 37 uti
1835 1547 148 38 hvilket

383 1584 154 37 område
560 1585 147 49 jämväl
734 1587 92 49 ingå
855 1589 248 38 förenämnda
1131 1592 47 36 25
1208 1605 50 24 ar.

513 1636 73 38 Det
605 1638 159 38 sålunda
783 1639 58 37 till
859 1640 232 51 försäljning
1105 1643 220 51 föreslagna
1339 1646 171 38 området
1524 1648 69 37 har
1609 1649 42 36 af
1661 1651 322 49 uppskattnings-

381 1693 166 32 männen
589 1692 117 35 åsatts
739 1696 56 32 ett
822 1693 200 38 saluvärde
1051 1695 42 36 af
1119 1697 111 46 1,550
1259 1697 141 38 kronor
1429 1699 113 37 däraf
1566 1702 71 35 347
1667 1701 142 39 kronor
1838 1704 47 36 50
1913 1709 65 32 öre

380 1740 60 36 för
466 1742 175 36 växande
669 1743 109 49 skog.

512 1792 126 38 Sedan
678 1795 89 37 Häll
807 1797 41 36 af
885 1797 121 38 Eders
1047 1799 142 49 Kungl.
1224 1801 128 49 Maj:ts
1380 1803 428 51 befallningshafvande
1835 1808 13 35 i
1874 1808 102 37 länet

380 1844 208 39 meddelats
616 1846 135 38 sådant
779 1847 288 52 föreläggande,
1095 1865 78 23 som
1201 1853 242 39 omförmäles
1462 1855 13 36 i
1495 1857 75 36 6:te
1590 1858 173 48 punkten
1783 1859 41 36 af
1837 1860 140 49 nådiga

380 1896 227 38 skrifvelsen
647 1899 57 36 till
745 1900 328 51 domänstyrelsen
1115 1904 72 37 den
1222 1906 49 36 25
1300 1907 216 49 september
1546 1910 110 47 1896,
1686 1912 197 47 angående
1911 1912 64 38 be-

379 1950 240 37 stämmelser
648 1957 55 31 att
730 1952 106 49 tjäna
864 1954 58 36 till
950 1955 251 39 efterrättelse
1229 1957 13 36 i
1270 1958 111 50 fråga
1401 1973 60 23 om
1481 1961 245 49 lägenheters
1744 1964 232 50 upplåtande

378 2001 86 36 från
505 2002 167 38 kronans
696 2004 405 52 jordbruksdomäner,
1131 2009 69 37 har
1227 2010 76 36 han
1330 2011 104 37 inom
1462 2012 255 39 föreskrifven
1744 2015 54 37 tid
1826 2016 150 37 inkom-

379 2052 68 37 mit
473 2054 86 36 med
580 2055 41 36 af
636 2055 163 51 behörig
817 2058 148 49 borgen
985 2060 152 49 åtföljdt
1155 2061 189 50 skriftligt
1363 2064 254 50 förklarande,
1638 2071 56 32 att
1712 2067 77 37 han
1808 2068 168 39 önskade

378 2104 141 51 inköpa
558 2106 291 51 ifrågavarande
890 2112 153 37 område
1084 2118 79 32 mot
1204 2114 64 37 det
1309 2119 122 34 åsatta
1472 2117 215 39 saluvärdet
1729 2124 55 32 att
1829 2121 147 38 betalas

375 2157 126 38 under
527 2159 131 49 loppet
687 2161 42 36 af
752 2161 52 37 tio
835 2165 41 33 år
904 2164 87 36 med
1019 2177 47 23 en
1093 2166 194 37 tiondedel
1315 2168 157 49 årligen.

506 2210 122 39 Eders
654 2212 142 50 Kungl.
826 2214 128 50 Maj:ts
982 2216 425 50 befallningshafvande
1431 2221 69 37 har
1518 2222 185 38 förklarat
1722 2224 61 49 sig
1802 2225 34 49 ej
1858 2226 118 36 hafva
