1888 2832
283 211 18 29 2
579 203 402 38 Bevillningsutskottets
998 200 216 31 betänkande
1229 208 42 20 nr
1286 199 39 29 18
1340 198 38 29 år
1393 197 83 30 1968

282 289 193 40 berättigad
504 288 51 30 till
585 285 299 39 förvärvsavdrag.
915 284 65 30 Om
1010 282 170 30 makarna
1210 281 70 28 inte
1310 280 63 29 har
1403 277 236 38 minderåriga
1668 276 97 30 barn,

282 345 101 39 utgör
409 342 325 38 förvärvsavdraget
761 339 61 31 300
848 339 52 29 kr.
926 338 71 29 Har
1023 337 171 29 makarna
1219 333 294 31 hemmavarande
1541 332 87 29 barn
1656 330 110 29 under

286 399 38 29 16
344 398 38 30 år
401 397 173 30 beräknas
594 396 163 38 avdraget
778 394 9 29 i
809 393 99 39 fråga
928 401 56 21 om
1004 391 155 30 inkomst
1182 399 41 20 av
1243 388 129 31 rörelse
1393 387 82 30 eller
1496 386 111 39 tjänst
1629 385 52 29 till
1705 383 61 31 300

284 453 50 29 kr.
355 452 108 39 jämte
485 451 72 30 s.k.
577 449 214 38 kvotavdrag
812 447 78 29 med
911 446 40 30 25
970 446 31 34 7
1028 455 41 19 av
1089 443 371 32 förvärvsinkomsten,
1483 440 88 30 dock
1592 440 101 38 högst
1714 438 52 29 till

285 507 18 29 3
316 506 61 30 000
398 506 51 29 kr.
471 504 71 31 Gift
562 504 131 30 kvinna
714 502 78 30 med
815 502 153 29 inkomst
991 509 40 20 av
1051 496 360 43 jordbruksfastighet
1433 495 139 38 medges
1596 493 170 29 förvärvs-

285 561 128 38 avdrag
438 560 79 29 med
542 559 101 38 högst
670 556 91 30 1000
786 557 63 32 kr.,
875 564 57 21 om
958 555 69 28 hon
1052 553 77 29 haft
1155 550 295 32 hemmavarande
1475 550 88 28 barn
1590 548 110 29 under
1730 547 38 29 16

285 615 48 30 år.
361 614 66 29 Vid
456 613 69 30 s.k.
554 612 133 30 faktisk
716 608 311 39 sambeskattning,
1056 608 118 29 d.v.s.
1203 615 58 20 om
1290 605 152 29 hustrun
1472 602 111 30 utfört
1613 602 115 29 arbete
1759 601 7 28 i

286 677 170 22 mannens
477 667 172 40 jordbruk
671 666 81 29 eller
774 664 139 33 rörelse,
936 664 78 38 äger
1036 669 163 25 mannen,
1222 669 58 20 om
1301 659 171 29 makarna
1494 657 71 29 inte
1588 657 64 28 har
1675 656 93 28 hem-

286 722 211 31 mavarande
525 720 236 39 minderåriga
787 719 97 33 barn,
914 718 68 28 rätt
1011 716 51 29 till
1093 713 289 39 förvärvsavdrag
1412 712 79 29 med
1522 710 61 31 300
1613 711 63 33 kr.,
1707 710 61 28 när

287 778 170 29 hustruns
477 775 116 30 arbete
614 775 10 29 i
645 772 279 32 förvärvskällan
944 770 78 31 haft
1043 771 48 28 ett
1110 769 106 30 värde
1238 777 41 21 av
1300 767 108 29 minst
1430 766 95 29 detta
1546 764 134 40 belopp.
1704 764 65 30 Om

287 832 170 29 makarna
479 830 77 30 haft
578 827 294 32 hemmavarande
894 826 87 30 barn
1005 824 110 30 under
1141 823 38 30 16
1204 823 48 35 år,
1276 821 140 40 medges
1441 820 128 39 avdrag
1593 819 79 29 med
1696 818 73 29 vär-

287 886 57 28 det
371 893 41 20 av
437 884 171 28 hustruns
635 881 228 30 arbetsinsats
890 880 9 28 i
927 877 289 33 förvärvskällan,
1244 876 89 29 dock
1360 876 101 37 högst
1489 874 79 28 med
1599 872 91 29 1000
1719 872 51 28 kr.

287 937 226 31 Beträffande
532 936 69 30 rätt
620 935 51 30 till
693 932 289 40 förvärvsavdrag
1002 931 54 30 för
1076 928 266 32 ensamstående
1363 925 281 40 barnförsörjare
1667 924 105 40 gäller

288 992 192 30 oberoende
502 1000 43 20 av
566 991 71 28 kön
659 990 41 29 de
723 988 120 39 regler,
868 996 74 21 som
965 986 178 38 tillämpas
1167 984 53 29 för
1244 984 126 29 hustru
1394 982 80 29 med
1498 988 84 31 egen
1607 980 164 29 inkomst.

292 1047 12 28 I
330 1046 98 39 fråga
450 1054 58 20 om
533 1044 154 29 inkomst
713 1052 41 20 av
777 1039 358 42 jordbruksfastighet
1159 1038 37 29 är
1220 1037 157 39 reglerna
1403 1044 58 20 om
1486 1033 289 38 förvärvsavdrag

289 1101 89 28 dock
403 1106 269 32 gynnsammare
697 1096 54 29 för
776 1095 41 29 de
842 1092 252 39 ofullständiga
1119 1090 203 40 familjerna
1348 1090 44 29 än
1418 1088 54 30 för
1498 1088 133 29 makar.
1659 1086 113 30 Sådan

290 1154 154 29 inkomst
463 1151 189 38 berättigar
672 1149 176 39 nämligen
868 1148 66 29 den
955 1145 266 31 ensamstående
1242 1142 307 39 barnförsörjaren
1571 1141 52 29 till
1647 1140 127 38 avdrag

290 1207 79 30 med
389 1206 61 30 300
470 1206 51 29 kr.
541 1205 109 39 jämte
669 1202 213 39 kvotavdrag
902 1201 79 29 med
1001 1200 40 29 25
1060 1200 32 31 7
1118 1208 41 20 av
1179 1198 199 29 inkomsten
1400 1205 41 21 av
1461 1193 313 42 jordbruksfastig-

291 1262 112 32 heten,
419 1260 88 29 dock
522 1259 101 38 högst
637 1258 79 29 med
732 1257 18 29 3
764 1256 62 29 000
841 1256 52 28 kr.

334 1313 187 30 Allmänna
546 1309 351 39 skatteberedningen
922 1308 150 38 föreslog
1096 1307 11 29 i
1133 1306 59 30 sitt
1216 1304 221 31 betänkande
1463 1303 78 30 med
1568 1302 130 39 förslag
1723 1301 51 29 till

293 1369 77 35 nytt
395 1367 242 35 skattesystem
669 1363 99 30 (SOU
796 1363 96 29 1964:
910 1362 57 33 25)
995 1361 88 29 bl.a.
1108 1362 50 27 att
1183 1358 333 35 förvärvsavdragen
1541 1356 54 29 för
1621 1355 154 35 familjer

292 1422 78 29 med
385 1418 294 32 hemmavarande
694 1418 86 29 barn
797 1416 111 30 skulle
924 1415 101 38 höjas
1040 1413 195 38 väsentligt.

337 1474 45 30 År
415 1473 82 30 1965
527 1473 163 29 tillsattes
721 1471 96 29 inom
848 1468 396 39 finansdepartementet
1277 1474 42 21 en
1353 1464 150 30 särskild
1537 1463 239 38 arbetsgrupp,

292 1525 501 43 familjeskatteberedningen,
823 1523 54 30 för
906 1524 49 28 att
986 1521 206 40 skyndsamt
1222 1521 118 28 överse
1370 1516 406 41 familjebeskattningen

293 1583 64 29 och
372 1581 143 30 därmed
532 1577 345 40 sammanhängande
893 1576 127 39 frågor.

339 1636 12 29 I
374 1634 216 41 proposition
613 1642 41 20 nr
679 1632 39 29 14
740 1632 52 29 till
817 1631 83 29 1965
922 1630 56 29 års
1002 1628 141 39 riksdag
1167 1627 190 29 framlades
1381 1626 10 28 i
1415 1625 152 39 enlighet
1591 1624 79 29 med
1694 1623 84 29 rikt-

294 1690 152 39 linjerna
467 1689 9 28 i
499 1688 178 29 allmänna
698 1684 368 38 skatteberedningens
1086 1680 222 31 betänkande
1329 1679 131 39 förslag
1481 1678 53 30 till
1556 1677 223 39 omläggning

296 1753 40 20 av
355 1744 66 28 den
440 1742 136 29 direkta
595 1741 64 29 och
679 1739 174 30 indirekta
871 1737 279 38 beskattningen.
1172 1736 11 27 I
1204 1734 263 40 propositionen
1487 1731 151 39 föreslog
1659 1731 120 39 depar-

295 1795 276 32 tementschefen
597 1794 88 30 dock
713 1793 70 29 inte
810 1792 108 39 några
945 1790 189 38 ändringar
1161 1788 149 30 rörande
1338 1785 334 39 förvärvsavdragen
1701 1784 76 30 med

295 1851 138 38 hänsyn
448 1849 52 30 till
518 1850 49 28 att
584 1848 123 38 frågan
725 1855 56 21 om
798 1843 426 41 familjebeskattningens
1241 1840 219 39 utformning
1477 1849 62 20 var
1557 1839 110 29 under
1686 1839 95 28 över-

296 1904 155 40 vägande
467 1903 64 29 och
547 1902 51 29 till
616 1903 49 28 att
682 1901 131 29 sådana
829 1899 189 38 ändringar
1036 1897 111 30 skulle
1164 1896 152 39 påverka
1333 1895 56 29 det
1406 1893 229 30 kommunala
1653 1892 127 30 skatte-

297 1958 213 38 underlaget.
534 1956 50 29 De
608 1955 9 29 i
642 1953 262 41 propositionen
928 1950 196 40 framlagda
1151 1948 333 32 skattereformerna
1509 1946 234 30 behandlades
1771 1945 9 29 i

296 2009 399 40 bevillningsutskottets
710 2006 220 31 betänkande
946 2014 40 20 nr
1004 2004 49 30 16.

342 2065 12 29 I
370 2065 125 29 väckta
510 2062 172 30 motioner
697 2061 89 29 hade
802 2059 196 30 hemställts
1016 2067 56 20 om
1088 2056 195 40 betydande
1300 2055 189 39 höjningar
1506 2063 42 20 av
1566 2053 215 30 förvärvsav-

298 2120 139 38 dragen.
467 2118 175 29 Utskottet
670 2114 256 32 konstaterade,
957 2114 49 28 att
1035 2112 41 29 de
1104 2110 200 33 kostnader,
1336 2118 74 20 som
1440 2110 38 28 är
1508 2107 165 30 förenade
1703 2106 78 29 med

298 2174 170 28 hustruns
489 2169 276 31 förvärvsarbete
785 2168 57 28 vid
864 2167 238 29 förekomsten
1124 2174 41 20 av
1185 2164 97 33 barn,
1304 2163 10 29 i
1335 2163 94 29 vissa
1450 2161 62 29 fall
1534 2161 133 39 ganska
1689 2169 93 20 avse-

298 2228 76 28 värt
396 2226 155 37 översteg
573 2221 343 39 förvärvsavdragets
938 2219 147 39 tidigare
1107 2216 282 39 maximibelopp,
1414 2214 93 31 2000
1531 2214 51 29 kr.
1607 2214 71 29 Mot
1701 2213 82 29 bak-

299 2280 157 40 grunden
474 2279 107 28 därav
598 2277 120 29 delade
737 2275 169 30 utskottet
924 2273 279 29 motionärernas
1222 2270 236 40 uppfattning,
1479 2271 49 27 att
1547 2277 43 20 en
1608 2268 71 29 viss
1699 2276 84 30 upp-

298 2334 150 37 räkning
468 2341 41 20 av
527 2330 334 37 förvärvsavdragen
879 2337 61 19 var
959 2326 204 38 erforderlig
1183 2325 54 29 för
1257 2323 255 39 skattskyldiga
1531 2322 80 29 med
1630 2322 152 28 hemma-

300 2387 151 30 varande
474 2384 236 38 minderåriga
731 2383 98 29 barn.
852 2381 176 30 Utskottet
1052 2379 150 39 föreslog
1226 2378 78 30 med
1328 2378 138 38 hänsyn
1490 2375 117 31 därtill
1632 2384 42 20 en
1700 2383 84 30 upp-

299 2441 150 38 räkning
469 2449 41 20 av
529 2437 345 38 förvärvsavdragen.
894 2434 178 39 Förslaget
1093 2433 145 29 innebar
1258 2431 88 30 bl.a.
1368 2432 49 29 att
1438 2429 249 39 kvotavdraget
1709 2428 75 39 höj-

300 2495 60 29 des
383 2494 80 29 från
486 2492 40 30 20
550 2492 51 29 till
626 2491 39 29 25
683 2491 27 31 Z
742 2490 65 29 och
831 2491 49 27 att
904 2487 311 38 maximiavdraget
1239 2485 124 39 höjdes
1388 2484 80 29 från
1494 2483 93 29 2000
1613 2483 51 28 till
1692 2482 91 29 3000

300 2549 51 29 kr.
366 2547 195 30 Utskottets
576 2544 130 39 förslag
722 2543 143 40 godtogs
880 2552 42 20 av
936 2541 197 39 riksdagen.
