2204 2673
680 142 341 33 Jordbruksutskottets
1043 139 162 33 utlåtande
1230 139 50 32 Nr
1304 139 49 31 98.
1746 136 18 31 5

215 226 179 38 bostället
433 224 198 50 befintliga
658 222 356 52 torplägenheterna
1041 221 132 48 Dalen,
1203 220 214 48 Vinhagen,
1448 218 261 49 Grindstugan
1738 217 70 38 och

216 279 159 37 Taforsa
403 282 128 46 syntes
561 276 337 50 domänstyrelsen,
928 274 149 38 särskilt
1105 273 84 37 med
1210 272 186 37 avseende
1415 280 20 28 å
1455 272 107 36 deras
1581 270 228 50 belägenhet

215 333 11 35 i
254 332 184 36 ntkanten
467 343 45 24 av
533 330 245 49 egendomen,
808 328 182 50 möjligen
1019 327 128 36 kunna
1174 339 88 23 vara
1290 324 181 50 lämpliga
1491 324 57 37 till
1566 323 178 37 bildande
1764 337 45 22 av

216 398 98 36 egna
341 384 99 47 hem,
468 383 68 36 har
565 383 182 48 styrelsen
775 382 11 36 i
816 381 179 36 skrivelse
1023 380 71 36 den
1124 382 45 33 22
1196 378 85 50 juni
1312 380 95 34 1912
1437 377 206 50 uppdragit
1663 378 36 34 åt
1715 390 93 35 upp-

216 436 384 48 skattningsmännen
629 440 54 31 att
710 440 90 43 taga
828 434 133 48 frågan
989 446 60 23 om
1077 432 239 48 lägenheters
1345 429 229 50 upplåtande
1593 429 81 36 från
1694 441 114 36 egen-

216 488 136 37 domen
392 487 119 37 under
552 487 154 49 förnyat
734 485 262 50 övervägande
1024 484 70 36 och
1122 482 203 38 eventuellt
1352 486 174 46 uppgöra
1553 486 84 44 nytt
1665 480 144 49 förslag

215 542 12 35 i
256 546 136 31 ämnet.

345 593 84 36 Med
468 592 178 37 skrivelse
682 591 71 36 den
783 593 20 34 3
834 590 153 49 augusti
1018 590 96 35 1912
1143 589 68 36 har
1240 587 139 48 Kungl.
1409 585 126 49 Maj:ts
1563 585 244 48 befallnings-

216 645 170 37 havande
430 644 232 37 överlämnat
704 657 45 22 av
789 641 462 51 uppskattningsmännen
1288 639 151 49 avgivet
1465 643 86 44 nytt
1578 637 230 50 utlåtande
1787 633 24 63 i

217 697 164 37 ärendet.
437 696 16 37 I
482 696 159 37 berörda
683 695 189 37 utlåtande
906 695 96 35 hava
1029 693 462 50 uppskattningsmännen
1522 690 137 36 anfört:
1692 680 115 47 Över-

211 750 260 49 jägmästaren
516 748 96 37 hade
652 748 212 49 ifrågasatt,
907 751 54 32 att
1003 750 121 45 torpet
1153 744 170 49 Sluttorp
1353 743 69 37 och
1450 743 72 36 den
1551 747 100 32 öster
1679 742 128 37 därom

216 803 161 48 belägna
405 801 231 50 obebyggda
663 800 228 49 lägenheten
918 799 81 37 icke
1027 801 115 34 måtte
1159 797 183 49 försäljas,
1363 800 97 32 samt
1480 800 54 31 att
1553 799 125 45 torpet
1699 793 110 38 Stora

217 854 264 49 Sandstugans
524 853 99 36 areal
662 856 115 34 måtte
818 852 178 36 minskas.
1054 850 131 36 Såsom
1227 849 81 36 skäl
1348 848 127 36 härför
1515 847 95 36 hade
1638 847 170 49 överjäg-

215 912 189 32 mästaren
445 906 160 36 allenast
647 905 136 47 anfört,
827 909 54 32 att
921 904 106 48 fråga
1069 902 202 49 onekligen
1306 900 126 37 kunde
1462 902 144 47 uppstå,
1637 912 60 23 om
1725 899 83 36 icke

216 959 206 49 ekskogen,
465 958 118 37 ehuru
626 957 57 37 till
724 963 78 30 stor
843 956 59 37 del
943 955 164 50 gammal
1141 954 71 37 och
1240 953 154 47 skadad,
1422 952 116 37 borde
1567 951 155 37 bevaras
1752 951 57 37 för

216 1011 164 37 kronans
408 1011 176 48 räkning,
616 1010 56 36 för
700 1014 53 32 att
780 1012 40 34 så
839 1009 237 47 småningom
1098 1006 191 37 avverkas.
1338 1004 471 50 Uppskattningsmännen

216 1066 140 47 ansåge
398 1062 206 37 emellertid
645 1062 32 48 ej
721 1061 263 49 ifrågakomna
1018 1058 282 49 omständighet
1327 1058 92 36 böra
1442 1056 156 37 inverka
1625 1058 48 47 på
1702 1056 106 36 deras

215 1129 48 24 en
291 1119 106 45 gång
425 1114 168 37 uttalade
621 1114 260 50 uppfattning,
910 1118 91 31 utan
1029 1111 174 37 fasthölle
1230 1111 63 36 vid
1322 1110 65 36 sitt
1415 1109 101 36 förut
1545 1108 162 49 avgivna
1735 1108 75 36 för-

215 1168 94 49 slag,
348 1168 98 37 dock
483 1172 54 32 att
565 1171 118 32 större
711 1166 108 37 delen
848 1179 45 22 av
922 1165 44 37 de
996 1165 99 47 ekar,
1126 1176 80 24 som
1235 1167 111 33 växte
1376 1164 17 33 å
1424 1161 43 37 de
1496 1160 57 37 till
1582 1160 228 50 försäljning

216 1221 214 47 föreslagna
459 1219 214 47 områdena,
695 1218 116 37 borde
830 1218 81 36 före
930 1216 247 51 upplåtandet
1198 1214 171 48 försäljas
1389 1227 137 36 genom
1547 1213 261 48 skogsstatens

215 1274 159 47 försorg.
433 1271 133 37 Såsom
602 1271 220 50 ytterligare
856 1270 81 36 skäl
965 1270 58 36 för
1051 1267 227 51 upplåtande
1307 1280 46 23 av
1380 1272 133 43 torpen
1543 1264 167 50 Sluttorp
1740 1265 69 36 och

216 1324 111 37 Stora
369 1324 246 48 Sandstugan
656 1329 96 31 samt
785 1323 71 36 den
884 1321 229 50 obebyggda
1140 1320 228 49 lägenheten
1396 1323 102 32 öster
1526 1318 129 36 därom
1684 1317 125 36 kunde

215 1378 58 35 för
302 1377 127 49 övrigt
457 1376 214 36 frambållas
700 1375 79 36 dels
803 1380 153 44 torpens
978 1375 179 46 avlägsna
1175 1371 227 49 belägenhet
1422 1371 81 36 från
1523 1369 285 49 huvudgården,

213 1429 119 36 vilket
372 1428 147 49 gjorde,
563 1433 54 31 att
657 1428 237 48 dagsverken
936 1427 81 36 från
1046 1426 85 36 dem
1161 1424 188 49 svårligen
1377 1422 126 37 kunde
1531 1422 169 47 erhållas,
1730 1421 78 36 dels

216 1482 62 36 det
320 1481 127 49 dåliga
488 1480 118 48 skick,
648 1480 80 36 varl
757 1479 177 49 samtliga
962 1477 248 50 åbyggnader
1238 1477 164 36 befunne
1431 1475 71 48 sig,
1532 1474 79 36 dels
1640 1474 69 36 ock
1737 1474 71 36 den

215 1533 231 50 obebyggda
485 1533 248 49 lägenhetens
776 1536 102 32 stora
906 1531 156 36 avstånd
1092 1530 84 36 från
1203 1528 294 49 huvudgården,
1517 1527 118 36 vilket
1663 1526 145 49 gjorde,

214 1592 54 30 att
314 1585 228 49 lägenheten
591 1584 108 37 bleve
745 1582 291 38 förhållandevis
1082 1582 70 49 dyr
1194 1587 53 31 att
1287 1580 130 38 bruka.
1486 1578 323 51 Uppskattnings-

214 1643 160 31 männen
418 1636 96 37 hade
558 1636 115 36 redan
713 1636 64 36 vid
818 1633 575 52 uppskattningsförrättningen
1431 1631 98 49 tagit
1556 1630 121 37 under
1705 1635 103 31 över-

213 1690 184 48 vägande,
432 1689 187 37 huruvida
646 1688 84 37 icke
759 1692 95 32 även
883 1687 356 50 torplägenheterna
1266 1685 131 46 Dalen,
1426 1683 212 49 Vinhagen,
1669 1682 140 37 Grind-

215 1747 138 43 stugan
395 1741 72 37 och
508 1741 159 36 'Taforsa
708 1740 116 38 borde
865 1740 185 48 försäljas.
1104 1738 88 36 Men
1235 1737 45 37 då
1322 1737 109 36 dessa
1471 1735 220 49 lägenheter
1723 1748 89 23 vore

213 1794 121 37 bättre
375 1793 208 50 bebyggda
624 1798 44 31 än
709 1792 46 37 de
793 1806 45 23 av
874 1791 462 51 uppskattningsmännen
1371 1789 56 36 till
1456 1788 230 49 avsöndring
1715 1787 96 37 före-

215 1847 145 49 slagna,
403 1846 46 37 då
490 1848 126 47 någon
657 1844 283 49 framställning
981 1857 60 23 om
1076 1842 250 38 förvärvande
1350 1855 46 23 av
1425 1847 86 43 eget
1538 1841 85 36 hem
1653 1843 20 33 å
1701 1839 109 38 dessa

213 1899 308 50 torplägenheter
550 1898 31 49 ej
613 1898 133 49 gjorts,
777 1898 46 36 då
850 1896 226 51 upplåtande
1106 1909 45 22 av
1179 1908 143 24 samma
1341 1894 219 48 lägenheter
1580 1892 119 37 skulle
1719 1892 91 37 nöd-

213 1951 239 48 vändiggöra
493 1950 238 49 uppförande
767 1950 63 35 vid
859 1948 275 49 huvudgården
1163 1961 46 22 av
1239 1952 98 31 ännu
1367 1946 89 36 flera
1485 1944 327 38 arbetarbostäder

213 2008 47 31 än
291 2016 81 23 som
401 2002 217 48 föreslagits
646 2002 71 36 och
746 2002 47 36 då
821 2002 179 48 slutligen
1028 2000 124 37 härtill
1180 2000 160 46 komme,
1371 2003 54 32 att
1453 1998 72 36 den
1554 2000 20 34 å
1602 2002 113 44 ängs-
1743 1997 70 37 och

212 2055 235 48 hagmarken
476 2057 19 33 å
524 2054 108 36 dessa
660 2059 85 45 torp
774 2053 196 49 befintliga
998 2053 147 47 skogen
1173 2052 77 37 helt
1270 2051 136 47 säkert,
1428 2053 122 33 såsom
1570 2049 170 37 växande
1765 2052 45 47 på

212 2108 227 49 lämpligare
480 2106 118 47 mark,
628 2107 97 35 hade
762 2105 270 50 jämförelsevis
1062 2110 119 31 större
1208 2104 114 36 värde
1350 2108 47 31 än
1427 2103 72 35 den
1528 2105 21 33 å
1577 2102 143 48 bergen
1749 2101 63 36 vid

217 2165 136 43 torpen
391 2158 168 49 Sluttorp
597 2158 69 36 och
697 2157 241 49 Sandstugan
967 2156 207 49 befintliga,
1203 2156 118 37 borde
1350 2154 120 48 enligt
1498 2153 314 50 uppskattnings-

217 2216 184 31 männens
450 2209 98 38 åsikt
591 2210 356 49 torplägenheterna
992 2209 131 46 Dalen,
1174 2209 209 47 Vinhagen,
1433 2205 263 51 Grindstugan
1743 2205 69 37 och

212 2263 157 37 Taforsa
397 2262 117 38 under
543 2275 46 25 en
616 2262 226 37 kommande
871 2261 286 49 arrendeperiod
1185 2260 204 38 bibehållas
1419 2259 10 36 i
1458 2259 165 36 kronans
1653 2264 83 43 ägo.
