2212 2616
430 146 20 29 4
899 138 244 32 Statsutskottets
1166 137 162 31 utlåtande
1350 137 52 31 Nr
1429 137 50 31 76.

795 233 103 31 extra
926 231 76 32 stat
1027 228 59 34 för
1109 238 144 24 samma
1272 226 42 34 år
1332 225 118 34 under
1468 225 121 43 tredje
1609 225 238 34 huvudtiteln
1868 226 132 34 anvisa

795 284 53 31 ett
874 279 307 44 förslagsanslag,
1210 278 120 43 högst,
1360 275 109 44 3,000
1496 276 147 34 kronor.

530 383 214 36 Stockholm
773 382 71 34 den
874 382 44 33 23
948 381 96 43 april
1075 380 106 34 1918.

916 533 54 35 På
997 532 296 35 statsutskottets
1321 534 158 41 vägnar:

949 685 36 36 8.
1013 686 47 34 H.
1089 682 367 37 KVARNZELIUS.

532 923 204 30 Närvarande:
761 922 38 28 Se
823 921 92 28 under
939 919 164 29 utlåtandet
1127 929 34 17 nr
1185 919 47 27 75.

1021 1144 362 42 Reservationer:

399 1268 47 23 av
488 1257 129 33 herrar
659 1254 38 35 O.
739 1255 48 33 M.
817 1252 210 44 Strömberg,
1059 1252 40 35 G.
1129 1252 47 34 M.
1206 1252 46 33 H.
1281 1249 174 44 Ekelund,
1482 1250 35 34 J.
1547 1249 157 41 Nilsson,
1736 1247 39 35 O.
1804 1246 189 44 Bergqvist

399 1307 44 34 H.
479 1306 40 35 G.
553 1306 51 34 W.
639 1305 174 43 Wrangel,
840 1304 35 35 J.
904 1304 42 33 L.
984 1302 136 42 Widell,
1149 1313 111 33 greve
1288 1302 42 33 N.
1360 1301 39 33 F.
1427 1300 117 42 Posse,
1573 1299 46 34 H.
1647 1297 207 35 Andersson
1880 1298 13 33 i
1921 1296 85 34 Ski-

398 1369 104 31 varp,
535 1356 39 35 G.
610 1355 149 44 Odqvist
798 1355 69 34 och
895 1355 42 33 A.
971 1352 169 36 Wiklwnd
1165 1353 12 33 i
1204 1351 197 43 Brattfors,
1429 1351 103 33 vilka
1559 1351 133 40 ansett,
1722 1351 56 32 att
1805 1347 202 35 utskottets

400 1407 175 44 yttrande
595 1406 68 35 och
690 1405 142 43 förslag
857 1405 83 34 bort
967 1405 99 33 hava
1093 1403 169 42 följande
1290 1401 156 44 lydelse:

533 1457 90 34 »Vid
666 1457 105 41 1915,
812 1456 92 33 1916
934 1455 68 34 och
1034 1454 92 34 1917
1156 1453 60 34 års
1242 1452 196 43 riksdagar
1468 1451 152 34 väcktes
1648 1450 183 34 motioner
1857 1460 59 21 om
1945 1449 61 33 be-

398 1508 170 43 viljande
609 1519 47 22 av
696 1506 132 43 anslag
867 1505 22 34 å
928 1505 208 43 respektive
1178 1503 120 43 3,000,
1342 1502 108 43 6,000
1491 1502 69 34 och
1605 1501 131 42 16,000
1773 1500 135 33 kronor
1949 1498 56 34 till

400 1558 170 35 Svenska
596 1557 118 34 freds-
742 1556 69 34 och
839 1554 451 44 skiljedomsföreningen.

534 1608 86 34 Med
660 1608 147 33 erinran
848 1609 56 31 att
944 1616 145 23 samma
1128 1604 59 34 års
1228 1603 195 44 riksdagar
1451 1603 150 33 anvisat
1628 1602 90 33 flera
1746 1601 99 33 olika
1872 1599 135 43 anslag

401 1660 56 34 till
498 1658 214 43 främjande
753 1669 47 22 av
828 1657 71 34 den
927 1655 304 35 internationella
1257 1653 118 35 freds-
1403 1653 69 34 och
1501 1651 383 44 skiljedomsrörelsen
1911 1649 94 34 fann

400 1709 280 35 statsutskottet
719 1706 205 36 emellertid
952 1706 33 43 ej
1017 1705 205 43 anledning
1248 1704 189 42 tillstyrka
1465 1703 63 34 det
1555 1702 164 43 begärda
1746 1699 254 36 understödet.

535 1759 58 34 Då
620 1758 199 35 enahanda
847 1758 79 33 skäl
954 1757 58 34 för
1039 1755 253 44 avstyrkande
1320 1766 47 22 av
1394 1754 190 34 motionen
1613 1755 94 31 även
1735 1763 52 22 nu
1814 1750 193 43 föreligga,

401 1811 68 33 har
508 1810 182 34 utskottet
728 1808 80 34 icke
836 1810 124 32 ansett
988 1808 57 43 sig
1071 1807 89 33 böra
1187 1805 135 43 frångå
1350 1805 57 33 sin
1435 1803 102 34 förut
1564 1802 168 35 uttalade
1761 1800 247 44 uppfattning

400 1862 11 33 i
440 1860 124 35 denna
591 1859 118 44 fråga.

534 1910 189 36 Utskottet
751 1909 214 34 hemställer
993 1909 122 41 alltså,

891 2021 7 6 -
938 2004 56 32 att
1033 2002 85 33 herr
1143 2001 115 43 Bergs
1287 2000 12 33 i
1326 1998 195 35 Munkfors
1549 2010 47 22 m.
1625 1997 40 34 fl.
1695 1996 141 34 motion
1864 2007 44 22 nr
1939 1995 67 34 187

804 2052 78 35 icke
910 2051 62 35 må
999 2063 48 23 av
1073 2050 199 44 riksdagen
1300 2049 150 34 bifallas
1464 2059 25 31 ;>

403 2167 47 22 av
490 2155 85 34 herr
605 2152 37 36 C.
674 2152 39 36 G.
747 2153 149 42 Ekman,
926 2151 124 35 vilken
1079 2154 134 39 ansett,
1242 2154 54 31 att
1325 2150 199 34 utskottets
1553 2148 223 43 motivering
1803 2147 81 34 bort
1911 2146 99 35 hava

403 2204 169 45 följande
599 2204 157 44 lydelse:

414 2561 86 17 NORSTEDT
510 2562 46 15 BTHM
568 2562 33 15 1618
