<?xml version="1.0" encoding="UTF-8"?>
<alto xmlns="http://www.loc.gov/standards/alto/ns-v3#" xmlns:xlink="http://www.w3.org/1999/xlink" xmlns:xsi="http://www.w3.org/2001/XMLSchema-instance" xsi:schemaLocation="http://www.loc.gov/standards/alto/ns-v3# http://www.loc.gov/alto/v3/alto-3-0.xsd">
	<Description>
		<MeasurementUnit>pixel</MeasurementUnit>
		<sourceImageInformation>
			<fileName>/tmp/tess_zcl5r0es_input.PNG</fileName>
		</sourceImageInformation>
		<OCRProcessing ID="OCR_0">
			<ocrProcessingStep>
				<processingSoftware>
					<softwareName>tesseract 5.3.0</softwareName>
				</processingSoftware>
			</ocrProcessingStep>
		</OCRProcessing>
	</Description>
	<Layout>
		<Page WIDTH="1876" HEIGHT="2814" PHYSICAL_IMG_NR="0" ID="page_0">
			<PrintSpace HPOS="0" VPOS="0" WIDTH="1876" HEIGHT="2814">
				<ComposedBlock ID="cblock_0" HPOS="100" VPOS="2075" WIDTH="151" HEIGHT="25">
					<TextBlock ID="block_0" HPOS="100" VPOS="2075" WIDTH="151" HEIGHT="25">
						<TextLine ID="line_0" HPOS="100" VPOS="2075" WIDTH="151" HEIGHT="25">
							<String ID="string_0" HPOS="100" VPOS="2075" WIDTH="151" HEIGHT="25" WC="0.96" CONTENT="Utskottet."/>
						</TextLine>
					</TextBlock>
				</ComposedBlock>
				<ComposedBlock ID="cblock_1" HPOS="270" VPOS="176" WIDTH="1033" HEIGHT="40">
					<TextBlock ID="block_1" HPOS="270" VPOS="176" WIDTH="1033" HEIGHT="40">
						<TextLine ID="line_1" HPOS="270" VPOS="176" WIDTH="1033" HEIGHT="40">
							<String ID="string_1" HPOS="270" VPOS="188" WIDTH="18" HEIGHT="28" WC="0.96" CONTENT="2"/><SP WIDTH="437" VPOS="188" HPOS="288"/>
							<String ID="string_2" HPOS="725" VPOS="181" WIDTH="273" HEIGHT="29" WC="0.92" CONTENT="Bankoutskottets"/><SP WIDTH="23" VPOS="181" HPOS="998"/>
							<String ID="string_3" HPOS="1021" VPOS="177" WIDTH="159" HEIGHT="29" WC="0.96" CONTENT="utlåtande"/><SP WIDTH="21" VPOS="177" HPOS="1180"/>
							<String ID="string_4" HPOS="1201" VPOS="185" WIDTH="36" HEIGHT="18" WC="0.96" CONTENT="nr"/><SP WIDTH="23" VPOS="185" HPOS="1237"/>
							<String ID="string_5" HPOS="1260" VPOS="176" WIDTH="43" HEIGHT="27" WC="0.96" CONTENT="13."/>
						</TextLine>
					</TextBlock>
				</ComposedBlock>
				<ComposedBlock ID="cblock_2" HPOS="270" VPOS="262" WIDTH="1502" HEIGHT="1759">
					<TextBlock ID="block_2" HPOS="270" VPOS="262" WIDTH="1492" HEIGHT="535">
						<TextLine ID="line_2" HPOS="315" VPOS="262" WIDTH="1439" HEIGHT="52">
							<String ID="string_6" HPOS="315" VPOS="276" WIDTH="63" HEIGHT="30" WC="0.96" CONTENT="Det"/><SP WIDTH="18" VPOS="276" HPOS="378"/>
							<String ID="string_7" HPOS="396" VPOS="276" WIDTH="106" HEIGHT="38" WC="0.96" CONTENT="gäller"/><SP WIDTH="18" VPOS="276" HPOS="502"/>
							<String ID="string_8" HPOS="520" VPOS="275" WIDTH="61" HEIGHT="29" WC="0.96" CONTENT="här"/><SP WIDTH="20" VPOS="275" HPOS="581"/>
							<String ID="string_9" HPOS="601" VPOS="282" WIDTH="172" HEIGHT="30" WC="0.96" CONTENT="personer,"/><SP WIDTH="21" VPOS="282" HPOS="773"/>
							<String ID="string_10" HPOS="794" VPOS="272" WIDTH="92" HEIGHT="29" WC="0.96" CONTENT="vilka"/><SP WIDTH="19" VPOS="272" HPOS="886"/>
							<String ID="string_11" HPOS="905" VPOS="273" WIDTH="72" HEIGHT="27" WC="0.96" CONTENT="mot"/><SP WIDTH="19" VPOS="273" HPOS="977"/>
							<String ID="string_12" HPOS="996" VPOS="269" WIDTH="50" HEIGHT="30" WC="0.96" CONTENT="sin"/><SP WIDTH="19" VPOS="269" HPOS="1046"/>
							<String ID="string_13" HPOS="1065" VPOS="268" WIDTH="83" HEIGHT="38" WC="0.93" CONTENT="vilja"/><SP WIDTH="20" VPOS="268" HPOS="1148"/>
							<String ID="string_14" HPOS="1168" VPOS="266" WIDTH="189" HEIGHT="39" WC="0.90" CONTENT="avkopplas"/><SP WIDTH="20" VPOS="266" HPOS="1357"/>
							<String ID="string_15" HPOS="1377" VPOS="263" WIDTH="79" HEIGHT="31" WC="0.96" CONTENT="från"/><SP WIDTH="20" VPOS="263" HPOS="1456"/>
							<String ID="string_16" HPOS="1476" VPOS="266" WIDTH="46" HEIGHT="27" WC="0.93" CONTENT="ett"/><SP WIDTH="21" VPOS="266" HPOS="1522"/>
							<String ID="string_17" HPOS="1543" VPOS="262" WIDTH="211" HEIGHT="30" WC="0.89" CONTENT="förvärvsar-"/>
						</TextLine>
						<TextLine ID="line_3" HPOS="272" VPOS="304" WIDTH="1485" HEIGHT="52">
							<String ID="string_18" HPOS="272" VPOS="321" WIDTH="84" HEIGHT="35" WC="0.96" CONTENT="bete,"/><SP WIDTH="22" VPOS="321" HPOS="356"/>
							<String ID="string_19" HPOS="378" VPOS="320" WIDTH="107" HEIGHT="30" WC="0.96" CONTENT="vilket"/><SP WIDTH="21" VPOS="320" HPOS="485"/>
							<String ID="string_20" HPOS="506" VPOS="319" WIDTH="49" HEIGHT="34" WC="0.96" CONTENT="de,"/><SP WIDTH="23" VPOS="319" HPOS="555"/>
							<String ID="string_21" HPOS="578" VPOS="319" WIDTH="57" HEIGHT="28" WC="0.96" CONTENT="vid"/><SP WIDTH="23" VPOS="319" HPOS="635"/>
							<String ID="string_22" HPOS="658" VPOS="316" WIDTH="271" HEIGHT="38" WC="0.96" CONTENT="anställningens"/><SP WIDTH="22" VPOS="316" HPOS="929"/>
							<String ID="string_23" HPOS="951" VPOS="313" WIDTH="204" HEIGHT="39" WC="0.96" CONTENT="antagande,"/><SP WIDTH="24" VPOS="313" HPOS="1155"/>
							<String ID="string_24" HPOS="1179" VPOS="312" WIDTH="124" HEIGHT="30" WC="0.96" CONTENT="räknat"/><SP WIDTH="23" VPOS="312" HPOS="1303"/>
							<String ID="string_25" HPOS="1326" VPOS="310" WIDTH="81" HEIGHT="29" WC="0.96" CONTENT="med"/><SP WIDTH="22" VPOS="310" HPOS="1407"/>
							<String ID="string_26" HPOS="1429" VPOS="311" WIDTH="49" HEIGHT="27" WC="0.96" CONTENT="att"/><SP WIDTH="23" VPOS="311" HPOS="1478"/>
							<String ID="string_27" HPOS="1501" VPOS="306" WIDTH="36" HEIGHT="31" WC="0.96" CONTENT="få"/><SP WIDTH="21" VPOS="306" HPOS="1537"/>
							<String ID="string_28" HPOS="1558" VPOS="305" WIDTH="139" HEIGHT="32" WC="0.96" CONTENT="behålla"/><SP WIDTH="24" VPOS="305" HPOS="1697"/>
							<String ID="string_29" HPOS="1721" VPOS="304" WIDTH="36" HEIGHT="31" WC="0.96" CONTENT="så"/>
						</TextLine>
						<TextLine ID="line_4" HPOS="270" VPOS="349" WIDTH="1487" HEIGHT="54">
							<String ID="string_30" HPOS="270" VPOS="366" WIDTH="99" HEIGHT="37" WC="0.96" CONTENT="länge"/><SP WIDTH="25" VPOS="366" HPOS="369"/>
							<String ID="string_31" HPOS="394" VPOS="365" WIDTH="42" HEIGHT="29" WC="0.93" CONTENT="de"/><SP WIDTH="24" VPOS="365" HPOS="436"/>
							<String ID="string_32" HPOS="460" VPOS="362" WIDTH="316" HEIGHT="31" WC="0.91" CONTENT="tillfredsställande"/><SP WIDTH="27" VPOS="362" HPOS="776"/>
							<String ID="string_33" HPOS="803" VPOS="362" WIDTH="119" HEIGHT="28" WC="0.96" CONTENT="kunna"/><SP WIDTH="27" VPOS="362" HPOS="922"/>
							<String ID="string_34" HPOS="949" VPOS="360" WIDTH="97" HEIGHT="29" WC="0.96" CONTENT="sköta"/><SP WIDTH="29" VPOS="360" HPOS="1046"/>
							<String ID="string_35" HPOS="1075" VPOS="358" WIDTH="202" HEIGHT="29" WC="0.96" CONTENT="detsamma."/><SP WIDTH="36" VPOS="358" HPOS="1277"/>
							<String ID="string_36" HPOS="1313" VPOS="355" WIDTH="148" HEIGHT="29" WC="0.91" CONTENT="Beaktas"/><SP WIDTH="26" VPOS="355" HPOS="1461"/>
							<String ID="string_37" HPOS="1487" VPOS="353" WIDTH="62" HEIGHT="29" WC="0.96" CONTENT="bör"/><SP WIDTH="26" VPOS="353" HPOS="1549"/>
							<String ID="string_38" HPOS="1575" VPOS="349" WIDTH="107" HEIGHT="32" WC="0.96" CONTENT="också"/><SP WIDTH="28" VPOS="349" HPOS="1682"/>
							<String ID="string_39" HPOS="1710" VPOS="352" WIDTH="47" HEIGHT="28" WC="0.96" CONTENT="att"/>
						</TextLine>
						<TextLine ID="line_5" HPOS="273" VPOS="394" WIDTH="1483" HEIGHT="54">
							<String ID="string_40" HPOS="273" VPOS="410" WIDTH="97" HEIGHT="30" WC="0.96" CONTENT="dessa"/><SP WIDTH="18" VPOS="410" HPOS="370"/>
							<String ID="string_41" HPOS="388" VPOS="417" WIDTH="172" HEIGHT="31" WC="0.96" CONTENT="personer,"/><SP WIDTH="20" VPOS="417" HPOS="560"/>
							<String ID="string_42" HPOS="580" VPOS="408" WIDTH="10" HEIGHT="29" WC="0.96" CONTENT="i"/><SP WIDTH="17" VPOS="408" HPOS="590"/>
							<String ID="string_43" HPOS="607" VPOS="406" WIDTH="127" HEIGHT="38" WC="0.96" CONTENT="många"/><SP WIDTH="17" VPOS="406" HPOS="734"/>
							<String ID="string_44" HPOS="751" VPOS="406" WIDTH="61" HEIGHT="29" WC="0.96" CONTENT="fall"/><SP WIDTH="18" VPOS="406" HPOS="812"/>
							<String ID="string_45" HPOS="830" VPOS="413" WIDTH="179" HEIGHT="22" WC="0.96" CONTENT="ensamma"/><SP WIDTH="17" VPOS="413" HPOS="1009"/>
							<String ID="string_46" HPOS="1026" VPOS="403" WIDTH="65" HEIGHT="29" WC="0.96" CONTENT="och"/><SP WIDTH="20" VPOS="403" HPOS="1091"/>
							<String ID="string_47" HPOS="1111" VPOS="399" WIDTH="308" HEIGHT="40" WC="0.96" CONTENT="självförsörjande"/><SP WIDTH="18" VPOS="399" HPOS="1419"/>
							<String ID="string_48" HPOS="1437" VPOS="397" WIDTH="156" HEIGHT="34" WC="0.96" CONTENT="kvinnor,"/><SP WIDTH="21" VPOS="397" HPOS="1593"/>
							<String ID="string_49" HPOS="1614" VPOS="396" WIDTH="47" HEIGHT="29" WC="0.93" CONTENT="ha"/><SP WIDTH="18" VPOS="396" HPOS="1661"/>
							<String ID="string_50" HPOS="1679" VPOS="394" WIDTH="77" HEIGHT="31" WC="0.91" CONTENT="full-"/>
						</TextLine>
						<TextLine ID="line_6" HPOS="273" VPOS="441" WIDTH="1485" HEIGHT="52">
							<String ID="string_51" HPOS="273" VPOS="455" WIDTH="88" HEIGHT="38" WC="0.96" CONTENT="gjort"/><SP WIDTH="15" VPOS="455" HPOS="361"/>
							<String ID="string_52" HPOS="376" VPOS="454" WIDTH="58" HEIGHT="30" WC="0.96" CONTENT="sitt"/><SP WIDTH="17" VPOS="454" HPOS="434"/>
							<String ID="string_53" HPOS="451" VPOS="454" WIDTH="114" HEIGHT="29" WC="0.96" CONTENT="arbete"/><SP WIDTH="16" VPOS="454" HPOS="565"/>
							<String ID="string_54" HPOS="581" VPOS="452" WIDTH="112" HEIGHT="29" WC="0.96" CONTENT="under"/><SP WIDTH="14" VPOS="452" HPOS="693"/>
							<String ID="string_55" HPOS="707" VPOS="451" WIDTH="216" HEIGHT="38" WC="0.95" CONTENT="blygsamma"/><SP WIDTH="17" VPOS="451" HPOS="923"/>
							<String ID="string_56" HPOS="940" VPOS="446" WIDTH="226" HEIGHT="32" WC="0.96" CONTENT="ekonomiska"/><SP WIDTH="17" VPOS="446" HPOS="1166"/>
							<String ID="string_57" HPOS="1183" VPOS="443" WIDTH="253" HEIGHT="34" WC="0.95" CONTENT="förhållanden,"/><SP WIDTH="19" VPOS="443" HPOS="1436"/>
							<String ID="string_58" HPOS="1455" VPOS="441" WIDTH="116" HEIGHT="30" WC="0.96" CONTENT="varför"/><SP WIDTH="16" VPOS="441" HPOS="1571"/>
							<String ID="string_59" HPOS="1587" VPOS="441" WIDTH="113" HEIGHT="29" WC="0.96" CONTENT="behov"/><SP WIDTH="17" VPOS="441" HPOS="1700"/>
							<String ID="string_60" HPOS="1717" VPOS="448" WIDTH="41" HEIGHT="21" WC="0.96" CONTENT="av"/>
						</TextLine>
						<TextLine ID="line_7" HPOS="274" VPOS="485" WIDTH="1485" HEIGHT="47">
							<String ID="string_61" HPOS="274" VPOS="498" WIDTH="189" HEIGHT="31" WC="0.96" CONTENT="understöd"/><SP WIDTH="17" VPOS="498" HPOS="463"/>
							<String ID="string_62" HPOS="480" VPOS="497" WIDTH="10" HEIGHT="30" WC="0.96" CONTENT="i"/><SP WIDTH="19" VPOS="497" HPOS="490"/>
							<String ID="string_63" HPOS="509" VPOS="497" WIDTH="189" HEIGHT="30" WC="0.96" CONTENT="allmänhet"/><SP WIDTH="21" VPOS="497" HPOS="698"/>
							<String ID="string_64" HPOS="719" VPOS="495" WIDTH="190" HEIGHT="37" WC="0.96" CONTENT="föreligger."/><SP WIDTH="21" VPOS="495" HPOS="909"/>
							<String ID="string_65" HPOS="930" VPOS="492" WIDTH="77" HEIGHT="30" WC="0.96" CONTENT="Men"/><SP WIDTH="19" VPOS="492" HPOS="1007"/>
							<String ID="string_66" HPOS="1026" VPOS="492" WIDTH="40" HEIGHT="29" WC="0.96" CONTENT="de"/><SP WIDTH="19" VPOS="492" HPOS="1066"/>
							<String ID="string_67" HPOS="1085" VPOS="499" WIDTH="83" HEIGHT="21" WC="0.96" CONTENT="anse"/><SP WIDTH="21" VPOS="499" HPOS="1168"/>
							<String ID="string_68" HPOS="1189" VPOS="490" WIDTH="78" HEIGHT="29" WC="0.96" CONTENT="med"/><SP WIDTH="19" VPOS="490" HPOS="1267"/>
							<String ID="string_69" HPOS="1286" VPOS="489" WIDTH="89" HEIGHT="29" WC="0.96" CONTENT="rätta"/><SP WIDTH="20" VPOS="489" HPOS="1375"/>
							<String ID="string_70" HPOS="1395" VPOS="490" WIDTH="49" HEIGHT="27" WC="0.96" CONTENT="att"/><SP WIDTH="20" VPOS="490" HPOS="1444"/>
							<String ID="string_71" HPOS="1464" VPOS="485" WIDTH="44" HEIGHT="31" WC="0.96" CONTENT="då"/><SP WIDTH="20" VPOS="485" HPOS="1508"/>
							<String ID="string_72" HPOS="1528" VPOS="486" WIDTH="41" HEIGHT="29" WC="0.96" CONTENT="de"/><SP WIDTH="19" VPOS="486" HPOS="1569"/>
							<String ID="string_73" HPOS="1588" VPOS="485" WIDTH="111" HEIGHT="29" WC="0.95" CONTENT="under"/><SP WIDTH="19" VPOS="485" HPOS="1699"/>
							<String ID="string_74" HPOS="1718" VPOS="493" WIDTH="41" HEIGHT="20" WC="0.95" CONTENT="en"/>
						</TextLine>
						<TextLine ID="line_8" HPOS="274" VPOS="529" WIDTH="1484" HEIGHT="53">
							<String ID="string_75" HPOS="274" VPOS="543" WIDTH="79" HEIGHT="39" WC="0.96" CONTENT="lång"/><SP WIDTH="22" VPOS="543" HPOS="353"/>
							<String ID="string_76" HPOS="375" VPOS="542" WIDTH="90" HEIGHT="39" WC="0.95" CONTENT="följd"/><SP WIDTH="21" VPOS="542" HPOS="465"/>
							<String ID="string_77" HPOS="486" VPOS="551" WIDTH="41" HEIGHT="21" WC="0.96" CONTENT="av"/><SP WIDTH="19" VPOS="551" HPOS="527"/>
							<String ID="string_78" HPOS="546" VPOS="541" WIDTH="37" HEIGHT="30" WC="0.96" CONTENT="år"/><SP WIDTH="19" VPOS="541" HPOS="583"/>
							<String ID="string_79" HPOS="602" VPOS="541" WIDTH="46" HEIGHT="29" WC="0.96" CONTENT="ha"/><SP WIDTH="20" VPOS="541" HPOS="648"/>
							<String ID="string_80" HPOS="668" VPOS="539" WIDTH="156" HEIGHT="39" WC="0.95" CONTENT="fullgjort"/><SP WIDTH="20" VPOS="539" HPOS="824"/>
							<String ID="string_81" HPOS="844" VPOS="538" WIDTH="57" HEIGHT="30" WC="0.96" CONTENT="sitt"/><SP WIDTH="20" VPOS="538" HPOS="901"/>
							<String ID="string_82" HPOS="921" VPOS="537" WIDTH="114" HEIGHT="30" WC="0.95" CONTENT="arbete"/><SP WIDTH="20" VPOS="537" HPOS="1035"/>
							<String ID="string_83" HPOS="1055" VPOS="536" WIDTH="51" HEIGHT="30" WC="0.96" CONTENT="till"/><SP WIDTH="21" VPOS="536" HPOS="1106"/>
							<String ID="string_84" HPOS="1127" VPOS="535" WIDTH="133" HEIGHT="29" WC="0.96" CONTENT="verkets"/><SP WIDTH="22" VPOS="535" HPOS="1260"/>
							<String ID="string_85" HPOS="1282" VPOS="531" WIDTH="197" HEIGHT="31" WC="0.96" CONTENT="belåtenhet"/><SP WIDTH="19" VPOS="531" HPOS="1479"/>
							<String ID="string_86" HPOS="1498" VPOS="530" WIDTH="62" HEIGHT="30" WC="0.93" CONTENT="bör"/><SP WIDTH="20" VPOS="530" HPOS="1560"/>
							<String ID="string_87" HPOS="1580" VPOS="529" WIDTH="178" HEIGHT="30" WC="0.90" CONTENT="understö-"/>
						</TextLine>
						<TextLine ID="line_9" HPOS="274" VPOS="574" WIDTH="1484" HEIGHT="49">
							<String ID="string_88" HPOS="274" VPOS="589" WIDTH="55" HEIGHT="29" WC="0.96" CONTENT="det"/><SP WIDTH="16" VPOS="589" HPOS="329"/>
							<String ID="string_89" HPOS="345" VPOS="597" WIDTH="84" HEIGHT="20" WC="0.96" CONTENT="vara"/><SP WIDTH="18" VPOS="597" HPOS="429"/>
							<String ID="string_90" HPOS="447" VPOS="596" WIDTH="43" HEIGHT="21" WC="0.93" CONTENT="en"/><SP WIDTH="17" VPOS="596" HPOS="490"/>
							<String ID="string_91" HPOS="507" VPOS="585" WIDTH="195" HEIGHT="38" WC="0.92" CONTENT="självfallen"/><SP WIDTH="19" VPOS="585" HPOS="702"/>
							<String ID="string_92" HPOS="721" VPOS="582" WIDTH="146" HEIGHT="31" WC="0.94" CONTENT="förmån."/><SP WIDTH="20" VPOS="582" HPOS="867"/>
							<String ID="string_93" HPOS="887" VPOS="582" WIDTH="99" HEIGHT="30" WC="0.96" CONTENT="Inom"/><SP WIDTH="19" VPOS="582" HPOS="986"/>
							<String ID="string_94" HPOS="1005" VPOS="576" WIDTH="529" HEIGHT="35" WC="0.92" CONTENT="växelstationsföreståndarnas"/><SP WIDTH="18" VPOS="576" HPOS="1534"/>
							<String ID="string_95" HPOS="1552" VPOS="574" WIDTH="94" HEIGHT="30" WC="0.93" CONTENT="leder"/><SP WIDTH="17" VPOS="574" HPOS="1646"/>
							<String ID="string_96" HPOS="1663" VPOS="574" WIDTH="95" HEIGHT="29" WC="0.92" CONTENT="kom-"/>
						</TextLine>
						<TextLine ID="line_10" HPOS="272" VPOS="617" WIDTH="1488" HEIGHT="52">
							<String ID="string_97" HPOS="272" VPOS="642" WIDTH="74" HEIGHT="21" WC="0.92" CONTENT="mer"/><SP WIDTH="23" VPOS="642" HPOS="346"/>
							<String ID="string_98" HPOS="369" VPOS="630" WIDTH="373" HEIGHT="39" WC="0.92" CONTENT="behovsprövningens"/><SP WIDTH="24" VPOS="630" HPOS="742"/>
							<String ID="string_99" HPOS="766" VPOS="626" WIDTH="232" HEIGHT="31" WC="0.96" CONTENT="kvarstående"/><SP WIDTH="25" VPOS="626" HPOS="998"/>
							<String ID="string_100" HPOS="1023" VPOS="624" WIDTH="57" HEIGHT="31" WC="0.96" CONTENT="vid"/><SP WIDTH="24" VPOS="624" HPOS="1080"/>
							<String ID="string_101" HPOS="1104" VPOS="622" WIDTH="135" HEIGHT="40" WC="0.96" CONTENT="avgång"/><SP WIDTH="25" VPOS="622" HPOS="1239"/>
							<String ID="string_102" HPOS="1264" VPOS="621" WIDTH="45" HEIGHT="40" WC="0.96" CONTENT="på"/><SP WIDTH="23" VPOS="621" HPOS="1309"/>
							<String ID="string_103" HPOS="1332" VPOS="621" WIDTH="115" HEIGHT="39" WC="0.95" CONTENT="grund"/><SP WIDTH="26" VPOS="621" HPOS="1447"/>
							<String ID="string_104" HPOS="1473" VPOS="627" WIDTH="51" HEIGHT="23" WC="0.96" CONTENT="av"/><SP WIDTH="14" VPOS="627" HPOS="1524"/>
							<String ID="string_105" HPOS="1538" VPOS="617" WIDTH="222" HEIGHT="32" WC="0.92" CONTENT="växelstatio-"/>
						</TextLine>
						<TextLine ID="line_11" HPOS="275" VPOS="661" WIDTH="1487" HEIGHT="51">
							<String ID="string_106" HPOS="275" VPOS="686" WIDTH="83" HEIGHT="22" WC="0.96" CONTENT="nens"/><SP WIDTH="21" VPOS="686" HPOS="358"/>
							<String ID="string_107" HPOS="379" VPOS="674" WIDTH="294" HEIGHT="38" WC="0.96" CONTENT="automatisering,"/><SP WIDTH="24" VPOS="674" HPOS="673"/>
							<String ID="string_108" HPOS="697" VPOS="673" WIDTH="105" HEIGHT="30" WC="0.93" CONTENT="sedan"/><SP WIDTH="20" VPOS="673" HPOS="802"/>
							<String ID="string_109" HPOS="822" VPOS="669" WIDTH="347" HEIGHT="40" WC="0.91" CONTENT="behovsprövningen"/><SP WIDTH="23" VPOS="669" HPOS="1169"/>
							<String ID="string_110" HPOS="1192" VPOS="668" WIDTH="127" HEIGHT="38" WC="0.91" CONTENT="slopats"/><SP WIDTH="23" VPOS="668" HPOS="1319"/>
							<String ID="string_111" HPOS="1342" VPOS="665" WIDTH="58" HEIGHT="30" WC="0.96" CONTENT="vid"/><SP WIDTH="22" VPOS="665" HPOS="1400"/>
							<String ID="string_112" HPOS="1422" VPOS="663" WIDTH="133" HEIGHT="40" WC="0.95" CONTENT="avgång"/><SP WIDTH="24" VPOS="663" HPOS="1555"/>
							<String ID="string_113" HPOS="1579" VPOS="662" WIDTH="46" HEIGHT="40" WC="0.96" CONTENT="på"/><SP WIDTH="26" VPOS="662" HPOS="1625"/>
							<String ID="string_114" HPOS="1651" VPOS="661" WIDTH="111" HEIGHT="40" WC="0.96" CONTENT="grund"/>
						</TextLine>
						<TextLine ID="line_12" HPOS="276" VPOS="706" WIDTH="1484" HEIGHT="52">
							<String ID="string_115" HPOS="276" VPOS="731" WIDTH="41" HEIGHT="21" WC="0.96" CONTENT="av"/><SP WIDTH="23" VPOS="731" HPOS="317"/>
							<String ID="string_116" HPOS="340" VPOS="720" WIDTH="105" HEIGHT="36" WC="0.96" CONTENT="ålder,"/><SP WIDTH="26" VPOS="720" HPOS="445"/>
							<String ID="string_117" HPOS="471" VPOS="719" WIDTH="186" HEIGHT="39" WC="0.96" CONTENT="sjuklighet"/><SP WIDTH="26" VPOS="719" HPOS="657"/>
							<String ID="string_118" HPOS="683" VPOS="718" WIDTH="79" HEIGHT="30" WC="0.96" CONTENT="eller"/><SP WIDTH="25" VPOS="718" HPOS="762"/>
							<String ID="string_119" HPOS="787" VPOS="716" WIDTH="120" HEIGHT="39" WC="0.96" CONTENT="dylikt,"/><SP WIDTH="26" VPOS="716" HPOS="907"/>
							<String ID="string_120" HPOS="933" VPOS="718" WIDTH="48" HEIGHT="27" WC="0.96" CONTENT="att"/><SP WIDTH="24" VPOS="718" HPOS="981"/>
							<String ID="string_121" HPOS="1005" VPOS="713" WIDTH="90" HEIGHT="31" WC="0.96" CONTENT="vålla"/><SP WIDTH="26" VPOS="713" HPOS="1095"/>
							<String ID="string_122" HPOS="1121" VPOS="722" WIDTH="43" HEIGHT="21" WC="0.95" CONTENT="en"/><SP WIDTH="25" VPOS="722" HPOS="1164"/>
							<String ID="string_123" HPOS="1189" VPOS="712" WIDTH="93" HEIGHT="30" WC="0.95" CONTENT="stark"/><SP WIDTH="25" VPOS="712" HPOS="1282"/>
							<String ID="string_124" HPOS="1307" VPOS="711" WIDTH="66" HEIGHT="30" WC="0.95" CONTENT="och"/><SP WIDTH="27" VPOS="711" HPOS="1373"/>
							<String ID="string_125" HPOS="1400" VPOS="709" WIDTH="80" HEIGHT="30" WC="0.96" CONTENT="fullt"/><SP WIDTH="24" VPOS="709" HPOS="1480"/>
							<String ID="string_126" HPOS="1504" VPOS="707" WIDTH="178" HEIGHT="38" WC="0.93" CONTENT="förståelig"/><SP WIDTH="24" VPOS="707" HPOS="1682"/>
							<String ID="string_127" HPOS="1706" VPOS="706" WIDTH="54" HEIGHT="31" WC="0.92" CONTENT="be-"/>
						</TextLine>
						<TextLine ID="line_13" HPOS="276" VPOS="767" WIDTH="154" HEIGHT="30">
							<String ID="string_128" HPOS="276" VPOS="767" WIDTH="154" HEIGHT="30" WC="0.92" CONTENT="svikelse."/>
						</TextLine>
					</TextBlock>
					<TextBlock ID="block_3" HPOS="275" VPOS="795" WIDTH="1490" HEIGHT="411">
						<TextLine ID="line_14" HPOS="320" VPOS="795" WIDTH="1442" HEIGHT="48">
							<String ID="string_129" HPOS="320" VPOS="811" WIDTH="14" HEIGHT="30" WC="0.96" CONTENT="I"/><SP WIDTH="23" VPOS="811" HPOS="334"/>
							<String ID="string_130" HPOS="357" VPOS="811" WIDTH="136" HEIGHT="29" WC="0.96" CONTENT="motion"/><SP WIDTH="21" VPOS="811" HPOS="493"/>
							<String ID="string_131" HPOS="514" VPOS="809" WIDTH="51" HEIGHT="30" WC="0.96" CONTENT="till"/><SP WIDTH="23" VPOS="809" HPOS="565"/>
							<String ID="string_132" HPOS="588" VPOS="808" WIDTH="81" HEIGHT="30" WC="0.96" CONTENT="1941"/><SP WIDTH="28" VPOS="808" HPOS="669"/>
							<String ID="string_133" HPOS="697" VPOS="806" WIDTH="54" HEIGHT="31" WC="0.96" CONTENT="års"/><SP WIDTH="22" VPOS="806" HPOS="751"/>
							<String ID="string_134" HPOS="773" VPOS="806" WIDTH="142" HEIGHT="37" WC="0.96" CONTENT="riksdag"/><SP WIDTH="23" VPOS="806" HPOS="915"/>
							<String ID="string_135" HPOS="938" VPOS="803" WIDTH="170" HEIGHT="38" WC="0.96" CONTENT="föreslogs"/><SP WIDTH="21" VPOS="803" HPOS="1108"/>
							<String ID="string_136" HPOS="1129" VPOS="801" WIDTH="109" HEIGHT="31" WC="0.95" CONTENT="bland"/><SP WIDTH="23" VPOS="801" HPOS="1238"/>
							<String ID="string_137" HPOS="1261" VPOS="802" WIDTH="108" HEIGHT="28" WC="0.93" CONTENT="annat"/><SP WIDTH="22" VPOS="802" HPOS="1369"/>
							<String ID="string_138" HPOS="1391" VPOS="795" WIDTH="371" HEIGHT="41" WC="0.91" CONTENT="behovsprövningens"/>
						</TextLine>
						<TextLine ID="line_15" HPOS="275" VPOS="842" WIDTH="1487" HEIGHT="51">
							<String ID="string_139" HPOS="275" VPOS="854" WIDTH="232" HEIGHT="39" WC="0.96" CONTENT="borttagande"/><SP WIDTH="25" VPOS="854" HPOS="507"/>
							<String ID="string_140" HPOS="532" VPOS="853" WIDTH="56" HEIGHT="30" WC="0.96" CONTENT="vid"/><SP WIDTH="26" VPOS="853" HPOS="588"/>
							<String ID="string_141" HPOS="614" VPOS="851" WIDTH="135" HEIGHT="40" WC="0.96" CONTENT="avgång"/><SP WIDTH="25" VPOS="851" HPOS="749"/>
							<String ID="string_142" HPOS="774" VPOS="849" WIDTH="45" HEIGHT="40" WC="0.95" CONTENT="på"/><SP WIDTH="25" VPOS="849" HPOS="819"/>
							<String ID="string_143" HPOS="844" VPOS="849" WIDTH="114" HEIGHT="40" WC="0.95" CONTENT="grund"/><SP WIDTH="25" VPOS="849" HPOS="958"/>
							<String ID="string_144" HPOS="983" VPOS="858" WIDTH="42" HEIGHT="20" WC="0.96" CONTENT="av"/><SP WIDTH="25" VPOS="858" HPOS="1025"/>
							<String ID="string_145" HPOS="1050" VPOS="845" WIDTH="301" HEIGHT="38" WC="0.93" CONTENT="automatisering."/><SP WIDTH="29" VPOS="845" HPOS="1351"/>
							<String ID="string_146" HPOS="1380" VPOS="842" WIDTH="297" HEIGHT="31" WC="0.91" CONTENT="Bankoutskottet"/><SP WIDTH="27" VPOS="842" HPOS="1677"/>
							<String ID="string_147" HPOS="1704" VPOS="849" WIDTH="58" HEIGHT="21" WC="0.92" CONTENT="an-"/>
						</TextLine>
						<TextLine ID="line_16" HPOS="277" VPOS="884" WIDTH="1485" HEIGHT="49">
							<String ID="string_148" HPOS="277" VPOS="900" WIDTH="99" HEIGHT="30" WC="0.96" CONTENT="förde"/><SP WIDTH="19" VPOS="900" HPOS="376"/>
							<String ID="string_149" HPOS="395" VPOS="898" WIDTH="137" HEIGHT="31" WC="0.93" CONTENT="härvid:"/><SP WIDTH="26" VPOS="898" HPOS="532"/>
							<String ID="string_150" HPOS="558" VPOS="897" WIDTH="93" HEIGHT="30" WC="0.89" CONTENT="»Vad"/><SP WIDTH="22" VPOS="897" HPOS="651"/>
							<String ID="string_151" HPOS="673" VPOS="895" WIDTH="161" HEIGHT="38" WC="0.96" CONTENT="slutligen"/><SP WIDTH="19" VPOS="895" HPOS="834"/>
							<String ID="string_152" HPOS="853" VPOS="892" WIDTH="110" HEIGHT="40" WC="0.96" CONTENT="angår"/><SP WIDTH="22" VPOS="892" HPOS="963"/>
							<String ID="string_153" HPOS="985" VPOS="893" WIDTH="66" HEIGHT="29" WC="0.96" CONTENT="den"/><SP WIDTH="21" VPOS="893" HPOS="1051"/>
							<String ID="string_154" HPOS="1072" VPOS="892" WIDTH="10" HEIGHT="29" WC="0.96" CONTENT="i"/><SP WIDTH="20" VPOS="892" HPOS="1082"/>
							<String ID="string_155" HPOS="1102" VPOS="891" WIDTH="181" HEIGHT="30" WC="0.96" CONTENT="motionen"/><SP WIDTH="21" VPOS="891" HPOS="1283"/>
							<String ID="string_156" HPOS="1304" VPOS="888" WIDTH="143" HEIGHT="31" WC="0.96" CONTENT="särskilt"/><SP WIDTH="20" VPOS="888" HPOS="1447"/>
							<String ID="string_157" HPOS="1467" VPOS="886" WIDTH="150" HEIGHT="31" WC="0.96" CONTENT="berörda"/><SP WIDTH="21" VPOS="886" HPOS="1617"/>
							<String ID="string_158" HPOS="1638" VPOS="884" WIDTH="124" HEIGHT="38" WC="0.95" CONTENT="frågan"/>
						</TextLine>
						<TextLine ID="line_17" HPOS="277" VPOS="929" WIDTH="1486" HEIGHT="52">
							<String ID="string_159" HPOS="277" VPOS="954" WIDTH="57" HEIGHT="21" WC="0.92" CONTENT="om"/><SP WIDTH="21" VPOS="954" HPOS="334"/>
							<String ID="string_160" HPOS="355" VPOS="941" WIDTH="355" HEIGHT="40" WC="0.91" CONTENT="behovsprövningen"/><SP WIDTH="21" VPOS="941" HPOS="710"/>
							<String ID="string_161" HPOS="731" VPOS="940" WIDTH="57" HEIGHT="30" WC="0.96" CONTENT="vid"/><SP WIDTH="22" VPOS="940" HPOS="788"/>
							<String ID="string_162" HPOS="810" VPOS="938" WIDTH="199" HEIGHT="38" WC="0.96" CONTENT="beviljande"/><SP WIDTH="21" VPOS="938" HPOS="1009"/>
							<String ID="string_163" HPOS="1030" VPOS="946" WIDTH="42" HEIGHT="20" WC="0.96" CONTENT="av"/><SP WIDTH="22" VPOS="946" HPOS="1072"/>
							<String ID="string_164" HPOS="1094" VPOS="935" WIDTH="104" HEIGHT="39" WC="0.96" CONTENT="årligt"/><SP WIDTH="23" VPOS="935" HPOS="1198"/>
							<String ID="string_165" HPOS="1221" VPOS="933" WIDTH="192" HEIGHT="31" WC="0.96" CONTENT="understöd"/><SP WIDTH="22" VPOS="933" HPOS="1413"/>
							<String ID="string_166" HPOS="1435" VPOS="933" WIDTH="64" HEIGHT="29" WC="0.96" CONTENT="har"/><SP WIDTH="22" VPOS="933" HPOS="1499"/>
							<String ID="string_167" HPOS="1521" VPOS="931" WIDTH="171" HEIGHT="30" WC="0.93" CONTENT="utskottet"/><SP WIDTH="23" VPOS="931" HPOS="1692"/>
							<String ID="string_168" HPOS="1715" VPOS="929" WIDTH="48" HEIGHT="29" WC="0.92" CONTENT="in-"/>
						</TextLine>
						<TextLine ID="line_18" HPOS="277" VPOS="974" WIDTH="1486" HEIGHT="50">
							<String ID="string_169" HPOS="277" VPOS="990" WIDTH="146" HEIGHT="34" WC="0.95" CONTENT="hämtat,"/><SP WIDTH="22" VPOS="990" HPOS="423"/>
							<String ID="string_170" HPOS="445" VPOS="991" WIDTH="51" HEIGHT="27" WC="0.95" CONTENT="att"/><SP WIDTH="19" VPOS="991" HPOS="496"/>
							<String ID="string_171" HPOS="515" VPOS="988" WIDTH="56" HEIGHT="29" WC="0.96" CONTENT="det"/><SP WIDTH="21" VPOS="988" HPOS="571"/>
							<String ID="string_172" HPOS="592" VPOS="986" WIDTH="109" HEIGHT="30" WC="0.96" CONTENT="sedan"/><SP WIDTH="22" VPOS="986" HPOS="701"/>
							<String ID="string_173" HPOS="723" VPOS="984" WIDTH="37" HEIGHT="30" WC="0.96" CONTENT="år"/><SP WIDTH="22" VPOS="984" HPOS="760"/>
							<String ID="string_174" HPOS="782" VPOS="984" WIDTH="81" HEIGHT="30" WC="0.96" CONTENT="1935"/><SP WIDTH="24" VPOS="984" HPOS="863"/>
							<String ID="string_175" HPOS="887" VPOS="982" WIDTH="122" HEIGHT="31" WC="0.96" CONTENT="endast"/><SP WIDTH="22" VPOS="982" HPOS="1009"/>
							<String ID="string_176" HPOS="1031" VPOS="981" WIDTH="11" HEIGHT="29" WC="0.96" CONTENT="i"/><SP WIDTH="21" VPOS="981" HPOS="1042"/>
							<String ID="string_177" HPOS="1063" VPOS="979" WIDTH="111" HEIGHT="39" WC="0.95" CONTENT="några"/><SP WIDTH="22" VPOS="979" HPOS="1174"/>
							<String ID="string_178" HPOS="1196" VPOS="979" WIDTH="145" HEIGHT="30" WC="0.96" CONTENT="enstaka"/><SP WIDTH="23" VPOS="979" HPOS="1341"/>
							<String ID="string_179" HPOS="1364" VPOS="978" WIDTH="64" HEIGHT="29" WC="0.96" CONTENT="fall"/><SP WIDTH="24" VPOS="978" HPOS="1428"/>
							<String ID="string_180" HPOS="1452" VPOS="974" WIDTH="239" HEIGHT="35" WC="0.96" CONTENT="förekommit,"/><SP WIDTH="23" VPOS="974" HPOS="1691"/>
							<String ID="string_181" HPOS="1714" VPOS="976" WIDTH="49" HEIGHT="27" WC="0.96" CONTENT="att"/>
						</TextLine>
						<TextLine ID="line_19" HPOS="277" VPOS="1017" WIDTH="1487" HEIGHT="48">
							<String ID="string_182" HPOS="277" VPOS="1029" WIDTH="497" HEIGHT="35" WC="0.91" CONTENT="växelstationsföreståndare"/><SP WIDTH="21" VPOS="1029" HPOS="774"/>
							<String ID="string_183" HPOS="795" VPOS="1038" WIDTH="42" HEIGHT="20" WC="0.93" CONTENT="av"/><SP WIDTH="22" VPOS="1038" HPOS="837"/>
							<String ID="string_184" HPOS="859" VPOS="1025" WIDTH="321" HEIGHT="40" WC="0.92" CONTENT="telegrafstyrelsen"/><SP WIDTH="21" VPOS="1025" HPOS="1180"/>
							<String ID="string_185" HPOS="1201" VPOS="1024" WIDTH="196" HEIGHT="37" WC="0.92" CONTENT="förvägrats"/><SP WIDTH="22" VPOS="1024" HPOS="1397"/>
							<String ID="string_186" HPOS="1419" VPOS="1020" WIDTH="192" HEIGHT="31" WC="0.96" CONTENT="understöd"/><SP WIDTH="20" VPOS="1020" HPOS="1611"/>
							<String ID="string_187" HPOS="1631" VPOS="1017" WIDTH="47" HEIGHT="41" WC="0.96" CONTENT="på"/><SP WIDTH="20" VPOS="1017" HPOS="1678"/>
							<String ID="string_188" HPOS="1698" VPOS="1018" WIDTH="66" HEIGHT="30" WC="0.96" CONTENT="den"/>
						</TextLine>
						<TextLine ID="line_20" HPOS="279" VPOS="1062" WIDTH="1485" HEIGHT="55">
							<String ID="string_189" HPOS="279" VPOS="1078" WIDTH="121" HEIGHT="39" WC="0.96" CONTENT="grund,"/><SP WIDTH="21" VPOS="1078" HPOS="400"/>
							<String ID="string_190" HPOS="421" VPOS="1080" WIDTH="50" HEIGHT="27" WC="0.96" CONTENT="att"/><SP WIDTH="17" VPOS="1080" HPOS="471"/>
							<String ID="string_191" HPOS="488" VPOS="1076" WIDTH="112" HEIGHT="30" WC="0.96" CONTENT="behov"/><SP WIDTH="16" VPOS="1076" HPOS="600"/>
							<String ID="string_192" HPOS="616" VPOS="1085" WIDTH="43" HEIGHT="20" WC="0.96" CONTENT="av"/><SP WIDTH="19" VPOS="1085" HPOS="659"/>
							<String ID="string_193" HPOS="678" VPOS="1073" WIDTH="191" HEIGHT="31" WC="0.95" CONTENT="understöd"/><SP WIDTH="18" VPOS="1073" HPOS="869"/>
							<String ID="string_194" HPOS="887" VPOS="1072" WIDTH="76" HEIGHT="29" WC="0.96" CONTENT="icke"/><SP WIDTH="19" VPOS="1072" HPOS="963"/>
							<String ID="string_195" HPOS="982" VPOS="1072" WIDTH="132" HEIGHT="28" WC="0.95" CONTENT="ansetts"/><SP WIDTH="18" VPOS="1072" HPOS="1114"/>
							<String ID="string_196" HPOS="1132" VPOS="1068" WIDTH="179" HEIGHT="38" WC="0.96" CONTENT="föreligga."/><SP WIDTH="23" VPOS="1068" HPOS="1311"/>
							<String ID="string_197" HPOS="1334" VPOS="1067" WIDTH="82" HEIGHT="29" WC="0.96" CONTENT="Man"/><SP WIDTH="18" VPOS="1067" HPOS="1416"/>
							<String ID="string_198" HPOS="1434" VPOS="1065" WIDTH="99" HEIGHT="31" WC="0.96" CONTENT="torde"/><SP WIDTH="19" VPOS="1065" HPOS="1533"/>
							<String ID="string_199" HPOS="1552" VPOS="1062" WIDTH="109" HEIGHT="32" WC="0.93" CONTENT="också"/><SP WIDTH="17" VPOS="1062" HPOS="1661"/>
							<String ID="string_200" HPOS="1678" VPOS="1064" WIDTH="86" HEIGHT="29" WC="0.92" CONTENT="kun-"/>
						</TextLine>
						<TextLine ID="line_21" HPOS="279" VPOS="1109" WIDTH="1486" HEIGHT="51">
							<String ID="string_201" HPOS="279" VPOS="1132" WIDTH="44" HEIGHT="21" WC="0.94" CONTENT="na"/><SP WIDTH="18" VPOS="1132" HPOS="323"/>
							<String ID="string_202" HPOS="341" VPOS="1121" WIDTH="84" HEIGHT="39" WC="0.96" CONTENT="utgå"/><SP WIDTH="17" VPOS="1121" HPOS="425"/>
							<String ID="string_203" HPOS="442" VPOS="1120" WIDTH="80" HEIGHT="31" WC="0.96" CONTENT="från"/><SP WIDTH="16" VPOS="1120" HPOS="522"/>
							<String ID="string_204" HPOS="538" VPOS="1123" WIDTH="50" HEIGHT="27" WC="0.96" CONTENT="att"/><SP WIDTH="17" VPOS="1123" HPOS="588"/>
							<String ID="string_205" HPOS="605" VPOS="1120" WIDTH="89" HEIGHT="29" WC="0.96" CONTENT="även"/><SP WIDTH="17" VPOS="1120" HPOS="694"/>
							<String ID="string_206" HPOS="711" VPOS="1118" WIDTH="10" HEIGHT="30" WC="0.96" CONTENT="i"/><SP WIDTH="18" VPOS="1118" HPOS="721"/>
							<String ID="string_207" HPOS="739" VPOS="1116" WIDTH="271" HEIGHT="38" WC="0.96" CONTENT="fortsättningen"/><SP WIDTH="18" VPOS="1116" HPOS="1010"/>
							<String ID="string_208" HPOS="1028" VPOS="1114" WIDTH="78" HEIGHT="30" WC="0.96" CONTENT="icke"/><SP WIDTH="18" VPOS="1114" HPOS="1106"/>
							<String ID="string_209" HPOS="1124" VPOS="1113" WIDTH="120" HEIGHT="30" WC="0.96" CONTENT="alltför"/><SP WIDTH="18" VPOS="1113" HPOS="1244"/>
							<String ID="string_210" HPOS="1262" VPOS="1112" WIDTH="142" HEIGHT="37" WC="0.96" CONTENT="stränga"/><SP WIDTH="18" VPOS="1112" HPOS="1404"/>
							<String ID="string_211" HPOS="1422" VPOS="1110" WIDTH="111" HEIGHT="38" WC="0.96" CONTENT="regler"/><SP WIDTH="18" VPOS="1110" HPOS="1533"/>
							<String ID="string_212" HPOS="1551" VPOS="1109" WIDTH="145" HEIGHT="30" WC="0.96" CONTENT="komma"/><SP WIDTH="20" VPOS="1109" HPOS="1696"/>
							<String ID="string_213" HPOS="1716" VPOS="1109" WIDTH="49" HEIGHT="28" WC="0.95" CONTENT="att"/>
						</TextLine>
						<TextLine ID="line_22" HPOS="279" VPOS="1163" WIDTH="526" HEIGHT="43">
							<String ID="string_214" HPOS="279" VPOS="1165" WIDTH="258" HEIGHT="41" WC="0.93" CONTENT="upprätthållas"/><SP WIDTH="21" VPOS="1165" HPOS="537"/>
							<String ID="string_215" HPOS="558" VPOS="1163" WIDTH="247" HEIGHT="31" WC="0.74" CONTENT="härutinnan.»&gt;"/>
						</TextLine>
					</TextBlock>
					<TextBlock ID="block_4" HPOS="279" VPOS="1196" WIDTH="1488" HEIGHT="143">
						<TextLine ID="line_23" HPOS="324" VPOS="1196" WIDTH="1442" HEIGHT="49">
							<String ID="string_216" HPOS="324" VPOS="1212" WIDTH="64" HEIGHT="30" WC="0.96" CONTENT="Det"/><SP WIDTH="19" VPOS="1212" HPOS="388"/>
							<String ID="string_217" HPOS="407" VPOS="1211" WIDTH="100" HEIGHT="30" WC="0.96" CONTENT="torde"/><SP WIDTH="20" VPOS="1211" HPOS="507"/>
							<String ID="string_218" HPOS="527" VPOS="1208" WIDTH="103" HEIGHT="32" WC="0.96" CONTENT="alltså"/><SP WIDTH="20" VPOS="1208" HPOS="630"/>
							<String ID="string_219" HPOS="650" VPOS="1208" WIDTH="78" HEIGHT="30" WC="0.96" CONTENT="icke"/><SP WIDTH="19" VPOS="1208" HPOS="728"/>
							<String ID="string_220" HPOS="747" VPOS="1206" WIDTH="170" HEIGHT="39" WC="0.95" CONTENT="föreligga"/><SP WIDTH="19" VPOS="1206" HPOS="917"/>
							<String ID="string_221" HPOS="936" VPOS="1203" WIDTH="114" HEIGHT="40" WC="0.95" CONTENT="någon"/><SP WIDTH="20" VPOS="1203" HPOS="1050"/>
							<String ID="string_222" HPOS="1070" VPOS="1201" WIDTH="191" HEIGHT="39" WC="0.96" CONTENT="anledning"/><SP WIDTH="20" VPOS="1201" HPOS="1261"/>
							<String ID="string_223" HPOS="1281" VPOS="1203" WIDTH="50" HEIGHT="28" WC="0.96" CONTENT="att"/><SP WIDTH="20" VPOS="1203" HPOS="1331"/>
							<String ID="string_224" HPOS="1351" VPOS="1210" WIDTH="42" HEIGHT="20" WC="0.96" CONTENT="ur"/><SP WIDTH="20" VPOS="1210" HPOS="1393"/>
							<String ID="string_225" HPOS="1413" VPOS="1196" WIDTH="353" HEIGHT="40" WC="0.91" CONTENT="kostnadssynpunkt"/>
						</TextLine>
						<TextLine ID="line_24" HPOS="279" VPOS="1241" WIDTH="1488" HEIGHT="50">
							<String ID="string_226" HPOS="279" VPOS="1255" WIDTH="140" HEIGHT="32" WC="0.96" CONTENT="behålla"/><SP WIDTH="19" VPOS="1255" HPOS="419"/>
							<String ID="string_227" HPOS="438" VPOS="1256" WIDTH="115" HEIGHT="29" WC="0.93" CONTENT="denna"/><SP WIDTH="17" VPOS="1256" HPOS="553"/>
							<String ID="string_228" HPOS="570" VPOS="1251" WIDTH="317" HEIGHT="40" WC="0.91" CONTENT="behovsprövning,"/><SP WIDTH="21" VPOS="1251" HPOS="887"/>
							<String ID="string_229" HPOS="908" VPOS="1259" WIDTH="78" HEIGHT="21" WC="0.96" CONTENT="vars"/><SP WIDTH="20" VPOS="1259" HPOS="986"/>
							<String ID="string_230" HPOS="1006" VPOS="1247" WIDTH="214" HEIGHT="38" WC="0.96" CONTENT="verkningar"/><SP WIDTH="21" VPOS="1247" HPOS="1220"/>
							<String ID="string_231" HPOS="1241" VPOS="1246" WIDTH="10" HEIGHT="29" WC="0.96" CONTENT="i"/><SP WIDTH="21" VPOS="1246" HPOS="1251"/>
							<String ID="string_232" HPOS="1272" VPOS="1244" WIDTH="225" HEIGHT="31" WC="0.96" CONTENT="ekonomiskt"/><SP WIDTH="21" VPOS="1244" HPOS="1497"/>
							<String ID="string_233" HPOS="1518" VPOS="1242" WIDTH="173" HEIGHT="31" WC="0.95" CONTENT="avseende"/><SP WIDTH="21" VPOS="1242" HPOS="1691"/>
							<String ID="string_234" HPOS="1712" VPOS="1241" WIDTH="55" HEIGHT="29" WC="0.96" CONTENT="för"/>
						</TextLine>
						<TextLine ID="line_25" HPOS="280" VPOS="1295" WIDTH="582" HEIGHT="44">
							<String ID="string_235" HPOS="280" VPOS="1299" WIDTH="270" HEIGHT="40" WC="0.91" CONTENT="telegrafverket"/><SP WIDTH="21" VPOS="1299" HPOS="550"/>
							<String ID="string_236" HPOS="571" VPOS="1299" WIDTH="62" HEIGHT="29" WC="0.96" CONTENT="äro"/><SP WIDTH="21" VPOS="1299" HPOS="633"/>
							<String ID="string_237" HPOS="654" VPOS="1295" WIDTH="208" HEIGHT="40" WC="0.96" CONTENT="obetydliga."/>
						</TextLine>
					</TextBlock>
					<TextBlock ID="block_5" HPOS="280" VPOS="1338" WIDTH="1488" HEIGHT="277">
						<TextLine ID="line_26" HPOS="325" VPOS="1338" WIDTH="1442" HEIGHT="50">
							<String ID="string_238" HPOS="325" VPOS="1352" WIDTH="163" HEIGHT="32" WC="0.96" CONTENT="Frånsett"/><SP WIDTH="20" VPOS="1352" HPOS="488"/>
							<String ID="string_239" HPOS="508" VPOS="1352" WIDTH="66" HEIGHT="30" WC="0.96" CONTENT="den"/><SP WIDTH="21" VPOS="1352" HPOS="574"/>
							<String ID="string_240" HPOS="595" VPOS="1349" WIDTH="204" HEIGHT="39" WC="0.96" CONTENT="förståeliga"/><SP WIDTH="22" VPOS="1349" HPOS="799"/>
							<String ID="string_241" HPOS="821" VPOS="1347" WIDTH="160" HEIGHT="39" WC="0.93" CONTENT="motvilja"/><SP WIDTH="22" VPOS="1347" HPOS="981"/>
							<String ID="string_242" HPOS="1003" VPOS="1343" WIDTH="355" HEIGHT="41" WC="0.91" CONTENT="behovsprövningen"/><SP WIDTH="23" VPOS="1343" HPOS="1358"/>
							<String ID="string_243" HPOS="1381" VPOS="1340" WIDTH="208" HEIGHT="31" WC="0.96" CONTENT="framkallar"/><SP WIDTH="21" VPOS="1340" HPOS="1589"/>
							<String ID="string_244" HPOS="1610" VPOS="1339" WIDTH="67" HEIGHT="30" WC="0.96" CONTENT="hos"/><SP WIDTH="24" VPOS="1339" HPOS="1677"/>
							<String ID="string_245" HPOS="1701" VPOS="1338" WIDTH="66" HEIGHT="30" WC="0.96" CONTENT="den"/>
						</TextLine>
						<TextLine ID="line_27" HPOS="280" VPOS="1383" WIDTH="1487" HEIGHT="53">
							<String ID="string_246" HPOS="280" VPOS="1398" WIDTH="151" HEIGHT="31" WC="0.96" CONTENT="berörda"/><SP WIDTH="27" VPOS="1398" HPOS="431"/>
							<String ID="string_247" HPOS="458" VPOS="1396" WIDTH="220" HEIGHT="40" WC="0.95" CONTENT="personalen,"/><SP WIDTH="30" VPOS="1396" HPOS="678"/>
							<String ID="string_248" HPOS="708" VPOS="1394" WIDTH="159" HEIGHT="30" WC="0.96" CONTENT="kommer"/><SP WIDTH="28" VPOS="1394" HPOS="867"/>
							<String ID="string_249" HPOS="895" VPOS="1392" WIDTH="78" HEIGHT="30" WC="0.96" CONTENT="dess"/><SP WIDTH="27" VPOS="1392" HPOS="973"/>
							<String ID="string_250" HPOS="1000" VPOS="1388" WIDTH="235" HEIGHT="33" WC="0.96" CONTENT="kvarstående"/><SP WIDTH="27" VPOS="1388" HPOS="1235"/>
							<String ID="string_251" HPOS="1262" VPOS="1387" WIDTH="58" HEIGHT="30" WC="0.96" CONTENT="vid"/><SP WIDTH="27" VPOS="1387" HPOS="1320"/>
							<String ID="string_252" HPOS="1347" VPOS="1385" WIDTH="137" HEIGHT="39" WC="0.96" CONTENT="avgång"/><SP WIDTH="26" VPOS="1385" HPOS="1484"/>
							<String ID="string_253" HPOS="1510" VPOS="1383" WIDTH="46" HEIGHT="41" WC="0.96" CONTENT="på"/><SP WIDTH="28" VPOS="1383" HPOS="1556"/>
							<String ID="string_254" HPOS="1584" VPOS="1383" WIDTH="115" HEIGHT="39" WC="0.94" CONTENT="grund"/><SP WIDTH="27" VPOS="1383" HPOS="1699"/>
							<String ID="string_255" HPOS="1726" VPOS="1392" WIDTH="41" HEIGHT="20" WC="0.96" CONTENT="av"/>
						</TextLine>
						<TextLine ID="line_28" HPOS="281" VPOS="1427" WIDTH="1486" HEIGHT="52">
							<String ID="string_256" HPOS="281" VPOS="1441" WIDTH="290" HEIGHT="38" WC="0.96" CONTENT="automatisering"/><SP WIDTH="15" VPOS="1441" HPOS="571"/>
							<String ID="string_257" HPOS="586" VPOS="1443" WIDTH="51" HEIGHT="27" WC="0.96" CONTENT="att"/><SP WIDTH="17" VPOS="1443" HPOS="637"/>
							<String ID="string_258" HPOS="654" VPOS="1439" WIDTH="169" HEIGHT="34" WC="0.96" CONTENT="medföra,"/><SP WIDTH="18" VPOS="1439" HPOS="823"/>
							<String ID="string_259" HPOS="841" VPOS="1440" WIDTH="50" HEIGHT="27" WC="0.96" CONTENT="att"/><SP WIDTH="17" VPOS="1440" HPOS="891"/>
							<String ID="string_260" HPOS="908" VPOS="1436" WIDTH="94" HEIGHT="30" WC="0.96" CONTENT="olika"/><SP WIDTH="16" VPOS="1436" HPOS="1002"/>
							<String ID="string_261" HPOS="1018" VPOS="1433" WIDTH="233" HEIGHT="32" WC="0.96" CONTENT="förfaranden"/><SP WIDTH="19" VPOS="1433" HPOS="1251"/>
							<String ID="string_262" HPOS="1270" VPOS="1432" WIDTH="100" HEIGHT="30" WC="0.96" CONTENT="skola"/><SP WIDTH="17" VPOS="1432" HPOS="1370"/>
							<String ID="string_263" HPOS="1387" VPOS="1431" WIDTH="173" HEIGHT="36" WC="0.96" CONTENT="iakttagas"/><SP WIDTH="18" VPOS="1431" HPOS="1560"/>
							<String ID="string_264" HPOS="1578" VPOS="1428" WIDTH="60" HEIGHT="31" WC="0.93" CONTENT="vid"/><SP WIDTH="17" VPOS="1428" HPOS="1638"/>
							<String ID="string_265" HPOS="1655" VPOS="1427" WIDTH="112" HEIGHT="31" WC="0.91" CONTENT="växel-"/>
						</TextLine>
						<TextLine ID="line_29" HPOS="281" VPOS="1471" WIDTH="1487" HEIGHT="50">
							<String ID="string_266" HPOS="281" VPOS="1485" WIDTH="413" HEIGHT="33" WC="0.91" CONTENT="stationsföreståndares"/><SP WIDTH="15" VPOS="1485" HPOS="694"/>
							<String ID="string_267" HPOS="709" VPOS="1481" WIDTH="133" HEIGHT="40" WC="0.96" CONTENT="avgång"/><SP WIDTH="12" VPOS="1481" HPOS="842"/>
							<String ID="string_268" HPOS="854" VPOS="1480" WIDTH="48" HEIGHT="40" WC="0.96" CONTENT="på"/><SP WIDTH="15" VPOS="1480" HPOS="902"/>
							<String ID="string_269" HPOS="917" VPOS="1480" WIDTH="112" HEIGHT="40" WC="0.96" CONTENT="grund"/><SP WIDTH="15" VPOS="1480" HPOS="1029"/>
							<String ID="string_270" HPOS="1044" VPOS="1489" WIDTH="44" HEIGHT="20" WC="0.96" CONTENT="av"/><SP WIDTH="14" VPOS="1489" HPOS="1088"/>
							<String ID="string_271" HPOS="1102" VPOS="1477" WIDTH="98" HEIGHT="31" WC="0.95" CONTENT="ålder"/><SP WIDTH="14" VPOS="1477" HPOS="1200"/>
							<String ID="string_272" HPOS="1214" VPOS="1477" WIDTH="82" HEIGHT="30" WC="0.96" CONTENT="eller"/><SP WIDTH="14" VPOS="1477" HPOS="1296"/>
							<String ID="string_273" HPOS="1310" VPOS="1475" WIDTH="193" HEIGHT="39" WC="0.96" CONTENT="sjuklighet"/><SP WIDTH="13" VPOS="1475" HPOS="1503"/>
							<String ID="string_274" HPOS="1516" VPOS="1474" WIDTH="66" HEIGHT="29" WC="0.96" CONTENT="och"/><SP WIDTH="13" VPOS="1474" HPOS="1582"/>
							<String ID="string_275" HPOS="1595" VPOS="1471" WIDTH="48" HEIGHT="41" WC="0.96" CONTENT="på"/><SP WIDTH="13" VPOS="1471" HPOS="1643"/>
							<String ID="string_276" HPOS="1656" VPOS="1471" WIDTH="112" HEIGHT="40" WC="0.95" CONTENT="grund"/>
						</TextLine>
						<TextLine ID="line_30" HPOS="282" VPOS="1516" WIDTH="1486" HEIGHT="51">
							<String ID="string_277" HPOS="282" VPOS="1542" WIDTH="41" HEIGHT="21" WC="0.96" CONTENT="av"/><SP WIDTH="25" VPOS="1542" HPOS="323"/>
							<String ID="string_278" HPOS="348" VPOS="1529" WIDTH="301" HEIGHT="38" WC="0.96" CONTENT="automatisering."/><SP WIDTH="29" VPOS="1529" HPOS="649"/>
							<String ID="string_279" HPOS="678" VPOS="1528" WIDTH="102" HEIGHT="30" WC="0.96" CONTENT="Detta"/><SP WIDTH="25" VPOS="1528" HPOS="780"/>
							<String ID="string_280" HPOS="805" VPOS="1526" WIDTH="100" HEIGHT="31" WC="0.96" CONTENT="torde"/><SP WIDTH="27" VPOS="1526" HPOS="905"/>
							<String ID="string_281" HPOS="932" VPOS="1534" WIDTH="42" HEIGHT="21" WC="0.96" CONTENT="ur"/><SP WIDTH="26" VPOS="1534" HPOS="974"/>
							<String ID="string_282" HPOS="1000" VPOS="1524" WIDTH="68" HEIGHT="30" WC="0.96" CONTENT="alla"/><SP WIDTH="29" VPOS="1524" HPOS="1068"/>
							<String ID="string_283" HPOS="1097" VPOS="1522" WIDTH="220" HEIGHT="39" WC="0.96" CONTENT="synpunkter"/><SP WIDTH="28" VPOS="1522" HPOS="1317"/>
							<String ID="string_284" HPOS="1345" VPOS="1529" WIDTH="85" HEIGHT="21" WC="0.96" CONTENT="vara"/><SP WIDTH="28" VPOS="1529" HPOS="1430"/>
							<String ID="string_285" HPOS="1458" VPOS="1518" WIDTH="136" HEIGHT="31" WC="0.96" CONTENT="mindre"/><SP WIDTH="30" VPOS="1518" HPOS="1594"/>
							<String ID="string_286" HPOS="1624" VPOS="1516" WIDTH="144" HEIGHT="40" WC="0.95" CONTENT="lyckligt"/>
						</TextLine>
						<TextLine ID="line_31" HPOS="283" VPOS="1567" WIDTH="975" HEIGHT="48">
							<String ID="string_287" HPOS="283" VPOS="1577" WIDTH="65" HEIGHT="30" WC="0.96" CONTENT="och"/><SP WIDTH="19" VPOS="1577" HPOS="348"/>
							<String ID="string_288" HPOS="367" VPOS="1577" WIDTH="108" HEIGHT="38" WC="0.96" CONTENT="ägnat"/><SP WIDTH="19" VPOS="1577" HPOS="475"/>
							<String ID="string_289" HPOS="494" VPOS="1577" WIDTH="50" HEIGHT="28" WC="0.96" CONTENT="att"/><SP WIDTH="19" VPOS="1577" HPOS="544"/>
							<String ID="string_290" HPOS="563" VPOS="1573" WIDTH="92" HEIGHT="31" WC="0.96" CONTENT="vålla"/><SP WIDTH="22" VPOS="1573" HPOS="655"/>
							<String ID="string_291" HPOS="677" VPOS="1570" WIDTH="299" HEIGHT="41" WC="0.96" CONTENT="komplikationer"/><SP WIDTH="19" VPOS="1570" HPOS="976"/>
							<String ID="string_292" HPOS="995" VPOS="1578" WIDTH="43" HEIGHT="21" WC="0.96" CONTENT="av"/><SP WIDTH="20" VPOS="1578" HPOS="1038"/>
							<String ID="string_293" HPOS="1058" VPOS="1567" WIDTH="96" HEIGHT="31" WC="0.95" CONTENT="olika"/><SP WIDTH="21" VPOS="1567" HPOS="1154"/>
							<String ID="string_294" HPOS="1175" VPOS="1567" WIDTH="83" HEIGHT="38" WC="0.96" CONTENT="slag."/>
						</TextLine>
					</TextBlock>
					<TextBlock ID="block_6" HPOS="283" VPOS="1606" WIDTH="1487" HEIGHT="227">
						<TextLine ID="line_32" HPOS="328" VPOS="1606" WIDTH="1441" HEIGHT="53">
							<String ID="string_295" HPOS="328" VPOS="1620" WIDTH="133" HEIGHT="39" WC="0.91" CONTENT="Sakligt"/><SP WIDTH="22" VPOS="1620" HPOS="461"/>
							<String ID="string_296" HPOS="483" VPOS="1618" WIDTH="110" HEIGHT="31" WC="0.96" CONTENT="måste"/><SP WIDTH="23" VPOS="1618" HPOS="593"/>
							<String ID="string_297" HPOS="616" VPOS="1618" WIDTH="59" HEIGHT="30" WC="0.96" CONTENT="det"/><SP WIDTH="25" VPOS="1618" HPOS="675"/>
							<String ID="string_298" HPOS="700" VPOS="1626" WIDTH="100" HEIGHT="21" WC="0.93" CONTENT="anses"/><SP WIDTH="24" VPOS="1626" HPOS="800"/>
							<String ID="string_299" HPOS="824" VPOS="1612" WIDTH="350" HEIGHT="33" WC="0.91" CONTENT="otillfredsställande"/><SP WIDTH="25" VPOS="1612" HPOS="1174"/>
							<String ID="string_300" HPOS="1199" VPOS="1611" WIDTH="65" HEIGHT="29" WC="0.97" CONTENT="och"/><SP WIDTH="25" VPOS="1611" HPOS="1264"/>
							<String ID="string_301" HPOS="1289" VPOS="1607" WIDTH="223" HEIGHT="39" WC="0.96" CONTENT="oförklarligt"/><SP WIDTH="24" VPOS="1607" HPOS="1512"/>
							<String ID="string_302" HPOS="1536" VPOS="1609" WIDTH="50" HEIGHT="28" WC="0.96" CONTENT="att"/><SP WIDTH="26" VPOS="1609" HPOS="1586"/>
							<String ID="string_303" HPOS="1612" VPOS="1616" WIDTH="43" HEIGHT="20" WC="0.93" CONTENT="en"/><SP WIDTH="25" VPOS="1616" HPOS="1655"/>
							<String ID="string_304" HPOS="1680" VPOS="1606" WIDTH="89" HEIGHT="30" WC="0.91" CONTENT="före-"/>
						</TextLine>
						<TextLine ID="line_33" HPOS="284" VPOS="1650" WIDTH="1485" HEIGHT="46">
							<String ID="string_305" HPOS="284" VPOS="1665" WIDTH="164" HEIGHT="31" WC="0.96" CONTENT="ståndare"/><SP WIDTH="17" VPOS="1665" HPOS="448"/>
							<String ID="string_306" HPOS="465" VPOS="1673" WIDTH="76" HEIGHT="21" WC="0.95" CONTENT="som"/><SP WIDTH="15" VPOS="1673" HPOS="541"/>
							<String ID="string_307" HPOS="556" VPOS="1663" WIDTH="58" HEIGHT="30" WC="0.95" CONTENT="vid"/><SP WIDTH="18" VPOS="1663" HPOS="614"/>
							<String ID="string_308" HPOS="632" VPOS="1662" WIDTH="41" HEIGHT="30" WC="0.96" CONTENT="65"/><SP WIDTH="21" VPOS="1662" HPOS="673"/>
							<String ID="string_309" HPOS="694" VPOS="1660" WIDTH="55" HEIGHT="31" WC="0.96" CONTENT="års"/><SP WIDTH="18" VPOS="1660" HPOS="749"/>
							<String ID="string_310" HPOS="767" VPOS="1660" WIDTH="95" HEIGHT="30" WC="0.96" CONTENT="ålder"/><SP WIDTH="16" VPOS="1660" HPOS="862"/>
							<String ID="string_311" HPOS="878" VPOS="1658" WIDTH="122" HEIGHT="31" WC="0.96" CONTENT="mister"/><SP WIDTH="17" VPOS="1658" HPOS="1000"/>
							<String ID="string_312" HPOS="1017" VPOS="1657" WIDTH="53" HEIGHT="30" WC="0.96" CONTENT="sin"/><SP WIDTH="18" VPOS="1657" HPOS="1070"/>
							<String ID="string_313" HPOS="1088" VPOS="1655" WIDTH="215" HEIGHT="38" WC="0.96" CONTENT="anställning"/><SP WIDTH="16" VPOS="1655" HPOS="1303"/>
							<String ID="string_314" HPOS="1319" VPOS="1652" WIDTH="47" HEIGHT="41" WC="0.96" CONTENT="på"/><SP WIDTH="17" VPOS="1652" HPOS="1366"/>
							<String ID="string_315" HPOS="1383" VPOS="1653" WIDTH="114" HEIGHT="39" WC="0.96" CONTENT="grund"/><SP WIDTH="17" VPOS="1653" HPOS="1497"/>
							<String ID="string_316" HPOS="1514" VPOS="1661" WIDTH="42" HEIGHT="21" WC="0.92" CONTENT="av"/><SP WIDTH="20" VPOS="1661" HPOS="1556"/>
							<String ID="string_317" HPOS="1576" VPOS="1650" WIDTH="193" HEIGHT="31" WC="0.92" CONTENT="stationens"/>
						</TextLine>
						<TextLine ID="line_34" HPOS="283" VPOS="1697" WIDTH="1486" HEIGHT="49">
							<String ID="string_318" HPOS="283" VPOS="1708" WIDTH="291" HEIGHT="38" WC="0.96" CONTENT="automatisering"/><SP WIDTH="22" VPOS="1708" HPOS="574"/>
							<String ID="string_319" HPOS="596" VPOS="1707" WIDTH="91" HEIGHT="30" WC="0.96" CONTENT="skall"/><SP WIDTH="22" VPOS="1707" HPOS="687"/>
							<String ID="string_320" HPOS="709" VPOS="1715" WIDTH="83" HEIGHT="21" WC="0.96" CONTENT="vara"/><SP WIDTH="22" VPOS="1715" HPOS="792"/>
							<String ID="string_321" HPOS="814" VPOS="1702" WIDTH="240" HEIGHT="32" WC="0.93" CONTENT="underkastad"/><SP WIDTH="22" VPOS="1702" HPOS="1054"/>
							<String ID="string_322" HPOS="1076" VPOS="1698" WIDTH="319" HEIGHT="40" WC="0.91" CONTENT="behovsprövning,"/><SP WIDTH="26" VPOS="1698" HPOS="1395"/>
							<String ID="string_323" HPOS="1421" VPOS="1697" WIDTH="127" HEIGHT="30" WC="0.96" CONTENT="medan"/><SP WIDTH="24" VPOS="1697" HPOS="1548"/>
							<String ID="string_324" HPOS="1572" VPOS="1706" WIDTH="44" HEIGHT="20" WC="0.96" CONTENT="en"/><SP WIDTH="25" VPOS="1706" HPOS="1616"/>
							<String ID="string_325" HPOS="1641" VPOS="1704" WIDTH="128" HEIGHT="25" WC="0.96" CONTENT="annan,"/>
						</TextLine>
						<TextLine ID="line_35" HPOS="285" VPOS="1740" WIDTH="1485" HEIGHT="53">
							<String ID="string_326" HPOS="285" VPOS="1764" WIDTH="75" HEIGHT="21" WC="0.96" CONTENT="som"/><SP WIDTH="20" VPOS="1764" HPOS="360"/>
							<String ID="string_327" HPOS="380" VPOS="1753" WIDTH="47" HEIGHT="40" WC="0.96" CONTENT="på"/><SP WIDTH="19" VPOS="1753" HPOS="427"/>
							<String ID="string_328" HPOS="446" VPOS="1753" WIDTH="112" HEIGHT="39" WC="0.96" CONTENT="grund"/><SP WIDTH="22" VPOS="1753" HPOS="558"/>
							<String ID="string_329" HPOS="580" VPOS="1762" WIDTH="43" HEIGHT="20" WC="0.96" CONTENT="av"/><SP WIDTH="20" VPOS="1762" HPOS="623"/>
							<String ID="string_330" HPOS="643" VPOS="1750" WIDTH="106" HEIGHT="35" WC="0.96" CONTENT="ålder,"/><SP WIDTH="22" VPOS="1750" HPOS="749"/>
							<String ID="string_331" HPOS="771" VPOS="1748" WIDTH="191" HEIGHT="40" WC="0.96" CONTENT="sjuklighet"/><SP WIDTH="22" VPOS="1748" HPOS="962"/>
							<String ID="string_332" HPOS="984" VPOS="1747" WIDTH="82" HEIGHT="29" WC="0.96" CONTENT="eller"/><SP WIDTH="20" VPOS="1747" HPOS="1066"/>
							<String ID="string_333" HPOS="1086" VPOS="1746" WIDTH="113" HEIGHT="29" WC="0.96" CONTENT="andra"/><SP WIDTH="20" VPOS="1746" HPOS="1199"/>
							<String ID="string_334" HPOS="1219" VPOS="1744" WIDTH="75" HEIGHT="30" WC="0.96" CONTENT="skäl"/><SP WIDTH="21" VPOS="1744" HPOS="1294"/>
							<String ID="string_335" HPOS="1315" VPOS="1741" WIDTH="107" HEIGHT="40" WC="0.96" CONTENT="avgår"/><SP WIDTH="20" VPOS="1741" HPOS="1422"/>
							<String ID="string_336" HPOS="1442" VPOS="1741" WIDTH="58" HEIGHT="31" WC="0.96" CONTENT="vid"/><SP WIDTH="20" VPOS="1741" HPOS="1500"/>
							<String ID="string_337" HPOS="1520" VPOS="1740" WIDTH="136" HEIGHT="31" WC="0.96" CONTENT="kanske"/><SP WIDTH="20" VPOS="1740" HPOS="1656"/>
							<String ID="string_338" HPOS="1676" VPOS="1740" WIDTH="94" HEIGHT="38" WC="0.96" CONTENT="lägre"/>
						</TextLine>
						<TextLine ID="line_36" HPOS="284" VPOS="1787" WIDTH="1159" HEIGHT="46">
							<String ID="string_339" HPOS="284" VPOS="1798" WIDTH="253" HEIGHT="35" WC="0.91" CONTENT="levnadsålder,"/><SP WIDTH="19" VPOS="1798" HPOS="537"/>
							<String ID="string_340" HPOS="556" VPOS="1797" WIDTH="89" HEIGHT="30" WC="0.96" CONTENT="skall"/><SP WIDTH="20" VPOS="1797" HPOS="645"/>
							<String ID="string_341" HPOS="665" VPOS="1794" WIDTH="133" HEIGHT="32" WC="0.96" CONTENT="erhålla"/><SP WIDTH="18" VPOS="1794" HPOS="798"/>
							<String ID="string_342" HPOS="816" VPOS="1791" WIDTH="193" HEIGHT="32" WC="0.96" CONTENT="understöd"/><SP WIDTH="17" VPOS="1791" HPOS="1009"/>
							<String ID="string_343" HPOS="1026" VPOS="1793" WIDTH="86" HEIGHT="28" WC="0.96" CONTENT="utan"/><SP WIDTH="18" VPOS="1793" HPOS="1112"/>
							<String ID="string_344" HPOS="1130" VPOS="1788" WIDTH="110" HEIGHT="32" WC="0.96" CONTENT="sådan"/><SP WIDTH="19" VPOS="1788" HPOS="1240"/>
							<String ID="string_345" HPOS="1259" VPOS="1787" WIDTH="184" HEIGHT="40" WC="0.96" CONTENT="prövning."/>
						</TextLine>
					</TextBlock>
					<TextBlock ID="block_7" HPOS="283" VPOS="1836" WIDTH="1489" HEIGHT="185">
						<TextLine ID="line_37" HPOS="328" VPOS="1836" WIDTH="1444" HEIGHT="55">
							<String ID="string_346" HPOS="328" VPOS="1851" WIDTH="326" HEIGHT="40" WC="0.92" CONTENT="Telegrafstyrelsen"/><SP WIDTH="21" VPOS="1851" HPOS="654"/>
							<String ID="string_347" HPOS="675" VPOS="1850" WIDTH="64" HEIGHT="29" WC="0.96" CONTENT="har"/><SP WIDTH="20" VPOS="1850" HPOS="739"/>
							<String ID="string_348" HPOS="759" VPOS="1848" WIDTH="10" HEIGHT="30" WC="0.96" CONTENT="i"/><SP WIDTH="21" VPOS="1848" HPOS="769"/>
							<String ID="string_349" HPOS="790" VPOS="1846" WIDTH="162" HEIGHT="31" WC="0.96" CONTENT="skrivelse"/><SP WIDTH="21" VPOS="1846" HPOS="952"/>
							<String ID="string_350" HPOS="973" VPOS="1845" WIDTH="50" HEIGHT="29" WC="0.96" CONTENT="till"/><SP WIDTH="24" VPOS="1845" HPOS="1023"/>
							<String ID="string_351" HPOS="1047" VPOS="1843" WIDTH="124" HEIGHT="38" WC="0.94" CONTENT="Kungl."/><SP WIDTH="24" VPOS="1843" HPOS="1171"/>
							<String ID="string_352" HPOS="1195" VPOS="1841" WIDTH="98" HEIGHT="39" WC="0.96" CONTENT="Maj:t"/><SP WIDTH="25" VPOS="1841" HPOS="1293"/>
							<String ID="string_353" HPOS="1318" VPOS="1841" WIDTH="66" HEIGHT="30" WC="0.96" CONTENT="den"/><SP WIDTH="24" VPOS="1841" HPOS="1384"/>
							<String ID="string_354" HPOS="1408" VPOS="1841" WIDTH="41" HEIGHT="29" WC="0.96" CONTENT="20"/><SP WIDTH="25" VPOS="1841" HPOS="1449"/>
							<String ID="string_355" HPOS="1474" VPOS="1838" WIDTH="192" HEIGHT="40" WC="0.96" CONTENT="september"/><SP WIDTH="24" VPOS="1838" HPOS="1666"/>
							<String ID="string_356" HPOS="1690" VPOS="1836" WIDTH="82" HEIGHT="31" WC="0.96" CONTENT="1943"/>
						</TextLine>
						<TextLine ID="line_38" HPOS="283" VPOS="1881" WIDTH="1489" HEIGHT="52">
							<String ID="string_357" HPOS="283" VPOS="1897" WIDTH="165" HEIGHT="31" WC="0.93" CONTENT="framfört"/><SP WIDTH="20" VPOS="1897" HPOS="448"/>
							<String ID="string_358" HPOS="468" VPOS="1896" WIDTH="190" HEIGHT="37" WC="0.91" CONTENT="erinringar"/><SP WIDTH="20" VPOS="1896" HPOS="658"/>
							<String ID="string_359" HPOS="678" VPOS="1903" WIDTH="43" HEIGHT="20" WC="0.96" CONTENT="av"/><SP WIDTH="21" VPOS="1903" HPOS="721"/>
							<String ID="string_360" HPOS="742" VPOS="1893" WIDTH="90" HEIGHT="30" WC="0.96" CONTENT="detta"/><SP WIDTH="21" VPOS="1893" HPOS="832"/>
							<String ID="string_361" HPOS="853" VPOS="1891" WIDTH="74" HEIGHT="38" WC="0.96" CONTENT="slag"/><SP WIDTH="20" VPOS="1891" HPOS="927"/>
							<String ID="string_362" HPOS="947" VPOS="1890" WIDTH="64" HEIGHT="30" WC="0.96" CONTENT="och"/><SP WIDTH="19" VPOS="1890" HPOS="1011"/>
							<String ID="string_363" HPOS="1030" VPOS="1887" WIDTH="178" HEIGHT="39" WC="0.95" CONTENT="föreslagit"/><SP WIDTH="20" VPOS="1887" HPOS="1208"/>
							<String ID="string_364" HPOS="1228" VPOS="1889" WIDTH="48" HEIGHT="27" WC="0.96" CONTENT="att"/><SP WIDTH="19" VPOS="1889" HPOS="1276"/>
							<String ID="string_365" HPOS="1295" VPOS="1884" WIDTH="347" HEIGHT="39" WC="0.91" CONTENT="behovsprövningen"/><SP WIDTH="22" VPOS="1884" HPOS="1642"/>
							<String ID="string_366" HPOS="1664" VPOS="1881" WIDTH="108" HEIGHT="31" WC="0.96" CONTENT="skulle"/>
						</TextLine>
						<TextLine ID="line_39" HPOS="283" VPOS="1928" WIDTH="1489" HEIGHT="44">
							<String ID="string_367" HPOS="283" VPOS="1942" WIDTH="165" HEIGHT="30" WC="0.91" CONTENT="bortfalla"/><SP WIDTH="24" VPOS="1942" HPOS="448"/>
							<String ID="string_368" HPOS="472" VPOS="1942" WIDTH="86" HEIGHT="29" WC="0.96" CONTENT="även"/><SP WIDTH="24" VPOS="1942" HPOS="558"/>
							<String ID="string_369" HPOS="582" VPOS="1940" WIDTH="59" HEIGHT="29" WC="0.93" CONTENT="vid"/><SP WIDTH="23" VPOS="1940" HPOS="641"/>
							<String ID="string_370" HPOS="664" VPOS="1936" WIDTH="212" HEIGHT="32" WC="0.91" CONTENT="tilldelandet"/><SP WIDTH="25" VPOS="1936" HPOS="876"/>
							<String ID="string_371" HPOS="901" VPOS="1945" WIDTH="42" HEIGHT="20" WC="0.96" CONTENT="av"/><SP WIDTH="25" VPOS="1945" HPOS="943"/>
							<String ID="string_372" HPOS="968" VPOS="1933" WIDTH="189" HEIGHT="31" WC="0.96" CONTENT="understöd"/><SP WIDTH="26" VPOS="1933" HPOS="1157"/>
							<String ID="string_373" HPOS="1183" VPOS="1932" WIDTH="58" HEIGHT="29" WC="0.96" CONTENT="vid"/><SP WIDTH="25" VPOS="1932" HPOS="1241"/>
							<String ID="string_374" HPOS="1266" VPOS="1929" WIDTH="135" HEIGHT="40" WC="0.96" CONTENT="avgång"/><SP WIDTH="28" VPOS="1929" HPOS="1401"/>
							<String ID="string_375" HPOS="1429" VPOS="1928" WIDTH="45" HEIGHT="40" WC="0.96" CONTENT="på"/><SP WIDTH="26" VPOS="1928" HPOS="1474"/>
							<String ID="string_376" HPOS="1500" VPOS="1928" WIDTH="112" HEIGHT="39" WC="0.96" CONTENT="grund"/><SP WIDTH="27" VPOS="1928" HPOS="1612"/>
							<String ID="string_377" HPOS="1639" VPOS="1936" WIDTH="43" HEIGHT="21" WC="0.93" CONTENT="av"/><SP WIDTH="26" VPOS="1936" HPOS="1682"/>
							<String ID="string_378" HPOS="1708" VPOS="1928" WIDTH="64" HEIGHT="28" WC="0.93" CONTENT="sta-"/>
						</TextLine>
						<TextLine ID="line_40" HPOS="284" VPOS="1983" WIDTH="447" HEIGHT="38">
							<String ID="string_379" HPOS="284" VPOS="1987" WIDTH="135" HEIGHT="30" WC="0.92" CONTENT="tionens"/><SP WIDTH="18" VPOS="1987" HPOS="419"/>
							<String ID="string_380" HPOS="437" VPOS="1983" WIDTH="294" HEIGHT="38" WC="0.95" CONTENT="automatisering."/>
						</TextLine>
					</TextBlock>
				</ComposedBlock>
				<ComposedBlock ID="cblock_3" HPOS="287" VPOS="2060" WIDTH="1490" HEIGHT="473">
					<TextBlock ID="block_8" HPOS="287" VPOS="2060" WIDTH="1490" HEIGHT="473">
						<TextLine ID="line_41" HPOS="331" VPOS="2060" WIDTH="1442" HEIGHT="47">
							<String ID="string_381" HPOS="331" VPOS="2074" WIDTH="124" HEIGHT="32" WC="0.96" CONTENT="Såsom"/><SP WIDTH="28" VPOS="2074" HPOS="455"/>
							<String ID="string_382" HPOS="483" VPOS="2084" WIDTH="42" HEIGHT="20" WC="0.96" CONTENT="av"/><SP WIDTH="31" VPOS="2084" HPOS="525"/>
							<String ID="string_383" HPOS="556" VPOS="2074" WIDTH="67" HEIGHT="29" WC="0.96" CONTENT="den"/><SP WIDTH="28" VPOS="2074" HPOS="623"/>
							<String ID="string_384" HPOS="651" VPOS="2071" WIDTH="164" HEIGHT="31" WC="0.96" CONTENT="lämnade"/><SP WIDTH="29" VPOS="2071" HPOS="815"/>
							<String ID="string_385" HPOS="844" VPOS="2068" WIDTH="247" HEIGHT="39" WC="0.96" CONTENT="redogörelsen"/><SP WIDTH="29" VPOS="2068" HPOS="1091"/>
							<String ID="string_386" HPOS="1120" VPOS="2063" WIDTH="166" HEIGHT="41" WC="0.96" CONTENT="framgår,"/><SP WIDTH="30" VPOS="2063" HPOS="1286"/>
							<String ID="string_387" HPOS="1316" VPOS="2064" WIDTH="66" HEIGHT="29" WC="0.96" CONTENT="har"/><SP WIDTH="32" VPOS="2064" HPOS="1382"/>
							<String ID="string_388" HPOS="1414" VPOS="2063" WIDTH="68" HEIGHT="30" WC="0.96" CONTENT="den"/><SP WIDTH="29" VPOS="2063" HPOS="1482"/>
							<String ID="string_389" HPOS="1511" VPOS="2062" WIDTH="11" HEIGHT="30" WC="0.96" CONTENT="i"/><SP WIDTH="29" VPOS="2062" HPOS="1522"/>
							<String ID="string_390" HPOS="1551" VPOS="2060" WIDTH="222" HEIGHT="32" WC="0.95" CONTENT="motionerna"/>
						</TextLine>
						<TextLine ID="line_42" HPOS="287" VPOS="2114" WIDTH="1487" HEIGHT="52">
							<String ID="string_391" HPOS="287" VPOS="2129" WIDTH="126" HEIGHT="30" WC="0.96" CONTENT="väckta"/><SP WIDTH="21" VPOS="2129" HPOS="413"/>
							<String ID="string_392" HPOS="434" VPOS="2126" WIDTH="125" HEIGHT="40" WC="0.96" CONTENT="frågan"/><SP WIDTH="22" VPOS="2126" HPOS="559"/>
							<String ID="string_393" HPOS="581" VPOS="2136" WIDTH="58" HEIGHT="20" WC="0.96" CONTENT="om"/><SP WIDTH="20" VPOS="2136" HPOS="639"/>
							<String ID="string_394" HPOS="659" VPOS="2128" WIDTH="48" HEIGHT="27" WC="0.96" CONTENT="ett"/><SP WIDTH="20" VPOS="2128" HPOS="707"/>
							<String ID="string_395" HPOS="727" VPOS="2123" WIDTH="168" HEIGHT="40" WC="0.96" CONTENT="slopande"/><SP WIDTH="21" VPOS="2123" HPOS="895"/>
							<String ID="string_396" HPOS="916" VPOS="2131" WIDTH="43" HEIGHT="21" WC="0.96" CONTENT="av"/><SP WIDTH="19" VPOS="2131" HPOS="959"/>
							<String ID="string_397" HPOS="978" VPOS="2118" WIDTH="353" HEIGHT="40" WC="0.92" CONTENT="behovsprövningen"/><SP WIDTH="21" VPOS="2118" HPOS="1331"/>
							<String ID="string_398" HPOS="1352" VPOS="2117" WIDTH="57" HEIGHT="30" WC="0.93" CONTENT="för"/><SP WIDTH="22" VPOS="2117" HPOS="1409"/>
							<String ID="string_399" HPOS="1431" VPOS="2114" WIDTH="343" HEIGHT="32" WC="0.89" CONTENT="växelstationsföre-"/>
						</TextLine>
						<TextLine ID="line_43" HPOS="288" VPOS="2166" WIDTH="1486" HEIGHT="51">
							<String ID="string_400" HPOS="288" VPOS="2181" WIDTH="174" HEIGHT="36" WC="0.96" CONTENT="ståndare,"/><SP WIDTH="29" VPOS="2181" HPOS="462"/>
							<String ID="string_401" HPOS="491" VPOS="2190" WIDTH="74" HEIGHT="21" WC="0.92" CONTENT="som"/><SP WIDTH="29" VPOS="2190" HPOS="565"/>
							<String ID="string_402" HPOS="594" VPOS="2178" WIDTH="192" HEIGHT="39" WC="0.91" CONTENT="entledigas"/><SP WIDTH="26" VPOS="2178" HPOS="786"/>
							<String ID="string_403" HPOS="812" VPOS="2176" WIDTH="53" HEIGHT="30" WC="0.96" CONTENT="till"/><SP WIDTH="27" VPOS="2176" HPOS="865"/>
							<String ID="string_404" HPOS="892" VPOS="2174" WIDTH="90" HEIGHT="39" WC="0.96" CONTENT="följd"/><SP WIDTH="26" VPOS="2174" HPOS="982"/>
							<String ID="string_405" HPOS="1008" VPOS="2183" WIDTH="42" HEIGHT="21" WC="0.93" CONTENT="av"/><SP WIDTH="27" VPOS="2183" HPOS="1050"/>
							<String ID="string_406" HPOS="1077" VPOS="2171" WIDTH="251" HEIGHT="32" WC="0.92" CONTENT="växelstations"/><SP WIDTH="28" VPOS="2171" HPOS="1328"/>
							<String ID="string_407" HPOS="1356" VPOS="2167" WIDTH="301" HEIGHT="39" WC="0.95" CONTENT="automatisering,"/><SP WIDTH="30" VPOS="2167" HPOS="1657"/>
							<String ID="string_408" HPOS="1687" VPOS="2166" WIDTH="87" HEIGHT="31" WC="0.95" CONTENT="varit"/>
						</TextLine>
						<TextLine ID="line_44" HPOS="289" VPOS="2220" WIDTH="1486" HEIGHT="52">
							<String ID="string_409" HPOS="289" VPOS="2234" WIDTH="151" HEIGHT="32" WC="0.95" CONTENT="föremål"/><SP WIDTH="21" VPOS="2234" HPOS="440"/>
							<String ID="string_410" HPOS="461" VPOS="2235" WIDTH="55" HEIGHT="29" WC="0.96" CONTENT="för"/><SP WIDTH="22" VPOS="2235" HPOS="516"/>
							<String ID="string_411" HPOS="538" VPOS="2232" WIDTH="175" HEIGHT="40" WC="0.96" CONTENT="prövning"/><SP WIDTH="21" VPOS="2232" HPOS="713"/>
							<String ID="string_412" HPOS="734" VPOS="2231" WIDTH="56" HEIGHT="30" WC="0.93" CONTENT="vid"/><SP WIDTH="21" VPOS="2231" HPOS="790"/>
							<String ID="string_413" HPOS="811" VPOS="2226" WIDTH="292" HEIGHT="40" WC="0.92" CONTENT="nästföregående"/><SP WIDTH="24" VPOS="2226" HPOS="1103"/>
							<String ID="string_414" HPOS="1127" VPOS="2224" WIDTH="56" HEIGHT="30" WC="0.96" CONTENT="års"/><SP WIDTH="23" VPOS="2224" HPOS="1183"/>
							<String ID="string_415" HPOS="1206" VPOS="2224" WIDTH="150" HEIGHT="38" WC="0.96" CONTENT="riksdag."/><SP WIDTH="28" VPOS="2224" HPOS="1356"/>
							<String ID="string_416" HPOS="1384" VPOS="2223" WIDTH="14" HEIGHT="29" WC="0.96" CONTENT="I"/><SP WIDTH="23" VPOS="2223" HPOS="1398"/>
							<String ID="string_417" HPOS="1421" VPOS="2221" WIDTH="172" HEIGHT="31" WC="0.96" CONTENT="samband"/><SP WIDTH="23" VPOS="2221" HPOS="1593"/>
							<String ID="string_418" HPOS="1616" VPOS="2220" WIDTH="82" HEIGHT="31" WC="0.93" CONTENT="med"/><SP WIDTH="22" VPOS="2220" HPOS="1698"/>
							<String ID="string_419" HPOS="1720" VPOS="2229" WIDTH="55" HEIGHT="21" WC="0.92" CONTENT="av-"/>
						</TextLine>
						<TextLine ID="line_45" HPOS="287" VPOS="2271" WIDTH="1487" HEIGHT="52">
							<String ID="string_420" HPOS="287" VPOS="2279" WIDTH="142" HEIGHT="44" WC="0.92" CONTENT="låtande"/><SP WIDTH="24" VPOS="2279" HPOS="429"/>
							<String ID="string_421" HPOS="453" VPOS="2289" WIDTH="42" HEIGHT="21" WC="0.96" CONTENT="av"/><SP WIDTH="21" VPOS="2289" HPOS="495"/>
							<String ID="string_422" HPOS="516" VPOS="2279" WIDTH="267" HEIGHT="39" WC="0.96" CONTENT="propositionen"/><SP WIDTH="24" VPOS="2279" HPOS="783"/>
							<String ID="string_423" HPOS="807" VPOS="2289" WIDTH="41" HEIGHT="20" WC="0.96" CONTENT="nr"/><SP WIDTH="22" VPOS="2289" HPOS="848"/>
							<String ID="string_424" HPOS="870" VPOS="2280" WIDTH="64" HEIGHT="28" WC="0.96" CONTENT="353"/><SP WIDTH="24" VPOS="2280" HPOS="934"/>
							<String ID="string_425" HPOS="958" VPOS="2279" WIDTH="155" HEIGHT="29" WC="0.96" CONTENT="uttalade"/><SP WIDTH="24" VPOS="2279" HPOS="1113"/>
							<String ID="string_426" HPOS="1137" VPOS="2278" WIDTH="125" HEIGHT="30" WC="0.96" CONTENT="chefen"/><SP WIDTH="24" VPOS="2278" HPOS="1262"/>
							<String ID="string_427" HPOS="1286" VPOS="2277" WIDTH="55" HEIGHT="30" WC="0.96" CONTENT="för"/><SP WIDTH="24" VPOS="2277" HPOS="1341"/>
							<String ID="string_428" HPOS="1365" VPOS="2271" WIDTH="409" HEIGHT="47" WC="0.91" CONTENT="finansdepartementet,"/>
						</TextLine>
						<TextLine ID="line_46" HPOS="288" VPOS="2327" WIDTH="1488" HEIGHT="42">
							<String ID="string_429" HPOS="288" VPOS="2336" WIDTH="49" HEIGHT="28" WC="0.96" CONTENT="att"/><SP WIDTH="23" VPOS="2336" HPOS="337"/>
							<String ID="string_430" HPOS="360" VPOS="2334" WIDTH="72" HEIGHT="29" WC="0.96" CONTENT="han"/><SP WIDTH="27" VPOS="2334" HPOS="432"/>
							<String ID="string_431" HPOS="459" VPOS="2332" WIDTH="44" HEIGHT="31" WC="0.96" CONTENT="då"/><SP WIDTH="23" VPOS="2332" HPOS="503"/>
							<String ID="string_432" HPOS="526" VPOS="2333" WIDTH="76" HEIGHT="30" WC="0.96" CONTENT="icke"/><SP WIDTH="25" VPOS="2333" HPOS="602"/>
							<String ID="string_433" HPOS="627" VPOS="2342" WIDTH="83" HEIGHT="20" WC="0.96" CONTENT="vore"/><SP WIDTH="24" VPOS="2342" HPOS="710"/>
							<String ID="string_434" HPOS="734" VPOS="2332" WIDTH="129" HEIGHT="30" WC="0.96" CONTENT="beredd"/><SP WIDTH="25" VPOS="2332" HPOS="863"/>
							<String ID="string_435" HPOS="888" VPOS="2334" WIDTH="51" HEIGHT="28" WC="0.96" CONTENT="att"/><SP WIDTH="24" VPOS="2334" HPOS="939"/>
							<String ID="string_436" HPOS="963" VPOS="2332" WIDTH="144" HEIGHT="30" WC="0.96" CONTENT="förorda"/><SP WIDTH="27" VPOS="2332" HPOS="1107"/>
							<String ID="string_437" HPOS="1134" VPOS="2334" WIDTH="49" HEIGHT="27" WC="0.93" CONTENT="ett"/><SP WIDTH="25" VPOS="2334" HPOS="1183"/>
							<String ID="string_438" HPOS="1208" VPOS="2330" WIDTH="239" HEIGHT="39" WC="0.91" CONTENT="eftergivande"/><SP WIDTH="28" VPOS="2330" HPOS="1447"/>
							<String ID="string_439" HPOS="1475" VPOS="2338" WIDTH="41" HEIGHT="21" WC="0.93" CONTENT="av"/><SP WIDTH="25" VPOS="2338" HPOS="1516"/>
							<String ID="string_440" HPOS="1541" VPOS="2327" WIDTH="235" HEIGHT="38" WC="0.91" CONTENT="behovspröv-"/>
						</TextLine>
						<TextLine ID="line_47" HPOS="288" VPOS="2379" WIDTH="1488" HEIGHT="46">
							<String ID="string_441" HPOS="288" VPOS="2387" WIDTH="130" HEIGHT="38" WC="0.96" CONTENT="ningen"/><SP WIDTH="30" VPOS="2387" HPOS="418"/>
							<String ID="string_442" HPOS="448" VPOS="2386" WIDTH="11" HEIGHT="30" WC="0.96" CONTENT="i"/><SP WIDTH="29" VPOS="2386" HPOS="459"/>
							<String ID="string_443" HPOS="488" VPOS="2387" WIDTH="63" HEIGHT="29" WC="0.96" CONTENT="här"/><SP WIDTH="27" VPOS="2387" HPOS="551"/>
							<String ID="string_444" HPOS="578" VPOS="2386" WIDTH="154" HEIGHT="30" WC="0.96" CONTENT="avsedda"/><SP WIDTH="27" VPOS="2386" HPOS="732"/>
							<String ID="string_445" HPOS="759" VPOS="2386" WIDTH="70" HEIGHT="30" WC="0.96" CONTENT="fall."/><SP WIDTH="41" VPOS="2386" HPOS="829"/>
							<String ID="string_446" HPOS="870" VPOS="2385" WIDTH="14" HEIGHT="30" WC="0.96" CONTENT="I"/><SP WIDTH="28" VPOS="2385" HPOS="884"/>
							<String ID="string_447" HPOS="912" VPOS="2385" WIDTH="94" HEIGHT="30" WC="0.96" CONTENT="detta"/><SP WIDTH="26" VPOS="2385" HPOS="1006"/>
							<String ID="string_448" HPOS="1032" VPOS="2384" WIDTH="203" HEIGHT="30" WC="0.96" CONTENT="hänseende"/><SP WIDTH="27" VPOS="2384" HPOS="1235"/>
							<String ID="string_449" HPOS="1262" VPOS="2383" WIDTH="96" HEIGHT="39" WC="0.93" CONTENT="intog"/><SP WIDTH="28" VPOS="2383" HPOS="1358"/>
							<String ID="string_450" HPOS="1386" VPOS="2379" WIDTH="390" HEIGHT="42" WC="0.91" CONTENT="departementschefen"/>
						</TextLine>
						<TextLine ID="line_48" HPOS="289" VPOS="2433" WIDTH="1488" HEIGHT="46">
							<String ID="string_451" HPOS="289" VPOS="2450" WIDTH="135" HEIGHT="21" WC="0.96" CONTENT="samma"/><SP WIDTH="18" VPOS="2450" HPOS="424"/>
							<String ID="string_452" HPOS="442" VPOS="2439" WIDTH="228" HEIGHT="40" WC="0.96" CONTENT="ståndpunkt,"/><SP WIDTH="19" VPOS="2439" HPOS="670"/>
							<String ID="string_453" HPOS="689" VPOS="2449" WIDTH="76" HEIGHT="20" WC="0.96" CONTENT="som"/><SP WIDTH="15" VPOS="2449" HPOS="765"/>
							<String ID="string_454" HPOS="780" VPOS="2439" WIDTH="57" HEIGHT="30" WC="0.96" CONTENT="vid"/><SP WIDTH="17" VPOS="2439" HPOS="837"/>
							<String ID="string_455" HPOS="854" VPOS="2439" WIDTH="163" HEIGHT="30" WC="0.96" CONTENT="ärendets"/><SP WIDTH="17" VPOS="2439" HPOS="1017"/>
							<String ID="string_456" HPOS="1034" VPOS="2438" WIDTH="257" HEIGHT="30" WC="0.96" CONTENT="förberedande"/><SP WIDTH="19" VPOS="2438" HPOS="1291"/>
							<String ID="string_457" HPOS="1310" VPOS="2434" WIDTH="262" HEIGHT="40" WC="0.92" CONTENT="handläggning"/><SP WIDTH="17" VPOS="2434" HPOS="1572"/>
							<String ID="string_458" HPOS="1589" VPOS="2433" WIDTH="188" HEIGHT="31" WC="0.92" CONTENT="tillkänna-"/>
						</TextLine>
						<TextLine ID="line_49" HPOS="290" VPOS="2482" WIDTH="1487" HEIGHT="51">
							<String ID="string_459" HPOS="290" VPOS="2495" WIDTH="100" HEIGHT="38" WC="0.96" CONTENT="givits"/><SP WIDTH="25" VPOS="2495" HPOS="390"/>
							<String ID="string_460" HPOS="415" VPOS="2504" WIDTH="43" HEIGHT="21" WC="0.96" CONTENT="av"/><SP WIDTH="23" VPOS="2504" HPOS="458"/>
							<String ID="string_461" HPOS="481" VPOS="2494" WIDTH="263" HEIGHT="30" WC="0.93" CONTENT="statskontoret."/><SP WIDTH="34" VPOS="2494" HPOS="744"/>
							<String ID="string_462" HPOS="778" VPOS="2488" WIDTH="264" HEIGHT="34" WC="0.91" CONTENT="Ämbetsverket"/><SP WIDTH="24" VPOS="2488" HPOS="1042"/>
							<String ID="string_463" HPOS="1066" VPOS="2491" WIDTH="92" HEIGHT="30" WC="0.93" CONTENT="hade"/><SP WIDTH="23" VPOS="2491" HPOS="1158"/>
							<String ID="string_464" HPOS="1181" VPOS="2509" WIDTH="44" HEIGHT="3" WC="0.90" CONTENT="—"/><SP WIDTH="22" VPOS="2509" HPOS="1225"/>
							<String ID="string_465" HPOS="1247" VPOS="2491" WIDTH="79" HEIGHT="29" WC="0.93" CONTENT="med"/><SP WIDTH="26" VPOS="2491" HPOS="1326"/>
							<String ID="string_466" HPOS="1352" VPOS="2489" WIDTH="177" HEIGHT="31" WC="0.91" CONTENT="förmälan"/><SP WIDTH="24" VPOS="2489" HPOS="1529"/>
							<String ID="string_467" HPOS="1553" VPOS="2490" WIDTH="51" HEIGHT="28" WC="0.97" CONTENT="att"/><SP WIDTH="25" VPOS="2490" HPOS="1604"/>
							<String ID="string_468" HPOS="1629" VPOS="2482" WIDTH="148" HEIGHT="45" WC="0.91" CONTENT="ämbets-"/>
						</TextLine>
					</TextBlock>
				</ComposedBlock>
			</PrintSpace>
		</Page>
	</Layout>
</alto>
