1874 2810
298 132 40 30 10
665 138 435 33 Konstitutionsutskottets
1123 141 174 31 utlåtande
1319 152 42 21 nr
1387 144 50 30 22.

991 402 61 41 Nr
1078 403 62 41 22.

735 506 124 28 Ankom
881 507 47 27 till
950 508 179 35 riksdagens
1152 510 97 27 kansli
1273 511 59 27 den
1355 512 17 27 6
1396 512 67 34 juni
1488 513 79 27 1945
1592 514 40 26 kl.
1658 514 17 27 3
1699 522 58 20 em.

517 614 435 35 Konstitutionsutskottets
975 619 176 31 utlåtande
1175 622 11 29 i
1209 622 188 37 anledning
1418 633 42 21 av
1483 624 126 32 väckta
1630 626 169 30 motioner

736 675 57 22 om
820 667 231 38 avskaffande
1062 679 43 21 av
1117 670 306 38 utskyldsstrecket
1432 672 116 32 såsom
1559 674 239 38 diskvalifika-

736 718 204 36 tionsgrund
955 720 56 36 för
1028 720 179 32 valbarhet
1224 723 65 30 och
1307 723 201 37 behörighet
1525 725 51 31 till
1593 727 90 30 vissa
1700 727 98 30 kom-

736 769 143 31 munala
901 770 358 40 förtroendeuppdrag
1284 783 46 22 m.
1356 784 45 22 m.

341 864 416 35 Konstitutionsutskottet
777 869 66 31 har
864 869 50 31 till
936 870 213 39 behandling
1171 872 10 30 i
1203 877 46 27 ett
1271 875 256 37 sammanhang
1548 875 153 33 förehaft
1725 877 71 31 dels

295 914 43 31 de
360 915 223 37 likalydande
605 918 218 31 motionerna
848 930 42 20 nr
915 921 60 30 109
999 921 11 30 i
1034 921 109 31 första
1167 922 205 33 kammaren
1396 934 43 21 av
1462 926 82 30 herr
1567 926 97 37 Hage
1688 937 44 22 m.
1757 927 38 37 fl.

294 966 67 29 och
380 976 43 20 nr
445 967 60 30 194
528 967 11 30 i
560 968 110 30 andra
692 968 204 32 kammaren
916 980 43 21 av
980 971 81 31 herr
1081 972 197 39 Spångberg
1300 984 44 22 m.
1369 975 49 39 fl.,
1440 976 71 30 dels
1532 976 67 31 ock
1619 977 177 31 motionen

294 1024 44 22 nr
363 1017 61 30 189
444 1016 12 31 i
476 1018 111 31 andra
610 1019 204 31 kammaren
836 1030 43 21 av
899 1021 81 31 herr
1000 1023 147 31 Persson
1169 1023 11 30 i
1203 1024 195 32 Landafors
1420 1036 44 21 m.
1490 1026 37 37 fl.
1550 1026 12 30 i
1584 1027 67 31 vad
1675 1028 66 30 den
1763 1028 31 39 ej

293 1066 109 31 redan
423 1068 173 36 upptagits
617 1069 50 31 till
688 1070 211 38 behandling
918 1071 11 30 i
949 1073 182 31 utskottets
1151 1073 178 33 utlåtande
1350 1085 43 21 nr
1416 1077 51 30 21.

340 1117 13 29 I
377 1117 215 32 motionerna
617 1120 27 30 I:
661 1120 61 31 109
748 1121 65 30 och
838 1121 43 31 II:
899 1122 60 30 194
983 1123 207 38 hemställes,
1221 1129 68 27 »att
1311 1125 185 38 riksdagen
1520 1126 107 33 måtte
1650 1129 144 36 besluta,

286 1170 57 28 att
367 1167 42 31 de
432 1168 58 31 vid
515 1170 217 32 1935—1936
755 1170 56 32 års
835 1172 182 37 riksdagar
1038 1174 140 32 införda
1201 1175 308 34 bestämmelserna
1533 1178 12 31 i
1568 1180 144 36 lagarna
1736 1191 58 21 om

292 1217 349 38 kommunalstyrelse
661 1219 44 40 på
724 1222 119 31 landet
862 1223 65 30 och
947 1223 11 30 i
979 1224 77 30 stad
1085 1224 182 39 (inklusive
1286 1226 11 30 i
1320 1226 229 42 Stockholm),
1572 1230 143 36 lagarna
1735 1241 59 21 om

292 1267 366 39 församlingsstyrelse
690 1270 182 40 (inklusive
900 1273 11 30 i
943 1272 229 40 Stockholm),
1201 1277 100 35 lagen
1327 1287 60 21 om
1415 1278 220 37 skolstyrelse
1662 1280 12 30 i
1703 1280 91 32 vissa

291 1318 208 33 kommuner
521 1321 67 30 och
612 1322 99 36 lagen
736 1332 58 21 om
816 1323 183 38 landsting,
1028 1329 49 27 att
1103 1326 179 32 valbarhet
1304 1328 67 30 och
1397 1328 204 37 behörighet
1624 1330 52 31 till
1703 1331 91 31 vissa

292 1368 225 34 kommunala
544 1370 359 40 förtroendeuppdrag
927 1374 33 39 ej
988 1374 212 32 tillkommer
1224 1377 78 37 den,
1332 1387 75 22 som
1434 1378 120 32 häftar
1582 1380 55 31 för
1662 1381 131 31 honom

290 1418 148 40 påförda
461 1421 179 36 utskylder
662 1422 50 31 till
735 1422 214 32 kommunen
981 1424 246 42 (landstinget),
1253 1427 94 32 vilka
1370 1428 148 32 förfallit
1543 1429 51 32 till
1618 1430 176 38 betalning

290 1470 111 31 under
421 1469 103 38 något
544 1481 44 21 av
609 1473 42 30 de
672 1477 50 26 tre
741 1473 231 33 sistförflutna
993 1475 258 38 kalenderåren,
1272 1477 109 32 måtte
1400 1478 112 37 utgå».

336 1520 14 30 I
369 1521 176 31 motionen
566 1522 44 31 II:
628 1523 61 30 189
708 1523 207 38 hemställes,
940 1529 69 28 »att
1027 1526 185 37 riksdagen
1232 1527 56 31 för
1311 1528 53 30 sin
1385 1530 54 29 del
1460 1528 108 33 måtte
1589 1530 135 33 besluta
1744 1536 47 27 att

289 1571 81 30 med
386 1572 232 35 upphävande
635 1583 43 21 av
695 1583 48 21 nu
761 1575 159 36 gällande
936 1577 56 36 lag
1009 1575 45 37 på
1071 1576 155 33 området
1243 1582 126 33 antaga
1386 1579 259 33 nedanstående
1662 1581 131 37 förslag

287 1620 53 31 till
364 1621 71 37 Lag
455 1623 80 30 med
557 1623 260 32 bestämmelser
838 1635 58 21 om
917 1627 180 31 allmänna
1122 1628 209 31 valbarhets-
1354 1630 66 29 och
1445 1626 348 46 behörighetsvillkor

290 1670 56 32 för
368 1671 90 32 vissa
481 1672 228 32 kommunala
733 1675 170 37 uppdrag:

1002 1778 18 37 8
1049 1779 26 30 1.

334 1839 13 30 I
365 1840 112 30 denna
493 1842 55 35 lag
567 1842 201 30 meddelade
785 1843 259 32 bestämmelser
1061 1845 90 31 hava
1167 1847 169 30 avseende
1353 1845 20 32 å
1391 1847 155 39 följande
1563 1848 228 33 kommunala

287 1889 171 39 uppdrag:

333 1940 210 32 ordförande
560 1942 68 30 och
649 1941 71 32 vice
741 1943 211 32 ordförande
971 1944 10 31 i
1002 1945 228 38 kommunal-,
1253 1946 214 39 municipal-,
1489 1948 127 37 kyrko-
1637 1950 65 30 och
1724 1950 64 31 fat-

287 1989 315 39 tigvårdsstämma;

331 2040 228 39 kommunal-,
582 2042 214 40 municipal-,
821 2044 117 37 stads-,
963 2045 126 37 kyrko-
1113 2047 65 30 och
1201 2046 414 40 fattigvårdsfullmäktig,
1642 2050 146 31 försam-

285 2089 270 38 lingsdelegerad
580 2092 12 30 i
618 2093 200 31 Stockholm
844 2095 65 30 och
934 2096 277 36 landstingsman
1235 2103 90 26 samt
1351 2100 184 35 suppleant
1559 2100 56 31 för
1642 2100 145 31 försam-

284 2140 272 38 lingsdelegerad
573 2143 82 31 eller
672 2144 287 38 landstingsman;

330 2192 151 32 ledamot
501 2194 66 30 och
592 2194 182 39 suppleant
798 2195 11 30 i
832 2195 215 32 direktionen
1071 2198 55 30 för
1150 2197 359 34 kommunalförbund
1530 2201 67 30 och
1619 2201 56 30 för
1698 2211 88 21 sam-

284 2242 238 38 manslutning
546 2253 43 21 av
610 2244 94 31 olika
728 2245 214 32 skoldistrikt
966 2247 55 31 för
1044 2246 175 33 vårdande
1242 2259 42 21 av
1307 2250 258 38 angelägenhet,
1591 2260 75 21 som
1689 2261 98 22 avses

284 2291 12 30 i
313 2292 332 39 folkskolestadgan;
665 2300 90 26 samt

329 2343 151 31 ledamot
504 2345 66 29 och
600 2346 182 38 suppleant
809 2356 43 21 av
877 2347 346 38 kommunalnämnd,
1248 2350 322 38 drätselkammare,
1597 2350 188 39 kyrkoråd,

285 2391 149 39 skolråd,
458 2393 192 38 landstings
673 2396 360 36 förvaltningsutskott
1055 2399 164 30 ävensom
1242 2409 43 21 av
1308 2409 118 21 annan
1448 2400 57 31 för
1528 2401 258 32 handhavande

284 2451 43 21 av
352 2443 204 32 kommunal
583 2445 242 37 förvaltnings-
850 2448 81 30 eller
955 2448 413 37 verkställighetsuppgift
1394 2450 120 32 tillsatt
1539 2451 141 37 styrelse
1705 2453 81 30 eller

283 2493 142 32 nämnd.
