2207 2667
632 173 401 32 Konstitutionsutskottets
1062 172 169 33 Utlåtande
1254 172 52 32 Nr
1330 173 50 32 14.
1733 174 20 30 3

203 254 131 36 Andra
373 253 218 36 kammaren
618 253 85 36 med
734 254 71 35 108
833 257 122 32 röster
982 258 78 31 mot
1089 253 59 47 33,
1179 265 81 23 som
1288 251 150 36 tillföllo
1466 252 204 36 utskottets
1698 252 103 36 hem-

205 307 147 47 ställan,
394 306 107 37 biföll
541 306 254 36 motionärens
836 305 144 48 förslag
1022 311 52 30 att
1115 305 101 36 hvila
1248 305 57 35 till
1332 304 127 37 vidare
1487 304 314 50 grundlagsenlig

204 359 245 48 behandling.

340 411 68 36 Vid
452 412 96 35 1885
584 412 58 34 års
683 409 156 48 riksdag
866 410 154 36 väcktes
1048 409 12 36 1
1088 414 126 31 ämnet
1242 411 62 33 två
1332 408 198 36 motioner.
1584 408 17 36 I
1630 409 68 36 den
1731 422 70 23 ena

206 463 196 47 föreslogs,
446 468 53 30 att
541 462 262 49 kyrkomötets
845 466 161 31 vetorätt
1047 461 120 35 skulle
1194 460 224 50 upphäfvas,
1448 461 12 35 i
1488 460 72 36 den
1589 461 127 47 andra,
1747 466 54 31 att

206 516 53 36 uti
300 515 20 49 I
358 517 45 34 87
435 528 113 23 mom.
579 516 20 33 2
629 514 343 47 regeringsformen
1001 513 105 36 ordet
1136 512 234 48 »samtycke»
1400 514 115 35 måtte
1541 512 153 49 utbytas
1723 519 78 30 mot

206 568 105 37 ordet
357 566 244 37 »utlåtande».
674 565 471 37 Konstitutionsutskottet
1196 564 184 50 afstyrkte
1430 564 127 49 bägge
1602 565 200 36 framställ-

206 621 199 48 ningarna.
1802 643 4 4 .

335 671 18 36 I
396 671 65 37 sitt
502 670 192 37 utlåtande
735 670 156 36 anförde
933 669 467 48 konstitutionsutskottet,
1443 669 114 36 bland
1586 675 124 42 annat,
1740 669 62 37 be-

206 724 187 36 träffande
435 723 61 36 det
534 727 75 32 sätt
637 723 142 48 hvarpå
807 722 240 49 kyrkomötet
1074 722 191 47 begagnat
1294 722 58 35 sin
1380 722 249 47 initiativrätt,
1660 727 54 31 att
1742 735 61 23 om

208 776 192 49 åtskilliga
440 776 102 36 inom
583 780 117 31 mötet
732 774 135 37 väckta
895 775 143 47 förslag
1066 773 53 37 till
1150 774 269 48 lagändringar
1446 774 82 36 icke
1554 774 136 36 vunnit
1718 774 84 37 dess

206 828 119 48 bifall,
356 828 133 36 sådant
516 828 82 35 icke
624 827 189 47 bevisade,
844 832 53 30 att
920 827 42 48 ju
991 826 82 36 icke
1092 829 194 44 utgången
1301 826 145 35 kunnat
1464 826 117 36 blifva
1601 840 45 22 en
1667 840 135 34 annan,

209 894 61 23 om
312 893 143 24 samma
491 880 144 47 förslag
663 879 256 36 framkommit
946 879 12 35 1
986 879 71 36 den
1087 878 286 48 fullständigare
1401 878 97 36 form
1528 878 69 36 och
1624 879 98 36 varit
1751 881 53 34 åt-

208 933 117 49 följda
354 933 40 35 af
419 932 71 36 den
519 931 291 48 omsorgfullare
838 931 215 48 utredning,
1084 944 80 23 som
1184 930 309 49 tillgodokomme
1510 935 52 31 ett
1582 931 40 35 af
1638 931 167 47 Konung

208 987 71 35 och
320 984 171 48 Riksdag
528 989 155 43 antaget
723 983 220 49 lagförslag.
998 983 194 36 Utskottet
1232 982 148 49 yttrade
1412 982 137 48 vidare,
1580 988 53 30 att
1660 983 76 35 lika
1765 986 40 33 så

207 1038 97 36 visst
346 1050 81 23 som
470 1036 291 37 statsmakterna
801 1035 117 37 borde
958 1040 72 44 äga
1073 1035 225 36 åtminstone
1336 1034 59 37 del
1422 1035 12 35 i
1461 1035 343 36 beslutanderätten

209 1090 106 35 öfver
342 1088 179 49 kyrkans,
552 1091 41 33 så
622 1093 52 30 att
704 1093 104 43 säga,
839 1087 312 47 estatsborgerliga
1181 1087 269 46 förhållanden,
1471 1086 75 36 lika
1567 1087 238 47 obestridligt

210 1147 131 44 syntes
371 1141 61 35 det
460 1154 102 34 vara,
593 1145 52 31 att
673 1140 159 48 kyrkan,
862 1139 30 49 ej
924 1139 143 36 mindre
1095 1144 47 31 än
1172 1139 121 47 öfriga
1320 1139 101 36 inom
1452 1144 122 31 staten
1602 1138 203 37 bestående

208 1193 179 48 religiösa
430 1192 188 47 samfund,
661 1195 119 33 måste
817 1196 71 43 äga
915 1196 74 31 rätt
1018 1196 53 31 att
1099 1191 226 36 åtminstone
1353 1191 149 47 deltaga
1529 1191 13 35 i
1569 1191 237 47 reglerandet

211 1246 40 35 af
289 1246 144 35 hennes
474 1245 81 35 inre
597 1244 325 48 angelägenheter.
979 1243 125 48 Långt
1144 1243 97 36 ifrån
1285 1247 54 31 att
1381 1243 128 36 skälen
1550 1243 58 36 för
1635 1248 171 43 upprätt-

210 1297 193 36 hållandet
445 1297 39 35 af
524 1310 45 22 en
610 1296 85 36 med
736 1296 149 46 verklig
918 1295 298 36 beslutanderätt
1243 1295 153 36 försedd
1424 1296 297 48 representation
1749 1295 59 36 för

209 1350 149 49 kyrkan
399 1348 245 37 förminskats
688 1348 114 36 sedan
835 1347 70 37 den
940 1361 74 35 nya
1041 1347 407 47 riksdagsordningens
1476 1347 207 48 införande,
1713 1347 95 36 bade

210 1407 162 30 tvärtom
403 1406 53 31 ett
483 1406 85 43 nytt
596 1400 267 48 oemotsägligt
889 1400 226 49 principiellt
1144 1399 81 36 skäl
1252 1399 216 36 tillkommit
1496 1412 137 34 genom
1654 1399 71 36 den
1744 1400 63 36 vid

214 1455 96 34 1870
354 1456 59 33 års
451 1452 158 48 riksdag
638 1457 165 43 antagna
830 1452 221 47 förändring
1080 1452 40 35 af
1144 1451 20 49 &
1193 1453 46 34 26
1268 1451 401 48 riksdagsordningen,
1698 1452 110 36 hvar-

210 1507 153 46 igenom
405 1504 236 37 främmande
682 1503 314 37 trosbekännares
1037 1504 224 48 behörighet
1304 1509 53 30 att
1384 1503 119 49 väljas
1531 1503 57 36 till
1614 1504 194 47 riksdags-

212 1563 86 31 män
325 1557 127 37 blifvit
478 1557 13 35 i
518 1557 189 47 väsentlig
736 1561 85 31 mån
848 1556 194 47 utvidgad.

342 1609 103 37 Båda
486 1610 200 35 kamrarna
726 1608 130 36 biföllo
897 1609 204 36 utskottets
1142 1608 234 41 hemställan,
1418 1608 135 36 Första
1593 1608 217 36 kammaren

212 1668 91 30 utan
331 1662 177 47 votering
536 1667 98 30 samt
661 1660 130 36 Andra
819 1661 216 35 kammaren
1064 1661 92 35 efter
1183 1660 206 36 verkställd
1416 1660 186 47 votering,
1631 1660 85 36 med
1739 1662 69 34 103

211 1719 122 31 röster
373 1719 80 31 mot
495 1715 59 46 94,
598 1726 80 24 som
721 1712 171 48 afgåfvos
921 1712 59 36 för
1009 1713 71 36 den
1107 1712 156 48 motion,
1293 1725 80 24 som
1404 1711 171 49 åsyftade
1602 1712 208 49 utbytande

213 1767 41 35 af
279 1766 105 36 ordet
412 1766 234 48 »samtycke»
675 1770 78 30 mot
782 1764 104 36 ordet
913 1764 242 37 »utlåtande».

341 1818 151 47 Frågan
525 1831 58 22 om
614 1817 262 48 kyrkomötets
905 1821 163 31 vetorätt
1096 1822 166 43 upptogs
1292 1816 209 37 sedermera
1528 1816 64 35 vid
1623 1817 98 34 1894
1751 1818 59 34 års

211 1869 169 48 riksdag,
424 1869 46 36 då
506 1870 13 36 i
561 1882 46 23 en
639 1869 102 35 inom
770 1868 130 36 Andra
928 1868 218 37 kammaren
1174 1868 113 36 väckt
1315 1868 144 36 motion
1488 1870 97 46 ånyo
1614 1867 196 48 föreslogs,

214 1927 54 31 att
294 1922 13 36 i
335 1921 20 49 $
385 1923 44 34 87
461 1935 113 22 mom.
605 1923 20 33 2
655 1920 348 47 regeringsformen
1032 1921 105 36 ordet
1164 1921 234 48 »samtycke»
1427 1922 115 34 måtte
1560 1920 154 48 utbytas
1734 1925 79 30 mot

215 1974 106 36 ordet
361 1973 243 36 »utlåtande».
668 1972 471 37 Konstitutionsutskottet
1179 1972 222 36 hemställde
1442 1972 123 35 denna
1606 1974 104 46 gång
1751 1985 61 22 om

213 2026 107 36 bifall
348 2025 56 36 till
432 2026 203 45 motionen,
665 2037 87 23 men
779 2024 204 36 utskottets
1011 2024 224 37 hemställan
1265 2024 144 48 afslogs
1430 2024 40 36 af
1486 2023 95 37 båda
1600 2024 212 47 kamrarna,

215 2078 41 35 af
292 2077 133 36 Första
465 2077 219 36 kammaren
727 2076 85 36 med
843 2078 45 34 79
917 2081 121 32 röster
1065 2082 78 30 mot
1172 2079 46 33 27
1250 2081 98 32 samt
1377 2076 40 36 af
1442 2076 126 35 Andra
1595 2076 218 36 kammaren

214 2129 87 37 med
344 2131 71 34 119
456 2134 122 31 röster
619 2133 79 31 mot
741 2130 58 34 82.
856 2128 286 37 Minoriteterna
1183 2129 12 35 i
1228 2128 97 36 båda
1353 2129 198 35 kamrarna
1577 2128 151 36 röstade
1756 2127 58 36 för

214 2182 206 36 utskottets
449 2181 236 36 hemställan.

344 2233 153 49 Frågan
525 2246 59 23 om
615 2232 262 49 statskyrkans
906 2233 205 49 inflytande
1139 2235 48 47 på
1217 2233 72 36 den
1316 2232 181 50 kyrkliga
1520 2232 294 49 lagstiftningen

214 2286 178 37 berördes
430 2286 143 48 jämväl
601 2285 11 36 i
641 2284 45 36 de
725 2284 41 36 af
791 2284 87 37 herr
907 2285 45 36 A.
983 2285 44 37 V.
1058 2285 219 49 Ljungman
1305 2285 64 36 vid
1401 2286 96 35 1898
1528 2285 70 36 och
1630 2285 95 35 1899
1756 2286 58 33 års
