1874 2802
290 169 19 29 2
715 168 102 27 Andra
843 168 200 33 lagutskottets
1069 167 150 28 utlåtande
1244 176 36 18 nr
1306 168 45 26 29.

291 252 90 35 tages
407 248 121 30 endast
551 248 50 30 till
623 248 212 38 behandling
859 257 43 21 av
926 248 41 29 de
992 247 218 39 sakkunniga
1236 248 101 29 väckt
1361 246 100 39 fråga
1486 256 57 22 om
1567 246 135 29 ändrad
1726 245 55 30 be-

290 302 165 38 nämning
478 301 20 31 å
520 301 302 39 skyddshemmen.

332 354 353 31 Barnavårdsnämnd
707 353 129 40 åligger
855 354 105 39 enligt
981 353 81 40 228
1117 363 119 21 barna
1251 353 268 38 vårdslagen
1574 356 49 27 att
1643 352 139 38 vidtaga

289 408 158 39 åtgärder
468 407 221 31 beträffande
710 407 32 39 a)
770 408 88 29 barn
880 408 110 29 under
1011 411 119 26 sexton
1152 406 48 36 år,
1224 417 76 20 som
1321 407 12 29 i
1355 406 308 30 föräldrahemmet
1684 405 97 30 miss-

288 462 146 30 handlas
457 462 83 29 eller
559 462 142 29 utsättes
723 461 57 30 för
800 461 156 38 allvarlig
978 460 155 31 vanvård
1153 461 83 29 eller
1257 469 117 21 annan
1393 459 78 31 fara
1492 460 51 30 till
1564 459 52 30 sin
1637 459 144 38 kropps-

288 515 67 39 liga
372 516 81 29 eller
469 515 152 39 själsliga
637 515 113 35 hälsa;
768 514 34 39 b)
824 515 88 30 barn
928 514 11 30 i
957 515 106 38 sagda
1079 514 104 36 ålder,
1203 523 75 21 som
1293 513 46 39 på
1355 514 112 38 grund
1484 523 42 20 av
1543 512 239 30 föräldrarnas

288 569 197 36 lastbarhet,
511 568 215 31 vårdslöshet
753 569 81 29 eller
858 567 180 39 oförmåga
1064 571 48 27 att
1135 567 110 31 fostra
1270 567 121 30 barnet
1416 568 39 29 är
1479 567 11 29 i
1515 566 77 30 fara
1616 569 49 27 att
1688 565 94 30 bliva

289 626 170 32 vanartat;
483 622 29 39 c)
537 622 87 30 barn
645 622 112 30 under
777 622 144 30 aderton
941 621 48 36 år,
1012 631 74 21 som
1105 621 157 30 befinnes
1286 630 81 21 vara
1389 620 38 30 så
1448 623 168 32 vanartat,
1640 623 50 26 att
1711 620 70 29 sär-

288 676 112 30 skilda
416 675 402 40 uppfostringsåtgärder
833 676 126 29 krävas
977 675 55 30 för
1050 675 74 30 dess
1141 674 305 35 tillrättaförande;
1465 677 89 27 samt
1572 673 33 38 d)
1628 682 127 29 person
1771 672 12 29 i

288 729 120 31 åldern
422 730 129 29 mellan
565 729 146 30 aderton
725 729 66 30 och
805 729 147 39 tjuguett
967 728 47 36 år,
1031 738 74 20 som
1119 728 157 30 befinnes
1291 727 77 30 föra
1382 731 46 26 ett
1441 726 215 39 oordentligt,
1672 726 109 38 lättje-

288 783 78 30 fullt
385 783 82 30 eller
486 783 163 30 sedeslöst
668 782 48 30 liv
734 783 82 29 eller
835 782 96 39 eljest
950 782 87 30 visat
1057 781 78 31 svår
1154 785 76 26 oart
1250 781 66 30 och
1335 780 222 31 beträffande
1576 780 115 29 vilken
1711 780 70 29 sär-

288 836 111 31 skilda
419 835 160 40 åtgärder
597 835 80 31 från
696 836 199 30 samhällets
915 835 75 31 sida
1009 836 125 29 krävas
1153 834 56 30 för
1227 835 88 29 hans
1336 833 300 31 tillrättaförande.
1657 833 14 29 I
1692 832 91 30 vissa

288 889 62 31 fall
374 889 66 36 må,
466 889 105 39 enligt
595 890 42 29 24
662 888 20 40 8
708 888 326 39 barnavårdslagen,
1060 888 177 30 nämnden
1261 887 273 38 omhändertaga
1559 887 75 35 den,
1661 895 121 21 varom

288 942 98 40 fråga
410 944 48 35 är,
485 943 56 30 för
563 942 340 39 skyddsuppfostran
927 942 105 38 enligt
1056 942 41 30 de
1120 942 161 29 närmare
1305 941 258 30 bestämmelser
1587 949 75 21 som
1688 939 93 30 med-

288 997 93 30 delas
400 996 12 30 i
430 997 20 29 4
470 996 80 39 kap.
570 995 327 39 barnavårdslagen.

333 1050 74 30 Den
420 1059 76 21 som
511 1050 288 38 omhändertages
814 1049 56 30 för
884 1048 340 40 skyddsuppfostran
1238 1048 88 30 skall
1341 1047 104 38 enligt
1460 1048 40 29 35
1517 1045 19 41 8
1551 1044 231 32 barnavårds-

287 1104 100 38 lagen
409 1103 11 30 i
444 1104 90 38 regel
557 1103 134 38 intagas
714 1103 11 29 i
749 1102 223 39 skyddshem,
995 1111 120 21 varom
1139 1103 162 29 närmare
1322 1101 258 30 bestämmelser
1603 1101 61 29 äro
1689 1099 93 30 med-

289 1157 120 30 delade
429 1157 71 30 dels
521 1157 12 29 i
554 1157 41 30 43
617 1157 66 29 och
703 1157 42 29 44
769 1155 42 40 88
833 1155 317 39 barnavårdslagen
1171 1156 66 29 och
1259 1155 70 30 dels
1351 1154 10 30 i
1383 1154 67 30 den
1470 1163 44 21 av
1535 1153 122 39 Kungl.
1681 1152 103 39 Maj:t

288 1211 67 30 den
374 1211 41 29 24
437 1210 192 39 september
652 1210 82 30 1937
756 1209 184 30 utfärdade
961 1209 145 38 stadgan
1126 1208 55 30 för
1202 1208 294 39 skyddshemmen
1521 1206 86 39 (SFS
1627 1215 43 20 nr
1690 1205 92 39 860).

288 1264 115 38 Enligt
421 1265 41 29 43
483 1262 20 41 8
522 1263 319 38 barnavårdslagen
859 1263 98 29 skola
976 1262 169 30 särskilda
1165 1261 213 39 skyddshem
1396 1261 82 29 eller
1496 1260 225 37 avdelningar
1740 1268 44 21 av

288 1317 212 39 skyddshem
522 1317 129 30 finnas:
675 1316 32 39 a)
735 1316 57 30 för
813 1316 188 30 vanartade
1022 1315 87 30 barn
1129 1315 12 29 i
1162 1314 200 39 skolpliktig
1384 1313 105 36 ålder,
1511 1313 94 30 vilka
1626 1313 86 30 böra
1732 1322 50 20 er-

288 1370 93 31 hålla
401 1370 325 38 skolundervisning
748 1368 206 38 (skolhem);
975 1368 34 39 b)
1035 1368 55 30 för
1108 1368 190 30 vanartade
1318 1375 127 31 gossar,
1466 1376 76 21 som
1561 1367 149 30 avslutat
1730 1366 54 30 sin

288 1424 167 39 skolgång
475 1424 65 30 och
560 1423 58 30 vid
636 1422 358 39 omhändertagandet
1012 1422 74 30 icke
1105 1421 78 39 fyllt
1201 1422 144 29 aderton
1365 1420 39 31 år
1421 1419 232 40 (yrkeshem);
1673 1419 30 39 c)
1728 1419 56 30 för

289 1478 187 30 vanartade
495 1477 134 36 flickor,
651 1486 75 21 som
745 1477 150 29 avslutat
913 1476 53 30 sin
985 1474 166 40 skolgång
1171 1475 66 30 och
1257 1474 57 30 vid
1333 1473 357 39 omhändertagandet
1708 1473 75 29 icke

289 1531 78 39 fyllt
383 1532 145 29 aderton
545 1530 38 31 år
601 1529 248 38 (hemskolor);
868 1529 34 39 d)
927 1529 57 30 för
1000 1529 187 30 vanartade
1206 1530 82 28 över
1305 1528 66 30 den
1387 1528 168 38 egentliga
1574 1526 208 35 skolåldern,

289 1584 91 31 vilka
399 1585 79 29 med
497 1584 167 30 avseende
684 1583 21 31 å
723 1582 419 39 förståndsutvecklingen
1161 1583 60 29 äro
1241 1581 204 30 efterblivna
1463 1579 320 40 (jordbrukshem);

289 1637 29 40 e)
344 1638 55 30 för
417 1647 173 30 personer,
613 1647 75 20 som
708 1646 97 21 avses
825 1637 11 29 i
857 1638 40 28 22
919 1635 19 40 8
959 1635 34 39 d)
1019 1635 302 39 (ungdomshem);
1341 1638 89 27 samt
1449 1634 26 39 f)
1501 1634 55 30 för
1576 1634 207 30 omhänder-

289 1696 113 34 tagna,
427 1692 93 30 vilka
542 1692 60 29 äro
625 1691 146 39 själsligt
791 1691 178 29 abnorma.

334 1799 64 30 Vid
415 1798 74 31 sina
506 1798 266 38 överväganden
788 1796 178 39 angående
983 1796 159 39 åtgärder
1159 1795 55 30 för
1231 1805 42 20 en
1291 1795 270 38 effektivisering
1578 1804 43 20 av
1638 1794 145 38 skydds-

290 1852 272 30 hemselevernas
598 1850 175 31 eftervård
807 1851 65 29 har
906 1849 459 40 skyddshemsutredningen
1389 1848 116 30 funnit
1528 1847 257 38 benämningen

289 1905 213 39 skyddshem
522 1905 85 30 böra
628 1904 190 30 avskaffas.
841 1904 51 30 De
912 1903 218 38 sakkunniga
1152 1903 46 30 ha
1221 1902 125 36 anfört,
1369 1906 49 26 att
1437 1902 114 29 denna
1573 1900 211 38 benämning

290 1959 110 30 under
419 1958 101 31 årens
541 1959 81 38 lopp
644 1957 66 31 fått
730 1967 43 21 en
793 1957 138 39 mycket
949 1964 192 31 ogynnsam
1161 1956 115 38 klang.
1299 1956 50 29 De
1367 1955 205 39 ungdomar,
1593 1964 75 20 som
1686 1953 99 30 blivit

290 2011 145 31 föremål
456 2011 56 31 för
533 2012 199 30 samhällets
753 2011 203 38 ingripande
976 2010 11 29 i
1007 2010 92 30 form
1118 2019 43 21 av
1180 2008 326 40 skyddshemsvård,
1529 2009 105 29 mötte
1654 2007 58 30 vid
1732 2007 52 30 sin

291 2065 275 40 återinpassning
586 2065 12 29 i
620 2065 183 30 samhället
825 2064 179 38 allvarliga
1025 2063 132 36 hinder,
1180 2073 58 20 om
1259 2063 55 29 det
1334 2063 96 29 bleve
1452 2062 85 29 känt
1558 2061 11 30 i
1590 2062 99 29 deras
1712 2070 71 20 om-

291 2119 138 39 givning
462 2123 50 26 att
545 2119 41 29 de
622 2118 118 30 vistats
762 2117 46 39 på
831 2117 220 39 skyddshem.
1074 2117 14 29 I
1111 2117 179 29 allmänna
1312 2115 240 31 medvetandet
1574 2114 210 39 stämplades

291 2173 309 38 skyddshemmens
624 2172 111 29 elever
758 2171 73 30 ofta
854 2180 75 20 som
952 2170 278 38 mindervärdiga
1254 2169 168 30 individer
1447 2168 55 30 för
1523 2167 79 40 lång
1626 2168 50 30 tid
1698 2167 87 30 efter

291 2226 270 38 utskrivningen.
585 2225 160 38 Tidigare
766 2225 90 29 hade
878 2227 131 27 termen
1033 2223 212 39 skyddshem
1266 2223 11 29 i
1299 2223 90 38 regel
1412 2221 109 39 ingått
1543 2222 10 29 i
1575 2224 142 28 namnet
1739 2219 46 40 på

291 2279 190 39 respektive
504 2279 173 30 anstalter.
704 2277 50 31 På
776 2277 129 39 förslag
930 2287 43 20 av
1000 2278 81 29 1934
1106 2276 55 30 års
1186 2275 451 40 skyddshemssakkunniga
1660 2274 91 30 hade
1774 2273 11 30 i

291 2332 316 39 barnavårdslagen
630 2332 124 29 införts
777 2331 156 30 neutrala
958 2329 309 39 särbenämningar
1288 2329 54 30 för
1364 2329 93 30 olika
1480 2330 73 37 slag
1575 2338 43 21 av
1639 2327 144 39 skydds-

291 2387 88 35 hem,
403 2386 234 39 hänsyftande
659 2384 46 40 på
728 2385 66 29 den
817 2384 194 38 utbildning
1034 2384 160 29 hemmen
1217 2382 126 39 avsågo
1365 2386 49 26 att
1436 2383 166 29 meddela.
1626 2382 81 29 Som
1731 2388 53 30 ge-

292 2449 155 21 mensam
462 2439 206 38 beteckning
683 2438 91 30 hade
792 2437 88 30 dock
899 2437 373 39 skyddshemsnamnet
1288 2435 204 31 bibehållits.
1512 2437 63 29 Det
1591 2435 90 30 hade
1697 2434 88 30 visat

292 2494 59 38 sig,
373 2496 49 27 att
442 2493 191 38 egentligen
654 2492 121 30 endast
795 2500 42 21 en
857 2500 43 20 av
921 2491 41 29 de
983 2500 68 29 nya
1071 2490 298 38 benämningarna
1388 2489 175 39 nämligen
1587 2488 194 31 »skolhem>
