2206 2640
645 187 399 33 Konstitutionsutskottets
1073 188 172 32 Utlåtande
1268 188 52 31 No
1342 190 30 30 5.
1752 191 20 31 3

203 267 135 36 Första
366 266 226 36 Kammares
621 271 165 43 säregna
814 266 180 36 karaktär
1021 267 10 35 1
1055 266 223 47 jemförelse
1308 267 89 36 med
1426 268 131 36 Andra
1577 268 233 38 Kammaren

204 317 72 37 och
305 316 157 37 dermed
491 316 74 36 den
590 317 277 45 väsentligaste
897 316 201 37 skilnaden
1126 316 141 37 mellan
1296 317 47 36 de
1369 318 131 48 begge
1530 318 214 38 kamrarne.

336 367 57 36 Då
420 367 190 36 utskottet
636 367 153 36 således
818 367 32 48 ej
883 367 74 36 kan
986 381 92 23 anse
1095 368 73 36 den
1184 367 228 49 ifrågasatta
1428 369 278 48 förändringen
1721 383 92 24 vara

203 418 41 37 af
268 421 41 33 så
335 417 109 48 ringa
471 417 215 48 betydelse,
715 431 80 23 som
824 417 240 37 motionären
1084 431 115 35 synes
1217 425 153 41 antaga,
1391 425 92 30 utan
1502 425 168 31 tvärtom
1689 420 125 37 finner

203 469 224 36 densamma
467 468 126 48 egnad
633 474 55 30 att
728 468 161 48 bidraga
929 468 58 36 till
1016 481 48 23 en
1092 468 210 48 ingalunda
1329 469 197 37 önskvärd
1553 470 196 49 rubbning
1776 472 42 36 at

203 519 47 36 de
276 518 245 49 grundvalar,
549 521 49 46 på
626 518 132 36 hvilka
785 521 85 34 vårt
897 519 440 47 representationsskick
1365 519 137 48 hvilar,
1530 520 59 37 får
1621 521 190 37 utskottet

203 569 216 46 hemställa,

705 675 55 30 att
797 669 252 37 förevarande
1084 669 142 37 motion
1255 670 85 37 icke
1369 674 61 33 må
1461 670 57 37 till
1545 674 131 46 någon
1700 671 112 37 Riks-

605 720 147 48 dagens
781 720 135 47 åtgärd
945 720 207 37 föranleda.

336 820 222 37 Stockholm
588 820 73 36 den
691 822 46 34 20
767 834 100 22 mars
897 821 106 35 1899.

768 921 53 36 På
847 921 209 36 utskottets
1084 926 160 43 vägnar:

775 1020 45 38 G.
852 1021 36 37 S.
918 1012 314 46 ÅKERHIELM.

843 1475 330 35 Reservationer:

212 1615 10 5 .
334 1573 42 37 af
411 1573 134 36 herrar
583 1574 221 48 Ljungman,
845 1575 122 44 Dahn,
998 1573 242 49 Gyllensvärd,
1267 1576 172 35 Johnsson
1469 1575 71 36 och
1570 1577 198 35 Andersson
1796 1575 10 35 i

201 1623 205 49 Ohrstorp;

334 1728 100 31 samt
460 1722 42 37 af
524 1723 88 36 herr
641 1723 161 36 friherre
830 1725 196 35 Barnekow
1054 1729 78 30 mot
1159 1724 208 36 utskottets
1397 1725 244 48 motivering.

334 1823 100 36 Herr
460 1824 104 48 Berg,
595 1823 136 49 Gustaf
754 1824 89 35 Axel
870 1823 69 36 har
966 1823 136 48 begärt
1128 1823 37 36 få
1193 1824 68 36 här
1285 1824 245 47 antecknadt,
1550 1829 56 31 att
1625 1824 74 37 han
1720 1824 84 36 icke

201 1873 162 49 deltagit
390 1873 11 36 i
430 1873 178 37 ärendets
637 1873 239 48 behandling
903 1873 102 37 inom
1034 1874 200 36 utskottet.
