1884 2790
544 136 287 30 Statsutskotteis
854 137 180 30 utlåtande
1056 147 42 19 nr
1123 138 49 28 12.
1592 140 13 28 1

778 376 64 40 Nr
877 376 67 40 12.

313 493 185 31 Utlåtande
522 495 11 28 i
551 495 190 39 anledning
761 505 42 20 av
824 496 127 39 Kungl.
972 496 126 40 Maj:ts
1121 497 10 29 i
1151 496 459 40 statsverkspropositionen

512 557 125 39 gjorda
664 558 305 39 framställningar
996 559 150 30 rörande
1175 559 171 39 egentliga
1374 558 237 40 statsutgifter

511 619 57 39 för
591 620 204 39 budgetåret
822 621 139 44 1948/49
984 621 112 30 under
1120 621 153 40 tolfte
1296 621 235 36 huvudtiteln,
1554 630 57 20 av-

512 682 126 30 seende
662 682 166 39 anslagen
852 683 112 30 under
986 683 624 40 folkhushållningsdepartementets

513 744 398 38 verksamhetsområde,
931 745 111 40 jämte
1064 746 10 29 i
1094 746 120 29 ämnet
1235 746 103 29 väckt
1358 746 144 29 motion.

1372 808 76 34 (2:a
1467 808 93 33 avd.)

766 924 188 42 Inledning.

156 1010 13 29 I
189 1011 265 39 propositionen
472 1022 41 19 nr
535 1013 13 28 1
572 1013 64 29 har
656 1013 125 30 chefen
800 1014 55 29 för
874 1014 606 40 folkhushållningsdepartementet
1500 1016 112 30 under

111 1064 100 29 tolfte
240 1064 224 30 huvudtiteln
496 1066 43 32 (s.
571 1066 84 29 1—4
683 1076 42 20 av
753 1067 109 39 bilagt
890 1067 125 39 utdrag
1044 1077 42 20 av
1116 1068 385 40 statsrådsprotokollet
1529 1070 82 29 över

112 1117 481 40 folkhushållningsärenden
616 1120 54 29 för
691 1120 68 29 den
780 1120 19 30 3
819 1120 143 39 januari
985 1121 101 33 1948)
1113 1122 52 28 till
1187 1131 43 20 en
1250 1122 128 38 början
1399 1122 132 30 erinrat
1552 1132 58 20 om

110 1172 52 27 att
185 1189 45 2 —
254 1172 93 29 tvärt
371 1174 93 27 emot
486 1172 66 30 vad
579 1182 83 20 man
688 1173 146 39 tidigare
860 1174 151 39 hoppats
1035 1192 45 3 —
1102 1175 271 30 verksamheten
1399 1175 96 30 inom
1520 1176 89 30 kris-

111 1224 261 39 förvaltningen
390 1225 111 30 under
517 1226 39 29 år
576 1226 82 30 1947
676 1226 45 39 på
738 1227 113 38 grund
869 1237 42 20 av
927 1229 49 28 ett
993 1227 117 30 flertal
1128 1228 93 29 olika
1238 1228 156 30 faktorer
1411 1229 45 39 på
1471 1230 138 29 väsent-

111 1277 68 39 liga
202 1278 154 38 punkter
380 1279 176 38 utvidgats
581 1280 66 29 och
670 1280 101 29 ökats
806 1281 65 29 och
896 1282 50 28 att
970 1281 53 29 till
1049 1281 90 39 följd
1162 1282 108 29 därav
1291 1282 196 39 betydande
1512 1283 96 29 över-

111 1330 215 30 skridanden
346 1341 43 20 av
408 1332 41 29 de
469 1332 56 29 för
544 1332 337 40 krisförvaltningen
901 1334 54 29 för
974 1334 207 39 budgetåret
1204 1335 138 43 1947/48
1363 1336 164 29 anvisade
1548 1345 60 20 an-

111 1384 118 38 slagen
251 1384 112 30 måste
388 1385 70 29 ske.
480 1385 396 39 Departementschefen
899 1387 64 29 har
987 1387 119 30 vidare
1128 1388 134 29 lämnat
1283 1398 44 19 en
1350 1389 154 29 översikt
1527 1390 81 29 över

109 1437 362 38 krisorganisationen
500 1439 66 28 och
594 1439 296 39 förändringarna
917 1440 97 29 inom
1045 1440 216 30 densamma.
1291 1441 227 30 Beträffande
1548 1451 60 20 an-

110 1489 241 39 slagsbehovet
370 1490 55 29 för
442 1491 337 40 krisförvaltningen
797 1492 55 29 för
869 1493 206 38 budgetåret
1095 1493 139 43 1948/49
1250 1494 64 29 har
1332 1495 275 39 departements-

109 1542 125 30 chefen
255 1543 154 29 därefter
431 1544 117 29 anfört
571 1544 168 39 följande.

154 1605 298 38 Anslagsbehovet
472 1606 55 29 för
546 1606 337 40 krisförvaltningen
904 1608 112 29 under
1036 1608 205 39 budgetåret
1266 1609 138 43 1948/49
1424 1611 38 29 är
1481 1611 127 38 ytterst

109 1650 176 38 vanskligt
307 1652 51 27 att
380 1659 48 20 nu
448 1651 159 29 bedöma.
629 1651 70 29 Allt
720 1653 38 28 är
779 1652 172 29 beroende
973 1662 42 20 av
1037 1653 349 39 försörjningslägets
1406 1654 201 39 utveckling

111 1694 94 29 såväl
229 1697 58 26 ute
311 1695 11 28 i
343 1695 145 29 världen
510 1705 74 19 som
609 1697 95 28 inom
729 1696 127 30 landet.
881 1698 184 29 Sannolikt
1088 1698 111 29 måste
1223 1698 246 40 huvudparten
1492 1708 42 20 av
1559 1709 47 19 nu

110 1739 216 38 förefintliga
359 1739 212 39 regleringar
603 1741 65 29 och
701 1742 243 28 restriktioner
976 1742 97 29 bestå
1106 1742 213 30 åtminstone
1352 1743 110 29 under
1495 1744 111 28 större

108 1783 101 29 delen
228 1793 42 19 av
288 1784 205 38 budgetåret
515 1784 148 43 1948/49,
683 1786 64 28 och
766 1786 161 38 omöjligt
947 1787 38 28 är
1006 1787 86 32 icke,
1113 1789 50 27 att
1182 1787 424 38 importrestriktionerna

110 1828 212 37 framtvinga
343 1838 67 29 nya
430 1829 222 38 regleringar.
674 1830 13 28 I
707 1830 97 38 varje
823 1830 60 29 fall
903 1830 105 38 vågar
1028 1831 59 38 jag
1107 1831 76 29 icke
1203 1832 110 28 räkna
1333 1832 79 29 med
1430 1834 51 27 att
1501 1832 105 38 något

109 1881 42 19 av
176 1872 231 38 krisorganen
435 1873 88 29 skall
550 1873 122 29 kunna
699 1874 182 29 avvecklas
908 1874 111 29 under
1048 1875 205 37 budgetåret
1284 1875 147 42 1948/49.
1459 1876 65 29 Vid
1549 1877 56 28 be-

109 1916 194 38 räkningen
326 1926 42 19 av
390 1917 298 38 anslagsbehoven
711 1918 64 28 har
798 1918 51 29 till
873 1918 265 40 utgångspunkt
1162 1919 104 38 tagits
1289 1920 237 29 kostnaderna
1551 1921 54 28 för

108 1960 94 30 olika
227 1961 174 33 ändamål,
426 1961 129 29 sådana
578 1962 41 29 de
644 1962 54 29 för
723 1963 217 28 närvarande
964 1965 32 26 te
1021 1963 60 37 sig,
1106 1964 159 37 utslagna
1289 1964 44 38 på
1357 1964 71 29 helt
1453 1964 48 29 år.
1526 1965 12 28 I
1562 1965 41 28 de

109 2005 147 28 sålunda
277 2005 158 29 erhållna
456 2006 171 39 beloppen
648 2007 43 28 ha
712 2006 164 37 vidtagits
897 2007 41 28 de
958 2007 239 38 jämkningar,
1219 2017 72 19 som
1314 2017 46 20 nu
1383 2009 77 29 med
1481 2009 124 37 någor-

109 2049 105 29 lunda
243 2050 162 29 säkerhet
434 2050 120 29 kunna
584 2051 161 28 förutses.
778 2051 407 30 Osäkerhetsmomentet
1215 2053 9 27 i
1253 2053 351 37 anslagsberäkning-

108 2103 85 19 arna
217 2095 39 27 är
282 2094 221 39 synnerligen
530 2097 98 31 stort,
654 2096 64 28 och
746 2095 166 38 anslagen
936 2096 97 29 torde
1058 2096 121 29 därför
1206 2097 154 37 alltjämt
1384 2097 126 29 liksom
1537 2098 66 28 hit-

107 2138 71 29 tills
203 2138 9 29 i
235 2138 192 29 allmänhet
451 2139 83 29 böra
559 2140 44 28 ha
629 2139 290 38 förslagsanslags
944 2140 178 29 karaktär.
1147 2141 91 28 Från
1265 2141 338 38 folkhushållnings-

106 2182 296 38 departementets
426 2183 73 28 sida
524 2184 133 32 utövas,
683 2184 77 28 med
784 2184 133 29 biträde
941 2194 42 19 av
1004 2185 279 28 överrevisionen
1308 2185 54 29 för
1384 2186 219 29 krisförvalt-

107 2226 138 37 ningen,
269 2234 179 29 noggrann
468 2227 118 38 tillsyn
607 2229 80 27 över
708 2230 48 26 att
779 2228 333 37 krisförvaltningen
1136 2229 75 28 icke
1231 2229 149 29 erhåller
1400 2231 110 27 större
1530 2240 72 18 om-

108 2271 152 36 fattning
279 2272 43 27 än
341 2271 346 36 omständigheterna
706 2272 106 28 kräva
832 2272 63 28 och
916 2273 60 30 att,
995 2272 62 28 där
1077 2272 385 38 avvecklingsåtgärder
1480 2274 119 28 kunna

106 2314 168 37 vidtagas,
300 2314 130 29 sådana
457 2317 83 26 utan
567 2315 150 37 oskäligt
743 2316 163 37 uppehåll
933 2317 62 35 äga
1021 2325 89 19 rum.

150 2359 64 28 Till
243 2359 334 36 krisförvaltningen
606 2359 167 29 hänföras
801 2360 8 27 i
834 2360 158 35 gällande
1019 2360 144 29 riksstat
1190 2360 130 37 jämväl
1347 2361 251 29 riksnämnden

107 2403 54 28 för
188 2403 206 28 ekonomisk
424 2403 350 39 försvarsberedskap
803 2404 62 27 och
896 2405 132 27 statens
1057 2404 402 34 reservförrådsnämnd,
1487 2406 112 28 ehuru

106 2447 100 29 dessa
225 2447 260 38 myndigheters
504 2447 176 39 uppgifter
698 2448 7 28 i
724 2448 182 28 huvudsak
926 2448 75 28 icke
1020 2449 59 28 äro
1098 2458 41 19 av
1158 2448 323 31 kristidskaraktär.
1501 2450 99 29 Riks-

145 2508 136 39 Bihang
302 2508 52 29 till
375 2508 204 39 riksdagens
600 2509 175 39 protokoll
798 2510 92 28 1948.
923 2510 19 27 6
961 2509 99 29 saml.
1092 2510 49 28 Nr
1165 2511 48 27 12.
