1870 2842
273 145 18 29 2
430 147 105 28 Andra
556 148 201 27 kammarens
792 145 129 40 fjärde
970 151 155 34 tillfälliga
1150 151 133 28 utskotts
1310 152 159 28 utlåtande
1495 154 44 26 Nr
1565 155 26 25 5.

317 228 28 28 3.
375 227 187 30 Införande
588 237 42 20 av
657 229 259 30 bestämmelser
942 230 55 30 för
1024 231 231 39 begränsning
1282 241 42 20 av
1353 232 63 39 gift
1445 233 148 29 kvinnas
1621 234 66 29 rätt
1717 236 49 27 att

272 280 127 29 inneha
420 281 200 37 statstjänst.

317 343 28 29 4.
375 342 188 31 Införande
589 353 41 20 av
658 344 258 31 bestämmelser
944 345 55 30 för
1025 346 232 40 begränsning
1285 357 42 20 av
1355 349 314 38 statstjänstemans
1698 350 68 29 rätt

273 398 48 27 att
346 396 129 30 inneha
499 406 71 20 mer
594 398 44 29 än
661 407 42 20 en
728 398 149 30 avlönad
900 399 208 39 befattning;
1134 404 89 26 samt

316 459 28 29 3.
372 459 231 38 Uppgörande
633 469 42 20 av
702 460 129 39 förslag
860 461 51 30 till
939 462 235 38 organisation
1203 472 43 20 av
1276 473 41 20 en
1345 464 149 30 särskild
1524 465 239 39 propaganda-

272 511 105 38 tjänst
403 513 110 29 under
540 513 283 38 socialstyrelsen,
849 524 78 20 vars
953 515 137 39 uppgift
1116 517 109 29 skulle
1250 526 82 21 vara
1357 520 50 27 att
1431 518 11 29 i
1469 518 192 30 samarbete
1686 518 79 30 med

271 564 293 40 fackföreningar,
594 567 625 41 tjänstemannasammanslutningar,
1251 570 55 30 det
1336 571 158 30 enskilda
1524 572 240 38 näringslivets

271 626 117 31 organ,
411 620 364 39 arbetsförmedlingar
794 621 65 30 och
878 630 141 30 pressen
1040 623 84 30 söka
1145 624 104 29 verka
1271 623 54 31 för
1344 633 42 21 en
1409 624 37 30 så
1467 624 62 30 vitt
1548 625 136 39 möjligt
1703 625 59 30 all-

270 673 81 28 män
374 672 221 40 tillämpning
621 683 42 20 av
688 674 224 31 kommitténs
938 676 361 31 rekommendationer
1324 677 51 30 till
1400 678 183 30 lindrande
1609 688 42 20 av
1678 687 84 31 ung-

270 726 385 36 domsarbetslösheten;
1323 726 7 6 |

314 797 40 21 nr
373 789 65 29 488
459 798 43 20 av
518 789 78 30 herr
617 789 203 31 Sandström
840 801 44 20 m.
903 791 51 37 fl.,
973 792 73 29 vari
1063 792 192 30 hemställts
1276 796 48 27 att
1343 793 186 40 riksdagen
1548 794 79 30 ville
1647 794 10 29 i
1678 795 84 29 skri-

269 842 89 29 velse
382 842 52 29 till
457 842 123 39 Kungl.
606 843 100 38 Maj:t
726 844 182 30 hemställa
931 854 59 21 om
1012 855 42 20 en
1076 845 318 40 förutsättningslös
1418 847 184 39 utredning
1625 857 58 20 om
1705 848 56 29 be-

269 895 155 37 tydelsen
445 905 41 20 ur
507 897 422 39 arbetslöshetssynpunkt
950 908 43 20 av
1015 898 92 31 olika
1127 899 129 30 former
1276 909 42 21 av
1339 900 273 39 dubbeltjänster
1633 911 45 20 m.
1701 910 60 25 m.;

313 966 40 20 nr
371 958 65 29 489
456 967 43 21 av
518 958 78 31 herr
615 959 98 38 Hage
734 970 44 20 m.
796 960 50 37 fl.,
866 960 74 30 vari
959 961 192 30 hemställts
1171 965 49 27 att
1238 962 185 39 riksdagen
1442 962 108 31 måtte
1568 963 11 30 i
1598 963 164 30 skrivelse

268 1010 50 30 till
341 1011 125 38 Kungl.
490 1012 99 38 Maj:t
612 1013 194 35 hemställa,
830 1016 49 27 att
904 1013 124 39 Kungl.
1054 1014 100 39 Maj:t
1178 1014 106 31 måtte
1308 1014 69 31 låta
1401 1016 125 30 fortast
1549 1016 135 39 möjligt
1709 1020 51 26 ut-

267 1064 91 35 reda,
377 1064 173 31 huruvida
569 1066 65 29 och
653 1066 10 29 i
680 1066 116 30 vilken
813 1066 82 30 mån
914 1067 67 30 den
998 1077 43 20 av
1061 1068 82 30 1933
1161 1067 56 31 års
1237 1069 252 30 statsrevisorer
1507 1070 120 38 gjorda
1647 1071 112 29 utred-

268 1117 126 39 ningen
418 1119 149 30 rörande
589 1119 295 40 förefintligheten
907 1130 43 20 av
972 1121 165 38 bisysslor
1162 1122 66 30 och
1252 1122 274 39 dubbeltjänster
1549 1123 58 30 vid
1632 1126 128 27 statens

267 1171 233 31 institutioner
531 1173 62 29 bör
624 1173 197 39 ytterligare
852 1175 245 38 kompletteras
1129 1175 55 30 för
1217 1175 199 31 erhållande
1446 1186 43 20 av
1521 1186 42 21 en
1597 1176 37 31 så
1664 1176 96 40 långt

266 1224 134 39 möjligt
421 1225 203 40 fullständig
643 1227 66 29 och
728 1227 196 39 tillförlitlig
944 1228 169 38 grundval
1132 1228 55 30 för
1204 1229 218 31 bedömande
1441 1239 43 21 av
1505 1230 255 39 omfattningen

265 1277 70 39 just
356 1288 49 20 nu
427 1278 59 30 vid
507 1282 127 27 statens
656 1281 84 29 verk
762 1281 65 29 och
849 1280 135 39 företag
1007 1291 42 20 av
1073 1282 56 30 det
1151 1291 25 21 s.
1199 1283 32 28 k.
1255 1282 321 39 bisysslesystemet,
1600 1287 90 27 samt
1711 1286 48 27 att

267 1331 122 39 Kungl.
411 1332 102 39 Maj:t
535 1332 44 40 på
601 1334 214 38 grundvalen
837 1334 109 30 härav
969 1335 163 30 ävensom
1155 1336 80 29 med
1256 1336 138 39 hänsyn
1416 1337 52 30 till
1490 1337 66 30 den
1578 1337 179 39 befintliga

265 1385 272 31 arbetslösheten
559 1386 106 31 måtte
688 1387 139 39 vidtaga
851 1388 41 30 de
917 1387 159 39 åtgärder
1099 1398 41 20 av
1166 1389 10 29 i
1199 1389 177 31 motionen
1401 1393 112 36 antytt
1538 1391 82 38 slag,
1645 1391 114 30 vartill

265 1439 231 39 utredningen
515 1441 69 28 kan
606 1440 77 39 giva
705 1441 200 39 anledning;
929 1445 90 27 samt

308 1510 41 21 nr
375 1502 65 29 502
468 1511 43 20 av
535 1502 79 30 herr
640 1502 197 31 Andersson
861 1503 11 30 i
898 1503 201 31 Stockholm
1127 1515 44 20 m.
1198 1505 50 37 fl.,
1273 1506 73 29 vari
1374 1506 195 39 föreslagits
1595 1509 50 27 att
1672 1506 85 30 riks-

264 1554 110 39 dagen
395 1554 108 31 måtte
521 1556 133 30 besluta
674 1559 50 27 att
745 1556 11 30 i
778 1556 163 31 skrivelse
960 1557 52 30 till
1031 1558 200 39 regeringen
1252 1559 183 30 hemställa
1457 1570 58 20 om
1537 1560 220 30 omedelbara

263 1608 64 29 och
352 1608 168 30 effektiva
543 1608 158 40 åtgärder
725 1610 51 29 till
801 1610 252 31 förhindrande
1075 1621 42 20 av
1142 1612 380 40 dubbelanställningar
1546 1614 64 29 och
1636 1613 120 39 mång-

264 1662 136 37 syssleri
426 1662 108 30 bland
561 1666 128 27 statens
717 1663 210 39 tjänstemän
955 1668 90 27 samt
1068 1668 50 27 att
1145 1665 58 30 vid
1229 1665 211 32 tillsättande
1468 1676 43 20 av
1538 1667 219 30 kommittéer

263 1715 64 29 och
358 1716 220 39 sakkunniga
608 1717 138 38 hänsyn
776 1716 106 31 måtte
911 1720 98 37 tagas
1038 1718 50 30 till
1118 1719 42 30 de
1191 1721 213 37 synpunkter
1434 1730 75 20 som
1538 1721 10 29 i
1578 1720 177 31 motionen

263 1768 142 31 anförts.

307 1822 226 31 Beträffande
559 1824 41 30 de
625 1824 85 35 skäl,
740 1834 74 20 som
838 1823 183 41 åberopats
1047 1825 50 30 till
1124 1826 76 30 stöd
1226 1826 55 30 för
1306 1826 147 31 sålunda
1482 1827 120 39 gjorda
1628 1828 126 38 yrkan-

262 1875 75 36 den,
363 1875 55 31 får
442 1878 165 29 utskottet
631 1877 147 31 hänvisa
803 1878 51 30 till
878 1879 227 30 motionerna.

921 2008 170 31 Historik.

305 2095 112 30 Bland
436 2095 42 30 de
499 2095 178 39 spörsmål,
697 2106 75 20 som
792 2097 174 39 upptagits
986 2097 51 30 till
1055 2098 211 39 behandling
1283 2099 10 29 i
1314 2099 41 30 de
1374 2099 237 39 föreliggande
1630 2099 122 30 motio-

260 2157 116 27 nerna,
398 2149 95 30 vilka
514 2149 158 39 samtliga
691 2150 92 30 hava
802 2150 55 30 det
877 2154 214 35 gemensamt
1111 2155 49 26 att
1180 2152 42 30 de
1241 2151 113 40 åsyfta
1374 2156 47 27 ett
1440 2153 248 30 motverkande
1710 2163 42 20 av

259 2202 272 30 arbetslösheten
553 2211 123 31 genom
700 2203 199 31 införandet
921 2205 82 30 med
1025 2206 168 30 avseende
1216 2205 20 30 å
1261 2205 136 40 statliga
1421 2207 82 29 eller
1525 2207 227 30 kommunala

258 2255 343 40 befattningshavare
623 2257 80 30 eller
722 2257 223 39 pensionärer
967 2267 43 21 av
1032 2258 215 31 föreskrifter
1268 2259 236 31 innebärande
1524 2270 43 20 en
1589 2261 162 38 begräns-

259 2308 82 39 ning
359 2318 43 20 av
421 2311 113 29 rätten
552 2311 79 29 eller
647 2310 132 39 plikten
798 2314 49 27 att
865 2312 105 29 utöva
990 2311 284 37 förvärvsarbete,
1294 2313 118 39 intaga
1430 2312 125 40 frågan
1573 2324 58 20 om
1652 2317 98 27 stats-

257 2362 299 39 tjänstemännens
573 2364 166 38 bisysslor
759 2365 65 29 och
845 2364 125 40 frågan
990 2375 58 21 om
1066 2366 63 39 gift
1149 2366 148 31 kvinnas
1317 2368 67 29 rätt
1403 2369 50 28 att
1472 2367 129 31 inneha
1620 2368 131 29 allmän

257 2416 106 39 tjänst
383 2416 148 32 främsta
552 2420 158 28 rummet.
734 2418 107 30 Dessa
864 2417 58 32 två
943 2418 118 40 frågor
1083 2420 91 30 hava
1197 2421 88 29 även
1305 2420 145 39 tidigare
1471 2421 59 30 vid
1551 2421 200 40 upprepade

256 2470 159 30 tillfällen
438 2471 89 30 varit
549 2471 146 31 föremål
717 2471 55 31 för
792 2473 309 38 uppmärksamhet
1122 2473 80 31 från
1225 2474 285 31 statsmakternas
1534 2475 83 30 sida.
