1898 2830
126 1936 127 25 Utskottet.

292 133 18 29 4
688 137 379 32 Jordbruksutskottets
1093 138 176 31 utlåtande
1295 139 47 30 Nr
1370 141 49 28 80.

345 257 144 40 Frågan
513 266 58 21 om
595 258 379 40 förvaltningsbidrag
996 260 52 29 till
1072 259 468 41 hushållningssällskapen
1563 261 59 30 för
1644 262 110 29 deras

579 309 206 39 befattning
808 310 85 29 med
916 309 247 30 förevarande
1186 311 334 30 stödverksamhet.

335 394 49 31 På
406 396 112 35 grund
540 405 42 21 av
604 396 257 37 framställning
883 396 80 31 från
983 397 458 38 hushållningssällskapens
1462 399 156 31 ombud
1601 390 23 49 i
1640 401 162 30 skrivelse

291 446 67 30 den
378 447 42 29 30
441 447 193 35 september
656 448 83 29 1936
760 448 65 29 har
846 447 124 37 frågan
992 458 57 20 om
1069 449 190 36 ersättning
1279 449 34 31 åt
1336 450 198 36 sällskapen
1553 450 55 31 för
1630 451 99 30 deras
1750 461 51 20 ar-

290 497 77 30 bete
389 498 66 29 och
479 497 186 31 kostnader
689 499 79 29 med
790 499 228 30 utlämnande
1041 509 42 20 av
1107 499 266 37 ifrågavarande
1396 501 207 36 statsbidrag
1626 501 51 30 till
1700 501 101 31 ofull-

291 548 159 36 ständiga
479 548 169 36 jordbruk
670 549 206 30 behandlats
904 553 114 27 senast
1045 550 10 30 i
1090 551 81 30 1937
1204 550 55 31 års
1289 551 403 37 statsverksproposition
1730 552 70 39 (IN:

291 606 31 28 p.
350 598 73 39 135)
455 599 10 29 i
491 600 170 30 samband
684 600 79 30 med
788 601 309 36 anslagsäskandet
1120 601 56 30 för
1200 601 209 31 ändamålet.

341 649 14 30 I
375 650 234 31 omförmälda
628 651 162 31 skrivelse
810 651 148 31 anförde
976 652 176 30 ombuden
1170 652 11 30 i
1201 652 114 31 denna
1333 652 55 31 del
1408 652 166 37 följande.

337 707 77 31 Vad
438 708 157 37 slutligen
619 709 146 37 anginge
788 710 57 30 det
869 709 195 32 framförda
1088 710 174 37 förslaget,
1289 714 49 27 att
1362 710 440 39 hushållningssällskapen

296 750 107 31 måtte
428 752 225 30 tillerkännas
679 752 124 36 skäligt
829 753 354 37 förvaltningsbidrag
1209 754 56 29 för
1291 754 52 30 sin
1372 754 210 37 förmedling
1608 764 42 21 av
1676 754 127 37 ifråga-

296 793 154 30 varande
476 794 218 36 statsbidrag,
725 794 78 31 ville
833 795 177 30 ombuden
1039 795 199 36 framhålla,
1267 799 49 27 att
1345 796 182 30 önskemål
1555 797 11 29 i
1596 797 93 30 detta
1718 797 84 29 hän-

295 835 124 30 seende
446 835 143 37 tidigare
617 836 58 30 vid
702 836 112 30 skilda
840 836 161 31 tillfällen
1029 837 181 30 framförts
1238 837 50 30 till
1318 837 124 38 Kungl.
1471 837 102 37 Maj:t
1601 837 94 32 såväl
1724 837 79 32 från

294 877 194 30 ombudens
522 877 74 31 sida
631 887 74 21 som
739 878 79 31 från
854 882 107 27 annat
994 878 81 31 håll.
1123 879 151 31 Behovet
1308 889 43 21 av
1386 880 139 30 särskilt
1560 880 243 37 förvaltnings-

295 920 124 36 bidrag
440 921 90 29 hade
551 921 141 35 givetvis
716 922 157 30 alltmera
898 922 95 30 vuxit
1016 922 50 30 till
1088 922 89 36 följd
1201 932 42 20 av
1266 923 66 30 den
1355 923 151 36 ständigt
1527 924 113 29 ökade
1663 923 140 30 omfatt-

295 962 93 36 ning,
413 962 11 30 i
450 963 114 30 vilken
588 962 259 37 jordbrukarna
873 973 146 21 numera
1042 964 200 36 begagnade
1268 965 50 36 sig
1343 974 42 21 av
1412 965 114 30 denna
1551 965 180 36 möjlighet
1755 968 50 27 att

295 1004 133 31 erhålla
450 1005 216 37 statsbidrag.
712 1006 68 30 För
801 1009 49 27 att
872 1005 32 36 ej
927 1006 42 30 de
992 1007 78 29 med
1091 1007 408 35 bidragsverksamheten
1522 1007 166 30 förenade
1708 1007 94 36 bety-

296 1047 115 30 dande
428 1048 293 30 omkostnaderna
736 1065 44 4 —
797 1048 94 30 vilka
909 1048 58 30 vid
984 1058 42 20 en
1042 1048 146 37 höjning
1206 1048 45 37 på
1266 1049 67 30 sätt
1349 1049 195 36 föreslagits
1562 1058 43 21 av
1622 1049 56 30 det
1696 1048 107 37 årliga

295 1089 243 36 statsanslaget
554 1090 140 30 komme
712 1093 48 27 att
777 1090 198 36 ytterligare
993 1093 129 33 stegras
1137 1107 45 4 —
1198 1091 111 30 skulle
1327 1092 83 35 göra
1426 1091 119 30 alltför
1563 1094 85 27 stort
1666 1090 138 37 intrång

296 1131 44 36 på
371 1132 112 30 andra
512 1132 215 36 sällskapens
756 1133 365 35 verksamhetsgrenar
1151 1132 108 31 funne
1289 1133 176 30 ombuden
1496 1142 42 21 av
1568 1133 147 30 behovet
1743 1132 59 37 på-

295 1174 119 35 kallat,
439 1177 48 27 att
511 1173 158 37 åtgärder
691 1175 153 35 vidtoges
869 1174 39 31 så
933 1177 49 28 att
1005 1175 191 36 ersättning
1217 1193 43 4 —
1283 1175 188 36 lämpligen
1493 1175 160 30 bestämd
1678 1174 11 30 i
1711 1174 92 31 form

296 1225 42 20 av
357 1216 69 29 viss
445 1219 141 32 procent
604 1226 42 20 av
665 1216 398 36 hushållningssällskap
1083 1216 55 30 för
1157 1216 199 31 ändamålet
1374 1216 143 36 beviljat
1536 1217 207 36 statsanslag
1761 1234 44 4 —

293 1257 168 30 bereddes
481 1258 197 36 sällskapen
696 1258 55 30 för
767 1258 173 30 täckande
958 1267 43 21 av
1019 1258 474 36 förvaltningskostnaderna.

335 1324 367 37 Lantbruksstyrelsen
733 1325 146 30 anförde
912 1325 9 30 i
952 1324 179 31 utlåtande
1161 1326 82 29 över
1272 1325 232 31 förenämnda
1534 1326 268 36 framställning,

290 1375 108 31 bland
415 1378 117 33 annat,
552 1378 49 27 att
618 1376 165 36 styrelsen
799 1376 81 30 med
899 1376 137 36 hänsyn
1055 1376 51 31 till
1126 1376 69 30 vad
1214 1376 10 30 i
1241 1375 124 37 frågan
1382 1376 226 31 förekommit
1621 1377 76 30 icke
1715 1377 86 30 kun-

290 1426 43 30 de
350 1426 183 37 tillstyrka,
550 1429 49 27 att
615 1425 442 38 hushållningssällskapen
1074 1427 224 30 tillerkändes
1314 1426 354 37 förvaltningsbidrag
1684 1427 56 30 för
1756 1437 47 20 nu

291 1476 266 37 ifrågavarande
584 1477 229 30 verksamhet.

334 1527 266 37 Föredragande
625 1528 381 37 departementschefen
1030 1527 201 31 förklarade
1255 1528 49 36 sig
1328 1526 45 39 på
1395 1528 86 36 skäl,
1505 1537 74 21 som
1606 1528 197 30 lantbruks-

290 1579 167 35 styrelsen
485 1578 125 36 anfört,
639 1578 75 31 icke
739 1579 119 30 kunna
884 1579 172 36 tillstyrka
1082 1578 303 37 framställningen
1412 1578 120 37 ifråga.

341 1629 14 30 I
385 1629 133 31 motion
546 1630 42 29 II:
606 1630 40 30 57
675 1639 43 21 av
743 1630 81 30 herr
852 1629 178 37 Sandberg
1058 1639 45 20 m.
1133 1629 37 37 fl.
1199 1629 223 30 hemställdes
1450 1638 58 21 om
1535 1629 148 36 ändring
1711 1629 10 30 i
1748 1628 58 31 be-

290 1680 263 30 stämmelserna
583 1679 178 37 angående
791 1679 230 32 förevarande
1054 1680 208 36 statsbidrag
1297 1679 45 38 på
1372 1681 77 35 sätt,
1480 1679 322 37 hushållningssäll-

290 1731 151 36 skapens
456 1731 130 30 ombud
607 1730 186 37 föreslagit.

340 1782 14 30 I
375 1782 151 36 enlighet
546 1782 79 31 med
644 1781 376 38 jordbruksutskottets
1041 1782 209 30 hemställan
1275 1777 192 41 (utlåtande
1487 1790 42 21 nr
1552 1782 14 28 1
1588 1790 32 27 p.
1646 1777 74 40 135)
1747 1790 57 21 av-

296 1833 74 36 slog
385 1832 185 37 riksdagen
586 1833 177 30 motionen
780 1832 122 37 ifråga.

338 1932 51 30 Av
410 1932 65 30 här
497 1933 201 30 meddelade
719 1932 176 37 uppgifter
916 1933 97 29 torde
1035 1931 146 37 framgå,
1205 1935 49 27 att
1272 1931 440 37 hushållningssällskapen
1736 1931 64 30 till-

296 1982 87 32 förts
403 1984 138 35 mycket
559 1983 217 31 omfattande
795 1983 179 36 uppgifter
992 1991 124 28 genom
1136 1986 49 27 att
1203 1982 35 31 åt
1256 1983 78 30 dem
1354 1982 204 31 anförtrotts
1576 1982 227 31 handhavan-

294 2034 55 29 det
376 2042 44 21 av
447 2036 126 27 statens
600 2034 129 36 anslag,
757 2033 170 30 avseende
955 2033 71 30 dels
1053 2033 123 37 bidrag
1203 2033 50 30 till
1281 2033 176 37 nyodling,
1486 2032 314 36 betesförbättring,

294 2083 216 37 stenröjning
535 2084 65 30 och
625 2083 229 37 jordkörning
879 2084 55 29 för
960 2084 186 30 stärkande
1171 2092 43 21 av
1240 2083 248 37 ofullständiga
1514 2082 170 38 jordbruk
1711 2085 90 28 samt

294 2134 72 30 dels
390 2134 124 37 bidrag
536 2134 65 30 och
625 2133 57 31 Jån
700 2134 51 30 till
774 2134 229 37 täckdikning
1027 2135 65 29 och
1117 2133 433 38 gödselvårdsanläggning
1573 2132 21 32 å
1618 2133 181 37 jordbruk.

296 2184 49 31 De
365 2185 216 36 statsanslag,
602 2194 75 21 som
696 2184 55 31 för
771 2185 235 30 innevarande
1026 2184 168 37 budgetår
1215 2184 151 30 anvisats
1387 2184 51 30 till
1458 2184 122 37 bidrag
1600 2184 55 30 för
1675 2183 125 37 ifråga-

293 2235 155 30 varande
475 2234 172 36 ändamål,
676 2234 115 38 uppgå
819 2235 57 30 för
902 2235 247 37 ofullständiga
1177 2235 171 37 jordbruk
1376 2235 51 30 till
1459 2235 172 35 1,950,000
1660 2235 139 34 kronor,

294 2285 54 30 för
375 2285 268 36 täckdikningar
670 2286 51 29 till
749 2286 140 35 500,000
919 2286 128 29 kronor
1075 2286 66 30 och
1164 2285 55 30 för
1249 2284 472 38 gödselvårdsanläggningar
1749 2285 51 30 till

294 2336 143 35 200,000
465 2336 128 30 kronor
621 2336 81 30 eller
730 2336 49 30 till
808 2336 232 36 sammanlagt
1068 2336 175 35 2,650,000
1273 2336 140 35 kronor,
1443 2335 114 30 vartill
1587 2336 141 30 komma
1759 2336 41 29 de

294 2387 131 36 anslag,
441 2396 74 20 som
529 2386 174 37 samtidigt
717 2387 109 29 ställts
839 2386 52 30 till
905 2386 207 36 förfogande
1126 2386 50 30 till
1191 2385 56 31 lån
1263 2386 55 30 för
1331 2386 278 35 täckdikningar,
1626 2386 174 35 2,000,000

293 2436 140 36 kronor,
464 2437 64 30 och
558 2436 55 31 för
637 2436 481 37 gödselvårdsanläggningar,
1153 2437 172 35 1,335,355
1357 2437 139 29 kronor.
1550 2436 107 30 Dessa
1689 2436 110 30 medel
