1894 2844
574 151 259 31 Statsutskottets
850 153 166 29 utlåtande
1037 152 47 29 Nr
1108 152 69 32 143.
1605 153 17 31 7

159 238 118 34 Såsom
304 239 364 39 departementschefen
696 239 190 34 framhållit
913 240 61 33 och
1001 240 12 31 i
1039 239 125 33 väckta
1190 240 161 32 motioner
1379 239 176 40 påpekats,
1584 244 37 29 är

115 290 280 39 anslagsbehovet
422 290 55 32 för
503 293 98 30 nästa
626 290 165 38 budgetår
819 290 215 38 synnerligen
1061 293 94 29 stort.
1209 289 135 33 Statens
1371 290 250 39 egnahemssty-

114 342 84 32 relse
217 341 62 33 har
298 341 101 33 också
420 341 55 33 för
494 341 271 33 verksamhetens
787 340 227 33 fortsättande
1035 340 119 39 begärt
1174 344 50 29 ett
1245 341 120 38 anslag
1386 352 43 21 av
1452 342 39 32 15
1514 340 106 39 miljo-

116 404 56 21 ner
190 392 131 38 kronor,
341 391 120 33 medan
478 391 12 32 i
510 391 247 39 propositionen
777 391 142 33 föreslås
939 390 183 33 anvisande
1141 403 43 21 av
1204 394 49 30 ett
1269 391 121 39 belopp
1413 403 42 20 av
1476 393 18 32 5
1516 391 106 39 miljo-

116 455 56 21 ner
193 442 132 33 kronor.

160 493 175 33 Utskottet
355 493 62 33 har
437 492 58 33 vid
517 493 51 33 sin
589 493 166 39 prövning
774 504 43 21 av
838 492 138 33 ärendet
996 492 114 33 funnit
1130 492 170 39 önskvärt,
1323 495 51 31 att
1395 493 104 38 något
1517 492 105 33 ökade

114 544 108 33 medel
241 564 46 3 —
305 547 117 29 utöver
445 544 65 33 vad
533 544 127 39 Kungl.
685 544 102 38 Maj:t
809 543 180 39 föreslagit
1008 562 45 5 —
1075 543 119 33 ställas
1216 543 55 34 till
1294 543 202 39 förfogande
1518 543 105 33 under

115 594 224 33 instundande
365 594 254 39 budgetperiod.
666 594 105 34 Detta
793 606 100 27 synes
919 594 115 32 kunna
1058 594 58 33 ske
1140 594 120 33 endast
1284 594 44 39 på
1356 594 56 32 det
1435 597 112 36 sättet,
1572 597 51 29 att

113 645 128 39 jämväl
266 648 49 30 ett
341 645 323 39 lånemedelsanslag
690 645 135 33 anvisas
853 645 55 33 för
934 644 266 33 verksamheten.

158 695 69 33 Det
244 707 43 21 av
306 696 129 38 Kungl.
456 696 102 38 Maj:t
577 695 125 33 äskade
722 696 163 38 anslaget,
906 707 70 21 som
997 695 108 33 skulle
1123 699 171 35 upptagas
1316 695 106 33 under
1443 695 102 33 femte
1564 695 58 32 hu-

114 746 165 32 vudtiteln
306 746 60 32 och
390 747 84 37 utgå
500 758 43 21 av
567 746 227 39 skattemedel,
821 759 96 20 avses
945 746 184 33 emellertid
1157 747 54 32 för
1236 746 271 33 verksamhetens
1534 745 88 33 båda

114 809 130 27 grenar,
267 797 179 32 utdelande
468 809 42 20 av
530 796 345 40 förbättringsbidrag
897 797 62 32 och
979 796 216 33 utlämnande
1218 808 42 21 av
1282 796 296 39 nybyggnadslån.

160 847 103 33 Såväl
287 848 73 32 med
383 848 134 38 hänsyn
538 847 54 33 till
615 847 233 39 föreliggande
871 851 91 29 stora
987 846 232 34 medelsbehov
1245 859 69 21 som
1337 847 62 32 ock
1421 859 40 20 ur
1483 846 139 40 budget-

114 898 136 32 teknisk
271 898 175 39 synpunkt
464 898 62 33 har
546 898 165 33 utskottet
728 918 45 4 —
791 898 127 38 jämväl
940 898 12 32 i
972 898 197 38 anslutning
1189 898 54 32 till
1261 898 66 32 vad
1350 898 13 32 i
1381 897 167 33 motionen
1567 897 54 33 II:

113 949 64 32 556
206 948 195 39 föreslagits
431 968 46 4 —
505 949 115 33 funnit
647 949 53 39 sig
728 949 80 33 böra
837 948 135 39 föreslå,
1003 953 51 29 att
1081 968 45 4 —
1153 952 118 29 utöver
1300 949 56 32 det
1382 948 106 33 under
1518 948 102 33 femte

111 999 213 33 huvudtiteln
349 999 126 33 äskade
498 1000 154 38 anslaget
672 1001 21 31 å
716 1000 173 38 5,000,000
913 999 131 39 kronor,
1067 999 108 33 vilket
1196 999 201 33 hädanefter
1419 999 70 33 helt
1511 999 109 33 skulle

111 1062 96 21 avses
229 1050 55 32 till
307 1050 346 39 förbättringsbidrag
672 1070 45 3 —
738 1051 134 32 anvisas
895 1054 48 29 ett
964 1050 119 39 anslag
1106 1050 106 32 under
1233 1050 146 38 utgifter
1400 1050 54 32 för
1475 1049 144 40 kapital-

111 1101 126 38 ökning
255 1101 20 32 å
295 1101 173 38 2,000,000
488 1101 121 33 kronor
627 1101 54 32 till
699 1101 431 38 bostadsförbättringslån.

158 1152 66 32 För
247 1152 56 32 lån
325 1164 41 20 ur
390 1152 108 32 denna
522 1164 68 26 nya
614 1152 82 32 fond
719 1151 81 33 böra
823 1151 94 39 gälla
940 1151 175 32 enahanda
1136 1151 251 32 bestämmelser
1412 1162 68 22 som
1506 1151 53 33 för
1582 1151 39 32 de

112 1202 296 39 nybyggnadslån,
433 1214 69 21 som
524 1202 183 33 utlämnats
733 1214 43 21 av
801 1202 124 33 hittills
948 1201 159 33 anvisade
1133 1201 108 33 medel
1264 1202 53 32 för
1339 1201 281 33 bostadsförbätt-

114 1253 76 38 ring
214 1253 20 32 å
256 1252 235 40 landsbygden
516 1253 73 32 med
612 1252 220 39 iakttagande
856 1264 43 21 av
925 1253 39 32 de
988 1264 42 21 av
1054 1252 366 39 departementschefen
1444 1252 178 33 förordade

111 1303 271 39 Jämkningarna.
428 1303 165 33 Närmare
614 1303 214 33 föreskrifter
849 1303 172 39 angående
1044 1303 250 39 förvaltningen
1317 1315 43 20 av
1381 1303 123 33 fonden
1528 1303 93 33 torde

113 1355 37 32 få
170 1354 169 33 meddelas
361 1366 43 21 av
426 1354 129 39 Kungl.
578 1354 111 39 Maj:t.

154 1430 78 32 Vad
260 1429 166 33 utskottet
453 1430 143 32 sålunda
623 1429 152 33 förordat
800 1430 139 33 innebär
965 1430 111 38 alltså,
1104 1433 52 29 att
1182 1429 166 33 utskottet
1374 1429 172 39 tillstyrkt
1571 1432 48 30 ett

110 1480 400 39 kapitalökningsanslag
533 1481 19 32 å
577 1481 174 38 3,000,000
773 1480 122 32 kronor
917 1480 54 32 till
995 1480 61 33 den
1079 1492 41 20 av
1146 1480 129 39 Kungl.
1299 1479 104 40 Maj:t
1426 1479 193 39 föreslagna

111 1531 199 33 lånefonden
337 1531 55 32 för
417 1530 319 40 bostadsbyggande
765 1531 11 32 i
803 1531 114 33 städer
944 1531 61 32 och
1033 1530 254 33 stadsliknande
1316 1530 195 33 samhällen.
1551 1530 68 32 Till

111 1582 190 38 främjande
325 1594 42 20 av
391 1581 320 39 bostadsbyggande
736 1582 44 38 på
805 1581 234 38 landsbygden
1077 1581 62 33 har
1163 1581 187 39 tillstyrkts
1377 1580 69 34 dels
1471 1581 56 33 till
1551 1580 66 33 för-

110 1633 293 39 bättringsbidrag
426 1636 49 29 ett
497 1632 120 40 anslag
639 1633 44 38 på
707 1633 173 38 5,000,000
905 1632 132 39 kronor,
1063 1632 70 32 dels
1157 1632 54 32 till
1235 1644 39 20 en
1298 1631 170 40 lånefond,
1493 1631 124 33 avsedd

113 1684 54 32 för
188 1683 297 39 nybyggnadslån,
509 1687 49 29 ett
580 1683 399 40 kapitalökningsanslag
1002 1695 43 20 av
1068 1684 174 37 2,000,000
1266 1683 132 32 kronor.

155 1784 114 33 Under
286 1784 211 39 åberopande
514 1784 105 32 härav
637 1784 193 33 hemställer
849 1783 176 40 utskottet,

467 1871 52 30 att
539 1867 181 39 riksdagen
743 1868 53 32 må

466 1935 40 37 I.,
527 1935 13 31 i
562 1934 180 38 anledning
765 1946 41 20 av
829 1933 129 38 Kungl.
981 1933 119 38 Maj:ts
1125 1933 131 38 förslag
1278 1933 60 32 och
1362 1933 74 32 med
1459 1932 119 39 avslag
1599 1933 20 32 å

422 1985 205 32 motionerna
655 1984 131 33 IT:549
813 1984 61 32 och
902 1984 74 38 555,
1008 1983 234 33 förstnämnda
1268 1983 125 32 motion
1421 1983 13 31 i
1461 1983 67 32 vad
1556 1983 62 33 den

422 2047 97 20 avser
534 2035 57 32 lån
609 2034 55 34 till
682 2033 319 40 bostadsbyggande
1020 2034 13 31 i
1050 2033 113 33 städer
1181 2033 61 33 och
1260 2033 254 33 stadsliknande
1534 2045 84 20 sam-

422 2085 122 39 hällen,

467 2134 36 41 a)
532 2135 141 39 besluta,
700 2138 51 30 att
778 2147 40 21 en
844 2135 92 39 fond,
965 2134 164 33 benämnd
1157 2134 201 33 lånefonden
1386 2134 54 33 för
1467 2134 150 33 bostads-

420 2186 181 39 byggande
622 2186 12 31 i
652 2186 113 32 städer
782 2186 59 32 och
863 2184 255 34 stadsliknande
1139 2185 195 38 samhällen,
1355 2184 89 33 skall
1464 2184 153 38 inrättas,

422 2236 78 32 från
522 2236 112 32 vilken
660 2236 56 32 lån
741 2237 53 31 må
818 2236 170 32 utlämnas
1011 2235 53 32 till
1090 2247 59 26 ny-
1172 2235 61 32 och
1256 2234 216 39 ombyggnad
1498 2246 42 21 av
1564 2234 53 33 bo-

422 2287 158 32 stadshus
599 2287 12 31 i
632 2286 113 33 städer
764 2286 59 32 och
842 2285 255 33 stadsliknande
1118 2285 194 39 samhällen,

465 2335 38 40 b)
533 2336 164 39 medgiva,
724 2340 51 29 att
799 2336 55 31 lån
879 2348 40 19 ur
944 2335 145 32 nämnda
1114 2335 82 32 fond
1221 2335 53 32 må
1299 2334 129 33 lämnas
1453 2335 12 31 i
1490 2334 127 33 huvud-

422 2386 113 39 saklig
551 2385 327 34 överensstämmelse
899 2385 74 32 med
994 2397 41 20 av
1055 2384 366 39 departementschefen
1440 2384 178 33 förordade

422 2437 155 38 grunder,
599 2440 87 29 samt
