1880 2770
467 151 389 33 Jordbruksutskottets
876 149 180 30 utlåtande
1074 157 42 20 nr
1136 148 39 29 12
1191 147 40 29 år
1251 147 82 28 1964
1625 145 20 30 3

816 286 177 34 Motioner

203 398 13 30 I
234 395 188 39 anledning
438 403 43 21 av
496 391 264 42 propositionen
777 399 41 21 nr
836 389 43 30 69
894 389 76 33 har,
988 388 104 30 såvitt
1109 396 47 21 nu
1174 387 39 29 är
1229 387 11 29 i
1257 386 110 39 fråga,
1383 385 122 30 väckts

203 450 73 30 dels
294 449 58 30 två
370 446 225 41 likalydande
614 445 184 33 motioner,
817 442 177 40 nämligen
1013 441 29 30 1:
1060 440 61 31 760
1142 449 42 21 av
1202 441 80 29 herr
1303 439 169 30 Thorsten
1492 438 152 29 Larsson

158 513 46 22 m.
223 503 38 40 fl.
280 503 65 30 och
364 501 45 30 II:
425 501 61 30 931
509 510 42 20 av
569 500 81 29 herr
668 497 176 40 Dahlgren
864 505 46 21 m.
930 496 50 40 fl.,
1000 496 75 30 vari
1093 494 199 30 hemställts
1310 495 51 28 att
1380 492 187 39 riksdagen
1587 490 57 30 vid

160 558 53 29 sin
237 555 212 39 behandling
472 564 42 20 av
536 552 264 41 propositionen
822 559 42 21 nr
887 549 42 31 69
951 549 109 30 måtte
1083 548 52 30 till
1159 546 212 40 Främjande
1395 555 42 20 av
1461 544 184 39 forskning

159 611 44 39 på
221 609 227 40 jordbrukets
467 606 144 31 område
630 615 45 21 m.
695 614 45 21 m.
762 604 54 30 för
836 603 206 40 budgetåret
1063 601 149 36 1964/65
1233 600 110 30 under
1363 599 128 29 nionde
1510 597 135 30 huvud-

159 664 100 29 titeln
277 662 120 30 anvisa
414 663 48 28 ett
480 658 358 39 reservationsanslag
854 666 42 21 av
914 656 18 31 3
946 655 64 31 250
1024 655 63 30 000
1105 655 52 29 kr.
1175 656 51 28 att
1243 654 204 39 disponeras
1465 652 11 29 i
1494 651 151 39 enlighet

160 716 79 30 med
255 716 66 30 vad
339 717 11 29 i
368 714 179 30 motionen
566 713 147 33 anförts,

204 768 73 30 dels
299 768 65 29 ock
385 767 181 29 motionen
586 765 45 29 II:
648 764 63 30 933
734 773 43 20 av
798 764 58 29 fru
875 762 144 40 Sjövall,
1041 762 11 29 i
1073 761 116 29 vilken
1212 759 143 35 motion,
1379 758 104 29 såvitt
1505 766 47 20 nu
1575 757 38 29 är
1635 757 9 28 i

160 823 108 40 fråga,
296 822 198 30 hemställts
523 822 50 28 att
601 819 187 39 riksdagen
815 817 55 30 för
897 816 206 40 budgetåret
1132 814 148 36 1964/65
1308 813 108 30 måtte
1444 812 121 30 anvisa
1592 811 51 30 till

160 876 212 40 Främjande
395 884 43 21 av
460 873 186 39 forskning
668 872 45 40 på
734 871 227 41 jordbrukets
986 869 142 30 område
1151 870 48 28 ett
1223 866 356 38 reservationsanslag
1601 864 44 40 på

162 930 18 30 3
194 929 62 30 450
271 929 62 30 000
352 929 52 29 kr.

205 983 176 29 Motionen
407 981 45 30 II:
469 980 64 30 933
558 980 65 30 har
646 978 182 31 hänvisats
853 978 52 29 till
931 975 365 42 jordbruksutskottet
1323 974 104 30 såvitt
1453 981 99 21 avser
1576 981 71 20 me-

161 1034 260 39 delsanvisning
438 1033 53 30 till
507 1031 380 41 jordbruksforskning
905 1030 66 30 och
987 1030 11 30 i
1015 1029 111 39 övrigt
1144 1028 51 30 till
1214 1027 269 30 statsutskottet.

203 1088 227 31 Beträffande
447 1087 254 39 motiveringen
718 1085 56 30 för
789 1083 360 40 motionsyrkandena
1168 1082 55 30 får
1241 1081 170 30 utskottet
1429 1079 146 30 hänvisa
1592 1079 53 29 till

159 1143 220 30 motionerna
398 1141 29 30 I:
444 1141 63 30 760
526 1141 65 29 och
610 1139 46 30 II:
672 1139 74 31 933.

814 1302 181 33 Utskottet

204 1411 12 29 I
237 1409 263 41 propositionen
519 1416 41 21 nr
581 1406 41 31 69
642 1406 134 30 erinras
797 1414 56 21 om
874 1406 51 28 att
945 1403 186 39 forskning
1150 1403 64 29 och
1235 1401 337 39 utvecklingsarbete
1593 1402 53 28 ut-

160 1464 60 39 gör
235 1472 42 21 en
294 1462 170 40 grundval
480 1461 55 29 för
551 1459 233 33 ekonomiskt,
801 1458 121 30 socialt
938 1457 66 30 och
1019 1456 183 29 kulturellt
1218 1454 321 31 framåtskridande
1556 1455 89 28 samt

160 1518 10 29 i
192 1517 62 29 allt
274 1517 106 38 högre
402 1514 85 40 grad
508 1513 172 40 påverkar
702 1511 244 39 utvecklingen
968 1510 96 29 inom
1087 1509 94 30 olika
1203 1509 95 29 delar
1320 1517 43 21 av
1384 1507 260 30 samhällslivet.

160 1570 67 29 För
251 1571 50 28 att
325 1569 66 29 den
415 1567 197 40 betydande
635 1565 192 40 expansion
852 1573 76 21 som
951 1564 58 39 ägt
1031 1572 81 20 rum
1135 1562 88 30 efter
1247 1562 109 29 andra
1379 1560 231 39 världskriget
1635 1560 9 29 i

161 1623 98 39 fråga
283 1631 55 20 om
363 1621 167 39 anslagen
553 1620 52 29 till
629 1619 185 39 forskning
838 1618 90 29 skall
952 1617 122 29 kunna
1098 1616 164 30 fortsätta
1285 1614 147 31 föreslås
1457 1613 188 31 avsevärda

159 1675 189 40 höjningar
367 1684 42 19 av
428 1673 167 39 anslagen
614 1673 53 29 till
687 1672 42 30 de
748 1671 139 40 statliga
906 1669 325 40 forskningsråden.
1252 1668 13 30 I
1286 1668 98 40 fråga
1404 1677 56 20 om
1480 1668 165 38 anslagen

159 1728 53 30 till
228 1726 425 41 jordbruksforskningen
670 1726 64 29 har
753 1723 396 41 departementschefen,
1168 1722 80 30 med
1265 1721 211 39 hänvisning
1494 1721 51 29 till
1564 1720 82 30 den-

160 1791 45 20 na
227 1780 202 40 forsknings
452 1780 62 29 allt
538 1780 109 29 större
669 1778 186 40 betydelse,
878 1777 45 30 bl.
946 1787 30 19 a.
1000 1776 56 30 för
1076 1774 568 40 rationaliseringsverksamheten

159 1835 96 29 inom
278 1833 219 40 jordbruket,
520 1833 128 28 räknat
670 1831 79 30 med
773 1841 43 20 en
838 1831 132 38 ökning
994 1839 42 20 av
1058 1839 40 20 ca
1122 1829 39 30 38
1191 1829 48 34 96.
1262 1829 13 28 I
1299 1827 347 31 överensstämmelse

159 1887 145 30 härmed
323 1886 160 30 förordas
501 1886 10 29 i
528 1885 262 40 propositionen
809 1886 50 28 att
875 1884 53 29 till
947 1882 200 40 främjande
1164 1891 42 20 av
1223 1881 185 39 forskning
1424 1881 44 39 på
1484 1880 162 40 jordbru-

160 1940 76 29 kets
253 1939 141 30 område
411 1948 46 20 m.
473 1948 46 20 m.
537 1940 90 28 samt
644 1937 52 30 till
712 1937 162 40 åtgärder
891 1936 54 30 för
962 1938 50 28 att
1029 1935 188 40 förebygga
1233 1934 257 31 skördeskador
1506 1933 140 30 anvisas

160 1993 19 29 2
194 1992 62 30 950
270 1992 63 30 000
365 1992 52 29 kr.
450 1991 196 40 respektive
678 1990 139 30 300000
850 1990 52 30 kr.
934 1989 53 30 Av
1018 1988 246 31 förstnämnda
1283 1988 125 39 belopp
1431 1987 88 30 skall
1540 1987 106 38 enligt

160 2046 125 39 Kungl.
308 2046 123 39 Maj:ts
455 2045 131 39 förslag
608 2045 204 39 disponeras
835 2043 63 30 250
912 2042 63 31 000
998 2042 52 31 kr.
1074 2042 55 30 för
1150 2042 94 29 vissa
1266 2040 305 39 undersökningar
1592 2039 55 29 för

160 2101 51 27 att
232 2099 119 39 belysa
373 2098 118 40 frågor
517 2098 6 29 i
546 2097 169 30 samband
738 2097 79 29 med
840 2096 269 39 användningen
1132 2105 42 20 av
1196 2094 160 30 kemiska
1377 2093 269 39 bekämpnings-

160 2151 112 30 medel
295 2151 201 34 (biocider).
515 2150 125 40 Kungl.
660 2150 123 39 Maj:ts
802 2150 131 39 förslag
950 2148 146 31 innebär
1112 2158 43 20 en
1173 2147 131 40 ökning
1322 2157 41 20 av
1381 2145 265 41 ifrågavarande

161 2204 121 39 anslag
299 2204 112 29 under
428 2203 128 30 nionde
574 2203 223 29 huvudtiteln
816 2202 79 30 med
915 2202 233 38 sammanlagt
1167 2201 62 29 900
1244 2200 62 30 000
1326 2200 51 29 kr.

206 2257 13 29 I
242 2256 178 30 motionen
443 2256 45 29 II:
506 2256 63 29 933
592 2258 90 27 samt
705 2256 221 29 motionerna
948 2255 28 29 I:
994 2254 62 30 760
1079 2254 65 29 och
1167 2253 45 30 II:
1229 2253 60 29 931
1314 2252 132 30 hävdas
1469 2254 50 27 att
1542 2251 41 30 de
1606 2260 41 20 av

161 2310 125 39 Kungl.
304 2309 104 39 Maj:t
425 2308 112 30 under
554 2309 156 38 anslaget
727 2308 51 29 till
797 2307 199 40 främjande
1014 2316 41 20 av
1073 2306 184 39 forskning
1272 2306 44 39 på
1332 2305 226 39 jordbrukets
1576 2313 71 20 om-

162 2363 81 30 råde
262 2372 45 20 m.
326 2371 45 20 m.
391 2362 200 38 föreslagna
609 2361 363 39 anslagsökningarna
989 2360 38 29 är
1046 2359 230 39 otillräckliga
1295 2359 64 29 och
1379 2360 50 27 att
1448 2357 198 40 ytterligare

162 2416 110 30 medel
292 2415 119 30 därför
430 2415 63 29 bör
511 2414 139 30 anvisas
670 2414 54 29 för
742 2414 154 29 nämnda
915 2413 177 30 ändamål.
1109 2413 49 29 Bl.
1178 2422 29 19 a.
1227 2413 63 28 har
1309 2412 9 28 i
1338 2410 220 31 sistnämnda
1576 2419 72 20 mo-

163 2469 155 39 tionspar
340 2468 121 39 yrkats
484 2467 44 39 på
550 2477 42 20 en
616 2467 130 39 ökning
769 2477 41 20 av
832 2467 56 30 det
913 2466 55 30 för
991 2466 302 38 undersökningar
1316 2464 148 30 rörande
1489 2463 156 30 kemiska
