1872 2786
288 194 39 29 10
719 193 287 30 Statsutskottets
1028 193 179 30 utlåtande
1228 203 41 19 nr
1288 194 52 28 93.

289 281 134 36 princip
444 281 160 36 samtliga
623 281 160 37 åtgärder
801 281 56 29 vid
877 283 47 27 ett
943 281 399 29 konsultationstillfälle
1363 281 128 30 räknas
1513 291 73 20 som
1606 291 42 20 en
1669 283 102 28 enhet

290 335 8 28 i
318 334 421 37 ersättningshänseende.

333 388 128 29 Genom
485 388 41 29 de
551 388 195 36 föreslagna
770 387 206 37 åtgärderna
1000 388 158 29 kommer
1182 388 338 37 provinsialläkarna
1545 390 50 27 att
1620 389 151 29 tillföras

288 450 42 20 en
356 441 107 29 sådan
488 441 377 36 inkomstförbättring,
891 443 50 28 att
966 441 41 30 de
1031 442 276 36 genomsnittligt
1332 442 96 29 torde
1454 442 131 29 erhålla
1612 451 43 20 en
1681 451 89 21 sam-

288 494 161 37 manlagd
471 495 154 29 inkomst
645 504 42 20 av
708 496 54 28 sin
783 495 119 36 tjänst,
926 504 73 20 som
1022 495 103 36 något
1147 495 187 36 överstiger
1356 495 56 29 det
1434 495 144 29 relativa
1601 496 168 29 inkomst-

287 548 84 36 läge,
399 556 73 21 som
499 548 55 29 för
579 548 77 29 dem
682 548 77 29 blev
785 557 42 20 en
853 548 88 36 följd
967 557 43 20 av
1038 548 80 30 1947
1145 548 57 30 års
1229 549 260 36 lönereglering.
1541 549 93 29 Även
1661 549 108 29 förste

287 601 337 37 provinsialläkarna
646 601 148 30 erhåller
815 609 121 29 genom
960 602 67 29 den
1049 611 66 27 nya
1137 604 105 27 taxan
1264 611 42 20 en
1327 602 377 37 inkomstförbättring.

333 707 63 29 Vid
417 708 166 29 anmälan
602 708 66 29 den
691 708 37 30 10
749 708 144 29 oktober
916 708 81 30 1952
1019 717 42 20 av
1081 708 97 37 fråga
1199 717 56 20 om
1276 708 194 30 beredande
1490 718 43 20 av
1555 709 214 29 förbättrade

286 762 402 30 inkomstförhållanden
716 763 55 29 för
799 763 420 29 distriktsveterinärerna
1253 763 112 36 (prop.
1394 772 41 20 nr
1463 762 79 35 240)
1577 763 195 32 framhölls,

286 816 51 27 att
361 823 145 21 numera
531 814 115 30 finnes
672 814 123 30 endast
821 815 34 29 få
882 822 150 30 grupper
1058 815 312 36 statstjänstemän,
1399 824 73 20 som
1500 815 109 37 jämte
1635 816 58 29 lön
1719 816 50 29 åt-

287 868 117 35 njuter
423 868 193 36 ersättning
637 868 53 29 för
711 868 53 29 sin
783 868 301 37 tjänsteutövning
1104 868 106 37 enligt
1229 870 89 28 taxa.
1339 869 52 28 En
1410 878 42 20 av
1472 869 40 29 de
1532 876 160 29 grupper,
1715 869 54 29 för

286 921 92 29 vilka
405 923 47 27 ett
479 921 124 30 sådant
629 923 129 35 system
784 922 94 29 ännu
905 921 115 37 gäller,
1048 922 38 29 är
1112 922 348 36 provinsialläkarna.
1489 923 107 28 Dessa
1624 922 145 36 tjänste-

285 975 82 28 män
390 974 148 30 erhåller
561 975 58 29 lön
643 975 106 37 enligt
772 975 162 37 löneplan
959 976 18 29 3
1002 976 9 28 i
1038 977 131 28 statens
1194 975 399 37 löneplansförordning,
1620 984 80 21 men
1725 985 43 20 en

288 1030 70 27 stor
379 1028 53 29 del
454 1037 42 20 av
516 1028 101 29 deras
639 1028 193 30 inkomster
853 1028 99 37 utgår
974 1029 10 28 i
1007 1028 90 30 form
1119 1038 42 20 av
1184 1029 171 29 särskilda
1376 1029 153 29 arvoden
1551 1029 107 37 enligt
1684 1029 82 29 1926

284 1081 57 29 års
369 1081 383 37 provinsialläkartaxa.
782 1082 180 36 Därjämte
991 1082 134 37 uppbär
1153 1082 40 29 de
1221 1083 92 28 vissa
1342 1082 106 37 enligt
1476 1082 92 29 avtal
1597 1082 171 37 utgående

284 1135 242 36 ersättningar,
554 1135 278 37 huvudsakligen
859 1135 78 30 från
965 1136 230 36 landstingen,
1225 1136 114 29 såsom
1366 1136 159 36 vederlag
1555 1136 212 29 framförallt

285 1188 54 29 för
361 1189 74 28 sina
456 1189 151 29 insatser
629 1189 8 28 i
660 1188 66 30 den
749 1189 255 36 förebyggande
1025 1189 140 29 vården.

328 1242 25 28 Å
379 1242 181 29 lönedelen
586 1252 41 19 av
653 1243 53 28 sin
734 1242 154 29 inkomst
913 1242 64 29 har
1004 1242 338 37 provinsialläkarna
1371 1243 8 28 i
1407 1242 109 29 likhet
1544 1243 77 28 med
1649 1243 117 36 övriga

284 1295 304 36 statstjänstemän
609 1295 146 37 åtnjutit
776 1296 41 29 de
839 1295 254 37 förhöjningar,
1118 1304 73 21 som
1215 1295 47 29 tid
1286 1296 87 28 efter
1393 1305 119 20 annan
1534 1296 168 29 beslutats
1724 1305 42 20 av

284 1349 282 29 statsmakterna.
592 1349 164 29 Däremot
780 1349 63 29 har
868 1349 113 36 någon
1006 1349 203 36 förhöjning
1233 1358 42 20 av
1301 1349 246 37 taxebeloppen
1574 1349 74 30 icke
1675 1350 90 29 skett

284 1402 106 29 sedan
412 1402 93 30 1926.

327 1509 75 29 Med
425 1509 166 29 skrivelse
611 1509 66 29 den
697 1509 41 29 24
759 1509 143 29 oktober
924 1509 79 30 1931
1028 1509 63 28 har
1111 1508 357 37 medicinalstyrelsen
1491 1510 87 28 efter
1600 1510 165 29 förhand-

283 1562 111 36 lingar
417 1562 78 29 med
520 1564 279 35 representanter
824 1562 54 29 för
902 1563 156 36 Sveriges
1083 1562 251 30 läkarförbund
1359 1563 64 29 och
1449 1563 154 29 Svenska
1628 1563 137 36 provin-

281 1617 373 37 sialläkarföreningen
676 1617 165 37 framlagt
862 1617 130 37 förslag
1012 1618 52 28 till
1087 1627 45 26 ny
1151 1617 386 36 provinsialläkartaxa.

326 1669 356 36 Medicinalstyrelsen
707 1670 64 28 har
797 1669 8 29 i
832 1669 53 29 sin
911 1669 166 29 skrivelse
1104 1669 249 36 inledningsvis
1380 1670 131 28 erinrat
1536 1678 57 20 om
1618 1671 51 28 att
1696 1672 68 34 sty-

282 1723 112 28 relsen
415 1723 9 28 i
446 1722 203 36 anslutning
671 1723 51 28 till
745 1723 75 28 sina
841 1722 322 36 anslagsäskanden
1184 1722 54 29 för
1260 1722 203 37 budgetåret
1487 1723 148 33 1951/52
1659 1723 106 29 fram-

282 1776 99 29 hållit
400 1776 303 36 nödvändigheten
722 1785 42 20 ur
785 1775 418 37 rekryteringssynpunkt
1223 1785 41 20 av
1285 1778 49 27 att
1356 1777 409 36 provinsialläkarbanan

281 1829 98 36 göres
404 1838 95 20 mera
526 1829 167 29 lockande
720 1829 10 29 i
758 1829 221 29 ekonomiskt
1006 1829 207 29 hänseende.
1242 1829 175 37 Styrelsen
1445 1830 87 29 hade
1561 1830 121 29 därvid
1710 1830 54 29 för

283 1883 54 29 sin
354 1883 53 29 del
425 1883 166 34 förordat,
609 1885 50 27 att
676 1892 82 20 man
775 1883 9 29 i
802 1882 90 30 valet
909 1883 130 29 mellan
1057 1892 42 20 en
1116 1882 147 37 höjning
1281 1892 41 20 av
1340 1883 66 29 den
1424 1883 339 37 provinsialläkarna

281 1936 265 30 tillkommande
569 1936 102 29 lönen
692 1936 65 29 och
781 1945 42 20 en
846 1936 146 36 höjning
1016 1945 42 20 av
1082 1937 316 35 taxeersättningen
1422 1937 112 28 skulle
1560 1937 128 28 inrikta
1713 1937 50 36 sig

280 1990 43 36 på
345 1991 50 27 att
418 1990 35 29 få
477 1990 52 28 till
556 1990 99 29 stånd
680 1999 42 20 en
747 1999 46 27 ny
817 1989 383 37 provinsialläkartaxa,
1228 1999 72 20 som
1326 1997 63 29 gav
1413 1990 270 36 kompensation
1708 1990 54 29 för

280 2043 293 36 penningvärdetls
596 2043 61 29 fall
680 2052 81 20 men
784 2043 74 29 icke
883 2043 136 36 syftade
1043 2043 51 29 till
1118 2045 51 27 att
1193 2043 8 29 i
1226 2043 165 29 avsevärd
1416 2044 83 29 mån
1522 2044 125 29 bereda
1671 2044 90 29 ökad

278 2096 81 29 reell
387 2096 165 30 inkomst.
581 2096 179 36 Därjämte
788 2096 88 29 hade
905 2096 169 37 styrelsen
1103 2097 8 28 i
1141 2097 152 29 nämnda
1321 2097 322 36 anslagsäskanden
1673 2097 87 29 före-

280 2150 100 36 slagit
398 2150 466 36 avlöningsförstärkningar
880 2150 35 29 åt
932 2150 145 29 läkarna
1097 2150 7 29 i
1122 2150 91 29 vissa
1233 2150 149 33 distrikt,
1401 2150 113 29 vilkas
1533 2150 227 30 ekonomiska

278 2203 156 36 bärighet
454 2212 61 20 var
536 2203 135 29 mindre
692 2203 76 37 god.

324 2257 71 29 Mot
421 2257 184 37 bakgrund
633 2266 42 20 av
700 2258 66 28 vad
793 2258 170 35 styrelsen
990 2257 149 29 sålunda
1164 2258 128 29 uttalat
1317 2257 64 29 har
1407 2258 171 36 styrelsen
1605 2257 160 36 upptagit

279 2309 265 37 förhandlingar
573 2309 78 30 med
681 2311 279 35 representanter
991 2310 55 29 för
1076 2310 402 36 provinsialläkarkåren
1509 2310 64 29 och
1606 2310 155 36 Sveriges

278 2362 252 30 läkarförbund
553 2363 8 29 i
583 2362 89 37 syfte
692 2364 51 28 att
763 2363 35 29 få
821 2363 49 29 till
892 2363 101 29 stånd
1015 2365 48 27 ett
1084 2363 129 36 förslag
1235 2363 50 29 till
1308 2373 45 27 ny
1373 2364 386 36 provinsialläkartaxa.

277 2416 116 36 Enligt
413 2416 66 29 vad
502 2416 169 37 styrelsen
692 2417 9 28 i
724 2417 54 28 sin
800 2416 165 30 skrivelse
987 2417 157 36 uppgivit
1165 2417 64 29 har
1251 2417 158 29 avsikten
1431 2417 121 29 därvid
1574 2417 90 29 varit
1685 2417 75 29 icke

277 2469 87 29 blott
387 2471 50 27 att
460 2470 126 29 bereda
610 2470 337 36 provinsialläkarna
971 2470 111 29 ökade
1107 2470 272 29 taxeinkomster
1403 2471 64 28 och
1492 2470 143 29 därmed
1659 2470 102 36 vidga

277 2522 505 37 rekryteringsmöjligheterna
806 2523 51 29 till
880 2523 409 37 provinsialläkarbanan
1311 2526 84 27 utan
1417 2523 106 30 också
1545 2525 49 27 att
1618 2524 9 28 i
1649 2524 111 36 övrigt
