1870 2788
293 175 41 30 26
719 177 287 31 Statsutskottets
1028 177 179 31 utlåtande
1227 188 42 20 nr
1288 179 53 29 93.

922 479 218 39 Förslag

1004 570 53 29 till

827 658 407 38 provinsialläkartaxa.

332 746 210 37 Härigenom
565 747 184 31 förordnas
771 757 75 20 som
868 748 114 37 följer.

992 864 13 29 1
1035 863 28 35 3.

827 952 154 27 Allmänna
1001 953 227 27 bestämmelser.

332 1023 13 27 1
372 1031 103 20 mom.
502 1022 317 31 Provinsialläkare
840 1024 64 29 och
924 1025 97 28 extra
1041 1024 312 37 provinsialläkare
1373 1028 91 27 samt
1484 1026 47 28 vi-

286 1074 97 31 karie
400 1074 54 30 för
473 1075 110 30 sådan
602 1076 118 30 läkare
739 1077 73 36 äga,
832 1078 61 28 där
910 1077 31 37 ej
962 1078 222 30 annorlunda
1202 1079 38 29 är
1257 1079 10 29 i
1285 1079 151 29 särskild
1454 1080 77 29 ord-

286 1127 84 38 ning
397 1129 149 37 stadgat,
574 1131 50 28 att
651 1129 54 30 för
733 1129 185 31 läkarvård
945 1131 65 29 och
1038 1132 107 36 intyg,
1171 1141 75 20 som
1273 1132 135 30 lämnas
1435 1132 96 30 inom

285 1181 178 30 distriktet
484 1182 35 30 åt
542 1183 62 29 där
625 1182 138 31 bosatta
786 1184 83 29 eller
890 1183 214 37 insjuknade
1125 1194 176 27 personer,
1322 1185 133 31 erhålla
1478 1195 53 20 ar-

285 1235 85 29 vode
390 1236 90 28 samt
499 1236 10 29 i
530 1236 173 30 särskilda
723 1236 62 29 fall
805 1237 443 38 resekostnadsersättning
1266 1238 107 37 enligt
1391 1239 64 29 här
1473 1247 58 21 ne-

286 1288 68 29 dan
376 1288 102 37 givna
499 1289 274 30 bestämmelser.

329 1342 19 29 2
372 1350 103 21 mom.
501 1342 13 28 I
536 1343 114 29 denna
670 1344 82 29 taxa
773 1343 129 30 förstås
924 1345 78 28 med
1024 1344 186 30 läkarvård
1231 1345 96 36 varje
1348 1355 42 20 av
1412 1345 118 30 läkare

284 1394 161 38 vidtagen
463 1395 123 37 åtgärd
604 1396 77 29 med
700 1396 91 37 syfte
809 1398 50 28 att
875 1397 63 30 hos
956 1397 137 30 enskild
1111 1407 126 27 person
1255 1398 175 30 fastställa
1447 1399 83 29 eller

288 1448 160 33 utesluta,
472 1448 198 38 förebygga,
693 1449 82 30 bota
798 1449 82 30 eller
903 1449 114 31 lindra
1040 1450 166 36 sjukdom
1228 1451 82 29 eller
1333 1453 107 28 annat
1463 1452 67 29 till-

285 1501 112 34 stånd,
420 1511 74 20 som
517 1502 102 29 faller
640 1502 95 30 inom
757 1502 158 31 området
937 1504 55 29 för
1015 1504 268 30 läkarkonstens
1306 1505 179 37 utövning.

988 1610 73 34 28.

549 1698 172 32 Ersättning
741 1699 47 25 för
807 1699 113 25 enskild
938 1699 162 26 läkarvård
1119 1699 18 26 å
1156 1699 138 26 läkarens
1313 1700 189 32 mottagning.

330 1769 14 27 1
370 1777 104 20 mom.
500 1768 67 29 För
605 1768 198 34 läkarvård,
842 1778 74 20 som
943 1770 177 30 meddelas
1146 1770 19 29 å
1193 1771 161 30 läkarens
1383 1773 146 36 mottag-

283 1821 94 37 ning,
396 1821 101 37 utgår
519 1822 125 29 arvode
664 1822 107 37 enligt
791 1821 157 38 följande
968 1824 210 36 grupptaxa:

283 1874 117 37 Grupp
426 1876 33 27 1:
485 1875 67 29 För
579 1875 99 29 enkel
706 1875 229 38 rådfrågning
961 1877 232 36 personligen,
1221 1877 198 38 skriftligen
1446 1878 83 30 eller

479 1936 125 29 genom
626 1928 129 30 ombud
777 1929 83 29 eller
882 1930 99 29 enkel
1005 1930 263 37 undersökning
1290 1931 64 29 och
1376 1931 152 30 behand-

480 1981 83 37 ling,
584 1982 125 29 främst
728 1983 57 28 vid
807 1982 193 35 återbesök,
1026 1983 40 33 (t.
1086 1992 51 20 ex.
1157 1983 152 30 kontroll
1331 1994 41 20 av
1392 1985 136 37 äggvita

479 2035 66 29 och
563 2035 121 30 socker
701 2034 11 29 i
729 2035 137 34 urinen,
884 2035 62 35 SR,
964 2034 64 36 Hb,
1047 2038 158 35 sputum-
1222 2037 64 30 och
1304 2037 224 38 Weberprov,

480 2087 174 37 injektion
676 2088 11 29 i
707 2088 66 30 och
794 2089 111 29 under
925 2089 72 30 hud
1019 2089 66 30 och
1106 2090 10 29 i
1138 2090 147 34 muskel,
1305 2091 223 37 omläggning

479 2141 65 30 och
567 2142 142 29 därmed
732 2141 181 38 jämförlig
936 2142 121 37 åtgärd
1093 2167 435 6 ooss..ssessssssssrrssrssrrseseresrrrn

282 2193 117 37 Grupp
423 2195 35 28 2:
483 2194 68 30 För
571 2195 253 34 konsultation,
843 2195 243 31 innefattande
1105 2196 115 37 vanlig
1239 2197 289 29 rutinundersök-

478 2247 85 38 ning
586 2248 76 29 med
684 2248 100 37 hjälp
808 2258 42 20 av
871 2249 211 36 inspektion,
1105 2249 191 37 palpation,
1318 2250 209 36 perkussion

478 2301 66 29 och
563 2301 241 30 auskultation
823 2302 254 30 inkluderande
1095 2303 263 37 undersökning
1376 2313 42 20 av
1436 2302 91 34 urin,

480 2353 63 34 SR,
564 2354 64 33 Hb,
649 2354 184 38 blodtryck
854 2355 64 29 och
939 2356 164 33 reflexer;
1125 2356 220 37 bestämning
1366 2365 43 21 av
1429 2357 97 37 ögats

478 2406 196 31 refraktion
697 2407 57 30 vid
777 2408 104 29 enkla
902 2408 249 37 brytningsfel;
1177 2409 160 37 otoskopi
1360 2410 65 29 och
1449 2410 78 29 hör-

479 2460 237 38 selprövning;
746 2461 136 29 mindre
910 2461 200 37 kirurgiska
1137 2462 144 37 ingrepp
1307 2463 82 29 eller
1417 2464 110 29 andra

477 2513 137 30 mindre
630 2514 177 30 krävande
822 2514 253 38 behandlingar
1092 2539 4 5 s
1103 2539 424 6 ..msssssrsrersrrrsrersrsrissrirr
1509 2509 22 47 na

1645 269 130 37 Bilaga.
