1910 2818
469 174 125 40 Tredje
621 174 244 40 lagutskottets
893 173 178 31 utlåtande
1096 184 42 20 nr
1163 174 40 30 45
1229 173 39 30 år
1295 173 83 30 1970
1627 172 40 30 d7

182 264 68 32 gan
266 256 36 30 få
318 266 42 20 en
376 265 97 21 mera
488 256 217 30 konsekvent
721 256 221 38 behandling,
961 265 55 20 om
1035 257 47 28 ett
1099 255 190 40 stadgande
1306 256 123 29 härom
1447 255 221 29 meddelades

179 310 9 28 i
211 310 252 30 brottsbalken.

227 364 13 29 I
258 364 265 40 propositionen
541 372 42 20 nr
604 363 40 30 10
662 363 53 30 till
737 362 82 31 1962
839 363 56 30 års
915 363 143 39 riksdag
1076 363 150 30 vidhölls
1247 363 192 29 emellertid
1459 363 67 29 den
1545 362 122 39 tidiga-

181 427 37 19 re
240 426 43 21 av
304 416 385 41 departementschefen
710 417 12 29 i
745 417 309 39 lagrådsremissen
1075 417 145 39 intagna
1243 416 273 40 ståndpunkten.

226 471 67 31 Vid
311 471 422 39 riksdagsbehandlingen
752 479 43 21 av
813 471 263 39 propositionen
1094 470 111 40 jämte
1224 470 172 30 motioner
1415 470 163 30 berördes
1599 470 69 29 frå-

183 532 67 32 gan
269 534 57 21 om
345 525 223 30 ekonomiskt
587 524 105 31 förtal
711 525 12 29 i
741 524 134 30 motion
895 524 29 30 I:
940 524 72 30 536.
1034 524 122 30 Denna
1174 524 204 30 föranledde
1397 524 104 39 ingen
1521 523 149 40 ändring

183 579 10 29 i
208 579 273 39 propositionen.
496 579 125 29 Första
635 579 228 39 lagutskottet
883 578 78 34 (utl.
977 578 58 34 42)
1056 578 146 30 anförde
1215 578 12 30 i
1242 578 140 39 frågan:

227 632 178 30 Utskottet
427 641 103 20 anser
553 632 56 29 det
632 631 138 40 möjligt
793 633 50 28 att
865 631 125 40 frågan
1013 641 56 20 om
1093 631 222 30 ekonomiskt
1339 631 105 29 förtal
1468 631 29 39 ej
1525 630 71 30 kan
1619 639 50 20 er-

183 686 95 29 hålla
298 695 43 21 en
361 686 326 30 tillfredsställande
708 685 172 40 reglering
899 685 97 30 inom
1018 686 66 29 den
1106 685 176 39 naturliga
1302 693 121 21 ramen
1445 684 55 30 för
1521 685 147 39 lagstift-

184 740 129 39 ningen
331 741 73 29 mot
422 739 112 40 illojal
554 740 231 29 konkurrens.
805 739 197 30 Eventuellt
1021 739 71 30 kan
1110 739 57 30 det
1186 739 44 30 då
1248 739 75 29 visa
1341 739 52 39 sig
1411 738 158 40 lämpligt
1589 740 50 28 att
1658 739 10 28 i

183 794 228 29 broltsbaken
433 795 154 38 upptaga
608 795 48 28 ett
679 793 190 40 stadgande
890 793 12 29 i
925 793 126 29 ämnet.
1075 792 213 41 Spörsmålet
1309 792 124 30 härom
1456 801 102 31 synes
1581 792 88 29 dock

183 847 76 30 icke
280 847 85 30 böra
385 849 172 38 upptagas
579 847 53 29 till
652 847 199 40 ytterligare
873 847 238 39 övervägande
1131 847 11 29 i
1164 846 228 30 förevarande
1416 845 254 40 sammanhang

183 903 86 28 utan
294 901 90 30 först
408 901 45 30 då
477 901 233 40 utredningen
735 910 58 21 om
816 901 112 39 illojal
953 901 232 34 konkurrens,
1211 900 118 30 vilken
1353 909 148 20 numera
1526 899 144 30 omhän-

183 955 127 30 derhar
338 955 244 30 varumärkes-
612 954 64 31 och
706 955 358 39 firmautredningens
1093 954 267 39 ifrågavarande
1390 953 187 40 uppgifter,
1609 953 63 30 har

186 1008 166 39 framlagt
375 1009 182 29 resultatet
581 1018 42 20 av
647 1008 60 30 sitt
730 1008 126 30 arbete.

232 1063 117 38 Enligt
364 1063 159 39 gällande
537 1063 70 28 rätt
622 1063 37 28 är
675 1062 261 39 ärekränkning
950 1071 42 20 av
1007 1062 176 34 kollektiv,
1200 1062 32 29 d.
1245 1071 31 20 v.
1291 1070 25 21 s.
1331 1061 111 39 bolag,
1458 1060 212 38 föreningar,

188 1116 176 34 stiftelser,
392 1116 358 39 sammanslutningar
777 1116 64 29 och
868 1123 149 32 grupper
1044 1124 42 21 av
1112 1115 93 30 olika
1231 1115 82 39 slag,
1340 1115 78 29 icke
1442 1113 148 31 föremål
1616 1113 56 30 för

187 1170 283 30 straffsanktion.
488 1169 412 31 Straffrättskommittén
917 1169 151 39 föreslog
1083 1169 133 40 jämväl
1231 1168 186 30 införande
1434 1177 42 21 av
1492 1177 43 20 en
1553 1167 118 30 straff-

185 1224 245 30 bestämmelse
447 1223 170 31 avseende
635 1223 261 39 ärekränkning
913 1232 43 20 av
973 1223 177 29 kollektiv.
1170 1222 13 29 I
1201 1222 218 40 proposition
1440 1221 99 30 1962:
1557 1221 38 30 10
1615 1230 55 20 om

184 1277 242 31 brottsbalken
454 1278 106 29 fanns
589 1277 192 30 emellertid
810 1277 155 29 nämnda
994 1276 350 30 straffbestämmelse
1372 1276 76 29 icke
1478 1275 194 39 medtagen.

185 1331 394 40 Departementschefen
599 1331 145 30 anförde
766 1340 74 20 som
862 1330 76 30 skäl
958 1330 121 30 härför
1099 1330 45 30 bl.
1159 1339 29 21 a.
1210 1331 50 28 att
1281 1339 83 20 man
1383 1329 58 30 vid
1462 1328 212 40 bedömning

187 1394 43 21 av
246 1394 57 22 om
320 1394 43 21 en
380 1385 110 30 sådan
507 1384 297 40 kriminalisering
821 1385 38 29 är
875 1384 160 40 behövlig
1051 1383 112 31 måste
1179 1384 128 30 beakta
1324 1385 51 28 att
1393 1383 120 30 starka
1528 1382 144 30 betänk-

186 1439 146 40 ligheter
354 1439 157 30 anmäler
534 1439 51 39 sig
607 1448 42 19 ur
670 1438 335 40 yttrandefrihetens
1029 1438 228 40 synpunkter.
1281 1437 66 30 Vid
1371 1436 237 40 övervägande
1631 1445 41 21 av

187 1493 167 40 frågorna
371 1493 87 30 fann
477 1493 51 39 sig
546 1492 385 40 departementschefen
948 1492 72 29 inte
1040 1491 186 40 övertygad
1245 1500 56 21 om
1320 1491 146 29 behovet
1485 1499 42 21 av
1545 1490 67 30 den
1631 1499 41 20 av

187 1547 210 30 kommittén
416 1547 199 38 föreslagna
634 1546 261 39 utvidgningen.
915 1545 247 30 Brottsbalken
1181 1544 194 30 innehåller
1396 1544 102 30 alltså
1517 1544 77 29 icke
1614 1543 60 29 nå-

188 1608 68 32 gon
268 1601 101 39 regel,
385 1609 75 21 som
474 1600 71 29 kan
558 1600 126 29 bereda
699 1599 112 40 skydd
826 1599 35 30 åt
875 1598 321 31 kollektivenheter.

185 1700 31 28 b.
244 1699 236 39 Utredningen

234 1762 237 39 Utredningen
497 1761 134 29 erinrar
663 1760 113 40 (prop.
805 1769 25 20 s.
858 1759 58 34 34)
949 1769 56 20 om
1032 1761 50 28 att
1109 1760 158 38 reglerna
1293 1768 56 20 om
1376 1758 261 39 ärekränkning
1664 1759 9 27 i

189 1816 18 28 5
227 1816 80 39 kap.
327 1814 241 31 brottsbalken
586 1814 72 30 inte
678 1814 106 39 gäller
803 1813 55 30 för
878 1813 125 30 sådant
1023 1813 105 29 förtal
1149 1821 75 21 som
1245 1812 136 30 lämnar
1401 1812 67 30 den
1488 1812 187 39 angripnes

187 1869 200 40 personliga
415 1869 60 29 ära
503 1868 152 30 okränkt
683 1877 81 20 men
792 1867 150 29 drabbar
970 1867 131 29 honom
1130 1866 231 34 ekonomiskt,
1391 1865 73 30 s.k.
1504 1861 112 43 ekon
1628 1874 45 20 o-

188 1923 153 29 miskt
374 1921 171 35 förtal,
581 1921 65 30 och
669 1921 166 29 hänvisar
858 1921 53 29 till
934 1921 94 29 vissa
1052 1920 206 29 uttalanden
1281 1919 123 30 härom
1429 1919 111 29 under
1564 1919 110 29 förar-

189 1977 126 29 betena
332 1976 53 30 till
403 1975 241 30 brottsbalken
668 1975 114 39 (prop.
804 1974 155 30 1962:10
980 1983 25 20 s.
1025 1974 26 29 B
1070 1973 41 30 53
1131 1973 65 30 och
1214 1972 63 31 429
1298 1975 90 27 samt
1407 1972 24 30 C
1452 1972 93 34 184).
1566 1972 109 30 Såvitt

190 2030 105 39 gäller
322 2029 235 30 förhållandet
583 2028 267 39 näringsidkare
876 2028 147 29 emellan
1050 2028 158 29 kommer
1234 2027 310 29 bestämmelserna
1568 2026 11 29 i
1607 2026 69 29 för-

191 2083 127 40 slagets
335 2083 18 29 2
373 2082 15 38 8
413 2082 53 35 (se
481 2091 98 31 prop.
597 2091 26 20 s.
642 2081 78 35 113)
743 2083 50 28 att
810 2089 39 32 ge
866 2083 47 27 ett
929 2081 154 29 indirekt
1101 2080 112 40 skydd
1230 2082 74 28 mot
1320 2080 221 29 ekonomiskt
1559 2079 116 30 förtal.

191 2137 204 29 Emellertid
411 2137 71 29 kan
498 2136 222 30 ekonomiskt
736 2135 107 30 förtal
860 2135 136 39 spridas
1013 2135 12 29 i
1042 2135 110 29 andra
1170 2133 254 40 sammanhang
1442 2134 44 29 än
1504 2134 78 29 dem
1601 2142 73 21 som

191 2191 167 30 omfattas
373 2199 42 21 av
428 2190 251 39 utredningens
693 2189 131 39 förslag
838 2189 82 29 eller
933 2189 112 29 riktas
1059 2190 73 28 mot
1145 2188 177 39 juridiska
1335 2196 165 31 personer
1516 2196 74 21 som
1604 2188 72 28 inte

191 2246 38 28 är
248 2244 277 40 näringsidkare.
548 2243 129 30 Sådant
697 2243 105 29 förtal
822 2243 166 29 omfattas
1008 2242 72 29 inte
1101 2251 42 20 av
1162 2241 176 40 förslaget.
1359 2241 237 39 Utredningen
1617 2250 59 20 an-

192 2308 54 20 ser
267 2298 177 39 nämligen
465 2300 50 27 att
536 2298 57 29 det
614 2297 101 29 faller
736 2297 143 29 utanför
901 2297 77 29 dess
1000 2296 160 39 uppdrag
1180 2297 51 27 att
1251 2296 36 28 ta
1308 2294 166 40 ställning
1495 2295 53 28 till
1570 2297 107 27 annat

192 2352 223 30 ekonomiskt
433 2351 106 30 förtal
558 2352 45 28 än
621 2351 125 29 sådant
766 2360 74 20 som
859 2350 100 30 berör
978 2349 236 30 förhållandet
1232 2348 266 40 näringsidkare
1518 2348 159 30 emellan.

190 2461 26 19 ec.
242 2451 244 30 Remissvaren

238 2514 101 29 Flera
354 2513 302 30 remissinstanser
677 2511 114 40 (prop.
808 2520 25 21 s.
850 2511 59 34 49)
929 2510 203 40 uppehåller
1149 2510 51 39 sig
1215 2509 57 30 vid
1288 2509 166 39 förslaget
1469 2509 9 29 i
1496 2509 19 29 2
1534 2508 15 37 8
1568 2509 109 29 andra

193 2567 135 40 stycket
351 2576 56 21 om
433 2568 50 28 att
506 2565 206 40 ingripande
738 2565 88 29 skall
852 2565 122 29 kunna
998 2564 60 29 ske
1083 2565 73 28 mot
1180 2562 301 40 framställningar
1507 2571 75 21 som
1606 2562 73 29 inte
