1924 2832
241 183 39 31 14
527 185 124 40 Tredje
677 185 246 41 lagutskottets
950 185 178 31 utlåtande
1154 195 42 20 nr
1221 186 41 30 45
1287 185 39 31 år
1353 185 85 30 1970

281 266 75 30 Den
378 275 74 22 som
473 266 31 41 ej
528 268 38 29 är
586 269 79 39 part
685 267 65 31 och
772 277 75 21 som
868 267 89 31 efter
977 268 144 31 kallelse
1142 278 42 21 av
1204 267 293 32 marknadsrådet
1518 267 134 32 inställt
1675 267 51 40 sig

238 320 94 31 inför
355 321 100 31 rådet
479 322 65 30 har
567 322 70 30 rätt
661 322 54 30 till
741 322 195 41 ersättning
959 322 107 41 enligt
1090 322 68 31 vad
1181 323 12 30 i
1218 322 329 41 rättegångsbalken
1573 323 38 30 är
1636 321 90 32 före-

238 376 130 30 skrivet
388 385 57 21 om
466 377 194 40 ersättning
679 377 53 30 till
751 376 110 31 vittne
881 377 84 30 eller
984 377 210 40 sakkunnig.
1216 377 13 30 I
1251 377 128 31 ärende
1397 377 75 30 vari
1492 377 233 30 ombudsman

239 430 54 30 för
315 430 97 30 talan
436 430 178 41 tillämpas
636 431 312 30 bestämmelserna
972 431 55 30 för
1050 431 71 30 mål
1145 440 58 21 om
1227 431 147 30 allmänt
1398 431 71 31 åtal
1493 431 65 31 och
1581 431 12 30 i
1618 433 107 28 annat

240 484 128 30 ärende
394 484 312 31 bestämmelserna
734 485 55 31 för
816 485 70 31 mål
914 485 75 31 vari
1016 485 193 41 förlikning
1237 486 38 30 är
1303 485 146 31 tillåten.
1480 485 95 31 Skall
1603 485 123 31 ersätt-

238 539 129 40 ningen
389 541 100 38 utges
510 548 42 21 av
573 541 164 38 parterna
758 548 43 21 en
823 539 55 31 för
899 539 91 31 båda
1011 539 65 31 och
1096 539 90 31 båda
1208 539 55 31 för
1285 549 53 26 en,
1361 540 90 30 skall
1471 539 99 31 rådet
1593 539 132 40 slutligt

239 593 133 31 fördela
385 593 195 31 kostnaden
594 594 129 30 mellan
737 593 79 31 dem
829 594 79 30 med
921 593 136 31 hälften
1071 593 20 31 å
1103 594 156 30 vardera.

943 693 39 31 19
1009 693 15 38 8

283 757 13 29 I
314 756 310 32 marknadsrådets
640 757 115 31 beslut
771 757 202 40 varigenom
991 757 127 31 ärende
1135 758 143 39 avgöres
1296 764 105 33 anges
1419 758 42 30 de
1479 757 76 31 skäl
1572 758 45 40 på
1633 757 94 31 vilka

238 812 150 30 beslutet
403 811 163 41 grundas.
583 812 154 30 Beslutet
754 811 126 31 sändes
894 811 54 30 till
963 813 165 39 parterna
1143 820 135 22 samma
1294 812 67 40 dag
1376 820 75 22 som
1466 812 57 30 det
1539 812 187 30 meddelas.

942 909 40 30 20
1009 909 16 38 8

284 973 94 30 Skall
397 973 125 40 inlaga,
543 973 152 35 kallelse,
716 973 255 40 föreläggande,
991 973 114 30 beslut
1125 973 82 30 eller
1227 982 117 21 annan
1363 972 170 41 handling
1552 973 176 30 tillställas

239 1029 79 38 part
332 1027 82 30 eller
429 1036 126 26 annan,
573 1027 79 30 sker
666 1026 57 31 det
738 1034 124 32 genom
877 1026 208 40 delgivning.

287 1081 207 40 Delgivning
510 1091 42 20 av
568 1082 123 34 beslut,
711 1090 73 21 som
801 1081 193 30 innefattar
1010 1081 336 40 vitesföreläggande
1363 1080 108 41 enligt
1485 1081 103 40 lagen
1609 1080 118 36 (1953:

244 1135 80 35 603)
347 1144 57 21 om
423 1136 250 29 motverkande
692 1136 11 29 i
723 1136 93 29 vissa
836 1136 62 29 fall
918 1145 42 20 av
978 1135 460 40 konkurrensbegränsning
1456 1135 97 30 inom
1571 1135 159 39 närings-

243 1190 81 30 livet
344 1190 83 29 eller
446 1190 99 39 lagen
571 1189 117 35 (1970:
706 1189 58 35 00)
788 1198 57 21 om
866 1189 187 40 otillbörlig
1072 1188 320 41 marknadsföring,
1413 1189 55 30 får
1488 1189 30 37 ej
1543 1189 61 30 ske
1623 1188 107 40 enligt

245 1244 39 29 12
312 1243 15 37 8
355 1243 319 40 delgivningslagen
705 1243 208 35 (1970:00),
939 1244 79 29 med
1042 1244 137 30 mindre
1205 1243 189 40 anledning
1418 1243 236 30 förekommer
1679 1244 51 29 att

244 1298 67 30 den
331 1298 98 30 sökte
448 1297 131 30 avvikit
598 1298 82 29 eller
699 1297 101 37 eljest
818 1297 111 31 håller
949 1298 51 40 sig
1018 1297 130 30 undan.

787 1395 125 37 Övriga
930 1396 258 30 bestämmelser

943 1458 84 38 218

285 1523 75 29 Den
378 1531 74 21 som
469 1522 210 40 obehörigen
695 1531 111 31 yppar
822 1522 67 30 vad
907 1531 75 21 som
998 1522 107 39 enligt
1122 1521 312 31 marknadsrådets
1450 1521 114 30 beslut
1581 1521 76 30 icke
1675 1520 55 31 får

243 1576 230 40 uppenbaras,
491 1576 119 30 dömes
626 1576 54 30 till
696 1576 97 30 böter
810 1575 82 31 eller
909 1575 155 40 fängelse
1080 1576 11 29 i
1107 1574 102 41 högst
1226 1577 48 29 ett
1290 1575 49 35 år,
1356 1584 58 21 om
1431 1575 30 40 ej
1482 1574 192 41 gärningen
1692 1575 38 29 är

240 1630 124 40 belagd
379 1631 79 29 med
474 1630 106 31 straff
593 1630 12 30 i
619 1630 251 30 brottsbalken.

944 1728 83 37 228

285 1792 112 40 Fråga
414 1801 59 21 om
490 1792 213 30 utdömande
722 1801 42 21 av
780 1792 69 30 vite
868 1791 106 40 enligt
995 1791 38 30 18
1055 1791 15 38 8
1090 1792 126 39 prövas
1235 1800 42 22 av
1294 1790 303 31 marknadsrådet.

286 1941 123 29 Denna
421 1941 56 39 lag
488 1941 118 30 träder
618 1941 11 30 i
643 1940 96 30 kraft
751 1940 67 30 den
835 1941 15 28 1
863 1940 142 40 januari
1021 1939 93 30 1971.
