1912 2821
488 163 123 39 Tredje
638 163 244 39 lagutskottets
911 162 177 29 utlåtande
1113 172 42 19 nr
1180 162 41 30 45
1246 161 39 30 år
1312 162 84 29 1970
1644 161 39 28 55

196 245 65 29 och
288 244 176 35 liknande,
494 254 80 20 men
601 245 269 39 beskrivningen
898 244 167 30 omfattar
1094 244 238 39 otvivelaktigt
1361 245 85 28 även
1476 243 121 35 media,
1628 251 53 31 ge-

197 308 81 19 nom
302 298 94 30 vilka
419 298 305 40 reklamåtgärden
749 298 93 30 föres
866 298 118 30 vidare
1009 299 51 29 till
1086 300 229 37 mottagarna.
1340 298 141 29 Förbud
1506 297 98 30 torde
1631 297 51 29 så-

192 352 118 35 lunda,
330 352 102 30 anför
451 352 227 35 motionären,
699 353 121 29 kunna
839 352 110 30 riktas
969 353 70 29 inte
1058 353 123 29 endast
1200 355 72 27 mot
1292 352 130 30 sådana
1443 351 239 39 serviceorgan

195 406 64 30 hos
282 406 183 40 tidningar,
489 416 74 20 som
583 407 205 29 medverkar
808 407 58 29 vid
887 407 111 39 själva
1019 415 198 21 annonsens
1238 407 228 38 utformning,
1488 408 86 27 utan
1596 406 85 28 även

196 462 72 27 mot
293 460 79 30 dem
398 461 10 29 i
434 460 181 40 tidningen
641 470 75 20 som
742 468 124 32 genom
891 460 200 40 tidningens
1118 460 180 40 spridning
1324 460 203 30 medverkat
1552 460 53 29 till
1632 461 50 28 att

199 514 253 40 »handlingen>
474 515 99 29 blivit
592 515 203 39 verklighet.
815 516 86 29 Vem
922 524 74 21 som
1017 515 121 29 därvid
1158 515 71 29 kan
1248 515 48 29 bli
1317 514 146 30 föremål
1484 514 54 30 för
1559 513 123 40 åtgärd

196 569 95 29 inom
323 569 179 39 tidningen
530 570 37 28 är
595 570 107 38 enligt
730 570 218 29 motionären
977 570 123 34 oklart,
1131 569 89 30 dock
1249 569 176 29 sannolikt
1453 569 76 29 icke
1558 568 123 30 endast

195 623 186 38 ledningen
404 625 86 26 utan
514 623 12 29 i
547 623 136 39 princip
707 624 68 28 alla
800 633 73 19 som
897 633 95 19 mera
1015 623 185 39 väsentligt
1226 623 128 39 sysslar
1378 623 79 28 med
1480 622 200 38 tidningens

195 676 261 40 framställning
480 677 65 29 och
570 677 190 39 spridning.

235 730 219 30 Motionären
473 730 204 30 framhåller
697 732 50 29 att
766 731 44 30 då
829 732 57 29 det
905 731 105 39 gäller
1031 731 40 29 de
1093 731 251 39 straffbelagda
1362 730 221 34 beteendena,
1605 738 76 21 som

196 785 156 29 beskrivs
373 785 11 28 i
405 784 85 30 2—4
513 784 36 37 $$
572 785 100 39 lagen
693 794 101 20 anses
815 785 41 29 de
876 785 12 29 i
907 784 240 30 brottsbalken
1168 785 143 38 intagna
1331 785 158 38 reglerna
1509 793 57 20 om
1587 783 94 30 med-

195 838 130 29 verkan
349 838 197 39 analogiskt
568 838 232 39 tillämpbara.
823 839 103 29 Detta
947 839 98 29 torde
1069 839 106 39 enligt
1198 839 219 28 motionären
1440 838 168 29 innebära
1631 839 49 28 att

195 893 86 28 även
305 892 9 29 i
341 892 94 30 detta
460 892 63 30 fall
546 892 200 39 tidningens
771 893 171 38 personal,
969 902 75 20 som
1068 892 205 30 medverkar
1297 892 58 30 vid
1379 892 200 39 tidningens
1603 900 77 30 pro-

195 946 149 29 duktion
364 946 65 29 och
449 946 234 35 distribution,
704 946 71 30 kan
795 947 100 39 göras
916 946 259 40 straffrättsligt
1195 947 162 39 ansvarig
1377 946 55 30 för
1452 948 50 28 att
1521 946 46 30 ha
1587 945 94 30 med-

195 1000 122 29 verkat
342 1000 57 29 vid
427 1000 181 39 spridning
635 1009 41 20 av
701 1000 161 40 budskap
889 1010 42 20 av
957 1000 56 30 det
1040 1001 73 39 slag
1140 1010 74 20 som
1239 1000 278 30 kriminaliseras
1542 1000 12 29 i
1580 999 100 30 dessa

195 1054 212 38 paragrafer.

242 1106 24 30 Å
290 1107 110 29 andra
423 1108 109 34 sidan,
557 1108 179 29 fortsätter
759 1108 228 34 motionären,
1012 1108 158 29 kommer
1192 1108 64 29 här
1278 1108 37 29 in
1338 1108 42 30 de
1401 1107 139 40 vanliga
1563 1107 119 30 straff-

194 1161 160 39 rättsliga
376 1161 218 35 kriterierna,
618 1161 237 30 innebärande
879 1163 50 28 att
953 1171 125 20 ansvar
1102 1162 71 30 kan
1196 1161 257 40 ifrågakomma
1476 1160 124 31 endast
1624 1170 57 20 om

195 1215 321 39 gärningsmannen
537 1215 78 30 haft
637 1215 104 39 något
764 1216 73 39 slag
859 1225 42 20 av
921 1215 129 40 uppsåt
1072 1217 51 29 att
1144 1216 86 39 begå
1250 1215 139 30 brottet.
1412 1215 143 30 Brotten
1579 1224 101 30 synes

195 1269 177 40 nämligen
390 1269 75 30 icke
482 1279 84 20 vara
583 1279 43 20 av
643 1270 67 29 den
727 1272 114 32 natur,
861 1271 51 28 att
931 1270 104 30 strikt
1052 1279 125 20 ansvar
1197 1270 191 39 föreligger,
1409 1269 116 30 d.v.s.
1544 1271 51 28 att
1613 1269 67 29 den

196 1332 75 21 som
298 1323 203 30 medverkat
526 1324 57 29 vid
611 1324 100 29 deras
738 1324 187 29 utförande
952 1331 124 32 genom
1103 1326 50 27 att
1180 1324 193 39 producera
1400 1323 64 30 och
1493 1323 118 40 sprida
1638 1333 42 20 en

195 1377 137 39 tidning
351 1379 86 28 utan
455 1379 51 28 att
523 1377 47 30 ha
588 1387 42 20 en
649 1377 105 40 aning
773 1387 57 20 om
848 1379 51 28 att
916 1377 182 40 tidningen
1116 1377 185 30 innehållit
1319 1380 23 27 t.
1357 1387 50 20 ex.
1426 1377 42 30 de
1486 1377 194 30 kriminali-

196 1431 120 29 serade
334 1440 232 26 annonserna,
584 1432 71 29 kan
673 1431 103 30 fällas
793 1432 53 29 till
864 1441 126 20 ansvar
1009 1431 54 30 för
1082 1431 110 30 dessa.

240 1485 219 30 Motionären
488 1485 204 30 framhåller
721 1487 50 28 att
800 1485 386 40 departementschefen
1215 1485 113 40 utgått
1357 1485 79 30 från
1466 1487 51 28 att
1546 1486 134 29 reklam

197 1539 88 29 skall
311 1548 84 20 vara
419 1539 65 29 lätt
510 1541 50 27 att
585 1539 200 30 identifiera
811 1548 75 21 som
914 1539 108 30 sådan
1049 1539 65 30 och
1140 1539 101 30 anför
1268 1541 50 28 att
1344 1539 95 30 detta
1465 1540 87 28 krav
1579 1548 101 31 synes

194 1592 131 29 honom
351 1593 121 29 kunna
498 1593 258 39 upprätthållas
783 1593 79 30 med
888 1593 99 40 hjälp
1015 1603 42 20 av
1084 1593 326 40 generalklausulen
1437 1593 12 30 i
1475 1592 206 31 marknads-

195 1646 237 40 föringslagen
458 1646 34 35 (1
518 1646 49 38 $).
588 1647 218 29 Motionären
825 1647 165 30 hänvisar
1011 1647 53 30 till
1084 1647 158 40 följande
1261 1647 181 30 uttalande
1463 1656 42 21 av
1525 1646 153 40 departe-

195 1700 251 30 mentschefen.
473 1701 84 29 »Det
582 1710 101 30 synes
707 1701 71 40 mig
801 1701 208 40 exempelvis
1033 1701 75 30 ofta
1131 1701 37 30 få
1190 1701 165 30 bedömas
1380 1710 75 21 som
1479 1701 202 39 otillbörligt

196 1756 50 26 alt
271 1762 39 30 ge
333 1754 236 29 kommersiell
592 1755 145 34 reklam,
765 1764 75 20 som
864 1755 235 29 förekommer
1123 1756 12 28 i
1160 1765 43 19 en
1227 1755 145 39 tidning,
1400 1755 109 29 sådan
1533 1755 148 29 utform-

196 1807 84 40 ning
303 1809 51 28 att
377 1807 67 30 den
467 1808 158 29 kommer
649 1810 51 28 att
724 1808 149 30 framstå
896 1817 75 21 som
993 1808 247 30 redaktionellt
1264 1809 169 29 material.
1458 1809 104 29 Detta
1584 1808 62 30 bör
1670 1809 12 29 i

192 1861 91 39 regel
303 1861 90 39 gälla
412 1862 87 29 även
517 1862 134 30 reklam
672 1862 54 30 för
745 1871 101 21 varor
867 1872 75 20 som
961 1862 339 40 tidningsutgivaren
1321 1862 89 40 själv
1431 1862 162 30 saluför.»

236 1915 78 29 Med
350 1924 103 20 varor
473 1924 75 21 som
568 1915 339 40 tidningsutgivaren
929 1916 90 40 själv
1039 1916 143 35 saluför,
1204 1916 111 30 måste
1335 1916 107 39 enligt
1462 1916 219 30 motionären

191 1968 11 29 i
220 1968 94 30 detta
331 1968 256 40 sammanhang
603 1969 134 40 åsyftas
755 1969 61 30 fall
835 1970 44 30 då
894 1970 340 39 tidningsutgivaren
1253 1970 89 40 själv
1360 1971 37 29 är
1415 1970 266 39 näringsidkare

191 2022 107 39 enligt
324 2022 431 40 marknadsföringslagen
781 2023 65 30 och
873 2024 239 30 underkastad
1139 2024 41 30 de
1208 2024 54 30 för
1290 2024 66 30 den
1385 2033 120 21 senare
1533 2023 148 31 omedel-

190 2075 79 30 bart
293 2076 106 39 enligt
423 2077 119 38 lagens
566 2076 217 40 ordalydelse
810 2077 158 39 gällande
994 2086 197 21 normerna.

236 2130 218 29 Motionären
474 2130 103 29 anför
596 2131 51 28 att
666 2130 105 30 också
791 2130 230 30 redaktionell
1041 2133 72 27 text
1132 2131 11 29 i
1165 2141 41 19 en
1227 2131 137 40 tidning
1385 2132 37 29 är
1442 2131 239 30 underkastad

191 2183 441 39 marknadsföringslagen.
657 2183 131 31 Sänder
812 2184 148 30 sålunda
985 2187 20 27 t.
1021 2193 49 21 ex.
1095 2194 43 20 en
1161 2186 176 29 annonsör
1361 2186 82 29 eller
1467 2195 42 20 en
1532 2185 149 30 reklam-

191 2236 86 40 byrå
301 2237 36 28 in
361 2238 48 28 ett
433 2236 237 36 meddelande,
698 2246 75 21 som
797 2237 182 39 tidningen
1003 2240 54 27 tar
1081 2238 36 29 in
1143 2247 74 21 som
1242 2238 231 31 redaktionell
1498 2240 81 34 text,
1607 2239 73 29 s.k.

191 2290 218 34 textreklam,
426 2290 70 29 kan
512 2290 242 30 meddelandet
769 2309 43 2 —
828 2300 56 20 om
900 2292 136 28 notisen
1053 2291 54 29 får
1123 2301 100 20 anses
1237 2301 83 20 vara
1332 2292 12 29 i
1358 2293 135 39 princip
1507 2293 173 29 kommer-

192 2343 91 30 siellt
305 2343 192 30 motiverad
518 2361 46 3 —
585 2344 181 29 föranleda
790 2345 85 29 även
899 2346 48 28 ett
970 2344 127 30 förbud
1119 2345 109 29 riktat
1250 2347 73 28 mot
1345 2345 199 39 tidningens
1568 2354 113 31 repre-

193 2398 187 33 sentanter,
404 2405 76 21 som
501 2396 122 40 intagit
645 2397 253 30 meddelandet.
922 2398 214 29 Producerar
1158 2398 181 40 tidningen
1363 2399 90 39 själv
1473 2400 209 29 textreklam

192 2450 55 30 för
271 2450 76 29 sina
370 2457 86 32 egna
479 2458 220 31 evenemang,
724 2451 98 29 torde
845 2451 181 39 tidningen
1049 2452 11 28 i
1084 2451 191 31 allmänhet
1299 2460 102 31 agera
1426 2463 75 20 som
1524 2454 157 38 närings-

192 2503 122 30 idkare
337 2503 64 30 och
425 2503 202 39 därigenom
650 2503 49 30 bli
722 2504 238 30 underkastad
984 2504 605 41 marknadsföringslagstiftningen.
1614 2508 68 29 Tar
