<?xml version="1.0" encoding="UTF-8"?>
<alto xmlns="http://www.loc.gov/standards/alto/ns-v3#" xmlns:xlink="http://www.w3.org/1999/xlink" xmlns:xsi="http://www.w3.org/2001/XMLSchema-instance" xsi:schemaLocation="http://www.loc.gov/standards/alto/ns-v3# http://www.loc.gov/alto/v3/alto-3-0.xsd">
	<Description>
		<MeasurementUnit>pixel</MeasurementUnit>
		<sourceImageInformation>
			<fileName>/tmp/tess_6n3i8ji5_input.PNG</fileName>
		</sourceImageInformation>
		<OCRProcessing ID="OCR_0">
			<ocrProcessingStep>
				<processingSoftware>
					<softwareName>tesseract 5.3.0</softwareName>
				</processingSoftware>
			</ocrProcessingStep>
		</OCRProcessing>
	</Description>
	<Layout>
		<Page WIDTH="2190" HEIGHT="2584" PHYSICAL_IMG_NR="0" ID="page_0">
			<PrintSpace HPOS="0" VPOS="0" WIDTH="2190" HEIGHT="2584">
				<ComposedBlock ID="cblock_0" HPOS="533" VPOS="98" WIDTH="1085" HEIGHT="51">
					<TextBlock ID="block_0" HPOS="533" VPOS="98" WIDTH="1085" HEIGHT="51">
						<TextLine ID="line_0" HPOS="533" VPOS="98" WIDTH="1085" HEIGHT="51">
							<String ID="string_0" HPOS="533" VPOS="119" WIDTH="228" HEIGHT="30" WC="0.60" CONTENT="Sammansatta"/><SP WIDTH="29" VPOS="119" HPOS="761"/>
							<String ID="string_1" HPOS="790" VPOS="114" WIDTH="96" HEIGHT="28" WC="0.91" CONTENT="Stats-"/><SP WIDTH="24" VPOS="114" HPOS="886"/>
							<String ID="string_2" HPOS="910" VPOS="111" WIDTH="51" HEIGHT="29" WC="0.93" CONTENT="och"/><SP WIDTH="27" VPOS="111" HPOS="961"/>
							<String ID="string_3" HPOS="988" VPOS="108" WIDTH="126" HEIGHT="29" WC="0.92" CONTENT="Banko-"/><SP WIDTH="10" VPOS="108" HPOS="1114"/>
							<String ID="string_4" HPOS="1124" VPOS="106" WIDTH="163" HEIGHT="28" WC="0.95" CONTENT="Utskottets"/><SP WIDTH="26" VPOS="106" HPOS="1287"/>
							<String ID="string_5" HPOS="1313" VPOS="100" WIDTH="165" HEIGHT="31" WC="0.95" CONTENT="Memorial"/><SP WIDTH="24" VPOS="100" HPOS="1478"/>
							<String ID="string_6" HPOS="1502" VPOS="98" WIDTH="61" HEIGHT="28" WC="0.91" CONTENT="N:o"/><SP WIDTH="25" VPOS="98" HPOS="1563"/>
							<String ID="string_7" HPOS="1588" VPOS="99" WIDTH="30" HEIGHT="27" WC="0.96" CONTENT="2."/>
						</TextLine>
					</TextBlock>
				</ComposedBlock>
				<ComposedBlock ID="cblock_1" HPOS="988" VPOS="549" WIDTH="189" HEIGHT="41">
					<TextBlock ID="block_1" HPOS="988" VPOS="549" WIDTH="189" HEIGHT="41">
						<TextLine ID="line_1" HPOS="988" VPOS="549" WIDTH="189" HEIGHT="41">
							<String ID="string_8" HPOS="988" VPOS="551" WIDTH="100" HEIGHT="39" WC="0.95" CONTENT="N:o"/><SP WIDTH="31" VPOS="551" HPOS="1088"/>
							<String ID="string_9" HPOS="1119" VPOS="549" WIDTH="58" HEIGHT="39" WC="0.94" CONTENT="2."/>
						</TextLine>
					</TextBlock>
				</ComposedBlock>
				<ComposedBlock ID="cblock_2" HPOS="885" VPOS="687" WIDTH="964" HEIGHT="44">
					<TextBlock ID="block_2" HPOS="885" VPOS="687" WIDTH="964" HEIGHT="44">
						<TextLine ID="line_2" HPOS="885" VPOS="687" WIDTH="964" HEIGHT="44">
							<String ID="string_10" HPOS="885" VPOS="704" WIDTH="74" HEIGHT="27" WC="0.90" CONTENT="Ank."/><SP WIDTH="23" VPOS="704" HPOS="959"/>
							<String ID="string_11" HPOS="982" VPOS="703" WIDTH="44" HEIGHT="27" WC="0.93" CONTENT="till"/><SP WIDTH="24" VPOS="703" HPOS="1026"/>
							<String ID="string_12" HPOS="1050" VPOS="700" WIDTH="106" HEIGHT="29" WC="0.89" CONTENT="Riksd."/><SP WIDTH="24" VPOS="700" HPOS="1156"/>
							<String ID="string_13" HPOS="1180" VPOS="697" WIDTH="101" HEIGHT="29" WC="0.92" CONTENT="Kansli"/><SP WIDTH="23" VPOS="697" HPOS="1281"/>
							<String ID="string_14" HPOS="1304" VPOS="695" WIDTH="27" HEIGHT="28" WC="0.92" CONTENT="d."/><SP WIDTH="29" VPOS="695" HPOS="1331"/>
							<String ID="string_15" HPOS="1360" VPOS="695" WIDTH="34" HEIGHT="27" WC="0.96" CONTENT="15"/><SP WIDTH="24" VPOS="695" HPOS="1394"/>
							<String ID="string_16" HPOS="1418" VPOS="692" WIDTH="84" HEIGHT="38" WC="0.95" CONTENT="April"/><SP WIDTH="28" VPOS="692" HPOS="1502"/>
							<String ID="string_17" HPOS="1530" VPOS="691" WIDTH="87" HEIGHT="32" WC="0.96" CONTENT="1869,"/><SP WIDTH="23" VPOS="691" HPOS="1617"/>
							<String ID="string_18" HPOS="1640" VPOS="688" WIDTH="41" HEIGHT="29" WC="0.92" CONTENT="kl."/><SP WIDTH="27" VPOS="688" HPOS="1681"/>
							<String ID="string_19" HPOS="1708" VPOS="688" WIDTH="34" HEIGHT="27" WC="0.92" CONTENT="11"/><SP WIDTH="26" VPOS="688" HPOS="1742"/>
							<String ID="string_20" HPOS="1768" VPOS="687" WIDTH="18" HEIGHT="27" WC="0.58" CONTENT="f."/><SP WIDTH="26" VPOS="687" HPOS="1786"/>
							<String ID="string_21" HPOS="1812" VPOS="696" WIDTH="37" HEIGHT="17" WC="0.92" CONTENT="m."/>
						</TextLine>
					</TextBlock>
				</ComposedBlock>
				<ComposedBlock ID="cblock_3" HPOS="496" VPOS="830" WIDTH="1398" HEIGHT="121">
					<TextBlock ID="block_3" HPOS="496" VPOS="830" WIDTH="1398" HEIGHT="121">
						<TextLine ID="line_3" HPOS="496" VPOS="830" WIDTH="1398" HEIGHT="66">
							<String ID="string_22" HPOS="496" VPOS="852" WIDTH="200" HEIGHT="40" WC="0.96" CONTENT="Memorial,"/><SP WIDTH="29" VPOS="852" HPOS="696"/>
							<String ID="string_23" HPOS="725" VPOS="848" WIDTH="189" HEIGHT="48" WC="0.93" CONTENT="angående"/><SP WIDTH="33" VPOS="848" HPOS="914"/>
							<String ID="string_24" HPOS="947" VPOS="846" WIDTH="161" HEIGHT="36" WC="0.91" CONTENT="vilkoren"/><SP WIDTH="25" VPOS="846" HPOS="1108"/>
							<String ID="string_25" HPOS="1133" VPOS="843" WIDTH="67" HEIGHT="49" WC="0.96" CONTENT="för"/><SP WIDTH="33" VPOS="843" HPOS="1200"/>
							<String ID="string_26" HPOS="1233" VPOS="841" WIDTH="57" HEIGHT="35" WC="0.96" CONTENT="det"/><SP WIDTH="28" VPOS="841" HPOS="1290"/>
							<String ID="string_27" HPOS="1318" VPOS="837" WIDTH="164" HEIGHT="42" WC="0.88" CONTENT="kreditiv,"/><SP WIDTH="30" VPOS="837" HPOS="1482"/>
							<String ID="string_28" HPOS="1512" VPOS="830" WIDTH="382" HEIGHT="50" WC="0.91" CONTENT="Riksgälds-kontoret"/>
						</TextLine>
						<TextLine ID="line_4" HPOS="636" VPOS="895" WIDTH="662" HEIGHT="56">
							<String ID="string_29" HPOS="636" VPOS="902" WIDTH="96" HEIGHT="49" WC="0.96" CONTENT="från"/><SP WIDTH="29" VPOS="902" HPOS="732"/>
							<String ID="string_30" HPOS="761" VPOS="898" WIDTH="229" HEIGHT="37" WC="0.95" CONTENT="Riksbanken"/><SP WIDTH="29" VPOS="898" HPOS="990"/>
							<String ID="string_31" HPOS="1019" VPOS="908" WIDTH="78" HEIGHT="34" WC="0.95" CONTENT="eger"/><SP WIDTH="29" VPOS="908" HPOS="1097"/>
							<String ID="string_32" HPOS="1126" VPOS="895" WIDTH="172" HEIGHT="45" WC="0.96" CONTENT="begagna."/>
						</TextLine>
					</TextBlock>
				</ComposedBlock>
				<ComposedBlock ID="cblock_4" HPOS="295" VPOS="1032" WIDTH="1617" HEIGHT="1162">
					<TextBlock ID="block_4" HPOS="295" VPOS="1032" WIDTH="1603" HEIGHT="374">
						<TextLine ID="line_5" HPOS="431" VPOS="1032" WIDTH="1466" HEIGHT="70">
							<String ID="string_33" HPOS="431" VPOS="1057" WIDTH="12" HEIGHT="34" WC="0.66" CONTENT="I"/><SP WIDTH="40" VPOS="1057" HPOS="443"/>
							<String ID="string_34" HPOS="483" VPOS="1055" WIDTH="91" HEIGHT="47" WC="0.96" CONTENT="följd"/><SP WIDTH="30" VPOS="1055" HPOS="574"/>
							<String ID="string_35" HPOS="604" VPOS="1054" WIDTH="39" HEIGHT="35" WC="0.93" CONTENT="af"/><SP WIDTH="28" VPOS="1054" HPOS="643"/>
							<String ID="string_36" HPOS="671" VPOS="1050" WIDTH="227" HEIGHT="48" WC="0.90" CONTENT="stadgandet"/><SP WIDTH="29" VPOS="1050" HPOS="898"/>
							<String ID="string_37" HPOS="927" VPOS="1050" WIDTH="9" HEIGHT="33" WC="0.96" CONTENT="i"/><SP WIDTH="31" VPOS="1050" HPOS="936"/>
							<String ID="string_38" HPOS="967" VPOS="1050" WIDTH="44" HEIGHT="33" WC="0.91" CONTENT="62"/><SP WIDTH="29" VPOS="1050" HPOS="1011"/>
							<String ID="string_39" HPOS="1040" VPOS="1044" WIDTH="19" HEIGHT="47" WC="0.91" CONTENT="$"/><SP WIDTH="30" VPOS="1044" HPOS="1059"/>
							<String ID="string_40" HPOS="1089" VPOS="1057" WIDTH="109" HEIGHT="24" WC="0.96" CONTENT="mom."/><SP WIDTH="29" VPOS="1057" HPOS="1198"/>
							<String ID="string_41" HPOS="1227" VPOS="1045" WIDTH="22" HEIGHT="32" WC="0.96" CONTENT="4"/><SP WIDTH="29" VPOS="1045" HPOS="1249"/>
							<String ID="string_42" HPOS="1278" VPOS="1040" WIDTH="39" HEIGHT="37" WC="0.95" CONTENT="af"/><SP WIDTH="25" VPOS="1040" HPOS="1317"/>
							<String ID="string_43" HPOS="1342" VPOS="1053" WIDTH="49" HEIGHT="21" WC="0.96" CONTENT="nu"/><SP WIDTH="28" VPOS="1053" HPOS="1391"/>
							<String ID="string_44" HPOS="1419" VPOS="1036" WIDTH="174" HEIGHT="50" WC="0.93" CONTENT="gällande"/><SP WIDTH="23" VPOS="1036" HPOS="1593"/>
							<String ID="string_45" HPOS="1616" VPOS="1032" WIDTH="281" HEIGHT="46" WC="0.91" CONTENT="Banko-regle-"/>
						</TextLine>
						<TextLine ID="line_6" HPOS="298" VPOS="1083" WIDTH="1593" HEIGHT="63">
							<String ID="string_46" HPOS="298" VPOS="1116" WIDTH="135" HEIGHT="30" WC="0.96" CONTENT="mente,"/><SP WIDTH="21" VPOS="1116" HPOS="433"/>
							<String ID="string_47" HPOS="454" VPOS="1114" WIDTH="55" HEIGHT="28" WC="0.96" CONTENT="att"/><SP WIDTH="19" VPOS="1114" HPOS="509"/>
							<String ID="string_48" HPOS="528" VPOS="1109" WIDTH="124" HEIGHT="32" WC="0.92" CONTENT="såsom"/><SP WIDTH="18" VPOS="1109" HPOS="652"/>
							<String ID="string_49" HPOS="670" VPOS="1102" WIDTH="165" HEIGHT="36" WC="0.91" CONTENT="kreditiv"/><SP WIDTH="27" VPOS="1102" HPOS="835"/>
							<String ID="string_50" HPOS="862" VPOS="1102" WIDTH="44" HEIGHT="32" WC="0.96" CONTENT="må"/><SP WIDTH="13" VPOS="1102" HPOS="906"/>
							<String ID="string_51" HPOS="919" VPOS="1095" WIDTH="164" HEIGHT="49" WC="0.95" CONTENT="beviljas"/><SP WIDTH="16" VPOS="1095" HPOS="1083"/>
							<String ID="string_52" HPOS="1099" VPOS="1099" WIDTH="38" HEIGHT="32" WC="0.93" CONTENT="åt"/><SP WIDTH="14" VPOS="1099" HPOS="1137"/>
							<String ID="string_53" HPOS="1151" VPOS="1090" WIDTH="398" HEIGHT="50" WC="0.92" CONTENT="Riksgälds-kontoret"/><SP WIDTH="14" VPOS="1090" HPOS="1549"/>
							<String ID="string_54" HPOS="1563" VPOS="1086" WIDTH="111" HEIGHT="46" WC="0.92" CONTENT="högst"/><SP WIDTH="18" VPOS="1086" HPOS="1674"/>
							<String ID="string_55" HPOS="1692" VPOS="1083" WIDTH="199" HEIGHT="44" WC="0.73" CONTENT="1,500,000"/>
						</TextLine>
						<TextLine ID="line_7" HPOS="298" VPOS="1131" WIDTH="1600" HEIGHT="73">
							<String ID="string_56" HPOS="298" VPOS="1159" WIDTH="100" HEIGHT="42" WC="0.90" CONTENT="R:dr,"/><SP WIDTH="28" VPOS="1159" HPOS="398"/>
							<String ID="string_57" HPOS="426" VPOS="1158" WIDTH="191" HEIGHT="46" WC="0.96" CONTENT="begagnar"/><SP WIDTH="29" VPOS="1158" HPOS="617"/>
							<String ID="string_58" HPOS="646" VPOS="1151" WIDTH="165" HEIGHT="38" WC="0.96" CONTENT="nämnda"/><SP WIDTH="19" VPOS="1151" HPOS="811"/>
							<String ID="string_59" HPOS="830" VPOS="1151" WIDTH="137" HEIGHT="34" WC="0.96" CONTENT="kontor"/><SP WIDTH="18" VPOS="1151" HPOS="967"/>
							<String ID="string_60" HPOS="985" VPOS="1147" WIDTH="58" HEIGHT="35" WC="0.96" CONTENT="för"/><SP WIDTH="21" VPOS="1147" HPOS="1043"/>
							<String ID="string_61" HPOS="1064" VPOS="1142" WIDTH="235" HEIGHT="39" WC="0.95" CONTENT="närvarande"/><SP WIDTH="15" VPOS="1142" HPOS="1299"/>
							<String ID="string_62" HPOS="1314" VPOS="1141" WIDTH="68" HEIGHT="34" WC="0.96" CONTENT="hos"/><SP WIDTH="16" VPOS="1141" HPOS="1382"/>
							<String ID="string_63" HPOS="1398" VPOS="1136" WIDTH="243" HEIGHT="38" WC="0.96" CONTENT="Riksbanken"/><SP WIDTH="16" VPOS="1136" HPOS="1641"/>
							<String ID="string_64" HPOS="1657" VPOS="1141" WIDTH="56" HEIGHT="30" WC="0.91" CONTENT="ett"/><SP WIDTH="17" VPOS="1141" HPOS="1713"/>
							<String ID="string_65" HPOS="1730" VPOS="1131" WIDTH="168" HEIGHT="37" WC="0.91" CONTENT="kreditiv"/>
						</TextLine>
						<TextLine ID="line_8" HPOS="299" VPOS="1182" WIDTH="1597" HEIGHT="72">
							<String ID="string_66" HPOS="299" VPOS="1215" WIDTH="19" HEIGHT="29" WC="0.88" CONTENT="å"/><SP WIDTH="34" VPOS="1215" HPOS="318"/>
							<String ID="string_67" HPOS="352" VPOS="1207" WIDTH="115" HEIGHT="47" WC="0.95" CONTENT="sagda"/><SP WIDTH="31" VPOS="1207" HPOS="467"/>
							<String ID="string_68" HPOS="498" VPOS="1207" WIDTH="151" HEIGHT="45" WC="0.96" CONTENT="belopp,"/><SP WIDTH="33" VPOS="1207" HPOS="649"/>
							<String ID="string_69" HPOS="682" VPOS="1205" WIDTH="12" HEIGHT="32" WC="0.96" CONTENT="i"/><SP WIDTH="34" VPOS="1205" HPOS="694"/>
							<String ID="string_70" HPOS="728" VPOS="1200" WIDTH="176" HEIGHT="37" WC="0.95" CONTENT="afseende"/><SP WIDTH="31" VPOS="1200" HPOS="904"/>
							<String ID="string_71" HPOS="935" VPOS="1202" WIDTH="45" HEIGHT="43" WC="0.96" CONTENT="på"/><SP WIDTH="28" VPOS="1202" HPOS="980"/>
							<String ID="string_72" HPOS="1008" VPOS="1197" WIDTH="155" HEIGHT="41" WC="0.96" CONTENT="hvilket,"/><SP WIDTH="29" VPOS="1197" HPOS="1163"/>
							<String ID="string_73" HPOS="1192" VPOS="1192" WIDTH="117" HEIGHT="37" WC="0.96" CONTENT="bland"/><SP WIDTH="29" VPOS="1192" HPOS="1309"/>
							<String ID="string_74" HPOS="1338" VPOS="1189" WIDTH="117" HEIGHT="36" WC="0.96" CONTENT="andra"/><SP WIDTH="26" VPOS="1189" HPOS="1455"/>
							<String ID="string_75" HPOS="1481" VPOS="1187" WIDTH="135" HEIGHT="41" WC="0.96" CONTENT="vilkor,"/><SP WIDTH="30" VPOS="1187" HPOS="1616"/>
							<String ID="string_76" HPOS="1646" VPOS="1193" WIDTH="41" HEIGHT="28" WC="0.92" CONTENT="är"/><SP WIDTH="27" VPOS="1193" HPOS="1687"/>
							<String ID="string_77" HPOS="1714" VPOS="1182" WIDTH="182" HEIGHT="47" WC="0.90" CONTENT="stadgadt"/>
						</TextLine>
						<TextLine ID="line_9" HPOS="295" VPOS="1233" WIDTH="1599" HEIGHT="73">
							<String ID="string_78" HPOS="295" VPOS="1259" WIDTH="140" HEIGHT="47" WC="0.91" CONTENT="jemväl"/><SP WIDTH="28" VPOS="1259" HPOS="435"/>
							<String ID="string_79" HPOS="463" VPOS="1262" WIDTH="53" HEIGHT="29" WC="0.96" CONTENT="att"/><SP WIDTH="28" VPOS="1262" HPOS="516"/>
							<String ID="string_80" HPOS="544" VPOS="1255" WIDTH="64" HEIGHT="35" WC="0.93" CONTENT="vid"/><SP WIDTH="27" VPOS="1255" HPOS="608"/>
							<String ID="string_81" HPOS="635" VPOS="1250" WIDTH="293" HEIGHT="38" WC="0.90" CONTENT="kreditivtidens"/><SP WIDTH="28" VPOS="1250" HPOS="928"/>
							<String ID="string_82" HPOS="956" VPOS="1249" WIDTH="77" HEIGHT="34" WC="0.82" CONTENT="slut"/><SP WIDTH="27" VPOS="1249" HPOS="1033"/>
							<String ID="string_83" HPOS="1060" VPOS="1246" WIDTH="94" HEIGHT="36" WC="0.95" CONTENT="skall"/><SP WIDTH="28" VPOS="1246" HPOS="1154"/>
							<String ID="string_84" HPOS="1182" VPOS="1256" WIDTH="90" HEIGHT="24" WC="0.91" CONTENT="vara"/><SP WIDTH="27" VPOS="1256" HPOS="1272"/>
							<String ID="string_85" HPOS="1299" VPOS="1237" WIDTH="188" HEIGHT="39" WC="0.91" CONTENT="inbetaldt"/><SP WIDTH="27" VPOS="1237" HPOS="1487"/>
							<String ID="string_86" HPOS="1514" VPOS="1235" WIDTH="100" HEIGHT="35" WC="0.93" CONTENT="hvad"/><SP WIDTH="33" VPOS="1235" HPOS="1614"/>
							<String ID="string_87" HPOS="1647" VPOS="1239" WIDTH="20" HEIGHT="31" WC="0.92" CONTENT="å"/><SP WIDTH="19" VPOS="1239" HPOS="1667"/>
							<String ID="string_88" HPOS="1686" VPOS="1233" WIDTH="208" HEIGHT="36" WC="0.91" CONTENT="kreditivet"/>
						</TextLine>
						<TextLine ID="line_10" HPOS="301" VPOS="1283" WIDTH="1591" HEIGHT="70">
							<String ID="string_89" HPOS="301" VPOS="1308" WIDTH="122" HEIGHT="35" WC="0.88" CONTENT="blifvit"/><SP WIDTH="40" VPOS="1308" HPOS="423"/>
							<String ID="string_90" HPOS="463" VPOS="1305" WIDTH="151" HEIGHT="48" WC="0.90" CONTENT="lyftadt,"/><SP WIDTH="35" VPOS="1305" HPOS="614"/>
							<String ID="string_91" HPOS="649" VPOS="1301" WIDTH="157" HEIGHT="38" WC="0.91" CONTENT="oaktadt"/><SP WIDTH="27" VPOS="1301" HPOS="806"/>
							<String ID="string_92" HPOS="833" VPOS="1297" WIDTH="412" HEIGHT="48" WC="0.89" CONTENT="Riksgälds-kontorets"/><SP WIDTH="29" VPOS="1297" HPOS="1245"/>
							<String ID="string_93" HPOS="1274" VPOS="1290" WIDTH="242" HEIGHT="37" WC="0.90" CONTENT="kreditivrätt"/><SP WIDTH="27" VPOS="1290" HPOS="1516"/>
							<String ID="string_94" HPOS="1543" VPOS="1284" WIDTH="171" HEIGHT="49" WC="0.96" CONTENT="förnyats"/><SP WIDTH="29" VPOS="1284" HPOS="1714"/>
							<String ID="string_95" HPOS="1743" VPOS="1289" WIDTH="55" HEIGHT="29" WC="0.90" CONTENT="att"/><SP WIDTH="27" VPOS="1289" HPOS="1798"/>
							<String ID="string_96" HPOS="1825" VPOS="1283" WIDTH="67" HEIGHT="34" WC="0.90" CONTENT="be-"/>
						</TextLine>
						<TextLine ID="line_11" HPOS="300" VPOS="1336" WIDTH="1356" HEIGHT="70">
							<String ID="string_97" HPOS="300" VPOS="1371" WIDTH="140" HEIGHT="35" WC="0.79" CONTENT="sagnas"/><SP WIDTH="28" VPOS="1371" HPOS="440"/>
							<String ID="string_98" HPOS="468" VPOS="1361" WIDTH="96" HEIGHT="43" WC="0.96" CONTENT="ånyo"/><SP WIDTH="28" VPOS="1361" HPOS="564"/>
							<String ID="string_99" HPOS="592" VPOS="1354" WIDTH="83" HEIGHT="35" WC="0.96" CONTENT="från"/><SP WIDTH="29" VPOS="1354" HPOS="675"/>
							<String ID="string_100" HPOS="704" VPOS="1353" WIDTH="73" HEIGHT="35" WC="0.95" CONTENT="den"/><SP WIDTH="27" VPOS="1353" HPOS="777"/>
							<String ID="string_101" HPOS="804" VPOS="1351" WIDTH="68" HEIGHT="42" WC="0.94" CONTENT="tid,"/><SP WIDTH="30" VPOS="1351" HPOS="872"/>
							<String ID="string_102" HPOS="902" VPOS="1349" WIDTH="62" HEIGHT="35" WC="0.96" CONTENT="vid"/><SP WIDTH="29" VPOS="1349" HPOS="964"/>
							<String ID="string_103" HPOS="993" VPOS="1347" WIDTH="154" HEIGHT="35" WC="0.96" CONTENT="hvilken"/><SP WIDTH="29" VPOS="1347" HPOS="1147"/>
							<String ID="string_104" HPOS="1176" VPOS="1345" WIDTH="64" HEIGHT="34" WC="0.96" CONTENT="det"/><SP WIDTH="27" VPOS="1345" HPOS="1240"/>
							<String ID="string_105" HPOS="1267" VPOS="1341" WIDTH="124" HEIGHT="49" WC="0.92" CONTENT="gamla"/><SP WIDTH="26" VPOS="1341" HPOS="1391"/>
							<String ID="string_106" HPOS="1417" VPOS="1336" WIDTH="239" HEIGHT="47" WC="0.92" CONTENT="tilländagår."/>
						</TextLine>
					</TextBlock>
					<TextBlock ID="block_5" HPOS="304" VPOS="1385" WIDTH="1608" HEIGHT="773">
						<TextLine ID="line_12" HPOS="435" VPOS="1385" WIDTH="1459" HEIGHT="60">
							<String ID="string_107" HPOS="435" VPOS="1405" WIDTH="166" HEIGHT="37" WC="0.96" CONTENT="Berörda"/><SP WIDTH="27" VPOS="1405" HPOS="601"/>
							<String ID="string_108" HPOS="628" VPOS="1404" WIDTH="135" HEIGHT="41" WC="0.96" CONTENT="vilkor,"/><SP WIDTH="29" VPOS="1404" HPOS="763"/>
							<String ID="string_109" HPOS="792" VPOS="1414" WIDTH="80" HEIGHT="23" WC="0.96" CONTENT="som"/><SP WIDTH="29" VPOS="1414" HPOS="872"/>
							<String ID="string_110" HPOS="901" VPOS="1407" WIDTH="40" HEIGHT="27" WC="0.93" CONTENT="är"/><SP WIDTH="27" VPOS="1407" HPOS="941"/>
							<String ID="string_111" HPOS="968" VPOS="1395" WIDTH="240" HEIGHT="39" WC="0.92" CONTENT="föreskrifvet"/><SP WIDTH="27" VPOS="1395" HPOS="1208"/>
							<String ID="string_112" HPOS="1235" VPOS="1393" WIDTH="64" HEIGHT="35" WC="0.96" CONTENT="vid"/><SP WIDTH="29" VPOS="1393" HPOS="1299"/>
							<String ID="string_113" HPOS="1328" VPOS="1391" WIDTH="73" HEIGHT="35" WC="0.95" CONTENT="alla"/><SP WIDTH="30" VPOS="1391" HPOS="1401"/>
							<String ID="string_114" HPOS="1431" VPOS="1388" WIDTH="45" HEIGHT="35" WC="0.93" CONTENT="de"/><SP WIDTH="28" VPOS="1388" HPOS="1476"/>
							<String ID="string_115" HPOS="1504" VPOS="1385" WIDTH="290" HEIGHT="42" WC="0.90" CONTENT="kassakreditiv,"/><SP WIDTH="20" VPOS="1385" HPOS="1794"/>
							<String ID="string_116" HPOS="1814" VPOS="1396" WIDTH="80" HEIGHT="22" WC="0.96" CONTENT="som"/>
						</TextLine>
						<TextLine ID="line_13" HPOS="304" VPOS="1433" WIDTH="1592" HEIGHT="65">
							<String ID="string_117" HPOS="304" VPOS="1460" WIDTH="80" HEIGHT="35" WC="0.96" CONTENT="från"/><SP WIDTH="28" VPOS="1460" HPOS="384"/>
							<String ID="string_118" HPOS="412" VPOS="1457" WIDTH="240" HEIGHT="37" WC="0.96" CONTENT="Riksbanken"/><SP WIDTH="28" VPOS="1457" HPOS="652"/>
							<String ID="string_119" HPOS="680" VPOS="1454" WIDTH="157" HEIGHT="44" WC="0.96" CONTENT="beviljas"/><SP WIDTH="29" VPOS="1454" HPOS="837"/>
							<String ID="string_120" HPOS="866" VPOS="1455" WIDTH="38" HEIGHT="31" WC="0.96" CONTENT="åt"/><SP WIDTH="28" VPOS="1455" HPOS="904"/>
							<String ID="string_121" HPOS="932" VPOS="1454" WIDTH="38" HEIGHT="31" WC="0.96" CONTENT="så"/><SP WIDTH="30" VPOS="1454" HPOS="970"/>
							<String ID="string_122" HPOS="1000" VPOS="1449" WIDTH="57" HEIGHT="35" WC="0.96" CONTENT="väl"/><SP WIDTH="29" VPOS="1449" HPOS="1057"/>
							<String ID="string_123" HPOS="1086" VPOS="1445" WIDTH="242" HEIGHT="49" WC="0.96" CONTENT="sparbanker,"/><SP WIDTH="29" VPOS="1445" HPOS="1328"/>
							<String ID="string_124" HPOS="1357" VPOS="1452" WIDTH="80" HEIGHT="24" WC="0.96" CONTENT="som"/><SP WIDTH="34" VPOS="1452" HPOS="1437"/>
							<String ID="string_125" HPOS="1471" VPOS="1438" WIDTH="114" HEIGHT="47" WC="0.96" CONTENT="bolag"/><SP WIDTH="33" VPOS="1438" HPOS="1585"/>
							<String ID="string_126" HPOS="1618" VPOS="1437" WIDTH="70" HEIGHT="35" WC="0.95" CONTENT="och"/><SP WIDTH="35" VPOS="1437" HPOS="1688"/>
							<String ID="string_127" HPOS="1723" VPOS="1433" WIDTH="173" HEIGHT="37" WC="0.96" CONTENT="enskilda"/>
						</TextLine>
						<TextLine ID="line_14" HPOS="306" VPOS="1481" WIDTH="1594" HEIGHT="76">
							<String ID="string_128" HPOS="306" VPOS="1521" WIDTH="188" HEIGHT="36" WC="0.94" CONTENT="personer,"/><SP WIDTH="46" VPOS="1521" HPOS="494"/>
							<String ID="string_129" HPOS="540" VPOS="1519" WIDTH="85" HEIGHT="22" WC="0.93" CONTENT="men"/><SP WIDTH="47" VPOS="1519" HPOS="625"/>
							<String ID="string_130" HPOS="672" VPOS="1505" WIDTH="173" HEIGHT="33" WC="0.90" CONTENT="deremot"/><SP WIDTH="38" VPOS="1505" HPOS="845"/>
							<String ID="string_131" HPOS="883" VPOS="1501" WIDTH="81" HEIGHT="34" WC="0.96" CONTENT="icke"/><SP WIDTH="42" VPOS="1501" HPOS="964"/>
							<String ID="string_132" HPOS="1006" VPOS="1498" WIDTH="56" HEIGHT="35" WC="0.96" CONTENT="för"/><SP WIDTH="41" VPOS="1498" HPOS="1062"/>
							<String ID="string_133" HPOS="1103" VPOS="1497" WIDTH="46" HEIGHT="35" WC="0.93" CONTENT="de"/><SP WIDTH="40" VPOS="1497" HPOS="1149"/>
							<String ID="string_134" HPOS="1189" VPOS="1493" WIDTH="179" HEIGHT="41" WC="0.92" CONTENT="kreditiv,"/><SP WIDTH="32" VPOS="1493" HPOS="1368"/>
							<String ID="string_135" HPOS="1400" VPOS="1488" WIDTH="129" HEIGHT="36" WC="0.96" CONTENT="hvilka"/><SP WIDTH="28" VPOS="1488" HPOS="1529"/>
							<String ID="string_136" HPOS="1557" VPOS="1495" WIDTH="65" HEIGHT="27" WC="0.96" CONTENT="äro"/><SP WIDTH="29" VPOS="1495" HPOS="1622"/>
							<String ID="string_137" HPOS="1651" VPOS="1481" WIDTH="249" HEIGHT="41" WC="0.95" CONTENT="anvisade"/><SP WIDTH="-45" VPOS="1481" HPOS="1900"/>
							<String ID="string_138" HPOS="1855" VPOS="1477" WIDTH="47" HEIGHT="62" WC="0.95" CONTENT="åt"/>
						</TextLine>
						<TextLine ID="line_15" HPOS="307" VPOS="1532" WIDTH="1598" HEIGHT="67">
							<String ID="string_139" HPOS="307" VPOS="1558" WIDTH="244" HEIGHT="41" WC="0.40" CONTENT="flialbanker,"/><SP WIDTH="29" VPOS="1558" HPOS="551"/>
							<String ID="string_140" HPOS="580" VPOS="1560" WIDTH="37" HEIGHT="31" WC="0.93" CONTENT="åt"/><SP WIDTH="29" VPOS="1560" HPOS="617"/>
							<String ID="string_141" HPOS="646" VPOS="1549" WIDTH="423" HEIGHT="47" WC="0.90" CONTENT="Kommers-kollegium"/><SP WIDTH="27" VPOS="1549" HPOS="1069"/>
							<String ID="string_142" HPOS="1096" VPOS="1546" WIDTH="58" HEIGHT="35" WC="0.96" CONTENT="för"/><SP WIDTH="21" VPOS="1546" HPOS="1154"/>
							<String ID="string_143" HPOS="1175" VPOS="1536" WIDTH="538" HEIGHT="44" WC="0.91" CONTENT="manufakturdiskonten"/><SP WIDTH="-69" VPOS="1536" HPOS="1713"/>
							<String ID="string_144" HPOS="1644" VPOS="1528" WIDTH="69" HEIGHT="57" WC="0.96" CONTENT="och"/><SP WIDTH="24" VPOS="1528" HPOS="1713"/>
							<String ID="string_145" HPOS="1737" VPOS="1538" WIDTH="37" HEIGHT="31" WC="0.93" CONTENT="åt"/><SP WIDTH="19" VPOS="1538" HPOS="1774"/>
							<String ID="string_146" HPOS="1793" VPOS="1532" WIDTH="112" HEIGHT="36" WC="0.92" CONTENT="Jern-"/>
						</TextLine>
						<TextLine ID="line_16" HPOS="308" VPOS="1582" WIDTH="1597" HEIGHT="69">
							<String ID="string_147" HPOS="308" VPOS="1612" WIDTH="186" HEIGHT="39" WC="0.96" CONTENT="kontoret,"/><SP WIDTH="41" VPOS="1612" HPOS="494"/>
							<String ID="string_148" HPOS="535" VPOS="1607" WIDTH="71" HEIGHT="35" WC="0.95" CONTENT="kan"/><SP WIDTH="41" VPOS="1607" HPOS="606"/>
							<String ID="string_149" HPOS="647" VPOS="1604" WIDTH="57" HEIGHT="36" WC="0.92" CONTENT="för"/><SP WIDTH="40" VPOS="1604" HPOS="704"/>
							<String ID="string_150" HPOS="744" VPOS="1600" WIDTH="398" HEIGHT="49" WC="0.91" CONTENT="Riksgälds-kontoret"/><SP WIDTH="39" VPOS="1600" HPOS="1142"/>
							<String ID="string_151" HPOS="1181" VPOS="1592" WIDTH="196" HEIGHT="38" WC="0.96" CONTENT="förorsaka"/><SP WIDTH="31" VPOS="1592" HPOS="1377"/>
							<String ID="string_152" HPOS="1408" VPOS="1588" WIDTH="202" HEIGHT="47" WC="0.96" CONTENT="olägenhet"/><SP WIDTH="27" VPOS="1588" HPOS="1610"/>
							<String ID="string_153" HPOS="1637" VPOS="1586" WIDTH="70" HEIGHT="36" WC="0.96" CONTENT="och"/><SP WIDTH="30" VPOS="1586" HPOS="1707"/>
							<String ID="string_154" HPOS="1737" VPOS="1582" WIDTH="168" HEIGHT="37" WC="0.96" CONTENT="kostnad"/>
						</TextLine>
						<TextLine ID="line_17" HPOS="305" VPOS="1632" WIDTH="1603" HEIGHT="75">
							<String ID="string_155" HPOS="305" VPOS="1672" WIDTH="136" HEIGHT="35" WC="0.90" CONTENT="genom"/><SP WIDTH="40" VPOS="1672" HPOS="441"/>
							<String ID="string_156" HPOS="481" VPOS="1658" WIDTH="232" HEIGHT="44" WC="0.90" CONTENT="nödtvånget"/><SP WIDTH="37" VPOS="1658" HPOS="713"/>
							<String ID="string_157" HPOS="750" VPOS="1660" WIDTH="55" HEIGHT="28" WC="0.96" CONTENT="att"/><SP WIDTH="41" VPOS="1660" HPOS="805"/>
							<String ID="string_158" HPOS="846" VPOS="1651" WIDTH="62" HEIGHT="35" WC="0.94" CONTENT="vid"/><SP WIDTH="43" VPOS="1651" HPOS="908"/>
							<String ID="string_159" HPOS="951" VPOS="1650" WIDTH="73" HEIGHT="34" WC="0.94" CONTENT="den"/><SP WIDTH="27" VPOS="1650" HPOS="1024"/>
							<String ID="string_160" HPOS="1051" VPOS="1645" WIDTH="163" HEIGHT="49" WC="0.91" CONTENT="löpande"/><SP WIDTH="29" VPOS="1645" HPOS="1214"/>
							<String ID="string_161" HPOS="1243" VPOS="1638" WIDTH="295" HEIGHT="40" WC="0.90" CONTENT="kreditivtidens"/><SP WIDTH="29" VPOS="1638" HPOS="1538"/>
							<String ID="string_162" HPOS="1567" VPOS="1640" WIDTH="145" HEIGHT="44" WC="0.96" CONTENT="utgång"/><SP WIDTH="28" VPOS="1640" HPOS="1712"/>
							<String ID="string_163" HPOS="1740" VPOS="1632" WIDTH="168" HEIGHT="38" WC="0.91" CONTENT="behöfva"/>
						</TextLine>
						<TextLine ID="line_18" HPOS="307" VPOS="1686" WIDTH="1602" HEIGHT="68">
							<String ID="string_164" HPOS="307" VPOS="1708" WIDTH="168" HEIGHT="37" WC="0.96" CONTENT="anskaffa"/><SP WIDTH="41" VPOS="1708" HPOS="475"/>
							<String ID="string_165" HPOS="516" VPOS="1707" WIDTH="208" HEIGHT="47" WC="0.95" CONTENT="penningar"/><SP WIDTH="40" VPOS="1707" HPOS="724"/>
							<String ID="string_166" HPOS="764" VPOS="1702" WIDTH="58" HEIGHT="36" WC="0.96" CONTENT="för"/><SP WIDTH="40" VPOS="1702" HPOS="822"/>
							<String ID="string_167" HPOS="862" VPOS="1700" WIDTH="235" HEIGHT="44" WC="0.96" CONTENT="inbetalning"/><SP WIDTH="41" VPOS="1700" HPOS="1097"/>
							<String ID="string_168" HPOS="1138" VPOS="1695" WIDTH="40" HEIGHT="36" WC="0.96" CONTENT="af"/><SP WIDTH="37" VPOS="1695" HPOS="1178"/>
							<String ID="string_169" HPOS="1215" VPOS="1694" WIDTH="74" HEIGHT="35" WC="0.96" CONTENT="den"/><SP WIDTH="40" VPOS="1694" HPOS="1289"/>
							<String ID="string_170" HPOS="1329" VPOS="1702" WIDTH="156" HEIGHT="28" WC="0.96" CONTENT="summa,"/><SP WIDTH="42" VPOS="1702" HPOS="1485"/>
							<String ID="string_171" HPOS="1527" VPOS="1700" WIDTH="81" HEIGHT="22" WC="0.96" CONTENT="som"/><SP WIDTH="28" VPOS="1700" HPOS="1608"/>
							<String ID="string_172" HPOS="1636" VPOS="1686" WIDTH="48" HEIGHT="35" WC="0.96" CONTENT="då"/><SP WIDTH="29" VPOS="1686" HPOS="1684"/>
							<String ID="string_173" HPOS="1713" VPOS="1686" WIDTH="75" HEIGHT="33" WC="0.96" CONTENT="kan"/><SP WIDTH="29" VPOS="1686" HPOS="1788"/>
							<String ID="string_174" HPOS="1817" VPOS="1695" WIDTH="92" HEIGHT="23" WC="0.96" CONTENT="vara"/>
						</TextLine>
						<TextLine ID="line_19" HPOS="307" VPOS="1732" WIDTH="1601" HEIGHT="75">
							<String ID="string_175" HPOS="307" VPOS="1759" WIDTH="120" HEIGHT="48" WC="0.48" CONTENT="ilyftad"/><SP WIDTH="42" VPOS="1759" HPOS="427"/>
							<String ID="string_176" HPOS="469" VPOS="1758" WIDTH="68" HEIGHT="35" WC="0.96" CONTENT="och"/><SP WIDTH="41" VPOS="1758" HPOS="537"/>
							<String ID="string_177" HPOS="578" VPOS="1755" WIDTH="153" HEIGHT="36" WC="0.95" CONTENT="hvilken"/><SP WIDTH="33" VPOS="1755" HPOS="731"/>
							<String ID="string_178" HPOS="764" VPOS="1754" WIDTH="178" HEIGHT="33" WC="0.95" CONTENT="kontoret"/><SP WIDTH="33" VPOS="1754" HPOS="942"/>
							<String ID="string_179" HPOS="975" VPOS="1757" WIDTH="40" HEIGHT="27" WC="0.96" CONTENT="är"/><SP WIDTH="28" VPOS="1757" HPOS="1015"/>
							<String ID="string_180" HPOS="1043" VPOS="1744" WIDTH="235" HEIGHT="48" WC="0.91" CONTENT="berättigadt"/><SP WIDTH="28" VPOS="1744" HPOS="1278"/>
							<String ID="string_181" HPOS="1306" VPOS="1747" WIDTH="54" HEIGHT="31" WC="0.96" CONTENT="att"/><SP WIDTH="27" VPOS="1747" HPOS="1360"/>
							<String ID="string_182" HPOS="1387" VPOS="1743" WIDTH="123" HEIGHT="32" WC="0.96" CONTENT="straxt"/><SP WIDTH="28" VPOS="1743" HPOS="1510"/>
							<String ID="string_183" HPOS="1538" VPOS="1735" WIDTH="167" HEIGHT="37" WC="0.95" CONTENT="derefter"/><SP WIDTH="27" VPOS="1735" HPOS="1705"/>
							<String ID="string_184" HPOS="1732" VPOS="1732" WIDTH="100" HEIGHT="50" WC="0.96" CONTENT="lyfta"/><SP WIDTH="29" VPOS="1732" HPOS="1832"/>
							<String ID="string_185" HPOS="1861" VPOS="1737" WIDTH="47" HEIGHT="42" WC="0.96" CONTENT="på"/>
						</TextLine>
						<TextLine ID="line_20" HPOS="309" VPOS="1783" WIDTH="1597" HEIGHT="74">
							<String ID="string_186" HPOS="309" VPOS="1811" WIDTH="63" HEIGHT="35" WC="0.96" CONTENT="det"/><SP WIDTH="29" VPOS="1811" HPOS="372"/>
							<String ID="string_187" HPOS="401" VPOS="1812" WIDTH="96" HEIGHT="45" WC="0.96" CONTENT="ånyo"/><SP WIDTH="27" VPOS="1812" HPOS="497"/>
							<String ID="string_188" HPOS="524" VPOS="1805" WIDTH="187" HEIGHT="48" WC="0.93" CONTENT="beviljade"/><SP WIDTH="29" VPOS="1805" HPOS="711"/>
							<String ID="string_189" HPOS="740" VPOS="1802" WIDTH="214" HEIGHT="36" WC="0.90" CONTENT="kreditivet."/><SP WIDTH="53" VPOS="1802" HPOS="954"/>
							<String ID="string_190" HPOS="1007" VPOS="1798" WIDTH="72" HEIGHT="35" WC="0.96" CONTENT="För"/><SP WIDTH="27" VPOS="1798" HPOS="1079"/>
							<String ID="string_191" HPOS="1106" VPOS="1794" WIDTH="260" HEIGHT="38" WC="0.95" CONTENT="Riksbankens"/><SP WIDTH="27" VPOS="1794" HPOS="1366"/>
							<String ID="string_192" HPOS="1393" VPOS="1788" WIDTH="143" HEIGHT="37" WC="0.96" CONTENT="rörelse"/><SP WIDTH="29" VPOS="1788" HPOS="1536"/>
							<String ID="string_193" HPOS="1565" VPOS="1787" WIDTH="74" HEIGHT="35" WC="0.96" CONTENT="kan"/><SP WIDTH="20" VPOS="1787" HPOS="1639"/>
							<String ID="string_194" HPOS="1659" VPOS="1785" WIDTH="65" HEIGHT="35" WC="0.92" CONTENT="det"/><SP WIDTH="20" VPOS="1785" HPOS="1724"/>
							<String ID="string_195" HPOS="1744" VPOS="1787" WIDTH="21" HEIGHT="32" WC="0.92" CONTENT="å"/><SP WIDTH="21" VPOS="1787" HPOS="1765"/>
							<String ID="string_196" HPOS="1786" VPOS="1783" WIDTH="120" HEIGHT="35" WC="0.96" CONTENT="andra"/>
						</TextLine>
						<TextLine ID="line_21" HPOS="310" VPOS="1834" WIDTH="1598" HEIGHT="69">
							<String ID="string_197" HPOS="310" VPOS="1861" WIDTH="105" HEIGHT="42" WC="0.96" CONTENT="sidan"/><SP WIDTH="30" VPOS="1861" HPOS="415"/>
							<String ID="string_198" HPOS="445" VPOS="1859" WIDTH="79" HEIGHT="35" WC="0.93" CONTENT="icke"/><SP WIDTH="28" VPOS="1859" HPOS="524"/>
							<String ID="string_199" HPOS="552" VPOS="1857" WIDTH="112" HEIGHT="35" WC="0.92" CONTENT="lända"/><SP WIDTH="26" VPOS="1857" HPOS="664"/>
							<String ID="string_200" HPOS="690" VPOS="1855" WIDTH="59" HEIGHT="35" WC="0.96" CONTENT="till"/><SP WIDTH="29" VPOS="1855" HPOS="749"/>
							<String ID="string_201" HPOS="778" VPOS="1856" WIDTH="115" HEIGHT="44" WC="0.96" CONTENT="något"/><SP WIDTH="27" VPOS="1856" HPOS="893"/>
							<String ID="string_202" HPOS="920" VPOS="1848" WIDTH="175" HEIGHT="38" WC="0.96" CONTENT="ändamål"/><SP WIDTH="29" VPOS="1848" HPOS="1095"/>
							<String ID="string_203" HPOS="1124" VPOS="1852" WIDTH="55" HEIGHT="30" WC="0.96" CONTENT="att"/><SP WIDTH="26" VPOS="1852" HPOS="1179"/>
							<String ID="string_204" HPOS="1205" VPOS="1844" WIDTH="58" HEIGHT="36" WC="0.96" CONTENT="för"/><SP WIDTH="29" VPOS="1844" HPOS="1263"/>
							<String ID="string_205" HPOS="1292" VPOS="1856" WIDTH="47" HEIGHT="23" WC="0.95" CONTENT="en"/><SP WIDTH="28" VPOS="1856" HPOS="1339"/>
							<String ID="string_206" HPOS="1367" VPOS="1841" WIDTH="92" HEIGHT="36" WC="0.96" CONTENT="eller"/><SP WIDTH="34" VPOS="1841" HPOS="1459"/>
							<String ID="string_207" HPOS="1493" VPOS="1850" WIDTH="125" HEIGHT="24" WC="0.96" CONTENT="annan"/><SP WIDTH="33" VPOS="1850" HPOS="1618"/>
							<String ID="string_208" HPOS="1651" VPOS="1836" WIDTH="74" HEIGHT="46" WC="0.96" CONTENT="dag"/><SP WIDTH="29" VPOS="1836" HPOS="1725"/>
							<String ID="string_209" HPOS="1754" VPOS="1834" WIDTH="154" HEIGHT="34" WC="0.96" CONTENT="komma"/>
						</TextLine>
						<TextLine ID="line_22" HPOS="313" VPOS="1883" WIDTH="1595" HEIGHT="72">
							<String ID="string_210" HPOS="313" VPOS="1914" WIDTH="8" HEIGHT="32" WC="0.94" CONTENT="i"/><SP WIDTH="41" VPOS="1914" HPOS="321"/>
							<String ID="string_211" HPOS="362" VPOS="1910" WIDTH="209" HEIGHT="45" WC="0.95" CONTENT="besittning"/><SP WIDTH="41" VPOS="1910" HPOS="571"/>
							<String ID="string_212" HPOS="612" VPOS="1906" WIDTH="39" HEIGHT="36" WC="0.96" CONTENT="af"/><SP WIDTH="37" VPOS="1906" HPOS="651"/>
							<String ID="string_213" HPOS="688" VPOS="1905" WIDTH="109" HEIGHT="35" WC="0.96" CONTENT="dessa"/><SP WIDTH="39" VPOS="1905" HPOS="797"/>
							<String ID="string_214" HPOS="836" VPOS="1901" WIDTH="135" HEIGHT="43" WC="0.96" CONTENT="medel,"/><SP WIDTH="34" VPOS="1901" HPOS="971"/>
							<String ID="string_215" HPOS="1005" VPOS="1899" WIDTH="68" HEIGHT="36" WC="0.93" CONTENT="och"/><SP WIDTH="33" VPOS="1899" HPOS="1073"/>
							<String ID="string_216" HPOS="1106" VPOS="1894" WIDTH="228" HEIGHT="49" WC="0.91" CONTENT="stadgandet"/><SP WIDTH="29" VPOS="1894" HPOS="1334"/>
							<String ID="string_217" HPOS="1363" VPOS="1904" WIDTH="61" HEIGHT="23" WC="0.97" CONTENT="om"/><SP WIDTH="29" VPOS="1904" HPOS="1424"/>
							<String ID="string_218" HPOS="1453" VPOS="1888" WIDTH="185" HEIGHT="37" WC="0.90" CONTENT="kreditivs"/><SP WIDTH="28" VPOS="1888" HPOS="1638"/>
							<String ID="string_219" HPOS="1666" VPOS="1883" WIDTH="242" HEIGHT="48" WC="0.96" CONTENT="inbetalning"/>
						</TextLine>
						<TextLine ID="line_23" HPOS="314" VPOS="1933" WIDTH="1597" HEIGHT="63">
							<String ID="string_220" HPOS="314" VPOS="1961" WIDTH="62" HEIGHT="35" WC="0.91" CONTENT="vid"/><SP WIDTH="42" VPOS="1961" HPOS="376"/>
							<String ID="string_221" HPOS="418" VPOS="1959" WIDTH="282" HEIGHT="35" WC="0.90" CONTENT="kreditiv-årets"/><SP WIDTH="42" VPOS="1959" HPOS="700"/>
							<String ID="string_222" HPOS="742" VPOS="1956" WIDTH="76" HEIGHT="34" WC="0.96" CONTENT="slut"/><SP WIDTH="38" VPOS="1956" HPOS="818"/>
							<String ID="string_223" HPOS="856" VPOS="1954" WIDTH="74" HEIGHT="33" WC="0.96" CONTENT="kan"/><SP WIDTH="39" VPOS="1954" HPOS="930"/>
							<String ID="string_224" HPOS="969" VPOS="1951" WIDTH="81" HEIGHT="34" WC="0.96" CONTENT="icke"/><SP WIDTH="42" VPOS="1951" HPOS="1050"/>
							<String ID="string_225" HPOS="1092" VPOS="1948" WIDTH="131" HEIGHT="41" WC="0.95" CONTENT="heller,"/><SP WIDTH="42" VPOS="1948" HPOS="1223"/>
							<String ID="string_226" HPOS="1265" VPOS="1948" WIDTH="39" HEIGHT="32" WC="0.95" CONTENT="så"/><SP WIDTH="40" VPOS="1948" HPOS="1304"/>
							<String ID="string_227" HPOS="1344" VPOS="1941" WIDTH="83" HEIGHT="37" WC="0.95" CONTENT="vidt"/><SP WIDTH="42" VPOS="1941" HPOS="1427"/>
							<String ID="string_228" HPOS="1469" VPOS="1940" WIDTH="65" HEIGHT="35" WC="0.96" CONTENT="det"/><SP WIDTH="27" VPOS="1940" HPOS="1534"/>
							<String ID="string_229" HPOS="1561" VPOS="1938" WIDTH="97" HEIGHT="35" WC="0.91" CONTENT="afser"/><SP WIDTH="28" VPOS="1938" HPOS="1658"/>
							<String ID="string_230" HPOS="1686" VPOS="1933" WIDTH="225" HEIGHT="48" WC="0.91" CONTENT="Riksgälds-"/>
						</TextLine>
						<TextLine ID="line_24" HPOS="316" VPOS="1984" WIDTH="1595" HEIGHT="67">
							<String ID="string_231" HPOS="316" VPOS="2013" WIDTH="185" HEIGHT="38" WC="0.95" CONTENT="kontoret,"/><SP WIDTH="29" VPOS="2013" HPOS="501"/>
							<String ID="string_232" HPOS="530" VPOS="2010" WIDTH="9" HEIGHT="33" WC="0.96" CONTENT="i"/><SP WIDTH="31" VPOS="2010" HPOS="539"/>
							<String ID="string_233" HPOS="570" VPOS="2012" WIDTH="113" HEIGHT="31" WC="0.95" CONTENT="annat"/><SP WIDTH="27" VPOS="2012" HPOS="683"/>
							<String ID="string_234" HPOS="710" VPOS="2002" WIDTH="216" HEIGHT="38" WC="0.96" CONTENT="hänseende"/><SP WIDTH="28" VPOS="2002" HPOS="926"/>
							<String ID="string_235" HPOS="954" VPOS="2013" WIDTH="89" HEIGHT="22" WC="0.96" CONTENT="vara"/><SP WIDTH="28" VPOS="2013" HPOS="1043"/>
							<String ID="string_236" HPOS="1071" VPOS="1997" WIDTH="40" HEIGHT="36" WC="0.96" CONTENT="af"/><SP WIDTH="23" VPOS="1997" HPOS="1111"/>
							<String ID="string_237" HPOS="1134" VPOS="1998" WIDTH="81" HEIGHT="45" WC="0.96" CONTENT="vigt"/><SP WIDTH="33" VPOS="1998" HPOS="1215"/>
							<String ID="string_238" HPOS="1248" VPOS="2000" WIDTH="55" HEIGHT="30" WC="0.96" CONTENT="att"/><SP WIDTH="27" VPOS="2000" HPOS="1303"/>
							<String ID="string_239" HPOS="1330" VPOS="1994" WIDTH="12" HEIGHT="34" WC="0.95" CONTENT="i"/><SP WIDTH="26" VPOS="1994" HPOS="1342"/>
							<String ID="string_240" HPOS="1368" VPOS="1989" WIDTH="403" HEIGHT="47" WC="0.91" CONTENT="Banko-reglementet"/><SP WIDTH="31" VPOS="1989" HPOS="1771"/>
							<String ID="string_241" HPOS="1802" VPOS="1984" WIDTH="109" HEIGHT="35" WC="0.89" CONTENT="bibe-"/>
						</TextLine>
						<TextLine ID="line_25" HPOS="317" VPOS="2033" WIDTH="1593" HEIGHT="63">
							<String ID="string_242" HPOS="317" VPOS="2062" WIDTH="108" HEIGHT="34" WC="0.81" CONTENT="hålla."/><SP WIDTH="55" VPOS="2062" HPOS="425"/>
							<String ID="string_243" HPOS="480" VPOS="2058" WIDTH="194" HEIGHT="36" WC="0.81" CONTENT="Utskottet"/><SP WIDTH="39" VPOS="2058" HPOS="674"/>
							<String ID="string_244" HPOS="713" VPOS="2055" WIDTH="69" HEIGHT="34" WC="0.91" CONTENT="har"/><SP WIDTH="41" VPOS="2055" HPOS="782"/>
							<String ID="string_245" HPOS="823" VPOS="2051" WIDTH="146" HEIGHT="37" WC="0.91" CONTENT="derföre"/><SP WIDTH="45" VPOS="2051" HPOS="969"/>
							<String ID="string_246" HPOS="1014" VPOS="2053" WIDTH="124" HEIGHT="31" WC="0.96" CONTENT="ansett"/><SP WIDTH="41" VPOS="2053" HPOS="1138"/>
							<String ID="string_247" HPOS="1179" VPOS="2051" WIDTH="56" HEIGHT="30" WC="0.95" CONTENT="att"/><SP WIDTH="37" VPOS="2051" HPOS="1235"/>
							<String ID="string_248" HPOS="1272" VPOS="2041" WIDTH="164" HEIGHT="38" WC="0.95" CONTENT="berörda"/><SP WIDTH="28" VPOS="2041" HPOS="1436"/>
							<String ID="string_249" HPOS="1464" VPOS="2039" WIDTH="124" HEIGHT="36" WC="0.96" CONTENT="vilkor"/><SP WIDTH="26" VPOS="2039" HPOS="1588"/>
							<String ID="string_250" HPOS="1614" VPOS="2036" WIDTH="119" HEIGHT="37" WC="0.93" CONTENT="borde"/><SP WIDTH="30" VPOS="2036" HPOS="1733"/>
							<String ID="string_251" HPOS="1763" VPOS="2033" WIDTH="147" HEIGHT="38" WC="0.91" CONTENT="undan-"/>
						</TextLine>
						<TextLine ID="line_26" HPOS="318" VPOS="2083" WIDTH="1594" HEIGHT="75">
							<String ID="string_252" HPOS="318" VPOS="2111" WIDTH="135" HEIGHT="47" WC="0.91" CONTENT="rödjas,"/><SP WIDTH="28" VPOS="2111" HPOS="453"/>
							<String ID="string_253" HPOS="481" VPOS="2112" WIDTH="39" HEIGHT="32" WC="0.96" CONTENT="så"/><SP WIDTH="28" VPOS="2112" HPOS="520"/>
							<String ID="string_254" HPOS="548" VPOS="2115" WIDTH="54" HEIGHT="28" WC="0.93" CONTENT="att"/><SP WIDTH="28" VPOS="2115" HPOS="602"/>
							<String ID="string_255" HPOS="630" VPOS="2103" WIDTH="397" HEIGHT="48" WC="0.89" CONTENT="Riksgälds-kontoret"/><SP WIDTH="28" VPOS="2103" HPOS="1027"/>
							<String ID="string_256" HPOS="1055" VPOS="2096" WIDTH="123" HEIGHT="37" WC="0.91" CONTENT="blefve"/><SP WIDTH="28" VPOS="2096" HPOS="1178"/>
							<String ID="string_257" HPOS="1206" VPOS="2091" WIDTH="233" HEIGHT="49" WC="0.91" CONTENT="berättigadt"/><SP WIDTH="31" VPOS="2091" HPOS="1439"/>
							<String ID="string_258" HPOS="1470" VPOS="2094" WIDTH="54" HEIGHT="31" WC="0.96" CONTENT="att"/><SP WIDTH="32" VPOS="2094" HPOS="1524"/>
							<String ID="string_259" HPOS="1556" VPOS="2087" WIDTH="82" HEIGHT="36" WC="0.96" CONTENT="från"/><SP WIDTH="24" VPOS="2087" HPOS="1638"/>
							<String ID="string_260" HPOS="1662" VPOS="2092" WIDTH="55" HEIGHT="30" WC="0.93" CONTENT="ett"/><SP WIDTH="18" VPOS="2092" HPOS="1717"/>
							<String ID="string_261" HPOS="1735" VPOS="2083" WIDTH="177" HEIGHT="38" WC="0.87" CONTENT="tillända-"/>
						</TextLine>
					</TextBlock>
					<TextBlock ID="block_6" HPOS="453" VPOS="2148" WIDTH="1010" HEIGHT="46">
						<TextLine ID="line_27" HPOS="453" VPOS="2148" WIDTH="1010" HEIGHT="46">
							<String ID="string_262" HPOS="453" VPOS="2165" WIDTH="71" HEIGHT="29" WC="0.32" CONTENT="Bih."/><SP WIDTH="25" VPOS="2165" HPOS="524"/>
							<String ID="string_263" HPOS="549" VPOS="2164" WIDTH="46" HEIGHT="29" WC="0.41" CONTENT="tull"/><SP WIDTH="22" VPOS="2164" HPOS="595"/>
							<String ID="string_264" HPOS="617" VPOS="2162" WIDTH="109" HEIGHT="29" WC="0.87" CONTENT="Riksd."/><SP WIDTH="26" VPOS="2162" HPOS="726"/>
							<String ID="string_265" HPOS="752" VPOS="2161" WIDTH="84" HEIGHT="29" WC="0.95" CONTENT="Prot."/><SP WIDTH="23" VPOS="2161" HPOS="836"/>
							<String ID="string_266" HPOS="859" VPOS="2160" WIDTH="86" HEIGHT="28" WC="0.96" CONTENT="1869."/><SP WIDTH="45" VPOS="2160" HPOS="945"/>
							<String ID="string_267" HPOS="990" VPOS="2159" WIDTH="17" HEIGHT="25" WC="0.91" CONTENT="4"/><SP WIDTH="28" VPOS="2159" HPOS="1007"/>
							<String ID="string_268" HPOS="1035" VPOS="2154" WIDTH="93" HEIGHT="30" WC="0.87" CONTENT="Saml"/><SP WIDTH="45" VPOS="2154" HPOS="1128"/>
							<String ID="string_269" HPOS="1173" VPOS="2155" WIDTH="21" HEIGHT="26" WC="0.92" CONTENT="2"/><SP WIDTH="22" VPOS="2155" HPOS="1194"/>
							<String ID="string_270" HPOS="1216" VPOS="2151" WIDTH="72" HEIGHT="35" WC="0.39" CONTENT="Åfd."/><SP WIDTH="43" VPOS="2151" HPOS="1288"/>
							<String ID="string_271" HPOS="1331" VPOS="2150" WIDTH="22" HEIGHT="28" WC="0.93" CONTENT="2"/><SP WIDTH="22" VPOS="2150" HPOS="1353"/>
							<String ID="string_272" HPOS="1375" VPOS="2148" WIDTH="88" HEIGHT="34" WC="0.90" CONTENT="Häft."/>
						</TextLine>
					</TextBlock>
				</ComposedBlock>
			</PrintSpace>
		</Page>
	</Layout>
</alto>
