1868 2780
524 135 289 36 Statsutskottets
837 132 183 36 utlåtande
1043 144 42 22 nr
1105 134 73 32 121.
1578 130 20 30 3

112 225 142 31 menten
277 219 142 43 angivet
441 218 176 39 ändamål,
636 217 63 34 har
721 216 68 34 den
811 219 42 30 29
876 214 190 34 november
1091 215 85 31 1949
1198 215 116 38 yttrat
1336 210 51 42 sig
1407 209 10 34 i
1440 207 155 36 ärendet.

112 276 55 33 Av
186 274 185 43 yttrandet
391 272 176 35 inhämtas
586 271 107 34 bland
713 274 111 30 annat
843 268 167 41 följande.

156 337 194 34 Tomterna
373 339 58 31 äro
454 334 149 42 belägna
623 333 10 33 i
655 337 75 29 mot
752 331 172 34 nordväst
946 328 143 36 relativt
1114 328 105 34 brant
1241 325 181 35 sluttande
1445 327 151 38 terräng.

112 380 294 44 Höjdskillnaden
428 380 127 33 mellan
573 379 41 33 de
634 378 103 41 högst
758 376 66 34 och
843 376 92 41 lägst
955 375 148 41 belägna
1126 373 143 34 delarna
1291 384 45 21 av
1358 369 159 35 området
1539 368 57 34 be-

112 427 126 34 räknas
263 426 118 42 uppgå
405 424 52 34 till
481 423 94 35 cirka
602 426 62 30 100
691 434 47 21 m.
760 421 194 33 Tomterna
979 422 55 36 27,
1058 421 42 30 49
1126 417 65 34 och
1218 419 42 31 64
1286 416 101 34 bestå
1410 415 53 34 till
1485 416 111 32 större

113 472 99 33 delen
240 483 44 21 av
311 468 200 36 kultiverad
539 467 100 35 mark
667 470 93 31 samt
790 469 41 31 96
861 477 44 22 av
931 464 99 34 såväl
1057 461 201 35 kultiverad
1286 472 75 22 som
1386 457 211 36 betesmark.

112 517 193 33 Tomterna
328 518 41 30 56
391 514 64 34 och
476 516 42 31 57
539 516 59 31 äro
618 511 164 42 fridlysta
803 510 53 34 för
879 514 55 29 att
953 508 129 34 bereda
1102 506 115 42 skydd
1239 505 53 35 för
1313 504 153 43 fågelliv.

159 561 102 33 Inom
278 558 159 35 området
454 561 59 31 äro
526 556 154 43 följande
696 554 203 44 byggnader
917 553 158 42 belägna:
1092 551 90 34 Villa
1200 551 70 34 San
1288 549 164 38 Michele,
1470 546 128 43 Kapell

113 604 70 35 San
209 604 164 40 Michele,
400 600 409 39 vaktmästarbostaden,
836 599 51 34 La
910 596 207 40 Foresteria,
1144 595 129 35 Villino
1301 594 227 38 Barbarossa,
1555 603 43 22 en

115 648 302 43 förrådsbyggnad
437 647 65 34 och
523 651 54 30 ett
598 646 91 34 stall.

160 693 171 42 Samtliga
355 691 202 44 byggnader
580 694 59 30 äro
663 688 177 44 uppförda
863 688 46 42 på
930 687 59 34 det
1013 687 46 41 på
1085 685 106 42 Capri
1215 682 238 35 traditionella
1478 685 121 31 sättet.

115 738 155 36 Sålunda
294 741 60 31 äro
375 741 110 38 ytter-
509 735 64 35 och
595 734 227 34 huvuddelen
846 745 45 22 av
915 732 278 40 innerväggarna
1216 728 147 35 murade
1388 739 45 22 av
1456 725 144 43 mycket

114 788 105 38 grovt
239 782 131 34 tuktad
393 784 184 31 natursten
599 800 46 4 —
666 778 164 34 kalksten
855 776 82 35 eller
957 774 73 36 tuff
1052 795 46 5 —
1118 775 12 33 i
1154 773 103 34 bruk.
1280 773 73 34 Allt
1373 770 167 36 murverk
1562 773 38 31 är

116 833 54 29 ut-
193 827 66 34 och
279 825 185 43 invändigt
486 828 124 39 putsat
632 823 65 34 och
722 821 189 35 vitkalkat.
936 819 207 43 Bjälklagen
1169 822 59 30 äro
1252 816 143 35 utförda
1418 828 76 22 som
1518 815 82 34 valv

116 885 45 22 av
185 875 196 30 natursten.
407 869 138 35 Golven
569 872 59 30 äro
650 867 149 42 belagda
824 866 80 34 med
929 868 185 31 natursten
1140 863 81 33 eller
1245 861 200 35 keramiska
1468 860 133 42 plattor

117 916 65 35 och
199 915 205 44 yttertaken
422 918 71 35 äro,
509 925 83 22 vare
606 913 53 41 sig
674 912 42 34 de
735 915 60 30 äro
811 910 107 43 plana
936 910 79 34 eller
1035 908 141 40 välvda,
1194 907 123 34 täckta
1337 905 80 35 med
1436 910 52 29 ett
1506 903 95 36 cirka

117 965 19 30 2
155 974 54 21 cm
229 960 115 42 tjockt
361 960 93 41 lager
474 971 45 21 av
536 956 197 43 gjutasfalt.

162 1005 91 34 Villa
269 1005 71 34 San
359 1003 153 35 Michele
532 1004 20 32 å
569 1007 93 29 tomt
680 1004 42 30 49
742 999 192 35 innehåller
951 1019 45 4 —
1013 997 155 34 förutom
1186 996 110 40 entré,
1313 1006 175 31 passager,
1506 998 95 37 trap-

117 1062 75 31 por,
211 1049 117 34 förråd
347 1048 64 34 och
429 1059 175 31 pannrum
623 1066 45 4 —
685 1045 9 33 i
710 1043 304 42 bottenvåningen
1033 1043 62 33 två
1114 1053 79 22 rum
1212 1040 65 34 och
1296 1039 83 40 kök,
1398 1039 10 34 i
1428 1038 174 42 våningen

120 1099 14 29 1
157 1100 129 37 trappa
307 1105 72 30 upp
400 1092 79 42 fyra
497 1103 79 22 rum
596 1095 92 29 samt
710 1090 9 33 i
741 1089 176 41 våningen
938 1091 19 30 2
981 1091 146 38 trappor
1149 1097 73 30 upp
1246 1085 62 33 två
1330 1096 78 22 rum
1431 1083 65 34 och
1517 1082 84 34 bad-

118 1151 89 22 rum.
222 1139 17 33 I
255 1136 202 43 anslutning
472 1136 52 33 till
540 1135 209 42 byggnaden
762 1133 115 34 finnas
892 1131 243 43 kringbyggda
1152 1129 138 43 gårdar,
1305 1128 141 43 loggior,
1462 1126 141 44 pergola

118 1183 65 35 och
204 1188 177 29 terrasser.

163 1225 405 37 Vaktmästarbostaden
592 1224 106 42 ligger
734 1224 10 33 å
769 1234 135 23 samma
930 1225 93 30 tomt
1047 1232 75 22 som
1146 1218 91 35 Villa
1263 1218 70 34 San
1360 1216 153 36 Michele
1538 1215 65 34 och

120 1272 169 34 omfattar
308 1272 64 34 två
387 1283 78 22 rum
480 1270 65 34 och
562 1269 83 34 kök.

165 1315 310 42 Bottenvåningen
495 1314 11 33 i
527 1314 50 34 La
596 1312 207 40 Foresteria,
825 1315 94 30 tomt
940 1313 54 37 64,
1015 1308 190 35 innehåller
1226 1308 109 40 entré,
1356 1307 64 34 två
1440 1318 77 22 rum
1539 1304 64 35 och

119 1361 71 34 kök
209 1366 93 29 samt
323 1359 244 35 källarlokaler
587 1358 66 34 och
675 1356 267 35 vattencistern.
965 1356 18 33 I
1006 1353 174 42 våningen
1204 1356 16 30 1
1245 1357 128 37 trappa
1395 1363 72 30 upp
1489 1350 115 34 finnas

120 1406 70 34 fem
207 1417 91 28 rum,
312 1404 150 34 badrum
480 1415 46 21 m.
545 1414 47 22 m.
610 1402 65 34 och
694 1405 19 30 2
732 1405 148 38 trappor
897 1412 73 29 upp
990 1402 37 31 är
1045 1397 203 43 ytterligare
1268 1401 54 29 ett
1338 1408 90 22 rum.

165 1450 128 34 Villino
319 1448 216 34 Barbarossa
562 1448 20 33 å
606 1451 94 29 tomt
727 1449 41 30 56
797 1447 140 39 utgöres
966 1455 44 22 av
1037 1454 126 30 genom
1192 1454 73 21 om-
1293 1441 64 33 och
1384 1438 221 44 tillbyggnad

122 1495 109 34 under
249 1494 41 33 dr
308 1493 85 34 Axel
411 1491 172 35 Munthes
604 1491 52 34 tid
675 1489 184 35 förändrat
878 1488 127 42 kapell,
1024 1499 75 22 som
1119 1499 47 21 nu
1184 1485 193 35 innehåller
1396 1489 53 29 tre
1470 1483 135 35 mindre

121 1551 78 22 rum
215 1538 65 34 och
294 1542 52 30 ett
362 1536 279 41 köksutrymme.

166 1580 375 44 Förrådsbyggnaden,
557 1592 74 21 som
647 1579 106 42 ligger
769 1578 47 42 på
830 1581 92 30 tomt
938 1580 55 36 27,
1008 1576 64 34 har
1085 1575 223 42 planmåtten
1326 1578 18 30 5
1364 1578 33 34 X
1417 1576 18 31 5
1452 1585 46 22 m.
1516 1571 90 36 Stal-

122 1629 48 33 let
191 1628 45 42 på
259 1631 94 29 tomt
376 1630 40 29 96
442 1629 38 30 är
503 1624 142 42 mycket
668 1622 188 43 primitivt.

167 1673 58 32 Då
248 1670 267 43 byggnadernas
541 1668 182 35 underhåll
748 1667 111 34 under
880 1666 42 34 de
946 1665 84 34 sista
1056 1663 240 43 tjugo-trettio
1322 1664 81 33 åren
1427 1661 63 35 har
1515 1661 92 35 varit

124 1715 214 43 bristfälligt,
359 1718 58 31 äro
440 1715 100 33 dessa
561 1713 54 33 för
636 1711 221 35 närvarande
878 1710 10 33 i
910 1710 135 35 mindre
1065 1713 79 38 gott
1166 1708 110 34 skick.

168 1779 102 33 Inom
289 1775 354 45 byggnadsstyrelsen
662 1774 64 34 har
745 1773 184 43 uppgjorts
948 1771 217 44 preliminärt
1184 1770 129 42 förslag
1328 1769 52 34 till
1401 1768 206 35 iståndsätt-

122 1832 115 42 nings-
259 1830 65 35 och
345 1833 130 31 smärre
496 1827 369 42 förändringsarbeten
887 1827 20 33 å
927 1824 204 44 byggnader
1152 1828 94 29 samt
1268 1821 259 45 approximativ
1551 1822 57 33 be-

122 1885 149 41 räkning
290 1896 45 22 av
355 1882 238 35 kostnaderna
612 1881 129 34 härför.
763 1880 179 42 Styrelsen
960 1879 64 33 har
1044 1877 124 35 därvid
1190 1878 120 41 utgått
1331 1876 89 34 ifrån
1442 1881 55 29 att
1518 1874 91 36 Villa

123 1938 70 34 San
214 1937 153 35 Michele
392 1936 86 34 skall
505 1935 146 42 fungera
676 1946 74 22 som
778 1944 173 28 museum,
976 1930 211 44 tillgängligt
1213 1930 55 34 för
1293 1929 155 34 turister.
1474 1928 134 35 Bostad

124 2004 56 22 om
205 1992 63 32 två
292 2003 78 21 rum
396 1990 64 34 och
483 1989 71 33 kök
579 1988 133 33 inredes
738 1987 52 33 för
814 1985 253 39 föreståndare,
1093 1982 396 35 vaktmästarbostaden
1514 1981 94 35 bibe-

124 2045 107 34 hålles
253 2057 75 21 som
350 2043 109 34 sådan
481 2042 67 34 och
571 2042 8 33 i
603 2042 51 34 La
676 2040 198 35 Foresteria
896 2038 282 42 iordningställas
1200 2050 79 21 rum
1304 2036 53 34 för
1380 2035 231 44 stipendiater

125 2099 64 33 och
213 2097 131 43 dylika.
366 2094 30 36 Ä
417 2096 128 34 Villino
566 2095 216 34 Barbarossa
799 2097 101 38 göras
922 2092 70 34 tills
1015 2091 119 34 vidare
1157 2091 126 34 endast
1306 2089 226 42 nödvändiga
1554 2092 55 30 ut-

125 2151 153 42 vändiga
304 2148 453 42 iståndsättningsarbeten.
783 2146 129 34 Vidare
939 2145 138 34 behöva
1102 2143 294 34 vattencisterner
1422 2142 64 34 och
1515 2141 94 35 träd-

124 2203 356 44 gårdsanläggningar
504 2200 293 42 iordningställas,
823 2199 42 34 de
890 2199 92 33 förra
1008 2198 86 33 böra
1116 2198 179 33 dessutom
1322 2197 9 33 i
1356 2196 92 33 vissa
1470 2195 61 34 fall
1556 2199 54 29 ut-

127 2257 133 42 vidgas.

171 2309 250 35 Kostnaderna
440 2308 53 33 för
512 2307 184 41 behövliga
716 2306 145 33 arbeten
881 2306 19 32 å
922 2304 202 42 byggnader
1143 2303 63 33 och
1227 2303 8 33 i
1258 2302 210 42 trädgården
1487 2301 45 34 ha
1554 2301 56 33 be-

127 2363 143 34 räknats
295 2362 79 33 med
398 2360 140 41 ledning
561 2373 44 20 av
629 2359 109 33 skedd
764 2357 202 41 besiktning
990 2356 64 33 och
1080 2356 7 33 i
1112 2355 116 42 övrigt
1252 2354 251 34 införskaffade
1525 2366 86 30 upp-

126 2416 115 43 gifter.
265 2415 258 42 Byggnaderna
546 2413 44 33 ha
615 2416 133 30 ansetts
775 2412 86 32 böra
886 2414 111 30 sättas
1023 2410 7 33 i
1057 2409 126 33 sådant
1207 2408 117 40 stånd,
1348 2413 54 29 att
1427 2407 184 34 framdeles

130 2470 124 35 endast
276 2467 345 36 underhållsarbeten
646 2465 171 34 beräknas
842 2464 46 33 bli
911 2463 196 41 behövliga.
