2248 2642
483 177 117 32 Första
623 177 199 31 kammarens
845 179 112 30 andra
981 177 161 41 tillfälliga
1165 177 133 31 utskotts
1320 176 163 32 utlåtande
1507 176 52 32 Nr
1584 178 51 30 13.
1800 177 20 30 3

257 256 57 35 för
342 255 362 49 riksdagsmännens
733 255 166 47 räkning
926 255 74 36 kan
1029 255 66 36 ske
1123 268 138 35 genom
1291 258 127 44 någon
1446 268 46 22 av
1512 255 224 35 kamrarnas
1756 255 105 35 vakt-

257 312 171 41 mästare,
458 320 80 23 som
569 311 97 32 även
695 306 133 37 hittills
856 308 98 34 varit
981 308 148 46 vanligt
1157 307 103 35 inom
1290 307 117 35 andra
1435 305 243 37 kammaren”.
1723 306 13 35 I
1759 307 103 35 detta

256 359 193 36 uttalande
490 359 76 35 kan
608 358 184 36 utskottet
831 358 201 36 instämma
1073 359 70 35 och
1181 359 57 36 för
1266 359 58 35 sin
1353 358 60 36 del
1441 358 132 36 endast
1602 358 173 48 tillägga,
1806 363 54 30 att

257 410 122 48 enligt
421 410 73 36 vad
534 410 184 36 utskottet
759 410 184 35 inhämtat
977 409 124 37 denna
1129 410 229 49 poststation
1387 410 151 47 mycket
1567 409 120 36 sällan
1716 409 144 36 anlitas.

256 462 83 35 Den
381 462 57 35 får
465 462 11 35 i
504 462 236 47 genomsnitt
780 474 68 36 per
889 461 76 48 dag
1005 462 135 35 endast
1181 467 170 41 mottaga
1393 461 115 47 högst
1536 461 52 35 tio
1619 460 130 47 besök,
1780 473 80 23 som

257 526 88 23 avse
374 517 115 31 annat
516 517 48 31 än
592 512 118 49 inköp
740 525 47 22 av
816 512 271 36 frankotecken
1118 513 88 35 eller
1233 512 250 35 avlämnande
1511 525 45 22 av
1585 512 133 47 vanlig
1752 511 108 36 brev-

256 569 85 43 post
383 564 69 36 och
494 563 477 47 korsbandsförsändelser,
1014 563 117 36 vilket
1159 563 44 47 ju
1231 563 76 35 lika
1335 564 67 35 bra
1431 563 74 35 kan
1534 562 67 36 ske
1631 562 12 35 i
1671 562 191 48 postlådor

255 620 181 43 uppsatta
464 618 47 45 på
539 614 161 49 lämplig
727 615 98 48 plats
854 614 11 35 i
893 614 306 48 riksdagshuset;
1230 614 348 36 frimärksautomat
1605 613 122 36 finnes
1746 613 115 37 redan

256 666 227 37 installerad.
540 665 72 37 Om
655 666 273 49 poststationen
956 665 191 49 indroges,
1176 666 120 35 skulle
1325 668 48 46 på
1402 665 86 36 dess
1517 665 220 36 nuvarande
1764 665 98 49 plats

256 718 129 36 kunna
426 716 159 38 erhållas
627 723 55 31 ett
722 722 90 31 nära
853 717 116 36 andra
997 717 239 36 kammarens
1265 717 159 49 plenisal
1447 717 152 48 beläget
1627 716 235 36 förtroende-

254 769 170 37 rådsrum
466 783 46 22 av
556 770 158 48 ungefär
755 782 143 23 samma
939 769 142 36 storlek
1122 782 79 23 som
1236 769 63 36 det
1326 782 97 34 rum,
1451 768 121 37 vilket
1599 768 117 36 redan
1744 781 51 22 nu
1824 773 39 30 är

255 821 172 49 upplåtet
454 821 56 36 till
540 825 54 32 ett
623 834 46 23 av
696 821 117 35 andra
842 820 380 49 kammarpartiernas
1250 820 296 37 förtroenderåd.

385 872 67 36 Ett
480 878 126 41 annat,
634 875 119 45 något
781 876 120 32 större
929 886 83 22 rum
1041 872 127 36 kunde
1196 872 172 46 erhållas,
1397 885 60 22 om
1478 872 72 36 den
1570 871 128 47 längst
1718 874 38 33 åt
1775 884 88 22 norr

256 924 164 48 belägna
461 923 225 49 sjättedelen
727 937 46 22 av
814 923 127 48 gamla
981 924 184 35 matsalen
1206 924 12 35 i
1246 923 311 48 riksdagshusets
1586 922 277 48 bottenvåning

257 975 255 49 avgränsades
554 975 159 36 medelst
754 988 46 22 en
840 979 106 44 vägg
987 974 208 37 eventuellt
1236 988 45 22 av
1323 974 232 49 provisorisk
1583 974 277 44 beskaffenhet;

256 1027 87 36 dörr
370 1027 159 36 ledande
558 1026 84 36 från
670 1026 221 36 korridoren
919 1026 57 36 till
1005 1026 125 36 denna
1157 1025 60 37 del
1245 1040 46 22 av
1320 1027 105 35 salen
1452 1026 122 36 finnes
1602 1026 127 36 redan.
1787 1024 75 37 Ge-

255 1092 89 23 nom
386 1091 46 23 en
474 1079 116 36 sådan
632 1078 214 48 anordning
887 1077 120 37 skulle
1037 1078 32 48 ej
1100 1080 129 46 någon
1257 1078 120 36 skada
1404 1077 170 49 tillfogas
1603 1077 164 36 nämnda
1795 1077 67 46 sal,

256 1135 93 31 utan
391 1131 73 36 den
505 1143 115 37 synes
662 1143 152 23 snarare
850 1129 53 37 bli
931 1129 56 37 till
1016 1130 84 36 sina
1129 1129 254 37 dimensioner
1411 1129 225 49 lämpligare
1665 1128 196 49 avpassad,

255 1195 87 23 vare
384 1182 61 48 sig
485 1182 72 37 den
594 1182 12 36 i
644 1182 203 36 framtiden
876 1181 169 37 kommer
1073 1187 55 30 att
1156 1181 193 36 användas
1377 1181 58 36 till
1463 1182 137 35 matsal
1628 1181 92 36 eller
1746 1180 117 50 parti-

257 1234 384 36 sammanträdesrum
679 1233 89 37 eller
796 1247 124 22 annan
949 1233 299 48 samlingslokal.
1304 1233 73 36 Det
1405 1233 68 36 har
1501 1232 209 37 emellertid
1739 1233 124 47 gjorts

256 1286 73 36 den
368 1286 301 48 invändningen,
711 1290 55 31 att
807 1285 62 36 det
909 1299 49 22 nu
1001 1285 169 48 angivna
1203 1290 166 31 rummet
1401 1284 121 37 skulle
1549 1298 91 23 vara
1668 1284 60 36 för
1755 1285 107 46 långt

257 1337 171 49 avlägset
456 1337 83 36 från
568 1337 120 36 andra
714 1337 241 36 kammarens
983 1336 159 49 plenisal
1171 1336 58 36 för
1257 1341 56 31 att
1339 1336 209 49 lämpligen
1577 1336 128 36 kunna
1724 1341 138 31 använ-

256 1389 67 36 das
360 1388 57 36 till
445 1389 386 48 överläggningsrum
860 1388 58 36 för
946 1393 54 31 ett
1030 1387 294 38 förtroenderåd.
1381 1388 184 36 Häremot
1592 1388 58 35 får
1677 1387 186 36 utskottet

256 1441 134 46 erinra,
428 1446 53 30 att
508 1446 54 30 ett
590 1439 390 38 förtroenderådsrum
1008 1440 62 35 väl
1097 1443 138 32 nästan
1262 1439 239 37 uteslutande
1529 1439 58 36 får
1615 1438 249 49 användning

256 1492 80 36 dels
364 1492 65 36 vid
456 1491 358 37 förtroenderådens
841 1492 156 48 vanliga
1023 1496 74 31 tätt
1126 1491 305 36 återkommande
1459 1491 306 36 sammanträden
1793 1491 70 36 och

256 1544 79 36 dels
377 1544 59 36 för
475 1544 177 36 hållande
680 1557 46 23 av
754 1543 229 50 expedition,
1013 1543 58 36 för
1100 1543 282 36 skrivarbetens
1410 1543 214 47 utförande,
1654 1543 58 36 för
1740 1542 122 36 förva-

254 1596 89 48 ring
385 1609 47 23 av
472 1595 229 49 handlingar
741 1601 82 42 etc.,
865 1596 69 35 och
963 1595 59 36 för
1051 1594 183 50 fyllandet
1263 1608 46 23 av
1339 1595 108 36 dessa
1475 1595 174 36 ändamål
1677 1595 97 36 lärer
1802 1594 62 36 det

255 1647 84 37 icke
368 1647 104 50 spela
500 1650 130 46 någon
657 1647 81 47 roll,
769 1660 60 23 om
857 1652 163 31 rummet
1048 1652 40 31 är
1115 1646 151 48 beläget
1290 1650 117 45 något
1426 1646 108 37 tiotal
1554 1652 120 31 meter
1693 1651 169 31 närmare

256 1699 91 37 eller
375 1699 225 49 avlägsnare
628 1699 84 36 från
740 1698 218 50 plenisalen.
1012 1697 130 38 Skulle
1162 1698 171 36 däremot
1353 1698 119 36 under
1490 1698 199 49 pågående
1708 1697 154 50 plenum

256 1756 55 31 ett
339 1751 282 36 sammanträde
648 1751 85 36 med
762 1750 322 37 förtroenderådet
1112 1750 208 48 påfordras,
1351 1750 107 36 torde
1486 1751 63 35 det
1577 1750 134 36 endast
1736 1763 91 22 vara
1850 1749 12 35 i

256 1802 152 50 mycket
449 1803 157 36 enstaka
647 1802 66 37 fall
754 1815 80 24 som
865 1802 297 36 sammanträdet
1189 1802 31 48 ej
1252 1801 121 37 skulle
1401 1801 129 37 kunna
1558 1802 118 36 hinna
1703 1801 120 36 hållas
1851 1800 11 36 i

256 1855 72 36 den
369 1868 51 22 nu
448 1855 169 48 angivna
644 1853 161 49 lokalen,
834 1867 80 23 som
938 1854 46 49 ju
1012 1853 98 37 dock
1138 1859 40 31 är
1204 1854 162 47 belägen
1397 1858 76 31 rätt
1500 1859 93 30 nära
1620 1853 98 36 intill
1746 1852 116 37 andra

255 1907 241 36 kammarens
525 1906 172 49 plenisal,
727 1906 71 36 och
825 1906 12 36 i
866 1905 111 37 dessa
1005 1905 158 37 enstaka
1181 1905 65 36 fall
1265 1906 100 35 lärer
1385 1905 330 49 överläggningen
1735 1904 128 36 kunna

256 1958 173 49 försiggå
465 1961 49 46 på
549 1960 130 47 någon
706 1958 100 49 plats
834 1958 12 36 i
874 1958 229 49 plenisalens
1132 1957 234 37 omedelbara
1398 1957 143 37 närhet.
1598 1957 87 36 Med
1712 1957 150 48 hänsyn

254 2011 59 35 till
341 2010 109 36 dessa
478 2010 329 48 omständigheter
835 2010 70 36 och
933 2010 199 36 ävenledes
1160 2009 13 36 i
1192 2009 251 36 betraktande
1463 2022 47 24 av
1529 2009 246 48 svårigheten
1796 2013 65 42 att,

256 2065 39 33 så
323 2075 82 23 som
432 2062 290 47 riksdagshuset
748 2075 51 22 nu
828 2066 40 31 är
895 2062 126 46 inrett,
1052 2061 142 36 erhålla
1224 2061 45 36 de
1298 2061 83 36 från
1406 2063 73 34 alla
1499 2060 238 50 synpunkter
1756 2060 107 36 bästa

254 2114 194 36 lokalerna
474 2113 58 37 för
559 2113 211 50 partiernas
799 2113 295 47 förtroenderåd,
1124 2112 69 36 har
1219 2113 188 36 utskottet
1435 2118 125 31 ansett
1589 2112 61 48 sig
1677 2112 93 36 böra
1789 2112 73 36 för-

255 2165 91 36 orda
387 2165 73 37 den
502 2170 128 31 senast
670 2165 161 36 berörda
868 2165 264 49 anordningen
1160 2164 59 36 för
1246 2164 211 37 beredande
1486 2178 45 22 av
1556 2174 74 26 rum
1672 2166 37 34 åt
1737 2169 52 31 ett
1817 2177 46 23 av

256 2216 334 38 förtroenderåden
617 2216 103 37 inom
751 2216 117 37 andra
895 2216 241 37 kammarens
1164 2217 151 48 partier.
