1892 2786
452 178 325 36 Bankoutskottets
793 175 183 36 memorial
994 187 42 21 nr
1055 176 16 31 1
1094 174 39 33 år
1152 174 85 32 1961
1549 171 40 30 51

146 263 137 35 Utöver
313 262 69 34 den
411 257 359 46 löneplansanställda
800 255 207 44 personalen
1038 253 115 34 finnes
1183 251 60 34 vid
1273 249 213 35 riksbanken
1517 248 75 33 s.k.

103 314 289 43 reservpersonal,
410 314 34 34 d.
457 326 34 21 v.
505 325 26 22 s.
548 311 161 44 personal
727 309 153 35 anställd
897 306 282 42 huvudsakligen
1195 304 55 35 för
1267 302 243 42 sedelräkning
1526 301 67 34 och

102 371 10 33 i
138 369 193 36 allmänhet
354 368 81 34 med
458 366 239 35 intermittent
719 362 248 44 tjänstgöring.
991 361 56 33 Av
1070 360 117 34 denna
1210 357 161 45 personal
1395 356 63 34 har
1482 354 112 35 under

104 425 62 33 det
184 424 140 42 gångna
342 422 76 34 året
435 420 11 34 i
464 419 167 35 medeltal
650 416 209 44 tjänstgjort
877 428 41 21 ca
939 418 65 30 185
1022 426 63 31 per
1104 413 80 42 dag.

150 475 215 43 Delegerade
387 474 55 34 för
461 473 204 41 riksdagens
687 471 96 39 verk,
806 469 96 35 vilka
923 467 142 44 jämlikt
1087 466 203 42 riksdagens
1312 461 283 45 bemyndigande

107 531 63 43 (jfr
192 529 119 35 BoU:s
336 529 65 34 utl.
428 530 99 31 1952:
543 530 42 30 35
611 537 89 31 resp.
728 527 98 31 1955:
842 523 58 42 27)
929 525 81 39 äger
1034 521 200 33 bestämma
1259 517 136 35 antalet
1418 517 176 33 kammar-

105 583 288 42 skrivartjänster
419 581 11 33 i
455 579 214 35 riksbanken
694 578 11 33 i
730 578 53 33 Ao
799 580 41 30 15
867 576 66 34 och
960 574 137 35 antalet
1122 569 474 42 bankvaktmästartjänster

106 638 11 34 i
136 639 54 33 Ao
205 640 31 37 7,
255 636 64 34 har
339 635 54 34 för
413 635 38 33 år
472 637 85 31 1961
580 631 172 35 fastställt
772 630 102 34 dessa
894 628 98 35 antal
1011 627 54 34 till
1086 630 42 31 53
1150 638 89 30 resp.
1260 628 55 30 25.

803 747 15 39 $
846 749 56 31 26.

153 822 236 42 Fullmäktige
409 821 64 34 har
492 820 158 34 beslutat
671 823 66 36 att,
757 818 112 34 under
889 814 258 43 förutsättning
1167 818 55 29 att
1244 813 60 33 det
1325 812 95 33 inom
1440 810 159 34 riksban-

108 877 88 34 kens
211 876 161 43 personal
391 875 233 44 (tjänstemän
639 873 66 34 och
721 871 175 42 arbetare)
915 869 113 35 bildas
1045 881 44 21 en
1145 864 369 37 semesterfören
1524 863 74 41 ing

109 931 83 33 med
215 929 186 43 tillräcklig
424 927 214 42 anslutning,
662 926 52 33 till
737 924 223 42 föreningens
983 921 207 43 förfogande
1215 919 103 35 ställa
1342 923 54 29 ett
1419 916 182 35 räntefritt

110 984 60 34 lån
186 984 22 34 å
222 984 104 41 högst
342 986 44 31 80
400 985 65 31 000
481 981 130 33 kronor
626 979 55 34 för
696 983 56 30 att
767 977 209 43 möjliggöra
991 975 54 34 för
1061 974 204 42 föreningen
1282 977 56 29 att
1354 971 167 34 förvärva
1537 970 65 33 två

110 1037 202 44 lägenheter
333 1036 11 33 i
365 1037 111 33 Resos
498 1033 216 42 semesterby
736 1031 61 34 vid
819 1030 215 43 Castiglione
1057 1028 92 34 della
1168 1026 145 35 Pescaia
1335 1026 11 34 i
1366 1024 140 34 Italien.
1527 1023 74 33 Det

111 1092 208 34 förutsättes
335 1088 126 35 därvid
477 1093 56 28 att
548 1086 198 43 inflytande
763 1085 150 34 insatser
928 1083 53 35 till
997 1082 204 41 föreningen
1217 1080 11 34 i
1244 1084 90 29 stort
1351 1083 70 29 sett
1437 1077 87 35 skall
1541 1088 61 22 an-

112 1144 136 34 vändas
268 1142 55 35 för
343 1140 213 44 amortering
576 1141 22 33 å
617 1140 107 33 lånet.
743 1138 164 34 Beslutet
926 1137 65 34 har
1010 1133 208 36 tillkommit
1237 1132 55 34 för
1313 1137 56 29 att
1389 1129 215 43 tillmötesgå

112 1195 181 36 önskemål
313 1195 79 34 från
412 1193 224 44 personalens
658 1192 76 34 sida
754 1204 59 22 om
834 1189 232 35 riksbankens
1087 1186 217 36 medverkan
1325 1189 56 30 att
1402 1185 111 34 ordna
1534 1182 69 35 frå-

112 1262 70 31 gan
201 1262 58 22 om
278 1247 248 36 semesterhem
545 1247 55 33 för
619 1246 158 34 bankens
797 1242 376 43 anställningshavare.

158 1305 57 34 En
235 1301 411 45 riksbankspersonalens
667 1297 327 42 semesterförening
1013 1294 285 36 konstituerades
1320 1293 195 34 sedermera
1537 1291 67 33 den

113 1362 44 32 26
180 1359 149 34 oktober
352 1361 99 31 1960.

812 1414 14 39 $
854 1417 56 31 27.

160 1490 105 34 Inom
294 1487 456 36 huvudkontorets
780 1484 170 42 fastighet
970 1483 20 33 å
1008 1480 344 43 Helgeandsholmen
1371 1479 63 33 har
1453 1477 153 42 omlägg-

116 1544 129 42 ningen
262 1556 46 22 av
325 1545 295 39 värmesystemet
636 1550 145 23 numera
798 1536 181 44 praktiskt
995 1539 100 38 taget
1112 1534 187 39 avslutats,
1317 1532 66 34 och
1399 1531 126 34 hittills
1543 1529 64 34 har

116 1598 56 34 för
192 1598 101 33 dessa
313 1596 145 34 arbeten
478 1593 196 35 utbetalats
695 1604 40 22 ca
757 1594 65 31 655
838 1594 65 30 000
923 1590 130 33 kronor
1077 1587 61 44 (jfr
1160 1590 87 31 1960
1270 1586 54 33 års
1346 1584 187 35 berättelse
1554 1582 54 34 till

117 1651 102 41 BoU,
238 1651 15 39 $
274 1650 72 42 25).
362 1649 139 34 Endast
518 1648 136 34 diverse
672 1648 129 32 smärre
820 1643 180 42 ändrings-
1017 1642 67 34 och
1100 1638 439 45 kompletteringsarbeten
1557 1636 51 33 in-

118 1717 59 21 om
197 1703 201 35 bankhuset
417 1701 150 34 återstår
587 1704 57 29 att
661 1698 130 35 utföra.
810 1697 125 34 Beslut
954 1696 64 34 har
1037 1695 129 34 fattats
1187 1706 46 21 av
1252 1691 219 42 fullmäktige
1492 1691 10 33 i
1522 1690 86 33 riks-

118 1756 267 44 gäldskontoret
405 1755 66 34 och
491 1755 11 33 i
522 1752 213 35 riksbanken
756 1763 59 22 om
835 1761 202 31 gemensam
1058 1745 371 45 oljetankanläggning
1448 1744 55 33 för
1524 1743 85 33 riks-

120 1811 101 42 dags-
244 1810 66 34 och
332 1807 310 35 riksbankshusen.
664 1804 213 35 Kostnaden
899 1803 55 33 för
977 1801 256 43 anläggningen
1255 1799 64 34 har
1342 1798 190 34 beräknats
1556 1796 54 33 till

120 1876 43 21 ca
184 1867 43 31 70
241 1866 66 31 000
328 1862 130 34 kronor
477 1860 113 43 jämte
612 1863 43 29 20
670 1862 65 31 000
758 1858 21 33 å
801 1860 43 30 25
860 1860 65 30 000
947 1856 130 33 kronor
1098 1854 55 33 för
1173 1852 307 44 pålningsarbeten
1503 1861 108 22 m.m.

121 1917 57 34 Av
194 1915 199 34 kostnaden
410 1913 160 34 kommer
588 1924 43 21 en
650 1910 170 43 tredjedel
839 1914 57 29 att
913 1908 85 34 falla
1015 1908 48 42 på
1080 1906 225 35 riksbanken.

167 1974 19 34 I
206 1973 173 34 samband
397 1971 80 34 med
497 1982 93 21 ovan
610 1967 155 34 nämnda
786 1966 145 34 arbeten
951 1965 96 33 inom
1067 1962 201 34 bankhuset
1288 1960 64 34 har
1371 1959 156 42 målning
1546 1958 66 33 och

122 2025 217 44 tapetsering
356 2037 46 21 av
419 2023 214 42 tjänsterum
651 2021 65 34 och
734 2020 179 33 allmänna
931 2022 203 37 utrymmen
1153 2020 93 28 samt
1264 2014 128 42 utbyte
1411 2025 45 21 av
1474 2016 139 38 tapeter

123 2080 11 33 i
152 2077 239 43 fullmäktiges
410 2074 360 36 sammanträdesrum
790 2071 131 35 utförts
940 2070 54 34 för
1014 2068 236 42 sammanlagt
1269 2079 42 21 ca
1331 2070 42 30 30
1388 2070 65 30 000
1473 2066 140 33 kronor.

124 2132 188 42 Därjämte
329 2131 65 33 har
410 2142 71 30 nya
498 2129 135 33 fönster
651 2128 127 33 insatts
796 2125 67 34 och
880 2122 337 45 golvbeläggningen
1234 2120 143 42 utbytts
1395 2120 12 33 i
1424 2119 93 33 vissa
1535 2129 78 22 rum

123 2186 56 34 för
198 2198 42 21 en
259 2184 154 34 kostnad
432 2195 45 21 av
496 2181 163 42 omkring
680 2183 40 30 12
736 2183 65 30 000
821 2178 140 33 kronor.

170 2239 125 34 Beslut
313 2239 65 33 har
397 2237 119 34 vidare
536 2236 129 33 fattats
685 2246 58 21 om
764 2237 56 29 att
840 2233 10 32 i
871 2233 60 32 det
950 2229 254 35 förutvarande
1224 2231 250 39 pannrummet
1495 2226 120 33 inreda

125 2291 231 35 förrådslokal
379 2290 54 33 för
456 2287 413 35 intendenturkontorets
893 2284 126 33 behov.
1042 2280 431 44 Byggnadskostnaderna
1497 2278 119 33 härför

125 2346 66 33 har
211 2344 190 35 beräknats
422 2342 52 34 till
495 2354 42 21 ca
558 2344 43 30 23
616 2344 65 30 000
701 2339 141 38 kronor,
863 2336 117 34 vartill
1001 2336 160 33 kommer
1181 2333 192 34 kostnader
1393 2331 54 33 för
1469 2331 147 33 ventila-

127 2398 76 34 tion
225 2398 66 34 och
314 2395 166 35 elektrisk
503 2392 218 36 installation
744 2395 94 30 samt
862 2389 167 41 målning.

173 2451 69 35 Vid
270 2447 572 42 avdelningskontoren
871 2445 64 33 har
951 2443 239 34 kostnaderna
1207 2441 110 33 under
1335 2440 74 33 året
1427 2439 53 33 för
1496 2438 121 42 fastig-

128 2503 262 35 hetsunderhåll
412 2503 153 42 uppgått
586 2501 52 33 till
660 2500 139 41 belopp,
821 2511 75 21 som
917 2497 154 40 framgår
1093 2507 44 21 av
1159 2493 261 35 nedanstående
1443 2504 175 22 samman-
