1888 2786
445 195 325 37 Bankoutskottets
786 191 183 37 memorial
986 202 43 23 nr
1047 192 16 31 1
1086 190 40 34 år
1144 189 85 33 1961
1540 185 41 30 21

138 280 183 35 Alltsedan
337 277 249 37 emissionerna
601 276 12 34 i
627 275 77 44 juni
719 274 64 34 har
800 270 293 44 ansträngningar
1109 267 111 44 gjorts
1236 267 11 34 i
1264 265 93 44 syfte
1374 269 56 30 att
1445 263 140 44 placera

93 332 385 37 skattkammarväxlar
502 331 12 34 i
537 329 219 36 marknaden
781 325 146 36 utanför
951 323 280 42 banksystemet.
1255 320 75 34 Det
1355 318 129 42 belopp
1509 327 76 23 som

93 390 111 34 under
224 389 98 34 tiden
342 384 308 46 juni—december
670 383 85 33 sålts
776 380 53 35 till
851 378 111 35 andra
983 380 45 32 än
1048 374 246 36 affärsbanker
1313 371 137 44 uppgår
1470 369 54 35 till
1544 380 42 23 ca

97 445 65 32 123
177 442 90 34 mkr.
281 441 76 34 Det
371 437 248 40 förhållandet,
635 441 55 29 att
706 429 389 40 skattkammarväxeln
1110 426 194 37 emellertid
1320 426 95 34 ännu
1432 424 39 34 så
1485 424 101 42 länge

96 498 38 32 är
156 500 54 30 ett
231 494 145 35 utanför
398 491 233 36 bankkretsar
653 488 144 35 relativt
819 486 112 35 okänt
953 485 165 42 begrepp,
1140 481 114 35 måste
1277 478 192 45 självfallet
1491 476 96 35 med-

96 549 78 35 föra
196 553 55 30 att
273 546 246 35 etablerandet
542 557 45 22 av
610 556 43 21 en
677 541 131 44 vidgad
830 538 175 36 marknad
1027 536 55 35 för
1105 536 102 35 detta
1228 545 136 32 papper
1387 531 55 35 får
1465 543 53 22 ses
1540 530 48 43 på

95 603 119 41 längre
234 601 81 34 sikt.

142 653 358 44 Riksgäldskontoret
516 650 115 35 beslöt
646 649 82 34 med
745 647 134 35 verkan
896 645 80 34 från
993 644 66 34 och
1076 642 82 35 med
1176 641 68 35 den
1264 643 42 31 14
1323 638 192 36 november
1533 640 56 31 att

99 709 89 43 sälja
213 709 68 34 alla
306 703 385 39 skattkammarväxlar
715 700 197 36 oberoende
938 711 46 22 av
1008 696 160 43 löptiden
1193 695 54 34 till
1272 698 54 30 ett
1352 692 165 35 diskonto
1544 702 45 22 av

98 766 78 37 4,75
190 761 51 41 Jo,
265 759 239 37 innebärande
529 770 44 22 en
597 756 147 44 höjning
769 767 46 22 av
840 752 327 36 diskontosatserna
1191 747 55 35 för
1271 747 43 35 de
1339 746 142 34 kortare
1506 747 84 31 väx-

99 816 100 34 larna
213 816 82 34 med
310 826 74 31 upp
400 813 54 35 till
471 815 53 38 0,4
536 810 53 41 Yo.

145 870 19 34 I
186 868 125 43 början
334 879 48 23 av
404 865 183 36 december
609 863 131 34 beslöts
763 865 56 31 att
843 860 93 42 ånyo
959 858 109 42 något
1091 853 239 38 differentiera
1354 852 237 36 diskontosat-

101 934 101 22 serna
219 921 54 35 för
292 917 395 38 skattkammarväxlar.
705 915 94 35 Från
818 914 67 34 och
903 912 83 34 med
1005 912 68 33 den
1094 913 41 31 12
1155 907 184 36 december
1358 905 129 44 utbjöd
1505 904 86 35 riks-

102 974 266 44 gäldskontoret
382 972 122 35 växlar
517 971 82 34 med
612 968 152 45 löptider
778 980 74 31 upp
866 966 55 35 till
936 969 19 31 5
970 964 171 35 månader
1154 963 53 33 till
1222 965 55 37 4,5
1290 959 40 41 Yo
1346 960 166 34 diskonto
1526 957 66 35 och

102 1030 120 42 längre
251 1027 122 36 växlar
402 1024 209 36 förfallande
639 1016 550 50 juli>—september—november
1220 1017 86 32 1961
1338 1014 54 34 till
1423 1011 72 41 590
1525 1011 67 35 dis-

102 1082 123 34 konto.
240 1081 56 34 De
312 1092 74 31 nya
402 1083 159 30 satserna
576 1076 146 35 innebar
739 1074 149 35 sålunda
905 1085 44 22 en
966 1069 174 44 sänkning
1155 1068 81 35 med
1254 1071 77 37 0,25
1344 1066 40 40 I,
1401 1065 55 35 för
1473 1064 121 35 växlar

103 1148 62 30 per
182 1133 282 36 vårmånaderna
483 1134 84 32 1961
587 1130 66 34 och
670 1141 44 22 en
730 1125 253 37 motsvarande
999 1124 148 43 höjning
1163 1122 55 34 för
1235 1122 43 34 de
1295 1121 120 42 längre
1432 1124 162 38 typerna.

149 1187 340 34 Diskontosatserna
506 1184 55 34 för
580 1179 385 38 skattkammarväxlar
983 1178 81 34 med
1083 1175 201 44 löptiderna
1303 1178 33 37 3,
1356 1177 20 31 6
1396 1173 67 35 och
1483 1174 110 32 9—12

103 1243 168 36 månader
291 1241 156 42 framgår
467 1251 45 22 av
531 1237 156 43 följande
708 1231 340 43 sammanställning.

698 1326 188 29 3-månaders
903 1324 103 27 växlar

579 1391 65 29 31/3
819 1388 66 29 30/6
1059 1385 66 29 30/9
1283 1382 82 29 31/12

319 1442 65 23 1958
415 1458 136 6 svoccs.s.rs
590 1438 41 28 3,5
830 1435 41 28 3,0
1070 1432 42 28 2,8
1311 1429 41 27 2,7

319 1485 65 23 1959
415 1501 137 7 .........
592 1483 41 28 2,7
832 1480 40 27 2,9
1072 1476 40 28 2,9
1312 1473 41 28 3,4

317 1531 65 23 1900
415 1547 136 6 :savsecres
590 1527 57 28 3,85
831 1524 57 28 4,15
1071 1520 57 29 4,35
1312 1517 40 29 4,5

700 1602 189 28 6-månaders
906 1600 103 26 växlar

585 1667 64 29 31/3
824 1664 66 28 30/6
1065 1660 65 29 30/9
1289 1659 82 27 31/12

322 1718 65 23 1958
418 1734 137 6 ::ssmmrssr
594 1714 41 28 4,0
834 1711 40 28 3,5
1074 1708 40 27 3,3
1314 1705 41 27 3,2

322 1762 66 23 1989)
419 1778 137 6 ssememeeene
595 1758 40 28 3,2
835 1756 40 27 3,4
1075 1752 41 28 3,4
1315 1749 40 28 3,9

321 1808 64 23 1960
417 1823 136 6 ....seres
593 1803 57 28 4,15
833 1800 57 28 4,45
1073 1796 58 29 4,65
1315 1794 40 29 5,0

661 1877 272 29 9—12-månaders
951 1874 102 27 växlar

588 1942 65 29 31/3
828 1939 66 28 30/6
1069 1935 65 29 30/9
1293 1933 82 28 31/12

325 1993 66 23 1958
422 2009 136 6 .....->>v
598 1989 40 28 4,3
837 1986 41 27 3,8
1077 1982 41 28 3,5
1318 1980 41 27 3,4

325 2037 65 23 1959
422 2052 136 7 smesevå
597 2034 41 27 3,4
796 2026 116 39 3,6—3,8
1037 2022 115 40 3,6—3,8
1319 2024 40 27 4,2

323 2083 65 23 1960
421 2098 136 6 mms
597 2078 56 29 4,25
836 2075 57 28 4,75
1077 2071 57 28 4,75
1317 2068 40 28 5,0

443 2199 351 34 Valutamarknaden
815 2197 68 31 och
903 2192 372 42 betalningsbalansen

713 2278 293 35 Valutareserven

163 2361 156 42 Sveriges
342 2358 115 34 totala
480 2356 240 34 valutareserv
742 2352 117 35 nådde
882 2350 61 34 vid
967 2350 177 41 utgången
1169 2360 45 21 av
1238 2345 191 34 november
1453 2347 87 30 1959
1563 2353 44 23 en

117 2415 172 44 toppnivå
307 2413 66 34 och
393 2410 153 45 uppgick
565 2410 45 33 då
629 2409 52 34 till
701 2412 20 29 3
735 2411 66 30 259
820 2407 90 33 mkr.
930 2405 72 33 Det
1021 2401 222 42 osedvanligt
1263 2405 96 29 stora
1377 2399 229 41 importöver-

117 2469 135 34 skottet
271 2466 113 35 under
403 2465 139 34 vintern
564 2461 157 43 1959/60
740 2458 182 36 medförde
943 2470 42 21 en
1005 2455 177 44 betydligt
1201 2457 111 30 större
1332 2451 275 41 valutaavtapp-

119 2523 83 42 ning
222 2520 111 36 under
355 2519 43 35 de
420 2519 79 42 fyra
520 2515 156 44 följande
697 2513 215 35 månaderna
935 2515 44 30 än
1002 2522 74 22 som
1100 2522 45 21 av
1167 2505 280 44 säsongmässiga
1467 2503 142 35 orsaker
