<?xml version="1.0" encoding="UTF-8"?>
<alto xmlns="http://www.loc.gov/standards/alto/ns-v3#" xmlns:xlink="http://www.w3.org/1999/xlink" xmlns:xsi="http://www.w3.org/2001/XMLSchema-instance" xsi:schemaLocation="http://www.loc.gov/standards/alto/ns-v3# http://www.loc.gov/alto/v3/alto-3-0.xsd">
	<Description>
		<MeasurementUnit>pixel</MeasurementUnit>
		<sourceImageInformation>
			<fileName>/tmp/tess_um16qcor_input.PNG</fileName>
		</sourceImageInformation>
		<OCRProcessing ID="OCR_0">
			<ocrProcessingStep>
				<processingSoftware>
					<softwareName>tesseract 5.3.0</softwareName>
				</processingSoftware>
			</ocrProcessingStep>
		</OCRProcessing>
	</Description>
	<Layout>
		<Page WIDTH="2339" HEIGHT="2768" PHYSICAL_IMG_NR="0" ID="page_0">
			<PrintSpace HPOS="0" VPOS="0" WIDTH="2339" HEIGHT="2768">
				<ComposedBlock ID="cblock_0" HPOS="732" VPOS="227" WIDTH="1073" HEIGHT="42">
					<TextBlock ID="block_0" HPOS="732" VPOS="227" WIDTH="1073" HEIGHT="42">
						<TextLine ID="line_0" HPOS="732" VPOS="227" WIDTH="1073" HEIGHT="42">
							<String ID="string_0" HPOS="732" VPOS="227" WIDTH="86" HEIGHT="42" WC="0.15" CONTENT="Lug-"/><SP WIDTH="13" VPOS="227" HPOS="818"/>
							<String ID="string_1" HPOS="831" VPOS="223" WIDTH="166" HEIGHT="50" WC="0.21" CONTENT="Utskottets"/><SP WIDTH="15" VPOS="223" HPOS="997"/>
							<String ID="string_2" HPOS="1012" VPOS="229" WIDTH="162" HEIGHT="32" WC="0.89" CONTENT="Utlåtunde"/><SP WIDTH="23" VPOS="229" HPOS="1174"/>
							<String ID="string_3" HPOS="1197" VPOS="231" WIDTH="62" HEIGHT="31" WC="0.95" CONTENT="N:o"/><SP WIDTH="26" VPOS="231" HPOS="1259"/>
							<String ID="string_4" HPOS="1285" VPOS="233" WIDTH="28" HEIGHT="30" WC="0.54" CONTENT="8."/><SP WIDTH="473" VPOS="233" HPOS="1313"/>
							<String ID="string_5" HPOS="1786" VPOS="239" WIDTH="19" HEIGHT="28" WC="0.86" CONTENT="9"/>
						</TextLine>
					</TextBlock>
				</ComposedBlock>
				<ComposedBlock ID="cblock_1" HPOS="209" VPOS="303" WIDTH="1641" HEIGHT="2117">
					<TextBlock ID="block_1" HPOS="218" VPOS="303" WIDTH="1631" HEIGHT="128">
						<TextLine ID="line_1" HPOS="218" VPOS="303" WIDTH="1631" HEIGHT="51">
							<String ID="string_6" HPOS="218" VPOS="303" WIDTH="75" HEIGHT="32" WC="0.74" CONTENT="icke"/><SP WIDTH="24" VPOS="303" HPOS="293"/>
							<String ID="string_7" HPOS="317" VPOS="304" WIDTH="205" HEIGHT="37" WC="0.96" CONTENT="alternativt,"/><SP WIDTH="24" VPOS="304" HPOS="522"/>
							<String ID="string_8" HPOS="546" VPOS="304" WIDTH="61" HEIGHT="31" WC="0.93" CONTENT="och"/><SP WIDTH="23" VPOS="304" HPOS="607"/>
							<String ID="string_9" HPOS="630" VPOS="304" WIDTH="352" HEIGHT="43" WC="0.91" CONTENT="förvandlingsskalan"/><SP WIDTH="24" VPOS="304" HPOS="982"/>
							<String ID="string_10" HPOS="1006" VPOS="307" WIDTH="159" HEIGHT="41" WC="0.87" CONTENT="derjemte"/><SP WIDTH="23" VPOS="307" HPOS="1165"/>
							<String ID="string_11" HPOS="1188" VPOS="309" WIDTH="180" HEIGHT="32" WC="0.90" CONTENT="nedsättas."/><SP WIDTH="27" VPOS="309" HPOS="1368"/>
							<String ID="string_12" HPOS="1395" VPOS="310" WIDTH="131" HEIGHT="33" WC="0.1" CONTENT="Sådana"/><SP WIDTH="23" VPOS="310" HPOS="1526"/>
							<String ID="string_13" HPOS="1549" VPOS="313" WIDTH="220" HEIGHT="41" WC="0.93" CONTENT="förbrytelser"/><SP WIDTH="25" VPOS="313" HPOS="1769"/>
							<String ID="string_14" HPOS="1794" VPOS="316" WIDTH="55" HEIGHT="31" WC="0.87" CONTENT="be-"/>
						</TextLine>
						<TextLine ID="line_2" HPOS="218" VPOS="347" WIDTH="1631" HEIGHT="48">
							<String ID="string_15" HPOS="218" VPOS="348" WIDTH="116" HEIGHT="41" WC="0.96" CONTENT="läggas"/><SP WIDTH="24" VPOS="348" HPOS="334"/>
							<String ID="string_16" HPOS="358" VPOS="347" WIDTH="157" HEIGHT="41" WC="0.95" CONTENT="vanligen"/><SP WIDTH="25" VPOS="347" HPOS="515"/>
							<String ID="string_17" HPOS="540" VPOS="347" WIDTH="77" HEIGHT="32" WC="0.95" CONTENT="med"/><SP WIDTH="24" VPOS="347" HPOS="617"/>
							<String ID="string_18" HPOS="641" VPOS="348" WIDTH="94" HEIGHT="31" WC="0.95" CONTENT="böter"/><SP WIDTH="22" VPOS="348" HPOS="735"/>
							<String ID="string_19" HPOS="757" VPOS="348" WIDTH="73" HEIGHT="32" WC="0.95" CONTENT="från"/><SP WIDTH="25" VPOS="348" HPOS="830"/>
							<String ID="string_20" HPOS="855" VPOS="349" WIDTH="61" HEIGHT="32" WC="0.96" CONTENT="och"/><SP WIDTH="23" VPOS="349" HPOS="916"/>
							<String ID="string_21" HPOS="939" VPOS="350" WIDTH="77" HEIGHT="31" WC="0.96" CONTENT="med"/><SP WIDTH="23" VPOS="350" HPOS="1016"/>
							<String ID="string_22" HPOS="1039" VPOS="352" WIDTH="17" HEIGHT="29" WC="0.96" CONTENT="1"/><SP WIDTH="25" VPOS="352" HPOS="1056"/>
							<String ID="string_23" HPOS="1081" VPOS="352" WIDTH="53" HEIGHT="30" WC="0.96" CONTENT="till"/><SP WIDTH="24" VPOS="352" HPOS="1134"/>
							<String ID="string_24" HPOS="1158" VPOS="352" WIDTH="60" HEIGHT="31" WC="0.96" CONTENT="och"/><SP WIDTH="23" VPOS="352" HPOS="1218"/>
							<String ID="string_25" HPOS="1241" VPOS="353" WIDTH="76" HEIGHT="31" WC="0.96" CONTENT="med"/><SP WIDTH="20" VPOS="353" HPOS="1317"/>
							<String ID="string_26" HPOS="1337" VPOS="355" WIDTH="38" HEIGHT="30" WC="0.91" CONTENT="15"/><SP WIDTH="13" VPOS="355" HPOS="1375"/>
							<String ID="string_27" HPOS="1388" VPOS="354" WIDTH="91" HEIGHT="38" WC="0.76" CONTENT="R:dr,"/><SP WIDTH="14" VPOS="354" HPOS="1479"/>
							<String ID="string_28" HPOS="1493" VPOS="366" WIDTH="38" HEIGHT="20" WC="0.96" CONTENT="on"/><SP WIDTH="17" VPOS="366" HPOS="1531"/>
							<String ID="string_29" HPOS="1548" VPOS="356" WIDTH="101" HEIGHT="39" WC="0.40" CONTENT="siffra,"/><SP WIDTH="14" VPOS="356" HPOS="1649"/>
							<String ID="string_30" HPOS="1663" VPOS="368" WIDTH="70" HEIGHT="21" WC="0.96" CONTENT="som"/><SP WIDTH="14" VPOS="368" HPOS="1733"/>
							<String ID="string_31" HPOS="1747" VPOS="360" WIDTH="102" HEIGHT="31" WC="0.96" CONTENT="också"/>
						</TextLine>
						<TextLine ID="line_3" HPOS="218" VPOS="391" WIDTH="1101" HEIGHT="40">
							<String ID="string_32" HPOS="218" VPOS="392" WIDTH="11" HEIGHT="30" WC="0.96" CONTENT="i"/><SP WIDTH="23" VPOS="392" HPOS="229"/>
							<String ID="string_33" HPOS="252" VPOS="394" WIDTH="62" HEIGHT="29" WC="0.95" CONTENT="vår"/><SP WIDTH="22" VPOS="394" HPOS="314"/>
							<String ID="string_34" HPOS="336" VPOS="391" WIDTH="54" HEIGHT="40" WC="0.96" CONTENT="lag"/><SP WIDTH="26" VPOS="391" HPOS="390"/>
							<String ID="string_35" HPOS="416" VPOS="391" WIDTH="201" HEIGHT="31" WC="0.95" CONTENT="bestämmer"/><SP WIDTH="22" VPOS="391" HPOS="617"/>
							<String ID="string_36" HPOS="639" VPOS="396" WIDTH="143" HEIGHT="35" WC="0.95" CONTENT="gränsen"/><SP WIDTH="27" VPOS="396" HPOS="782"/>
							<String ID="string_37" HPOS="809" VPOS="393" WIDTH="143" HEIGHT="31" WC="0.84" CONTENT="emellan"/><SP WIDTH="23" VPOS="393" HPOS="952"/>
							<String ID="string_38" HPOS="975" VPOS="395" WIDTH="140" HEIGHT="30" WC="0.96" CONTENT="snatteri"/><SP WIDTH="24" VPOS="395" HPOS="1115"/>
							<String ID="string_39" HPOS="1139" VPOS="395" WIDTH="61" HEIGHT="31" WC="0.96" CONTENT="och"/><SP WIDTH="24" VPOS="395" HPOS="1200"/>
							<String ID="string_40" HPOS="1224" VPOS="397" WIDTH="95" HEIGHT="31" WC="0.96" CONTENT="stöld."/>
						</TextLine>
					</TextBlock>
					<TextBlock ID="block_2" HPOS="218" VPOS="434" WIDTH="1632" HEIGHT="213">
						<TextLine ID="line_4" HPOS="372" VPOS="434" WIDTH="1476" HEIGHT="47">
							<String ID="string_41" HPOS="372" VPOS="434" WIDTH="66" HEIGHT="40" WC="0.96" CONTENT="Jag"/><SP WIDTH="27" VPOS="434" HPOS="438"/>
							<String ID="string_42" HPOS="465" VPOS="434" WIDTH="61" HEIGHT="31" WC="0.95" CONTENT="har"/><SP WIDTH="24" VPOS="434" HPOS="526"/>
							<String ID="string_43" HPOS="550" VPOS="434" WIDTH="128" HEIGHT="31" WC="0.96" CONTENT="således"/><SP WIDTH="22" VPOS="434" HPOS="678"/>
							<String ID="string_44" HPOS="700" VPOS="435" WIDTH="91" HEIGHT="31" WC="0.95" CONTENT="inom"/><SP WIDTH="24" VPOS="435" HPOS="791"/>
							<String ID="string_45" HPOS="815" VPOS="435" WIDTH="178" HEIGHT="33" WC="0.96" CONTENT="Utskottet"/><SP WIDTH="29" VPOS="435" HPOS="993"/>
							<String ID="string_46" HPOS="1022" VPOS="437" WIDTH="89" HEIGHT="31" WC="0.96" CONTENT="delat"/><SP WIDTH="34" VPOS="437" HPOS="1111"/>
							<String ID="string_47" HPOS="1145" VPOS="438" WIDTH="96" HEIGHT="32" WC="0.92" CONTENT="deras"/><SP WIDTH="35" VPOS="438" HPOS="1241"/>
							<String ID="string_48" HPOS="1276" VPOS="441" WIDTH="94" HEIGHT="40" WC="0.91" CONTENT="åsigt,"/><SP WIDTH="38" VPOS="441" HPOS="1370"/>
							<String ID="string_49" HPOS="1408" VPOS="451" WIDTH="68" HEIGHT="21" WC="0.96" CONTENT="som"/><SP WIDTH="38" VPOS="451" HPOS="1476"/>
							<String ID="string_50" HPOS="1514" VPOS="447" WIDTH="120" HEIGHT="31" WC="0.70" CONTENT="ansett,"/><SP WIDTH="36" VPOS="447" HPOS="1634"/>
							<String ID="string_51" HPOS="1670" VPOS="448" WIDTH="50" HEIGHT="27" WC="0.96" CONTENT="att"/><SP WIDTH="34" VPOS="448" HPOS="1720"/>
							<String ID="string_52" HPOS="1754" VPOS="446" WIDTH="94" HEIGHT="31" WC="0.94" CONTENT="böter"/>
						</TextLine>
						<TextLine ID="line_5" HPOS="219" VPOS="477" WIDTH="1630" HEIGHT="50">
							<String ID="string_53" HPOS="219" VPOS="478" WIDTH="52" HEIGHT="31" WC="0.96" CONTENT="till"/><SP WIDTH="23" VPOS="478" HPOS="271"/>
							<String ID="string_54" HPOS="294" VPOS="477" WIDTH="59" HEIGHT="31" WC="0.96" CONTENT="och"/><SP WIDTH="27" VPOS="477" HPOS="353"/>
							<String ID="string_55" HPOS="380" VPOS="477" WIDTH="76" HEIGHT="31" WC="0.96" CONTENT="med"/><SP WIDTH="23" VPOS="477" HPOS="456"/>
							<String ID="string_56" HPOS="479" VPOS="478" WIDTH="19" HEIGHT="30" WC="0.78" CONTENT="3"/><SP WIDTH="23" VPOS="478" HPOS="498"/>
							<String ID="string_57" HPOS="521" VPOS="477" WIDTH="81" HEIGHT="31" WC="0.91" CONTENT="R:dr"/><SP WIDTH="23" VPOS="477" HPOS="602"/>
							<String ID="string_58" HPOS="625" VPOS="478" WIDTH="80" HEIGHT="31" WC="0.96" CONTENT="böra"/><SP WIDTH="23" VPOS="478" HPOS="705"/>
							<String ID="string_59" HPOS="728" VPOS="483" WIDTH="170" HEIGHT="28" WC="0.96" CONTENT="motsvara"/><SP WIDTH="15" VPOS="483" HPOS="898"/>
							<String ID="string_60" HPOS="913" VPOS="480" WIDTH="20" HEIGHT="31" WC="0.96" CONTENT="3"/><SP WIDTH="17" VPOS="480" HPOS="933"/>
							<String ID="string_61" HPOS="950" VPOS="480" WIDTH="118" HEIGHT="41" WC="0.96" CONTENT="dagars"/><SP WIDTH="23" VPOS="480" HPOS="1068"/>
							<String ID="string_62" HPOS="1091" VPOS="481" WIDTH="161" HEIGHT="42" WC="0.94" CONTENT="fängelse,"/><SP WIDTH="20" VPOS="481" HPOS="1252"/>
							<String ID="string_63" HPOS="1272" VPOS="483" WIDTH="12" HEIGHT="31" WC="0.95" CONTENT="i"/><SP WIDTH="18" VPOS="483" HPOS="1284"/>
							<String ID="string_64" HPOS="1302" VPOS="484" WIDTH="113" HEIGHT="31" WC="0.95" CONTENT="stället"/><SP WIDTH="15" VPOS="484" HPOS="1415"/>
							<String ID="string_65" HPOS="1430" VPOS="485" WIDTH="82" HEIGHT="31" WC="0.96" CONTENT="för"/><SP WIDTH="-16" VPOS="485" HPOS="1512"/>
							<String ID="string_66" HPOS="1496" VPOS="477" WIDTH="20" HEIGHT="50" WC="0.96" CONTENT="3"/><SP WIDTH="10" VPOS="477" HPOS="1516"/>
							<String ID="string_67" HPOS="1526" VPOS="485" WIDTH="117" HEIGHT="42" WC="0.96" CONTENT="dagars"/><SP WIDTH="14" VPOS="485" HPOS="1643"/>
							<String ID="string_68" HPOS="1657" VPOS="493" WIDTH="117" HEIGHT="26" WC="0.95" CONTENT="vatten"/><SP WIDTH="14" VPOS="493" HPOS="1774"/>
							<String ID="string_69" HPOS="1788" VPOS="490" WIDTH="61" HEIGHT="31" WC="0.96" CONTENT="och"/>
						</TextLine>
						<TextLine ID="line_6" HPOS="219" VPOS="521" WIDTH="1629" HEIGHT="49">
							<String ID="string_70" HPOS="219" VPOS="521" WIDTH="81" HEIGHT="31" WC="0.95" CONTENT="bröd"/><SP WIDTH="36" VPOS="521" HPOS="300"/>
							<String ID="string_71" HPOS="336" VPOS="521" WIDTH="83" HEIGHT="30" WC="0.89" CONTENT="eller"/><SP WIDTH="33" VPOS="521" HPOS="419"/>
							<String ID="string_72" HPOS="452" VPOS="521" WIDTH="20" HEIGHT="30" WC="0.95" CONTENT="9"/><SP WIDTH="35" VPOS="521" HPOS="472"/>
							<String ID="string_73" HPOS="507" VPOS="521" WIDTH="118" HEIGHT="41" WC="0.95" CONTENT="dagars"/><SP WIDTH="30" VPOS="521" HPOS="625"/>
							<String ID="string_74" HPOS="655" VPOS="521" WIDTH="160" HEIGHT="41" WC="0.59" CONTENT="fängelse,"/><SP WIDTH="28" VPOS="521" HPOS="815"/>
							<String ID="string_75" HPOS="843" VPOS="523" WIDTH="38" HEIGHT="30" WC="0.93" CONTENT="10"/><SP WIDTH="24" VPOS="523" HPOS="881"/>
							<String ID="string_76" HPOS="905" VPOS="523" WIDTH="80" HEIGHT="31" WC="0.93" CONTENT="R:dr"/><SP WIDTH="23" VPOS="523" HPOS="985"/>
							<String ID="string_77" HPOS="1008" VPOS="525" WIDTH="19" HEIGHT="29" WC="0.96" CONTENT="6"/><SP WIDTH="25" VPOS="525" HPOS="1027"/>
							<String ID="string_78" HPOS="1052" VPOS="524" WIDTH="119" HEIGHT="41" WC="0.96" CONTENT="dagars"/><SP WIDTH="24" VPOS="524" HPOS="1171"/>
							<String ID="string_79" HPOS="1195" VPOS="526" WIDTH="61" HEIGHT="31" WC="0.96" CONTENT="och"/><SP WIDTH="24" VPOS="526" HPOS="1256"/>
							<String ID="string_80" HPOS="1280" VPOS="528" WIDTH="38" HEIGHT="30" WC="0.93" CONTENT="15"/><SP WIDTH="24" VPOS="528" HPOS="1318"/>
							<String ID="string_81" HPOS="1342" VPOS="527" WIDTH="81" HEIGHT="31" WC="0.91" CONTENT="R:dr"/><SP WIDTH="22" VPOS="527" HPOS="1423"/>
							<String ID="string_82" HPOS="1445" VPOS="528" WIDTH="20" HEIGHT="31" WC="0.96" CONTENT="9"/><SP WIDTH="25" VPOS="528" HPOS="1465"/>
							<String ID="string_83" HPOS="1490" VPOS="529" WIDTH="125" HEIGHT="41" WC="0.96" CONTENT="dagars,"/><SP WIDTH="26" VPOS="529" HPOS="1615"/>
							<String ID="string_84" HPOS="1641" VPOS="531" WIDTH="61" HEIGHT="31" WC="0.96" CONTENT="och"/><SP WIDTH="23" VPOS="531" HPOS="1702"/>
							<String ID="string_85" HPOS="1725" VPOS="537" WIDTH="50" HEIGHT="26" WC="0.93" CONTENT="att"/><SP WIDTH="23" VPOS="537" HPOS="1775"/>
							<String ID="string_86" HPOS="1798" VPOS="536" WIDTH="50" HEIGHT="28" WC="0.92" CONTENT="så-"/>
						</TextLine>
						<TextLine ID="line_7" HPOS="219" VPOS="564" WIDTH="1631" HEIGHT="50">
							<String ID="string_87" HPOS="219" VPOS="564" WIDTH="92" HEIGHT="30" WC="0.35" CONTENT="ledes"/><SP WIDTH="33" VPOS="564" HPOS="311"/>
							<String ID="string_88" HPOS="344" VPOS="567" WIDTH="132" HEIGHT="27" WC="0.89" CONTENT="vatten-"/><SP WIDTH="25" VPOS="567" HPOS="476"/>
							<String ID="string_89" HPOS="501" VPOS="564" WIDTH="60" HEIGHT="30" WC="0.92" CONTENT="och"/><SP WIDTH="32" VPOS="564" HPOS="561"/>
							<String ID="string_90" HPOS="593" VPOS="564" WIDTH="213" HEIGHT="31" WC="0.91" CONTENT="brödstraffet"/><SP WIDTH="23" VPOS="564" HPOS="806"/>
							<String ID="string_91" HPOS="829" VPOS="566" WIDTH="109" HEIGHT="31" WC="0.96" CONTENT="skulle"/><SP WIDTH="24" VPOS="566" HPOS="938"/>
							<String ID="string_92" HPOS="962" VPOS="566" WIDTH="137" HEIGHT="32" WC="0.95" CONTENT="alldeles"/><SP WIDTH="24" VPOS="566" HPOS="1099"/>
							<String ID="string_93" HPOS="1123" VPOS="568" WIDTH="173" HEIGHT="32" WC="0.96" CONTENT="försvinna"/><SP WIDTH="22" VPOS="568" HPOS="1296"/>
							<String ID="string_94" HPOS="1318" VPOS="573" WIDTH="108" HEIGHT="28" WC="0.92" CONTENT="såsom"/><SP WIDTH="24" VPOS="573" HPOS="1426"/>
							<String ID="string_95" HPOS="1450" VPOS="571" WIDTH="330" HEIGHT="43" WC="0.62" CONTENT="förvandlingsstratf"/><SP WIDTH="19" VPOS="571" HPOS="1780"/>
							<String ID="string_96" HPOS="1799" VPOS="577" WIDTH="51" HEIGHT="29" WC="0.96" CONTENT="för"/>
						</TextLine>
						<TextLine ID="line_8" HPOS="218" VPOS="607" WIDTH="344" HEIGHT="40">
							<String ID="string_97" HPOS="218" VPOS="607" WIDTH="96" HEIGHT="31" WC="0.93" CONTENT="dessa"/><SP WIDTH="24" VPOS="607" HPOS="314"/>
							<String ID="string_98" HPOS="338" VPOS="607" WIDTH="224" HEIGHT="40" WC="0.50" CONTENT="bötesbolopp."/>
						</TextLine>
					</TextBlock>
					<TextBlock ID="block_3" HPOS="217" VPOS="650" WIDTH="1633" HEIGHT="292">
						<TextLine ID="line_9" HPOS="371" VPOS="650" WIDTH="1477" HEIGHT="53">
							<String ID="string_99" HPOS="371" VPOS="650" WIDTH="84" HEIGHT="30" WC="0.90" CONTENT="Holt"/><SP WIDTH="23" VPOS="650" HPOS="455"/>
							<String ID="string_100" HPOS="478" VPOS="655" WIDTH="101" HEIGHT="26" WC="0.95" CONTENT="annat"/><SP WIDTH="24" VPOS="655" HPOS="579"/>
							<String ID="string_101" HPOS="603" VPOS="656" WIDTH="37" HEIGHT="25" WC="0.96" CONTENT="är"/><SP WIDTH="23" VPOS="656" HPOS="640"/>
							<String ID="string_102" HPOS="663" VPOS="651" WIDTH="223" HEIGHT="32" WC="0.92" CONTENT="förhållandet"/><SP WIDTH="22" VPOS="651" HPOS="886"/>
							<String ID="string_103" HPOS="908" VPOS="652" WIDTH="76" HEIGHT="32" WC="0.96" CONTENT="med"/><SP WIDTH="25" VPOS="652" HPOS="984"/>
							<String ID="string_104" HPOS="1009" VPOS="652" WIDTH="38" HEIGHT="32" WC="0.96" CONTENT="de"/><SP WIDTH="25" VPOS="652" HPOS="1047"/>
							<String ID="string_105" HPOS="1072" VPOS="654" WIDTH="98" HEIGHT="36" WC="0.96" CONTENT="brott,"/><SP WIDTH="26" VPOS="654" HPOS="1170"/>
							<String ID="string_106" HPOS="1196" VPOS="665" WIDTH="70" HEIGHT="21" WC="0.96" CONTENT="som"/><SP WIDTH="24" VPOS="665" HPOS="1266"/>
							<String ID="string_107" HPOS="1290" VPOS="656" WIDTH="156" HEIGHT="41" WC="0.96" CONTENT="beläggas"/><SP WIDTH="23" VPOS="656" HPOS="1446"/>
							<String ID="string_108" HPOS="1469" VPOS="658" WIDTH="77" HEIGHT="31" WC="0.90" CONTENT="med"/><SP WIDTH="24" VPOS="658" HPOS="1546"/>
							<String ID="string_109" HPOS="1570" VPOS="659" WIDTH="94" HEIGHT="31" WC="0.96" CONTENT="böter"/><SP WIDTH="17" VPOS="659" HPOS="1664"/>
							<String ID="string_110" HPOS="1681" VPOS="661" WIDTH="49" HEIGHT="30" WC="0.95" CONTENT="till"/><SP WIDTH="15" VPOS="661" HPOS="1730"/>
							<String ID="string_111" HPOS="1745" VPOS="661" WIDTH="103" HEIGHT="42" WC="0.92" CONTENT="högre"/>
						</TextLine>
						<TextLine ID="line_10" HPOS="219" VPOS="693" WIDTH="1629" HEIGHT="53">
							<String ID="string_112" HPOS="219" VPOS="694" WIDTH="121" HEIGHT="39" WC="0.84" CONTENT="belopp"/><SP WIDTH="35" VPOS="694" HPOS="340"/>
							<String ID="string_113" HPOS="375" VPOS="693" WIDTH="61" HEIGHT="31" WC="0.96" CONTENT="och"/><SP WIDTH="35" VPOS="693" HPOS="436"/>
							<String ID="string_114" HPOS="471" VPOS="704" WIDTH="71" HEIGHT="20" WC="0.96" CONTENT="som"/><SP WIDTH="34" VPOS="704" HPOS="542"/>
							<String ID="string_115" HPOS="576" VPOS="694" WIDTH="69" HEIGHT="30" WC="0.92" CONTENT="ofta"/><SP WIDTH="33" VPOS="694" HPOS="645"/>
							<String ID="string_116" HPOS="678" VPOS="695" WIDTH="204" HEIGHT="41" WC="0.89" CONTENT="ådagalägga"/><SP WIDTH="27" VPOS="695" HPOS="882"/>
							<String ID="string_117" HPOS="909" VPOS="706" WIDTH="41" HEIGHT="20" WC="0.90" CONTENT="en"/><SP WIDTH="35" VPOS="706" HPOS="950"/>
							<String ID="string_118" HPOS="985" VPOS="696" WIDTH="74" HEIGHT="31" WC="0.93" CONTENT="icke"/><SP WIDTH="25" VPOS="696" HPOS="1059"/>
							<String ID="string_119" HPOS="1084" VPOS="700" WIDTH="36" HEIGHT="28" WC="0.96" CONTENT="så"/><SP WIDTH="23" VPOS="700" HPOS="1120"/>
							<String ID="string_120" HPOS="1143" VPOS="698" WIDTH="136" HEIGHT="32" WC="0.94" CONTENT="alldeles"/><SP WIDTH="23" VPOS="698" HPOS="1279"/>
							<String ID="string_121" HPOS="1302" VPOS="700" WIDTH="95" HEIGHT="40" WC="0.95" CONTENT="ringa"/><SP WIDTH="23" VPOS="700" HPOS="1397"/>
							<String ID="string_122" HPOS="1420" VPOS="701" WIDTH="82" HEIGHT="40" WC="0.82" CONTENT="grad"/><SP WIDTH="24" VPOS="701" HPOS="1502"/>
							<String ID="string_123" HPOS="1526" VPOS="702" WIDTH="36" HEIGHT="30" WC="0.95" CONTENT="af"/><SP WIDTH="19" VPOS="702" HPOS="1562"/>
							<String ID="string_124" HPOS="1581" VPOS="703" WIDTH="156" HEIGHT="42" WC="0.94" CONTENT="brottslig"/><SP WIDTH="22" VPOS="703" HPOS="1737"/>
							<String ID="string_125" HPOS="1759" VPOS="706" WIDTH="89" HEIGHT="40" WC="0.95" CONTENT="vilja."/>
						</TextLine>
						<TextLine ID="line_11" HPOS="218" VPOS="736" WIDTH="1629" HEIGHT="51">
							<String ID="string_126" HPOS="218" VPOS="737" WIDTH="46" HEIGHT="30" WC="0.96" CONTENT="Vi"/><SP WIDTH="34" VPOS="737" HPOS="264"/>
							<String ID="string_127" HPOS="298" VPOS="737" WIDTH="79" HEIGHT="31" WC="0.96" CONTENT="böra"/><SP WIDTH="32" VPOS="737" HPOS="377"/>
							<String ID="string_128" HPOS="409" VPOS="736" WIDTH="75" HEIGHT="31" WC="0.93" CONTENT="icke"/><SP WIDTH="32" VPOS="736" HPOS="484"/>
							<String ID="string_129" HPOS="516" VPOS="737" WIDTH="140" HEIGHT="40" WC="0.92" CONTENT="förgäta,"/><SP WIDTH="37" VPOS="737" HPOS="656"/>
							<String ID="string_130" HPOS="693" VPOS="742" WIDTH="49" HEIGHT="26" WC="0.95" CONTENT="att"/><SP WIDTH="23" VPOS="742" HPOS="742"/>
							<String ID="string_131" HPOS="765" VPOS="738" WIDTH="75" HEIGHT="30" WC="0.96" CONTENT="med"/><SP WIDTH="24" VPOS="738" HPOS="840"/>
							<String ID="string_132" HPOS="864" VPOS="739" WIDTH="95" HEIGHT="31" WC="0.96" CONTENT="böter"/><SP WIDTH="23" VPOS="739" HPOS="959"/>
							<String ID="string_133" HPOS="982" VPOS="739" WIDTH="173" HEIGHT="32" WC="0.87" CONTENT="bestraffas"/><SP WIDTH="25" VPOS="739" HPOS="1155"/>
							<String ID="string_134" HPOS="1180" VPOS="741" WIDTH="104" HEIGHT="41" WC="0.96" CONTENT="enligt"/><SP WIDTH="22" VPOS="741" HPOS="1284"/>
							<String ID="string_135" HPOS="1306" VPOS="742" WIDTH="54" HEIGHT="41" WC="0.93" CONTENT="lag"/><SP WIDTH="22" VPOS="742" HPOS="1360"/>
							<String ID="string_136" HPOS="1382" VPOS="747" WIDTH="22" HEIGHT="26" WC="0.92" CONTENT="t."/><SP WIDTH="26" VPOS="747" HPOS="1404"/>
							<String ID="string_137" HPOS="1430" VPOS="754" WIDTH="52" HEIGHT="20" WC="0.96" CONTENT="ex."/><SP WIDTH="25" VPOS="754" HPOS="1482"/>
							<String ID="string_138" HPOS="1507" VPOS="744" WIDTH="135" HEIGHT="32" WC="0.96" CONTENT="hädelse"/><SP WIDTH="24" VPOS="744" HPOS="1642"/>
							<String ID="string_139" HPOS="1666" VPOS="752" WIDTH="70" HEIGHT="26" WC="0.96" CONTENT="mot"/><SP WIDTH="24" VPOS="752" HPOS="1736"/>
							<String ID="string_140" HPOS="1760" VPOS="748" WIDTH="87" HEIGHT="39" WC="0.96" CONTENT="Gud,"/>
						</TextLine>
						<TextLine ID="line_12" HPOS="219" VPOS="779" WIDTH="1629" HEIGHT="44">
							<String ID="string_141" HPOS="219" VPOS="779" WIDTH="137" HEIGHT="41" WC="0.88" CONTENT="gäckeri"/><SP WIDTH="24" VPOS="779" HPOS="356"/>
							<String ID="string_142" HPOS="380" VPOS="780" WIDTH="36" HEIGHT="29" WC="0.92" CONTENT="af"/><SP WIDTH="20" VPOS="780" HPOS="416"/>
							<String ID="string_143" HPOS="436" VPOS="779" WIDTH="243" HEIGHT="41" WC="0.85" CONTENT="gudstjensten,"/><SP WIDTH="25" VPOS="779" HPOS="679"/>
							<String ID="string_144" HPOS="704" VPOS="781" WIDTH="90" HEIGHT="31" WC="0.96" CONTENT="brott"/><SP WIDTH="24" VPOS="781" HPOS="794"/>
							<String ID="string_145" HPOS="818" VPOS="792" WIDTH="71" HEIGHT="20" WC="0.96" CONTENT="som"/><SP WIDTH="23" VPOS="792" HPOS="889"/>
							<String ID="string_146" HPOS="912" VPOS="788" WIDTH="76" HEIGHT="25" WC="0.93" CONTENT="röra"/><SP WIDTH="23" VPOS="788" HPOS="988"/>
							<String ID="string_147" HPOS="1011" VPOS="783" WIDTH="217" HEIGHT="40" WC="0.88" CONTENT="sedligheten,"/><SP WIDTH="25" VPOS="783" HPOS="1228"/>
							<String ID="string_148" HPOS="1253" VPOS="786" WIDTH="77" HEIGHT="30" WC="0.95" CONTENT="våld"/><SP WIDTH="25" VPOS="786" HPOS="1330"/>
							<String ID="string_149" HPOS="1355" VPOS="786" WIDTH="81" HEIGHT="31" WC="0.93" CONTENT="eller"/><SP WIDTH="24" VPOS="786" HPOS="1436"/>
							<String ID="string_150" HPOS="1460" VPOS="787" WIDTH="127" HEIGHT="32" WC="0.90" CONTENT="hotelse"/><SP WIDTH="24" VPOS="787" HPOS="1587"/>
							<String ID="string_151" HPOS="1611" VPOS="795" WIDTH="71" HEIGHT="25" WC="0.93" CONTENT="mot"/><SP WIDTH="23" VPOS="795" HPOS="1682"/>
							<String ID="string_152" HPOS="1705" VPOS="791" WIDTH="143" HEIGHT="32" WC="0.36" CONTENT="ecmbets-"/>
						</TextLine>
						<TextLine ID="line_13" HPOS="219" VPOS="823" WIDTH="1627" HEIGHT="50">
							<String ID="string_153" HPOS="219" VPOS="823" WIDTH="62" HEIGHT="31" WC="0.89" CONTENT="och"/><SP WIDTH="35" VPOS="823" HPOS="281"/>
							<String ID="string_154" HPOS="316" VPOS="823" WIDTH="209" HEIGHT="40" WC="0.85" CONTENT="tjenstemän,"/><SP WIDTH="36" VPOS="823" HPOS="525"/>
							<String ID="string_155" HPOS="561" VPOS="823" WIDTH="168" HEIGHT="31" WC="0.96" CONTENT="våldsamt"/><SP WIDTH="33" VPOS="823" HPOS="729"/>
							<String ID="string_156" HPOS="762" VPOS="825" WIDTH="168" HEIGHT="31" WC="0.43" CONTENT="motstånd"/><SP WIDTH="36" VPOS="825" HPOS="930"/>
							<String ID="string_157" HPOS="966" VPOS="825" WIDTH="56" HEIGHT="32" WC="0.96" CONTENT="vid"/><SP WIDTH="35" VPOS="825" HPOS="1022"/>
							<String ID="string_158" HPOS="1057" VPOS="827" WIDTH="150" HEIGHT="40" WC="0.95" CONTENT="offentlig"/><SP WIDTH="22" VPOS="827" HPOS="1207"/>
							<String ID="string_159" HPOS="1229" VPOS="828" WIDTH="212" HEIGHT="43" WC="0.95" CONTENT="förrättning,"/><SP WIDTH="26" VPOS="828" HPOS="1441"/>
							<String ID="string_160" HPOS="1467" VPOS="831" WIDTH="90" HEIGHT="30" WC="0.96" CONTENT="brott"/><SP WIDTH="23" VPOS="831" HPOS="1557"/>
							<String ID="string_161" HPOS="1580" VPOS="837" WIDTH="90" HEIGHT="26" WC="0.93" CONTENT="emot"/><SP WIDTH="22" VPOS="837" HPOS="1670"/>
							<String ID="string_162" HPOS="1692" VPOS="833" WIDTH="154" HEIGHT="40" WC="0.83" CONTENT="hemfrid,"/>
						</TextLine>
						<TextLine ID="line_14" HPOS="218" VPOS="866" WIDTH="1632" HEIGHT="44">
							<String ID="string_163" HPOS="218" VPOS="866" WIDTH="186" HEIGHT="40" WC="0.93" CONTENT="bedrägeri,"/><SP WIDTH="34" VPOS="866" HPOS="404"/>
							<String ID="string_164" HPOS="438" VPOS="866" WIDTH="163" HEIGHT="31" WC="0.91" CONTENT="itereradt"/><SP WIDTH="28" VPOS="866" HPOS="601"/>
							<String ID="string_165" HPOS="629" VPOS="866" WIDTH="202" HEIGHT="42" WC="0.85" CONTENT="lönkrögeri,"/><SP WIDTH="31" VPOS="866" HPOS="831"/>
							<String ID="string_166" HPOS="862" VPOS="879" WIDTH="41" HEIGHT="19" WC="0.91" CONTENT="en"/><SP WIDTH="28" VPOS="879" HPOS="903"/>
							<String ID="string_167" HPOS="931" VPOS="868" WIDTH="194" HEIGHT="42" WC="0.91" CONTENT="landsplåga"/><SP WIDTH="28" VPOS="868" HPOS="1125"/>
							<String ID="string_168" HPOS="1153" VPOS="877" WIDTH="71" HEIGHT="25" WC="0.93" CONTENT="mot"/><SP WIDTH="23" VPOS="877" HPOS="1224"/>
							<String ID="string_169" HPOS="1247" VPOS="871" WIDTH="132" HEIGHT="32" WC="0.89" CONTENT="bvilket"/><SP WIDTH="23" VPOS="871" HPOS="1379"/>
							<String ID="string_170" HPOS="1402" VPOS="874" WIDTH="177" HEIGHT="31" WC="0.89" CONTENT="sumhället"/><SP WIDTH="22" VPOS="874" HPOS="1579"/>
							<String ID="string_171" HPOS="1601" VPOS="875" WIDTH="60" HEIGHT="31" WC="0.90" CONTENT="har"/><SP WIDTH="23" VPOS="875" HPOS="1661"/>
							<String ID="string_172" HPOS="1684" VPOS="880" WIDTH="94" HEIGHT="28" WC="0.96" CONTENT="svårt"/><SP WIDTH="23" VPOS="880" HPOS="1778"/>
							<String ID="string_173" HPOS="1801" VPOS="884" WIDTH="49" HEIGHT="25" WC="0.96" CONTENT="att"/>
						</TextLine>
						<TextLine ID="line_15" HPOS="217" VPOS="908" WIDTH="312" HEIGHT="34">
							<String ID="string_174" HPOS="217" VPOS="915" WIDTH="107" HEIGHT="25" WC="0.96" CONTENT="värna"/><SP WIDTH="23" VPOS="915" HPOS="324"/>
							<String ID="string_175" HPOS="347" VPOS="908" WIDTH="51" HEIGHT="34" WC="0.45" CONTENT="sic"/><SP WIDTH="22" VPOS="908" HPOS="398"/>
							<String ID="string_176" HPOS="420" VPOS="920" WIDTH="43" HEIGHT="19" WC="0.87" CONTENT="m."/><SP WIDTH="24" VPOS="920" HPOS="463"/>
							<String ID="string_177" HPOS="487" VPOS="919" WIDTH="42" HEIGHT="20" WC="0.89" CONTENT="m."/>
						</TextLine>
					</TextBlock>
					<TextBlock ID="block_4" HPOS="214" VPOS="951" WIDTH="1635" HEIGHT="600">
						<TextLine ID="line_16" HPOS="372" VPOS="951" WIDTH="1477" HEIGHT="52">
							<String ID="string_178" HPOS="372" VPOS="951" WIDTH="65" HEIGHT="32" WC="0.86" CONTENT="Om"/><SP WIDTH="24" VPOS="951" HPOS="437"/>
							<String ID="string_179" HPOS="461" VPOS="954" WIDTH="19" HEIGHT="29" WC="0.79" CONTENT="å"/><SP WIDTH="23" VPOS="954" HPOS="480"/>
							<String ID="string_180" HPOS="503" VPOS="962" WIDTH="62" HEIGHT="21" WC="0.69" CONTENT="ena"/><SP WIDTH="24" VPOS="962" HPOS="565"/>
							<String ID="string_181" HPOS="589" VPOS="952" WIDTH="95" HEIGHT="31" WC="0.96" CONTENT="sidan"/><SP WIDTH="24" VPOS="952" HPOS="684"/>
							<String ID="string_182" HPOS="708" VPOS="952" WIDTH="57" HEIGHT="31" WC="0.96" CONTENT="det"/><SP WIDTH="21" VPOS="952" HPOS="765"/>
							<String ID="string_183" HPOS="786" VPOS="953" WIDTH="76" HEIGHT="31" WC="0.95" CONTENT="icke"/><SP WIDTH="24" VPOS="953" HPOS="862"/>
							<String ID="string_184" HPOS="886" VPOS="953" WIDTH="68" HEIGHT="31" WC="0.96" CONTENT="kan"/><SP WIDTH="25" VPOS="953" HPOS="954"/>
							<String ID="string_185" HPOS="979" VPOS="954" WIDTH="172" HEIGHT="39" WC="0.95" CONTENT="bestridas,"/><SP WIDTH="26" VPOS="954" HPOS="1151"/>
							<String ID="string_186" HPOS="1177" VPOS="961" WIDTH="49" HEIGHT="26" WC="0.96" CONTENT="att"/><SP WIDTH="23" VPOS="961" HPOS="1226"/>
							<String ID="string_187" HPOS="1249" VPOS="960" WIDTH="102" HEIGHT="38" WC="0.78" CONTENT="några"/><SP WIDTH="25" VPOS="960" HPOS="1351"/>
							<String ID="string_188" HPOS="1376" VPOS="958" WIDTH="98" HEIGHT="32" WC="0.96" CONTENT="bland"/><SP WIDTH="25" VPOS="958" HPOS="1474"/>
							<String ID="string_189" HPOS="1499" VPOS="959" WIDTH="95" HEIGHT="32" WC="0.96" CONTENT="dessa"/><SP WIDTH="23" VPOS="959" HPOS="1594"/>
							<String ID="string_190" HPOS="1617" VPOS="961" WIDTH="232" HEIGHT="42" WC="0.95" CONTENT="förbrytelser,"/>
						</TextLine>
						<TextLine ID="line_17" HPOS="217" VPOS="995" WIDTH="1631" HEIGHT="50">
							<String ID="string_191" HPOS="217" VPOS="995" WIDTH="84" HEIGHT="31" WC="0.95" CONTENT="eller"/><SP WIDTH="33" VPOS="995" HPOS="301"/>
							<String ID="string_192" HPOS="334" VPOS="999" WIDTH="127" HEIGHT="27" WC="0.95" CONTENT="rättare"/><SP WIDTH="35" VPOS="999" HPOS="461"/>
							<String ID="string_193" HPOS="496" VPOS="995" WIDTH="101" HEIGHT="37" WC="0.95" CONTENT="brott,"/><SP WIDTH="36" VPOS="995" HPOS="597"/>
							<String ID="string_194" HPOS="633" VPOS="996" WIDTH="116" HEIGHT="31" WC="0.95" CONTENT="kunna"/><SP WIDTH="28" VPOS="996" HPOS="749"/>
							<String ID="string_195" HPOS="777" VPOS="996" WIDTH="101" HEIGHT="31" WC="0.95" CONTENT="hafva"/><SP WIDTH="24" VPOS="996" HPOS="878"/>
							<String ID="string_196" HPOS="902" VPOS="997" WIDTH="51" HEIGHT="31" WC="0.96" CONTENT="sin"/><SP WIDTH="23" VPOS="997" HPOS="953"/>
							<String ID="string_197" HPOS="976" VPOS="998" WIDTH="109" HEIGHT="40" WC="0.95" CONTENT="grund"/><SP WIDTH="22" VPOS="998" HPOS="1085"/>
							<String ID="string_198" HPOS="1107" VPOS="999" WIDTH="11" HEIGHT="30" WC="0.95" CONTENT="i"/><SP WIDTH="24" VPOS="999" HPOS="1118"/>
							<String ID="string_199" HPOS="1142" VPOS="1004" WIDTH="48" HEIGHT="26" WC="0.91" CONTENT="ett"/><SP WIDTH="23" VPOS="1004" HPOS="1190"/>
							<String ID="string_200" HPOS="1213" VPOS="1001" WIDTH="168" HEIGHT="37" WC="0.88" CONTENT="lättsinne,"/><SP WIDTH="27" VPOS="1001" HPOS="1381"/>
							<String ID="string_201" HPOS="1408" VPOS="1013" WIDTH="70" HEIGHT="20" WC="0.96" CONTENT="som"/><SP WIDTH="23" VPOS="1013" HPOS="1478"/>
							<String ID="string_202" HPOS="1501" VPOS="1003" WIDTH="67" HEIGHT="31" WC="0.96" CONTENT="kan"/><SP WIDTH="24" VPOS="1003" HPOS="1568"/>
							<String ID="string_203" HPOS="1592" VPOS="1004" WIDTH="142" HEIGHT="41" WC="0.90" CONTENT="förtjeua"/><SP WIDTH="23" VPOS="1004" HPOS="1734"/>
							<String ID="string_204" HPOS="1757" VPOS="1008" WIDTH="91" HEIGHT="30" WC="0.84" CONTENT="med-"/>
						</TextLine>
						<TextLine ID="line_18" HPOS="218" VPOS="1037" WIDTH="1630" HEIGHT="50">
							<String ID="string_205" HPOS="218" VPOS="1037" WIDTH="147" HEIGHT="37" WC="0.94" CONTENT="lidande,"/><SP WIDTH="37" VPOS="1037" HPOS="365"/>
							<String ID="string_206" HPOS="402" VPOS="1041" WIDTH="36" HEIGHT="28" WC="0.96" CONTENT="så"/><SP WIDTH="33" VPOS="1041" HPOS="438"/>
							<String ID="string_207" HPOS="471" VPOS="1041" WIDTH="105" HEIGHT="28" WC="0.88" CONTENT="måste"/><SP WIDTH="39" VPOS="1041" HPOS="576"/>
							<String ID="string_208" HPOS="615" VPOS="1041" WIDTH="19" HEIGHT="29" WC="0.82" CONTENT="å"/><SP WIDTH="32" VPOS="1041" HPOS="634"/>
							<String ID="string_209" HPOS="666" VPOS="1038" WIDTH="64" HEIGHT="32" WC="0.96" CONTENT="den"/><SP WIDTH="34" VPOS="1038" HPOS="730"/>
							<String ID="string_210" HPOS="764" VPOS="1039" WIDTH="103" HEIGHT="31" WC="0.96" CONTENT="andra"/><SP WIDTH="35" VPOS="1039" HPOS="867"/>
							<String ID="string_211" HPOS="902" VPOS="1040" WIDTH="56" HEIGHT="31" WC="0.93" CONTENT="det"/><SP WIDTH="22" VPOS="1040" HPOS="958"/>
							<String ID="string_212" HPOS="980" VPOS="1041" WIDTH="195" HEIGHT="40" WC="0.91" CONTENT="medgifvas,"/><SP WIDTH="26" VPOS="1041" HPOS="1175"/>
							<String ID="string_213" HPOS="1201" VPOS="1049" WIDTH="49" HEIGHT="25" WC="0.93" CONTENT="att"/><SP WIDTH="22" VPOS="1049" HPOS="1250"/>
							<String ID="string_214" HPOS="1272" VPOS="1044" WIDTH="208" HEIGHT="40" WC="0.87" CONTENT="Ingstiftaren"/><SP WIDTH="24" VPOS="1044" HPOS="1480"/>
							<String ID="string_215" HPOS="1504" VPOS="1046" WIDTH="51" HEIGHT="31" WC="0.96" CONTENT="för"/><SP WIDTH="25" VPOS="1046" HPOS="1555"/>
							<String ID="string_216" HPOS="1580" VPOS="1047" WIDTH="73" HEIGHT="31" WC="0.95" CONTENT="dem"/><SP WIDTH="24" VPOS="1047" HPOS="1653"/>
							<String ID="string_217" HPOS="1677" VPOS="1048" WIDTH="77" HEIGHT="39" WC="0.93" CONTENT="kan,"/><SP WIDTH="25" VPOS="1048" HPOS="1754"/>
							<String ID="string_218" HPOS="1779" VPOS="1054" WIDTH="69" HEIGHT="28" WC="0.91" CONTENT="må-"/>
						</TextLine>
						<TextLine ID="line_19" HPOS="214" VPOS="1081" WIDTH="1633" HEIGHT="47">
							<String ID="string_219" HPOS="214" VPOS="1081" WIDTH="111" HEIGHT="31" WC="0.96" CONTENT="hända"/><SP WIDTH="23" VPOS="1081" HPOS="325"/>
							<String ID="string_220" HPOS="348" VPOS="1081" WIDTH="67" HEIGHT="36" WC="0.96" CONTENT="bör,"/><SP WIDTH="26" VPOS="1081" HPOS="415"/>
							<String ID="string_221" HPOS="441" VPOS="1081" WIDTH="186" HEIGHT="31" WC="0.96" CONTENT="bestämma"/><SP WIDTH="24" VPOS="1081" HPOS="627"/>
							<String ID="string_222" HPOS="651" VPOS="1086" WIDTH="48" HEIGHT="27" WC="0.96" CONTENT="ett"/><SP WIDTH="23" VPOS="1086" HPOS="699"/>
							<String ID="string_223" HPOS="722" VPOS="1086" WIDTH="172" HEIGHT="35" WC="0.93" CONTENT="strängare"/><SP WIDTH="24" VPOS="1086" HPOS="894"/>
							<String ID="string_224" HPOS="918" VPOS="1083" WIDTH="337" HEIGHT="42" WC="0.91" CONTENT="förvandlingsstraff,"/><SP WIDTH="27" VPOS="1083" HPOS="1255"/>
							<String ID="string_225" HPOS="1282" VPOS="1092" WIDTH="42" HEIGHT="25" WC="0.96" CONTENT="än"/><SP WIDTH="24" VPOS="1092" HPOS="1324"/>
							<String ID="string_226" HPOS="1348" VPOS="1088" WIDTH="50" HEIGHT="30" WC="0.93" CONTENT="för"/><SP WIDTH="17" VPOS="1088" HPOS="1398"/>
							<String ID="string_227" HPOS="1415" VPOS="1089" WIDTH="246" HEIGHT="32" WC="0.86" CONTENT="ofvannämnda"/><SP WIDTH="14" VPOS="1089" HPOS="1661"/>
							<String ID="string_228" HPOS="1675" VPOS="1092" WIDTH="94" HEIGHT="36" WC="0.86" CONTENT="rinen"/><SP WIDTH="13" VPOS="1092" HPOS="1769"/>
							<String ID="string_229" HPOS="1782" VPOS="1093" WIDTH="65" HEIGHT="31" WC="0.89" CONTENT="för-"/>
						</TextLine>
						<TextLine ID="line_20" HPOS="217" VPOS="1124" WIDTH="1629" HEIGHT="52">
							<String ID="string_230" HPOS="217" VPOS="1124" WIDTH="135" HEIGHT="31" WC="0.78" CONTENT="seelser."/><SP WIDTH="45" VPOS="1124" HPOS="352"/>
							<String ID="string_231" HPOS="397" VPOS="1124" WIDTH="104" HEIGHT="31" WC="0.95" CONTENT="Detta"/><SP WIDTH="23" VPOS="1124" HPOS="501"/>
							<String ID="string_232" HPOS="524" VPOS="1124" WIDTH="65" HEIGHT="32" WC="0.96" CONTENT="blir"/><SP WIDTH="22" VPOS="1124" HPOS="589"/>
							<String ID="string_233" HPOS="611" VPOS="1125" WIDTH="76" HEIGHT="31" WC="0.96" CONTENT="icke"/><SP WIDTH="24" VPOS="1125" HPOS="687"/>
							<String ID="string_234" HPOS="711" VPOS="1125" WIDTH="94" HEIGHT="31" WC="0.95" CONTENT="fallet"/><SP WIDTH="24" VPOS="1125" HPOS="805"/>
							<String ID="string_235" HPOS="829" VPOS="1136" WIDTH="62" HEIGHT="27" WC="0.96" CONTENT="om,"/><SP WIDTH="25" VPOS="1136" HPOS="891"/>
							<String ID="string_236" HPOS="916" VPOS="1129" WIDTH="42" HEIGHT="37" WC="0.96" CONTENT="på"/><SP WIDTH="24" VPOS="1129" HPOS="958"/>
							<String ID="string_237" HPOS="982" VPOS="1133" WIDTH="67" HEIGHT="25" WC="0.96" CONTENT="sätt"/><SP WIDTH="23" VPOS="1133" HPOS="1049"/>
							<String ID="string_238" HPOS="1072" VPOS="1128" WIDTH="176" HEIGHT="33" WC="0.94" CONTENT="Utskottet"/><SP WIDTH="22" VPOS="1128" HPOS="1248"/>
							<String ID="string_239" HPOS="1270" VPOS="1131" WIDTH="181" HEIGHT="40" WC="0.9" CONTENT="föreslagit,"/><SP WIDTH="26" VPOS="1131" HPOS="1451"/>
							<String ID="string_240" HPOS="1477" VPOS="1133" WIDTH="50" HEIGHT="30" WC="0.96" CONTENT="för"/><SP WIDTH="14" VPOS="1133" HPOS="1527"/>
							<String ID="string_241" HPOS="1541" VPOS="1133" WIDTH="74" HEIGHT="31" WC="0.96" CONTENT="dem"/><SP WIDTH="14" VPOS="1133" HPOS="1615"/>
							<String ID="string_242" HPOS="1629" VPOS="1135" WIDTH="133" HEIGHT="41" WC="0.93" CONTENT="stadgas"/><SP WIDTH="16" VPOS="1135" HPOS="1762"/>
							<String ID="string_243" HPOS="1778" VPOS="1137" WIDTH="68" HEIGHT="31" WC="0.90" CONTENT="vul-"/>
						</TextLine>
						<TextLine ID="line_21" HPOS="218" VPOS="1167" WIDTH="1630" HEIGHT="46">
							<String ID="string_244" HPOS="218" VPOS="1167" WIDTH="104" HEIGHT="31" WC="0.95" CONTENT="frihet"/><SP WIDTH="33" VPOS="1167" HPOS="322"/>
							<String ID="string_245" HPOS="355" VPOS="1167" WIDTH="145" HEIGHT="31" WC="0.95" CONTENT="emellan"/><SP WIDTH="35" VPOS="1167" HPOS="500"/>
							<String ID="string_246" HPOS="535" VPOS="1167" WIDTH="117" HEIGHT="31" WC="0.62" CONTENT="enkelt"/><SP WIDTH="32" VPOS="1167" HPOS="652"/>
							<String ID="string_247" HPOS="684" VPOS="1169" WIDTH="159" HEIGHT="40" WC="0.96" CONTENT="fängelse,"/><SP WIDTH="38" VPOS="1169" HPOS="843"/>
							<String ID="string_248" HPOS="881" VPOS="1170" WIDTH="60" HEIGHT="30" WC="0.96" CONTENT="och"/><SP WIDTH="36" VPOS="1170" HPOS="941"/>
							<String ID="string_249" HPOS="977" VPOS="1169" WIDTH="90" HEIGHT="32" WC="0.93" CONTENT="detta"/><SP WIDTH="31" VPOS="1169" HPOS="1067"/>
							<String ID="string_250" HPOS="1098" VPOS="1172" WIDTH="187" HEIGHT="41" WC="0.89" CONTENT="betydligen"/><SP WIDTH="27" VPOS="1172" HPOS="1285"/>
							<String ID="string_251" HPOS="1312" VPOS="1174" WIDTH="205" HEIGHT="38" WC="0.48" CONTENT="reduccradt,"/><SP WIDTH="26" VPOS="1174" HPOS="1517"/>
							<String ID="string_252" HPOS="1543" VPOS="1177" WIDTH="82" HEIGHT="30" WC="0.95" CONTENT="eller"/><SP WIDTH="22" VPOS="1177" HPOS="1625"/>
							<String ID="string_253" HPOS="1647" VPOS="1183" WIDTH="117" HEIGHT="26" WC="0.95" CONTENT="vatten"/><SP WIDTH="24" VPOS="1183" HPOS="1764"/>
							<String ID="string_254" HPOS="1788" VPOS="1181" WIDTH="60" HEIGHT="30" WC="0.96" CONTENT="och"/>
						</TextLine>
						<TextLine ID="line_22" HPOS="219" VPOS="1209" WIDTH="1629" HEIGHT="50">
							<String ID="string_255" HPOS="219" VPOS="1210" WIDTH="91" HEIGHT="32" WC="0.93" CONTENT="bröd."/><SP WIDTH="46" VPOS="1210" HPOS="310"/>
							<String ID="string_256" HPOS="356" VPOS="1209" WIDTH="76" HEIGHT="32" WC="0.76" CONTENT="Den"/><SP WIDTH="30" VPOS="1209" HPOS="432"/>
							<String ID="string_257" HPOS="462" VPOS="1210" WIDTH="137" HEIGHT="40" WC="0.91" CONTENT="djerfve,"/><SP WIDTH="25" VPOS="1210" HPOS="599"/>
							<String ID="string_258" HPOS="624" VPOS="1211" WIDTH="69" HEIGHT="31" WC="0.96" CONTENT="ofta"/><SP WIDTH="22" VPOS="1211" HPOS="693"/>
							<String ID="string_259" HPOS="715" VPOS="1212" WIDTH="274" HEIGHT="31" WC="0.93" CONTENT="återkommande"/><SP WIDTH="25" VPOS="1212" HPOS="989"/>
							<String ID="string_260" HPOS="1014" VPOS="1214" WIDTH="226" HEIGHT="41" WC="0.77" CONTENT="lagbrytaron,"/><SP WIDTH="25" VPOS="1214" HPOS="1240"/>
							<String ID="string_261" HPOS="1265" VPOS="1217" WIDTH="50" HEIGHT="30" WC="0.96" CONTENT="för"/><SP WIDTH="23" VPOS="1217" HPOS="1315"/>
							<String ID="string_262" HPOS="1338" VPOS="1217" WIDTH="140" HEIGHT="32" WC="0.67" CONTENT="hvilken"/><SP WIDTH="23" VPOS="1217" HPOS="1478"/>
							<String ID="string_263" HPOS="1501" VPOS="1219" WIDTH="249" HEIGHT="40" WC="0.58" CONTENT="fängelsclifvet"/><SP WIDTH="23" VPOS="1219" HPOS="1750"/>
							<String ID="string_264" HPOS="1773" VPOS="1223" WIDTH="75" HEIGHT="31" WC="0.83" CONTENT="blit-"/>
						</TextLine>
						<TextLine ID="line_23" HPOS="216" VPOS="1253" WIDTH="1631" HEIGHT="49">
							<String ID="string_265" HPOS="216" VPOS="1254" WIDTH="51" HEIGHT="30" WC="0.96" CONTENT="vit"/><SP WIDTH="23" VPOS="1254" HPOS="267"/>
							<String ID="string_266" HPOS="290" VPOS="1264" WIDTH="42" HEIGHT="20" WC="0.96" CONTENT="en"/><SP WIDTH="24" VPOS="1264" HPOS="332"/>
							<String ID="string_267" HPOS="356" VPOS="1264" WIDTH="86" HEIGHT="20" WC="0.96" CONTENT="vana"/><SP WIDTH="24" VPOS="1264" HPOS="442"/>
							<String ID="string_268" HPOS="466" VPOS="1253" WIDTH="61" HEIGHT="31" WC="0.96" CONTENT="och"/><SP WIDTH="24" VPOS="1253" HPOS="527"/>
							<String ID="string_269" HPOS="551" VPOS="1264" WIDTH="71" HEIGHT="20" WC="0.96" CONTENT="som"/><SP WIDTH="24" VPOS="1264" HPOS="622"/>
							<String ID="string_270" HPOS="646" VPOS="1254" WIDTH="58" HEIGHT="31" WC="0.96" CONTENT="der"/><SP WIDTH="22" VPOS="1254" HPOS="704"/>
							<String ID="string_271" HPOS="726" VPOS="1256" WIDTH="110" HEIGHT="30" WC="0.96" CONTENT="finner"/><SP WIDTH="23" VPOS="1256" HPOS="836"/>
							<String ID="string_272" HPOS="859" VPOS="1256" WIDTH="51" HEIGHT="40" WC="0.93" CONTENT="sig"/><SP WIDTH="23" VPOS="1256" HPOS="910"/>
							<String ID="string_273" HPOS="933" VPOS="1256" WIDTH="159" HEIGHT="41" WC="0.92" CONTENT="temligen"/><SP WIDTH="24" VPOS="1256" HPOS="1092"/>
							<String ID="string_274" HPOS="1116" VPOS="1259" WIDTH="64" HEIGHT="37" WC="0.96" CONTENT="väl,"/><SP WIDTH="26" VPOS="1259" HPOS="1180"/>
							<String ID="string_275" HPOS="1206" VPOS="1259" WIDTH="86" HEIGHT="31" WC="0.96" CONTENT="skall"/><SP WIDTH="24" VPOS="1259" HPOS="1292"/>
							<String ID="string_276" HPOS="1316" VPOS="1260" WIDTH="94" HEIGHT="31" WC="0.95" CONTENT="alltid"/><SP WIDTH="23" VPOS="1260" HPOS="1410"/>
							<String ID="string_277" HPOS="1433" VPOS="1261" WIDTH="88" HEIGHT="41" WC="0.96" CONTENT="välja"/><SP WIDTH="25" VPOS="1261" HPOS="1521"/>
							<String ID="string_278" HPOS="1546" VPOS="1262" WIDTH="100" HEIGHT="39" WC="0.96" CONTENT="detta,"/><SP WIDTH="24" VPOS="1262" HPOS="1646"/>
							<String ID="string_279" HPOS="1670" VPOS="1264" WIDTH="89" HEIGHT="32" WC="0.96" CONTENT="helst"/><SP WIDTH="23" VPOS="1264" HPOS="1759"/>
							<String ID="string_280" HPOS="1782" VPOS="1266" WIDTH="65" HEIGHT="31" WC="0.96" CONTENT="han"/>
						</TextLine>
						<TextLine ID="line_24" HPOS="216" VPOS="1296" WIDTH="1632" HEIGHT="50">
							<String ID="string_281" HPOS="216" VPOS="1297" WIDTH="76" HEIGHT="40" WC="0.96" CONTENT="föga"/><SP WIDTH="23" VPOS="1297" HPOS="292"/>
							<String ID="string_282" HPOS="315" VPOS="1296" WIDTH="185" HEIGHT="41" WC="0.96" CONTENT="bekymrar"/><SP WIDTH="23" VPOS="1296" HPOS="500"/>
							<String ID="string_283" HPOS="523" VPOS="1296" WIDTH="50" HEIGHT="41" WC="0.96" CONTENT="sig"/><SP WIDTH="25" VPOS="1296" HPOS="573"/>
							<String ID="string_284" HPOS="598" VPOS="1308" WIDTH="62" HEIGHT="27" WC="0.96" CONTENT="om,"/><SP WIDTH="26" VPOS="1308" HPOS="660"/>
							<String ID="string_285" HPOS="686" VPOS="1301" WIDTH="49" HEIGHT="27" WC="0.96" CONTENT="att"/><SP WIDTH="23" VPOS="1301" HPOS="735"/>
							<String ID="string_286" HPOS="758" VPOS="1298" WIDTH="83" HEIGHT="31" WC="0.96" CONTENT="hans"/><SP WIDTH="23" VPOS="1298" HPOS="841"/>
							<String ID="string_287" HPOS="864" VPOS="1298" WIDTH="103" HEIGHT="41" WC="0.96" CONTENT="familj"/><SP WIDTH="26" VPOS="1298" HPOS="967"/>
							<String ID="string_288" HPOS="993" VPOS="1300" WIDTH="106" HEIGHT="31" WC="0.96" CONTENT="under"/><SP WIDTH="23" VPOS="1300" HPOS="1099"/>
							<String ID="string_289" HPOS="1122" VPOS="1301" WIDTH="93" HEIGHT="31" WC="0.96" CONTENT="tiden"/><SP WIDTH="23" VPOS="1301" HPOS="1215"/>
							<String ID="string_290" HPOS="1238" VPOS="1303" WIDTH="123" HEIGHT="31" WC="0.95" CONTENT="saknar"/><SP WIDTH="23" VPOS="1303" HPOS="1361"/>
							<String ID="string_291" HPOS="1384" VPOS="1304" WIDTH="91" HEIGHT="31" WC="0.95" CONTENT="bröd."/><SP WIDTH="31" VPOS="1304" HPOS="1475"/>
							<String ID="string_292" HPOS="1506" VPOS="1305" WIDTH="74" HEIGHT="32" WC="0.87" CONTENT="Den"/><SP WIDTH="20" VPOS="1305" HPOS="1580"/>
							<String ID="string_293" HPOS="1600" VPOS="1307" WIDTH="248" HEIGHT="39" WC="0.67" CONTENT="jemförelsevis"/>
						</TextLine>
						<TextLine ID="line_25" HPOS="218" VPOS="1340" WIDTH="1631" HEIGHT="53">
							<String ID="string_294" HPOS="218" VPOS="1340" WIDTH="111" HEIGHT="31" WC="0.93" CONTENT="bättre"/><SP WIDTH="18" VPOS="1340" HPOS="329"/>
							<String ID="string_295" HPOS="347" VPOS="1340" WIDTH="216" HEIGHT="40" WC="0.90" CONTENT="förbrytaren"/><SP WIDTH="14" VPOS="1340" HPOS="563"/>
							<String ID="string_296" HPOS="577" VPOS="1340" WIDTH="65" HEIGHT="31" WC="0.94" CONTENT="blir"/><SP WIDTH="15" VPOS="1340" HPOS="642"/>
							<String ID="string_297" HPOS="657" VPOS="1341" WIDTH="72" HEIGHT="40" WC="0.96" CONTENT="just"/><SP WIDTH="17" VPOS="1341" HPOS="729"/>
							<String ID="string_298" HPOS="746" VPOS="1341" WIDTH="72" HEIGHT="38" WC="0.96" CONTENT="den,"/><SP WIDTH="25" VPOS="1341" HPOS="818"/>
							<String ID="string_299" HPOS="843" VPOS="1352" WIDTH="68" HEIGHT="20" WC="0.96" CONTENT="som"/><SP WIDTH="20" VPOS="1352" HPOS="911"/>
							<String ID="string_300" HPOS="931" VPOS="1343" WIDTH="35" HEIGHT="30" WC="0.93" CONTENT="af"/><SP WIDTH="13" VPOS="1343" HPOS="966"/>
							<String ID="string_301" HPOS="979" VPOS="1344" WIDTH="158" HEIGHT="31" WC="0.91" CONTENT="omtanka"/><SP WIDTH="23" VPOS="1344" HPOS="1137"/>
							<String ID="string_302" HPOS="1160" VPOS="1345" WIDTH="51" HEIGHT="31" WC="0.96" CONTENT="för"/><SP WIDTH="22" VPOS="1345" HPOS="1211"/>
							<String ID="string_303" HPOS="1233" VPOS="1346" WIDTH="147" HEIGHT="41" WC="0.93" CONTENT="familjen"/><SP WIDTH="23" VPOS="1346" HPOS="1380"/>
							<String ID="string_304" HPOS="1403" VPOS="1348" WIDTH="230" HEIGHT="41" WC="0.90" CONTENT="tilläfventyrs"/><SP WIDTH="24" VPOS="1348" HPOS="1633"/>
							<String ID="string_305" HPOS="1657" VPOS="1350" WIDTH="192" HEIGHT="43" WC="0.90" CONTENT="föredrager"/>
						</TextLine>
						<TextLine ID="line_26" HPOS="217" VPOS="1382" WIDTH="1632" HEIGHT="47">
							<String ID="string_306" HPOS="217" VPOS="1382" WIDTH="57" HEIGHT="31" WC="0.95" CONTENT="det"/><SP WIDTH="34" VPOS="1382" HPOS="274"/>
							<String ID="string_307" HPOS="308" VPOS="1385" WIDTH="136" HEIGHT="29" WC="0.93" CONTENT="svårare"/><SP WIDTH="29" VPOS="1385" HPOS="444"/>
							<String ID="string_308" HPOS="473" VPOS="1386" WIDTH="133" HEIGHT="28" WC="0.92" CONTENT="vatten-"/><SP WIDTH="25" VPOS="1386" HPOS="606"/>
							<String ID="string_309" HPOS="631" VPOS="1384" WIDTH="61" HEIGHT="31" WC="0.93" CONTENT="och"/><SP WIDTH="22" VPOS="1384" HPOS="692"/>
							<String ID="string_310" HPOS="714" VPOS="1384" WIDTH="223" HEIGHT="39" WC="0.92" CONTENT="brödstraffet,"/><SP WIDTH="27" VPOS="1384" HPOS="937"/>
							<String ID="string_311" HPOS="964" VPOS="1385" WIDTH="140" HEIGHT="33" WC="0.72" CONTENT="drabbas"/><SP WIDTH="24" VPOS="1385" HPOS="1104"/>
							<String ID="string_312" HPOS="1128" VPOS="1389" WIDTH="197" HEIGHT="40" WC="0.96" CONTENT="ytterligare"/><SP WIDTH="25" VPOS="1389" HPOS="1325"/>
							<String ID="string_313" HPOS="1350" VPOS="1390" WIDTH="32" HEIGHT="30" WC="0.90" CONTENT="af"/><SP WIDTH="23" VPOS="1390" HPOS="1382"/>
							<String ID="string_314" HPOS="1405" VPOS="1390" WIDTH="63" HEIGHT="31" WC="0.96" CONTENT="den"/><SP WIDTH="24" VPOS="1390" HPOS="1468"/>
							<String ID="string_315" HPOS="1492" VPOS="1392" WIDTH="37" HEIGHT="30" WC="0.96" CONTENT="af"/><SP WIDTH="18" VPOS="1392" HPOS="1529"/>
							<String ID="string_316" HPOS="1547" VPOS="1391" WIDTH="177" HEIGHT="33" WC="0.96" CONTENT="Utskottet"/><SP WIDTH="24" VPOS="1391" HPOS="1724"/>
							<String ID="string_317" HPOS="1748" VPOS="1395" WIDTH="101" HEIGHT="32" WC="0.96" CONTENT="också"/>
						</TextLine>
						<TextLine ID="line_27" HPOS="217" VPOS="1425" WIDTH="1631" HEIGHT="49">
							<String ID="string_318" HPOS="217" VPOS="1425" WIDTH="202" HEIGHT="31" WC="0.91" CONTENT="framhållna"/><SP WIDTH="23" VPOS="1425" HPOS="419"/>
							<String ID="string_319" HPOS="442" VPOS="1430" WIDTH="129" HEIGHT="33" WC="0.95" CONTENT="vanära,"/><SP WIDTH="24" VPOS="1430" HPOS="571"/>
							<String ID="string_320" HPOS="595" VPOS="1426" WIDTH="99" HEIGHT="38" WC="0.93" CONTENT="detta,"/><SP WIDTH="19" VPOS="1426" HPOS="694"/>
							<String ID="string_321" HPOS="713" VPOS="1428" WIDTH="162" HEIGHT="39" WC="0.85" CONTENT="jemfördt"/><SP WIDTH="23" VPOS="1428" HPOS="875"/>
							<String ID="string_322" HPOS="898" VPOS="1429" WIDTH="75" HEIGHT="30" WC="0.96" CONTENT="med"/><SP WIDTH="25" VPOS="1429" HPOS="973"/>
							<String ID="string_323" HPOS="998" VPOS="1429" WIDTH="56" HEIGHT="31" WC="0.96" CONTENT="det"/><SP WIDTH="22" VPOS="1429" HPOS="1054"/>
							<String ID="string_324" HPOS="1076" VPOS="1431" WIDTH="130" HEIGHT="31" WC="0.96" CONTENT="mindre"/><SP WIDTH="24" VPOS="1431" HPOS="1206"/>
							<String ID="string_325" HPOS="1230" VPOS="1433" WIDTH="289" HEIGHT="40" WC="0.87" CONTENT="fängelsestraffet,"/><SP WIDTH="25" VPOS="1433" HPOS="1519"/>
							<String ID="string_326" HPOS="1544" VPOS="1435" WIDTH="137" HEIGHT="39" WC="0.95" CONTENT="medför,"/><SP WIDTH="27" VPOS="1435" HPOS="1681"/>
							<String ID="string_327" HPOS="1708" VPOS="1438" WIDTH="60" HEIGHT="30" WC="0.96" CONTENT="och"/><SP WIDTH="18" VPOS="1438" HPOS="1768"/>
							<String ID="string_328" HPOS="1786" VPOS="1439" WIDTH="62" HEIGHT="30" WC="0.96" CONTENT="den"/>
						</TextLine>
						<TextLine ID="line_28" HPOS="217" VPOS="1468" WIDTH="1631" HEIGHT="49">
							<String ID="string_329" HPOS="217" VPOS="1468" WIDTH="171" HEIGHT="41" WC="0.90" CONTENT="medgifna"/><SP WIDTH="34" VPOS="1468" HPOS="388"/>
							<String ID="string_330" HPOS="422" VPOS="1468" WIDTH="202" HEIGHT="32" WC="0.94" CONTENT="valfriheten"/><SP WIDTH="34" VPOS="1468" HPOS="624"/>
							<String ID="string_331" HPOS="658" VPOS="1470" WIDTH="153" HEIGHT="32" WC="0.95" CONTENT="kommer"/><SP WIDTH="35" VPOS="1470" HPOS="811"/>
							<String ID="string_332" HPOS="846" VPOS="1471" WIDTH="129" HEIGHT="32" WC="0.95" CONTENT="således"/><SP WIDTH="28" VPOS="1471" HPOS="975"/>
							<String ID="string_333" HPOS="1003" VPOS="1473" WIDTH="72" HEIGHT="39" WC="0.96" CONTENT="just"/><SP WIDTH="24" VPOS="1473" HPOS="1075"/>
							<String ID="string_334" HPOS="1099" VPOS="1473" WIDTH="39" HEIGHT="32" WC="0.96" CONTENT="de"/><SP WIDTH="25" VPOS="1473" HPOS="1138"/>
							<String ID="string_335" HPOS="1163" VPOS="1474" WIDTH="188" HEIGHT="42" WC="0.93" CONTENT="förbrytare"/><SP WIDTH="24" VPOS="1474" HPOS="1351"/>
							<String ID="string_336" HPOS="1375" VPOS="1476" WIDTH="52" HEIGHT="31" WC="0.96" CONTENT="till"/><SP WIDTH="23" VPOS="1476" HPOS="1427"/>
							<String ID="string_337" HPOS="1450" VPOS="1477" WIDTH="94" HEIGHT="40" WC="0.95" CONTENT="godo,"/><SP WIDTH="26" VPOS="1477" HPOS="1544"/>
							<String ID="string_338" HPOS="1570" VPOS="1489" WIDTH="70" HEIGHT="20" WC="0.95" CONTENT="som"/><SP WIDTH="23" VPOS="1489" HPOS="1640"/>
							<String ID="string_339" HPOS="1663" VPOS="1480" WIDTH="103" HEIGHT="31" WC="0.96" CONTENT="minst"/><SP WIDTH="24" VPOS="1480" HPOS="1766"/>
							<String ID="string_340" HPOS="1790" VPOS="1487" WIDTH="58" HEIGHT="25" WC="0.96" CONTENT="äro"/>
						</TextLine>
						<TextLine ID="line_29" HPOS="217" VPOS="1511" WIDTH="460" HEIGHT="40">
							<String ID="string_341" HPOS="217" VPOS="1512" WIDTH="159" HEIGHT="39" WC="0.90" CONTENT="förtjenta"/><SP WIDTH="24" VPOS="1512" HPOS="376"/>
							<String ID="string_342" HPOS="400" VPOS="1512" WIDTH="36" HEIGHT="30" WC="0.96" CONTENT="af"/><SP WIDTH="20" VPOS="1512" HPOS="436"/>
							<String ID="string_343" HPOS="456" VPOS="1511" WIDTH="221" HEIGHT="33" WC="0.96" CONTENT="medlidande."/>
						</TextLine>
					</TextBlock>
					<TextBlock ID="block_5" HPOS="214" VPOS="1554" WIDTH="1636" HEIGHT="430">
						<TextLine ID="line_30" HPOS="371" VPOS="1554" WIDTH="1478" HEIGHT="50">
							<String ID="string_344" HPOS="371" VPOS="1554" WIDTH="76" HEIGHT="31" WC="0.95" CONTENT="Den"/><SP WIDTH="34" VPOS="1554" HPOS="447"/>
							<String ID="string_345" HPOS="481" VPOS="1554" WIDTH="98" HEIGHT="41" WC="0.94" CONTENT="högst"/><SP WIDTH="34" VPOS="1554" HPOS="579"/>
							<String ID="string_346" HPOS="613" VPOS="1556" WIDTH="173" HEIGHT="41" WC="0.96" CONTENT="betydliga"/><SP WIDTH="34" VPOS="1556" HPOS="786"/>
							<String ID="string_347" HPOS="820" VPOS="1557" WIDTH="180" HEIGHT="31" WC="0.95" CONTENT="reduktion"/><SP WIDTH="34" VPOS="1557" HPOS="1000"/>
							<String ID="string_348" HPOS="1034" VPOS="1559" WIDTH="36" HEIGHT="30" WC="0.96" CONTENT="af"/><SP WIDTH="30" VPOS="1559" HPOS="1070"/>
							<String ID="string_349" HPOS="1100" VPOS="1559" WIDTH="118" HEIGHT="32" WC="0.96" CONTENT="skalan"/><SP WIDTH="28" VPOS="1559" HPOS="1218"/>
							<String ID="string_350" HPOS="1246" VPOS="1560" WIDTH="57" HEIGHT="32" WC="0.96" CONTENT="vid"/><SP WIDTH="23" VPOS="1560" HPOS="1303"/>
							<String ID="string_351" HPOS="1326" VPOS="1561" WIDTH="213" HEIGHT="43" WC="0.96" CONTENT="förvandling"/><SP WIDTH="23" VPOS="1561" HPOS="1539"/>
							<String ID="string_352" HPOS="1562" VPOS="1564" WIDTH="52" HEIGHT="30" WC="0.93" CONTENT="till"/><SP WIDTH="24" VPOS="1564" HPOS="1614"/>
							<String ID="string_353" HPOS="1638" VPOS="1565" WIDTH="116" HEIGHT="31" WC="0.67" CONTENT="eukelt"/><SP WIDTH="22" VPOS="1565" HPOS="1754"/>
							<String ID="string_354" HPOS="1776" VPOS="1567" WIDTH="73" HEIGHT="31" WC="0.58" CONTENT="fän-"/>
						</TextLine>
						<TextLine ID="line_31" HPOS="218" VPOS="1597" WIDTH="1632" HEIGHT="52">
							<String ID="string_355" HPOS="218" VPOS="1597" WIDTH="101" HEIGHT="40" WC="0.90" CONTENT="gelse,"/><SP WIDTH="26" VPOS="1597" HPOS="319"/>
							<String ID="string_356" HPOS="345" VPOS="1607" WIDTH="72" HEIGHT="21" WC="0.96" CONTENT="som"/><SP WIDTH="22" VPOS="1607" HPOS="417"/>
							<String ID="string_357" HPOS="439" VPOS="1597" WIDTH="179" HEIGHT="32" WC="0.95" CONTENT="Utskottet"/><SP WIDTH="22" VPOS="1597" HPOS="618"/>
							<String ID="string_358" HPOS="640" VPOS="1599" WIDTH="182" HEIGHT="41" WC="0.95" CONTENT="föreslagit,"/><SP WIDTH="24" VPOS="1599" HPOS="822"/>
							<String ID="string_359" HPOS="846" VPOS="1600" WIDTH="60" HEIGHT="31" WC="0.96" CONTENT="har"/><SP WIDTH="23" VPOS="1600" HPOS="906"/>
							<String ID="string_360" HPOS="929" VPOS="1601" WIDTH="51" HEIGHT="30" WC="0.93" CONTENT="sin"/><SP WIDTH="24" VPOS="1601" HPOS="980"/>
							<String ID="string_361" HPOS="1004" VPOS="1600" WIDTH="314" HEIGHT="44" WC="0.90" CONTENT="förklaringsgrund"/><SP WIDTH="22" VPOS="1600" HPOS="1318"/>
							<String ID="string_362" HPOS="1340" VPOS="1604" WIDTH="12" HEIGHT="30" WC="0.93" CONTENT="i"/><SP WIDTH="24" VPOS="1604" HPOS="1352"/>
							<String ID="string_363" HPOS="1376" VPOS="1606" WIDTH="182" HEIGHT="31" WC="0.90" CONTENT="omtankan"/><SP WIDTH="16" VPOS="1606" HPOS="1558"/>
							<String ID="string_364" HPOS="1574" VPOS="1612" WIDTH="49" HEIGHT="26" WC="0.96" CONTENT="att"/><SP WIDTH="13" VPOS="1612" HPOS="1623"/>
							<String ID="string_365" HPOS="1636" VPOS="1608" WIDTH="214" HEIGHT="41" WC="0.95" CONTENT="fängelserna"/>
						</TextLine>
						<TextLine ID="line_32" HPOS="216" VPOS="1640" WIDTH="1634" HEIGHT="51">
							<String ID="string_366" HPOS="216" VPOS="1643" WIDTH="55" HEIGHT="28" WC="0.94" CONTENT="må"/><SP WIDTH="20" VPOS="1643" HPOS="271"/>
							<String ID="string_367" HPOS="291" VPOS="1640" WIDTH="105" HEIGHT="31" WC="0.95" CONTENT="blifva"/><SP WIDTH="24" VPOS="1640" HPOS="396"/>
							<String ID="string_368" HPOS="420" VPOS="1640" WIDTH="204" HEIGHT="42" WC="0.95" CONTENT="tillräckliga"/><SP WIDTH="23" VPOS="1640" HPOS="624"/>
							<String ID="string_369" HPOS="647" VPOS="1646" WIDTH="50" HEIGHT="27" WC="0.96" CONTENT="att"/><SP WIDTH="23" VPOS="1646" HPOS="697"/>
							<String ID="string_370" HPOS="720" VPOS="1642" WIDTH="171" HEIGHT="41" WC="0.91" CONTENT="inrymma"/><SP WIDTH="24" VPOS="1642" HPOS="891"/>
							<String ID="string_371" HPOS="915" VPOS="1643" WIDTH="56" HEIGHT="31" WC="0.96" CONTENT="det"/><SP WIDTH="22" VPOS="1643" HPOS="971"/>
							<String ID="string_372" HPOS="993" VPOS="1644" WIDTH="78" HEIGHT="31" WC="0.96" CONTENT="vida"/><SP WIDTH="24" VPOS="1644" HPOS="1071"/>
							<String ID="string_373" HPOS="1095" VPOS="1649" WIDTH="106" HEIGHT="28" WC="0.96" CONTENT="större"/><SP WIDTH="26" VPOS="1649" HPOS="1201"/>
							<String ID="string_374" HPOS="1227" VPOS="1647" WIDTH="88" HEIGHT="30" WC="0.93" CONTENT="antal"/><SP WIDTH="24" VPOS="1647" HPOS="1315"/>
							<String ID="string_375" HPOS="1339" VPOS="1647" WIDTH="358" HEIGHT="44" WC="0.90" CONTENT="förvandlingsfångar,"/><SP WIDTH="25" VPOS="1647" HPOS="1697"/>
							<String ID="string_376" HPOS="1722" VPOS="1652" WIDTH="128" HEIGHT="39" WC="0.90" CONTENT="hvarat,"/>
						</TextLine>
						<TextLine ID="line_33" HPOS="218" VPOS="1683" WIDTH="1631" HEIGHT="47">
							<String ID="string_377" HPOS="218" VPOS="1683" WIDTH="53" HEIGHT="30" WC="0.89" CONTENT="till"/><SP WIDTH="24" VPOS="1683" HPOS="271"/>
							<String ID="string_378" HPOS="295" VPOS="1683" WIDTH="81" HEIGHT="40" WC="0.85" CONTENT="följd"/><SP WIDTH="22" VPOS="1683" HPOS="376"/>
							<String ID="string_379" HPOS="398" VPOS="1683" WIDTH="36" HEIGHT="30" WC="0.94" CONTENT="af"/><SP WIDTH="19" VPOS="1683" HPOS="434"/>
							<String ID="string_380" HPOS="453" VPOS="1683" WIDTH="211" HEIGHT="39" WC="0.38" CONTENT="valfriheten,"/><SP WIDTH="24" VPOS="1683" HPOS="664"/>
							<String ID="string_381" HPOS="688" VPOS="1685" WIDTH="213" HEIGHT="41" WC="0.95" CONTENT="fängelserna"/><SP WIDTH="22" VPOS="1685" HPOS="901"/>
							<String ID="string_382" HPOS="923" VPOS="1686" WIDTH="135" HEIGHT="32" WC="0.96" CONTENT="komma"/><SP WIDTH="23" VPOS="1686" HPOS="1058"/>
							<String ID="string_383" HPOS="1081" VPOS="1692" WIDTH="49" HEIGHT="27" WC="0.96" CONTENT="att"/><SP WIDTH="22" VPOS="1692" HPOS="1130"/>
							<String ID="string_384" HPOS="1152" VPOS="1690" WIDTH="180" HEIGHT="40" WC="0.95" CONTENT="uppfyllas."/><SP WIDTH="35" VPOS="1690" HPOS="1332"/>
							<String ID="string_385" HPOS="1367" VPOS="1690" WIDTH="80" HEIGHT="32" WC="0.92" CONTENT="Men"/><SP WIDTH="23" VPOS="1690" HPOS="1447"/>
							<String ID="string_386" HPOS="1470" VPOS="1692" WIDTH="121" HEIGHT="31" WC="0.96" CONTENT="härvid"/><SP WIDTH="25" VPOS="1692" HPOS="1591"/>
							<String ID="string_387" HPOS="1616" VPOS="1694" WIDTH="58" HEIGHT="31" WC="0.96" CONTENT="bör"/><SP WIDTH="17" VPOS="1694" HPOS="1674"/>
							<String ID="string_388" HPOS="1691" VPOS="1694" WIDTH="74" HEIGHT="32" WC="0.93" CONTENT="icke"/><SP WIDTH="18" VPOS="1694" HPOS="1765"/>
							<String ID="string_389" HPOS="1783" VPOS="1697" WIDTH="66" HEIGHT="30" WC="0.92" CONTENT="för-"/>
						</TextLine>
						<TextLine ID="line_34" HPOS="218" VPOS="1725" WIDTH="1631" HEIGHT="52">
							<String ID="string_390" HPOS="218" VPOS="1726" WIDTH="89" HEIGHT="31" WC="0.93" CONTENT="bises"/><SP WIDTH="23" VPOS="1726" HPOS="307"/>
							<String ID="string_391" HPOS="330" VPOS="1730" WIDTH="59" HEIGHT="33" WC="0.96" CONTENT="att,"/><SP WIDTH="25" VPOS="1730" HPOS="389"/>
							<String ID="string_392" HPOS="414" VPOS="1725" WIDTH="49" HEIGHT="38" WC="0.96" CONTENT="då,"/><SP WIDTH="26" VPOS="1725" HPOS="463"/>
							<String ID="string_393" HPOS="489" VPOS="1726" WIDTH="51" HEIGHT="31" WC="0.96" CONTENT="till"/><SP WIDTH="24" VPOS="1726" HPOS="540"/>
							<String ID="string_394" HPOS="564" VPOS="1727" WIDTH="80" HEIGHT="40" WC="0.96" CONTENT="följd"/><SP WIDTH="25" VPOS="1727" HPOS="644"/>
							<String ID="string_395" HPOS="669" VPOS="1728" WIDTH="36" HEIGHT="31" WC="0.95" CONTENT="af"/><SP WIDTH="18" VPOS="1728" HPOS="705"/>
							<String ID="string_396" HPOS="723" VPOS="1739" WIDTH="46" HEIGHT="20" WC="0.96" CONTENT="nu"/><SP WIDTH="23" VPOS="1739" HPOS="769"/>
							<String ID="string_397" HPOS="792" VPOS="1729" WIDTH="154" HEIGHT="40" WC="0.93" CONTENT="gällande"/><SP WIDTH="24" VPOS="1729" HPOS="946"/>
							<String ID="string_398" HPOS="970" VPOS="1729" WIDTH="296" HEIGHT="44" WC="0.91" CONTENT="förvandlingslag,"/><SP WIDTH="25" VPOS="1729" HPOS="1266"/>
							<String ID="string_399" HPOS="1291" VPOS="1743" WIDTH="41" HEIGHT="21" WC="0.96" CONTENT="en"/><SP WIDTH="23" VPOS="1743" HPOS="1332"/>
							<String ID="string_400" HPOS="1355" VPOS="1734" WIDTH="124" HEIGHT="41" WC="0.95" CONTENT="mängd"/><SP WIDTH="23" VPOS="1734" HPOS="1479"/>
							<String ID="string_401" HPOS="1502" VPOS="1735" WIDTH="199" HEIGHT="42" WC="0.96" CONTENT="förbrytare,"/><SP WIDTH="24" VPOS="1735" HPOS="1701"/>
							<String ID="string_402" HPOS="1725" VPOS="1738" WIDTH="51" HEIGHT="31" WC="0.96" CONTENT="för"/><SP WIDTH="23" VPOS="1738" HPOS="1776"/>
							<String ID="string_403" HPOS="1799" VPOS="1744" WIDTH="50" HEIGHT="26" WC="0.96" CONTENT="att"/>
						</TextLine>
						<TextLine ID="line_35" HPOS="214" VPOS="1768" WIDTH="1632" HEIGHT="48">
							<String ID="string_404" HPOS="214" VPOS="1768" WIDTH="113" HEIGHT="41" WC="0.91" CONTENT="undgå"/><SP WIDTH="23" VPOS="1768" HPOS="327"/>
							<String ID="string_405" HPOS="350" VPOS="1772" WIDTH="133" HEIGHT="28" WC="0.90" CONTENT="vatten-"/><SP WIDTH="24" VPOS="1772" HPOS="483"/>
							<String ID="string_406" HPOS="507" VPOS="1769" WIDTH="61" HEIGHT="31" WC="0.93" CONTENT="och"/><SP WIDTH="23" VPOS="1769" HPOS="568"/>
							<String ID="string_407" HPOS="591" VPOS="1770" WIDTH="228" HEIGHT="39" WC="0.92" CONTENT="brödstraffet,"/><SP WIDTH="24" VPOS="1770" HPOS="819"/>
							<String ID="string_408" HPOS="843" VPOS="1772" WIDTH="134" HEIGHT="41" WC="0.93" CONTENT="erlägga"/><SP WIDTH="24" VPOS="1772" HPOS="977"/>
							<String ID="string_409" HPOS="1001" VPOS="1773" WIDTH="147" HEIGHT="38" WC="0.96" CONTENT="böterna,"/><SP WIDTH="26" VPOS="1773" HPOS="1148"/>
							<String ID="string_410" HPOS="1174" VPOS="1778" WIDTH="36" HEIGHT="28" WC="0.96" CONTENT="så"/><SP WIDTH="23" VPOS="1778" HPOS="1210"/>
							<String ID="string_411" HPOS="1233" VPOS="1775" WIDTH="96" HEIGHT="32" WC="0.93" CONTENT="skola"/><SP WIDTH="23" VPOS="1775" HPOS="1329"/>
							<String ID="string_412" HPOS="1352" VPOS="1776" WIDTH="152" HEIGHT="33" WC="0.43" CONTENT="dercmot"/><SP WIDTH="21" VPOS="1776" HPOS="1504"/>
							<String ID="string_413" HPOS="1525" VPOS="1779" WIDTH="92" HEIGHT="37" WC="0.23" CONTENT="flera,"/><SP WIDTH="25" VPOS="1779" HPOS="1617"/>
							<String ID="string_414" HPOS="1642" VPOS="1780" WIDTH="51" HEIGHT="31" WC="0.96" CONTENT="för"/><SP WIDTH="23" VPOS="1780" HPOS="1693"/>
							<String ID="string_415" HPOS="1716" VPOS="1785" WIDTH="50" HEIGHT="27" WC="0.90" CONTENT="att"/><SP WIDTH="25" VPOS="1785" HPOS="1766"/>
							<String ID="string_416" HPOS="1791" VPOS="1783" WIDTH="55" HEIGHT="30" WC="0.90" CONTENT="be-"/>
						</TextLine>
						<TextLine ID="line_36" HPOS="217" VPOS="1811" WIDTH="1630" HEIGHT="50">
							<String ID="string_417" HPOS="217" VPOS="1822" WIDTH="98" HEIGHT="30" WC="0.95" CONTENT="spara"/><SP WIDTH="35" VPOS="1822" HPOS="315"/>
							<String ID="string_418" HPOS="350" VPOS="1811" WIDTH="51" HEIGHT="41" WC="0.95" CONTENT="sig"/><SP WIDTH="35" VPOS="1811" HPOS="401"/>
							<String ID="string_419" HPOS="436" VPOS="1812" WIDTH="109" HEIGHT="32" WC="0.95" CONTENT="denna"/><SP WIDTH="34" VPOS="1812" HPOS="545"/>
							<String ID="string_420" HPOS="579" VPOS="1814" WIDTH="109" HEIGHT="40" WC="0.96" CONTENT="utgift,"/><SP WIDTH="35" VPOS="1814" HPOS="688"/>
							<String ID="string_421" HPOS="723" VPOS="1814" WIDTH="208" HEIGHT="32" WC="0.96" CONTENT="underkasta"/><SP WIDTH="34" VPOS="1814" HPOS="931"/>
							<String ID="string_422" HPOS="965" VPOS="1816" WIDTH="50" HEIGHT="41" WC="0.96" CONTENT="sig"/><SP WIDTH="33" VPOS="1816" HPOS="1015"/>
							<String ID="string_423" HPOS="1048" VPOS="1820" WIDTH="105" HEIGHT="38" WC="0.95" CONTENT="några"/><SP WIDTH="34" VPOS="1820" HPOS="1153"/>
							<String ID="string_424" HPOS="1187" VPOS="1818" WIDTH="117" HEIGHT="41" WC="0.94" CONTENT="dagars"/><SP WIDTH="40" VPOS="1818" HPOS="1304"/>
							<String ID="string_425" HPOS="1344" VPOS="1820" WIDTH="158" HEIGHT="41" WC="0.94" CONTENT="fängelse,"/><SP WIDTH="37" VPOS="1820" HPOS="1502"/>
							<String ID="string_426" HPOS="1539" VPOS="1822" WIDTH="61" HEIGHT="31" WC="0.96" CONTENT="och"/><SP WIDTH="35" VPOS="1822" HPOS="1600"/>
							<String ID="string_427" HPOS="1635" VPOS="1822" WIDTH="91" HEIGHT="32" WC="0.96" CONTENT="detta"/><SP WIDTH="34" VPOS="1822" HPOS="1726"/>
							<String ID="string_428" HPOS="1760" VPOS="1825" WIDTH="87" HEIGHT="31" WC="0.87" CONTENT="skall"/>
						</TextLine>
						<TextLine ID="line_37" HPOS="217" VPOS="1855" WIDTH="1631" HEIGHT="54">
							<String ID="string_429" HPOS="217" VPOS="1855" WIDTH="254" HEIGHT="40" WC="0.90" CONTENT="otvifvelaktigt"/><SP WIDTH="36" VPOS="1855" HPOS="471"/>
							<String ID="string_430" HPOS="507" VPOS="1856" WIDTH="174" HEIGHT="32" WC="0.96" CONTENT="föranleda"/><SP WIDTH="28" VPOS="1856" HPOS="681"/>
							<String ID="string_431" HPOS="709" VPOS="1868" WIDTH="42" HEIGHT="20" WC="0.93" CONTENT="en"/><SP WIDTH="34" VPOS="1868" HPOS="751"/>
							<String ID="string_432" HPOS="785" VPOS="1858" WIDTH="181" HEIGHT="41" WC="0.93" CONTENT="tillökning"/><SP WIDTH="34" VPOS="1858" HPOS="966"/>
							<String ID="string_433" HPOS="1000" VPOS="1860" WIDTH="10" HEIGHT="30" WC="0.93" CONTENT="i"/><SP WIDTH="34" VPOS="1860" HPOS="1010"/>
							<String ID="string_434" HPOS="1044" VPOS="1861" WIDTH="215" HEIGHT="40" WC="0.88" CONTENT="fångantalet,"/><SP WIDTH="36" VPOS="1861" HPOS="1259"/>
							<String ID="string_435" HPOS="1295" VPOS="1863" WIDTH="142" HEIGHT="31" WC="0.95" CONTENT="likasom"/><SP WIDTH="35" VPOS="1863" HPOS="1437"/>
							<String ID="string_436" HPOS="1472" VPOS="1865" WIDTH="11" HEIGHT="30" WC="0.96" CONTENT="i"/><SP WIDTH="34" VPOS="1865" HPOS="1483"/>
							<String ID="string_437" HPOS="1517" VPOS="1865" WIDTH="64" HEIGHT="31" WC="0.96" CONTENT="den"/><SP WIDTH="34" VPOS="1865" HPOS="1581"/>
							<String ID="string_438" HPOS="1615" VPOS="1866" WIDTH="104" HEIGHT="31" WC="0.95" CONTENT="redan"/><SP WIDTH="24" VPOS="1866" HPOS="1719"/>
							<String ID="string_439" HPOS="1743" VPOS="1867" WIDTH="105" HEIGHT="42" WC="0.96" CONTENT="dryga"/>
						</TextLine>
						<TextLine ID="line_38" HPOS="217" VPOS="1898" WIDTH="1632" HEIGHT="53">
							<String ID="string_440" HPOS="217" VPOS="1898" WIDTH="455" HEIGHT="41" WC="0.91" CONTENT="fångtransportkostnaden,"/><SP WIDTH="26" VPOS="1898" HPOS="672"/>
							<String ID="string_441" HPOS="698" VPOS="1911" WIDTH="71" HEIGHT="20" WC="0.96" CONTENT="som"/><SP WIDTH="23" VPOS="1911" HPOS="769"/>
							<String ID="string_442" HPOS="792" VPOS="1901" WIDTH="79" HEIGHT="31" WC="0.93" CONTENT="vida"/><SP WIDTH="23" VPOS="1901" HPOS="871"/>
							<String ID="string_443" HPOS="894" VPOS="1902" WIDTH="200" HEIGHT="42" WC="0.78" CONTENT="ofverstiger"/><SP WIDTH="24" VPOS="1902" HPOS="1094"/>
							<String ID="string_444" HPOS="1118" VPOS="1903" WIDTH="64" HEIGHT="32" WC="0.96" CONTENT="den"/><SP WIDTH="16" VPOS="1903" HPOS="1182"/>
							<String ID="string_445" HPOS="1198" VPOS="1905" WIDTH="204" HEIGHT="42" WC="0.96" CONTENT="minskning,"/><SP WIDTH="17" VPOS="1905" HPOS="1402"/>
							<String ID="string_446" HPOS="1419" VPOS="1906" WIDTH="178" HEIGHT="33" WC="0.90" CONTENT="Utskottet"/><SP WIDTH="16" VPOS="1906" HPOS="1597"/>
							<String ID="string_447" HPOS="1613" VPOS="1909" WIDTH="101" HEIGHT="32" WC="0.92" CONTENT="afsett"/><SP WIDTH="14" VPOS="1909" HPOS="1714"/>
							<String ID="string_448" HPOS="1728" VPOS="1921" WIDTH="121" HEIGHT="30" WC="0.93" CONTENT="genom"/>
						</TextLine>
						<TextLine ID="line_39" HPOS="218" VPOS="1940" WIDTH="624" HEIGHT="44">
							<String ID="string_449" HPOS="218" VPOS="1940" WIDTH="185" HEIGHT="42" WC="0.96" CONTENT="reduktion"/><SP WIDTH="23" VPOS="1940" HPOS="403"/>
							<String ID="string_450" HPOS="426" VPOS="1942" WIDTH="36" HEIGHT="30" WC="0.93" CONTENT="af"/><SP WIDTH="18" VPOS="1942" HPOS="462"/>
							<String ID="string_451" HPOS="480" VPOS="1942" WIDTH="362" HEIGHT="42" WC="0.89" CONTENT="förvandlingsskalan."/>
						</TextLine>
					</TextBlock>
					<TextBlock ID="block_6" HPOS="209" VPOS="1984" WIDTH="1640" HEIGHT="388">
						<TextLine ID="line_40" HPOS="370" VPOS="1984" WIDTH="1478" HEIGHT="53">
							<String ID="string_452" HPOS="370" VPOS="1984" WIDTH="114" HEIGHT="31" WC="0.80" CONTENT="Afven"/><SP WIDTH="34" VPOS="1984" HPOS="484"/>
							<String ID="string_453" HPOS="518" VPOS="1985" WIDTH="76" HEIGHT="31" WC="0.96" CONTENT="med"/><SP WIDTH="36" VPOS="1985" HPOS="594"/>
							<String ID="string_454" HPOS="630" VPOS="1987" WIDTH="185" HEIGHT="40" WC="0.91" CONTENT="antagande"/><SP WIDTH="33" VPOS="1987" HPOS="815"/>
							<String ID="string_455" HPOS="848" VPOS="1987" WIDTH="102" HEIGHT="39" WC="0.78" CONTENT="doraf,"/><SP WIDTH="25" VPOS="1987" HPOS="950"/>
							<String ID="string_456" HPOS="975" VPOS="1993" WIDTH="48" HEIGHT="27" WC="0.96" CONTENT="att"/><SP WIDTH="23" VPOS="1993" HPOS="1023"/>
							<String ID="string_457" HPOS="1046" VPOS="1990" WIDTH="158" HEIGHT="31" WC="0.92" CONTENT="valfrihet"/><SP WIDTH="22" VPOS="1990" HPOS="1204"/>
							<String ID="string_458" HPOS="1226" VPOS="1991" WIDTH="51" HEIGHT="31" WC="0.93" CONTENT="för"/><SP WIDTH="23" VPOS="1991" HPOS="1277"/>
							<String ID="string_459" HPOS="1300" VPOS="1992" WIDTH="214" HEIGHT="42" WC="0.91" CONTENT="förbrytaren"/><SP WIDTH="23" VPOS="1992" HPOS="1514"/>
							<String ID="string_460" HPOS="1537" VPOS="2005" WIDTH="80" HEIGHT="21" WC="0.91" CONTENT="vore"/><SP WIDTH="23" VPOS="2005" HPOS="1617"/>
							<String ID="string_461" HPOS="1640" VPOS="1995" WIDTH="11" HEIGHT="31" WC="0.96" CONTENT="i"/><SP WIDTH="23" VPOS="1995" HPOS="1651"/>
							<String ID="string_462" HPOS="1674" VPOS="1996" WIDTH="174" HEIGHT="41" WC="0.96" CONTENT="principen"/>
						</TextLine>
						<TextLine ID="line_41" HPOS="218" VPOS="2026" WIDTH="1631" HEIGHT="46">
							<String ID="string_463" HPOS="218" VPOS="2026" WIDTH="114" HEIGHT="41" WC="0.95" CONTENT="riktig,"/><SP WIDTH="36" VPOS="2026" HPOS="332"/>
							<String ID="string_464" HPOS="368" VPOS="2027" WIDTH="102" HEIGHT="32" WC="0.96" CONTENT="borde"/><SP WIDTH="34" VPOS="2027" HPOS="470"/>
							<String ID="string_465" HPOS="504" VPOS="2039" WIDTH="77" HEIGHT="20" WC="0.94" CONTENT="man"/><SP WIDTH="33" VPOS="2039" HPOS="581"/>
							<String ID="string_466" HPOS="614" VPOS="2030" WIDTH="57" HEIGHT="31" WC="0.58" CONTENT="väl"/><SP WIDTH="34" VPOS="2030" HPOS="671"/>
							<String ID="string_467" HPOS="705" VPOS="2030" WIDTH="99" HEIGHT="38" WC="0.88" CONTENT="tillse,"/><SP WIDTH="26" VPOS="2030" HPOS="804"/>
							<String ID="string_468" HPOS="830" VPOS="2035" WIDTH="50" HEIGHT="27" WC="0.96" CONTENT="att"/><SP WIDTH="28" VPOS="2035" HPOS="880"/>
							<String ID="string_469" HPOS="908" VPOS="2031" WIDTH="39" HEIGHT="32" WC="0.96" CONTENT="de"/><SP WIDTH="25" VPOS="2031" HPOS="947"/>
							<String ID="string_470" HPOS="972" VPOS="2033" WIDTH="101" HEIGHT="37" WC="0.95" CONTENT="straff,"/><SP WIDTH="26" VPOS="2033" HPOS="1073"/>
							<String ID="string_471" HPOS="1099" VPOS="2034" WIDTH="142" HEIGHT="31" WC="0.95" CONTENT="emellan"/><SP WIDTH="23" VPOS="2034" HPOS="1241"/>
							<String ID="string_472" HPOS="1264" VPOS="2034" WIDTH="117" HEIGHT="32" WC="0.96" CONTENT="hvilka"/><SP WIDTH="23" VPOS="2034" HPOS="1381"/>
							<String ID="string_473" HPOS="1404" VPOS="2048" WIDTH="77" HEIGHT="21" WC="0.96" CONTENT="man"/><SP WIDTH="23" VPOS="2048" HPOS="1481"/>
							<String ID="string_474" HPOS="1504" VPOS="2038" WIDTH="126" HEIGHT="31" WC="0.95" CONTENT="tillåter"/><SP WIDTH="22" VPOS="2038" HPOS="1630"/>
							<String ID="string_475" HPOS="1652" VPOS="2039" WIDTH="122" HEIGHT="32" WC="0.93" CONTENT="honom"/><SP WIDTH="24" VPOS="2039" HPOS="1774"/>
							<String ID="string_476" HPOS="1798" VPOS="2047" WIDTH="51" HEIGHT="25" WC="0.32" CONTENT="atr"/>
						</TextLine>
						<TextLine ID="line_42" HPOS="216" VPOS="2070" WIDTH="1631" HEIGHT="52">
							<String ID="string_477" HPOS="216" VPOS="2070" WIDTH="99" HEIGHT="39" WC="0.95" CONTENT="välja,"/><SP WIDTH="35" VPOS="2070" HPOS="315"/>
							<String ID="string_478" HPOS="350" VPOS="2071" WIDTH="12" HEIGHT="29" WC="0.96" CONTENT="i"/><SP WIDTH="34" VPOS="2071" HPOS="362"/>
							<String ID="string_479" HPOS="396" VPOS="2074" WIDTH="111" HEIGHT="37" WC="0.95" CONTENT="någon"/><SP WIDTH="33" VPOS="2074" HPOS="507"/>
							<String ID="string_480" HPOS="540" VPOS="2075" WIDTH="78" HEIGHT="28" WC="0.95" CONTENT="mån"/><SP WIDTH="24" VPOS="2075" HPOS="618"/>
							<String ID="string_481" HPOS="642" VPOS="2077" WIDTH="170" HEIGHT="27" WC="0.96" CONTENT="motsvara"/><SP WIDTH="26" VPOS="2077" HPOS="812"/>
							<String ID="string_482" HPOS="838" VPOS="2075" WIDTH="198" HEIGHT="31" WC="0.95" CONTENT="hvarandra."/><SP WIDTH="45" VPOS="2075" HPOS="1036"/>
							<String ID="string_483" HPOS="1081" VPOS="2076" WIDTH="118" HEIGHT="41" WC="0.87" CONTENT="Enligt"/><SP WIDTH="23" VPOS="2076" HPOS="1199"/>
							<String ID="string_484" HPOS="1222" VPOS="2077" WIDTH="64" HEIGHT="31" WC="0.96" CONTENT="den"/><SP WIDTH="22" VPOS="2077" HPOS="1286"/>
							<String ID="string_485" HPOS="1308" VPOS="2078" WIDTH="141" HEIGHT="33" WC="0.96" CONTENT="Danska"/><SP WIDTH="23" VPOS="2078" HPOS="1449"/>
							<String ID="string_486" HPOS="1472" VPOS="2079" WIDTH="204" HEIGHT="43" WC="0.90" CONTENT="Strafflagen"/><SP WIDTH="24" VPOS="2079" HPOS="1676"/>
							<String ID="string_487" HPOS="1700" VPOS="2083" WIDTH="36" HEIGHT="30" WC="0.95" CONTENT="af"/><SP WIDTH="20" VPOS="2083" HPOS="1736"/>
							<String ID="string_488" HPOS="1756" VPOS="2084" WIDTH="91" HEIGHT="37" WC="0.82" CONTENT="1866,"/>
						</TextLine>
						<TextLine ID="line_43" HPOS="215" VPOS="2113" WIDTH="1630" HEIGHT="54">
							<String ID="string_489" HPOS="215" VPOS="2123" WIDTH="72" HEIGHT="20" WC="0.95" CONTENT="som"/><SP WIDTH="24" VPOS="2123" HPOS="287"/>
							<String ID="string_490" HPOS="311" VPOS="2113" WIDTH="109" HEIGHT="31" WC="0.96" CONTENT="likväl"/><SP WIDTH="24" VPOS="2113" HPOS="420"/>
							<String ID="string_491" HPOS="444" VPOS="2114" WIDTH="212" HEIGHT="39" WC="0.96" CONTENT="bestämmer,"/><SP WIDTH="25" VPOS="2114" HPOS="656"/>
							<String ID="string_492" HPOS="681" VPOS="2120" WIDTH="50" HEIGHT="27" WC="0.93" CONTENT="att"/><SP WIDTH="22" VPOS="2120" HPOS="731"/>
							<String ID="string_493" HPOS="753" VPOS="2120" WIDTH="132" HEIGHT="28" WC="0.86" CONTENT="vatten-"/><SP WIDTH="24" VPOS="2120" HPOS="885"/>
							<String ID="string_494" HPOS="909" VPOS="2118" WIDTH="61" HEIGHT="31" WC="0.93" CONTENT="och"/><SP WIDTH="23" VPOS="2118" HPOS="970"/>
							<String ID="string_495" HPOS="993" VPOS="2118" WIDTH="216" HEIGHT="33" WC="0.89" CONTENT="brödstraffet"/><SP WIDTH="16" VPOS="2118" HPOS="1209"/>
							<String ID="string_496" HPOS="1225" VPOS="2121" WIDTH="150" HEIGHT="41" WC="0.91" CONTENT="afbrytes"/><SP WIDTH="17" VPOS="2121" HPOS="1375"/>
							<String ID="string_497" HPOS="1392" VPOS="2123" WIDTH="83" HEIGHT="31" WC="0.93" CONTENT="hvar"/><SP WIDTH="16" VPOS="2123" HPOS="1475"/>
							<String ID="string_498" HPOS="1491" VPOS="2124" WIDTH="83" HEIGHT="40" WC="0.69" CONTENT="3:djo"/><SP WIDTH="17" VPOS="2124" HPOS="1574"/>
							<String ID="string_499" HPOS="1591" VPOS="2125" WIDTH="82" HEIGHT="31" WC="0.57" CONTENT="eller"/><SP WIDTH="15" VPOS="2125" HPOS="1673"/>
							<String ID="string_500" HPOS="1688" VPOS="2127" WIDTH="62" HEIGHT="30" WC="0.79" CONTENT="5:te"/><SP WIDTH="22" VPOS="2127" HPOS="1750"/>
							<String ID="string_501" HPOS="1772" VPOS="2126" WIDTH="73" HEIGHT="41" WC="0.66" CONTENT="car,"/>
						</TextLine>
						<TextLine ID="line_44" HPOS="214" VPOS="2157" WIDTH="1633" HEIGHT="52">
							<String ID="string_502" HPOS="214" VPOS="2166" WIDTH="119" HEIGHT="20" WC="0.94" CONTENT="svarar"/><SP WIDTH="36" VPOS="2166" HPOS="333"/>
							<String ID="string_503" HPOS="369" VPOS="2157" WIDTH="16" HEIGHT="30" WC="0.87" CONTENT="1"/><SP WIDTH="38" VPOS="2157" HPOS="385"/>
							<String ID="string_504" HPOS="423" VPOS="2157" WIDTH="80" HEIGHT="41" WC="0.95" CONTENT="dags"/><SP WIDTH="35" VPOS="2157" HPOS="503"/>
							<String ID="string_505" HPOS="538" VPOS="2163" WIDTH="116" HEIGHT="27" WC="0.96" CONTENT="vatten"/><SP WIDTH="34" VPOS="2163" HPOS="654"/>
							<String ID="string_506" HPOS="688" VPOS="2159" WIDTH="62" HEIGHT="31" WC="0.96" CONTENT="och"/><SP WIDTH="30" VPOS="2159" HPOS="750"/>
							<String ID="string_507" HPOS="780" VPOS="2160" WIDTH="82" HEIGHT="31" WC="0.96" CONTENT="bröd"/><SP WIDTH="23" VPOS="2160" HPOS="862"/>
							<String ID="string_508" HPOS="885" VPOS="2166" WIDTH="71" HEIGHT="26" WC="0.95" CONTENT="mot"/><SP WIDTH="22" VPOS="2166" HPOS="956"/>
							<String ID="string_509" HPOS="978" VPOS="2162" WIDTH="19" HEIGHT="30" WC="0.96" CONTENT="4"/><SP WIDTH="25" VPOS="2162" HPOS="997"/>
							<String ID="string_510" HPOS="1022" VPOS="2162" WIDTH="117" HEIGHT="40" WC="0.96" CONTENT="dagars"/><SP WIDTH="24" VPOS="2162" HPOS="1139"/>
							<String ID="string_511" HPOS="1163" VPOS="2163" WIDTH="156" HEIGHT="41" WC="0.93" CONTENT="fängelse."/><SP WIDTH="47" VPOS="2163" HPOS="1319"/>
							<String ID="string_512" HPOS="1366" VPOS="2165" WIDTH="118" HEIGHT="42" WC="0.88" CONTENT="Enligt"/><SP WIDTH="23" VPOS="2165" HPOS="1484"/>
							<String ID="string_513" HPOS="1507" VPOS="2167" WIDTH="63" HEIGHT="31" WC="0.95" CONTENT="den"/><SP WIDTH="23" VPOS="2167" HPOS="1570"/>
							<String ID="string_514" HPOS="1593" VPOS="2167" WIDTH="134" HEIGHT="32" WC="0.96" CONTENT="Norska"/><SP WIDTH="22" VPOS="2167" HPOS="1727"/>
							<String ID="string_515" HPOS="1749" VPOS="2169" WIDTH="98" HEIGHT="40" WC="0.66" CONTENT="laxen"/>
						</TextLine>
						<TextLine ID="line_45" HPOS="215" VPOS="2200" WIDTH="1632" HEIGHT="51">
							<String ID="string_516" HPOS="215" VPOS="2209" WIDTH="117" HEIGHT="20" WC="0.79" CONTENT="svurar"/><SP WIDTH="37" VPOS="2209" HPOS="332"/>
							<String ID="string_517" HPOS="369" VPOS="2210" WIDTH="42" HEIGHT="20" WC="0.95" CONTENT="en"/><SP WIDTH="35" VPOS="2210" HPOS="411"/>
							<String ID="string_518" HPOS="446" VPOS="2200" WIDTH="80" HEIGHT="40" WC="0.95" CONTENT="dags"/><SP WIDTH="34" VPOS="2200" HPOS="526"/>
							<String ID="string_519" HPOS="560" VPOS="2201" WIDTH="149" HEIGHT="41" WC="0.95" CONTENT="fängelse"/><SP WIDTH="34" VPOS="2201" HPOS="709"/>
							<String ID="string_520" HPOS="743" VPOS="2202" WIDTH="58" HEIGHT="31" WC="0.95" CONTENT="vid"/><SP WIDTH="30" VPOS="2202" HPOS="801"/>
							<String ID="string_521" HPOS="831" VPOS="2207" WIDTH="117" HEIGHT="28" WC="0.96" CONTENT="vatten"/><SP WIDTH="25" VPOS="2207" HPOS="948"/>
							<String ID="string_522" HPOS="973" VPOS="2204" WIDTH="60" HEIGHT="31" WC="0.96" CONTENT="och"/><SP WIDTH="24" VPOS="2204" HPOS="1033"/>
							<String ID="string_523" HPOS="1057" VPOS="2205" WIDTH="82" HEIGHT="31" WC="0.82" CONTENT="bröd"/><SP WIDTH="23" VPOS="2205" HPOS="1139"/>
							<String ID="string_524" HPOS="1162" VPOS="2211" WIDTH="70" HEIGHT="26" WC="0.96" CONTENT="mot"/><SP WIDTH="23" VPOS="2211" HPOS="1232"/>
							<String ID="string_525" HPOS="1255" VPOS="2207" WIDTH="20" HEIGHT="31" WC="0.96" CONTENT="8"/><SP WIDTH="24" VPOS="2207" HPOS="1275"/>
							<String ID="string_526" HPOS="1299" VPOS="2207" WIDTH="118" HEIGHT="42" WC="0.93" CONTENT="dagars"/><SP WIDTH="25" VPOS="2207" HPOS="1417"/>
							<String ID="string_527" HPOS="1442" VPOS="2214" WIDTH="115" HEIGHT="34" WC="0.92" CONTENT="arrest,"/><SP WIDTH="26" VPOS="2214" HPOS="1557"/>
							<String ID="string_528" HPOS="1583" VPOS="2211" WIDTH="117" HEIGHT="31" WC="0.34" CONTENT="dervid"/><SP WIDTH="24" VPOS="2211" HPOS="1700"/>
							<String ID="string_529" HPOS="1724" VPOS="2213" WIDTH="55" HEIGHT="30" WC="0.0" CONTENT="fån"/><SP WIDTH="10" VPOS="2213" HPOS="1779"/>
							<String ID="string_530" HPOS="1789" VPOS="2224" WIDTH="58" HEIGHT="27" WC="0.0" CONTENT="ren"/>
						</TextLine>
						<TextLine ID="line_46" HPOS="210" VPOS="2239" WIDTH="1634" HEIGHT="57">
							<String ID="string_531" HPOS="210" VPOS="2239" WIDTH="111" HEIGHT="34" WC="0.95" CONTENT="likväl"/><SP WIDTH="37" VPOS="2239" HPOS="321"/>
							<String ID="string_532" HPOS="358" VPOS="2243" WIDTH="69" HEIGHT="30" WC="0.82" CONTENT="kan"/><SP WIDTH="36" VPOS="2243" HPOS="427"/>
							<String ID="string_533" HPOS="463" VPOS="2243" WIDTH="161" HEIGHT="32" WC="0.82" CONTENT="förskaffa"/><SP WIDTH="33" VPOS="2243" HPOS="624"/>
							<String ID="string_534" HPOS="657" VPOS="2245" WIDTH="50" HEIGHT="41" WC="0.96" CONTENT="sig"/><SP WIDTH="35" VPOS="2245" HPOS="707"/>
							<String ID="string_535" HPOS="742" VPOS="2246" WIDTH="111" HEIGHT="31" WC="0.96" CONTENT="bättre"/><SP WIDTH="35" VPOS="2246" HPOS="853"/>
							<String ID="string_536" HPOS="888" VPOS="2247" WIDTH="87" HEIGHT="36" WC="0.96" CONTENT="kost,"/><SP WIDTH="37" VPOS="2247" HPOS="975"/>
							<String ID="string_537" HPOS="1012" VPOS="2248" WIDTH="82" HEIGHT="31" WC="0.46" CONTENT="celler"/><SP WIDTH="22" VPOS="2248" HPOS="1094"/>
							<String ID="string_538" HPOS="1116" VPOS="2249" WIDTH="20" HEIGHT="30" WC="0.96" CONTENT="4"/><SP WIDTH="24" VPOS="2249" HPOS="1136"/>
							<String ID="string_539" HPOS="1160" VPOS="2249" WIDTH="118" HEIGHT="41" WC="0.96" CONTENT="dagars"/><SP WIDTH="23" VPOS="2249" HPOS="1278"/>
							<String ID="string_540" HPOS="1301" VPOS="2250" WIDTH="149" HEIGHT="42" WC="0.94" CONTENT="fängelse"/><SP WIDTH="25" VPOS="2250" HPOS="1450"/>
							<String ID="string_541" HPOS="1475" VPOS="2256" WIDTH="43" HEIGHT="37" WC="0.96" CONTENT="på"/><SP WIDTH="22" VPOS="2256" HPOS="1518"/>
							<String ID="string_542" HPOS="1540" VPOS="2254" WIDTH="114" HEIGHT="41" WC="0.92" CONTENT="vanlig"/><SP WIDTH="23" VPOS="2254" HPOS="1654"/>
							<String ID="string_543" HPOS="1677" VPOS="2255" WIDTH="167" HEIGHT="41" WC="0.36" CONTENT="fångkoast."/>
						</TextLine>
						<TextLine ID="line_47" HPOS="209" VPOS="2283" WIDTH="1637" HEIGHT="56">
							<String ID="string_544" HPOS="209" VPOS="2283" WIDTH="74" HEIGHT="33" WC="0.95" CONTENT="Vår"/><SP WIDTH="35" VPOS="2283" HPOS="283"/>
							<String ID="string_545" HPOS="318" VPOS="2296" WIDTH="48" HEIGHT="20" WC="0.92" CONTENT="nu"/><SP WIDTH="36" VPOS="2296" HPOS="366"/>
							<String ID="string_546" HPOS="402" VPOS="2286" WIDTH="156" HEIGHT="40" WC="0.92" CONTENT="gällande"/><SP WIDTH="34" VPOS="2286" HPOS="558"/>
							<String ID="string_547" HPOS="592" VPOS="2287" WIDTH="54" HEIGHT="41" WC="0.96" CONTENT="lag"/><SP WIDTH="29" VPOS="2287" HPOS="646"/>
							<String ID="string_548" HPOS="675" VPOS="2288" WIDTH="135" HEIGHT="41" WC="0.95" CONTENT="stadgar"/><SP WIDTH="23" VPOS="2288" HPOS="810"/>
							<String ID="string_549" HPOS="833" VPOS="2290" WIDTH="19" HEIGHT="30" WC="0.96" CONTENT="3"/><SP WIDTH="24" VPOS="2290" HPOS="852"/>
							<String ID="string_550" HPOS="876" VPOS="2290" WIDTH="60" HEIGHT="31" WC="0.96" CONTENT="och"/><SP WIDTH="33" VPOS="2290" HPOS="936"/>
							<String ID="string_551" HPOS="969" VPOS="2290" WIDTH="176" HEIGHT="33" WC="0.96" CONTENT="Utskottet"/><SP WIDTH="23" VPOS="2290" HPOS="1145"/>
							<String ID="string_552" HPOS="1168" VPOS="2292" WIDTH="141" HEIGHT="33" WC="0.95" CONTENT="föreslår"/><SP WIDTH="23" VPOS="2292" HPOS="1309"/>
							<String ID="string_553" HPOS="1332" VPOS="2295" WIDTH="157" HEIGHT="42" WC="0.96" CONTENT="omkring"/><SP WIDTH="23" VPOS="2295" HPOS="1489"/>
							<String ID="string_554" HPOS="1512" VPOS="2296" WIDTH="18" HEIGHT="31" WC="0.95" CONTENT="2"/><SP WIDTH="26" VPOS="2296" HPOS="1530"/>
							<String ID="string_555" HPOS="1556" VPOS="2297" WIDTH="116" HEIGHT="41" WC="0.96" CONTENT="dagars"/><SP WIDTH="24" VPOS="2297" HPOS="1672"/>
							<String ID="string_556" HPOS="1696" VPOS="2298" WIDTH="150" HEIGHT="41" WC="0.88" CONTENT="fängelse"/>
						</TextLine>
						<TextLine ID="line_48" HPOS="211" VPOS="2329" WIDTH="988" HEIGHT="43">
							<String ID="string_557" HPOS="211" VPOS="2329" WIDTH="245" HEIGHT="31" WC="0.96" CONTENT="motsvarande"/><SP WIDTH="27" VPOS="2329" HPOS="456"/>
							<String ID="string_558" HPOS="483" VPOS="2330" WIDTH="16" HEIGHT="30" WC="0.95" CONTENT="1"/><SP WIDTH="27" VPOS="2330" HPOS="499"/>
							<String ID="string_559" HPOS="526" VPOS="2329" WIDTH="81" HEIGHT="41" WC="0.96" CONTENT="dags"/><SP WIDTH="23" VPOS="2329" HPOS="607"/>
							<String ID="string_560" HPOS="630" VPOS="2331" WIDTH="150" HEIGHT="41" WC="0.96" CONTENT="fängelse"/><SP WIDTH="23" VPOS="2331" HPOS="780"/>
							<String ID="string_561" HPOS="803" VPOS="2332" WIDTH="57" HEIGHT="31" WC="0.96" CONTENT="vid"/><SP WIDTH="23" VPOS="2332" HPOS="860"/>
							<String ID="string_562" HPOS="883" VPOS="2337" WIDTH="116" HEIGHT="27" WC="0.96" CONTENT="vatten"/><SP WIDTH="24" VPOS="2337" HPOS="999"/>
							<String ID="string_563" HPOS="1023" VPOS="2334" WIDTH="60" HEIGHT="31" WC="0.97" CONTENT="och"/><SP WIDTH="25" VPOS="2334" HPOS="1083"/>
							<String ID="string_564" HPOS="1108" VPOS="2335" WIDTH="91" HEIGHT="32" WC="0.96" CONTENT="bröd."/>
						</TextLine>
					</TextBlock>
					<TextBlock ID="block_7" HPOS="320" VPOS="2372" WIDTH="1423" HEIGHT="48">
						<TextLine ID="line_49" HPOS="320" VPOS="2372" WIDTH="1423" HEIGHT="48">
							<String ID="string_565" HPOS="320" VPOS="2372" WIDTH="72" HEIGHT="31" WC="0.41" CONTENT="DBih."/><SP WIDTH="28" VPOS="2372" HPOS="392"/>
							<String ID="string_566" HPOS="420" VPOS="2373" WIDTH="49" HEIGHT="30" WC="0.92" CONTENT="till"/><SP WIDTH="22" VPOS="2373" HPOS="469"/>
							<String ID="string_567" HPOS="491" VPOS="2373" WIDTH="107" HEIGHT="32" WC="0.90" CONTENT="Riksd."/><SP WIDTH="26" VPOS="2373" HPOS="598"/>
							<String ID="string_568" HPOS="624" VPOS="2374" WIDTH="84" HEIGHT="32" WC="0.76" CONTENT="Prot."/><SP WIDTH="26" VPOS="2374" HPOS="708"/>
							<String ID="string_569" HPOS="734" VPOS="2376" WIDTH="91" HEIGHT="30" WC="0.86" CONTENT="1871."/><SP WIDTH="50" VPOS="2376" HPOS="825"/>
							<String ID="string_570" HPOS="875" VPOS="2378" WIDTH="16" HEIGHT="28" WC="0.91" CONTENT="7"/><SP WIDTH="27" VPOS="2378" HPOS="891"/>
							<String ID="string_571" HPOS="918" VPOS="2376" WIDTH="94" HEIGHT="32" WC="0.88" CONTENT="Saml."/><SP WIDTH="27" VPOS="2376" HPOS="1012"/>
							<String ID="string_572" HPOS="1039" VPOS="2379" WIDTH="20" HEIGHT="29" WC="0.92" CONTENT="5"/><SP WIDTH="25" VPOS="2379" HPOS="1059"/>
							<String ID="string_573" HPOS="1084" VPOS="2378" WIDTH="87" HEIGHT="42" WC="0.84" CONTENT="Höft."/><SP WIDTH="553" VPOS="2378" HPOS="1171"/>
							<String ID="string_574" HPOS="1724" VPOS="2384" WIDTH="19" HEIGHT="30" WC="0.11" CONTENT="2"/>
						</TextLine>
					</TextBlock>
				</ComposedBlock>
			</PrintSpace>
		</Page>
	</Layout>
</alto>
