2210 2646
374 205 20 29 2
920 197 213 40 Lagutskottets
1152 195 154 30 utlåtande
1328 194 46 29 Nr
1397 194 29 28 4.

376 284 69 35 och
473 281 114 36 andra
614 278 182 49 slagsmål,
825 278 89 34 eller
941 274 238 49 förgripelser
1206 272 84 35 med
1317 269 222 50 skymfeliga
1565 267 67 37 ord
1659 268 68 35 och
1755 267 227 48 gierningar,

375 333 158 36 emellan
560 330 209 40 frälsemän,
798 327 89 36 eller
914 326 123 35 theras
1064 323 225 42 wederlikar,
1318 328 68 29 när
1413 320 176 35 domaren
1616 320 10 33 i
1648 324 116 35 orten,
1784 317 82 35 ther
1884 318 101 46 gier-

376 385 138 47 ningen
541 380 106 50 giord
675 387 50 37 är,
754 378 92 36 först
872 377 84 35 ther
983 388 58 23 om
1069 372 206 45 ransakadt,
1305 371 84 36 med
1417 371 90 35 flera
1527 370 70 35 mål
1639 388 15 4 —
1698 387 35 5 —
1768 387 39 4 —
1838 389 39 5 —
1912 386 47 4 —
1967 381 13 15 »

478 431 142 38 Genom
656 430 106 35 dessa
787 427 279 37 bestämmelser
1092 423 166 37 infördes
1285 424 13 33 i
1325 422 71 35 den
1425 434 74 35 nya
1526 421 185 34 allmänna
1737 419 108 47 lagen
1873 423 113 29 rätts-

376 485 133 47 regler,
547 495 77 23 som
651 479 114 37 redan
791 480 105 46 långt
921 477 157 47 tidigare
1104 475 97 35 varit
1228 472 171 49 gällande
1426 474 48 45 på
1500 469 123 50 grund
1650 469 40 35 af
1715 469 127 35 adelns
1870 468 116 48 privi-

377 535 116 47 legier
520 533 68 35 och
616 530 116 37 andra
758 528 179 37 särskilda
968 525 275 47 författningar.
1298 522 180 38 Grunden
1506 521 58 35 till
1592 520 126 36 adelns
1747 519 241 47 särställning

377 587 13 34 i
417 585 104 36 detta
546 580 207 38 hänseende
780 581 61 46 låg
873 577 273 46 otvifvelaktigt
1172 576 12 34 i
1213 574 71 36 den
1313 572 302 49 uppfattningen,
1644 575 53 30 att
1724 570 91 34 hvar
1842 569 69 35 och
1939 581 47 22 en

377 635 116 37 borde
533 633 124 36 dömas
697 630 40 36 af
775 631 79 35 sina
889 629 105 43 likar,
1027 626 67 36 och
1122 625 121 36 denna
1270 623 243 49 uppfattning
1541 621 88 35 fann
1656 620 111 47 tidigt
1795 619 150 48 uttryck
1972 619 13 34 i

378 683 295 50 lagstiftningen.
728 681 15 35 I
771 681 71 35 den
870 682 40 33 år
940 679 94 36 1614
1064 675 195 37 utfärdade
1278 671 420 50 rättegångsordningen
1718 670 271 47 (»rättegångs-

379 730 276 47 ordinantien»)
684 730 206 49 stadgades,
918 734 54 30 att
998 728 90 36 Svea
1115 725 137 37 hofrätt
1279 726 119 34 skulle
1426 722 130 49 pröfva
1584 722 95 35 vissa
1706 723 144 33 svårare
1870 721 120 34 brott-

381 787 84 43 mål,
494 786 102 34 hvari
623 796 46 23 en
696 782 187 36 adelsman
910 793 64 22 var
1001 776 211 44 inblandad,
1241 775 111 36 sedan
1379 772 275 37 vederbörande
1682 771 194 35 underrätt
1894 769 95 36 först

380 836 197 36 rannsakat
615 833 105 37 öfver
758 832 150 35 brottet.
962 829 84 36 Men
1086 827 212 48 privilegiet
1336 824 124 49 gällde
1500 822 109 36 äfven
1651 821 57 36 för
1748 821 44 35 de
1829 819 76 46 fall,
1934 824 55 31 att

381 887 188 36 adelsmän
609 886 56 46 sig
700 883 157 36 emellan
894 881 91 35 eller
1024 878 83 36 med
1140 877 114 36 andra
1280 875 156 36 tvistade
1464 887 59 23 om
1552 871 169 37 arfskifte
1749 872 89 35 eller
1861 870 128 48 jorda-

381 937 103 49 gods.
538 936 423 46 Rättegångsprocessen
999 928 38 37 af
1062 929 71 35 den
1162 929 45 34 23
1233 928 84 46 juni
1348 927 96 34 1615
1473 923 215 37 bekräftade
1716 923 101 34 detta
1845 920 144 36 undan-

382 985 284 51 tagsstadgande
695 983 83 36 med
805 982 224 46 hänvisning
1055 980 57 34 till
1141 978 260 48 privilegierna
1428 975 69 36 och
1525 972 463 49 rättegångsordinantien.

483 1038 69 35 Att
590 1034 188 37 hofrätten
814 1032 119 36 skulle
968 1029 129 50 pröfva
1128 1029 106 35 dessa
1260 1027 126 36 adelns
1414 1027 73 34 mål
1515 1023 243 42 innefattade,
1787 1027 53 30 att
1867 1022 122 35 målen

382 1087 312 47 hufvudsakligen
721 1082 190 38 afdömdes
939 1081 36 36 af
1002 1080 197 42 adelsmän,
1229 1077 175 37 eftersom
1433 1074 190 38 hofrätten
1649 1075 59 35 till
1736 1079 118 30 större
1881 1071 109 35 delen

380 1138 133 38 bestod
541 1136 39 37 af
603 1136 197 36 adelsmän.

485 1188 136 47 Adliga
647 1185 263 49 privilegierna
937 1183 70 35 den
1037 1183 44 34 26
1110 1180 153 36 oktober
1292 1180 94 34 1723
1416 1176 93 36 hade
1537 1177 11 34 i
1576 1171 19 50 $
1616 1177 18 34 6
1655 1173 163 48 följande
1832 1171 157 50 lydelse:

491 1238 232 36 »Förwärkar
761 1238 122 45 någon
924 1232 187 37 adelsman
1138 1229 56 44 lif,
1236 1230 98 42 ähra,
1372 1228 123 47 adelig
1531 1225 111 36 frihet
1669 1225 67 35 och
1765 1223 225 48 privilegier,

384 1290 92 49 gods
517 1290 89 34 eller
641 1286 166 48 arfwelig
842 1284 190 48 rättighet,
1062 1284 58 33 må
1146 1281 220 48 giärningen
1394 1278 71 35 wäl
1493 1276 92 37 först
1613 1275 182 41 ransakas,
1824 1273 66 35 där
1917 1273 74 35 hon

384 1340 109 50 giord
520 1347 49 36 är,
598 1342 21 32 å
644 1337 132 36 härads
803 1336 84 47 ting
914 1337 47 46 på
987 1332 125 37 landet
1139 1332 68 35 och
1236 1333 21 33 å
1283 1329 212 47 rådstugu
1471 1325 26 69 i
1527 1326 133 45 städer,
1678 1326 89 35 eller
1784 1324 73 35 wid
1878 1322 116 36 andra

386 1391 247 36 underrätter:
675 1387 84 36 Men
800 1388 34 34 ei
875 1382 239 38 annorstädes
1155 1381 126 36 dömas
1321 1387 46 28 än
1406 1378 74 35 wid
1515 1376 81 37 håf-
1628 1377 89 35 eller
1743 1374 248 42 öfwerrätten,

385 1440 224 37 hwarunder
647 1439 74 35 han
761 1437 118 36 hörer.
934 1434 86 36 Med
1059 1433 82 35 dem
1184 1431 39 36 af
1260 1430 255 47 ridderskapet
1541 1428 67 36 och
1641 1426 142 43 adelen,
1812 1437 79 23 som
1919 1425 75 33 låta

385 1492 121 35 bruka
541 1491 56 47 sig
622 1491 13 33 i
662 1488 227 47 krigstiänst,
927 1484 173 36 förhålles
1136 1481 96 37 efter
1259 1480 340 48 krigsarticklarne;
1628 1477 91 35 dock
1747 1475 89 36 böra
1863 1474 44 35 de
1935 1473 60 36 för

386 1543 108 47 ringa
528 1541 102 35 brott
665 1539 80 35 icke
772 1537 174 47 beläggas
973 1533 84 37 med
1084 1533 131 36 sådant
1241 1530 116 45 straff,
1386 1542 80 23 som
1493 1530 71 34 kan
1591 1527 161 47 nesligit,
1779 1525 67 35 och
1875 1524 119 35 adels-

388 1592 147 37 ståndet
571 1590 229 46 förklenligit
835 1599 107 23 wara.
996 1584 153 37 Jämwaäl
1179 1583 100 35 skola
1306 1581 149 36 adelens
1482 1580 137 35 twister
1646 1578 76 34 sins
1750 1576 155 35 emellan
1933 1587 61 23 om

387 1641 207 44 arfskiften,
623 1638 318 50 förmynderskap,
970 1634 247 48 ersättningar
1244 1633 89 36 eller
1359 1629 248 50 egendomens
1634 1626 190 37 afstående
1851 1626 43 35 til
1915 1638 80 22 cre-

389 1694 151 43 ditorer,
581 1704 78 23 som
700 1703 59 22 om
802 1689 118 35 bättre
956 1691 73 31 rätt
1055 1684 127 45 strida,
1211 1688 95 31 samt
1332 1680 205 42 boskilnad,
1566 1678 98 36 inför
1692 1676 183 37 håfrätten
1905 1676 89 35 skie.

388 1744 87 36 Men
513 1744 54 34 uti
602 1741 70 36 alle
700 1739 113 37 andre
841 1737 192 43 ährender,
1063 1739 118 32 såsom
1210 1746 120 36 syner,
1355 1731 260 49 jordetwister,
1643 1728 100 49 giäld
1770 1728 68 35 och
1866 1725 129 36 skuld-

389 1795 117 41 saker,
534 1793 213 47 kiöpslagan
776 1790 68 36 och
872 1788 147 42 handel,
1047 1791 95 31 samt
1169 1784 113 36 andre
1310 1783 105 36 civil-
1444 1782 68 35 och
1542 1781 147 47 ringare
1716 1777 210 44 bråttmåhl,
1955 1779 40 32 så

389 1845 158 36 emellan
574 1842 129 36 adelen
731 1840 95 43 sielf,
855 1852 78 23 som
962 1837 128 36 adelen
1118 1836 68 36 och
1214 1834 124 44 andre,
1367 1834 78 34 skal
1473 1832 105 35 sökas
1605 1830 69 36 och
1703 1841 131 23 swaras
1862 1830 21 33 å
1912 1828 84 46 ting

389 1895 70 37 och
486 1893 191 48 rådstugu,
706 1891 93 36 efter
826 1890 186 36 allmänna
1038 1888 119 45 lagen,
1187 1883 308 49 undantagandes
1523 1880 255 37 duels-måbhl.>

491 1945 76 36 När
605 1943 208 36 sedermera
847 1939 284 49 lagkommittén
1168 1940 40 32 år
1247 1936 93 35 1826
1370 1932 179 37 framlade
1576 1936 52 30 ett
1655 1928 237 48 fullständigt
1920 1926 76 37 för-

390 1997 79 47 slag
507 1995 58 35 till
605 2007 50 35 ny
691 1992 160 47 civillag,
884 1988 219 38 hemställde
1130 1986 283 49 lagkommittén
1441 1984 13 35 i
1482 1983 176 46 förslaget
1684 1982 57 33 till
1768 1981 230 44 rättegångs-

388 2047 97 43 balk,
514 2050 54 31 att
595 2044 43 36 de
666 2044 184 35 allmänna
877 2040 210 43 domstolar,
1116 2051 77 22 som
1222 2035 113 37 borde
1363 2039 164 44 upptaga
1553 2032 69 36 och
1649 2030 131 49 pröfva
1798 2029 198 43 tvistemål,

390 2097 120 36 skulle
551 2100 151 43 utgöras
742 2092 40 37 af
810 2098 55 30 tre
896 2093 194 39 instanser,
1121 2088 122 36 hvilka
1270 2086 116 36 skulle
1415 2086 115 40 bestå,
1559 2083 70 35 den
1657 2082 115 35 första
1798 2082 48 45 på
1871 2078 127 35 landet

390 2147 41 36 af
464 2145 204 38 häradsrätt
694 2144 68 35 och
790 2144 12 34 i
830 2141 81 37 stad
938 2141 40 35 af
998 2139 184 43 stadsrätt,
1211 2137 71 36 den
1310 2135 115 37 andra
1452 2134 41 36 af
1517 2133 138 37 hofrätt
1683 2132 68 35 och
1779 2130 70 35 den
1877 2127 120 48 tredje

390 2196 41 37 af
454 2197 131 47 högsta
611 2194 218 37 domstolen.
