1884 2782
300 196 21 29 4
722 188 291 35 Statsutskottets
1036 187 186 35 utlåtande
1245 200 42 21 nr
1308 190 74 31 139.

302 272 70 33 ken
390 272 47 42 på
454 282 137 22 samma
607 270 94 42 gång
718 269 109 42 sörjer
843 268 55 34 för
916 268 154 34 behovet
1088 280 46 21 av
1152 267 212 43 fördjupade
1383 267 178 43 språkliga
1577 267 67 33 och
1663 267 146 33 allmän-

302 325 168 33 bildande
494 323 205 42 kunskaper
723 322 66 35 och
813 334 127 30 genom
964 321 164 43 praktisk
1154 320 203 43 utbildning
1380 321 118 42 lägger
1522 320 115 42 grund
1662 319 55 34 för
1741 319 68 34 för-

303 377 248 34 värvsarbetet
568 381 91 29 utan
678 380 56 30 att
751 375 193 34 inskränka
961 376 47 41 på
1025 379 55 29 ett
1096 374 80 34 fritt
1194 374 176 43 yrkesval.
1388 374 247 41 Utredningen
1654 372 156 40 föreslår,

303 435 57 29 att
382 429 468 43 fortsättningsskolplikten
871 428 55 34 för
948 428 232 34 dövstumma
1200 439 121 31 gossar
1341 427 158 33 minskas
1522 427 53 33 till
1598 427 65 32 två
1686 427 37 32 år
1745 425 66 35 och

303 488 57 29 att
382 483 307 43 yrkesvalsramen
711 482 124 42 vidgas
858 486 94 29 samt
974 485 56 30 att
1052 480 397 43 fortsättningsskolans
1471 479 188 43 praktiska
1679 479 132 33 utbild-

303 536 86 43 ning
409 536 148 33 inriktas
578 536 48 42 på
646 534 288 44 grundläggande
953 533 321 44 yrkesutbildning.

349 589 246 42 Utredningen
621 588 65 34 har
711 588 201 34 diskuterat
936 588 65 33 två
1027 587 95 34 olika
1149 587 192 33 alternativ
1366 586 55 34 till
1447 585 365 42 fortsättningsskola,

303 643 98 33 vilka
421 643 95 33 båda
534 642 126 42 medge
681 654 44 21 en
746 640 241 43 organisation
1007 640 111 42 enligt
1138 640 44 34 de
1203 640 154 42 angivna
1378 638 236 42 riktlinjerna,
1633 638 180 42 nämligen

305 710 17 16 »
328 695 451 43 Göteborgsalternativet»
809 694 67 34 och
905 693 529 42 »Vänersborgsalternativet».
1461 692 138 34 Härom
1628 691 102 34 anför
1756 695 56 29 ut-

304 749 193 42 redningen
518 748 110 34 bland
651 752 112 29 annat
783 747 169 42 följande.

352 836 657 43 Göteborgsalternativet.
1041 834 124 43 Enligt
1186 835 102 33 detta
1308 833 193 34 alternativ
1522 833 111 34 skulle
1655 834 69 34 den
1744 845 64 20 nu-

305 882 157 33 varande
486 881 378 42 fortsättningsskolan
888 880 11 33 i
924 880 225 41 Vänersborg
1172 879 190 42 nedläggas
1388 879 66 32 och
1479 881 153 31 ersättas
1658 878 81 33 med
1765 888 44 22 en

307 926 260 34 internatskola
585 926 11 33 i
615 938 45 21 en
679 926 81 33 stad
778 925 82 34 med
879 925 72 33 rikt
969 924 182 42 förgrenat
1169 923 203 42 näringsliv,
1392 922 205 43 förslagsvis
1617 922 194 41 Göteborg.

304 971 177 33 Eleverna
503 970 112 34 skulle
639 970 45 34 bo
707 971 46 41 på
777 970 124 33 skolan
924 969 66 34 och
1013 970 65 32 där
1100 968 134 34 erhålla
1256 968 53 33 sin
1332 967 194 34 teoretiska
1548 966 266 42 undervisning.

305 1015 366 42 Yrkesutbildningen
688 1015 162 33 däremot
867 1014 110 33 skulle
996 1013 61 34 ske
1074 1013 62 34 vid
1153 1012 145 34 stadens
1313 1012 225 42 yrkesskolor
1555 1011 67 34 och
1638 1011 98 33 inom
1754 1011 62 33 det

304 1060 162 33 enskilda
487 1059 243 42 näringslivet.

353 1137 733 44 Vänersborgsalternativet.
1125 1137 124 42 Enligt
1277 1136 103 34 detta
1408 1135 193 34 alternativ
1630 1135 66 33 bör
1724 1134 86 34 fort-

307 1183 305 43 sättningsskolan
639 1183 12 33 i
678 1183 223 42 Vänersborg
927 1182 196 34 bibehållas
1151 1186 94 29 samt
1271 1180 207 34 reformeras
1507 1180 10 33 i
1545 1180 157 42 enlighet
1728 1179 82 33 med

307 1229 151 42 tidigare
483 1228 154 42 avgivna
664 1227 140 42 förslag.
831 1227 221 42 Skolplikten
1079 1226 158 34 minskas
1263 1226 53 33 till
1342 1226 66 33 två
1434 1226 48 32 år.
1509 1225 81 33 Den
1617 1223 194 34 teoretiska

307 1272 298 43 undervisningen
630 1272 86 34 ökas
739 1272 53 33 till
817 1276 56 29 att
896 1271 156 34 omfatta
1077 1274 42 30 12
1145 1270 269 34 veckotimmar.
1438 1270 82 33 Den
1544 1268 188 43 praktiska
1754 1272 57 29 ut-

308 1318 205 42 bildningen
531 1317 150 33 inriktas
699 1328 95 22 mera
812 1317 48 42 på
876 1315 321 44 yrkesorientering
1214 1315 66 33 och
1298 1314 256 34 förberedande
1572 1312 239 43 yrkesutbild-

305 1363 97 42 ning.
425 1362 223 34 Nuvarande
669 1361 208 43 yrkeslinjer
898 1361 12 33 i
933 1360 159 40 snickeri,
1117 1359 193 40 skrädderi,
1333 1358 200 34 skomakeri
1556 1357 67 34 och
1646 1356 171 43 tapetseri

306 1407 207 34 bibehållas.
534 1407 19 33 I
574 1406 157 42 enlighet
750 1406 82 33 med
851 1405 131 42 förslag
1003 1417 45 21 av
1069 1404 338 42 skolöverstyrelsen
1429 1404 39 32 år
1489 1405 88 31 1944
1598 1402 153 33 inrättas
1773 1413 44 21 en

306 1450 432 43 metallutbildningslinje
758 1454 94 29 samt
870 1461 44 22 en
934 1449 149 34 särskild
1104 1448 191 42 avdelning
1314 1447 55 34 för
1388 1447 205 42 utbildning
1613 1458 47 21 av
1679 1450 137 38 tempo-

308 1496 163 33 arbetare
499 1495 55 33 för
581 1494 314 34 metallindustrin.
924 1494 19 33 I
972 1493 117 43 övrigt
1118 1504 105 31 synes
1251 1504 85 22 man
1365 1491 77 34 icke
1472 1492 88 33 böra
1588 1491 49 42 på
1664 1490 153 34 förhand

310 1540 111 33 binda
440 1539 52 43 sig
510 1539 61 34 vid
591 1539 96 33 vissa
706 1538 344 42 utbildningsyrken,
1070 1542 90 29 utan
1181 1537 10 33 i
1211 1536 200 43 möjligaste
1431 1537 84 33 mån
1536 1547 155 31 anpassa
1709 1547 104 21 urva-

310 1585 50 33 let
377 1597 46 21 av
440 1585 101 33 dessa
557 1583 91 34 efter
664 1583 231 42 växlingarna
910 1582 10 33 i
937 1582 156 34 behovet
1108 1581 67 34 och
1192 1593 123 21 vunna
1330 1580 250 34 erfarenheter.
1597 1580 57 33 En
1671 1579 142 41 utvidg-

306 1629 86 42 ning
416 1641 45 21 av
484 1628 306 43 yrkesvalsramen
815 1627 264 34 åstadkommes
1104 1638 128 30 genom
1256 1630 54 29 ett
1334 1625 215 34 intensivare
1574 1623 237 43 utnyttjande

308 1686 47 21 av
382 1674 45 33 de
452 1672 456 43 utbildningsmöjligheter,
935 1684 75 21 som
1037 1671 145 34 stadens
1209 1670 66 34 och
1302 1670 242 42 grannstaden
1570 1668 248 34 Trollhättans

307 1718 226 42 yrkesskolor
553 1717 68 34 och
643 1717 192 42 näringsliv
857 1715 160 43 erbjuda.

353 1805 248 43 Utredningen
619 1804 161 34 förordar
797 1803 56 34 för
871 1803 53 34 sin
944 1803 56 34 del
1017 1815 44 22 en
1080 1802 243 43 organisation
1341 1802 111 42 enligt
1469 1801 349 42 Vänersborgsalter-

308 1859 142 33 nativet
472 1858 66 34 och
560 1857 158 41 föreslår,
741 1861 56 30 att
818 1856 208 34 nuvarande
1050 1855 256 42 rektorstjänst
1334 1855 5 33 i
1363 1855 56 34 Cb
1434 1859 20 30 8
1477 1855 61 34 vid
1561 1854 257 43 upptagnings-

308 1911 68 34 och
401 1910 418 43 fortsättningsskolorna
843 1910 12 33 i
879 1909 225 42 Vänersborg
1129 1909 172 42 uppdelas
1327 1909 48 42 på
1400 1909 65 32 två
1489 1907 295 42 rektorstjänster
1808 1906 12 33 i

310 1965 55 34 Cb
380 1968 32 36 6,
428 1976 43 21 en
489 1964 54 33 för
559 1964 150 34 vardera
725 1963 135 34 skolan.
876 1962 346 42 Skolöverstyrelsen
1238 1961 196 43 tillstyrker
1449 1960 206 42 minskning
1671 1972 46 21 av
1732 1959 86 34 fort-

309 2016 396 43 sättningsskolplikten
725 2016 55 34 för
799 2028 121 31 gossar
939 2016 54 33 till
1013 2016 65 32 två
1098 2015 39 33 år
1156 2014 66 35 och
1242 2014 133 42 ökning
1395 2026 46 22 av
1461 2015 69 33 den
1549 2013 196 34 teoretiska
1763 2016 56 30 ut-

309 2070 207 43 bildningen
537 2070 55 34 till
614 2073 42 31 12
679 2069 268 34 veckotimmar.
968 2067 268 44 Överstyrelsen
1256 2067 147 35 föreslår
1423 2067 92 35 dock
1536 2066 218 42 avkortning
1774 2077 47 22 av

308 2124 200 33 arbetsåret
532 2123 81 34 från
638 2126 42 30 46
707 2123 54 33 till
786 2126 43 30 39
856 2122 130 34 veckor
1010 2122 12 34 i
1046 2121 103 43 fråga
1171 2134 60 21 om
1256 2121 44 34 de
1325 2121 95 34 båda
1446 2120 255 42 obligatoriska
1726 2120 94 33 åren.

308 2177 82 35 Vad
414 2177 109 42 angår
546 2176 397 43 fortsättningsskolans
967 2175 253 43 organisation,
1243 2174 162 34 förordar
1428 2174 260 42 överstyrelsen
1713 2173 107 34 Göte-

310 2230 349 42 borgsalternativet.

357 2283 125 35 Såsom
500 2295 44 22 en
561 2282 397 43 övergångsanordning
974 2282 12 34 i
1003 2281 187 34 avvaktan
1206 2281 48 43 på
1271 2285 57 29 att
1344 2280 371 42 Vänersborgsskolan
1732 2278 90 34 skall

309 2337 126 34 kunna
452 2337 190 42 nedläggas
660 2336 65 34 bör
741 2336 110 42 enligt
868 2335 276 42 överstyrelsens
1162 2334 144 42 mening
1323 2346 44 21 en
1385 2333 218 44 provisorisk
1621 2332 101 34 skola
1739 2331 83 34 med

309 2394 46 30 25
372 2390 116 33 elever
505 2389 178 34 anordnas
701 2389 11 33 i
731 2388 193 43 Göteborg.
941 2388 256 34 Kostnaderna
1213 2387 121 34 härför
1350 2387 48 33 ha
1415 2387 11 33 i
1443 2386 194 35 november
1657 2388 88 31 1948
1763 2384 58 34 be-

309 2443 150 33 räknats
482 2442 54 34 till
559 2443 240 41 sammanlagt
823 2445 44 30 78
880 2445 66 30 000
970 2441 142 34 kronor.
1136 2439 33 35 Å
1193 2441 111 33 andra
1328 2440 102 34 sidan
1453 2439 176 34 beräknas
1654 2438 169 42 anslagen

309 2496 57 33 till
389 2495 368 43 Vänersborgsskolan
779 2495 124 33 kunna
924 2494 158 34 minskas
1104 2494 84 34 med
1211 2493 97 34 cirka
1330 2496 43 30 40
1388 2496 66 30 000
1478 2492 143 40 kronor,
1644 2490 178 43 varjämte
