2196 2624
650 154 117 32 Andra
791 152 214 41 lagutskottets
1028 147 163 33 utlåtande
1214 145 51 32 Nr
1290 148 28 29 9.
1725 142 18 28 9

193 239 120 38 skulle
344 238 168 35 befinnas
541 249 45 22 av
615 233 162 37 behovet
803 229 186 50 påkallad,
1021 226 182 48 varjämte
1232 223 186 37 utskottet
1446 220 135 48 gjorde
1601 212 187 57 gällande,

192 297 54 31 att
288 290 64 36 vid
394 289 44 36 de
481 286 262 46 sakkunnigas
773 281 234 37 tillkallande
1036 278 174 36 avsikten
1239 276 83 36 icke
1351 273 106 36 torde
1487 272 97 35 hava
1611 270 98 36 varit
1738 273 54 30 att

194 346 40 33 så
261 343 190 46 begränsa
478 339 108 36 deras
614 336 187 50 uppdrag,
832 339 55 30 att
920 332 45 35 de
995 331 82 36 icke
1106 329 121 36 skulle
1257 333 72 42 äga
1357 330 74 30 rätt
1459 324 55 36 till
1544 321 164 50 uppslag
1736 319 56 36 till

194 394 142 36 sådana
375 390 195 49 praktiska
612 388 186 47 åtgärder,
840 398 81 23 som
963 382 125 37 kunde
1118 392 107 24 anses
1255 377 193 48 lämpliga.
1505 374 195 37 Utskottet
1729 385 64 21 an-

194 444 107 37 förde
330 442 205 37 emellertid
567 440 130 44 tillika,
727 443 55 31 att
823 437 46 35 de
910 432 241 47 sakkunniga
1179 431 65 35 allt
1274 429 115 36 sedan
1419 426 292 48 krigsutbrottet
1739 423 55 35 in-

195 496 103 37 ställt
327 495 66 36 sitt
421 494 129 35 arbete
579 491 70 36 och
676 490 84 36 icke
788 488 150 35 komme
967 490 54 30 att
1050 487 250 43 återupptaga
1329 480 218 43 detsamma,
1565 477 124 35 förrän
1710 486 84 23 nor-

197 547 98 37 mala
322 545 97 36 tider
445 544 148 36 inträtt.

326 596 134 49 Enligt
500 595 73 35 vad
603 593 183 36 utskottet
812 590 200 42 inhämtat,
1041 586 126 48 ligger
1195 584 44 35 de
1268 580 261 48 sakkunnigas
1559 577 125 37 arbete
1713 575 83 36 allt-

193 651 100 48 jämt
320 662 100 33 nere,
450 647 69 37 och
561 646 117 36 ovisst
719 642 106 37 torde
851 653 101 33 vara,
982 652 61 22 om
1072 637 70 36 och
1170 640 67 31 när
1265 633 251 46 utredningen
1544 630 75 35 kan
1646 628 151 36 komma

199 709 55 30 att
282 704 278 44 återupptagas.

329 750 219 38 Emellertid
590 748 105 37 torde
737 744 225 51 spörsmålet
993 743 13 34 i
1033 741 73 35 vad
1136 740 63 35 det
1225 743 63 31 rör
1316 732 383 40 livsmedelshandeln
1728 729 71 36 och

200 802 429 39 livsmedelsindustrien
669 800 102 35 inom
807 797 73 35 den
909 798 189 33 närmaste
1126 791 102 37 tiden
1256 789 13 36 i
1298 800 125 24 annan
1452 785 168 47 ordning
1647 783 154 36 komma

201 857 120 35 under
349 853 277 47 övervägande.

332 907 82 36 Den
447 907 45 34 13
522 903 165 37 februari
714 897 256 40 innevarande
1000 899 40 33 år
1067 895 68 35 har
1162 893 196 46 nämligen
1387 903 46 22 av
1461 888 134 36 chefen
1624 887 57 35 för
1696 884 105 49 jord-

202 959 419 48 bruksdepartementet
644 952 154 51 jämlikt
825 949 143 48 Kungl.
998 947 128 48 Maj:ts
1153 940 310 52 bemyndigande
1492 938 195 37 tillkallats
1716 935 86 37 sak-

203 1010 170 48 kunnige
415 1014 55 31 att
511 1007 85 37 med
638 1005 156 45 ledning
837 1015 45 23 av
922 999 72 37 vad
1024 993 416 51 statsrådsprotokollet
1468 996 92 31 över
1584 987 219 51 jordbruks-

205 1062 164 37 ärenden
397 1061 59 36 för
484 1059 73 37 den
588 1060 43 34 11
677 1055 163 38 februari
885 1054 97 34 1919
1012 1051 12 35 i
1053 1054 126 32 ämnet
1206 1045 209 38 innehåller
1444 1042 225 49 skyndsamt
1696 1038 107 37 verk-

206 1115 109 36 ställa
360 1112 208 48 utredning
613 1109 70 37 och
733 1107 138 47 avgiva
912 1103 145 47 förslag
1100 1099 197 50 angående
1340 1095 275 47 avvecklingen
1656 1104 47 24 av
1732 1090 73 36 den

207 1166 154 48 statliga
388 1160 467 53 spannmålsregleringen
897 1156 71 36 och
1010 1152 152 38 därmed
1198 1146 376 49 sammanhängande
1602 1143 203 38 förhållan-

207 1219 73 36 den
308 1222 98 32 samt
434 1214 198 50 angående
660 1211 178 49 åtgärder
867 1209 60 35 för
968 1220 47 22 en
1043 1205 98 36 sund
1169 1201 222 47 utveckling
1419 1212 46 23 av
1495 1194 310 40 livsmedelshan-

208 1270 87 37 deln
341 1269 94 36 efter
479 1265 199 45 kristiden,
726 1260 184 39 avseende
948 1264 53 31 ett
1041 1255 206 38 närmande
1288 1252 138 37 mellan
1458 1249 250 49 producenter
1737 1245 70 36 och

208 1322 273 35 konsumenter
522 1331 47 22 av
610 1313 195 39 livsmedel
846 1312 12 35 i
891 1311 100 49 syfte
1021 1314 55 30 att
1103 1306 264 37 åstadkomma
1394 1303 124 36 bättre
1549 1298 258 47 avsättnings-

209 1371 259 38 förhållanden
497 1369 71 37 och
596 1366 181 38 tillförsel.

336 1422 167 37 Berörda
548 1414 374 52 statsrådsprotokoll
960 1412 208 37 innehåller
1213 1410 12 35 i
1267 1421 50 23 nu
1348 1403 246 40 förevarande
1624 1400 185 38 avseende

210 1476 167 50 följande
404 1472 212 39 uttalande:

344 1527 154 36 »Ehuru
527 1525 72 36 den
627 1537 46 22 av
701 1521 81 48 mig
809 1534 52 22 nu
888 1519 224 47 ifrågasatta
1139 1513 255 47 utredningen
1423 1510 12 35 i
1464 1509 157 36 främsta
1647 1509 163 33 rummet

214 1593 108 24 avser
366 1579 140 47 frågor,
553 1589 80 24 som
679 1579 86 31 röra
810 1572 120 48 själva
972 1571 246 45 övergången
1256 1565 83 36 från
1368 1563 72 36 den
1469 1574 46 23 av
1543 1559 127 47 kriget
1698 1557 113 35 fram-

212 1631 148 37 kallade
399 1626 453 46 kristidshushållningen
898 1619 235 39 beträffande
1180 1615 247 51 spannmålen
1463 1612 57 36 till
1549 1609 147 38 normal
1723 1608 88 35 hus-

213 1683 188 47 hållning,
430 1693 111 24 anser
564 1680 70 49 jag
662 1677 95 37 dock
784 1675 190 48 lämpligt,
1004 1678 55 30 att
1100 1676 94 31 även
1223 1668 117 37 andra
1368 1662 289 40 närbesläktade
1684 1660 130 47 frågor

214 1736 14 35 i
256 1735 63 36 det
346 1732 317 47 sammanhanget
690 1734 188 43 upptagas
906 1726 56 35 till
990 1722 245 48 behandling.
1292 1718 167 37 Sålunda
1487 1727 113 37 synes
1628 1713 79 43 mig
1722 1711 91 36 böra

215 1786 247 47 undersökas,
516 1782 186 45 huruvida,
744 1780 83 36 icke
869 1779 116 35 minst
1026 1775 86 36 med
1153 1773 159 46 ledning
1340 1784 47 22 av
1416 1767 205 37 kristidens
1650 1764 165 37 erfaren-

216 1839 118 44 heter,
375 1841 56 33 ett
470 1835 124 37 bättre
635 1831 194 38 ordnande
856 1851 50 5 —
934 1826 206 39 eventuellt
1172 1837 140 36 genom
1343 1820 175 50 åtgärder
1547 1819 83 34 från
1659 1816 62 35 det
1749 1813 65 37 all-

217 1896 158 31 männas
421 1888 82 36 sida
530 1908 50 5 —
607 1886 76 36 kan
729 1882 281 38 åstadkommas
1052 1892 46 22 av
1141 1879 20 34 å
1197 1889 71 24 ena
1309 1874 110 36 sidan
1452 1869 177 38 tillförsel
1658 1881 46 22 av
1731 1866 83 36 livs-

218 1942 122 37 medel
366 1941 58 36 till
451 1938 416 38 konsumtionsorterna
908 1933 70 36 och
1024 1934 20 33 å
1086 1929 117 37 andra
1232 1926 107 38 sidan
1368 1918 448 52 avsättningsförhållan-

219 1995 97 36 dena
344 1993 58 36 för
429 1990 280 50 produktionen
751 2001 46 22 av
829 1984 208 37 livsmedel.
1094 1981 65 36 Ett
1187 1980 208 36 närmande
1424 1975 138 36 mellan
1592 1973 224 35 konsumen-

218 2051 59 31 ter
303 2045 70 36 och
400 2043 252 50 producenter
679 2040 70 36 och
780 2044 53 31 ett
860 2032 345 50 undanträngande
1234 2044 46 23 av
1310 2043 46 23 en
1385 2027 121 37 osund
1536 2022 242 53 spekulation
1805 2020 12 36 i

219 2095 367 39 livsförnödenheter
613 2092 72 37 blir
713 2091 66 36 allt
807 2087 234 39 fortfarande
1069 2099 46 22 en
1142 2084 93 36 vital
1263 2079 318 51 angelägenhet.»

350 2149 60 36 Av
455 2146 103 36 detta
602 2143 177 51 yttrande
825 2141 106 36 torde
976 2139 130 35 kunna
1145 2134 173 38 härledas
1347 2129 228 50 antagande,
1612 2132 66 41 att,
1713 2125 6 36 i
1747 2124 71 36 den

223 2204 87 34 mån
339 2201 46 36 de
412 2199 12 36 i
452 2198 195 37 motionen
674 2194 196 49 uttryckta
898 2190 244 38 önskemålen
1172 2201 46 23 av
1246 2186 46 36 de
1321 2182 240 47 sakkunnige
1589 2180 124 36 finnas
1730 2189 91 23 vara

222 2253 119 37 värda
368 2249 221 47 beaktande,
618 2245 337 52 uppmärksamhet
983 2243 171 35 kommer
1183 2245 53 30 att
1265 2243 120 43 ägnas
1415 2236 200 35 desamma.

268 2313 129 42 Bihang
420 2312 49 32 till
491 2309 186 42 riksdagens
699 2305 154 44 protokoll
876 2305 94 31 1919.
1019 2303 19 31 9
1061 2301 88 33 saml.
1196 2301 21 30 2
1241 2298 70 32 avd.
1358 2297 20 31 6
1401 2295 79 41 häft.
1530 2293 67 41 (Nr
1609 2289 110 36 '7—9.)
1758 2289 19 31 2
