1914 2858
559 146 259 30 Statsutskottets
840 144 163 29 utlåtande
1028 143 47 29 Nr
1100 148 67 26 17?.
1577 140 38 30 15

107 238 81 31 verk
211 256 44 4 —
279 236 212 39 gymnasium
517 234 79 33 eller
620 231 255 35 flickrealskola
897 250 45 4 —
965 231 105 32 under
1095 230 54 32 det
1173 233 51 28 att
1249 230 53 31 för
1328 229 54 32 det
1406 227 208 33 återstående

109 280 139 33 stadiets
266 277 255 34 vidkommande
541 275 312 38 samundervisning
871 273 182 38 anordnas;

152 324 43 37 på
221 326 60 34 ort,
309 321 59 32 där
392 320 141 32 allmänt
555 318 156 33 läroverk
736 317 109 32 finnes
871 316 59 32 och
956 313 356 40 lärjungefrekvensen
1337 312 73 33 icke
1436 317 37 27 är
1499 315 115 34 större,

109 370 40 27 än
172 369 52 28 att
247 364 105 38 enligt
377 363 38 33 de
439 361 154 39 grunder,
618 361 38 32 de
681 359 213 37 sakkunniga
918 358 11 31 i
955 358 54 31 det
1033 355 199 39 föregående
1256 360 152 27 närmare
1432 353 182 38 utvecklat,

109 406 313 37 samundervisning
445 405 59 31 bör
525 403 112 32 kunna
662 407 64 33 äga
752 413 72 20 rum
848 401 43 38 på
915 399 206 33 läroverkets
1146 398 91 32 olika
1261 397 134 39 stadier,
1419 395 196 39 tillgodoses

110 451 37 31 0
208 450 87 74 NN
320 445 365 38 läroverksutbildning
711 455 116 28 genom
853 442 207 33 läroverkets
1086 440 212 33 anordnande
1325 440 107 32 såsom
1458 437 157 34 samläro-

109 505 92 20 verk.

150 565 376 41 Departementschefen
553 564 61 32 har
641 562 199 38 framhållit,
868 565 50 28 att
946 560 61 33 den
1034 572 42 19 av
1105 560 83 32 1927
1216 560 54 31 års
1299 558 138 38 riksdag
1464 556 151 33 uttalade

107 619 234 39 grundsatsen,
366 620 51 29 att
441 615 93 39 varje
559 612 336 35 läroverkssamhälle
921 611 100 33 borde
1048 610 137 38 erbjuda
1213 609 175 38 möjlighet
1414 609 53 32 för
1493 607 123 33 flickor

107 675 50 28 att
179 669 128 33 erhålla
330 667 149 34 tillträde
502 666 53 32 till
578 664 242 34 statsläroverk
842 663 106 32 under
971 673 125 21 samma
1119 661 124 32 villkor
1268 672 67 20 som
1360 671 126 26 gossar,
1511 658 104 38 enligt

108 721 198 38 riksdagens
326 719 133 37 mening
479 717 107 33 skulle
606 715 227 38 förverkligas
852 715 12 31 i
884 714 144 31 främsta
1048 717 141 27 rummet
1208 723 117 26 genom
1346 711 38 32 de
1403 710 102 38 högre
1525 721 91 26 goss-

108 771 214 33 läroverkens
351 768 215 38 förvandling
593 767 54 32 till
677 764 242 39 samläroverk;
950 764 61 32 där
1038 762 213 33 läroverkens
1281 761 124 33 storlek
1434 760 116 38 gjorde
1578 771 38 20 en

109 823 95 39 dylik
229 821 187 38 anordning
440 818 170 39 olämplig,
637 817 109 33 skulle
772 817 61 32 den
856 815 177 38 kvinnliga
1058 814 187 37 ungdomen
1270 812 136 32 beredas
1431 810 186 33 läroverks-

108 873 195 38 utbildning
330 883 115 28 genom
474 869 167 33 särskilda
670 866 252 34 flickläroverk.
973 866 92 38 Fyra
1094 864 125 33 sådana
1245 875 78 20 vore
1352 862 99 32 redan
1479 864 137 36 upprät-

108 925 88 38 tade,
221 924 61 33 och
306 923 55 34 det
384 922 110 39 gällde
518 933 44 20 nu
586 924 50 29 att
659 924 105 34 pröva
787 918 139 32 behovet
949 929 42 20 av
1016 915 199 39 ytterligare
1241 912 252 34 flickläroverk.
1549 911 69 32 Vid

111 976 105 32 denna
240 974 165 39 prövning
427 972 111 32 kunde
562 969 364 41 departementschefen
951 967 143 39 givetvis
1119 966 72 32 icke
1216 965 109 32 bortse
1351 964 76 32 från
1450 963 93 32 vissa
1566 962 52 32 be-

109 1026 238 38 tänkligheter,
365 1036 68 21 som
449 1034 172 26 omsorgen
638 1033 51 20 om
707 1022 60 32 den
783 1018 176 39 kvinnliga
976 1017 204 39 ungdomens
1198 1016 96 32 bästa
1312 1013 234 34 framkallade.
1585 1009 34 35 Å

111 1090 59 20 ena
195 1077 96 32 sidan
312 1075 110 33 kunde
444 1072 240 40 upprättandet
707 1084 42 20 av
771 1070 199 39 ytterligare
994 1072 46 29 ett
1063 1071 156 29 avsevärt
1242 1067 92 31 antal
1358 1065 139 37 statliga
1521 1062 99 34 flick-

111 1128 164 38 läroverk,
301 1127 59 33 och
385 1125 140 33 särskilt
548 1136 41 20 av
614 1121 225 38 fullständiga
866 1121 135 38 sådana,
1025 1130 79 21 vara
1133 1122 103 34 ägnat
1261 1120 50 29 att
1334 1117 11 31 i
1372 1116 54 33 det
1450 1114 169 33 allmänna

112 1178 233 33 medvetandet
360 1177 70 32 låta
448 1175 206 33 realexamen
673 1174 60 31 och
751 1173 271 32 studentexamen
1041 1169 144 32 framstå
1203 1180 68 20 som
1291 1168 38 31 de
1347 1166 148 33 normala
1513 1164 107 33 målen

112 1236 81 26 även
213 1230 54 32 för
283 1228 184 33 flickornas
485 1226 101 38 högre
602 1224 209 37 utbildning;
830 1235 37 20 en
884 1221 196 37 utveckling
1097 1220 12 31 i
1128 1219 105 33 denna
1252 1218 150 37 riktning
1420 1228 77 20 vore
1516 1216 104 38 givet-

111 1282 51 32 vis
179 1279 176 39 beklaglig
370 1278 60 33 och
445 1277 85 33 hade
547 1289 42 20 av
606 1275 182 38 riksdagen
806 1272 231 40 uttryckligen
1054 1270 193 33 betecknats
1267 1281 67 20 som
1351 1268 73 32 icke
1443 1265 178 34 önskvärd.

112 1328 33 36 Å
170 1331 105 33 andra
301 1330 94 33 sidan
418 1328 112 33 kunde
553 1339 41 20 ur
618 1325 210 40 pedagogisk
854 1323 173 40 synpunkt
1051 1321 172 33 bestämda
1249 1319 249 37 invändningar
1522 1322 99 33 göras

113 1387 68 29 mot
204 1386 51 29 att
279 1385 81 29 utan
384 1379 181 38 tvingande
590 1377 74 33 skäl
689 1376 148 33 anordna
862 1372 329 38 samundervisning:
1216 1372 11 31 i
1254 1383 38 20 en
1319 1369 104 39 skola,
1450 1380 67 21 som
1542 1367 79 32 ville

116 1433 123 38 främja
256 1429 301 42 självverksamhet
573 1429 59 32 och
647 1425 328 38 individualisering,
991 1435 77 21 vore
1085 1423 73 32 med
1173 1422 132 37 hänsyn
1322 1421 53 31 till
1391 1420 124 32 könens
1533 1417 89 33 olika

114 1484 325 37 utvecklingstempo
467 1481 59 32 och
551 1478 295 37 intresseriktning
873 1474 298 37 särundervisning
1197 1471 237 37 otvivelaktigt
1461 1473 51 28 att
1538 1468 85 32 före-

116 1535 104 38 draga
244 1533 146 33 framför
412 1529 323 38 samundervisning,
759 1528 42 32 då
824 1527 60 32 den
906 1526 110 32 bättre
1038 1524 111 32 kunde
1171 1522 178 38 tillgodose
1373 1520 94 33 såväl
1489 1530 135 27 gossars

116 1598 68 20 som
208 1584 140 33 flickors
373 1582 108 33 skilda
505 1581 101 38 anlag
629 1580 60 32 och
711 1579 105 32 behov
839 1578 59 31 och
921 1574 258 38 enkannerligen
1204 1572 115 39 gjorde
1343 1572 54 32 det
1419 1570 133 38 möjligt
1573 1572 50 28 att

116 1635 226 40 planmässigt
358 1633 147 33 anordna
524 1631 184 32 flickornas
726 1627 241 38 undervisning
985 1627 44 38 på
1047 1628 47 29 ett
1112 1625 86 32 efter
1217 1623 95 32 deras
1332 1624 136 36 egenart
1486 1620 60 32 och
1564 1619 60 32 bli-

116 1687 106 33 vande
241 1685 178 40 uppgifter
440 1682 138 34 särskilt
599 1685 159 35 avpassat
780 1683 77 29 sätt.
901 1678 107 32 Dessa
1031 1674 268 39 betänkligheter
1319 1672 139 32 manade
1481 1670 143 39 givetvis

116 1738 53 32 till
187 1736 202 38 varsamhet,
407 1734 83 33 både
508 1738 61 28 när
586 1733 54 33 det
659 1731 113 39 gällde
791 1734 51 30 att
858 1731 162 37 upprätta
1040 1726 155 39 speciella
1215 1722 251 39 flickläroverk,
1487 1720 137 33 särskilt

118 1788 225 38 fullständiga
360 1785 127 40 dylika,
504 1784 59 33 och
579 1789 61 27 när
656 1783 55 32 det
726 1781 112 39 gällde
854 1783 50 30 att
920 1780 54 32 för
990 1778 123 32 flickor
1129 1782 108 33 öppna
1254 1772 243 42 gossläroverk.
1515 1770 110 34 Emel-

117 1839 100 33 lertid
234 1850 78 21 vore
331 1838 54 32 det
400 1837 171 37 knappast
586 1834 134 38 möjligt
738 1836 50 29 att
805 1832 56 32 vid
878 1828 219 35 bedömandet
1115 1840 41 19 av
1176 1824 231 40 föreliggande
1427 1824 101 37 fråga
1545 1826 80 33 taga

116 1902 92 20 mera
232 1888 189 39 avgörande
446 1887 130 37 hänsyn
600 1885 54 32 till
680 1883 118 39 dylika
824 1880 219 40 synpunkter,
1070 1879 41 32 då
1137 1878 60 32 den
1222 1878 105 30 måste
1354 1887 49 20 ses
1428 1875 12 31 i
1466 1872 159 33 samband

119 1941 73 32 med
213 1940 38 32 de
271 1938 167 39 åtgärder,
460 1948 68 21 som
549 1947 116 27 genom
688 1935 84 31 1927
794 1934 54 31 års
870 1930 200 34 skolreform
1092 1928 100 32 redan
1212 1926 164 38 vidtagits
1399 1925 53 31 för
1472 1923 154 38 tillgodo-

120 1990 116 34 seende
260 2002 42 20 av
326 1988 184 33 flickornas
533 1982 382 38 läroverksutbildning;
941 1981 54 32 för
1018 1978 208 33 närvarande
1249 1988 77 20 vore
1349 1974 180 39 uppgiften
1552 1977 74 27 när-

119 2046 87 29 mast
224 2044 50 29 att
294 2038 229 34 åstadkomma
542 2035 226 38 likställighet
788 2033 121 32 mellan
930 2031 89 32 olika
1039 2025 368 39 läroverkssamhällen,
1429 2025 37 31 så
1485 2027 50 29 att
1554 2022 73 33 icke

120 2093 38 31 de
182 2095 123 29 största
325 2089 101 33 bland
449 2089 38 32 de
508 2086 198 33 medelstora
729 2084 155 34 städerna
905 2082 95 32 bleve
1021 2092 90 20 mera
1134 2082 202 35 ogynnsamt
1357 2075 124 33 ställda
1502 2074 12 32 i
1535 2085 92 20 avse-

121 2143 80 32 ende
221 2143 43 38 på
284 2141 139 37 statliga
442 2135 424 40 utbildningsmöjligheter
886 2134 54 31 för
960 2131 123 33 flickor
1104 2135 41 27 än
1167 2129 38 33 de
1224 2129 103 37 något
1347 2127 80 32 eller
1445 2123 183 38 väsentligt

121 2194 127 31 mindre
265 2189 340 35 läroverksstäderna.
644 2188 18 32 I
682 2187 88 32 detta
791 2186 140 37 frågans
949 2183 75 38 läge
1042 2181 110 39 gällde
1170 2180 55 32 det
1242 2179 101 32 alltså
1359 2178 10 31 i
1389 2176 107 38 själva
1513 2174 116 32 verket

121 2245 83 31 blott
234 2247 101 28 sättet
363 2246 50 28 att
440 2240 101 32 ordna
571 2238 185 32 flickornas
784 2232 366 37 läroverksutbildning
1177 2231 11 31 i
1215 2226 262 40 ifrågavarande
1506 2224 122 33 städer.

123 2294 113 33 Under
263 2293 124 32 sådana
415 2289 230 34 förhållanden
672 2287 111 32 kunde
811 2282 362 42 departementschefen
1201 2281 11 31 i
1240 2278 187 37 väsentliga
1456 2276 92 32 delar
1574 2286 54 20 an-

124 2344 86 32 sluta
235 2343 51 38 sig
308 2342 52 32 till
383 2342 37 31 de
442 2338 219 40 synpunkter,
684 2350 67 19 som
775 2337 37 31 de
835 2333 213 38 sakkunniga
1070 2332 113 31 anfört
1203 2331 11 30 i
1238 2330 96 36 fråga
1359 2339 49 20 om
1431 2325 197 39 ytterligare

123 2395 103 31 behov
253 2406 41 19 av
321 2391 165 33 särskilda
514 2387 240 34 flickläroverk
781 2386 58 32 och
866 2397 68 20 som
962 2382 170 39 godtagits
1159 2392 41 20 av
1227 2376 317 39 skolöverstyrelsen
1571 2374 58 32 och

123 2442 292 39 centralstyrelsen
439 2441 52 31 för
512 2439 95 32 flick-
629 2438 58 32 och
710 2434 374 36 samskoleföreningen.
