1926 2850
296 143 38 30 32
753 145 258 30 Statsutskottets
1032 147 165 30 utlåtande
1219 147 48 29 Nr
1293 153 68 25 177.

299 229 126 33 erinrat
444 230 122 39 därom,
588 234 52 29 att
660 231 192 33 kommunal
873 232 183 33 flickskola
1076 234 107 38 enligt
1203 235 154 37 gällande
1379 236 120 38 stadga
1522 237 60 32 den
1605 238 41 31 24
1667 242 138 34 septem-

299 292 58 20 ver
379 282 84 30 1928
490 280 56 39 (nr
568 281 82 40 426)
677 282 108 33 skulle
806 295 83 20 vara
910 284 170 32 anordnad
1104 286 73 31 med
1200 286 94 33 såväl
1317 286 128 39 sjuårig
1470 299 68 20 som
1563 288 134 38 sexårig
1720 288 84 33 läro-

299 330 91 39 kurs,
414 331 93 32 vilka
529 332 121 32 kurser
671 333 107 33 skulle
801 346 82 20 vara
905 335 158 37 antingen
1085 347 62 20 var
1170 336 53 33 för
1247 337 52 37 sig
1324 337 183 32 fristående
1531 338 81 32 eller
1634 339 74 32 med
1731 351 74 20 var-

298 382 105 31 andra
420 382 167 33 förenade.
626 383 69 32 Vid
714 384 182 33 fristående
914 385 152 33 lärokurs
1085 386 111 33 skulle
1214 387 60 32 den
1294 387 149 38 sjuåriga
1462 389 212 32 lärokursens
1693 390 111 37 lägsta

298 432 93 33 klass
418 433 151 38 anknyta
595 434 55 32 till
676 434 209 34 folkskolans
912 436 109 38 fjärde
1048 437 92 32 klass
1169 438 60 31 och
1256 438 61 32 den
1344 439 156 38 sexåriga
1525 439 141 33 kursens
1693 440 112 38 lägsta

297 482 93 33 klass
411 483 54 32 till
486 484 100 38 sjätte
606 484 134 34 klassen
762 498 42 19 av
826 498 69 20 sex-
916 486 79 33 eller
1018 488 130 38 sjuårig
1171 488 179 39 folkskola,
1375 490 170 32 anordnad
1568 490 105 38 enligt
1695 492 109 37 någon

297 546 42 19 av
356 534 105 32 denna
478 534 111 33 skolas
604 535 251 34 huvudformer.
893 537 53 32 Då
962 538 235 32 lärokurserna
1213 551 77 20 vore
1308 540 166 38 förenade,
1494 540 107 33 skulle
1619 541 184 39 lärjungar,

298 596 68 20 som
391 586 194 37 genomgått
610 586 209 34 folkskolans
846 588 110 37 fjärde
980 588 103 39 klass,
1110 589 114 32 kunna
1247 591 101 31 vinna
1373 591 131 32 inträde
1529 592 11 31 i
1567 591 60 32 den
1653 592 152 39 sjuåriga

297 635 214 33 lärokursens
541 637 110 32 första
679 637 102 39 klass,
812 643 88 27 samt
927 639 185 40 lärjungar,
1144 652 68 20 som
1243 642 194 37 genomgått
1468 642 100 38 sjätte
1598 642 135 33 klassen
1763 655 42 20 av

298 697 70 20 sex-
395 686 81 32 eller
502 687 131 38 sjuårig
660 688 179 39 folkskola,
868 690 168 32 anordnad
1064 690 107 38 enligt
1196 691 109 38 någon
1333 704 42 20 av
1404 692 103 32 sådan
1537 693 111 32 skolas
1677 694 127 32 huvud-

298 737 134 38 former,
455 737 112 33 kunna
591 738 134 38 intagas
747 739 12 31 i
780 739 107 33 andra
906 740 134 33 klassen
1063 753 42 20 av
1130 753 126 21 samma
1279 742 164 39 lärokurs,
1467 743 113 32 vilken
1603 743 93 33 klass
1722 745 81 31 såle-

298 786 55 32 des
372 787 130 33 komme
522 792 51 29 att
593 789 115 32 tillika
727 793 121 35 utgöra
869 791 62 32 den
952 792 155 38 sexåriga
1129 792 212 34 lärokursens
1363 793 113 38 lägsta
1496 794 106 33 klass.
1646 794 50 33 De
1718 795 87 32 båda

298 837 234 33 lärokurserna
560 838 120 40 skulle,
706 852 50 20 om
783 841 40 32 de
847 853 77 20 vore
950 842 195 39 fristående,
1171 844 11 31 i
1208 843 211 33 läroämnena
1444 845 195 32 undervisas
1666 858 61 19 var
1753 846 52 31 för

297 887 61 38 sig,
379 888 83 32 dock
480 889 109 32 skulle
607 902 188 26 gemensam
813 892 241 38 undervisning
1071 893 166 32 anordnas
1258 894 53 31 för
1329 894 38 32 de
1385 894 88 32 båda
1490 895 122 38 högsta
1630 895 173 33 klasserna

295 938 11 31 i
333 939 131 38 sjuårig
490 940 59 32 och
578 941 135 38 sexårig
737 941 154 33 lärokurs
917 943 13 31 i
955 943 55 32 det
1036 944 74 37 fall,
1140 948 51 28 att
1220 944 55 32 det
1302 945 254 38 sammanlagda
1584 946 127 33 antalet
1739 947 64 32 lär-

295 988 124 39 jungar
435 990 10 31 i
464 990 38 33 de
517 991 87 32 båda
619 991 236 33 lärokurserna
870 993 90 32 inom
976 994 103 32 sådan
1096 994 93 33 klass
1208 995 29 37 ej
1256 999 172 34 överstege
1444 997 53 32 30.

340 1039 224 34 Beträffande
585 1041 139 34 förenad
744 1043 79 38 linje
842 1044 56 32 vid
920 1044 166 33 realskola
1106 1045 89 33 hava
1212 1044 41 34 de
1271 1046 215 39 sakkunniga
1505 1047 115 33 anfört
1640 1047 163 38 följande:

337 1105 73 33 Den
431 1107 187 39 anordning
637 1109 74 33 med
732 1121 37 20 en
790 1110 12 32 i
822 1110 91 33 vissa
935 1111 64 32 fall
1020 1112 140 33 förenad
1181 1113 237 39 realskollinje,
1441 1125 68 21 som
1532 1114 38 32 de
1592 1110 214 48 sakkunniga

295 1148 12 31 i
329 1149 64 32 det
423 1150 200 38 föregående
655 1151 160 39 förordat,
847 1153 163 32 utesluter
1040 1154 113 32 risken
1184 1158 52 29 att
1264 1155 127 38 nödgas
1422 1156 182 38 uppehålla
1634 1157 171 33 undervis-

293 1189 82 39 ning
392 1190 12 32 1
421 1190 318 41 klassavdelningar
755 1194 73 33 med
847 1198 48 29 ett
912 1207 40 20 ur
971 1196 261 33 statsfinansiell
1251 1198 173 38 synpunkt
1442 1199 63 32 allt
1524 1199 54 32 för
1597 1199 97 38 ringa
1713 1200 94 32 antal

293 1231 177 40 lärjungar
510 1234 60 32 och
611 1235 180 38 möjliggör
832 1237 175 40 samtidigt
1037 1239 287 37 organisationens
1355 1241 207 38 anpassning
1593 1241 88 33 efter
1709 1242 96 33 beho-

292 1277 65 35 vet,
385 1276 37 31 så
448 1275 96 39 långt
570 1276 63 32 den
660 1277 197 34 fastställda
883 1290 112 21 ramen
1022 1284 38 28 är
1085 1281 199 39 tillräcklig,
1311 1282 13 32 i
1350 1282 56 33 det
1430 1286 52 29 att
1506 1283 80 32 tack
1609 1295 81 21 vare
1714 1283 91 33 kom-

293 1316 190 33 binationen
510 1318 65 34 allt
599 1322 169 34 utrymme
793 1320 89 32 inom
910 1321 61 32 den
998 1321 103 38 givna
1129 1334 111 21 ramen
1266 1323 67 33 kan
1359 1324 226 39 planmässigt
1609 1326 61 32 och
1696 1326 109 33 effek-

292 1358 66 32 tivt
384 1359 180 38 utnyttjas.
603 1361 78 32 Med
707 1361 217 40 tillämpning
949 1375 43 20 av
1018 1364 55 32 det
1099 1376 45 20 nu
1170 1364 158 38 gällande
1353 1369 161 35 systemet
1538 1367 78 38 kan,
1644 1372 82 28 även
1753 1380 52 24 om

292 1400 267 39 lärjungantalet
581 1402 110 33 skulle
713 1403 114 33 kunna
851 1416 146 27 rymmas
1020 1405 13 32 i
1056 1406 119 32 endast
1197 1419 38 20 en
1258 1407 84 33 serie
1364 1420 44 20 av
1429 1409 231 38 avdelningar,
1685 1410 121 33 dubbel

294 1443 214 39 anknytning
532 1444 55 32 till
613 1444 192 34 folkskolan
830 1446 119 33 vinnas
975 1447 86 32 blott
1086 1459 117 26 genom
1228 1450 227 38 upprättande
1481 1462 41 20 av
1546 1452 59 31 två
1630 1451 108 39 linjer,
1764 1464 40 20 en

293 1486 146 39 femårig
462 1486 60 33 och
545 1499 40 20 en
610 1487 167 40 fyraårig.
813 1488 77 34 Med
914 1489 55 34 det
991 1490 62 32 här
1076 1491 194 38 föreslagna
1295 1496 159 34 systemet
1478 1494 73 31 åter
1573 1493 78 39 kan,
1676 1494 42 33 då
1743 1495 61 32 den

292 1528 252 39 sammanlagda
568 1529 296 40 årskontingenten
887 1531 73 33 icke
985 1532 185 39 överstiger
1194 1534 40 32 35
1259 1533 186 40 lärjungar,
1471 1535 333 34 förhandenvarande

291 1570 106 32 behov
417 1583 42 19 av
479 1571 121 32 dubbel
621 1571 213 40 anknytning
853 1573 55 32 till
928 1573 194 33 folkskolan
1144 1575 194 39 tillgodoses
1360 1577 74 32 med
1456 1577 118 33 endast
1594 1590 39 20 en
1654 1578 90 38 linje,
1766 1591 38 21 en

293 1612 151 33 förenad.
478 1612 49 33 På
553 1613 159 34 liknande
739 1618 68 29 sätt
832 1615 163 33 förhåller
1021 1616 55 33 det
1101 1617 54 39 sig
1179 1617 12 32 i
1217 1618 100 38 fråga
1343 1630 52 20 om
1420 1622 105 30 större
1551 1619 252 40 årskontingen-

291 1658 51 28 ter
380 1655 61 32 och
479 1655 87 33 flera
606 1656 102 32 serier
745 1668 42 20 av
814 1656 316 41 klassavdelningar
1156 1659 12 32 i
1197 1660 199 33 realskolan.
1447 1661 62 32 Om
1538 1662 199 39 exempelvis
1764 1676 39 19 en

290 1696 199 39 kontingent
507 1699 44 37 på
569 1710 92 20 mera
681 1703 42 27 än
743 1700 39 31 35
804 1699 176 40 lärjungar
1000 1700 124 33 önskar
1143 1701 131 33 inträde
1294 1703 20 31 å
1334 1703 120 32 endera
1475 1704 103 38 linjen
1598 1716 43 20 av
1662 1717 38 20 en
1721 1705 82 32 real-

292 1738 96 34 skola
408 1740 75 32 med
505 1740 118 34 endast
645 1753 39 20 en
706 1741 146 39 femårig
874 1742 60 32 och
956 1754 39 20 en
1018 1742 158 40 fyraårig
1197 1743 89 39 linje,
1311 1744 199 33 förutsätter
1533 1746 56 32 det
1610 1748 193 32 nuvarande

291 1785 162 34 systemet
481 1801 46 5 —
557 1782 114 33 därest
702 1783 30 38 ej
764 1787 48 29 ett
842 1784 93 32 antal
966 1785 179 38 godkända
1176 1785 296 34 inträdessökande
1506 1787 94 33 skola
1632 1788 71 33 helt
1733 1793 69 29 ute-

291 1827 139 34 stängas
458 1843 45 4 —
531 1825 229 38 upprättande
789 1837 43 20 av
861 1826 380 40 parallellavdelningar
1268 1828 88 32 inom
1387 1828 61 32 den
1478 1829 82 38 linje
1593 1828 99 39 (fem-
1722 1831 82 33 eller

291 1865 189 40 fyraårig),
511 1878 69 21 som
609 1867 92 32 visat
730 1867 53 39 sig
809 1868 74 32 icke
912 1868 112 33 kunna
1053 1872 151 35 mottaga
1234 1869 76 33 hela
1339 1870 128 33 antalet
1495 1871 309 35 inträdessökande.

291 1907 164 39 Vidtages
480 1909 30 38 ej
535 1921 38 20 en
599 1909 97 39 dylik
720 1910 197 39 anordning,
941 1910 132 33 komma
1098 1911 40 33 de
1162 1911 185 40 lärjungar,
1370 1912 94 33 vilka
1489 1914 53 32 för
1566 1914 51 33 sin
1642 1915 160 33 fortsatta

289 1950 241 39 undervisning
550 1952 108 31 måste
678 1951 105 32 anlita
803 1952 119 38 statlig
942 1953 80 32 eller
1040 1953 194 33 kommunal
1255 1954 209 40 läroanstalt,
1485 1956 12 31 i
1518 1959 49 29 ett
1588 1958 214 37 synnerligen

292 1997 203 34 ogynnsamt
517 1994 88 37 läge.
630 1993 116 33 Gäller
769 1994 99 33 fallet
891 1994 61 32 den
976 1995 168 38 femåriga
1167 1996 112 38 linjen,
1304 1997 105 32 måste
1434 1997 38 32 de
1496 1998 179 38 godkända
1699 1999 102 33 inträ-

294 2035 214 38 dessökande,
535 2045 70 23 som
630 2035 73 33 icke
727 2036 129 33 kunnat
881 2040 178 35 mottagas,
1086 2038 160 38 antingen
1271 2039 194 38 påföljande
1491 2040 91 32 läsår
1607 2042 86 37 ånyo
1720 2041 81 33 söka

289 2076 132 33 inträde
439 2077 12 31 1
470 2077 60 32 den
551 2077 41 32 då
611 2077 159 39 börjande
789 2079 167 38 femåriga
975 2079 102 39 linjen
1096 2080 82 32 eller
1196 2080 60 33 ock
1275 2081 87 32 efter
1380 2083 57 31 två
1456 2082 92 33 läsår
1566 2083 81 33 söka
1666 2084 53 38 sig
1736 2085 35 32 in
1790 2085 10 32 i

291 2119 61 32 den
374 2118 176 40 fyraåriga
572 2119 116 39 linjen.
709 2120 18 32 I
747 2120 87 33 båda
855 2121 105 32 fallen
980 2121 139 33 innebär
1140 2122 56 32 det
1216 2135 38 20 en
1275 2123 195 33 tidsförlust
1489 2137 43 20 av
1553 2129 46 28 ett
1620 2126 47 37 år,
1687 2126 114 33 vilken

291 2161 54 32 för
367 2161 38 33 de
428 2161 139 33 berörda
590 2162 221 38 lärjungarna
832 2162 149 34 kommer
1001 2167 51 29 att
1074 2164 92 32 bliva
1189 2164 151 45 liktydig
1361 2166 74 32 med
1458 2179 49 26 en,
1530 2171 83 29 trots
1637 2168 61 33 den
1721 2169 80 38 god-

289 2202 112 33 kända
424 2203 366 40 inträdesprövningen,
815 2205 193 38 påtvungen
1031 2205 241 40 kvarsittning.
1307 2208 52 31 Är
1382 2208 55 32 det
1459 2209 73 32 åter
1554 2210 44 37 på
1622 2210 61 32 den
1708 2211 93 38 fyra-

289 2245 96 38 åriga
408 2246 112 38 linjen,
544 2258 70 20 som
636 2250 183 35 utrymmet
840 2247 92 32 visar
953 2248 53 38 sig
1028 2248 233 39 otillräckligt,
1284 2249 157 40 kommer,
1466 2251 112 33 därest
1600 2264 67 26 nya
1690 2253 110 32 avdel-

289 2287 121 38 ningar
430 2288 29 38 ej
479 2292 191 35 upprättas,
691 2289 38 32 de
749 2289 186 39 lärjungar,
957 2302 68 20 som
1046 2291 11 31 i
1077 2290 93 33 detta
1191 2291 64 32 fall
1275 2292 105 32 måste
1401 2293 145 38 avvisas,
1567 2294 11 31 i
1600 2295 55 32 det
1675 2306 124 26 ogynn-

292 2342 126 20 samma
435 2330 101 40 läget,
553 2335 53 28 att
623 2331 39 32 de
678 2332 125 37 nödgas
821 2332 160 38 antingen
998 2332 81 32 söka
1096 2333 34 31 in
1147 2333 12 31 i
1178 2333 61 32 den
1258 2333 166 39 femåriga
1441 2334 120 38 linjens
1581 2336 108 32 första
1706 2336 93 34 klass

289 2372 60 32 och
374 2371 61 32 där
459 2373 86 38 ånyo
570 2374 165 37 genomgå
757 2374 12 31 i
793 2374 178 32 huvudsak
995 2386 127 21 samma
1146 2375 119 32 kurser
1288 2387 70 22 som
1383 2377 39 32 de
1446 2377 100 32 redan
1570 2380 195 37 genomgått
1788 2383 13 29 i

289 2413 202 39 folkskolan,
511 2415 82 32 eller
611 2415 100 32 också
730 2416 86 32 efter
834 2421 88 27 ännu
941 2420 46 29 ett
1005 2417 54 32 års
1079 2417 134 38 förlopp
1233 2418 86 38 ånyo
1339 2418 81 33 söka
1438 2419 99 32 vinna
1557 2419 131 34 inträde
1706 2421 12 32 i
1738 2422 62 33 den

288 2456 179 39 fyraåriga
487 2456 114 39 linjen.
633 2454 96 36 Även
749 2457 61 33 här
829 2458 149 33 inträder
996 2459 102 32 alltså
1120 2471 38 20 en
1177 2471 43 20 av
1239 2460 270 38 organisationen
1528 2462 115 32 vållad
1663 2463 136 33 tidsför-
