2218 2650
678 231 240 41 Lagutskottets
952 229 175 34 Utlåtande
1154 228 65 31 N:o
1249 230 52 29 66.

361 338 140 42 (Kongl.
524 336 115 43 Maj:ts
662 335 159 42 förslag.)

195 417 99 50 gode
324 420 87 33 män
440 415 118 47 skola,
587 416 48 48 på
659 413 156 37 kallelse
835 413 42 36 af
893 412 73 37 den

195 468 114 37 bland
339 468 97 45 dem,
467 480 81 25 som
576 470 138 33 utsetts
743 465 59 37 för
828 465 136 36 sökan-

196 521 93 37 dens
319 519 173 49 räkning,
522 517 278 38 sammanträda
829 520 21 33 å
878 516 87 37 stäl-

194 573 63 47 let,
292 573 67 36 der
388 571 143 38 skadan
560 570 113 47 skett,
703 575 107 41 samt,
841 568 123 37 såvidt

195 625 149 49 möjligt
372 629 52 42 är,
454 622 258 38 åstadkomma
740 621 71 37 och
838 621 12 36 i
879 633 85 37 pro-

196 677 117 37 tokoll
356 676 129 48 intaga
525 687 201 36 noggrann
762 672 205 50 utredning

198 743 60 23 om
294 728 164 39 skadans
486 727 205 49 uppkomst
718 725 70 38 och
816 725 151 37 beskaf-

198 781 143 46 fenhet,
380 793 61 23 om
468 779 115 48 tiden,
613 778 46 36 då
687 778 72 37 den
789 777 74 36 kan
905 790 63 23 an-

197 839 108 43 tagas
347 832 114 37 hafva
502 831 113 46 skett,
645 833 41 34 så
713 829 71 37 ock
814 842 60 23 om
904 842 63 23 an-

198 890 75 43 nat,
303 897 83 24 som
414 883 99 50 gode
543 887 161 32 männen
722 882 127 36 kunna
868 881 101 36 finna

197 937 113 37 lända
351 935 56 38 till
447 934 205 49 utredning
688 933 11 36 i
737 933 129 47 saken,
896 932 70 37 och

199 988 107 38 skola
342 988 100 49 gode
471 991 162 32 männen
662 985 182 48 derjemte
873 985 97 36 efter

198 1042 110 36 bästa
349 1039 172 38 förstånd
562 1039 71 37 och
674 1035 297 51 öfvertygelse
949 1031 24 62 i

200 1092 214 51 penningar
460 1091 206 50 uppskatta
707 1089 160 46 skadan;
909 1089 65 37 bö-

201 1145 117 37 rande
347 1144 101 50 gode
477 1148 163 31 männen
668 1142 62 36 vid
755 1141 218 37 förrättnin-

199 1211 76 35 gen
311 1196 114 37 hafva
461 1196 59 36 sin
559 1193 335 52 uppmärksamhet
922 1193 53 36 fä-

200 1249 84 37 stad
313 1249 90 36 derå
431 1252 54 32 att
512 1247 73 37 den
604 1245 270 38 frånvarandes
894 1249 75 32 rätt

200 1302 84 36 icke
312 1300 223 37 förnärmas.

251 1353 76 36 För
364 1352 64 36 det
463 1350 151 50 belopp,
651 1348 151 37 hvartill
831 1347 142 38 skadan

201 1405 40 36 af
267 1405 46 36 de
333 1403 110 38 fleste
472 1402 100 49 gode
600 1406 162 31 männen
791 1400 180 50 uppskat-

200 1462 86 43 tats,
317 1456 196 36 äfvensom
541 1454 60 36 för
630 1452 258 50 synekostnad
912 1454 60 34 må

200 1508 214 48 utmätning
443 1507 66 37 ske
537 1506 71 36 hos
636 1505 100 49 lapp,
766 1518 81 23 som
868 1503 102 37 med-

201 1561 137 48 gifver,
377 1564 55 32 att
468 1559 74 36 han
579 1563 41 31 är
649 1557 151 49 skyldig
828 1561 142 32 ersätta

202 1612 155 37 skadan.
413 1611 78 36 Har
528 1610 73 37 den
631 1607 337 50 ersättningsskyl-

202 1664 87 49 dige
317 1664 82 36 före
428 1675 120 36 synen
575 1661 121 50 bjudit
716 1661 254 36 skadeersätt-

202 1716 105 48 ning,
351 1716 32 48 ej
422 1713 294 49 understigande
744 1712 101 37 hvad
872 1711 99 49 gode

203 1773 164 31 männen
403 1767 174 44 bestämt,
616 1765 132 36 stånde
777 1763 196 37 sökanden

204 1820 89 48 sjelf
320 1817 319 50 synekostnaden.

255 1871 111 36 Hvad
406 1883 50 23 nu
497 1874 41 31 är
567 1868 177 49 stadgadt
771 1872 136 43 utgöre
938 1866 33 49 ej

203 1923 135 37 hinder
372 1923 60 36 för
460 1921 85 47 den,
576 1934 81 23 som
684 1920 204 48 undergått
915 1923 57 31 ut-

195 1975 194 47 :mätning,
423 1978 53 32 att
508 1973 12 36 i
547 1973 107 48 fråga
683 1986 58 23 om
772 1970 201 38 ersättnin-

203 2040 96 36 gens
341 2026 137 48 belopp
521 2025 93 36 söka
655 2024 192 46 domaren,
884 2022 90 37 eller

206 2079 58 35 för
305 2078 87 46 den,
434 2090 80 23 som
544 2076 83 36 lidit
654 2075 129 46 skada,
814 2079 65 42 att,
909 2074 66 35 der

204 2129 214 46 utmätning
460 2128 32 48 ej
538 2128 112 43 skett,
678 2127 202 35 instämma
910 2125 64 35 sitt

206 2178 398 50 ersättningsanspråk
624 2178 55 36 till
695 2177 182 44 domstol;
890 2176 84 37 sko-

204 2233 111 36 lande
353 2232 8 35 i
403 2231 260 36 förstnämnda
690 2229 63 37 fall
782 2229 101 36 talan
913 2241 63 23 an-

205 2284 262 48 hängiggöras
508 2283 101 35 inom
653 2286 53 32 ett
739 2284 39 33 år
808 2281 81 35 från
919 2285 56 30 ut-

208 2335 330 49 mätningsdagen.

1683 223 46 31 45

1191 316 216 58 (Utskottets
1430 328 160 42 förslag.)

1020 412 122 36 Desse
1170 410 100 49 gode
1299 413 88 33 män
1416 406 116 48 skola,
1562 409 48 47 på
1630 404 157 38 kallelse

1019 463 42 37 af
1085 463 74 37 den
1188 461 112 38 bland
1330 461 97 46 dem,
1456 472 81 24 som
1566 462 137 32 utsetts
1729 457 60 37 för

1021 514 216 38 sökandens
1265 513 174 48 räkning,
1469 509 280 39 sammanträda
1769 512 20 33 å

1017 566 137 47 stället,
1183 567 67 36 der
1278 564 145 38 skadan
1452 564 111 46 skett,
1594 566 108 42 samt,
1731 564 57 34 så-

1018 619 81 37 vidt
1127 618 150 49 möjligt
1305 622 52 42 är,
1386 615 259 38 åstadkomma
1673 613 70 37 och
1772 613 13 35 i

1020 670 189 51 protokoll
1248 670 131 48 intaga
1419 680 201 36 noggrann
1661 664 126 38 utred-

1023 723 93 49 ning
1160 736 59 23 om
1267 721 164 37 skadans
1471 720 207 49 uppkomst
1719 717 70 37 och

1021 775 274 45 beskaffenhet,
1326 787 60 22 om
1414 772 115 48 tiden,
1559 771 46 37 då
1624 770 73 37 den
1713 770 75 35 kan

1021 833 157 43 antagas
1224 826 113 37 hafva
1383 825 111 45 skett,
1537 827 41 33 så
1618 822 70 36 ock
1730 834 61 24 om

1022 884 126 43 annat,
1195 891 81 24 som
1319 877 101 49 gode
1461 880 163 32 männen
1664 874 128 36 kunna

1020 932 101 36 finna
1162 930 109 37 lända
1304 929 58 37 till
1390 927 203 49 utredning
1620 926 11 36 i
1660 925 130 51 saken,

1024 983 72 37 och
1137 982 106 37 skola
1285 981 99 48 gode
1413 985 165 32 männen
1606 978 184 49 derjemte

1027 1035 98 38 efter
1143 1034 105 37 bästa
1264 1033 171 37 förstånd
1451 1032 70 37 och
1537 1029 256 49 öfvertygelse

1028 1087 12 37 i
1068 1087 212 50 penningar
1308 1085 204 50 uppskatta
1541 1083 157 44 skadan;
1728 1082 66 37 bö-

1026 1139 117 38 rande
1172 1139 98 49 gode
1300 1142 160 32 männen
1490 1136 62 36 vid
1577 1134 217 37 förrättnin-

1059 1204 48 24 en
1143 1191 112 36 hafva
1292 1189 59 37 sin
1379 1187 333 51 uppmärksamhet
1741 1185 54 37 fä-

1023 1243 84 38 stad
1135 1242 89 37 derå
1251 1246 55 32 att
1335 1240 74 37 den
1428 1239 268 38 frånvarandes
1719 1242 76 32 rätt

1024 1295 85 37 icke
1138 1294 221 37 förnärmas.

1079 1347 74 36 För
1194 1346 64 36 det
1292 1344 152 49 belopp,
1472 1342 153 37 hvartill
1653 1341 142 38 skadan

1026 1398 42 37 af
1093 1398 47 37 de
1167 1398 109 36 fleste
1304 1396 99 49 gode
1432 1400 164 32 männen
1615 1394 181 49 uppskat-

1025 1455 88 42 tats,
1143 1449 197 38 äfvensom
1368 1448 59 37 för
1455 1445 261 51 synekostnad
1735 1448 60 34 må

1024 1502 215 50 utmätning
1267 1501 68 37 ske
1364 1500 70 36 hos
1462 1499 102 49 lapp,
1592 1511 80 24 som
1692 1498 105 36 med-

1023 1554 136 49 gifver,
1201 1559 55 31 att
1296 1553 75 36 han
1400 1557 40 31 är
1469 1551 153 49 skyldig
1650 1555 143 31 ersätta

1023 1607 154 37 skadan.
1233 1605 79 36 Har
1350 1605 70 36 den
1455 1601 340 50 ersättningsskyl-

1025 1659 88 48 dige
1140 1658 82 36 före
1252 1670 120 35 synen
1400 1655 121 49 bjudit
1540 1655 257 37 skadeersätt-

1025 1710 104 48 ning,
1173 1710 33 48 ej
1236 1707 298 48 understigande
1562 1707 100 35 hvad
1690 1706 102 48 gode

1026 1766 165 32 männen
1231 1761 175 44 bestämt,
1438 1759 132 36 stånde
1602 1758 197 36 sökanden

1029 1814 91 47 sjelf
1145 1811 319 50 synekostnaden.

1079 1865 111 36 Hvad
1231 1878 50 22 nu
1322 1869 41 31 är
1392 1862 181 49 stadgadt
1600 1866 134 44 utgöre
1764 1861 33 47 ej

1025 1917 135 37 hinder
1198 1916 58 37 för
1286 1916 85 46 den,
1402 1929 81 23 som
1512 1914 201 48 undergått
1741 1919 58 29 ut-

1028 1970 182 47 mätning,
1249 1973 54 31 att
1330 1968 11 36 i
1369 1968 108 46 fråga
1505 1979 60 23 om
1596 1965 202 36 ersättnin-

1027 2034 97 36 gens
1146 2021 136 48 belopp
1304 2020 93 35 söka
1417 2019 191 45 domaren,
1629 2017 90 36 eller
1740 2017 60 36 för

1029 2073 74 36 den
1145 2085 79 23 som
1267 2071 84 35 lidit
1388 2070 128 46 skada,
1554 2074 65 41 att,
1650 2069 65 36 der
1743 2074 56 30 ut-

1029 2123 170 49 mätning
1227 2124 32 47 ej
1292 2123 112 45 skett,
1433 2122 201 35 instämma
1654 2120 65 35 sitt
1740 2134 58 22 or-

1030 2174 357 47 sättningsanspråk
1414 2173 56 36 till
1501 2172 178 44 domstol;
1711 2179 87 28 sko-

1029 2227 111 36 lande
1181 2227 11 35 i
1220 2224 265 37 förstnämnda
1515 2223 64 36 fall
1607 2223 98 36 talan
1736 2237 63 22 an-

1030 2278 259 48 hängiggöras
1332 2277 99 35 inom
1474 2281 55 31 ett
1561 2278 39 33 år
1635 2276 78 35 från
1742 2280 58 30 ut-

1032 2329 329 48 mätningsdagen.
