2244 2646
741 188 288 32 Bunkowutskottets
1053 189 167 31 utlitande
1243 189 52 32 Nr
1318 192 27 28 5.
1794 191 19 30 5

1011 270 69 35 3:0.

393 352 110 37 Efter
541 351 242 50 granskuing
819 365 47 24 av
897 352 257 38 riksbankens
1185 352 264 51 räkenskaper
1476 352 61 38 för
1563 355 40 34 år
1633 354 96 36 1914
1756 353 99 38 hava

242 402 231 48 riksdagens
515 408 131 32 senast
683 402 232 38 församlade
954 403 189 39 revisorer
1169 404 12 36 i
1209 404 58 37 sin
1295 404 132 37 därom
1452 404 166 48 avgivna
1645 403 208 38 berättelse

243 454 205 47 meddelat,
488 459 55 32 att
575 453 63 38 vid
665 453 256 38 riksbankens
949 454 239 50 förvaltning
1214 453 121 39 under
1362 454 75 37 den
1463 454 69 48 tid,
1559 455 295 48 granskningen

243 505 190 47 omfattat,
471 504 251 47 revisorerna,
760 509 138 33 utöver
937 505 74 37 vad
1048 506 13 37 i
1088 505 237 38 berättelsen
1353 504 156 38 särskilt
1536 505 252 48 omförmälts,
1818 506 34 49 ej

243 556 125 37 funnit
408 559 119 44 något
566 561 56 31 att
661 555 183 38 anmärka
871 555 94 38 eller
992 557 136 46 erinra,
1157 561 100 32 samt
1279 561 56 32 att
1362 555 47 38 de
1437 555 58 38 för
1522 555 59 38 sin
1609 556 63 37 del
1699 559 154 46 ansåge,

244 612 55 32 att
326 606 278 38 ansvarsfrihet
631 606 119 37 borde
779 605 241 51 fullmäktige
1047 607 172 49 beviljas.

376 657 56 37 De
471 658 203 46 revisorer,
715 670 95 34 som,
849 657 113 38 valda
988 671 48 24 av
1062 658 223 48 riksdagen,
1313 657 186 50 granskat
1528 657 327 48 avdeiningskon-

241 714 132 31 torens
410 708 12 37 i
458 714 153 32 orterna
651 707 233 49 förvaltning
924 711 39 34 år
1003 710 108 47 1914,
1139 709 99 37 hava
1264 708 225 38 likaledes
1472 703 23 59 i
1516 708 83 38 sina
1626 708 229 38 berättelser

239 759 188 48 tillstyrkt
465 758 276 38 ansvarsfrihet
781 759 60 37 för
879 759 208 38 kontorens
1128 760 197 49 styrelser,
1354 759 73 38 och
1455 764 93 33 enär
1573 760 191 37 utskottet
1790 759 65 37 vid

241 809 75 38 den
356 823 51 23 nu
446 809 234 38 verkställda
714 809 340 50 undersökningen
1095 811 72 37 och
1205 810 291 50 granskningen
1525 823 48 24 av
1600 810 254 38 riksbankens

240 860 174 38 tillstånd
457 861 72 37 och
570 861 96 37 huru
707 860 224 38 densamma
969 861 109 49 styrd
1118 861 73 37 och
1229 860 188 39 förvaltad
1460 861 121 46 blivit,
1621 860 137 48 funnit,
1799 866 56 33 att

241 911 242 48 fullmäktige
522 911 88 38 med
649 911 57 37 nit
744 911 73 37 och
855 924 156 36 omsorg
1046 911 187 38 handhaft
1272 911 68 38 sitt
1365 912 190 49 uppdrag,
1583 911 57 37 får
1666 912 189 37 utskottet

241 962 214 48 hemställa,

743 1068 54 31 att
824 1063 280 37 ansvarsfrihet
1131 1066 61 35 må
1218 1064 243 48 fullmäktige
1489 1064 12 36 i
1529 1064 231 38 riksbanken
1788 1065 66 37 be-

642 1113 114 50 viljas
784 1116 73 33 dels
880 1114 59 37 för
965 1114 283 48 förvaltningen
1276 1114 122 39 under
1424 1118 40 34 år
1494 1117 96 36 1914
1614 1128 47 24 av
1680 1115 174 37 bankens

644 1164 105 38 såväl
790 1165 270 37 huvudkontor
1101 1179 82 23 som
1224 1165 178 48 samtliga
1442 1166 412 48 avdelningskontor
1832 1160 26 58 i

646 1220 166 40 orterna,
841 1218 72 33 dels
935 1218 66 33 ock
1027 1215 58 37 för
1113 1216 47 36 de
1183 1216 128 37 beslut
1330 1217 73 36 och
1420 1217 190 47 åtgärder,
1630 1230 83 24 som
1729 1217 125 37 finnas

646 1265 238 37 antecknade
912 1266 11 35 i
952 1265 261 49 fullmäktiges
1240 1266 194 49 protokoll
1461 1266 83 39 från
1573 1267 71 37 och
1671 1267 88 37 med
1779 1268 74 37 den

648 1317 43 35 15
726 1316 154 49 januari
924 1318 94 35 1915
1058 1317 57 36 till
1158 1317 70 37 och
1272 1318 87 36 med
1391 1317 74 37 den
1502 1319 44 35 14
1569 1317 151 49 januari
1746 1318 107 38 inne-

645 1366 167 37 varande
841 1370 51 34 år.
1475 1379 10 7 ”

379 1466 224 39 Stockholm
631 1466 73 38 den
734 1469 46 35 18
808 1467 167 37 februari
1004 1469 108 36 1916.

743 1568 53 38 På
823 1568 336 38 bankoutskottets
1187 1574 161 44 vägnar:

747 1668 165 38 ERNST
939 1669 411 39 HEDENSTIERNA.

380 1919 60 30 Vid
464 1920 86 30 detta
572 1919 131 31 ärendes
727 1920 262 39 slutbehandling
1012 1921 81 30 hava
1116 1922 151 29 närvarit:

378 1972 39 20 av
439 1963 99 29 första
560 1962 201 30 kammaren:
786 1963 106 29 herrar
913 1961 249 39 Hedenstierna,
1188 1963 120 38 Trapp,
1332 1962 141 39 Ekman,
1499 1963 127 39 Hallin,
1646 1963 205 41 Gustafsson,

250 2003 180 38 Wickman,
453 2005 133 29 friherre
609 2003 245 40 Langenskiöld
877 2005 58 29 och
958 2003 226 41 Montgomery
1207 2009 85 26 sart

378 2056 38 20 av
439 2046 99 30 andra
560 2047 200 29 kammaren:
786 2047 106 29 herrar
913 2047 132 29 friherre
1067 2045 205 39 Adelswärd,
1302 2046 182 40 Vahlquist,
1509 2048 177 40 Söderbery
1713 2049 10 30 i
1745 2050 106 30 Stock-

244 2088 98 35 holm,
370 2086 114 32 Olsson
506 2089 10 28 i
540 2088 162 38 Blädinge,
722 2087 219 38 Kristensson,
980 2087 117 30 Carlson
1112 2089 9 28 i
1139 2089 204 39 Herrljunga,
1359 2088 160 32 Lindvall
1534 2090 60 31 och
1606 2090 142 32 Jonsson
1763 2092 10 29 i
1789 2092 60 30 Hå.

1893 362 67 30 Ang.
1979 361 59 24 tili-

1864 394 146 34 styrkande
2032 404 32 17 av

1902 437 121 17 ansvars-

1913 463 100 32 frihet.
