1890 2778
247 105 37 30 14
690 114 262 30 Statsutskottets
974 118 167 29 utlåtande
1164 128 37 19 nr
1228 121 68 28 165.

247 179 72 42 slag
340 192 54 19 om
416 182 214 42 familjevård
653 186 110 31 finner
785 187 166 34 utskottet
972 190 277 34 beaktansvärda.
1282 194 44 31 Åt
1346 195 68 31 den
1437 209 39 18 av
1497 198 127 42 Kungl.
1647 199 100 42 Maj:t

247 232 250 33 förutskickade
524 236 227 43 utredningen
778 240 96 31 torde
901 241 115 32 därför
1041 243 82 32 böra
1151 245 191 43 uppdragas
1368 249 50 30 att
1443 250 106 40 pröva
1575 251 171 32 förutsätt-

246 283 163 42 ningarna
436 286 53 32 för
515 288 124 41 vidgad
667 290 80 31 vård
775 292 11 30 i
813 292 155 33 enskilda
992 294 85 32 hem.

291 403 181 41 Anslagen
494 406 57 32 till
575 407 210 42 avlöningar
808 411 65 32 och
896 413 260 35 omkostnader.
1195 416 75 32 Vad
1292 417 161 33 beträffar
1468 420 67 32 den
1551 417 193 51 föreslagna

243 452 457 46 avlöningsförstärkningen
718 458 55 31 till
792 470 103 21 envar
912 472 40 20 av
972 463 167 39 cheferna,
1159 465 110 32 tillika
1288 467 146 40 läkarna,
1455 470 58 31 vid
1534 471 128 32 Lövsta
1682 473 61 31 och

244 503 312 35 Skarvik-Tallåsen
582 512 87 28 samt
693 510 52 31 till
769 511 201 34 biträdande
994 515 137 32 läkaren
1156 518 57 30 vid
1237 518 136 40 Lövsta,
1400 521 52 31 får
1474 523 169 32 utskottet
1666 525 78 31 hän-

244 554 69 31 visa
337 555 52 30 till
414 557 63 30 vad
501 558 167 32 utskottet
691 560 10 30 i
727 561 59 31 sitt
808 573 42 19 av
875 563 178 43 riksdagen
1077 566 179 40 godkända
1280 569 173 33 utlåtande
1478 583 40 20 nr
1544 574 58 30 126
1627 576 112 30 anfört

242 608 172 40 angående
449 610 397 44 avlöningsförmånerna
882 617 53 31 för
967 618 112 32 läkare
1117 621 56 31 vid
1209 623 130 32 statens
1373 625 274 43 sinnessjukhus.
1684 629 58 32 Ut-

241 658 127 33 skottet
386 661 216 42 ifrågasätter
620 666 197 39 emellertid,
838 680 54 19 om
911 669 98 33 dessa
1026 671 113 33 läkare
1159 674 57 31 vid
1234 675 431 41 ungdomsvårdsskolorna
1684 683 58 29 äro

240 713 48 29 att
312 712 171 41 jämställa
507 716 78 31 med
611 717 42 31 de
678 718 319 43 sinnessjukläkare,
1022 735 76 20 som
1123 725 133 33 berörts
1280 728 12 30 i
1315 728 215 33 sistnämnda
1556 728 183 49 utlåtande.

240 763 177 34 Utskottet
440 766 62 32 har
525 768 87 32 dock
637 769 73 32 icke
734 775 114 28 ansett
873 774 53 41 sig
949 774 82 33 böra
1056 776 138 33 förorda
1218 789 42 20 en
1285 780 212 44 nedräkning
1522 794 40 20 av
1587 784 153 42 anslaget

239 826 75 21 men
341 817 207 40 förutsätter,
574 823 51 29 att
651 822 117 42 frågan
793 825 196 41 ytterligare
1016 830 178 39 omprövas
1220 841 40 20 av
1284 831 127 43 Kungl.
1437 833 110 43 Maj:t.
1584 836 19 31 I
1629 838 111 41 övrigt

237 866 43 31 ha
300 867 126 42 Kungl.
449 868 119 43 Maj:ts
591 871 128 43 förslag
739 873 215 34 beträffande
975 877 118 42 anslag
1116 879 53 31 till
1192 880 198 43 avlöningar
1412 884 62 30 och
1497 885 241 33 omkostnader

238 917 55 31 vid
313 921 132 30 statens
466 920 116 33 skolor
603 923 205 33 tillhörande
831 925 114 33 barna-
968 929 61 30 och
1052 930 295 40 ungdomsvården
1368 934 73 31 icke
1463 936 85 40 givit
1571 938 166 32 utskottet

237 969 184 43 anledning
439 972 53 31 till
512 973 144 32 erinran.

284 1090 173 41 Anslaget
489 1094 57 31 till
579 1095 339 41 Byggnadsarbeten
950 1110 44 23 m.
1022 1111 43 22 m.
1113 1102 179 33 Utskottet
1315 1124 40 3 —
1378 1116 74 22 som
1487 1108 86 41 tagit
1606 1109 56 31 del
1696 1121 40 20 av

237 1139 88 32 vissa
364 1141 244 43 nybyggnader
647 1146 53 30 för
738 1148 432 40 ungdomsvårdsskolorna
1197 1173 42 3 —
1266 1155 60 31 vill
1354 1156 140 32 allmänt
1523 1161 67 29 sett
1619 1156 117 49 under-

236 1192 114 41 stryka
378 1194 290 42 angelägenheten
694 1209 42 19 av
761 1201 52 29 att
840 1200 240 42 byggnaderna
1108 1204 73 32 icke
1210 1208 98 39 göras
1335 1210 108 30 större
1473 1210 63 31 och
1563 1222 92 21 mera
1682 1215 53 39 på-

235 1242 148 38 kostade,
403 1246 42 28 än
463 1256 71 20 som
555 1247 37 29 är
610 1247 210 43 nödvändigt
838 1251 76 30 med
933 1251 133 42 hänsyn
1084 1254 53 30 till
1157 1255 56 31 det
1233 1256 164 39 ändamål,
1418 1259 54 30 för
1490 1260 105 32 vilket
1614 1261 41 31 de
1674 1264 58 30 äro

233 1295 156 32 avsedda.

283 1347 18 31 I
327 1347 108 33 likhet
458 1351 78 31 med
561 1351 375 42 departementschefen
961 1369 100 21 anser
1086 1360 175 39 utskottet,
1288 1365 48 28 att
1362 1365 193 40 reparation
1581 1368 62 30 och
1669 1380 64 20 om-

230 1398 159 42 byggnad
414 1412 40 20 av
479 1401 322 46 Åsenavdelningen
827 1408 58 31 vid
912 1409 127 33 Lövsta
1064 1411 64 32 bör
1154 1413 178 42 företagas.
1370 1416 126 42 Kungl.
1524 1418 118 42 Maj:ts
1670 1420 63 32 för-

231 1451 73 39 slag
325 1452 62 31 har
407 1454 12 29 i
442 1455 110 41 övrigt
575 1456 74 31 icke
672 1457 84 40 givit
779 1459 166 33 utskottet
967 1462 186 42 anledning
1176 1465 53 31 till
1253 1466 143 32 erinran.

278 1577 174 41 Anslaget
483 1580 57 32 till
574 1582 135 41 Bidrag
740 1584 57 32 till
832 1586 133 33 driften
999 1597 44 23 av
1076 1590 80 33 icke
1189 1593 147 40 statliga
1369 1595 121 33 skolor
1516 1597 215 35 tillhörande

227 1626 129 33 barna-
391 1630 65 31 och
488 1632 320 39 ungdomsvården.
854 1635 119 43 Enligt
1005 1639 159 40 gällande
1191 1643 234 33 arrendeavtal
1448 1645 62 32 har
1532 1650 113 29 staten
1668 1649 63 31 för-

227 1676 122 32 bundit
373 1679 55 41 sig
450 1682 49 28 att
523 1683 126 30 ersätta
674 1685 121 39 ägaren
820 1696 40 20 av
886 1686 323 43 Skarvik-Tallåsen,
1236 1691 216 36 Stockholms
1477 1697 250 39 stadsmission,

229 1729 50 30 för
303 1729 42 31 de
369 1731 206 42 godtagbara
602 1734 296 42 driftunderskott,
925 1750 70 20 som
1021 1742 213 41 uppkommit
1257 1745 57 31 vid
1339 1746 118 32 skolan
1482 1748 92 32 intill
1599 1751 65 31 den
1688 1752 42 30 30

225 1781 73 39 juni
323 1783 89 37 1948,
435 1784 42 31 då
497 1787 112 29 staten
632 1789 140 40 övertog
793 1789 137 33 skolans
953 1792 91 32 drift.
1080 1794 293 35 Stadsmissionen
1395 1799 61 32 har
1477 1801 174 33 hemställt
1673 1815 53 20 om

226 1833 120 42 bidrag
375 1837 18 29 å
423 1836 114 32 75930
565 1838 125 33 kronor
719 1841 53 30 för
801 1842 162 32 täckande
992 1856 41 19 av
1064 1847 120 31 sådant
1214 1849 209 33 underskott.
1464 1853 53 31 Då
1546 1855 180 41 medgivna

225 1886 262 44 maximibelopp
514 1890 53 31 för
594 1892 167 32 eftervård
790 1894 9 30 i
828 1895 89 31 vissa
945 1896 58 31 fall
1031 1899 231 39 överskridits,
1291 1902 184 42 tillstyrkte
1503 1906 223 42 socialstyrel-

225 1947 58 20 sen
308 1938 120 32 endast
450 1943 191 40 ersättning
663 1945 75 30 med
763 1947 112 31 70000
898 1948 131 32 kronor.
1064 1950 126 42 Kungl.
1215 1953 99 42 Maj:t
1338 1955 61 32 har
1421 1957 164 32 beräknat
1607 1960 118 41 ifråga-

225 1990 143 31 varande
389 1993 189 42 ersättning
598 1995 11 30 i
631 1997 337 34 överensstämmelse
988 2002 76 31 med
1086 2004 293 41 socialstyrelsens
1401 2008 136 43 förslag.
1570 2011 18 30 I
1607 2012 117 31 motio-

223 2051 64 20 nen
306 2041 49 31 II:
370 2043 60 31 487
450 2044 205 41 framhålles,
676 2050 48 29 att
744 2050 283 34 stadsmissionen
1047 2055 108 32 under
1171 2056 67 32 alla
1260 2058 235 34 förhållanden
1515 2063 90 40 gjort
1624 2064 99 32 dessa

223 2093 115 42 utlägg
366 2095 54 31 för
446 2096 129 33 elevers
604 2099 178 40 eftervård,
812 2103 62 31 och
902 2105 212 33 motionären
1144 2109 150 38 föreslår,
1324 2113 49 29 att
1402 2114 190 43 ersättning
1618 2119 105 29 måtte

222 2146 78 40 utgå
319 2147 78 30 med
418 2147 77 32 hela
515 2150 384 46 underskottsbeloppet
921 2157 39 31 75
972 2158 61 31 930
1053 2159 134 32 kronor.
1219 2161 68 32 Det
1308 2164 97 31 torde
1427 2165 33 31 få
1481 2166 177 33 ankomma
1679 2172 43 39 på

219 2196 126 43 Kungl.
373 2199 100 42 Maj:t
498 2203 50 30 att
574 2205 114 39 pröva,
715 2205 169 33 huruvida
911 2209 124 32 sådana
1063 2213 291 42 omständigheter
1380 2217 173 43 föreligga,
1583 2222 48 29 att
1658 2221 62 31 full

220 2250 190 43 ersättning
427 2252 155 43 skäligen
603 2255 63 32 bör
685 2256 146 42 beviljas
851 2260 295 35 stadsmissionen.

269 2301 20 31 I
308 2303 175 32 motionen
505 2305 50 32 II:
569 2307 62 32 486
652 2308 197 34 hemställes
871 2322 54 21 om
948 2315 48 29 ett
1018 2315 119 42 anslag
1158 2319 19 29 å
1199 2318 40 31 42
1251 2319 61 31 000
1333 2319 125 34 kronor
1480 2322 54 32 till
1556 2324 164 32 verksam-

217 2351 101 33 heten
343 2354 58 32 vid
425 2356 335 44 Frälsningsarméns
785 2362 163 33 barnhem
975 2365 254 43 Sundsgården,
1255 2365 230 40 innebärande
1511 2376 210 41 statsbidrag
