2212 2618
467 221 43 31 16
887 219 262 32 Statsutskottets
1179 219 178 32 Utlåtande
1384 218 64 31 N:o
1478 220 53 29 49.

412 301 102 36 vissa
541 300 171 37 sträckor
740 300 176 36 ofvanför
950 300 390 48 barrskogsgränsen,
1370 298 153 37 hvarest
1550 296 368 49 förutsättningarna
1947 295 59 38 för

413 366 46 24 en
482 352 286 50 jordbrukande
798 351 244 49 befolknings
1071 352 168 36 utkomst
1267 364 92 23 vore
1388 363 128 35 svaga.
1578 372 2 4 -:

515 405 53 37 På
596 404 125 49 grund
749 404 114 36 häraf
888 407 140 45 ansåge
1058 404 60 49 sig
1137 403 188 49 styrelsen
1344 403 91 36 böra
1453 400 168 49 förorda,
1642 401 63 36 det
1723 400 122 37 Eders
1864 399 139 49 Kongl.

413 457 107 48 Maj:t
562 457 147 36 täcktes
750 456 71 36 hos
864 455 220 49 Riksdagen
1112 456 91 36 äska
1232 455 142 48 nödiga
1402 453 123 37 medel
1553 453 57 37 till
1638 452 201 37 utförande
1868 452 40 36 af
1932 451 73 37 den

413 508 217 49 föreslagna
654 508 216 48 jernvägen
898 508 84 36 med
1013 508 116 36 ofvan
1157 507 156 48 angifna
1336 505 202 49 jemkning
1565 505 12 36 i
1600 505 136 36 liniens
1757 503 100 51 plan,
1879 503 128 37 derest

415 560 125 37 sådan.
558 560 65 36 vid
652 565 173 31 närmare
853 559 287 49 undersökning
1166 559 132 37 visade
1328 558 59 49 sig
1414 557 170 50 lämplig.

515 613 18 35 I
574 612 180 36 händelse
795 612 122 36 Eders
960 611 139 49 Kongl.
1142 611 106 48 Maj:t
1289 610 84 37 icke
1415 609 122 37 skulle
1579 608 136 50 pröfva
1761 608 143 49 skäligt
1948 612 57 32 att

412 664 76 36 låta
528 664 156 49 vidtaga
725 664 177 48 åtgärder
941 664 60 36 för
1042 663 198 37 utförande
1283 663 42 36 af
1362 661 292 49 ifrågavarande
1687 660 165 49 jernväg
1880 663 124 33 såsom

415 716 206 47 statsbana,
662 719 141 45 ansåge
847 716 60 48 sig
935 715 187 50 styrelsen
1150 728 72 36 ega
1250 714 113 49 giltig
1392 713 206 49 anledning
1627 717 54 32 att
1708 712 11 36 i
1748 711 258 49 underdånig-

414 769 66 36 het
520 768 165 47 förorda,
727 773 56 31 att
812 768 73 36 den
914 768 106 36 sökta
1044 767 280 37 koncessionen
1352 766 123 37 blefve
1505 768 49 47 på
1581 765 101 37 vissa
1711 764 157 49 angifna
1886 763 123 37 vilkor

415 820 85 37 och:
518 820 187 37 förbehåll
734 819 175 48 beviljad.
1132 836 2 3 :

516 872 57 36 Då
592 871 271 37 hufvudbanan
888 871 108 37 Luleå
1001 870 556 49 —Gellivare—riksgränsen,
1579 871 123 34 såsom
1719 869 116 36 ofvan
1851 868 157 47 anförts,

415 924 95 36 hade
553 937 47 24 en
640 924 191 48 väsentlig
872 923 59 37 del
973 924 40 36 af
1053 923 57 37 sin
1139 923 285 48 trafikförmåga
1458 927 118 43 tagen
1603 920 12 37 1
1643 920 164 49 anspråk
1835 920 42 36 af
1901 919 103 37 äldre

414 975 374 48 trafikförbindelser,
810 978 140 46 ansåge
966 975 191 48 styrelsen
1173 975 64 36 det
1252 987 92 24 vara
1359 973 237 49 nödvändigt
1611 977 55 32 att
1680 972 118 37 redan
1818 972 58 36 vid
1892 971 117 37 bevil-

411 1028 116 49 jande
557 1028 40 36 af
622 1028 228 36 koncession
878 1030 20 34 å
926 1027 87 37 dess
1033 1040 50 23 nu
1102 1027 155 36 afsedda
1278 1026 135 36 bibana
1431 1025 211 37 bestämma
1661 1025 73 36 den
1755 1023 252 50 godsmängd,

414 1093 89 25 som.
523 1080 143 37 dennas
692 1080 246 36 intressenter
967 1078 97 48 egde
1093 1083 73 32 rätt
1194 1083 56 32 att
1270 1077 38 37 få
1327 1077 201 37 befordrad
1548 1079 48 46 på
1615 1076 270 37 hufvudbanan
1904 1075 12 36 i
1936 1088 72 24 ena

414 1131 90 38 eller
545 1132 97 37 båda
681 1131 275 49 rigtningarne,
990 1130 156 37 hvilken
1172 1129 243 50 godsmängd
1442 1128 110 37 torde
1580 1129 92 36 böra
1701 1128 230 37 bestämmas
1961 1130 48 46 på

415 1184 146 49 förslag
606 1184 40 36 af
665 1182 387 50 jernvägsstyrelsen,
1083 1195 78 23 som
1190 1195 92 23 vore
1311 1181 12 36 i
1351 1180 145 37 tillfälle
1525 1180 162 37 bedöma
1715 1179 291 37 hufvudbanans

415 1236 283 48 trafikförmåga
726 1236 104 36 inom
859 1235 74 37 den
959 1234 330 49 högfjellsregion,
1319 1233 202 36 hvaröfver
1545 1232 220 37 densamma
1785 1244 91 24 vore
1897 1231 112 36 fram-

417 1288 142 49 dragen
588 1291 122 33 såsom
739 1287 75 36 den
842 1287 118 36 första
988 1285 347 49 vägförbindelsen.

553 1340 103 48 friga
697 1338 43 37 af
764 1344 91 44 väg-
884 1339 69 36 och
982 1336 525 51 vattenbyggnadsstyrelsen
1536 1335 221 49 föreslagna
1784 1335 126 36 vilkor
1939 1334 71 38 och

418 1391 186 37 förbehåll
635 1391 338 37 öfverensstämma
1001 1390 86 37 med
1117 1390 95 46 dem,
1242 1402 82 24 som
1353 1388 113 49 pläga
1494 1388 150 48 intagas
1671 1388 11 36 i
1712 1387 72 37 alla
1808 1387 201 49 jernvägs-

419 1443 281 48 koncessioner,
731 1443 72 37 och
831 1442 107 37 torde
965 1442 84 37 icke
1077 1455 48 23 nu
1154 1442 124 36 tarfva
1308 1440 158 37 särskild
1495 1439 255 50 redogörelse.

449 1569 5 12 »
491 1538 16 62 >
520 1547 126 38 Sedan
689 1547 13 36 i
746 1546 207 50 anledning
996 1546 43 36 af
1080 1546 100 36 hvad
1224 1550 94 44 väg-
1364 1544 69 37 och
1479 1542 530 50 vattenbyggnadsstyrelsen

421 1605 120 45 yttrat
570 1599 218 37 sökandena
817 1599 136 46 anfört,
982 1602 56 32 att
1066 1598 73 36 den
1167 1596 314 49 malmqvantitet,
1509 1596 46 37 de
1584 1595 167 37 önskade
1782 1595 37 36 få
1838 1594 173 37 framfor-

418 1652 85 37 slad:
542 1651 137 37 mellan
714 1651 145 36 Kiruna
888 1650 70 37 och
985 1650 260 48 riksgränsen,
1280 1648 121 49 enligt
1427 1648 256 48 beräkningar
1712 1647 121 37 skulle
1861 1647 149 36 komma

419 1708 57 33 att
502 1708 154 44 utgöra:

480 1758 83 34 år
594 1757 95 35 1903
719 1768 47 23 en
794 1754 151 37 relativt
972 1753 145 37 mindre
1146 1753 199 49 qvantitet,

536 1818 19 26 »
595 1809 96 34 1904
719 1806 177 49 omkring
923 1807 164 45 500,000
1115 1810 77 42 ton,

536 1871 18 24 »
583 1860 109 36 1905
798 1871 17 23 D
927 1859 164 46 700,000
1144 1871 16 20 >»

536 1924 18 22 »
588 1912 102 35 1906
720 1910 69 37 och
818 1910 166 49 följande
1014 1912 41 34 år
1086 1909 200 47 1,200,000
1316 1909 22 35 å
1368 1909 201 46 1,500,000
1597 1912 80 42 ton,

421 1963 72 37 har
528 1962 377 50 jernvägsstyrelsen
934 1961 52 37 uti
1014 1960 254 48 underdånigt
1295 1959 191 37 utlåtande
1515 1959 73 36 den
1618 1961 45 34 26
1693 1957 96 50 april
1821 1959 96 35 1900
1945 1970 65 23 an-

422 2015 76 36 fört
525 2015 238 48 väsentligen
791 2013 184 48 följande:

524 2066 18 36 I
581 2066 123 37 "likhet
732 2066 85 36 med
847 2065 45 36 de
920 2064 277 50 myndigheter,
1227 2077 80 23 som
1336 2063 100 37 förut
1462 2063 12 36 i
1502 2062 155 37 ärendet
1686 2060 154 49 afgifvit
1866 2065 145 45 yttran-

423 2119 84 48 den,
533 2118 119 36 funne
676 2117 381 50 jernvägsstyrelsen
1086 2116 45 37 de
1158 2116 177 47 fördelar,
1365 2128 81 23 som
1473 2128 91 23 vore
1593 2119 55 32 att
1672 2113 175 37 förvänta
1872 2126 139 35 genom

422 2171 241 48 anläggande
708 2170 40 36 af
785 2168 287 49 ifrågavarande
1113 2167 199 38 lokalbana
1353 2167 83 36 från
1476 2166 74 37 den
1579 2165 190 38 blifvande
1799 2165 211 36 statsbane-

414 2222 199 37 stationen
653 2221 144 37 Kiruna
837 2220 57 37 till
935 2219 278 50 Svappavaara,
1247 2232 91 24 vara
1365 2219 41 36 af
1430 2218 73 37 den
1530 2217 246 49 betydenhet,
1806 2220 54 33 att
1888 2216 123 37 denna

424 2273 123 38 banas:
569 2274 199 36 utförande
797 2272 116 37 borde
941 2271 42 37 af
1007 2273 65 36 det
1099 2271 185 37 allmänna
1313 2270 162 48 främjas.
1525 2269 132 38 Såsom
1684 2269 12 36 i
1724 2268 157 37 ärendet
1899 2268 112 36 fram-

420 2324 139 48 hållits,
603 2338 89 24 vore
732 2325 124 37 denna
879 2323 425 50 jernvägsanläggning
1331 2322 220 48 nödvändig
1578 2322 58 36 för
1663 2319 350 50 tillgodogörandet
