1864 2788
243 140 37 30 14
590 143 286 31 Statsutskottets
900 145 179 31 utlåtande
1101 155 43 21 nr
1168 147 62 30 102
1251 147 39 30 år
1313 149 84 30 1955

594 227 38 33 b)
674 227 51 29 till
764 228 309 41 Undersökningar
1111 239 45 21 m.
1183 240 45 21 m.
1257 232 220 40 beträffande
1505 234 162 39 åtgärder
1694 236 54 29 till

548 277 202 40 främjande
765 287 42 20 av
825 280 241 39 varutrafiken
1083 281 80 31 över
1181 282 391 32 Trondheimsområdet
1589 285 53 29 för
1660 285 88 30 bud-

549 327 131 39 getåret
704 328 147 36 1955/56
872 330 111 28 under
1004 330 118 30 tionde
1142 331 222 31 huvudtiteln
1384 334 121 29 anvisa
1525 336 49 28 ett
1592 344 154 22 reserva-

553 377 217 40 tionsanslag
788 387 42 21 av
849 379 62 30 300
926 380 62 30 000
1008 381 146 35 kronor;

596 428 40 29 II.
666 430 49 28 att
744 430 220 35 motionerna
991 431 28 28 1:
1036 431 64 30 480
1129 432 65 28 och
1222 433 45 29 II:
1285 433 72 34 591,
1384 434 11 28 i
1424 435 65 29 vad
1516 435 42 30 de
1586 435 75 30 icke
1688 436 58 30 be-

548 477 164 32 handlats
736 480 108 28 under
865 480 34 33 I.,
920 480 76 29 icke
1017 481 56 29 må
1095 482 51 28 till
1168 482 113 39 någon
1302 483 206 40 riksdagens
1529 485 123 39 åtgärd
1674 486 71 30 för-

548 529 135 29 anleda.

286 610 202 30 Stockholm
506 612 67 29 den
593 612 41 29 26
653 612 88 39 april
764 613 82 30 1955

728 713 46 29 På
799 714 280 30 statsutskottets
1103 717 145 37 vägnar:

774 814 172 30 MARTIN
970 816 235 30 SKOGLUND

328 1019 64 31 Vid
409 1020 221 39 förestående
651 1022 144 30 ärendes
816 1023 287 41 slutbehandling
1123 1025 94 30 inom
1240 1027 171 30 utskottet
1429 1028 45 29 ha
1494 1029 158 29 närvarit

280 1078 81 30 från
407 1079 164 30 första
618 1080 221 31 kammaren:
877 1082 121 31 herrar
1033 1084 83 28 Karl
1153 1084 211 36 Andersson,
1400 1087 125 29 Gustaf
1559 1084 179 43 Karlsson,

236 1120 126 35 Ohlon,
390 1121 87 29 Iwar
504 1122 193 35 Anderson,
724 1123 166 40 Näsgård,
918 1125 167 35 Leander,
1114 1126 125 30 fröken
1266 1128 211 35 Andersson,
1506 1130 123 29 herrar
1655 1131 84 29 Näs-

236 1163 120 36 ström,
395 1163 154 36 Pålsson,
588 1165 213 35 Hesselbom,
840 1166 120 30 Alfred
998 1168 151 35 Nilsson,
1188 1169 113 35 Thun,
1340 1170 85 30 Erik
1464 1172 172 40 Svedberg
1674 1173 64 29 och

235 1203 169 41 Aastrup;
428 1207 89 28 samt

278 1262 82 30 från
396 1264 153 30 andra
585 1265 221 31 kammaren:
834 1267 121 30 herrar
981 1268 179 40 Skoglund
1186 1270 11 28 i
1221 1271 223 40 Doverstorp,
1469 1273 120 34 Ward,
1617 1274 121 29 Malm-

232 1303 86 41 borg
338 1305 11 29 i
370 1306 143 35 Skövde,
534 1307 210 40 Bergström,
764 1309 201 30 Andersson
985 1310 11 29 i
1017 1311 139 35 Malmö,
1179 1312 105 35 Ståhl,
1306 1313 198 36 Lindholm,
1526 1311 210 43 Rubbestad,

233 1345 214 38 Åkerström,
475 1348 161 41 Staxäng,
664 1350 124 30 fröken
814 1351 133 35 Elmén,
974 1352 122 30 herrar
1122 1354 171 39 Thapper,
1321 1355 149 30 Persson
1496 1357 11 29 i
1533 1357 112 39 Växjö
1672 1358 65 29 och

234 1388 126 30 fröken
380 1389 97 40 Ager.

849 1541 271 34 Reservationer

279 1632 34 33 1)
343 1641 43 21 av
402 1633 80 29 herr
498 1634 200 38 Näsström;

276 1733 35 33 2)
343 1743 43 20 av
402 1734 79 30 herr
498 1735 212 32 Rubbestad.

462 2443 107 22 550826.
606 2442 165 24 Stockholm
785 2443 75 24 1955.
882 2444 80 24 Isaa2
974 2445 112 24 Marcus
1097 2446 187 31 Boktryckeri
1297 2448 171 31 Aktiebolag
