1900 2846
612 155 229 31 Statsutskottets
863 156 149 30 utlåtande
1033 154 49 32 Nr
1105 159 48 29 62.
1610 155 40 34 25

822 564 61 42 Nr
913 564 74 43 62.

528 720 125 28 Ankom
677 720 48 29 till
749 721 187 37 riksdagens
960 721 105 28 kansli
1089 722 61 27 den
1175 722 39 27 20
1237 730 84 20 mars
1348 722 76 29 1931
1451 722 41 29 kl.
1520 723 12 28 1
1558 732 25 19 e.
1608 732 41 20 m,

464 838 196 37 Utlåtande
687 839 14 36 i
727 840 195 48 anledning
955 853 45 23 av
1034 840 124 36 väckta
1187 840 169 38 motioner
1379 854 56 23 om
1453 842 197 37 restitution

551 891 55 36 till
641 891 320 37 Västernorrlands
990 893 80 36 läns
1099 893 182 49 landsting
1311 907 45 22 av
1385 894 71 36 viss
1483 896 166 46 stämpel-

549 944 128 49 avgift.

1429 1005 60 42 (3:e
1513 1006 84 41 avd.)

200 1129 19 32 I
252 1131 56 30 två
339 1130 220 41 likalydande
582 1131 179 39 motioner,
784 1132 129 39 väckta,
938 1132 66 31 den
1029 1143 72 28 ena,
1125 1144 41 20 nr
1190 1133 47 39 19,
1261 1133 92 32 inom
1377 1133 109 32 första
1507 1133 143 32 kamma-

147 1191 61 20 ren
231 1191 41 20 av
293 1180 79 32 herr
394 1180 39 32 L.
452 1181 164 42 Tjällgren
638 1193 42 20 m.
704 1182 32 32 fl.
761 1182 63 32 och
847 1183 67 31 den
937 1182 115 39 andra,
1077 1194 41 20 nr
1140 1184 49 38 65,
1213 1183 93 32 inom
1330 1184 106 32 andra
1455 1184 195 32 kammaren

148 1242 41 20 av
218 1231 79 31 herr
319 1231 44 32 H.
387 1231 174 33 Molander
584 1244 41 20 m.
648 1232 44 39 £.,
716 1232 90 32 vilka
828 1233 177 32 hänvisats
1029 1233 53 32 till
1104 1233 249 33 förberedande
1376 1234 211 43 behandling
1610 1246 40 21 av

149 1282 268 38 statsutskottet,
440 1282 62 32 har
528 1282 204 40 hemställts,
756 1285 50 30 att
828 1284 184 41 riksdagen
1035 1283 79 32 med
1136 1284 134 42 hänsyn
1293 1285 53 31 till
1369 1285 11 31 i
1404 1286 141 31 ärendet
1567 1286 83 31 före-

148 1332 160 42 liggande
342 1333 294 42 omständigheter
659 1334 64 32 och
745 1334 237 33 förhållanden
1007 1337 105 29 måtte
1135 1337 106 40 pröva
1264 1336 124 41 skäligt
1411 1336 164 42 medgiva,
1600 1339 50 29 att

148 1383 306 33 Västernorrlands
477 1384 75 32 läns
575 1385 176 42 landsting
774 1387 54 30 må
851 1385 129 32 erhålla
1001 1386 200 32 restitution
1225 1397 40 21 av
1287 1386 65 32 vad
1372 1387 212 42 landstinget
1600 1387 50 31 uti

148 1434 141 32 ärendet
312 1434 114 32 kunde
448 1434 157 33 befinnas
628 1436 86 31 hava
738 1436 107 41 erlagt
867 1436 53 32 för
942 1436 136 42 mycket
1100 1436 11 31 i
1135 1437 262 41 stämpelavgift.

200 1485 18 31 I
250 1485 95 41 fråga
368 1496 54 20 om
447 1485 43 32 de
513 1485 83 39 skäl,
620 1486 254 31 motionärerna
897 1486 112 32 anfört
1032 1486 52 31 till
1109 1486 79 32 stöd
1210 1487 53 31 för
1286 1487 61 31 sitt
1369 1487 136 41 förslag,
1530 1488 49 31 får
1602 1490 48 29 ut-

148 1536 128 31 skottet
298 1535 143 32 hänvisa
464 1536 53 31 till
540 1536 66 31 den
629 1536 236 32 förstnämnda
888 1536 185 33 motionen.

202 1647 122 32 Såsom
348 1658 40 20 av
411 1647 216 32 motionerna
651 1647 152 42 framgår,
827 1647 62 32 har
913 1658 41 20 en
977 1658 41 20 av
1040 1647 307 33 Västernorrlands
1363 1648 76 32 läns
1455 1648 194 42 landstings

146 1697 364 43 förvaltningsutskott
536 1700 44 40 på
603 1698 54 31 sin
680 1697 51 32 tid
758 1698 64 31 hos
845 1698 127 41 Kungl.
997 1698 99 41 Maj:t
1118 1698 99 42 gjord
1239 1698 252 42 framställning
1513 1710 39 20 av
1576 1710 74 20 ena-

147 1749 114 32 handa
294 1749 153 31 innehåll
475 1760 74 20 som
573 1748 75 39 den,
673 1748 113 32 vilken
810 1760 46 20 nu
880 1748 205 32 motionsvis
1109 1749 175 41 framlagts
1308 1749 52 31 för
1382 1749 192 41 riksdagen,
1599 1761 50 20 av-

148 1801 120 41 slagits
292 1811 39 21 av
354 1799 127 41 Kungl.
505 1799 106 41 Maj:t.

202 1851 265 38 Statskontoret,
500 1860 74 21 som
609 1850 85 31 efter
716 1850 122 31 remiss
862 1849 127 42 avgivit
1011 1850 177 31 utlåtande
1212 1849 11 32 i
1246 1850 149 38 ärendet,
1420 1850 87 32 hade
1531 1850 118 31 därvid

148 1903 113 30 såsom
286 1901 52 31 sin
362 1901 139 40 mening
527 1900 194 38 framhållit,
746 1902 49 29 att
817 1900 65 31 vad
905 1900 11 31 i
939 1900 142 31 ärendet
1103 1900 100 31 blivit
1227 1901 111 30 anfört
1361 1900 74 32 icke
1459 1900 113 31 kunde
1596 1912 53 19 an-

148 1962 56 21 ses
239 1952 76 41 giva
349 1951 57 31 vid
439 1950 146 39 handen,
620 1952 51 29 att
703 1950 123 31 hinder
853 1951 88 30 mött
963 1950 53 31 för
1038 1950 212 41 landstinget
1273 1950 83 31 eller
1379 1952 104 40 något
1506 1962 40 19 av
1569 1950 80 32 dess

148 2013 104 31 organ
287 2004 50 29 att
369 2001 11 31 i
415 2001 66 31 den
516 2000 155 42 ordning,
704 2011 72 21 som
800 2000 11 31 i
834 2001 41 30 20
897 2000 22 41 $
942 2011 40 20 av
1006 2000 393 41 stämpelförordningen
1423 2000 148 42 angives,
1596 2012 53 20 an-

147 2053 209 42 hängiggöra
379 2052 92 31 talan
495 2063 55 20 om
574 2051 194 31 återfående
791 2062 41 20 av
854 2051 64 31 vad
942 2050 51 32 till
1017 2052 159 40 äventyrs
1199 2050 100 32 blivit
1320 2051 53 31 för
1393 2051 134 42 mycket
1544 2051 105 41 erlagt

147 2104 8 30 i
193 2102 252 43 stämpelavgift
478 2102 57 31 vid
570 2102 151 31 sökande
754 2113 40 20 av
826 2101 124 42 lagfart
977 2103 19 29 å
1019 2101 65 31 den
1108 2101 173 42 fastighet,
1305 2113 115 20 varom
1444 2103 93 40 fråga
1559 2113 89 21 vore.

149 2154 257 32 Statskontoret
429 2152 205 32 hemställde
657 2152 222 38 fördenskull,
904 2154 50 29 att
977 2151 66 32 den
1068 2152 63 31 hos
1155 2152 125 41 Kungl.
1305 2152 98 41 Maj:t
1418 2152 119 42 gjorda
1553 2153 96 30 fram-

147 2204 208 42 ställningen
378 2203 74 32 icke
476 2205 104 29 måtte
604 2203 175 31 föranleda
800 2204 113 40 någon
936 2202 126 41 Kungl.
1088 2202 116 41 Maj:ts
1226 2202 115 31 vidare
1365 2203 129 40 åtgärd.

200 2255 120 31 Under
343 2253 218 42 åberopande
584 2253 103 31 härav
710 2253 64 31 och
798 2253 78 31 med
899 2253 134 40 hänsyn
1057 2252 52 31 till
1133 2252 42 31 de
1198 2252 264 38 konsekvenser,
1488 2255 49 28 ett
1552 2253 97 31 bifall

146 2305 52 31 till
233 2304 271 31 motionärernas
538 2303 127 40 förslag
699 2302 109 32 skulle
842 2302 116 31 kunna
991 2302 136 31 komma
1150 2303 50 30 att
1223 2302 160 37 medföra,
1408 2302 50 31 får
1480 2302 169 32 utskottet

145 2354 190 38 hemställa,

202 2526 112 38 Bihang
332 2527 42 28 till
389 2526 167 38 riksdagens
570 2526 141 37 protokoll
730 2523 86 31 1931.
861 2524 13 28 1
891 2525 79 28 saml.
1009 2523 42 29 28
1066 2524 71 38 häft.
1173 2524 64 39 (Nr
1259 2522 154 36 32—064.)
1466 2533 75 20 cvs8
1589 2528 17 26 3

1703 1658 137 23 Utskottets

1711 1693 118 29 yttrande.
