2181 2677
643 154 404 36 Konstitutionsutskottets
1069 159 170 33 utlåtande
1258 150 58 42 Nr
1338 163 53 32 24.
1796 169 20 31 3

209 243 101 46 regel
339 243 117 36 skulle
484 245 95 47 gälla
605 246 137 48 jämväl
770 248 225 48 Konungens
1024 251 87 36 eller
1140 254 221 35 statsrådens
1381 254 56 36 till
1457 257 229 46 protokollen
1706 262 110 46 tagna

209 298 208 46 yttranden,
449 298 12 36 i
491 300 43 35 de
562 300 65 35 fall
657 302 44 34 då
730 303 134 34 sådana
901 304 232 46 förekomma,
1165 312 168 31 ävensom
1364 310 69 35 vad
1462 312 225 46 protokollen
1715 314 14 36 i
1758 321 57 31 öv-

208 350 75 48 rigt
312 351 125 36 kunna
466 353 196 46 innehålla,
694 355 74 36 kan
796 357 180 37 utskottet
1005 359 30 48 ej
1067 360 153 36 tillråda.
1279 363 19 34 I
1318 363 43 35 de
1381 364 75 45 fall,
1479 366 44 35 då
1542 369 160 35 nämnda
1715 368 99 38 inne-

208 406 75 34 håll
326 411 130 42 prövas
494 421 86 23 vara
623 422 44 23 av
709 410 251 38 beskaffenhet
998 418 53 31 att
1079 415 86 35 böra
1195 417 180 36 meddelas
1405 419 254 48 allmänheten,
1691 423 123 48 plägar

206 460 113 34 redan
348 473 50 22 nu
428 462 92 35 efter
548 463 137 47 Kungl.
717 465 125 47 Maj:ts
873 467 121 35 därom
1028 468 136 36 fattade
1199 470 120 36 beslut
1354 472 200 37 detsamma
1587 472 226 57 offentliggö-

204 525 69 23 ras.
331 514 18 35 I
379 516 113 35 andra
535 516 61 36 fall
625 520 77 33 åter
738 518 131 37 kräver
904 521 142 48 hänsyn
1083 522 56 36 till
1173 524 181 37 allmänna
1383 527 87 35 eller
1499 528 225 50 berättigade
1753 545 59 23 en-

204 567 121 36 skilda
353 568 181 37 intressen
563 574 53 32 ett
651 572 237 48 iakttagande
917 588 46 23 av
992 577 70 34 den
1089 579 324 47 grundlagsenliga
1441 582 240 38 sekretessen.
1739 587 74 36 Det

203 622 97 35 lärer
329 622 83 37 icke
441 624 125 36 kunna
594 625 233 48 ifrågasättas
856 632 111 33 annat
996 636 45 29 än
1070 635 53 31 att
1166 632 135 48 Kungl.
1332 634 108 49 Maj:t
1481 639 113 34 måste
1627 640 65 34 allt
1726 640 85 37 fort-

204 676 150 36 farande
383 678 93 36 hava
504 679 12 34 i
546 679 55 36 sin
637 680 99 36 band
772 684 53 33 att
853 685 46 44 på
928 684 98 36 detta
1055 688 71 33 sätt
1154 686 152 46 besluta,
1337 689 182 37 huruvida
1548 694 54 33 ett
1629 695 181 44 protokoll

183 743 65 24 av
276 730 278 48 ifrågavarande
583 737 56 33 art
669 735 65 35 bör
762 737 272 47 offentliggöras
1064 740 86 35 eller
1178 740 93 37 icke.

311 786 226 36 Motionären
566 789 121 46 yrkar,
720 793 52 32 att
800 803 50 22 nu
878 792 166 45 gällande
1073 793 179 37 förbehåll
1283 800 74 48 mot
1384 796 278 49 ifrågavarande
1691 806 117 43 proto-

201 838 92 37 kolls
335 840 228 48 offentlighet
608 843 101 35 skola
758 845 267 47 >»väsentligen»
1068 849 200 45 upphävas.
1327 844 107 44 Även
1462 853 74 36 han
1564 867 108 35 synes
1701 857 106 37 alltså

199 906 96 34 anse,
336 897 54 33 att
430 896 198 48 undantag,
660 897 205 48 varigenom
895 900 180 46 protokoll
1104 902 71 35 blir
1204 904 161 48 hemligt,
1401 906 94 36 skall
1528 908 127 37 kunna
1688 917 115 41 göras.

201 947 112 36 Vilka
342 950 161 45 grunder
545 962 74 23 som
650 951 100 36 skola
788 952 179 48 tillämpas
997 955 55 35 för
1086 959 231 44 avgörandet,
1348 972 56 23 om
1434 963 52 33 ett
1514 963 178 45 protokoll
1721 966 85 35 eller

199 1002 58 34 del
300 1015 43 23 av
386 1006 52 32 ett
480 1004 121 47 dylikt
642 1004 13 35 i
697 1008 52 33 ett
790 1006 91 36 visst
923 1008 63 35 fall
1023 1009 93 36 skall
1145 1011 35 35 få
1209 1011 266 51 offentliggöras
1505 1016 86 36 eller
1619 1018 45 48 ej,
1695 1032 110 35 anges

197 1056 203 35 emellertid
442 1057 96 36 icke.
596 1058 69 36 Att
707 1060 154 36 bestämt
904 1062 114 36 fixera
1054 1064 100 36 detta
1181 1065 13 35 i
1222 1066 61 48 lag
1312 1069 102 34 torde
1443 1069 31 47 ej
1505 1071 115 35 heller
1647 1073 73 35 låta
1749 1074 56 48 sig

197 1114 98 42 göra.
354 1111 127 35 Redan
525 1115 52 32 ett
615 1113 123 36 försök
768 1117 52 33 att
850 1116 120 35 därför
997 1119 181 45 uppställa
1207 1119 97 36 vissa
1333 1121 181 37 allmänna
1542 1126 127 47 regler,
1701 1130 102 34 torde

197 1176 88 23 vara
327 1164 141 37 förenat
511 1167 81 35 med
634 1168 233 48 synnerligen
912 1173 95 33 stora
1045 1172 235 48 svårigheter.
1338 1176 86 36 Men
1463 1183 90 31 även
1582 1192 56 23 om
1668 1183 135 35 sådana

197 1219 118 45 regler
343 1219 124 35 kunde
496 1219 114 48 givas,
642 1222 117 35 skulle
789 1224 62 35 det
879 1224 97 35 bliva
1003 1227 227 48 nödvändigt
1259 1232 52 33 att
1331 1232 206 36 överlämna
1556 1236 37 33 åt
1621 1236 181 48 regering-

196 1284 65 23 ens
290 1277 82 42 eget
400 1273 91 36 skön
520 1277 53 33 att
601 1282 142 40 avgöra,
774 1278 181 35 huruvida
984 1283 52 31 ett
1063 1280 157 37 konkret
1249 1283 62 35 fall
1340 1284 117 37 skulle
1486 1287 170 37 hänföras
1685 1292 116 35 under

195 1326 125 47 regeln
363 1327 87 35 eller
491 1328 92 36 icke.
642 1330 78 35 Och
762 1331 12 34 i
817 1333 66 34 och
925 1334 82 34 med
1051 1335 60 35 det
1153 1339 53 32 att
1249 1340 220 44 avgörandet
1508 1341 112 37 härav
1649 1344 151 37 sålunda

195 1382 115 34 måste
355 1381 122 47 läggas
520 1383 13 34 i
574 1384 235 47 regeringens
852 1386 108 44 hand,
991 1388 102 35 torde
1128 1390 270 50 verkningarna
1430 1407 45 22 av
1504 1396 71 35 den
1604 1410 43 23 av
1675 1400 124 35 motio-

193 1439 114 30 nären
332 1435 205 47 föreslagna
578 1438 180 36 reformen
787 1439 98 37 bliva
919 1442 236 48 synnerligen
1182 1444 217 38 illusoriska.
1457 1449 138 36 Härtill
1623 1451 172 47 kommer,

194 1491 53 31 att
285 1488 246 37 sekretessens
574 1492 243 46 upphävande
859 1495 224 36 beträffande
1127 1500 403 46 statsrådsprotokollen
1572 1506 66 34 och
1680 1510 117 43 proto-

193 1541 120 36 kollen
356 1543 13 34 i
410 1544 292 36 kommandomål
743 1547 68 35 lätt
852 1548 117 35 skulle
1011 1550 127 35 kunna
1176 1553 159 36 medföra
1370 1567 46 23 en
1445 1558 213 48 utveckling
1686 1560 12 35 i
1727 1562 69 36 den

191 1594 179 48 riktning,
402 1600 53 32 att
483 1599 247 45 protokollens
759 1601 171 45 innehåll,
970 1602 14 35 i
1022 1605 67 34 vad
1127 1606 60 34 det
1225 1609 64 43 går
1321 1610 147 35 utanför
1496 1624 45 22 en
1569 1614 225 46 redogörelse

192 1648 56 35 för
277 1650 44 34 de
350 1650 12 34 i
391 1651 100 47 varje
521 1652 69 35 mål
633 1653 247 48 föreliggande
913 1656 162 36 faktiska
1103 1658 284 49 förhållandena,
1418 1663 143 38 komme
1603 1670 53 33 att
1683 1671 111 44 ytter-

191 1702 114 47 ligare
347 1705 200 36 reduceras.
606 1707 220 47 Därigenom
870 1710 117 35 skulle
1031 1714 19 32 å
1080 1725 67 22 ena
1190 1714 103 36 sidan
1322 1717 159 36 motiven
1510 1719 55 36 för
1589 1722 204 48 regerings-

192 1756 166 36 maktens
391 1759 219 47 handlingar
641 1761 223 37 fortfarande
897 1764 126 35 kunna
1055 1767 254 48 undandragas
1347 1771 70 35 den
1446 1772 239 49 offentlighet,
1717 1789 74 24 som

191 1810 227 36 motionären
454 1813 148 47 åsyftar,
641 1817 19 32 å
689 1816 112 35 andra
829 1816 103 36 sidan
962 1819 69 35 den
1065 1819 312 40 konstitutionella
1415 1825 157 38 kontroll
1600 1825 189 55 försvåras,

189 1875 75 24 som
293 1865 212 48 Riksdagen
533 1880 127 34 genom
691 1869 65 37 sitt
784 1870 403 41 konstitutionsutskott
1215 1877 66 35 har
1309 1881 53 33 att
1390 1883 118 34 utöva.

296 1919 82 36 Vad
407 1921 149 36 särskilt
584 1925 111 44 angår
724 1924 247 37 ministeriella
999 1927 217 49 handlingar
1235 1932 68 34 och
1328 1932 256 47 diplomatiska
1603 1950 188 33 personers

189 1973 266 47 anteckningar
497 1976 87 35 eller
627 1977 210 37 berättelser
872 1985 84 30 över
989 1981 247 38 ministeriella
1265 1987 169 45 ärenden,
1466 2001 105 24 anser
1599 1992 188 47 utskottet,

188 2028 54 33 att
283 2027 246 37 sekretessens
571 2032 242 45 upphävande
851 2035 80 34 med
974 2038 176 34 avseende
1193 2041 20 32 å
1240 2042 158 34 nämnda
1426 2043 218 48 handlingar
1672 2046 117 37 skulle

188 2079 126 37 kunna
355 2083 163 35 medföra
560 2084 211 49 betänkliga
809 2087 271 38 konsekvenser
1108 2096 92 31 samt
1229 2094 113 35 strida
1371 2100 73 31 mot
1473 2098 70 34 den
1572 2099 213 48 diskretion,

188 2145 75 23 som
286 2134 96 36 inom
406 2136 234 47 diplomatien
673 2142 113 34 måste
816 2141 181 48 iakttagas
1018 2143 13 35 i
1050 2144 242 39 förhållandet
1316 2148 54 35 till
1389 2149 225 39 främmande
1635 2155 150 37 makter.

294 2189 234 38 Beträffande
557 2193 70 34 den
656 2193 160 48 tidrymd
845 2207 43 24 av
918 2197 123 35 femtio
1071 2200 49 48 år,
1151 2199 57 36 till
1237 2201 123 36 vilken
1381 2203 169 38 förbudet
1569 2210 74 32 mot
1662 2209 124 37 offent-

186 2241 209 48 liggörande
438 2257 44 23 av
525 2246 43 35 de
603 2246 13 35 i
646 2248 184 36 motionen
859 2249 150 37 berörda
1038 2252 216 48 handlingar
1283 2262 39 29 är
1355 2257 201 47 begränsat,
1587 2261 117 36 finner
1731 2267 54 32 ut-

185 2295 136 37 skottet
351 2297 30 48 ej
413 2299 161 46 påkallat
604 2303 53 33 att
685 2303 82 34 med
796 2303 197 48 anledning
1021 2318 43 23 av
1094 2307 69 35 den
1192 2308 235 38 förevarande
1452 2315 183 34 motionen
1655 2316 130 37 föreslå
