<?xml version="1.0" encoding="UTF-8"?>
<alto xmlns="http://www.loc.gov/standards/alto/ns-v3#" xmlns:xlink="http://www.w3.org/1999/xlink" xmlns:xsi="http://www.w3.org/2001/XMLSchema-instance" xsi:schemaLocation="http://www.loc.gov/standards/alto/ns-v3# http://www.loc.gov/alto/v3/alto-3-0.xsd">
	<Description>
		<MeasurementUnit>pixel</MeasurementUnit>
		<sourceImageInformation>
			<fileName>/tmp/tess_9y41r3yp_input.PNG</fileName>
		</sourceImageInformation>
		<OCRProcessing ID="OCR_0">
			<ocrProcessingStep>
				<processingSoftware>
					<softwareName>tesseract 5.3.0</softwareName>
				</processingSoftware>
			</ocrProcessingStep>
		</OCRProcessing>
	</Description>
	<Layout>
		<Page WIDTH="1870" HEIGHT="2784" PHYSICAL_IMG_NR="0" ID="page_0">
			<PrintSpace HPOS="0" VPOS="0" WIDTH="1870" HEIGHT="2784">
				<ComposedBlock ID="cblock_0" HPOS="471" VPOS="142" WIDTH="1150" HEIGHT="50">
					<TextBlock ID="block_0" HPOS="471" VPOS="142" WIDTH="1150" HEIGHT="50">
						<TextLine ID="line_0" HPOS="471" VPOS="142" WIDTH="1150" HEIGHT="50">
							<String ID="string_0" HPOS="471" VPOS="152" WIDTH="405" HEIGHT="40" WC="0.91" CONTENT="Bevillningsutskottets"/><SP WIDTH="26" VPOS="152" HPOS="876"/>
							<String ID="string_1" HPOS="902" VPOS="149" WIDTH="219" HEIGHT="31" WC="0.96" CONTENT="betänkande"/><SP WIDTH="24" VPOS="149" HPOS="1121"/>
							<String ID="string_2" HPOS="1145" VPOS="157" WIDTH="42" HEIGHT="20" WC="0.96" CONTENT="nr"/><SP WIDTH="24" VPOS="157" HPOS="1187"/>
							<String ID="string_3" HPOS="1211" VPOS="147" WIDTH="53" HEIGHT="29" WC="0.95" CONTENT="23."/><SP WIDTH="340" VPOS="147" HPOS="1264"/>
							<String ID="string_4" HPOS="1604" VPOS="142" WIDTH="17" HEIGHT="30" WC="0.83" CONTENT="7"/>
						</TextLine>
					</TextBlock>
				</ComposedBlock>
				<ComposedBlock ID="cblock_1" HPOS="121" VPOS="228" WIDTH="1524" HEIGHT="2277">
					<TextBlock ID="block_1" HPOS="121" VPOS="228" WIDTH="1503" HEIGHT="407">
						<TextLine ID="line_1" HPOS="166" VPOS="228" WIDTH="1457" HEIGHT="53">
							<String ID="string_5" HPOS="166" VPOS="242" WIDTH="110" HEIGHT="39" WC="0.96" CONTENT="Syftet"/><SP WIDTH="14" VPOS="242" HPOS="276"/>
							<String ID="string_6" HPOS="290" VPOS="240" WIDTH="79" HEIGHT="30" WC="0.96" CONTENT="med"/><SP WIDTH="15" VPOS="240" HPOS="369"/>
							<String ID="string_7" HPOS="384" VPOS="240" WIDTH="66" HEIGHT="29" WC="0.96" CONTENT="den"/><SP WIDTH="16" VPOS="240" HPOS="450"/>
							<String ID="string_8" HPOS="466" VPOS="238" WIDTH="186" HEIGHT="30" WC="0.96" CONTENT="förordade"/><SP WIDTH="17" VPOS="238" HPOS="652"/>
							<String ID="string_9" HPOS="669" VPOS="235" WIDTH="194" HEIGHT="39" WC="0.96" CONTENT="ändringen"/><SP WIDTH="16" VPOS="235" HPOS="863"/>
							<String ID="string_10" HPOS="879" VPOS="235" WIDTH="37" HEIGHT="29" WC="0.96" CONTENT="är"/><SP WIDTH="17" VPOS="235" HPOS="916"/>
							<String ID="string_11" HPOS="933" VPOS="235" WIDTH="50" HEIGHT="28" WC="0.96" CONTENT="att"/><SP WIDTH="16" VPOS="235" HPOS="983"/>
							<String ID="string_12" HPOS="999" VPOS="232" WIDTH="205" HEIGHT="39" WC="0.96" CONTENT="markägare"/><SP WIDTH="15" VPOS="232" HPOS="1204"/>
							<String ID="string_13" HPOS="1219" VPOS="231" WIDTH="11" HEIGHT="29" WC="0.96" CONTENT="i"/><SP WIDTH="17" VPOS="231" HPOS="1230"/>
							<String ID="string_14" HPOS="1247" VPOS="231" WIDTH="41" HEIGHT="29" WC="0.96" CONTENT="de"/><SP WIDTH="17" VPOS="231" HPOS="1288"/>
							<String ID="string_15" HPOS="1305" VPOS="239" WIDTH="42" HEIGHT="21" WC="0.96" CONTENT="av"/><SP WIDTH="15" VPOS="239" HPOS="1347"/>
							<String ID="string_16" HPOS="1362" VPOS="228" WIDTH="261" HEIGHT="31" WC="0.96" CONTENT="motionärerna"/>
						</TextLine>
						<TextLine ID="line_2" HPOS="121" VPOS="277" WIDTH="1502" HEIGHT="50">
							<String ID="string_17" HPOS="121" VPOS="293" WIDTH="148" HEIGHT="31" WC="0.96" CONTENT="avsedda"/><SP WIDTH="16" VPOS="293" HPOS="269"/>
							<String ID="string_18" HPOS="285" VPOS="292" WIDTH="109" HEIGHT="29" WC="0.96" CONTENT="fallen"/><SP WIDTH="16" VPOS="292" HPOS="394"/>
							<String ID="string_19" HPOS="410" VPOS="290" WIDTH="112" HEIGHT="30" WC="0.96" CONTENT="skulle"/><SP WIDTH="16" VPOS="290" HPOS="522"/>
							<String ID="string_20" HPOS="538" VPOS="289" WIDTH="37" HEIGHT="29" WC="0.96" CONTENT="få"/><SP WIDTH="16" VPOS="289" HPOS="575"/>
							<String ID="string_21" HPOS="591" VPOS="288" WIDTH="159" HEIGHT="39" WC="0.96" CONTENT="tillämpa"/><SP WIDTH="15" VPOS="288" HPOS="750"/>
							<String ID="string_22" HPOS="765" VPOS="287" WIDTH="41" HEIGHT="31" WC="0.96" CONTENT="de"/><SP WIDTH="17" VPOS="287" HPOS="806"/>
							<String ID="string_23" HPOS="823" VPOS="285" WIDTH="110" HEIGHT="40" WC="0.96" CONTENT="regler"/><SP WIDTH="16" VPOS="285" HPOS="933"/>
							<String ID="string_24" HPOS="949" VPOS="284" WIDTH="54" HEIGHT="30" WC="0.96" CONTENT="för"/><SP WIDTH="16" VPOS="284" HPOS="1003"/>
							<String ID="string_25" HPOS="1019" VPOS="282" WIDTH="193" HEIGHT="39" WC="0.96" CONTENT="beräkning"/><SP WIDTH="16" VPOS="282" HPOS="1212"/>
							<String ID="string_26" HPOS="1228" VPOS="291" WIDTH="42" HEIGHT="20" WC="0.96" CONTENT="av"/><SP WIDTH="17" VPOS="291" HPOS="1270"/>
							<String ID="string_27" HPOS="1287" VPOS="280" WIDTH="128" HEIGHT="38" WC="0.96" CONTENT="avdrag"/><SP WIDTH="17" VPOS="280" HPOS="1415"/>
							<String ID="string_28" HPOS="1432" VPOS="278" WIDTH="55" HEIGHT="30" WC="0.93" CONTENT="för"/><SP WIDTH="16" VPOS="278" HPOS="1487"/>
							<String ID="string_29" HPOS="1503" VPOS="277" WIDTH="120" HEIGHT="31" WC="0.92" CONTENT="värde-"/>
						</TextLine>
						<TextLine ID="line_3" HPOS="121" VPOS="328" WIDTH="1501" HEIGHT="53">
							<String ID="string_30" HPOS="121" VPOS="343" WIDTH="203" HEIGHT="38" WC="0.96" CONTENT="minskning"/><SP WIDTH="25" VPOS="343" HPOS="324"/>
							<String ID="string_31" HPOS="349" VPOS="351" WIDTH="42" HEIGHT="21" WC="0.96" CONTENT="av"/><SP WIDTH="24" VPOS="351" HPOS="391"/>
							<String ID="string_32" HPOS="415" VPOS="342" WIDTH="95" HEIGHT="37" WC="0.95" CONTENT="skog,"/><SP WIDTH="27" VPOS="342" HPOS="510"/>
							<String ID="string_33" HPOS="537" VPOS="349" WIDTH="74" HEIGHT="20" WC="0.96" CONTENT="som"/><SP WIDTH="26" VPOS="349" HPOS="611"/>
							<String ID="string_34" HPOS="637" VPOS="347" WIDTH="97" HEIGHT="21" WC="0.96" CONTENT="avser"/><SP WIDTH="27" VPOS="347" HPOS="734"/>
							<String ID="string_35" HPOS="761" VPOS="337" WIDTH="103" HEIGHT="39" WC="0.96" CONTENT="skogs"/><SP WIDTH="26" VPOS="337" HPOS="864"/>
							<String ID="string_36" HPOS="890" VPOS="334" WIDTH="212" HEIGHT="39" WC="0.96" CONTENT="försäljning"/><SP WIDTH="24" VPOS="334" HPOS="1102"/>
							<String ID="string_37" HPOS="1126" VPOS="333" WIDTH="11" HEIGHT="29" WC="0.96" CONTENT="i"/><SP WIDTH="26" VPOS="333" HPOS="1137"/>
							<String ID="string_38" HPOS="1163" VPOS="331" WIDTH="171" HEIGHT="31" WC="0.96" CONTENT="samband"/><SP WIDTH="24" VPOS="331" HPOS="1334"/>
							<String ID="string_39" HPOS="1358" VPOS="330" WIDTH="80" HEIGHT="30" WC="0.96" CONTENT="med"/><SP WIDTH="26" VPOS="330" HPOS="1438"/>
							<String ID="string_40" HPOS="1464" VPOS="328" WIDTH="158" HEIGHT="33" WC="0.96" CONTENT="marken,"/>
						</TextLine>
						<TextLine ID="line_4" HPOS="122" VPOS="378" WIDTH="1501" HEIGHT="47">
							<String ID="string_41" HPOS="122" VPOS="396" WIDTH="31" HEIGHT="29" WC="0.89" CONTENT="d."/><SP WIDTH="21" VPOS="396" HPOS="153"/>
							<String ID="string_42" HPOS="174" VPOS="404" WIDTH="29" HEIGHT="21" WC="0.89" CONTENT="v."/><SP WIDTH="22" VPOS="404" HPOS="203"/>
							<String ID="string_43" HPOS="225" VPOS="403" WIDTH="26" HEIGHT="21" WC="0.89" CONTENT="s."/><SP WIDTH="19" VPOS="403" HPOS="251"/>
							<String ID="string_44" HPOS="270" VPOS="394" WIDTH="12" HEIGHT="29" WC="0.96" CONTENT="i"/><SP WIDTH="22" VPOS="394" HPOS="282"/>
							<String ID="string_45" HPOS="304" VPOS="393" WIDTH="150" HEIGHT="30" WC="0.96" CONTENT="främsta"/><SP WIDTH="18" VPOS="393" HPOS="454"/>
							<String ID="string_46" HPOS="472" VPOS="391" WIDTH="153" HEIGHT="30" WC="0.95" CONTENT="rummet"/><SP WIDTH="19" VPOS="391" HPOS="625"/>
							<String ID="string_47" HPOS="644" VPOS="391" WIDTH="51" HEIGHT="28" WC="0.96" CONTENT="att"/><SP WIDTH="20" VPOS="391" HPOS="695"/>
							<String ID="string_48" HPOS="715" VPOS="388" WIDTH="37" HEIGHT="30" WC="0.96" CONTENT="få"/><SP WIDTH="19" VPOS="388" HPOS="752"/>
							<String ID="string_49" HPOS="771" VPOS="388" WIDTH="58" HEIGHT="30" WC="0.93" CONTENT="vid"/><SP WIDTH="21" VPOS="388" HPOS="829"/>
							<String ID="string_50" HPOS="850" VPOS="384" WIDTH="302" HEIGHT="33" WC="0.92" CONTENT="förrådsmetoden"/><SP WIDTH="21" VPOS="384" HPOS="1152"/>
							<String ID="string_51" HPOS="1173" VPOS="382" WIDTH="155" HEIGHT="30" WC="0.96" CONTENT="beräkna"/><SP WIDTH="22" VPOS="382" HPOS="1328"/>
							<String ID="string_52" HPOS="1350" VPOS="380" WIDTH="164" HEIGHT="39" WC="0.96" CONTENT="avdraget"/><SP WIDTH="21" VPOS="380" HPOS="1514"/>
							<String ID="string_53" HPOS="1535" VPOS="378" WIDTH="88" HEIGHT="30" WC="0.96" CONTENT="efter"/>
						</TextLine>
						<TextLine ID="line_5" HPOS="123" VPOS="431" WIDTH="1499" HEIGHT="53">
							<String ID="string_54" HPOS="123" VPOS="443" WIDTH="340" HEIGHT="41" WC="0.91" CONTENT="försäljningspriset"/><SP WIDTH="28" VPOS="443" HPOS="463"/>
							<String ID="string_55" HPOS="491" VPOS="442" WIDTH="11" HEIGHT="29" WC="0.96" CONTENT="i"/><SP WIDTH="31" VPOS="442" HPOS="502"/>
							<String ID="string_56" HPOS="533" VPOS="441" WIDTH="115" HEIGHT="30" WC="0.96" CONTENT="stället"/><SP WIDTH="28" VPOS="441" HPOS="648"/>
							<String ID="string_57" HPOS="676" VPOS="440" WIDTH="54" HEIGHT="30" WC="0.95" CONTENT="för"/><SP WIDTH="30" VPOS="440" HPOS="730"/>
							<String ID="string_58" HPOS="760" VPOS="438" WIDTH="88" HEIGHT="30" WC="0.93" CONTENT="efter"/><SP WIDTH="29" VPOS="438" HPOS="848"/>
							<String ID="string_59" HPOS="877" VPOS="435" WIDTH="279" HEIGHT="41" WC="0.92" CONTENT="ingångsvärdet."/><SP WIDTH="30" VPOS="435" HPOS="1156"/>
							<String ID="string_60" HPOS="1186" VPOS="433" WIDTH="104" HEIGHT="31" WC="0.96" CONTENT="Vilka"/><SP WIDTH="29" VPOS="433" HPOS="1290"/>
							<String ID="string_61" HPOS="1319" VPOS="431" WIDTH="199" HEIGHT="39" WC="0.95" CONTENT="ändringar,"/><SP WIDTH="30" VPOS="431" HPOS="1518"/>
							<String ID="string_62" HPOS="1548" VPOS="438" WIDTH="74" HEIGHT="21" WC="0.96" CONTENT="som"/>
						</TextLine>
						<TextLine ID="line_6" HPOS="125" VPOS="480" WIDTH="1499" HEIGHT="51">
							<String ID="string_63" HPOS="125" VPOS="496" WIDTH="119" HEIGHT="30" WC="0.96" CONTENT="därvid"/><SP WIDTH="27" VPOS="496" HPOS="244"/>
							<String ID="string_64" HPOS="271" VPOS="496" WIDTH="118" HEIGHT="29" WC="0.96" CONTENT="kunde"/><SP WIDTH="26" VPOS="496" HPOS="389"/>
							<String ID="string_65" HPOS="415" VPOS="494" WIDTH="47" HEIGHT="30" WC="0.95" CONTENT="bli"/><SP WIDTH="27" VPOS="494" HPOS="462"/>
							<String ID="string_66" HPOS="489" VPOS="492" WIDTH="228" HEIGHT="39" WC="0.96" CONTENT="erforderliga"/><SP WIDTH="25" VPOS="492" HPOS="717"/>
							<String ID="string_67" HPOS="742" VPOS="491" WIDTH="11" HEIGHT="29" WC="0.96" CONTENT="i"/><SP WIDTH="27" VPOS="491" HPOS="753"/>
							<String ID="string_68" HPOS="780" VPOS="490" WIDTH="101" HEIGHT="39" WC="0.96" CONTENT="fråga"/><SP WIDTH="25" VPOS="490" HPOS="881"/>
							<String ID="string_69" HPOS="906" VPOS="498" WIDTH="58" HEIGHT="20" WC="0.96" CONTENT="om"/><SP WIDTH="25" VPOS="498" HPOS="964"/>
							<String ID="string_70" HPOS="989" VPOS="489" WIDTH="101" HEIGHT="29" WC="0.96" CONTENT="dessa"/><SP WIDTH="26" VPOS="489" HPOS="1090"/>
							<String ID="string_71" HPOS="1116" VPOS="485" WIDTH="272" HEIGHT="33" WC="0.96" CONTENT="bestämmelser,"/><SP WIDTH="27" VPOS="485" HPOS="1388"/>
							<String ID="string_72" HPOS="1415" VPOS="483" WIDTH="131" HEIGHT="30" WC="0.96" CONTENT="uttalar"/><SP WIDTH="27" VPOS="483" HPOS="1546"/>
							<String ID="string_73" HPOS="1573" VPOS="480" WIDTH="51" HEIGHT="40" WC="0.96" CONTENT="sig"/>
						</TextLine>
						<TextLine ID="line_7" HPOS="123" VPOS="531" WIDTH="1501" HEIGHT="46">
							<String ID="string_74" HPOS="123" VPOS="547" WIDTH="260" HEIGHT="30" WC="0.96" CONTENT="motionärerna"/><SP WIDTH="22" VPOS="547" HPOS="383"/>
							<String ID="string_75" HPOS="405" VPOS="544" WIDTH="70" HEIGHT="30" WC="0.96" CONTENT="inte"/><SP WIDTH="25" VPOS="544" HPOS="475"/>
							<String ID="string_76" HPOS="500" VPOS="553" WIDTH="58" HEIGHT="20" WC="0.96" CONTENT="om"/><SP WIDTH="24" VPOS="553" HPOS="558"/>
							<String ID="string_77" HPOS="582" VPOS="544" WIDTH="85" HEIGHT="28" WC="0.96" CONTENT="utan"/><SP WIDTH="24" VPOS="544" HPOS="667"/>
							<String ID="string_78" HPOS="691" VPOS="549" WIDTH="102" HEIGHT="21" WC="0.96" CONTENT="anser"/><SP WIDTH="25" VPOS="549" HPOS="793"/>
							<String ID="string_79" HPOS="818" VPOS="541" WIDTH="50" HEIGHT="28" WC="0.96" CONTENT="att"/><SP WIDTH="23" VPOS="541" HPOS="868"/>
							<String ID="string_80" HPOS="891" VPOS="539" WIDTH="57" HEIGHT="30" WC="0.96" CONTENT="vid"/><SP WIDTH="24" VPOS="539" HPOS="948"/>
							<String ID="string_81" HPOS="972" VPOS="539" WIDTH="48" HEIGHT="28" WC="0.96" CONTENT="ett"/><SP WIDTH="26" VPOS="539" HPOS="1020"/>
							<String ID="string_82" HPOS="1046" VPOS="535" WIDTH="213" HEIGHT="32" WC="0.96" CONTENT="omedelbart"/><SP WIDTH="25" VPOS="535" HPOS="1259"/>
							<String ID="string_83" HPOS="1284" VPOS="531" WIDTH="272" HEIGHT="42" WC="0.96" CONTENT="genomförande"/><SP WIDTH="27" VPOS="531" HPOS="1556"/>
							<String ID="string_84" HPOS="1583" VPOS="539" WIDTH="41" HEIGHT="21" WC="0.96" CONTENT="av"/>
						</TextLine>
						<TextLine ID="line_8" HPOS="123" VPOS="584" WIDTH="1322" HEIGHT="51">
							<String ID="string_85" HPOS="123" VPOS="598" WIDTH="99" HEIGHT="29" WC="0.96" CONTENT="deras"/><SP WIDTH="20" VPOS="598" HPOS="222"/>
							<String ID="string_86" HPOS="242" VPOS="596" WIDTH="133" HEIGHT="39" WC="0.96" CONTENT="förslag"/><SP WIDTH="17" VPOS="596" HPOS="375"/>
							<String ID="string_87" HPOS="392" VPOS="596" WIDTH="114" HEIGHT="29" WC="0.96" CONTENT="denna"/><SP WIDTH="19" VPOS="596" HPOS="506"/>
							<String ID="string_88" HPOS="525" VPOS="594" WIDTH="100" HEIGHT="38" WC="0.96" CONTENT="fråga"/><SP WIDTH="18" VPOS="594" HPOS="625"/>
							<String ID="string_89" HPOS="643" VPOS="592" WIDTH="105" HEIGHT="30" WC="0.96" CONTENT="borde"/><SP WIDTH="20" VPOS="592" HPOS="748"/>
							<String ID="string_90" HPOS="768" VPOS="590" WIDTH="48" HEIGHT="31" WC="0.96" CONTENT="bli"/><SP WIDTH="18" VPOS="590" HPOS="816"/>
							<String ID="string_91" HPOS="834" VPOS="589" WIDTH="148" HEIGHT="31" WC="0.96" CONTENT="föremål"/><SP WIDTH="19" VPOS="589" HPOS="982"/>
							<String ID="string_92" HPOS="1001" VPOS="588" WIDTH="56" HEIGHT="30" WC="0.96" CONTENT="för"/><SP WIDTH="21" VPOS="588" HPOS="1057"/>
							<String ID="string_93" HPOS="1078" VPOS="586" WIDTH="150" HEIGHT="31" WC="0.96" CONTENT="särskild"/><SP WIDTH="20" VPOS="586" HPOS="1228"/>
							<String ID="string_94" HPOS="1248" VPOS="584" WIDTH="197" HEIGHT="38" WC="0.96" CONTENT="utredning."/>
						</TextLine>
					</TextBlock>
					<TextBlock ID="block_2" HPOS="125" VPOS="632" WIDTH="1509" HEIGHT="912">
						<TextLine ID="line_9" HPOS="168" VPOS="632" WIDTH="1457" HEIGHT="52">
							<String ID="string_95" HPOS="168" VPOS="648" WIDTH="120" HEIGHT="30" WC="0.95" CONTENT="Såsom"/><SP WIDTH="30" VPOS="648" HPOS="288"/>
							<String ID="string_96" HPOS="318" VPOS="656" WIDTH="42" HEIGHT="21" WC="0.95" CONTENT="av"/><SP WIDTH="28" VPOS="656" HPOS="360"/>
							<String ID="string_97" HPOS="388" VPOS="646" WIDTH="66" HEIGHT="30" WC="0.96" CONTENT="den"/><SP WIDTH="28" VPOS="646" HPOS="454"/>
							<String ID="string_98" HPOS="482" VPOS="645" WIDTH="147" HEIGHT="39" WC="0.96" CONTENT="tidigare"/><SP WIDTH="29" VPOS="645" HPOS="629"/>
							<String ID="string_99" HPOS="658" VPOS="641" WIDTH="161" HEIGHT="31" WC="0.96" CONTENT="lämnade"/><SP WIDTH="29" VPOS="641" HPOS="819"/>
							<String ID="string_100" HPOS="848" VPOS="639" WIDTH="242" HEIGHT="40" WC="0.95" CONTENT="redogörelsen"/><SP WIDTH="29" VPOS="639" HPOS="1090"/>
							<String ID="string_101" HPOS="1119" VPOS="636" WIDTH="155" HEIGHT="39" WC="0.96" CONTENT="framgår"/><SP WIDTH="28" VPOS="636" HPOS="1274"/>
							<String ID="string_102" HPOS="1302" VPOS="636" WIDTH="64" HEIGHT="29" WC="0.96" CONTENT="har"/><SP WIDTH="29" VPOS="636" HPOS="1366"/>
							<String ID="string_103" HPOS="1395" VPOS="632" WIDTH="230" HEIGHT="31" WC="0.96" CONTENT="förevarande"/>
						</TextLine>
						<TextLine ID="line_10" HPOS="125" VPOS="683" WIDTH="1502" HEIGHT="55">
							<String ID="string_104" HPOS="125" VPOS="698" WIDTH="172" HEIGHT="40" WC="0.96" CONTENT="spörsmål"/><SP WIDTH="18" VPOS="698" HPOS="297"/>
							<String ID="string_105" HPOS="315" VPOS="697" WIDTH="145" HEIGHT="39" WC="0.96" CONTENT="tidigare"/><SP WIDTH="17" VPOS="697" HPOS="460"/>
							<String ID="string_106" HPOS="477" VPOS="695" WIDTH="90" HEIGHT="31" WC="0.96" CONTENT="varit"/><SP WIDTH="19" VPOS="695" HPOS="567"/>
							<String ID="string_107" HPOS="586" VPOS="693" WIDTH="146" HEIGHT="31" WC="0.96" CONTENT="föremål"/><SP WIDTH="17" VPOS="693" HPOS="732"/>
							<String ID="string_108" HPOS="749" VPOS="692" WIDTH="55" HEIGHT="30" WC="0.96" CONTENT="för"/><SP WIDTH="18" VPOS="692" HPOS="804"/>
							<String ID="string_109" HPOS="822" VPOS="691" WIDTH="205" HEIGHT="38" WC="0.95" CONTENT="riksdagens"/><SP WIDTH="17" VPOS="691" HPOS="1027"/>
							<String ID="string_110" HPOS="1044" VPOS="686" WIDTH="324" HEIGHT="43" WC="0.95" CONTENT="uppmärksamhet."/><SP WIDTH="30" VPOS="686" HPOS="1368"/>
							<String ID="string_111" HPOS="1398" VPOS="683" WIDTH="155" HEIGHT="32" WC="0.93" CONTENT="Sålunda"/><SP WIDTH="17" VPOS="683" HPOS="1553"/>
							<String ID="string_112" HPOS="1570" VPOS="692" WIDTH="57" HEIGHT="21" WC="0.92" CONTENT="av-"/>
						</TextLine>
						<TextLine ID="line_11" HPOS="126" VPOS="733" WIDTH="1499" HEIGHT="56">
							<String ID="string_113" HPOS="126" VPOS="750" WIDTH="72" HEIGHT="39" WC="0.96" CONTENT="slog"/><SP WIDTH="19" VPOS="750" HPOS="198"/>
							<String ID="string_114" HPOS="217" VPOS="748" WIDTH="83" HEIGHT="30" WC="0.96" CONTENT="1949"/><SP WIDTH="19" VPOS="748" HPOS="300"/>
							<String ID="string_115" HPOS="319" VPOS="749" WIDTH="57" HEIGHT="29" WC="0.96" CONTENT="års"/><SP WIDTH="19" VPOS="749" HPOS="376"/>
							<String ID="string_116" HPOS="395" VPOS="747" WIDTH="143" HEIGHT="38" WC="0.96" CONTENT="riksdag"/><SP WIDTH="17" VPOS="747" HPOS="538"/>
							<String ID="string_117" HPOS="555" VPOS="745" WIDTH="45" HEIGHT="40" WC="0.96" CONTENT="på"/><SP WIDTH="17" VPOS="745" HPOS="600"/>
							<String ID="string_118" HPOS="617" VPOS="743" WIDTH="210" HEIGHT="31" WC="0.96" CONTENT="hemställan"/><SP WIDTH="21" VPOS="743" HPOS="827"/>
							<String ID="string_119" HPOS="848" VPOS="751" WIDTH="42" HEIGHT="21" WC="0.96" CONTENT="av"/><SP WIDTH="18" VPOS="751" HPOS="890"/>
							<String ID="string_120" HPOS="908" VPOS="750" WIDTH="135" HEIGHT="21" WC="0.96" CONTENT="samma"/><SP WIDTH="18" VPOS="750" HPOS="1043"/>
							<String ID="string_121" HPOS="1061" VPOS="740" WIDTH="56" HEIGHT="29" WC="0.96" CONTENT="års"/><SP WIDTH="20" VPOS="740" HPOS="1117"/>
							<String ID="string_122" HPOS="1137" VPOS="735" WIDTH="345" HEIGHT="41" WC="0.91" CONTENT="bevillningsutskott"/><SP WIDTH="18" VPOS="735" HPOS="1482"/>
							<String ID="string_123" HPOS="1500" VPOS="733" WIDTH="125" HEIGHT="31" WC="0.96" CONTENT="väckta"/>
						</TextLine>
						<TextLine ID="line_12" HPOS="125" VPOS="783" WIDTH="1502" HEIGHT="53">
							<String ID="string_124" HPOS="125" VPOS="801" WIDTH="171" HEIGHT="29" WC="0.96" CONTENT="motioner"/><SP WIDTH="21" VPOS="801" HPOS="296"/>
							<String ID="string_125" HPOS="317" VPOS="808" WIDTH="58" HEIGHT="21" WC="0.96" CONTENT="om"/><SP WIDTH="21" VPOS="808" HPOS="375"/>
							<String ID="string_126" HPOS="396" VPOS="796" WIDTH="186" HEIGHT="40" WC="0.96" CONTENT="utredning"/><SP WIDTH="22" VPOS="796" HPOS="582"/>
							<String ID="string_127" HPOS="604" VPOS="805" WIDTH="43" HEIGHT="21" WC="0.96" CONTENT="av"/><SP WIDTH="20" VPOS="805" HPOS="647"/>
							<String ID="string_128" HPOS="667" VPOS="794" WIDTH="126" HEIGHT="39" WC="0.96" CONTENT="frågan"/><SP WIDTH="20" VPOS="794" HPOS="793"/>
							<String ID="string_129" HPOS="813" VPOS="802" WIDTH="57" HEIGHT="21" WC="0.96" CONTENT="om"/><SP WIDTH="21" VPOS="802" HPOS="870"/>
							<String ID="string_130" HPOS="891" VPOS="789" WIDTH="268" HEIGHT="40" WC="0.96" CONTENT="beskattningen"/><SP WIDTH="22" VPOS="789" HPOS="1159"/>
							<String ID="string_131" HPOS="1181" VPOS="798" WIDTH="42" HEIGHT="21" WC="0.93" CONTENT="av"/><SP WIDTH="22" VPOS="798" HPOS="1223"/>
							<String ID="string_132" HPOS="1245" VPOS="786" WIDTH="263" HEIGHT="41" WC="0.91" CONTENT="skogsinkomst"/><SP WIDTH="21" VPOS="786" HPOS="1508"/>
							<String ID="string_133" HPOS="1529" VPOS="784" WIDTH="11" HEIGHT="29" WC="0.93" CONTENT="i"/><SP WIDTH="23" VPOS="784" HPOS="1540"/>
							<String ID="string_134" HPOS="1563" VPOS="783" WIDTH="64" HEIGHT="30" WC="0.91" CONTENT="lik-"/>
						</TextLine>
						<TextLine ID="line_13" HPOS="126" VPOS="834" WIDTH="1500" HEIGHT="50">
							<String ID="string_135" HPOS="126" VPOS="852" WIDTH="112" HEIGHT="29" WC="0.96" CONTENT="nande"/><SP WIDTH="24" VPOS="852" HPOS="238"/>
							<String ID="string_136" HPOS="262" VPOS="850" WIDTH="73" HEIGHT="34" WC="0.95" CONTENT="fall,"/><SP WIDTH="27" VPOS="850" HPOS="335"/>
							<String ID="string_137" HPOS="362" VPOS="859" WIDTH="73" HEIGHT="20" WC="0.96" CONTENT="som"/><SP WIDTH="23" VPOS="859" HPOS="435"/>
							<String ID="string_138" HPOS="458" VPOS="848" WIDTH="11" HEIGHT="29" WC="0.96" CONTENT="i"/><SP WIDTH="23" VPOS="848" HPOS="469"/>
							<String ID="string_139" HPOS="492" VPOS="845" WIDTH="230" HEIGHT="32" WC="0.96" CONTENT="förevarande"/><SP WIDTH="22" VPOS="845" HPOS="722"/>
							<String ID="string_140" HPOS="744" VPOS="844" WIDTH="174" HEIGHT="30" WC="0.96" CONTENT="motioner"/><SP WIDTH="24" VPOS="844" HPOS="918"/>
							<String ID="string_141" HPOS="942" VPOS="850" WIDTH="109" HEIGHT="22" WC="0.96" CONTENT="avses."/><SP WIDTH="37" VPOS="850" HPOS="1051"/>
							<String ID="string_142" HPOS="1088" VPOS="840" WIDTH="177" HEIGHT="30" WC="0.96" CONTENT="Utskottet"/><SP WIDTH="23" VPOS="840" HPOS="1265"/>
							<String ID="string_143" HPOS="1288" VPOS="836" WIDTH="191" HEIGHT="31" WC="0.96" CONTENT="hänvisade"/><SP WIDTH="25" VPOS="836" HPOS="1479"/>
							<String ID="string_144" HPOS="1504" VPOS="834" WIDTH="122" HEIGHT="31" WC="0.96" CONTENT="därvid"/>
						</TextLine>
						<TextLine ID="line_14" HPOS="126" VPOS="887" WIDTH="1501" HEIGHT="52">
							<String ID="string_145" HPOS="126" VPOS="902" WIDTH="44" HEIGHT="30" WC="0.94" CONTENT="bl."/><SP WIDTH="17" VPOS="902" HPOS="170"/>
							<String ID="string_146" HPOS="187" VPOS="912" WIDTH="28" HEIGHT="20" WC="0.96" CONTENT="a."/><SP WIDTH="17" VPOS="912" HPOS="215"/>
							<String ID="string_147" HPOS="232" VPOS="901" WIDTH="53" HEIGHT="30" WC="0.96" CONTENT="till"/><SP WIDTH="16" VPOS="901" HPOS="285"/>
							<String ID="string_148" HPOS="301" VPOS="902" WIDTH="51" HEIGHT="28" WC="0.96" CONTENT="att"/><SP WIDTH="17" VPOS="902" HPOS="352"/>
							<String ID="string_149" HPOS="369" VPOS="899" WIDTH="105" HEIGHT="40" WC="0.95" CONTENT="syftet"/><SP WIDTH="15" VPOS="899" HPOS="474"/>
							<String ID="string_150" HPOS="489" VPOS="898" WIDTH="80" HEIGHT="30" WC="0.96" CONTENT="med"/><SP WIDTH="16" VPOS="898" HPOS="569"/>
							<String ID="string_151" HPOS="585" VPOS="896" WIDTH="220" HEIGHT="30" WC="0.96" CONTENT="motionerna"/><SP WIDTH="15" VPOS="896" HPOS="805"/>
							<String ID="string_152" HPOS="820" VPOS="894" WIDTH="105" HEIGHT="30" WC="0.95" CONTENT="borde"/><SP WIDTH="18" VPOS="894" HPOS="925"/>
							<String ID="string_153" HPOS="943" VPOS="901" WIDTH="101" HEIGHT="21" WC="0.95" CONTENT="anses"/><SP WIDTH="17" VPOS="901" HPOS="1044"/>
							<String ID="string_154" HPOS="1061" VPOS="891" WIDTH="11" HEIGHT="30" WC="0.95" CONTENT="i"/><SP WIDTH="16" VPOS="891" HPOS="1072"/>
							<String ID="string_155" HPOS="1088" VPOS="891" WIDTH="72" HEIGHT="31" WC="0.96" CONTENT="viss"/><SP WIDTH="14" VPOS="891" HPOS="1160"/>
							<String ID="string_156" HPOS="1174" VPOS="890" WIDTH="84" HEIGHT="30" WC="0.96" CONTENT="mån"/><SP WIDTH="15" VPOS="890" HPOS="1258"/>
							<String ID="string_157" HPOS="1273" VPOS="887" WIDTH="214" HEIGHT="40" WC="0.96" CONTENT="tillgodosett"/><SP WIDTH="17" VPOS="887" HPOS="1487"/>
							<String ID="string_158" HPOS="1504" VPOS="894" WIDTH="123" HEIGHT="32" WC="0.96" CONTENT="genom"/>
						</TextLine>
						<TextLine ID="line_15" HPOS="127" VPOS="936" WIDTH="1501" HEIGHT="54">
							<String ID="string_159" HPOS="127" VPOS="954" WIDTH="56" HEIGHT="29" WC="0.96" CONTENT="det"/><SP WIDTH="19" VPOS="954" HPOS="183"/>
							<String ID="string_160" HPOS="202" VPOS="952" WIDTH="133" HEIGHT="38" WC="0.96" CONTENT="förslag"/><SP WIDTH="18" VPOS="952" HPOS="335"/>
							<String ID="string_161" HPOS="353" VPOS="950" WIDTH="149" HEIGHT="31" WC="0.96" CONTENT="rörande"/><SP WIDTH="20" VPOS="950" HPOS="502"/>
							<String ID="string_162" HPOS="522" VPOS="946" WIDTH="224" HEIGHT="40" WC="0.96" CONTENT="beskattning"/><SP WIDTH="21" VPOS="946" HPOS="746"/>
							<String ID="string_163" HPOS="767" VPOS="956" WIDTH="43" HEIGHT="21" WC="0.97" CONTENT="av"/><SP WIDTH="20" VPOS="956" HPOS="810"/>
							<String ID="string_164" HPOS="830" VPOS="943" WIDTH="270" HEIGHT="32" WC="0.96" CONTENT="ackumulerade"/><SP WIDTH="19" VPOS="943" HPOS="1100"/>
							<String ID="string_165" HPOS="1119" VPOS="940" WIDTH="206" HEIGHT="34" WC="0.96" CONTENT="inkomster,"/><SP WIDTH="23" VPOS="940" HPOS="1325"/>
							<String ID="string_166" HPOS="1348" VPOS="947" WIDTH="74" HEIGHT="22" WC="0.96" CONTENT="som"/><SP WIDTH="22" VPOS="947" HPOS="1422"/>
							<String ID="string_167" HPOS="1444" VPOS="936" WIDTH="184" HEIGHT="39" WC="0.96" CONTENT="framlagts"/>
						</TextLine>
						<TextLine ID="line_16" HPOS="127" VPOS="987" WIDTH="1502" HEIGHT="47">
							<String ID="string_168" HPOS="127" VPOS="1013" WIDTH="42" HEIGHT="21" WC="0.96" CONTENT="av"/><SP WIDTH="26" VPOS="1013" HPOS="169"/>
							<String ID="string_169" HPOS="195" VPOS="1002" WIDTH="83" HEIGHT="30" WC="0.96" CONTENT="1944"/><SP WIDTH="27" VPOS="1002" HPOS="278"/>
							<String ID="string_170" HPOS="305" VPOS="1002" WIDTH="57" HEIGHT="30" WC="0.95" CONTENT="års"/><SP WIDTH="26" VPOS="1002" HPOS="362"/>
							<String ID="string_171" HPOS="388" VPOS="1001" WIDTH="179" HEIGHT="30" WC="0.93" CONTENT="allmänna"/><SP WIDTH="25" VPOS="1001" HPOS="567"/>
							<String ID="string_172" HPOS="592" VPOS="995" WIDTH="310" HEIGHT="33" WC="0.91" CONTENT="skattekommitté."/><SP WIDTH="37" VPOS="995" HPOS="902"/>
							<String ID="string_173" HPOS="939" VPOS="994" WIDTH="49" HEIGHT="30" WC="0.96" CONTENT="De"/><SP WIDTH="25" VPOS="994" HPOS="988"/>
							<String ID="string_174" HPOS="1013" VPOS="991" WIDTH="264" HEIGHT="32" WC="0.96" CONTENT="bestämmelser"/><SP WIDTH="25" VPOS="991" HPOS="1277"/>
							<String ID="string_175" HPOS="1302" VPOS="988" WIDTH="148" HEIGHT="31" WC="0.92" CONTENT="rörande"/><SP WIDTH="26" VPOS="988" HPOS="1450"/>
							<String ID="string_176" HPOS="1476" VPOS="987" WIDTH="153" HEIGHT="30" WC="0.91" CONTENT="beskatt-"/>
						</TextLine>
						<TextLine ID="line_17" HPOS="128" VPOS="1038" WIDTH="1501" HEIGHT="55">
							<String ID="string_177" HPOS="128" VPOS="1055" WIDTH="126" HEIGHT="38" WC="0.95" CONTENT="ningen"/><SP WIDTH="29" VPOS="1055" HPOS="254"/>
							<String ID="string_178" HPOS="283" VPOS="1062" WIDTH="42" HEIGHT="21" WC="0.95" CONTENT="av"/><SP WIDTH="27" VPOS="1062" HPOS="325"/>
							<String ID="string_179" HPOS="352" VPOS="1050" WIDTH="270" HEIGHT="32" WC="0.96" CONTENT="ackumulerade"/><SP WIDTH="29" VPOS="1050" HPOS="622"/>
							<String ID="string_180" HPOS="651" VPOS="1048" WIDTH="203" HEIGHT="33" WC="0.96" CONTENT="inkomster,"/><SP WIDTH="30" VPOS="1048" HPOS="854"/>
							<String ID="string_181" HPOS="884" VPOS="1055" WIDTH="73" HEIGHT="21" WC="0.96" CONTENT="som"/><SP WIDTH="29" VPOS="1055" HPOS="957"/>
							<String ID="string_182" HPOS="986" VPOS="1044" WIDTH="195" HEIGHT="31" WC="0.96" CONTENT="sedermera"/><SP WIDTH="28" VPOS="1044" HPOS="1181"/>
							<String ID="string_183" HPOS="1209" VPOS="1042" WIDTH="123" HEIGHT="37" WC="0.96" CONTENT="antogs"/><SP WIDTH="29" VPOS="1042" HPOS="1332"/>
							<String ID="string_184" HPOS="1361" VPOS="1049" WIDTH="42" HEIGHT="21" WC="0.96" CONTENT="av"/><SP WIDTH="27" VPOS="1049" HPOS="1403"/>
							<String ID="string_185" HPOS="1430" VPOS="1038" WIDTH="199" HEIGHT="38" WC="0.96" CONTENT="riksdagen,"/>
						</TextLine>
						<TextLine ID="line_18" HPOS="129" VPOS="1087" WIDTH="1502" HEIGHT="48">
							<String ID="string_186" HPOS="129" VPOS="1106" WIDTH="80" HEIGHT="29" WC="0.96" CONTENT="kom"/><SP WIDTH="27" VPOS="1106" HPOS="209"/>
							<String ID="string_187" HPOS="236" VPOS="1104" WIDTH="91" HEIGHT="30" WC="0.96" CONTENT="dock"/><SP WIDTH="24" VPOS="1104" HPOS="327"/>
							<String ID="string_188" HPOS="351" VPOS="1103" WIDTH="76" HEIGHT="30" WC="0.93" CONTENT="icke"/><SP WIDTH="24" VPOS="1103" HPOS="427"/>
							<String ID="string_189" HPOS="451" VPOS="1119" WIDTH="44" HEIGHT="3" WC="0.91" CONTENT="—"/><SP WIDTH="24" VPOS="1119" HPOS="495"/>
							<String ID="string_190" HPOS="519" VPOS="1100" WIDTH="149" HEIGHT="30" WC="0.96" CONTENT="bortsett"/><SP WIDTH="23" VPOS="1100" HPOS="668"/>
							<String ID="string_191" HPOS="691" VPOS="1098" WIDTH="82" HEIGHT="30" WC="0.96" CONTENT="från"/><SP WIDTH="25" VPOS="1098" HPOS="773"/>
							<String ID="string_192" HPOS="798" VPOS="1096" WIDTH="94" HEIGHT="31" WC="0.96" CONTENT="vissa"/><SP WIDTH="26" VPOS="1096" HPOS="892"/>
							<String ID="string_193" HPOS="918" VPOS="1094" WIDTH="193" HEIGHT="41" WC="0.93" CONTENT="specialfall"/><SP WIDTH="24" VPOS="1094" HPOS="1111"/>
							<String ID="string_194" HPOS="1135" VPOS="1110" WIDTH="44" HEIGHT="4" WC="0.92" CONTENT="—"/><SP WIDTH="24" VPOS="1110" HPOS="1179"/>
							<String ID="string_195" HPOS="1203" VPOS="1093" WIDTH="51" HEIGHT="29" WC="0.96" CONTENT="att"/><SP WIDTH="26" VPOS="1093" HPOS="1254"/>
							<String ID="string_196" HPOS="1280" VPOS="1091" WIDTH="49" HEIGHT="30" WC="0.96" CONTENT="bli"/><SP WIDTH="25" VPOS="1091" HPOS="1329"/>
							<String ID="string_197" HPOS="1354" VPOS="1088" WIDTH="208" HEIGHT="41" WC="0.95" CONTENT="tillämpliga"/><SP WIDTH="24" VPOS="1088" HPOS="1562"/>
							<String ID="string_198" HPOS="1586" VPOS="1087" WIDTH="45" HEIGHT="40" WC="0.96" CONTENT="på"/>
						</TextLine>
						<TextLine ID="line_19" HPOS="129" VPOS="1138" WIDTH="1502" HEIGHT="56">
							<String ID="string_199" HPOS="129" VPOS="1155" WIDTH="211" HEIGHT="39" WC="0.95" CONTENT="försäljning"/><SP WIDTH="23" VPOS="1155" HPOS="340"/>
							<String ID="string_200" HPOS="363" VPOS="1163" WIDTH="41" HEIGHT="21" WC="0.96" CONTENT="av"/><SP WIDTH="23" VPOS="1163" HPOS="404"/>
							<String ID="string_201" HPOS="427" VPOS="1153" WIDTH="86" HEIGHT="37" WC="0.96" CONTENT="skog"/><SP WIDTH="21" VPOS="1153" HPOS="513"/>
							<String ID="string_202" HPOS="534" VPOS="1152" WIDTH="86" HEIGHT="29" WC="0.96" CONTENT="utan"/><SP WIDTH="23" VPOS="1152" HPOS="620"/>
							<String ID="string_203" HPOS="643" VPOS="1149" WIDTH="169" HEIGHT="30" WC="0.96" CONTENT="samband"/><SP WIDTH="22" VPOS="1149" HPOS="812"/>
							<String ID="string_204" HPOS="834" VPOS="1148" WIDTH="80" HEIGHT="29" WC="0.93" CONTENT="med"/><SP WIDTH="20" VPOS="1148" HPOS="914"/>
							<String ID="string_205" HPOS="934" VPOS="1144" WIDTH="177" HEIGHT="41" WC="0.93" CONTENT="avyttring"/><SP WIDTH="22" VPOS="1144" HPOS="1111"/>
							<String ID="string_206" HPOS="1133" VPOS="1153" WIDTH="41" HEIGHT="21" WC="0.96" CONTENT="av"/><SP WIDTH="24" VPOS="1153" HPOS="1174"/>
							<String ID="string_207" HPOS="1198" VPOS="1142" WIDTH="157" HEIGHT="30" WC="0.95" CONTENT="marken."/><SP WIDTH="35" VPOS="1142" HPOS="1355"/>
							<String ID="string_208" HPOS="1390" VPOS="1141" WIDTH="13" HEIGHT="29" WC="0.96" CONTENT="I"/><SP WIDTH="24" VPOS="1141" HPOS="1403"/>
							<String ID="string_209" HPOS="1427" VPOS="1138" WIDTH="204" HEIGHT="39" WC="0.95" CONTENT="anslutning"/>
						</TextLine>
						<TextLine ID="line_20" HPOS="129" VPOS="1191" WIDTH="1502" HEIGHT="45">
							<String ID="string_210" HPOS="129" VPOS="1206" WIDTH="117" HEIGHT="30" WC="0.96" CONTENT="härtill"/><SP WIDTH="26" VPOS="1206" HPOS="246"/>
							<String ID="string_211" HPOS="272" VPOS="1205" WIDTH="60" HEIGHT="30" WC="0.95" CONTENT="må"/><SP WIDTH="25" VPOS="1205" HPOS="332"/>
							<String ID="string_212" HPOS="357" VPOS="1202" WIDTH="192" HEIGHT="32" WC="0.96" CONTENT="emellertid"/><SP WIDTH="27" VPOS="1202" HPOS="549"/>
							<String ID="string_213" HPOS="576" VPOS="1200" WIDTH="217" HEIGHT="34" WC="0.96" CONTENT="framhållas,"/><SP WIDTH="27" VPOS="1200" HPOS="793"/>
							<String ID="string_214" HPOS="820" VPOS="1199" WIDTH="51" HEIGHT="29" WC="0.96" CONTENT="att"/><SP WIDTH="26" VPOS="1199" HPOS="871"/>
							<String ID="string_215" HPOS="897" VPOS="1197" WIDTH="107" HEIGHT="39" WC="0.96" CONTENT="enligt"/><SP WIDTH="26" VPOS="1197" HPOS="1004"/>
							<String ID="string_216" HPOS="1030" VPOS="1196" WIDTH="67" HEIGHT="30" WC="0.96" CONTENT="den"/><SP WIDTH="26" VPOS="1196" HPOS="1097"/>
							<String ID="string_217" HPOS="1123" VPOS="1204" WIDTH="42" HEIGHT="21" WC="0.96" CONTENT="av"/><SP WIDTH="26" VPOS="1204" HPOS="1165"/>
							<String ID="string_218" HPOS="1191" VPOS="1194" WIDTH="91" HEIGHT="30" WC="0.96" CONTENT="årets"/><SP WIDTH="26" VPOS="1194" HPOS="1282"/>
							<String ID="string_219" HPOS="1308" VPOS="1191" WIDTH="145" HEIGHT="39" WC="0.96" CONTENT="riksdag"/><SP WIDTH="26" VPOS="1191" HPOS="1453"/>
							<String ID="string_220" HPOS="1479" VPOS="1191" WIDTH="152" HEIGHT="37" WC="0.96" CONTENT="antagna"/>
						</TextLine>
						<TextLine ID="line_21" HPOS="130" VPOS="1240" WIDTH="1500" HEIGHT="55">
							<String ID="string_221" HPOS="130" VPOS="1256" WIDTH="251" HEIGHT="39" WC="0.96" CONTENT="förordningen"/><SP WIDTH="21" VPOS="1256" HPOS="381"/>
							<String ID="string_222" HPOS="402" VPOS="1263" WIDTH="56" HEIGHT="21" WC="0.96" CONTENT="om"/><SP WIDTH="21" VPOS="1263" HPOS="458"/>
							<String ID="string_223" HPOS="479" VPOS="1252" WIDTH="158" HEIGHT="39" WC="0.96" CONTENT="taxering"/><SP WIDTH="21" VPOS="1252" HPOS="637"/>
							<String ID="string_224" HPOS="658" VPOS="1251" WIDTH="54" HEIGHT="30" WC="0.96" CONTENT="för"/><SP WIDTH="21" VPOS="1251" HPOS="712"/>
							<String ID="string_225" HPOS="733" VPOS="1250" WIDTH="157" HEIGHT="30" WC="0.96" CONTENT="inkomst"/><SP WIDTH="21" VPOS="1250" HPOS="890"/>
							<String ID="string_226" HPOS="911" VPOS="1258" WIDTH="42" HEIGHT="20" WC="0.96" CONTENT="av"/><SP WIDTH="21" VPOS="1258" HPOS="953"/>
							<String ID="string_227" HPOS="974" VPOS="1246" WIDTH="122" HEIGHT="38" WC="0.95" CONTENT="medel,"/><SP WIDTH="23" VPOS="1246" HPOS="1096"/>
							<String ID="string_228" HPOS="1119" VPOS="1254" WIDTH="74" HEIGHT="21" WC="0.96" CONTENT="som"/><SP WIDTH="20" VPOS="1254" HPOS="1193"/>
							<String ID="string_229" HPOS="1213" VPOS="1244" WIDTH="129" HEIGHT="30" WC="0.93" CONTENT="insatts"/><SP WIDTH="23" VPOS="1244" HPOS="1342"/>
							<String ID="string_230" HPOS="1365" VPOS="1243" WIDTH="19" HEIGHT="29" WC="0.92" CONTENT="å"/><SP WIDTH="23" VPOS="1243" HPOS="1384"/>
							<String ID="string_231" HPOS="1407" VPOS="1240" WIDTH="223" HEIGHT="40" WC="0.91" CONTENT="skogskonto,"/>
						</TextLine>
						<TextLine ID="line_22" HPOS="130" VPOS="1290" WIDTH="1502" HEIGHT="57">
							<String ID="string_232" HPOS="130" VPOS="1308" WIDTH="111" HEIGHT="39" WC="0.96" CONTENT="fysisk"/><SP WIDTH="22" VPOS="1308" HPOS="241"/>
							<String ID="string_233" HPOS="263" VPOS="1315" WIDTH="138" HEIGHT="32" WC="0.93" CONTENT="person,"/><SP WIDTH="24" VPOS="1315" HPOS="401"/>
							<String ID="string_234" HPOS="425" VPOS="1304" WIDTH="110" HEIGHT="31" WC="0.91" CONTENT="oskift"/><SP WIDTH="22" VPOS="1304" HPOS="535"/>
							<String ID="string_235" HPOS="557" VPOS="1302" WIDTH="131" HEIGHT="31" WC="0.96" CONTENT="dödsbo"/><SP WIDTH="21" VPOS="1302" HPOS="688"/>
							<String ID="string_236" HPOS="709" VPOS="1301" WIDTH="83" HEIGHT="31" WC="0.92" CONTENT="eller"/><SP WIDTH="22" VPOS="1301" HPOS="792"/>
							<String ID="string_237" HPOS="814" VPOS="1297" WIDTH="286" HEIGHT="41" WC="0.92" CONTENT="familjestiftelse"/><SP WIDTH="22" VPOS="1297" HPOS="1100"/>
							<String ID="string_238" HPOS="1122" VPOS="1297" WIDTH="71" HEIGHT="29" WC="0.96" CONTENT="kan"/><SP WIDTH="22" VPOS="1297" HPOS="1193"/>
							<String ID="string_239" HPOS="1215" VPOS="1294" WIDTH="134" HEIGHT="31" WC="0.95" CONTENT="erhålla"/><SP WIDTH="21" VPOS="1294" HPOS="1349"/>
							<String ID="string_240" HPOS="1370" VPOS="1292" WIDTH="160" HEIGHT="41" WC="0.96" CONTENT="uppskov"/><SP WIDTH="23" VPOS="1292" HPOS="1530"/>
							<String ID="string_241" HPOS="1553" VPOS="1290" WIDTH="79" HEIGHT="30" WC="0.96" CONTENT="med"/>
						</TextLine>
						<TextLine ID="line_23" HPOS="131" VPOS="1340" WIDTH="1502" HEIGHT="55">
							<String ID="string_242" HPOS="131" VPOS="1355" WIDTH="360" HEIGHT="40" WC="0.90" CONTENT="inkomsttaxeringen"/><SP WIDTH="20" VPOS="1355" HPOS="491"/>
							<String ID="string_243" HPOS="511" VPOS="1364" WIDTH="42" HEIGHT="20" WC="0.96" CONTENT="av"/><SP WIDTH="20" VPOS="1364" HPOS="553"/>
							<String ID="string_244" HPOS="573" VPOS="1353" WIDTH="112" HEIGHT="31" WC="0.96" CONTENT="medel"/><SP WIDTH="21" VPOS="1353" HPOS="685"/>
							<String ID="string_245" HPOS="706" VPOS="1361" WIDTH="75" HEIGHT="20" WC="0.97" CONTENT="som"/><SP WIDTH="20" VPOS="1361" HPOS="781"/>
							<String ID="string_246" HPOS="801" VPOS="1351" WIDTH="127" HEIGHT="29" WC="0.96" CONTENT="insatts"/><SP WIDTH="20" VPOS="1351" HPOS="928"/>
							<String ID="string_247" HPOS="948" VPOS="1349" WIDTH="45" HEIGHT="40" WC="0.96" CONTENT="på"/><SP WIDTH="21" VPOS="1349" HPOS="993"/>
							<String ID="string_248" HPOS="1014" VPOS="1348" WIDTH="124" HEIGHT="30" WC="0.96" CONTENT="sådant"/><SP WIDTH="20" VPOS="1348" HPOS="1138"/>
							<String ID="string_249" HPOS="1158" VPOS="1346" WIDTH="119" HEIGHT="30" WC="0.95" CONTENT="konto."/><SP WIDTH="31" VPOS="1346" HPOS="1277"/>
							<String ID="string_250" HPOS="1308" VPOS="1343" WIDTH="211" HEIGHT="39" WC="0.93" CONTENT="Därigenom"/><SP WIDTH="22" VPOS="1343" HPOS="1519"/>
							<String ID="string_251" HPOS="1541" VPOS="1340" WIDTH="92" HEIGHT="40" WC="0.92" CONTENT="åsyf-"/>
						</TextLine>
						<TextLine ID="line_24" HPOS="132" VPOS="1392" WIDTH="1501" HEIGHT="54">
							<String ID="string_252" HPOS="132" VPOS="1411" WIDTH="52" HEIGHT="28" WC="0.96" CONTENT="tas"/><SP WIDTH="27" VPOS="1411" HPOS="184"/>
							<String ID="string_253" HPOS="211" VPOS="1418" WIDTH="42" HEIGHT="20" WC="0.96" CONTENT="en"/><SP WIDTH="28" VPOS="1418" HPOS="253"/>
							<String ID="string_254" HPOS="281" VPOS="1401" WIDTH="201" HEIGHT="45" WC="0.96" CONTENT="utjämning"/><SP WIDTH="27" VPOS="1401" HPOS="482"/>
							<String ID="string_255" HPOS="509" VPOS="1414" WIDTH="42" HEIGHT="21" WC="0.93" CONTENT="av"/><SP WIDTH="27" VPOS="1414" HPOS="551"/>
							<String ID="string_256" HPOS="578" VPOS="1402" WIDTH="286" HEIGHT="40" WC="0.91" CONTENT="skogsvinsterna"/><SP WIDTH="25" VPOS="1402" HPOS="864"/>
							<String ID="string_257" HPOS="889" VPOS="1400" WIDTH="79" HEIGHT="29" WC="0.96" CONTENT="med"/><SP WIDTH="27" VPOS="1400" HPOS="968"/>
							<String ID="string_258" HPOS="995" VPOS="1398" WIDTH="210" HEIGHT="38" WC="0.96" CONTENT="verkningar"/><SP WIDTH="27" VPOS="1398" HPOS="1205"/>
							<String ID="string_259" HPOS="1232" VPOS="1396" WIDTH="11" HEIGHT="29" WC="0.96" CONTENT="i"/><SP WIDTH="29" VPOS="1396" HPOS="1243"/>
							<String ID="string_260" HPOS="1272" VPOS="1395" WIDTH="99" HEIGHT="39" WC="0.96" CONTENT="fråga"/><SP WIDTH="27" VPOS="1395" HPOS="1371"/>
							<String ID="string_261" HPOS="1398" VPOS="1403" WIDTH="57" HEIGHT="20" WC="0.93" CONTENT="om"/><SP WIDTH="26" VPOS="1403" HPOS="1455"/>
							<String ID="string_262" HPOS="1481" VPOS="1392" WIDTH="152" HEIGHT="30" WC="0.89" CONTENT="beskatt-"/>
						</TextLine>
						<TextLine ID="line_25" HPOS="132" VPOS="1443" WIDTH="1502" HEIGHT="56">
							<String ID="string_263" HPOS="132" VPOS="1460" WIDTH="146" HEIGHT="39" WC="0.96" CONTENT="ningens"/><SP WIDTH="18" VPOS="1460" HPOS="278"/>
							<String ID="string_264" HPOS="296" VPOS="1456" WIDTH="262" HEIGHT="42" WC="0.96" CONTENT="progressivitet"/><SP WIDTH="19" VPOS="1456" HPOS="558"/>
							<String ID="string_265" HPOS="577" VPOS="1464" WIDTH="41" HEIGHT="21" WC="0.96" CONTENT="av"/><SP WIDTH="24" VPOS="1464" HPOS="618"/>
							<String ID="string_266" HPOS="642" VPOS="1456" WIDTH="5" HEIGHT="29" WC="0.96" CONTENT="i"/><SP WIDTH="18" VPOS="1456" HPOS="647"/>
							<String ID="string_267" HPOS="665" VPOS="1452" WIDTH="189" HEIGHT="31" WC="0.95" CONTENT="huvudsak"/><SP WIDTH="17" VPOS="1452" HPOS="854"/>
							<String ID="string_268" HPOS="871" VPOS="1451" WIDTH="143" HEIGHT="29" WC="0.96" CONTENT="likartat"/><SP WIDTH="18" VPOS="1451" HPOS="1014"/>
							<String ID="string_269" HPOS="1032" VPOS="1449" WIDTH="84" HEIGHT="38" WC="0.96" CONTENT="slag,"/><SP WIDTH="20" VPOS="1449" HPOS="1116"/>
							<String ID="string_270" HPOS="1136" VPOS="1456" WIDTH="73" HEIGHT="22" WC="0.96" CONTENT="som"/><SP WIDTH="20" VPOS="1456" HPOS="1209"/>
							<String ID="string_271" HPOS="1229" VPOS="1445" WIDTH="149" HEIGHT="31" WC="0.95" CONTENT="erhålles"/><SP WIDTH="21" VPOS="1445" HPOS="1378"/>
							<String ID="string_272" HPOS="1399" VPOS="1444" WIDTH="57" HEIGHT="30" WC="0.96" CONTENT="vid"/><SP WIDTH="19" VPOS="1444" HPOS="1456"/>
							<String ID="string_273" HPOS="1475" VPOS="1444" WIDTH="68" HEIGHT="29" WC="0.91" CONTENT="den"/><SP WIDTH="21" VPOS="1444" HPOS="1543"/>
							<String ID="string_274" HPOS="1564" VPOS="1443" WIDTH="70" HEIGHT="28" WC="0.91" CONTENT="sär-"/>
						</TextLine>
						<TextLine ID="line_26" HPOS="133" VPOS="1499" WIDTH="1016" HEIGHT="45">
							<String ID="string_275" HPOS="133" VPOS="1510" WIDTH="112" HEIGHT="30" WC="0.93" CONTENT="skilda"/><SP WIDTH="20" VPOS="1510" HPOS="245"/>
							<String ID="string_276" HPOS="265" VPOS="1506" WIDTH="356" HEIGHT="38" WC="0.92" CONTENT="skatteberäkningen"/><SP WIDTH="19" VPOS="1506" HPOS="621"/>
							<String ID="string_277" HPOS="640" VPOS="1504" WIDTH="54" HEIGHT="30" WC="0.93" CONTENT="för"/><SP WIDTH="20" VPOS="1504" HPOS="694"/>
							<String ID="string_278" HPOS="714" VPOS="1501" WIDTH="251" HEIGHT="32" WC="0.92" CONTENT="ackumulerad"/><SP WIDTH="18" VPOS="1501" HPOS="965"/>
							<String ID="string_279" HPOS="983" VPOS="1499" WIDTH="166" HEIGHT="30" WC="0.96" CONTENT="inkomst."/>
						</TextLine>
					</TextBlock>
					<TextBlock ID="block_3" HPOS="133" VPOS="1543" WIDTH="1503" HEIGHT="311">
						<TextLine ID="line_27" HPOS="178" VPOS="1543" WIDTH="1457" HEIGHT="52">
							<String ID="string_280" HPOS="178" VPOS="1561" WIDTH="120" HEIGHT="30" WC="0.95" CONTENT="Såsom"/><SP WIDTH="18" VPOS="1561" HPOS="298"/>
							<String ID="string_281" HPOS="316" VPOS="1559" WIDTH="11" HEIGHT="29" WC="0.96" CONTENT="i"/><SP WIDTH="20" VPOS="1559" HPOS="327"/>
							<String ID="string_282" HPOS="347" VPOS="1559" WIDTH="41" HEIGHT="30" WC="0.96" CONTENT="de"/><SP WIDTH="18" VPOS="1559" HPOS="388"/>
							<String ID="string_283" HPOS="406" VPOS="1567" WIDTH="46" HEIGHT="21" WC="0.96" CONTENT="nu"/><SP WIDTH="20" VPOS="1567" HPOS="452"/>
							<String ID="string_284" HPOS="472" VPOS="1555" WIDTH="236" HEIGHT="40" WC="0.96" CONTENT="föreliggande"/><SP WIDTH="18" VPOS="1555" HPOS="708"/>
							<String ID="string_285" HPOS="726" VPOS="1553" WIDTH="220" HEIGHT="30" WC="0.96" CONTENT="motionerna"/><SP WIDTH="19" VPOS="1553" HPOS="946"/>
							<String ID="string_286" HPOS="965" VPOS="1548" WIDTH="213" HEIGHT="32" WC="0.95" CONTENT="framhållits"/><SP WIDTH="19" VPOS="1548" HPOS="1178"/>
							<String ID="string_287" HPOS="1197" VPOS="1548" WIDTH="71" HEIGHT="29" WC="0.96" CONTENT="kan"/><SP WIDTH="19" VPOS="1548" HPOS="1268"/>
							<String ID="string_288" HPOS="1287" VPOS="1546" WIDTH="89" HEIGHT="30" WC="0.96" CONTENT="dock"/><SP WIDTH="20" VPOS="1546" HPOS="1376"/>
							<String ID="string_289" HPOS="1396" VPOS="1543" WIDTH="143" HEIGHT="42" WC="0.93" CONTENT="givetvis"/><SP WIDTH="21" VPOS="1543" HPOS="1539"/>
							<String ID="string_290" HPOS="1560" VPOS="1543" WIDTH="75" HEIGHT="29" WC="0.92" CONTENT="allt-"/>
						</TextLine>
						<TextLine ID="line_28" HPOS="133" VPOS="1594" WIDTH="1503" HEIGHT="57">
							<String ID="string_291" HPOS="133" VPOS="1612" WIDTH="89" HEIGHT="39" WC="0.96" CONTENT="jämt"/><SP WIDTH="19" VPOS="1612" HPOS="222"/>
							<String ID="string_292" HPOS="241" VPOS="1611" WIDTH="67" HEIGHT="30" WC="0.96" CONTENT="den"/><SP WIDTH="22" VPOS="1611" HPOS="308"/>
							<String ID="string_293" HPOS="330" VPOS="1610" WIDTH="124" HEIGHT="37" WC="0.96" CONTENT="frågan"/><SP WIDTH="20" VPOS="1610" HPOS="454"/>
							<String ID="string_294" HPOS="474" VPOS="1607" WIDTH="131" HEIGHT="34" WC="0.96" CONTENT="ställas,"/><SP WIDTH="20" VPOS="1607" HPOS="605"/>
							<String ID="string_295" HPOS="625" VPOS="1604" WIDTH="175" HEIGHT="31" WC="0.95" CONTENT="huruvida"/><SP WIDTH="19" VPOS="1604" HPOS="800"/>
							<String ID="string_296" HPOS="819" VPOS="1600" WIDTH="269" HEIGHT="39" WC="0.96" CONTENT="beskattningen"/><SP WIDTH="20" VPOS="1600" HPOS="1088"/>
							<String ID="string_297" HPOS="1108" VPOS="1609" WIDTH="41" HEIGHT="21" WC="0.93" CONTENT="av"/><SP WIDTH="20" VPOS="1609" HPOS="1149"/>
							<String ID="string_298" HPOS="1169" VPOS="1595" WIDTH="327" HEIGHT="42" WC="0.91" CONTENT="ifrågakommande"/><SP WIDTH="22" VPOS="1595" HPOS="1496"/>
							<String ID="string_299" HPOS="1518" VPOS="1594" WIDTH="118" HEIGHT="38" WC="0.92" CONTENT="skogs-"/>
						</TextLine>
						<TextLine ID="line_29" HPOS="134" VPOS="1644" WIDTH="1502" HEIGHT="49">
							<String ID="string_300" HPOS="134" VPOS="1662" WIDTH="152" HEIGHT="29" WC="0.96" CONTENT="intäkter"/><SP WIDTH="17" VPOS="1662" HPOS="286"/>
							<String ID="string_301" HPOS="303" VPOS="1662" WIDTH="38" HEIGHT="28" WC="0.92" CONTENT="är"/><SP WIDTH="17" VPOS="1662" HPOS="341"/>
							<String ID="string_302" HPOS="358" VPOS="1656" WIDTH="335" HEIGHT="33" WC="0.89" CONTENT="tillfredsställande."/><SP WIDTH="29" VPOS="1656" HPOS="693"/>
							<String ID="string_303" HPOS="722" VPOS="1653" WIDTH="149" HEIGHT="32" WC="0.96" CONTENT="Särskilt"/><SP WIDTH="18" VPOS="1653" HPOS="871"/>
							<String ID="string_304" HPOS="889" VPOS="1661" WIDTH="122" HEIGHT="32" WC="0.96" CONTENT="genom"/><SP WIDTH="17" VPOS="1661" HPOS="1011"/>
							<String ID="string_305" HPOS="1028" VPOS="1652" WIDTH="67" HEIGHT="30" WC="0.93" CONTENT="den"/><SP WIDTH="17" VPOS="1652" HPOS="1095"/>
							<String ID="string_306" HPOS="1112" VPOS="1648" WIDTH="261" HEIGHT="31" WC="0.93" CONTENT="fortskridande"/><SP WIDTH="17" VPOS="1648" HPOS="1373"/>
							<String ID="string_307" HPOS="1390" VPOS="1644" WIDTH="246" HEIGHT="41" WC="0.96" CONTENT="utbyggnaden"/>
						</TextLine>
						<TextLine ID="line_30" HPOS="135" VPOS="1695" WIDTH="1501" HEIGHT="53">
							<String ID="string_308" HPOS="135" VPOS="1723" WIDTH="41" HEIGHT="20" WC="0.96" CONTENT="av"/><SP WIDTH="23" VPOS="1723" HPOS="176"/>
							<String ID="string_309" HPOS="199" VPOS="1712" WIDTH="136" HEIGHT="30" WC="0.93" CONTENT="landets"/><SP WIDTH="24" VPOS="1712" HPOS="335"/>
							<String ID="string_310" HPOS="359" VPOS="1708" WIDTH="305" HEIGHT="40" WC="0.91" CONTENT="vattentillgångar"/><SP WIDTH="24" VPOS="1708" HPOS="664"/>
							<String ID="string_311" HPOS="688" VPOS="1707" WIDTH="79" HEIGHT="29" WC="0.96" CONTENT="med"/><SP WIDTH="25" VPOS="1707" HPOS="767"/>
							<String ID="string_312" HPOS="792" VPOS="1705" WIDTH="108" HEIGHT="30" WC="0.96" CONTENT="därav"/><SP WIDTH="24" VPOS="1705" HPOS="900"/>
							<String ID="string_313" HPOS="924" VPOS="1701" WIDTH="206" HEIGHT="32" WC="0.93" CONTENT="föranledda"/><SP WIDTH="23" VPOS="1701" HPOS="1130"/>
							<String ID="string_314" HPOS="1153" VPOS="1698" WIDTH="232" HEIGHT="40" WC="0.91" CONTENT="förfoganden"/><SP WIDTH="26" VPOS="1698" HPOS="1385"/>
							<String ID="string_315" HPOS="1411" VPOS="1698" WIDTH="80" HEIGHT="29" WC="0.96" CONTENT="över"/><SP WIDTH="27" VPOS="1698" HPOS="1491"/>
							<String ID="string_316" HPOS="1518" VPOS="1695" WIDTH="118" HEIGHT="38" WC="0.89" CONTENT="skogs-"/>
						</TextLine>
						<TextLine ID="line_31" HPOS="136" VPOS="1746" WIDTH="1500" HEIGHT="51">
							<String ID="string_317" HPOS="136" VPOS="1764" WIDTH="99" HEIGHT="29" WC="0.96" CONTENT="mark"/><SP WIDTH="27" VPOS="1764" HPOS="235"/>
							<String ID="string_318" HPOS="262" VPOS="1763" WIDTH="65" HEIGHT="30" WC="0.96" CONTENT="och"/><SP WIDTH="26" VPOS="1763" HPOS="327"/>
							<String ID="string_319" HPOS="353" VPOS="1762" WIDTH="40" HEIGHT="31" WC="0.96" CONTENT="de"/><SP WIDTH="26" VPOS="1762" HPOS="393"/>
							<String ID="string_320" HPOS="419" VPOS="1760" WIDTH="111" HEIGHT="30" WC="0.93" CONTENT="ökade"/><SP WIDTH="28" VPOS="1760" HPOS="530"/>
							<String ID="string_321" HPOS="558" VPOS="1757" WIDTH="265" HEIGHT="40" WC="0.92" CONTENT="skogspriserna"/><SP WIDTH="26" VPOS="1757" HPOS="823"/>
							<String ID="string_322" HPOS="849" VPOS="1755" WIDTH="63" HEIGHT="29" WC="0.93" CONTENT="har"/><SP WIDTH="28" VPOS="1755" HPOS="912"/>
							<String ID="string_323" HPOS="940" VPOS="1752" WIDTH="206" HEIGHT="42" WC="0.91" CONTENT="spörsmålet"/><SP WIDTH="25" VPOS="1752" HPOS="1146"/>
							<String ID="string_324" HPOS="1171" VPOS="1749" WIDTH="151" HEIGHT="31" WC="0.95" CONTENT="kommit"/><SP WIDTH="26" VPOS="1749" HPOS="1322"/>
							<String ID="string_325" HPOS="1348" VPOS="1749" WIDTH="51" HEIGHT="29" WC="0.95" CONTENT="att"/><SP WIDTH="25" VPOS="1749" HPOS="1399"/>
							<String ID="string_326" HPOS="1424" VPOS="1747" WIDTH="48" HEIGHT="31" WC="0.95" CONTENT="bli"/><SP WIDTH="27" VPOS="1747" HPOS="1472"/>
							<String ID="string_327" HPOS="1499" VPOS="1746" WIDTH="137" HEIGHT="30" WC="0.95" CONTENT="alltmer"/>
						</TextLine>
						<TextLine ID="line_32" HPOS="136" VPOS="1813" WIDTH="337" HEIGHT="41">
							<String ID="string_328" HPOS="136" VPOS="1813" WIDTH="337" HEIGHT="41" WC="0.95" CONTENT="uppmärksammat."/>
						</TextLine>
					</TextBlock>
					<TextBlock ID="block_4" HPOS="137" VPOS="1846" WIDTH="1508" HEIGHT="659">
						<TextLine ID="line_33" HPOS="180" VPOS="1846" WIDTH="1458" HEIGHT="51">
							<String ID="string_329" HPOS="180" VPOS="1864" WIDTH="177" HEIGHT="30" WC="0.96" CONTENT="Utskottet"/><SP WIDTH="21" VPOS="1864" HPOS="357"/>
							<String ID="string_330" HPOS="378" VPOS="1862" WIDTH="59" HEIGHT="29" WC="0.95" CONTENT="vill"/><SP WIDTH="23" VPOS="1862" HPOS="437"/>
							<String ID="string_331" HPOS="460" VPOS="1861" WIDTH="52" HEIGHT="29" WC="0.95" CONTENT="till"/><SP WIDTH="23" VPOS="1861" HPOS="512"/>
							<String ID="string_332" HPOS="535" VPOS="1869" WIDTH="42" HEIGHT="20" WC="0.96" CONTENT="en"/><SP WIDTH="23" VPOS="1869" HPOS="577"/>
							<String ID="string_333" HPOS="600" VPOS="1858" WIDTH="124" HEIGHT="39" WC="0.96" CONTENT="början"/><SP WIDTH="23" VPOS="1858" HPOS="724"/>
							<String ID="string_334" HPOS="747" VPOS="1857" WIDTH="118" HEIGHT="30" WC="0.96" CONTENT="erinra"/><SP WIDTH="21" VPOS="1857" HPOS="865"/>
							<String ID="string_335" HPOS="886" VPOS="1865" WIDTH="56" HEIGHT="20" WC="0.96" CONTENT="om"/><SP WIDTH="22" VPOS="1865" HPOS="942"/>
							<String ID="string_336" HPOS="964" VPOS="1856" WIDTH="51" HEIGHT="28" WC="0.96" CONTENT="att"/><SP WIDTH="22" VPOS="1856" HPOS="1015"/>
							<String ID="string_337" HPOS="1037" VPOS="1854" WIDTH="48" HEIGHT="29" WC="0.95" CONTENT="ett"/><SP WIDTH="24" VPOS="1854" HPOS="1085"/>
							<String ID="string_338" HPOS="1109" VPOS="1849" WIDTH="272" HEIGHT="42" WC="0.96" CONTENT="genomförande"/><SP WIDTH="23" VPOS="1849" HPOS="1381"/>
							<String ID="string_339" HPOS="1404" VPOS="1858" WIDTH="41" HEIGHT="20" WC="0.96" CONTENT="av"/><SP WIDTH="23" VPOS="1858" HPOS="1445"/>
							<String ID="string_340" HPOS="1468" VPOS="1846" WIDTH="170" HEIGHT="30" WC="0.86" CONTENT="motionä-"/>
						</TextLine>
						<TextLine ID="line_34" HPOS="137" VPOS="1896" WIDTH="1501" HEIGHT="55">
							<String ID="string_341" HPOS="137" VPOS="1924" WIDTH="119" HEIGHT="21" WC="0.91" CONTENT="rernas"/><SP WIDTH="23" VPOS="1924" HPOS="256"/>
							<String ID="string_342" HPOS="279" VPOS="1913" WIDTH="132" HEIGHT="38" WC="0.96" CONTENT="förslag"/><SP WIDTH="22" VPOS="1913" HPOS="411"/>
							<String ID="string_343" HPOS="433" VPOS="1911" WIDTH="206" HEIGHT="30" WC="0.96" CONTENT="förutsätter"/><SP WIDTH="21" VPOS="1911" HPOS="639"/>
							<String ID="string_344" HPOS="660" VPOS="1909" WIDTH="94" HEIGHT="30" WC="0.96" CONTENT="vissa"/><SP WIDTH="21" VPOS="1909" HPOS="754"/>
							<String ID="string_345" HPOS="775" VPOS="1906" WIDTH="189" HEIGHT="38" WC="0.96" CONTENT="ändringar"/><SP WIDTH="22" VPOS="1906" HPOS="964"/>
							<String ID="string_346" HPOS="986" VPOS="1907" WIDTH="11" HEIGHT="28" WC="0.96" CONTENT="i"/><SP WIDTH="22" VPOS="1907" HPOS="997"/>
							<String ID="string_347" HPOS="1019" VPOS="1901" WIDTH="311" HEIGHT="32" WC="0.96" CONTENT="bestämmelserna"/><SP WIDTH="23" VPOS="1901" HPOS="1330"/>
							<String ID="string_348" HPOS="1353" VPOS="1908" WIDTH="56" HEIGHT="22" WC="0.96" CONTENT="om"/><SP WIDTH="23" VPOS="1908" HPOS="1409"/>
							<String ID="string_349" HPOS="1432" VPOS="1898" WIDTH="129" HEIGHT="38" WC="0.95" CONTENT="avdrag"/><SP WIDTH="23" VPOS="1898" HPOS="1561"/>
							<String ID="string_350" HPOS="1584" VPOS="1896" WIDTH="54" HEIGHT="29" WC="0.95" CONTENT="för"/>
						</TextLine>
						<TextLine ID="line_35" HPOS="138" VPOS="1947" WIDTH="1500" HEIGHT="54">
							<String ID="string_351" HPOS="138" VPOS="1963" WIDTH="310" HEIGHT="38" WC="0.96" CONTENT="värdeminskning"/><SP WIDTH="24" VPOS="1963" HPOS="448"/>
							<String ID="string_352" HPOS="472" VPOS="1971" WIDTH="42" HEIGHT="21" WC="0.96" CONTENT="av"/><SP WIDTH="26" VPOS="1971" HPOS="514"/>
							<String ID="string_353" HPOS="540" VPOS="1961" WIDTH="94" HEIGHT="37" WC="0.95" CONTENT="skog."/><SP WIDTH="36" VPOS="1961" HPOS="634"/>
							<String ID="string_354" HPOS="670" VPOS="1959" WIDTH="102" HEIGHT="29" WC="0.96" CONTENT="Detta"/><SP WIDTH="25" VPOS="1959" HPOS="772"/>
							<String ID="string_355" HPOS="797" VPOS="1958" WIDTH="64" HEIGHT="28" WC="0.96" CONTENT="har"/><SP WIDTH="25" VPOS="1958" HPOS="861"/>
							<String ID="string_356" HPOS="886" VPOS="1957" WIDTH="86" HEIGHT="29" WC="0.96" CONTENT="även"/><SP WIDTH="24" VPOS="1957" HPOS="972"/>
							<String ID="string_357" HPOS="996" VPOS="1954" WIDTH="159" HEIGHT="30" WC="0.96" CONTENT="beaktats"/><SP WIDTH="27" VPOS="1954" HPOS="1155"/>
							<String ID="string_358" HPOS="1182" VPOS="1962" WIDTH="42" HEIGHT="20" WC="0.96" CONTENT="av"/><SP WIDTH="24" VPOS="1962" HPOS="1224"/>
							<String ID="string_359" HPOS="1248" VPOS="1950" WIDTH="271" HEIGHT="31" WC="0.95" CONTENT="motionärerna,"/><SP WIDTH="26" VPOS="1950" HPOS="1519"/>
							<String ID="string_360" HPOS="1545" VPOS="1947" WIDTH="93" HEIGHT="30" WC="0.96" CONTENT="vilka"/>
						</TextLine>
						<TextLine ID="line_36" HPOS="138" VPOS="1997" WIDTH="1501" HEIGHT="49">
							<String ID="string_361" HPOS="138" VPOS="2015" WIDTH="192" HEIGHT="31" WC="0.96" CONTENT="emellertid"/><SP WIDTH="31" VPOS="2015" HPOS="330"/>
							<String ID="string_362" HPOS="361" VPOS="2022" WIDTH="100" HEIGHT="22" WC="0.96" CONTENT="anser"/><SP WIDTH="31" VPOS="2022" HPOS="461"/>
							<String ID="string_363" HPOS="492" VPOS="2013" WIDTH="51" HEIGHT="29" WC="0.96" CONTENT="att"/><SP WIDTH="30" VPOS="2013" HPOS="543"/>
							<String ID="string_364" HPOS="573" VPOS="2012" WIDTH="49" HEIGHT="28" WC="0.96" CONTENT="ett"/><SP WIDTH="29" VPOS="2012" HPOS="622"/>
							<String ID="string_365" HPOS="651" VPOS="2008" WIDTH="214" HEIGHT="31" WC="0.96" CONTENT="omedelbart"/><SP WIDTH="30" VPOS="2008" HPOS="865"/>
							<String ID="string_366" HPOS="895" VPOS="2004" WIDTH="271" HEIGHT="42" WC="0.96" CONTENT="genomförande"/><SP WIDTH="31" VPOS="2004" HPOS="1166"/>
							<String ID="string_367" HPOS="1197" VPOS="2012" WIDTH="42" HEIGHT="20" WC="0.96" CONTENT="av"/><SP WIDTH="31" VPOS="2012" HPOS="1239"/>
							<String ID="string_368" HPOS="1270" VPOS="2001" WIDTH="101" HEIGHT="30" WC="0.96" CONTENT="deras"/><SP WIDTH="31" VPOS="2001" HPOS="1371"/>
							<String ID="string_369" HPOS="1402" VPOS="1999" WIDTH="131" HEIGHT="38" WC="0.96" CONTENT="förslag"/><SP WIDTH="30" VPOS="1999" HPOS="1533"/>
							<String ID="string_370" HPOS="1563" VPOS="1997" WIDTH="76" HEIGHT="30" WC="0.95" CONTENT="icke"/>
						</TextLine>
						<TextLine ID="line_37" HPOS="139" VPOS="2050" WIDTH="1501" HEIGHT="49">
							<String ID="string_371" HPOS="139" VPOS="2067" WIDTH="104" HEIGHT="29" WC="0.96" CONTENT="borde"/><SP WIDTH="25" VPOS="2067" HPOS="243"/>
							<String ID="string_372" HPOS="268" VPOS="2065" WIDTH="145" HEIGHT="29" WC="0.96" CONTENT="hindras"/><SP WIDTH="25" VPOS="2065" HPOS="413"/>
							<String ID="string_373" HPOS="438" VPOS="2073" WIDTH="42" HEIGHT="21" WC="0.96" CONTENT="av"/><SP WIDTH="24" VPOS="2073" HPOS="480"/>
							<String ID="string_374" HPOS="504" VPOS="2064" WIDTH="50" HEIGHT="29" WC="0.96" CONTENT="att"/><SP WIDTH="24" VPOS="2064" HPOS="554"/>
							<String ID="string_375" HPOS="578" VPOS="2060" WIDTH="122" HEIGHT="39" WC="0.96" CONTENT="frågan"/><SP WIDTH="25" VPOS="2060" HPOS="700"/>
							<String ID="string_376" HPOS="725" VPOS="2070" WIDTH="56" HEIGHT="20" WC="0.96" CONTENT="om"/><SP WIDTH="25" VPOS="2070" HPOS="781"/>
							<String ID="string_377" HPOS="806" VPOS="2058" WIDTH="155" HEIGHT="30" WC="0.93" CONTENT="nämnda"/><SP WIDTH="23" VPOS="2058" HPOS="961"/>
							<String ID="string_378" HPOS="984" VPOS="2054" WIDTH="280" HEIGHT="41" WC="0.92" CONTENT="följdändringar"/><SP WIDTH="25" VPOS="2054" HPOS="1264"/>
							<String ID="string_379" HPOS="1289" VPOS="2052" WIDTH="111" HEIGHT="31" WC="0.96" CONTENT="måste"/><SP WIDTH="24" VPOS="2052" HPOS="1400"/>
							<String ID="string_380" HPOS="1424" VPOS="2050" WIDTH="141" HEIGHT="31" WC="0.92" CONTENT="utredas"/><SP WIDTH="26" VPOS="2050" HPOS="1565"/>
							<String ID="string_381" HPOS="1591" VPOS="2058" WIDTH="49" HEIGHT="20" WC="0.92" CONTENT="se-"/>
						</TextLine>
						<TextLine ID="line_38" HPOS="141" VPOS="2099" WIDTH="1499" HEIGHT="47">
							<String ID="string_382" HPOS="141" VPOS="2126" WIDTH="91" HEIGHT="20" WC="0.94" CONTENT="nare."/><SP WIDTH="33" VPOS="2126" HPOS="232"/>
							<String ID="string_383" HPOS="265" VPOS="2116" WIDTH="126" HEIGHT="29" WC="0.96" CONTENT="Härtill"/><SP WIDTH="31" VPOS="2116" HPOS="391"/>
							<String ID="string_384" HPOS="422" VPOS="2114" WIDTH="59" HEIGHT="29" WC="0.96" CONTENT="vill"/><SP WIDTH="32" VPOS="2114" HPOS="481"/>
							<String ID="string_385" HPOS="513" VPOS="2113" WIDTH="169" HEIGHT="29" WC="0.96" CONTENT="utskottet"/><SP WIDTH="32" VPOS="2113" HPOS="682"/>
							<String ID="string_386" HPOS="714" VPOS="2109" WIDTH="198" HEIGHT="34" WC="0.96" CONTENT="framhålla,"/><SP WIDTH="33" VPOS="2109" HPOS="912"/>
							<String ID="string_387" HPOS="945" VPOS="2108" WIDTH="49" HEIGHT="30" WC="0.96" CONTENT="att"/><SP WIDTH="32" VPOS="2108" HPOS="994"/>
							<String ID="string_388" HPOS="1026" VPOS="2106" WIDTH="106" HEIGHT="38" WC="0.94" CONTENT="enligt"/><SP WIDTH="31" VPOS="2106" HPOS="1132"/>
							<String ID="string_389" HPOS="1163" VPOS="2105" WIDTH="188" HEIGHT="29" WC="0.96" CONTENT="utskottets"/><SP WIDTH="32" VPOS="2105" HPOS="1351"/>
							<String ID="string_390" HPOS="1383" VPOS="2101" WIDTH="142" HEIGHT="39" WC="0.93" CONTENT="mening"/><SP WIDTH="29" VPOS="2101" HPOS="1525"/>
							<String ID="string_391" HPOS="1554" VPOS="2099" WIDTH="86" HEIGHT="30" WC="0.91" CONTENT="kon-"/>
						</TextLine>
						<TextLine ID="line_39" HPOS="141" VPOS="2148" WIDTH="1500" HEIGHT="48">
							<String ID="string_392" HPOS="141" VPOS="2168" WIDTH="232" HEIGHT="28" WC="0.92" CONTENT="sekvenserna"/><SP WIDTH="25" VPOS="2168" HPOS="373"/>
							<String ID="string_393" HPOS="398" VPOS="2174" WIDTH="42" HEIGHT="20" WC="0.92" CONTENT="av"/><SP WIDTH="23" VPOS="2174" HPOS="440"/>
							<String ID="string_394" HPOS="463" VPOS="2163" WIDTH="277" HEIGHT="30" WC="0.91" CONTENT="motionärernas"/><SP WIDTH="25" VPOS="2163" HPOS="740"/>
							<String ID="string_395" HPOS="765" VPOS="2159" WIDTH="132" HEIGHT="37" WC="0.95" CONTENT="förslag"/><SP WIDTH="24" VPOS="2159" HPOS="897"/>
							<String ID="string_396" HPOS="921" VPOS="2157" WIDTH="75" HEIGHT="29" WC="0.96" CONTENT="icke"/><SP WIDTH="25" VPOS="2157" HPOS="996"/>
							<String ID="string_397" HPOS="1021" VPOS="2157" WIDTH="71" HEIGHT="28" WC="0.96" CONTENT="kan"/><SP WIDTH="24" VPOS="2157" HPOS="1092"/>
							<String ID="string_398" HPOS="1116" VPOS="2153" WIDTH="226" HEIGHT="33" WC="0.91" CONTENT="överblickas,"/><SP WIDTH="25" VPOS="2153" HPOS="1342"/>
							<String ID="string_399" HPOS="1367" VPOS="2160" WIDTH="56" HEIGHT="21" WC="0.96" CONTENT="om"/><SP WIDTH="25" VPOS="2160" HPOS="1423"/>
							<String ID="string_400" HPOS="1448" VPOS="2150" WIDTH="76" HEIGHT="29" WC="0.93" CONTENT="icke"/><SP WIDTH="26" VPOS="2150" HPOS="1524"/>
							<String ID="string_401" HPOS="1550" VPOS="2148" WIDTH="91" HEIGHT="29" WC="0.92" CONTENT="klar-"/>
						</TextLine>
						<TextLine ID="line_40" HPOS="141" VPOS="2199" WIDTH="1500" HEIGHT="56">
							<String ID="string_402" HPOS="141" VPOS="2217" WIDTH="166" HEIGHT="38" WC="0.95" CONTENT="läggande"/><SP WIDTH="24" VPOS="2217" HPOS="307"/>
							<String ID="string_403" HPOS="331" VPOS="2216" WIDTH="79" HEIGHT="28" WC="0.96" CONTENT="sker"/><SP WIDTH="22" VPOS="2216" HPOS="410"/>
							<String ID="string_404" HPOS="432" VPOS="2223" WIDTH="41" HEIGHT="20" WC="0.96" CONTENT="av"/><SP WIDTH="21" VPOS="2223" HPOS="473"/>
							<String ID="string_405" HPOS="494" VPOS="2213" WIDTH="96" HEIGHT="29" WC="0.96" CONTENT="vilka"/><SP WIDTH="22" VPOS="2213" HPOS="590"/>
							<String ID="string_406" HPOS="612" VPOS="2210" WIDTH="188" HEIGHT="38" WC="0.96" CONTENT="ändringar"/><SP WIDTH="24" VPOS="2210" HPOS="800"/>
							<String ID="string_407" HPOS="824" VPOS="2218" WIDTH="74" HEIGHT="20" WC="0.96" CONTENT="som"/><SP WIDTH="22" VPOS="2218" HPOS="898"/>
							<String ID="string_408" HPOS="920" VPOS="2207" WIDTH="66" HEIGHT="29" WC="0.96" CONTENT="blir"/><SP WIDTH="23" VPOS="2207" HPOS="986"/>
							<String ID="string_409" HPOS="1009" VPOS="2204" WIDTH="226" HEIGHT="38" WC="0.96" CONTENT="erforderliga"/><SP WIDTH="22" VPOS="2204" HPOS="1235"/>
							<String ID="string_410" HPOS="1257" VPOS="2203" WIDTH="11" HEIGHT="29" WC="0.96" CONTENT="i"/><SP WIDTH="24" VPOS="2203" HPOS="1268"/>
							<String ID="string_411" HPOS="1292" VPOS="2202" WIDTH="98" HEIGHT="38" WC="0.96" CONTENT="fråga"/><SP WIDTH="23" VPOS="2202" HPOS="1390"/>
							<String ID="string_412" HPOS="1413" VPOS="2210" WIDTH="56" HEIGHT="20" WC="0.93" CONTENT="om"/><SP WIDTH="23" VPOS="2210" HPOS="1469"/>
							<String ID="string_413" HPOS="1492" VPOS="2199" WIDTH="149" HEIGHT="29" WC="0.72" CONTENT="bestäm-"/>
						</TextLine>
						<TextLine ID="line_41" HPOS="143" VPOS="2251" WIDTH="1499" HEIGHT="51">
							<String ID="string_414" HPOS="143" VPOS="2268" WIDTH="171" HEIGHT="28" WC="0.91" CONTENT="melserna"/><SP WIDTH="18" VPOS="2268" HPOS="314"/>
							<String ID="string_415" HPOS="332" VPOS="2274" WIDTH="57" HEIGHT="21" WC="0.96" CONTENT="om"/><SP WIDTH="17" VPOS="2274" HPOS="389"/>
							<String ID="string_416" HPOS="406" VPOS="2265" WIDTH="128" HEIGHT="37" WC="0.96" CONTENT="avdrag"/><SP WIDTH="18" VPOS="2265" HPOS="534"/>
							<String ID="string_417" HPOS="552" VPOS="2264" WIDTH="54" HEIGHT="28" WC="0.96" CONTENT="för"/><SP WIDTH="17" VPOS="2264" HPOS="606"/>
							<String ID="string_418" HPOS="623" VPOS="2259" WIDTH="310" HEIGHT="38" WC="0.96" CONTENT="värdeminskning"/><SP WIDTH="18" VPOS="2259" HPOS="933"/>
							<String ID="string_419" HPOS="951" VPOS="2267" WIDTH="41" HEIGHT="20" WC="0.96" CONTENT="av"/><SP WIDTH="18" VPOS="2267" HPOS="992"/>
							<String ID="string_420" HPOS="1010" VPOS="2258" WIDTH="94" HEIGHT="37" WC="0.96" CONTENT="skog."/><SP WIDTH="20" VPOS="2258" HPOS="1104"/>
							<String ID="string_421" HPOS="1124" VPOS="2255" WIDTH="57" HEIGHT="29" WC="0.95" CONTENT="Att"/><SP WIDTH="18" VPOS="2255" HPOS="1181"/>
							<String ID="string_422" HPOS="1199" VPOS="2255" WIDTH="78" HEIGHT="29" WC="0.96" CONTENT="med"/><SP WIDTH="18" VPOS="2255" HPOS="1277"/>
							<String ID="string_423" HPOS="1295" VPOS="2254" WIDTH="137" HEIGHT="36" WC="0.96" CONTENT="hänsyn"/><SP WIDTH="17" VPOS="2254" HPOS="1432"/>
							<String ID="string_424" HPOS="1449" VPOS="2251" WIDTH="52" HEIGHT="30" WC="0.93" CONTENT="till"/><SP WIDTH="19" VPOS="2251" HPOS="1501"/>
							<String ID="string_425" HPOS="1520" VPOS="2251" WIDTH="122" HEIGHT="28" WC="0.91" CONTENT="nämn-"/>
						</TextLine>
						<TextLine ID="line_42" HPOS="142" VPOS="2300" WIDTH="1500" HEIGHT="46">
							<String ID="string_426" HPOS="142" VPOS="2318" WIDTH="43" HEIGHT="28" WC="0.92" CONTENT="da"/><SP WIDTH="23" VPOS="2318" HPOS="185"/>
							<String ID="string_427" HPOS="208" VPOS="2315" WIDTH="281" HEIGHT="31" WC="0.89" CONTENT="bestämmelsers"/><SP WIDTH="26" VPOS="2315" HPOS="489"/>
							<String ID="string_428" HPOS="515" VPOS="2311" WIDTH="272" HEIGHT="31" WC="0.95" CONTENT="förhållandevis"/><SP WIDTH="25" VPOS="2311" HPOS="787"/>
							<String ID="string_429" HPOS="812" VPOS="2308" WIDTH="201" HEIGHT="30" WC="0.96" CONTENT="invecklade"/><SP WIDTH="25" VPOS="2308" HPOS="1013"/>
							<String ID="string_430" HPOS="1038" VPOS="2306" WIDTH="165" HEIGHT="30" WC="0.96" CONTENT="karaktär"/><SP WIDTH="25" VPOS="2306" HPOS="1203"/>
							<String ID="string_431" HPOS="1228" VPOS="2303" WIDTH="177" HEIGHT="38" WC="0.96" CONTENT="åtskilliga"/><SP WIDTH="25" VPOS="2303" HPOS="1405"/>
							<String ID="string_432" HPOS="1430" VPOS="2300" WIDTH="212" HEIGHT="39" WC="0.96" CONTENT="svårigheter"/>
						</TextLine>
						<TextLine ID="line_43" HPOS="144" VPOS="2349" WIDTH="1499" HEIGHT="55">
							<String ID="string_433" HPOS="144" VPOS="2366" WIDTH="108" HEIGHT="30" WC="0.96" CONTENT="måste"/><SP WIDTH="29" VPOS="2366" HPOS="252"/>
							<String ID="string_434" HPOS="281" VPOS="2365" WIDTH="215" HEIGHT="39" WC="0.94" CONTENT="uppkomma"/><SP WIDTH="27" VPOS="2365" HPOS="496"/>
							<String ID="string_435" HPOS="523" VPOS="2363" WIDTH="58" HEIGHT="31" WC="0.94" CONTENT="vid"/><SP WIDTH="26" VPOS="2363" HPOS="581"/>
							<String ID="string_436" HPOS="607" VPOS="2360" WIDTH="256" HEIGHT="39" WC="0.96" CONTENT="bedömningen"/><SP WIDTH="27" VPOS="2360" HPOS="863"/>
							<String ID="string_437" HPOS="890" VPOS="2359" WIDTH="108" HEIGHT="29" WC="0.96" CONTENT="härav"/><SP WIDTH="28" VPOS="2359" HPOS="998"/>
							<String ID="string_438" HPOS="1026" VPOS="2365" WIDTH="101" HEIGHT="30" WC="0.96" CONTENT="synes"/><SP WIDTH="28" VPOS="2365" HPOS="1127"/>
							<String ID="string_439" HPOS="1155" VPOS="2354" WIDTH="170" HEIGHT="30" WC="0.96" CONTENT="utskottet"/><SP WIDTH="26" VPOS="2354" HPOS="1325"/>
							<String ID="string_440" HPOS="1351" VPOS="2351" WIDTH="206" HEIGHT="41" WC="0.93" CONTENT="uppenbart."/><SP WIDTH="29" VPOS="2351" HPOS="1557"/>
							<String ID="string_441" HPOS="1586" VPOS="2349" WIDTH="57" HEIGHT="29" WC="0.91" CONTENT="Ut-"/>
						</TextLine>
						<TextLine ID="line_44" HPOS="145" VPOS="2402" WIDTH="1498" HEIGHT="48">
							<String ID="string_442" HPOS="145" VPOS="2417" WIDTH="127" HEIGHT="28" WC="0.2" CONTENT="skottet"/><SP WIDTH="22" VPOS="2417" HPOS="272"/>
							<String ID="string_443" HPOS="294" VPOS="2416" WIDTH="70" HEIGHT="28" WC="0.96" CONTENT="kan"/><SP WIDTH="23" VPOS="2416" HPOS="364"/>
							<String ID="string_444" HPOS="387" VPOS="2414" WIDTH="194" HEIGHT="29" WC="0.96" CONTENT="inskränka"/><SP WIDTH="22" VPOS="2414" HPOS="581"/>
							<String ID="string_445" HPOS="603" VPOS="2412" WIDTH="51" HEIGHT="38" WC="0.96" CONTENT="sig"/><SP WIDTH="22" VPOS="2412" HPOS="654"/>
							<String ID="string_446" HPOS="676" VPOS="2411" WIDTH="49" HEIGHT="29" WC="0.96" CONTENT="till"/><SP WIDTH="22" VPOS="2411" HPOS="725"/>
							<String ID="string_447" HPOS="747" VPOS="2412" WIDTH="50" HEIGHT="28" WC="0.96" CONTENT="att"/><SP WIDTH="23" VPOS="2412" HPOS="797"/>
							<String ID="string_448" HPOS="820" VPOS="2408" WIDTH="187" HEIGHT="31" WC="0.96" CONTENT="framhålla"/><SP WIDTH="22" VPOS="2408" HPOS="1007"/>
							<String ID="string_449" HPOS="1029" VPOS="2406" WIDTH="218" HEIGHT="38" WC="0.96" CONTENT="svårigheten"/><SP WIDTH="23" VPOS="2406" HPOS="1247"/>
							<String ID="string_450" HPOS="1270" VPOS="2405" WIDTH="49" HEIGHT="28" WC="0.96" CONTENT="att"/><SP WIDTH="21" VPOS="2405" HPOS="1319"/>
							<String ID="string_451" HPOS="1340" VPOS="2403" WIDTH="57" HEIGHT="29" WC="0.96" CONTENT="vid"/><SP WIDTH="22" VPOS="2403" HPOS="1397"/>
							<String ID="string_452" HPOS="1419" VPOS="2402" WIDTH="224" HEIGHT="37" WC="0.89" CONTENT="markägares"/>
						</TextLine>
						<TextLine ID="line_45" HPOS="145" VPOS="2450" WIDTH="1500" HEIGHT="55">
							<String ID="string_453" HPOS="145" VPOS="2469" WIDTH="72" HEIGHT="36" WC="0.93" CONTENT="eget"/><SP WIDTH="25" VPOS="2469" HPOS="217"/>
							<String ID="string_454" HPOS="242" VPOS="2464" WIDTH="297" HEIGHT="41" WC="0.90" CONTENT="tillgodogörande"/><SP WIDTH="25" VPOS="2464" HPOS="539"/>
							<String ID="string_455" HPOS="564" VPOS="2472" WIDTH="42" HEIGHT="21" WC="0.95" CONTENT="av"/><SP WIDTH="25" VPOS="2472" HPOS="606"/>
							<String ID="string_456" HPOS="631" VPOS="2463" WIDTH="129" HEIGHT="37" WC="0.96" CONTENT="skogen"/><SP WIDTH="26" VPOS="2463" HPOS="760"/>
							<String ID="string_457" HPOS="786" VPOS="2459" WIDTH="171" HEIGHT="31" WC="0.96" CONTENT="fastställa"/><SP WIDTH="26" VPOS="2459" HPOS="957"/>
							<String ID="string_458" HPOS="983" VPOS="2458" WIDTH="113" HEIGHT="38" WC="0.96" CONTENT="någon"/><SP WIDTH="25" VPOS="2458" HPOS="1096"/>
							<String ID="string_459" HPOS="1121" VPOS="2454" WIDTH="249" HEIGHT="39" WC="0.96" CONTENT="motsvarighet"/><SP WIDTH="25" VPOS="2454" HPOS="1370"/>
							<String ID="string_460" HPOS="1395" VPOS="2453" WIDTH="50" HEIGHT="29" WC="0.92" CONTENT="till"/><SP WIDTH="25" VPOS="2453" HPOS="1445"/>
							<String ID="string_461" HPOS="1470" VPOS="2450" WIDTH="175" HEIGHT="41" WC="0.90" CONTENT="köpeskil-"/>
						</TextLine>
					</TextBlock>
				</ComposedBlock>
			</PrintSpace>
		</Page>
	</Layout>
</alto>
