2234 2616
415 149 38 31 14
782 147 365 41 Bevillningsutskottets
1169 146 199 31 betänkande
1392 145 52 31 Nr
1466 146 53 30 49.

1604 443 125 34 Bilaga
1753 444 37 27 Ä.

773 664 131 40 Utdrag
932 674 41 22 av
1002 664 211 42 protokollet,
1247 663 102 32 hållet
1373 662 10 32 i
1408 663 117 40 Kungl.
1550 663 114 41 Maj:ts
1688 663 114 41 lagråd
1825 664 167 40 onsdagen

975 707 61 32 den
1061 709 19 29 2
1104 707 85 42 april
1217 708 93 30 1919.

1017 845 290 33 Närvarande:

773 951 237 32 Justitieråden
1034 950 234 34 GULLSTRAND,

1035 1003 66 22 VON
1126 993 99 39 SETH,

1035 1037 186 38 WEDBERG,

771 1082 279 40 Regeringsrådet
1072 1080 436 32 PLANTING-GYLLENBÅGA.

499 1167 113 41 Enligt
648 1168 149 40 lagrådet
831 1168 309 32 tillhandakommet
1175 1168 120 40 utdrag
1330 1178 41 21 av
1405 1166 202 42 protokollet
1630 1170 80 27 över
1732 1165 258 37 finansärenden,

366 1210 104 33 hållet
493 1210 87 32 inför
605 1211 94 32 Hans
722 1211 96 42 Maj:t
840 1212 184 40 Konungen
1047 1211 9 32 i
1081 1211 184 32 statsrådet
1289 1211 61 32 den
1377 1212 38 30 15
1440 1221 88 21 mars
1548 1211 93 37 1919,
1659 1209 84 32 hade
1759 1209 120 40 Kungl.
1896 1209 96 41 Maj:t

367 1254 180 38 förordnat,
583 1256 51 30 att
669 1255 167 41 lagrådets
872 1255 168 32 utlåtande
1072 1255 106 32 skulle
1202 1254 166 33 inhämtas
1392 1258 79 28 över
1494 1254 39 32 de
1556 1253 56 32 vid
1634 1253 121 41 Kungl.
1779 1252 113 42 Maj:ts
1914 1263 77 31 pro-

368 1297 144 42 position
546 1298 52 32 till
633 1297 177 43 riksdagen
838 1299 62 32 den
925 1300 41 30 25
991 1299 300 40 nästförutgångna
1314 1297 155 39 februari,
1493 1308 39 21 nr
1558 1298 71 37 131,
1654 1296 118 41 fogade
1794 1296 125 42 förslag
1942 1297 50 31 till

365 1342 197 42 förordning
585 1353 50 20 om
659 1343 130 31 ändrad
810 1344 115 41 lydelse
949 1354 39 20 av
1012 1345 52 37 30,
1088 1344 53 37 31,
1166 1344 42 30 35
1225 1343 54 31 och
1298 1344 40 28 39
1353 1342 48 40 $$
1425 1343 12 29 i
1458 1341 235 41 förordningen
1716 1341 60 31 den
1801 1342 42 30 11
1866 1340 126 32 oktober

368 1387 86 31 1907
488 1386 164 40 angående
694 1387 204 41 tillverkning
936 1397 38 20 av
1013 1387 161 31 brännvin
1213 1386 62 31 och
1310 1385 125 41 förslag
1469 1386 50 30 till
1552 1385 193 41 förordning
1778 1395 50 20 om
1862 1385 130 30 ändrad

367 1430 117 40 lydelse
510 1441 40 19 av
574 1431 43 30 25
640 1431 23 38 $
687 1431 12 30 i
720 1430 236 42 förordningen
979 1430 60 31 den
1064 1432 18 29 1
1108 1431 63 36 juli
1196 1430 87 31 1918
1305 1429 164 40 angående
1492 1429 116 31 handel
1632 1428 70 31 med
1724 1428 150 40 skattefri
1896 1428 93 41 sprit.

500 1472 189 40 Förslagen,
715 1483 70 21 som
808 1474 106 31 finnas
937 1473 132 40 bilagda
1093 1473 93 31 detta
1209 1472 175 42 protokoll,
1409 1472 84 31 hade
1516 1471 86 32 inför
1625 1471 152 41 lagrådet
1792 1470 199 41 föredragits

368 1527 41 20 av
433 1516 249 32 tillförordnade
707 1516 199 41 byråchefen
929 1516 82 32 Karl
1035 1515 130 33 Samuel
1189 1515 172 33 Levinson.

499 1560 180 40 Förslagen
708 1560 85 40 gåvo
819 1560 175 40 anledning
1015 1559 52 32 till
1090 1559 145 42 följande
1258 1558 177 42 yttranden
1459 1568 41 21 av
1523 1557 168 41 lagrådets
1715 1557 162 32 särskilda
1901 1558 89 31 leda-

367 1606 120 29 möter:

500 1672 233 33 Justitierådet
756 1684 61 21 von
840 1673 92 32 Seth:

500 1717 65 31 Det
592 1717 107 31 måste
727 1717 172 38 erkännas,
926 1718 51 30 att
1001 1717 38 31 de
1063 1716 194 32 företeelser
1280 1715 161 40 förslaget
1465 1726 95 21 avser
1584 1717 52 30 att
1659 1716 99 30 träffa
1781 1719 57 27 äro
1864 1725 41 21 av
1929 1715 62 31 den

368 1760 234 38 beskaffenhet,
631 1762 51 30 att
711 1762 49 30 ett
787 1760 193 42 ingripande
1004 1762 68 30 mot
1095 1760 169 32 desamma
1287 1759 11 31 i
1320 1758 296 41 lagstiftningsväg
1639 1763 37 27 är
1699 1758 209 41 synnerligen
1932 1759 58 41 på-

368 1803 114 33 kallat.
530 1803 143 33 Särskilt
703 1804 56 31 det
782 1808 107 37 öppna
912 1805 87 31 trots
1022 1805 70 31 mot
1114 1802 153 42 gällande
1292 1802 256 38 bestämmelser,
1573 1813 71 21 som
1668 1801 87 41 tagit
1778 1801 52 41 sig
1853 1802 138 40 uttryck

356 1846 22 32 i
402 1847 55 32 det
480 1847 295 32 oförblommerade
799 1847 217 42 utbjudandet
1039 1858 41 21 av
1104 1849 177 40 apparater
1305 1846 51 32 för
1375 1845 247 41 lönnbränning,
1641 1850 37 27 är
1696 1856 41 21 av
1754 1845 235 39 beskaffenhet,

369 1892 50 30 att
443 1891 184 32 detsamma
651 1891 28 40 ej
705 1890 58 32 bör
787 1891 126 32 lämnas
938 1891 158 32 obeaktat
1119 1902 42 20 av
1184 1889 261 41 lagstiftningen.

499 1935 65 32 Det
599 1935 54 31 må
687 1934 183 33 emellertid
904 1936 118 39 genast
1056 1934 74 32 från
1153 1934 117 41 början
1294 1933 125 33 erinras
1444 1935 59 36 att,
1535 1933 2 31 i
1562 1933 62 32 den
1648 1934 77 31 mån
1747 1932 108 42 dylikt
1879 1933 110 40 utbju-

368 1978 103 32 dande
504 1978 77 32 sker
615 1988 118 30 genom
768 1978 113 42 tryckt
904 1978 109 39 skrift,
1039 1978 184 33 detsamma
1245 1977 11 32 i
1280 1977 89 41 regel
1393 1978 28 41 ej
1447 1977 64 32 kan
1535 1978 60 31 nås
1619 1979 102 30 annat
1744 1981 41 27 än
1808 1986 118 30 genom
1950 1987 40 21 en

368 2021 139 41 ändring
529 2022 10 31 i
563 2021 461 42 tryckfrihetsförordningen.
1072 2022 127 32 Endast
1222 2021 11 31 i
1257 2021 63 32 den
1343 2021 75 32 mån
1442 2020 215 42 utbjudandet
1672 2020 88 41 tagit
1775 2020 102 32 sådan
1893 2019 95 38 form,

368 2067 51 30 att
442 2066 17 40 8
484 2066 19 30 3
529 2066 50 31 7:0o
611 2076 42 21 av
682 2066 139 32 nämnda
844 2065 192 41 förordning
1063 2066 65 31 kan
1151 2065 101 32 vinna
1276 2064 217 42 tillämpning,
1529 2064 114 32 ställer
1667 2064 52 41 sig
1742 2064 103 32 saken
1869 2074 119 21 annor-

366 2109 107 32 lunda.
519 2109 66 32 Det
619 2114 37 27 är
688 2109 182 33 emellertid
899 2109 118 33 härvid
1042 2111 50 30 att
1115 2109 127 38 märka,
1267 2110 52 31 att
1342 2108 103 40 enligt
1469 2109 19 31 9
1513 2108 17 41 8
1555 2110 19 30 2
1598 2119 98 21 mom.
1721 2107 11 32 i
1756 2106 233 41 förordningen

367 2152 61 32 den
454 2154 37 30 11
518 2152 138 33 oktober
683 2153 81 31 1907
800 2152 295 41 brännvinsrening
1124 2163 118 30 genom
1267 2151 205 41 destillering
1496 2152 191 32 annorledes
1712 2156 40 27 än
1777 2152 19 31 å
1819 2150 169 33 bränneri-

366 2196 96 32 ställe
496 2197 55 31 må
584 2197 200 32 verkställas
817 2198 109 31 såsom
960 2208 106 21 annan
1100 2196 186 40 hantering,
1323 2195 103 41 enligt
1454 2195 64 32 vad
1541 2195 10 32 i
1575 2195 152 41 gällande
1751 2194 238 41 författningar

365 2240 145 40 stadgas.
558 2240 64 32 För
652 2240 104 33 såvitt
779 2241 101 32 sådan
904 2240 204 41 destillering
1131 2240 77 32 sker
1232 2240 51 31 för
1307 2242 76 38 eget
1406 2239 116 38 behov,
1548 2240 70 31 står
1642 2239 99 32 alltså
1763 2250 42 21 en
1828 2249 61 21 var
1913 2238 74 32 fritt
