1932 2824
661 218 228 28 sStatsutskottets
914 220 146 26 utlåtande
1082 220 49 27 Nr
1152 217 28 29 Å.
1641 221 29 29 1

228 289 11 31 i
264 292 185 39 ortsgrupp
484 291 16 30 I
536 292 18 30 2
587 291 126 32 kronor
736 292 41 30 35
799 294 72 35 öre;
906 293 11 30 i
941 295 185 40 ortsgrupp
1149 293 37 31 II
1211 295 18 29 2
1253 294 125 31 kronor
1402 296 40 30 10
1465 297 70 36 öre;
1560 295 9 31 i
1594 298 83 29 orts-

172 351 111 29 grupp
318 340 57 30 III
409 341 19 30 3
452 340 125 32 kronor
599 342 20 30 5
642 343 72 36 öre;
738 342 11 30 i
773 344 184 40 ortsgrupp
981 343 49 32 IV
1053 344 19 30 3
1095 344 126 31 kronor
1243 346 42 29 40
1308 346 71 37 öre;
1403 345 11 30 i
1438 347 184 40 ortsgrupp
1646 347 30 31 V

171 390 19 30 3
224 390 127 30 kronor
384 391 40 30 75
459 392 66 36 öre,
550 393 88 29 samt
662 392 51 30 för
736 393 91 40 varje
850 393 83 30 barn
958 393 83 31 eller
1063 405 111 19 annan
1198 405 136 30 person,
1358 395 113 31 vilken
1495 396 65 30 den
1584 398 92 29 värn-

173 439 143 41 pliktige
340 440 62 31 har
425 443 50 28 att
497 441 160 41 försörja:
682 442 10 30 i
717 445 184 39 ortsgrupp
925 443 17 30 I
965 444 41 30 50
1029 445 71 36 öre;
1125 444 10 30 i
1160 446 184 39 ortsgrupp
1360 445 38 30 II
1414 446 41 29 60
1471 447 70 36 öre;
1566 446 10 30 i
1593 446 83 31 orts-

170 500 111 30 grupp
305 489 58 31 III
387 491 40 29 70
450 492 71 36 öre;
545 490 11 31 i
580 493 185 39 ortsgrupp
788 492 50 31 IV
862 493 40 30 80
925 495 70 34 öre;
1020 493 10 30 i
1054 495 185 39 ortsgrupp
1263 494 30 31 V
1316 495 40 30 90
1380 496 65 29 öre.

222 539 17 30 I
262 540 94 39 fråga
380 551 54 19 om
459 540 41 31 de
525 541 72 30 skäl
621 542 252 31 motionärerna
898 543 112 31 anfört
1035 543 50 31 till
1109 543 78 31 stöd
1211 544 52 30 för
1286 544 75 31 sina
1377 545 297 41 framställningar,

168 588 51 31 får
242 590 169 30 utskottet
434 590 142 31 hinvisa
599 591 52 30 till
675 591 222 32 motionerna.

221 689 68 31 Till
322 691 110 40 grund
465 691 53 31 för
541 691 65 32 den
630 703 39 20 av
692 692 126 41 Kungl.
844 693 97 41 Maj:t
964 694 185 41 framlagda
1172 695 371 42 anslagsberäkningen
1567 696 107 41 ligger

166 739 153 41 följande
342 741 136 41 uppgift
501 743 19 29 å
543 742 128 31 antalet
695 743 352 42 tjänstgöringsdagar
1069 745 51 30 för
1142 745 229 41 värnpliktiga
1393 745 57 31 vid
1474 749 123 28 armén.

1152 826 58 28 ——
1240 826 27 28 —
1289 826 82 28 ——
1421 836 44 11 —
1487 826 50 28 —
1587 826 88 28 —

1238 854 3 86 |
1300 888 312 32 Tjänstgöringsdagar

1237 972 3 36 |
1322 990 53 22 med
1394 991 191 29 penningbidrag

168 1076 2 26 |
1237 1088 3 52 |
1271 1078 15 21 å
1305 1075 57 25 0.50
1384 1076 40 24 kr.
1506 1085 16 16 å
1544 1077 11 24 1
1575 1077 39 24 kr.

168 1106 2 16 i
1603 1120 65 13 i

211 1135 11 23 L
268 1136 102 26 Linjen.
1451 1152 3 8 |
1666 1131 3 53 |

267 1186 172 26 Infanteriet
457 1206 2 5 .
489 1207 4 4 .
528 1181 14 42 .
558 1208 2 2 .
592 1206 38 5 ss.
696 1208 2 2 oc.
867 1208 40 4 mr
936 1208 39 5 or
1040 1208 38 5 rv
1109 1209 5 4 vo
1140 1180 18 44 2
1180 1210 36 2 vv)
1279 1187 134 31 1,883,900
1451 1184 3 32 |
1487 1180 14 44 —
1520 1188 107 30 177,800

267 1221 178 31 Kavalleriet
488 1217 12 39 >.
526 1241 34 5 ss
592 1241 38 5 sv
662 1242 37 5 cr
766 1244 36 4 -
868 1242 73 5 oe
1178 1246 4 2 a
1235 1236 3 16 |
1319 1222 93 28 68,000
1534 1223 93 29 41,000

266 1255 160 26 Artillerieb
456 1278 1 2 =
487 1275 37 5 ss
574 1276 89 5 oss
710 1276 56 5 rs
829 1277 75 5 oss
1235 1280 3 20 |
1302 1256 110 30 342,000
1518 1257 109 29 153,000

266 1290 296 31 Ingenjörtrupperna
590 1312 2 2 .
624 1312 4 2 .
658 1311 247 5 os.
764 1286 48 40 oo.
829 1286 18 40 ,
864 1286 43 40 ..
1006 1312 36 4 a
1303 1290 109 26 140.000
1534 1288 96 40 54,000
1665 1280 3 32 |

164 1332 3 14 i
265 1324 254 32 Trängtrupperna
557 1346 4 4 .
592 1345 72 5 som
696 1346 72 5 oss
799 1347 38 4 so
868 1346 38 5 se
935 1347 39 4 ss
1004 1348 38 2 ss
1108 1347 4 4 .
1235 1320 3 16 I
1303 1325 109 29 172,000
1535 1325 92 26 12.200

264 1358 349 33 Intendenturtrupperna
660 1380 4 5 .
696 1382 2 2 .
729 1380 142 6 o.s.v.
970 1382 38 4 sa
1040 1382 2 4 0
1318 1359 94 29 38,900
1550 1359 76 27 4.200

266 1392 156 25 Studenter
440 1394 54 24 och
512 1394 146 25 likställda
694 1415 5 4 .
729 1415 4 5 .
763 1415 107 5 ....
1178 1348 59 88 |
1301 1393 110 31 280,000
1516 1394 110 28 358.000

1233 1456 3 32 I

1274 1449 142 43 2,924,800
1515 1455 111 31 800,200
1664 1472 3 12 |

951 1456 89 31 Säger
1058 1456 45 24 för
1122 1456 90 30 linjen

195 1521 33 24 II.
268 1522 394 26 Ersättningsreservenmo,..
694 1543 72 5 ooo
830 1543 74 5 eos
970 1544 244 5 se...
1154 1516 62 41 vv.
1277 1522 133 28 1.500.000
1449 1531 1 23 |
1557 1538 32 3 —

1273 1584 137 31 4,224,800
1514 1584 110 31 800,200

1383 1636 138 30 5,025,000

773 1583 116 24 Summa
910 1584 301 32 tjänstgöringsdagar

214 1716 129 32 Härtill
366 1717 152 32 kommer
541 1718 87 32 visst
650 1719 301 42 avlöningstillägg
974 1722 34 29 åt
1031 1720 454 42 reservofficersaspiranter,
1502 1722 166 31 beräknat

160 1766 53 31 till
237 1768 115 34 27,950
374 1768 134 32 kronor.

211 1817 285 32 Medelsbehovet
528 1819 53 31 för
613 1819 43 31 de
678 1820 246 41 värnpliktigas
951 1820 161 42 avlöning
1134 1821 61 31 har
1216 1821 213 42 följaktligen
1452 1822 52 31 för
1526 1822 140 42 budget-

158 1869 74 29 året
256 1868 180 36 1929/1930
458 1880 40 20 av
522 1869 124 41 Kungl.
671 1870 98 41 Maj:t
791 1870 183 32 beräknats
997 1872 43 40 på
1063 1871 152 79 följande
1239 1873 68 30 sätt

157 1918 171 39 4,224,800
350 1919 353 43 tjänstgöringsdagar
725 1922 19 29 å
766 1922 83 31 0:50
871 1921 48 31 kr.
952 1946 24 4 ..
1216 1948 16 2 =
1349 1923 127 31 kronor
1498 1924 167 38 2,112,400

191 1965 136 51 800,200
520 1983 12 15 »
724 1984 12 15 >»
765 1973 80 29 li—
885 1989 13 10 »
964 1998 302 2 MonesenndSR
1529 1975 136 37 800,200

156 2019 315 43 Avlöningstillägg
493 2023 34 29 åt
549 2022 446 42 reservofficersaspiranter
1022 2048 162 4 .........
1549 2025 115 36 27,950

1186 2048 141 66 Summa
1348 2084 127 31 kronor
1497 2085 167 37 2,940,550

210 2155 165 41 Anslaget
399 2156 60 31 har
482 2156 177 42 upptagits
683 2157 77 31 med
784 2159 49 30 ett
855 2157 53 31 till
931 2159 168 36 2,940,000
1121 2159 128 31 kronor
1271 2159 167 32 avrundat
1461 2160 135 42 belopp.

207 2257 78 32 Den
319 2258 186 41 framlagda
538 2259 371 42 anslagsberikningen
943 2260 11 31 i
989 2261 168 31 avseende
1191 2262 20 29 å
1243 2261 128 32 antalet
1404 2262 257 42 tjänstgörings-

154 2308 105 41 dagar
293 2308 52 31 för
378 2308 52 31 till
463 2308 191 42 linjetjänst
687 2312 141 39 uttagna
860 2311 228 41 värnpliktiga
1121 2311 110 31 under
1253 2311 204 42 budgetåret
1482 2313 179 31 1929/1930

153 2358 94 41 giver
269 2359 74 31 icke
367 2359 169 32 utskottet
558 2360 186 41 anledning
767 2361 51 30 till
842 2360 144 32 erinran.
1032 2361 218 32 Beträffande
1274 2364 72 29 åter
1367 2362 232 42 beräkningen
1620 2375 40 20 av

153 2409 128 31 antalet
304 2409 352 42 tjänstgöringsdagar
679 2411 53 31 för
754 2411 368 41 ersättningsreserven
1146 2413 85 31 eller
1248 2413 165 38 1,300,000
1429 2413 110 42 dagar,
1558 2425 103 30 synes

154 2459 199 32 densamma
386 2471 78 20 vara
497 2461 115 31 alltför
644 2461 77 41 hög.
778 2462 118 39 Enligt
929 2462 42 31 de
1005 2462 235 42 beräkningar,
1265 2474 72 20 som
1371 2464 225 32 verkställdes
1620 2476 40 19 av

154 2509 169 32 särskilda
346 2510 169 32 utskottet
537 2511 57 31 vid
620 2511 81 32 1925
724 2513 54 30 års
809 2512 147 41 riksdag,
984 2512 107 32 borde
1118 2513 129 31 antalet
1270 2513 389 43 handräckningsdagar,

1704 704 88 29 Kungl.
1812 704 47 29 Maj
1872 706 8 20 t

1718 2276 134 24 Utskottets

1718 2312 128 28 yttrande.
