1928 2822
641 199 228 28 Statsutskottets
892 202 148 27 utlåtande
1063 202 47 27 Nr
1132 199 28 31 4.
1623 204 32 30 17

205 268 285 34 Medelsbehovet
524 271 51 31 för
610 272 277 42 undervisnings-
911 275 62 31 och
998 276 350 40 gymnastikmateriel
1373 281 88 29 samt
1485 279 171 32 undervis-

152 319 269 40 ningsanstalter
444 321 61 31 och
531 322 338 41 utbildningskurser
892 326 52 30 för
966 326 204 40 budgetåret
1198 328 176 37 1928/1929
1397 328 61 32 har
1474 329 181 32 beräknats

151 369 48 30 till
237 371 225 40 sammanlagt
495 373 133 37 954,217
664 374 134 32 kronor.
846 375 68 31 För
938 376 164 31 täckande
1137 388 39 20 av
1204 378 95 30 detta
1322 379 111 30 behov
1456 380 61 30 har
1540 380 8 30 i
1574 381 81 30 riks-

151 421 111 29 staten
287 421 18 29 å
328 420 58 31 det
410 422 170 31 ordinarie
604 424 420 42 undervisningsanslaget
1047 428 178 39 upptagits
1248 430 49 29 ett
1321 429 126 41 belopp
1464 441 39 19 av
1520 431 135 37 900,000

150 469 135 38 kronor,
321 471 109 31 under
460 472 58 31 det
545 475 50 28 att
618 474 58 30 det
698 476 217 30 återstående
939 477 221 40 erforderliga
1183 478 173 41 beloppet,
1381 480 112 36 54,217
1518 480 134 39 kronor,

150 522 132 28 ansetts
316 520 115 31 kunna
465 524 94 37 tagas
594 523 10 30 i
628 525 148 39 anspråk
799 536 39 19 av
863 526 184 40 förefintlig
1070 527 232 41 odisponerad
1326 530 207 31 reservation
1559 532 19 29 å
1601 542 53 19 an-

150 570 117 39 slaget.

202 620 284 33 Medelsbehovet
522 623 106 31 under
666 624 74 30 titel
774 626 17 29 I
841 625 450 43 »Undervisningsmateriel>
1324 629 60 31 har
1407 630 77 31 med
1508 630 145 42 tillämp-

150 670 82 40 ning
254 682 40 19 av
317 671 125 31 hittills
465 673 156 40 gällande
645 675 150 39 grunder
818 677 177 40 upptagits
1020 678 77 30 med
1121 680 48 29 ett
1185 678 128 42 belopp
1330 691 39 19 av
1386 681 114 37 67,068
1513 681 137 31 kronor.

201 720 18 30 I
241 721 92 41 fråga
358 733 54 20 om
437 722 73 32 titel
534 724 36 30 II
598 724 69 31 »De
691 725 88 31 fasta
802 726 392 42 undervisningsverken
1219 741 41 19 m.
1287 741 60 20 m.»
1375 731 60 30 har
1457 732 194 41 föreslagits

149 782 41 19 en
226 771 129 42 ökning
389 773 77 31 med
503 775 93 37 6,800
629 775 134 39 kronor,
788 788 100 20 varav
912 778 93 38 6,500
1028 779 126 31 kronor
1176 791 99 20 avses
1299 781 52 30 för
1374 785 134 29 arméns
1534 783 117 31 under-

148 821 233 32 officersskola
404 824 63 30 och
491 825 62 31 300
575 825 126 31 kronor
723 827 52 30 för
798 830 136 29 muséer
956 840 41 19 m.
1023 840 41 21 m.

200 872 220 32 Beträffande
444 874 74 31 titel
541 875 58 30 IIT
625 875 196 33 »Särskilda
844 878 116 31 skolor
983 879 61 31 och
1069 879 338 42 utbildningskurser
1423 885 88 28 samt
1527 883 123 32 oförut-

148 921 106 32 sedda
277 922 129 32 behov»
433 924 61 31 har
516 924 378 42 departementschefen
912 929 165 41 tillstyrkt
1093 941 41 20 en
1152 931 128 40 ökning
1295 932 78 31 med
1385 933 115 38 40,000
1515 933 135 39 kronor,

147 971 272 43 huvudsakligen
443 975 127 31 avsedd
594 976 52 31 för
668 977 238 32 anordnandet
929 990 39 20 av
984 979 92 32 vissa
1092 981 168 31 särskilda
1276 981 121 33 kurser
1413 983 52 31 för
1478 983 172 33 officerare

147 1033 41 20 m.
212 1023 32 31 i.

198 1073 284 34 Medelsbehovet
516 1076 109 32 under
657 1078 221 32 förevarande
906 1080 119 42 anslag
1047 1081 62 31 har
1131 1093 40 20 av
1194 1082 377 42 departementschefen
1596 1086 53 31 be-

146 1123 137 32 räknats
317 1125 53 31 till
405 1127 224 41 sammanlagt
662 1129 135 38 998,443
825 1130 134 32 kronor.
1005 1131 83 32 Med
1115 1132 133 43 hänsyn
1273 1134 52 31 till
1350 1136 19 29 å
1391 1136 153 41 anslaget
1567 1137 82 31 före-

145 1174 131 42 fintliga
309 1177 248 31 reservationer
590 1178 61 31 har
684 1179 86 31 dock
805 1180 224 42 anvisningen
1053 1184 19 29 å
1094 1183 186 32 riksstaten
1304 1187 131 29 ansetts
1459 1187 114 31 kunna
1596 1188 53 31 be-

145 1226 141 38 gränsas
311 1226 51 30 till
387 1227 135 38 950,000
544 1228 133 31 kronor.

197 1318 82 31 Med
302 1319 134 42 hänsyn
459 1320 52 31 till
535 1321 66 31 den
625 1323 171 42 sänkning
811 1335 41 20 av
868 1326 128 31 antalet
1008 1326 363 44 tjänstgöringsdagar,
1389 1340 72 22 som
1478 1331 170 32 utskottet

144 1371 113 29 ansett
292 1369 52 41 sig
371 1370 83 31 böra
477 1371 133 39 föreslå,
637 1374 96 30 torde
757 1374 110 31 under
891 1375 74 32 titel
988 1376 18 30 I
1029 1377 122 31 endast
1174 1378 134 32 behöva
1330 1380 167 32 beriknas
1522 1384 49 29 ett
1594 1383 52 31 be-

142 1418 83 41 lopp
259 1430 40 20 av
332 1420 115 38 64,000
470 1421 134 32 kronor.
652 1423 219 32 Beträffande
905 1426 75 31 titel
1013 1427 38 31 II
1085 1438 101 21 anser
1209 1429 53 40 sig
1284 1430 170 32 utskottet
1476 1431 84 32 böra
1583 1433 63 31 till-

143 1469 115 41 styrka
282 1469 41 31 de
346 1481 41 20 av
410 1470 377 42 departementschefen
811 1475 181 33 förordade
1016 1477 210 42 ökningarna
1248 1479 11 30 i
1283 1480 163 41 anslaget,
1470 1483 44 40 på
1536 1483 110 40 grund

142 1530 99 20 varav
276 1520 99 31 titeln
410 1531 101 31 synes
546 1522 83 32 böra
652 1526 169 40 upptagas
845 1527 78 30 med
947 1529 49 29 ett
1019 1527 127 42 belopp
1170 1541 40 20 av
1232 1530 137 39 490,000
1391 1531 135 33 kronor.
1571 1534 75 31 Vad

142 1570 161 41 slutligen
339 1571 74 31 titel
436 1572 57 31 III
515 1575 113 39 angår,
652 1574 61 31 har
736 1576 170 32 utskottet
928 1577 73 32 icke
1025 1581 114 29 ansett
1162 1580 202 43 tillräckliga
1388 1582 72 32 skäl
1483 1584 163 42 föreligga

141 1620 51 31 för
215 1620 66 32 den
305 1621 193 42 föreslagna
526 1624 180 42 ökningen,
732 1626 109 31 vadan
865 1628 99 31 titeln
989 1630 97 31 torde
1109 1630 84 31 böra
1216 1634 170 39 upptagas
1410 1634 77 31 med
1510 1635 136 38 400,000

140 1670 134 32 kronor.
319 1671 19 31 I
361 1672 151 42 enlighet
535 1674 140 32 härmed
698 1676 63 31 bör
784 1677 281 34 medelsbehovet
1087 1682 19 29 å
1122 1681 431 45 undervisningsanslaget,
1571 1696 73 21 som

140 1721 106 41 enligt
282 1723 80 30 1925
385 1725 55 29 års
463 1724 348 43 härordningsbeslut
834 1729 177 42 upptagits
1035 1731 54 31 till
1111 1731 137 36 935,000
1270 1732 136 40 kronor,
1430 1735 53 31 för
1505 1735 139 42 budget-

140 1773 71 29 året
246 1773 180 32 1929/1930
459 1774 166 33 beräknas
659 1777 51 30 till
734 1776 127 42 (64,000
879 1784 31 31 +
927 1780 136 37 490,000
1081 1786 29 30 +
1127 1783 137 37 400,000
1277 1784 50 39 =)
1351 1784 136 38 954,000
1509 1785 133 32 kronor.

140 1822 236 42 Anvisningen
410 1826 19 29 å
462 1825 186 32 riksstaten
683 1838 103 31 synes
820 1829 79 31 med
932 1830 134 43 hänsyn
1091 1832 51 30 till
1165 1833 208 42 förefintliga
1395 1836 250 32 reservationer

139 1872 115 32 kunna
277 1873 185 41 begränsas
486 1875 53 32 till
563 1877 135 38 900,000
720 1878 135 32 kronor.

192 1922 48 31 På
262 1924 111 40 grund
397 1936 39 20 av
459 1926 64 31 vad
546 1927 169 32 utskottet
739 1929 145 32 sålunda
907 1931 121 39 anfört,
1052 1933 51 30 får
1126 1934 170 31 utskottet
1319 1931 189 51 hemställa,

460 2005 50 29 att
532 2003 181 43 riksdagen
737 2008 55 29 må
815 2010 152 39 upptaga
990 2009 170 34 ordinarie
1183 2013 388 42 reservationsanslaget
1592 2016 51 30 till

408 2053 274 43 undervisnings-
716 2056 64 31 och
815 2058 350 40 gymnastikmateriel
1200 2063 89 29 samt
1322 2063 320 44 undervisningsan-

408 2103 119 32 stalter
560 2105 64 30 och
658 2106 340 42 utbildningskurser
1025 2110 76 31 med
1126 2111 198 32 oförändrat
1347 2113 136 43 belopp,
1508 2115 135 39 900,000

408 2153 133 32 kronor.

191 2279 83 42 16:0)
297 2280 125 42 Kungl.
440 2281 98 42 Maj:t
561 2282 61 31 har
644 2284 176 43 föreslagit
843 2286 182 43 riksdagen
1049 2288 120 42 (punkt
1185 2290 50 42 21)
1251 2293 51 29 att
1322 2291 133 34 minska
1471 2293 169 33 ordinarie

136 2330 385 42 reservationsanslaget
544 2332 51 32 till
613 2334 315 43 studiestipendier,
946 2349 46 19 nu
1009 2339 114 38 27,000
1139 2339 135 40 kronor,
1292 2342 77 32 med
1386 2344 114 37 24,000
1516 2344 125 33 kronor

137 2380 51 31 till
211 2381 94 37 3,000
327 2381 134 34 kronor.

189 2431 239 42 Utredningen
463 2434 10 30 i
497 2435 141 32 ärendet
660 2436 228 33 förekommer
911 2439 10 30 i
946 2441 380 41 statsrådsprotokollet
1351 2444 62 32 sid.
1438 2446 41 30 35
1502 2446 63 31 och
1589 2448 49 30 36.

177 2492 111 36 Bihang
313 2494 45 26 till
380 2494 166 37 riksdagens
565 2497 143 35 protokoll
732 2496 89 31 1929.
858 2497 22 30 6
894 2501 81 28 saml.
1009 2499 19 29 4
1051 2502 73 37 haft.
1159 2504 62 35 (Nr
1235 2503 44 35 4.)
1457 2515 40 19 ba8
1510 2516 25 18 29
1580 2511 17 26 I

1705 1336 136 24 Utskottets

1708 1372 129 28 yttrande.

1667 2303 190 31 Studiestipen-

1729 2338 63 23 dier.

1712 2372 94 46 [21.]
