2185 2673
667 193 231 43 Lagutskottets
930 195 166 34 Utlåtande
1119 197 63 33 N:o
1206 198 54 33 21.
1747 202 16 32 1

880 690 75 43 N:o
986 691 63 43 21.

827 855 72 26 Ank.
919 856 43 26 till
982 857 98 26 Riksd.
1101 858 93 26 kansli
1213 859 56 26 den
1290 860 15 26 9
1324 868 76 18 mars
1421 862 75 31 1906,
1518 863 35 25 kl.
1576 863 16 26 3
1612 872 21 18 e.
1655 874 37 17 m.

386 997 196 45 Utlåtande,
619 1000 13 33 i
666 999 186 47 anledning
887 1001 47 44 af
959 1004 101 34 väckt
1093 1005 127 35 motion
1253 1017 53 24 om
1340 1007 182 43 skrifvelse
1551 1009 52 35 till
1629 1006 132 54 Kungl.

592 1053 112 44 Maj:t
731 1055 13 34 i
765 1054 114 46 fråga
908 1068 53 24 om
982 1057 142 46 förslag
1153 1059 52 35 till
1226 1059 220 47 författning
1471 1064 177 43 angående
1660 1061 104 53 pant-

593 1107 214 38 lånerörelse.

272 1267 256 46 Lagutskottet
565 1269 66 37 har
659 1269 57 36 till
745 1270 261 38 förberedande
1035 1273 223 49 behandling
1286 1276 70 36 fått
1384 1281 179 44 emottaga
1592 1291 44 23 en
1665 1279 97 37 inom

163 1319 129 36 Andra
324 1322 220 35 Kammaren
580 1323 40 35 af
652 1323 84 36 herr
771 1325 36 35 J.
838 1326 196 45 Bengtsson
1062 1328 13 35 i
1103 1328 165 49 Bjärnalt
1296 1331 109 36 väckt
1433 1333 146 45 motion,
1610 1346 59 24 n:o
1701 1337 60 42 53,

164 1374 39 35 af
229 1374 159 48 följande
416 1376 155 47 lydelse:

278 1483 88 36 >»Att
394 1486 129 46 många
553 1486 66 35 och
649 1489 94 33 stora
772 1488 133 36 brister
932 1489 146 36 vidlåda
1105 1491 278 49 lagstiftningen
1408 1506 55 23 om
1485 1496 278 46 pantlånerörel-

163 1549 74 32 sen,
268 1539 102 34 torde
399 1538 41 35 af
464 1539 111 47 ingen
604 1540 126 36 kunna
758 1541 181 38 förnekas.
997 1545 87 35 Men
1110 1545 132 37 hittills
1261 1547 66 35 har
1342 1547 78 48 just
1440 1548 192 49 ingenting
1651 1551 112 48 gjorts

165 1591 55 35 för
248 1595 53 32 att
328 1592 87 35 råda
444 1593 63 36 bot
534 1594 124 47 härpå.
715 1595 228 49 Visserligen
972 1598 173 37 framlade
1174 1613 45 22 en
1248 1602 144 35 enskild
1424 1603 176 36 motionär
1628 1605 56 35 för
1714 1609 47 32 25

164 1647 39 33 år
241 1646 110 35 sedan
380 1646 14 35 i
422 1646 129 36 Andra
578 1648 221 36 Kammaren
828 1653 52 33 ett
908 1651 199 37 skisseradt
1135 1654 134 47 förslag
1299 1655 57 35 till
1384 1657 184 36 ordnande
1597 1659 39 34 af
1662 1663 101 43 pant-

163 1699 242 36 lånerörelsen
443 1700 14 35 i
495 1701 107 45 riket,
643 1715 82 23 men
763 1704 249 47 lagutskottet,
1058 1719 96 23 >»som
1187 1709 106 47 hyste
1321 1709 230 47 tvifvelsmål,
1582 1713 182 37 huruvida

163 1754 332 45 pantlånerörelsen
538 1756 118 35 skulle
698 1757 126 36 kunna
866 1762 46 43 på
953 1760 297 49 lagstiftningens
1292 1769 69 40 väg
1399 1767 38 32 så
1465 1766 141 44 ordnas,
1638 1770 53 32 att
1720 1769 43 34 de

162 1807 102 46 gifna
292 1808 319 36 bestämmelserna
638 1810 81 35 icke
749 1812 122 35 kunde
900 1816 46 43 på
974 1815 251 46 mångahanda
1254 1819 71 33 sätt
1349 1817 212 48 kringgås»,
1584 1820 180 48 afstyrkte

163 1861 177 47 enhälligt
367 1862 189 48 förslaget;
587 1864 67 35 och
682 1868 88 32 utan
799 1867 125 35 debatt
951 1867 103 36 biföll
1083 1869 209 37 kammaren
1320 1872 195 36 utskottets
1536 1874 225 37 hemställan.

270 1916 69 35 Tre
378 1919 38 32 år
454 1929 126 23 senare
616 1940 51 3 —
697 1920 70 34 den
798 1922 19 32 7
848 1922 195 35 november
1075 1925 100 33 1884
1207 1945 46 4 —
1284 1925 190 36 utfärdade
1504 1928 92 35 dock
1624 1925 136 55 Kungl.

162 1968 107 48 Maj:t
312 1972 45 44 på
399 1970 217 36 hemställan
658 1972 40 35 af
738 1973 479 49 öfverståthållareembetet,
1256 1991 73 23 som
1361 1979 131 47 funnit,
1525 1984 53 33 att
1606 1983 70 35 den
1705 1996 58 22 en-

162 2022 121 36 skilda
321 2024 334 46 pantlånerörelsen
683 2026 95 36 visat
806 2028 56 47 sig
890 2042 85 23 vara
1005 2033 51 32 ett
1084 2030 154 49 kraftigt
1267 2034 117 34 medel
1412 2034 57 36 till
1497 2035 201 49 främjande
1727 2038 40 35 af

162 2077 97 35 brott
298 2080 74 33 mot
407 2080 270 45 äganderätten,
710 2093 44 23 en
789 2082 216 47 kungörelse
1034 2087 185 44 angående
1248 2086 180 37 villkoren
1457 2089 55 36 för
1540 2089 159 37 idkande
1727 2092 41 35 af

162 2131 316 46 pantlånerörelse.
537 2133 164 36 Härmed
730 2147 64 24 var
822 2136 215 49 visserligen
1066 2139 145 48 mycket
1240 2145 148 41 vunnet,
1412 2155 82 23 men
1514 2145 140 35 ändock
1674 2148 89 33 åter-

162 2185 81 35 stod
272 2186 66 35 och
368 2188 151 34 återstår
549 2193 97 29 ännu
675 2190 146 46 mycket
850 2193 52 33 att
930 2197 86 41 göra
1045 2192 55 36 för
1129 2196 52 33 att
1209 2194 222 37 förekomma
1461 2198 69 35 alla
1559 2199 43 35 de
1623 2199 140 48 olägen-

161 2239 114 44 heter,
307 2251 74 23 som
412 2246 59 30 äro
501 2241 242 48 förknippade
772 2245 82 35 med
883 2245 276 47 ifrågavarande
1187 2249 226 37 lånerörelse.

269 2293 180 36 Särskildt
486 2297 52 33 ett
575 2308 65 34 par
675 2296 40 35 af
747 2298 103 35 dessa
886 2299 228 47 olägenheter
1145 2303 101 35 torde
1284 2303 55 36 för
1377 2305 44 35 de
1458 2305 103 37 flesta
1589 2319 86 24 vara
1703 2308 60 35 all-

204 2354 75 32 Dih.
306 2354 48 33 till
378 2355 113 34 RBiksd.
518 2356 87 33 Prot.
631 2360 99 31 1906.
759 2362 20 30 7
793 2359 98 33 Saml.
919 2362 47 31 20
990 2362 94 42 Häft.
1132 2363 79 41 (N:o
1238 2365 69 41 21).
