2271 2681
753 210 219 42 Lagutskottets
1001 211 159 32 Utlåtande
1183 212 62 31 N:o
1270 215 45 29 18.
1825 219 17 28 9

233 287 82 49 ling
343 288 11 35 i
383 288 58 36 sin
471 288 232 49 afhandling
731 303 61 23 om
828 290 206 50 lösöreköp
1064 288 133 50 (andra
1232 292 207 49 upplagan,
1473 294 98 38 sidd.
1604 297 45 34 72
1680 294 69 37 och
1781 293 61 48 73)

234 339 194 36 bestämdt
455 340 137 36 uttalat
620 340 74 36 den
723 341 112 47 åsigt,
866 347 55 30 att
948 342 169 36 konkurs
1146 343 12 36 i
1188 343 103 37 detta
1319 344 180 38 afseende
1528 346 70 36 bör
1626 359 112 23 anses
1767 345 77 37 lika

234 402 82 24 som
345 391 229 47 utmätning.
629 391 88 36 Men
746 391 10 36 i
785 392 132 48 praxis
946 393 69 36 har
1043 406 46 23 en
1118 399 157 32 motsatt
1295 395 100 48 åsigt
1414 397 103 48 gjort
1536 397 62 48 sig
1617 396 227 47 obetingadt

233 440 181 48 gällande
444 439 58 46 (se
530 441 117 36 bland
676 449 115 29 annat
818 445 65 33 två
912 443 41 36 af
976 443 140 48 högsta
1154 445 235 36 domstolens
1425 450 39 32 år
1495 450 93 34 1883
1618 447 225 36 meddelade

234 491 144 44 domar,
407 491 150 36 införda
584 492 11 35 i
623 497 86 44 nytt
731 492 186 48 juridiskt
954 494 119 47 arkiv,
1112 499 79 44 årg.
1230 497 107 46 1883,
1366 496 70 37 sid.
1469 499 44 35 78
1543 498 68 36 och
1643 498 69 36 sid.
1746 495 96 49 164).

334 542 57 36 Då
431 542 213 37 emellertid
686 543 122 48 enligt
849 544 74 36 min
966 545 258 49 uppfattning,
1263 559 80 24 som
1374 547 110 37 äfven
1514 549 42 35 af
1579 548 263 37 erfarenheten

233 592 210 49 bestyrkts,
481 593 240 48 lagstiftaren
760 595 68 36 har
864 595 76 37 lika
970 602 79 30 stor
1078 597 209 48 anledning
1315 603 54 31 att
1395 598 228 38 föreskrifva
1652 599 190 37 särskilda

233 643 367 49 försigtighetsmått
626 644 59 37 för
713 650 54 31 att
795 650 53 31 ett
867 646 205 50 lösöreköp
1093 647 98 36 skall
1211 648 117 37 blifva
1349 649 259 38 beståndande
1628 656 94 42 gent
1741 657 101 29 emot

233 694 287 49 borgenärerna
547 695 11 36 i
588 695 185 49 säljarens
802 696 182 45 konkurs,
1014 710 79 24 som
1126 698 47 36 då
1200 699 108 48 fråga
1336 704 41 31 är
1405 714 59 22 om
1485 701 261 48 egendomens
1770 701 71 36 fre-

235 745 124 36 dande
401 751 80 30 mot
522 746 228 48 utmätning,
793 747 140 37 tillåter
968 749 70 47 jag
1075 748 80 49 mig
1182 749 151 45 föreslå,
1364 756 53 31 att
1446 752 222 48 Riksdagen
1696 752 58 36 för
1783 752 58 36 sin

234 795 62 37 del
323 796 203 48 behagade
555 802 141 43 antaga
724 797 167 49 följande
921 799 168 37 ändrade
1117 800 148 49 lydelse
1294 801 41 36 af
1358 798 20 49 $
1402 802 49 36 1:i
1472 802 275 49 förordningen
1768 803 72 36 den

233 848 47 35 20
308 847 209 36 november
546 849 113 35 1845:

333 897 95 47 Den,
459 911 82 23 som
570 898 221 37 tillhandlar
820 899 63 48 sig
910 900 166 47 lösören,
1105 901 71 36 och
1204 901 152 46 tillåter,
1385 908 54 31 att
1467 903 195 36 desamma
1682 904 32 36 få
1736 904 10 35 i
1768 905 74 35 säl-

227 948 131 47 jarens
383 948 93 36 vård
513 949 225 48 qvarblifva,
767 950 80 46 bör,
877 953 41 33 så
946 950 88 37 vida
1063 951 46 36 de
1138 952 108 36 skola
1274 952 126 37 fredas
1429 953 79 36 från
1540 955 217 47 utmätning
1784 955 59 36 för

232 998 186 49 säljarens
456 999 114 36 skuld
604 1000 72 36 och
703 1000 81 36 från
815 1006 54 30 att
895 1007 111 42 tagas
1035 1001 11 35 i
1075 1003 165 47 anspråk
1269 1006 124 33 såsom
1423 1004 165 48 tillgång
1615 1004 9 35 i
1655 1005 185 49 säljarens

233 1049 182 47 konkurs,
444 1055 180 43 upprätta
652 1051 170 48 skriftlig
851 1051 232 49 afhandliing
1112 1072 50 4 —
1188 1073 49 4 —
1267 1074 40 3 —
1339 1077 49 3 —
1416 1074 46 4 —
1490 1074 120 5 ——
1642 1079 48 3 —
1717 1075 49 5 —

232 1119 124 7 i
384 1120 47 3 oo
459 1120 125 4 Fr
610 1121 48 3 —
688 1102 88 36 dö88
806 1103 191 48 "protokoll
1025 1102 174 37 företes.»

334 1303 16 35 I
380 1302 74 37 den
483 1303 168 36 svenska
679 1308 124 32 rätten
832 1304 135 48 gäller,
995 1305 237 37 beträffande
1260 1306 76 49 köp
1357 1306 41 36 af
1418 1306 57 36 lös
1497 1307 202 48 egendom,
1729 1309 112 36 otvif-

233 1353 190 48 velaktigt
451 1354 75 36 den
554 1354 222 48 grundsats,
806 1361 54 30 att
888 1356 278 47 eganderätten
1194 1356 178 49 öfvergår
1400 1370 139 35 genom
1569 1358 136 48 sjelfva
1724 1359 117 50 köpe-

234 1403 141 49 aftalet,
417 1410 91 31 utan
550 1411 54 30 att
646 1405 72 36 den
760 1405 166 37 försålda
968 1407 240 48 egendomen
1250 1407 185 37 behöfver
1475 1408 82 36 från
1591 1409 166 49 säljaren
1784 1410 58 36 till

234 1454 171 49 köparen
446 1455 267 37 öfverlemnas.
776 1456 314 49 Tillämpningen
1132 1458 41 36 af
1209 1458 124 36 denna
1379 1459 208 47 grundsats
1634 1460 69 36 har
1743 1461 99 36 dock

232 1505 272 37 underkastats
534 1519 46 23 en
608 1506 284 49 inskränkning
932 1521 139 34 genom
1115 1509 73 36 den
1226 1509 11 35 i
1274 1509 278 49 förordningen
1589 1510 73 36 den
1700 1513 46 35 20
1775 1525 66 23 no-

232 1556 159 36 vember
422 1558 94 34 1845
546 1557 224 36 meddelade
807 1558 207 47 föreskrift,
1044 1565 54 30 att
1126 1559 85 46 den,
1241 1572 81 23 som
1351 1560 220 37 tillhandlar
1599 1562 62 47 sig
1688 1562 153 36 lösören

233 1606 72 35 och
333 1607 140 35 tillåter
502 1612 53 31 att
583 1607 196 37 desamma
806 1608 37 36 få
870 1609 10 35 i
911 1609 185 48 säljarens
1121 1610 93 36 vård
1243 1610 225 48 qvarblifva,
1498 1611 79 48 bör,
1607 1615 42 32 så
1676 1612 89 36 vida
1794 1613 46 36 de

234 1656 109 37 skola
378 1656 128 37 fredas
542 1656 85 38 från
662 1659 220 48 utmätning
909 1659 58 36 för
995 1660 186 48 säljarens
1215 1661 125 47 skuld,
1382 1661 171 49 iakttaga
1594 1662 206 49 åtskilliga,
1829 1664 11 35 i

233 1706 277 50 förordningen
538 1716 173 29 närmare
741 1709 156 48 angifna
924 1710 260 37 formaliteter.
1240 1711 269 49 Anledningen
1538 1712 58 36 till
1624 1713 125 37 denna
1772 1728 68 22 un-

234 1758 416 49 dantagslagstiftning
690 1760 79 46 har,
813 1762 125 34 såsom
979 1767 180 42 nogsamt
1195 1762 167 48 framgår
1395 1762 40 36 af
1468 1763 46 36 de
1551 1763 290 49 förhandlingar

232 1809 72 35 och
345 1809 413 48 lagstiftningsförsök,
808 1823 81 23 som
931 1811 204 48 föregingo
1183 1812 233 45 densamma,
1461 1813 99 37 varit
1599 1814 242 49 nödvändig-

232 1859 116 36 heten
376 1865 53 31 att
457 1860 93 36 söka
578 1860 114 49 stäfja
720 1861 47 36 de
801 1874 80 23 mer
913 1862 92 36 eller
1038 1862 147 36 mindre
1218 1863 167 48 svikliga
1420 1863 300 49 tillställningar,
1758 1879 81 22 som

233 1910 87 36 med
349 1910 87 36 stöd
464 1910 42 36 af
529 1910 113 37 ofvan
684 1911 160 37 anförda
883 1913 306 48 rättsgrundsats
1231 1914 67 36 allt
1325 1914 233 37 allmännare
1586 1915 253 37 förekommit.

232 1960 60 35 En
332 1960 252 48 gäldbunden
624 1975 142 35 person
806 1963 128 35 kunde
963 1963 11 35 i
1012 1963 47 36 all
1092 1965 148 47 tysthet
1271 1964 158 49 försälja
1462 1965 86 36 hela
1576 1966 59 35 sin
1663 1966 178 48 lösegen-

234 2010 101 48 dom,
370 2014 42 33 så
440 2017 66 42 att,
536 2011 47 37 då
616 2012 218 48 utmätning
866 2013 58 36 för
956 2014 95 36 hans
1085 2014 114 36 skuld
1231 2015 203 44 försöktes,
1465 2015 71 37 den
1567 2016 202 48 egendom,
1798 2031 44 22 ur

232 2061 157 37 hvilken
417 2062 442 49 utmätningssökanden
889 2070 125 31 ansett
1042 2064 62 49 sig
1140 2065 128 37 kunna
1304 2066 170 49 påräkna
1510 2067 246 48 godtgörelse
1784 2067 58 37 för

233 2111 59 36 sin
329 2112 166 48 fordran,
537 2113 133 37 befans
711 2114 154 36 tillhöra
902 2128 47 23 en
985 2128 124 23 annan
1147 2116 71 36 och
1246 2116 241 49 följaktligen
1515 2118 84 36 icke
1628 2118 127 37 kunde
1783 2118 58 36 för

232 2162 185 49 säljarens
447 2164 113 36 skuld
587 2169 177 32 utmätas.
1500 2182 6 3 :

334 2214 57 36 De
419 2227 140 34 genom
588 2214 277 50 förordningen
894 2216 74 36 den
997 2219 46 34 20
1072 2217 209 37 november
1319 2219 93 35 1845
1448 2218 229 37 föreskrifna
1705 2219 137 36 forma-

232 2263 128 38 liteter
388 2264 132 49 afsågo
548 2265 330 50 hufvudsakligen
906 2272 54 32 att
988 2270 36 34 åt
1052 2267 90 37 aftal
1171 2268 40 36 af
1233 2268 295 48 ifrågavarande
1566 2275 58 31 art
1651 2269 106 49 gifva
1786 2273 56 34 så-

332 2328 62 26 Bih.
413 2328 42 27 till
472 2329 97 27 Riksd.
587 2329 75 27 Prot.
683 2330 86 27 1890.
807 2331 15 25 7
843 2331 84 26 Saml.
964 2331 18 27 &
1000 2331 81 33 Häft.
1725 2334 16 26 2
