2171 2694
391 259 107 29 Första
522 257 196 29 Kammarens
744 255 166 37 Tillfälliga
938 253 123 30 Utskotts
1084 252 72 34 (N:o
1180 252 35 34 2)
1242 248 151 32 Utlåtande
1416 249 56 29 N:o
1498 249 51 29 12.
1748 248 16 27 5

175 354 91 32 mar,
303 339 117 36 denna
456 337 56 36 tid
548 336 104 37 torde
684 334 58 37 för
778 333 224 38 småskolans
1036 333 9 35 i
1083 331 201 37 allmänhet
1316 342 115 38 yngre
1463 329 92 36 barn
1589 328 90 36 böra
1706 327 60 35 be-

176 401 171 30 stämmas
375 393 61 36 till
466 395 19 34 5
516 392 160 43 timmar,
705 391 69 34 allt
801 388 85 36 med
918 390 46 35 10
993 387 177 36 minuters
1198 385 163 49 ledighet
1389 389 103 30 utom
1519 383 69 36 hus
1606 381 58 36 för
1683 394 84 23 ven-

175 450 145 35 tilation
353 446 40 37 af
423 447 149 35 lokalen
599 445 159 36 emellan
786 444 126 47 hvarje
941 443 137 43 timme,
1107 441 142 35 hvilket
1275 444 183 44 noggrant
1489 438 67 35 bör
1586 437 183 47 iakttagas

176 504 66 34 och
276 502 157 36 särdeles
466 500 63 36 vid
562 500 69 35 den
667 497 289 36 ambulatoriska
987 495 318 48 undervisningen,
1333 491 57 37 för
1418 492 149 35 hvilken
1597 491 172 47 vanligen

177 556 130 50 tränga
335 556 68 35 och
431 554 84 49 låga
542 555 139 34 läsrum
710 553 194 48 begagnas.

287 610 185 36 Utskottet
506 613 77 31 tror
615 607 78 45 ock,
720 605 57 37 för
806 606 53 36 sin
888 605 70 44 del,
987 608 53 31 att
1068 603 61 36 det
1156 615 86 24 vore
1270 601 86 36 vida
1383 600 219 48 lämpligare
1631 603 54 31 att
1712 598 59 35 be-

178 671 156 30 stämma
366 677 51 22 nu
445 661 278 50 ifrågavarande
752 660 242 36 lönetillskott
1021 658 12 35 i
1060 656 229 37 förhållande
1318 656 59 34 till
1405 655 140 35 antalet
1572 652 40 36 af
1638 653 133 35 arbets-

177 721 150 34 timmar
356 725 43 28 än
420 716 92 37 efter
531 715 182 37 månader.
757 713 44 38 Så
819 714 60 35 till
899 713 177 48 exempel,
1097 724 60 23 om
1177 711 206 48 aflöningen
1404 716 39 28 är
1464 710 75 36 300
1559 708 137 35 kronor
1715 705 57 36 för

184 775 110 44 1,200
323 773 151 35 timmar
502 770 149 49 årligen,
680 769 123 36 kunde
833 768 60 35 det
921 767 155 49 stadgas,
1105 771 55 30 att
1186 764 58 36 för
1277 766 71 36 150
1377 764 151 35 timmar
1556 774 77 24 mer
1653 761 120 36 skulle

181 829 69 35 den
279 828 87 35 ökas
394 826 84 36 med
512 824 41 51 '/,
587 825 90 36 eller
705 822 57 37 för
794 824 72 36 100
895 822 151 35 timmar
1074 833 78 23 mer
1181 819 84 36 med
1298 816 59 52 '/,,
1390 831 30 23 0.
1450 831 24 22 &
1503 830 33 23 Vv.

287 881 109 36 Hvad
425 880 76 36 åter
528 879 189 46 folkskolan
745 875 185 45 beträffar,
959 888 103 23 anser
1091 874 186 36 Utskottet
1304 871 213 49 förändring
1545 871 56 35 uti
1630 870 61 35 det
1709 882 65 22 nu-

182 936 160 37 varande
373 936 149 49 nyligen
552 932 226 37 förbättrade
806 931 286 48 aflöningssättet
1121 929 79 35 icke
1229 940 89 23 vara
1346 925 40 36 af
1412 923 173 39 behofvet
1613 923 37 37 så
1677 936 97 37 myc-

182 993 62 34 ket
271 989 189 50 påkallad;
489 1001 84 23 men
602 992 64 40 att,
695 1000 60 22 om
779 999 44 22 en
848 984 111 37 sådan
979 984 95 36 skall
1093 983 72 44 ske,
1185 980 108 38 äfven
1313 981 63 35 der
1396 978 246 50 ersättningen
1659 978 117 35 hellre

183 1046 68 35 bör
285 1044 89 49 utgå
408 1042 92 37 efter
534 1042 124 35 timtal
691 1048 46 28 än
772 1038 91 37 efter
891 1038 144 44 månad,
1063 1036 47 49 på
1138 1036 61 36 det
1227 1041 113 30 större
1368 1033 111 37 frihet
1506 1033 63 36 vid
1598 1031 178 37 öfverens-

183 1099 221 36 kommelser
431 1097 161 36 emellan
620 1095 231 49 skolstyrelse
880 1093 69 36 och
975 1093 119 35 lärare
1122 1090 60 36 må
1209 1088 205 37 förefinnas.

291 1151 218 37 Emellertid
543 1150 67 35 och
644 1149 83 35 med
762 1147 167 37 afseende
961 1145 101 37 derå:
1097 1149 50 31 alt
1182 1144 11 35 i
1222 1143 127 36 Andra
1382 1142 240 36 Kammarens
1657 1140 122 35 beslut

184 1207 197 45 folkskolan
421 1203 318 38 sammanbundits
771 1202 85 35 med
883 1201 219 43 småskolan;
1133 1203 49 31 alt
1209 1197 58 36 för
1295 1197 119 36 denna
1442 1197 62 35 sist
1532 1194 159 36 nämnda
1720 1193 58 49 på-

185 1262 119 34 kallas
342 1273 84 22 snar
458 1259 117 48 hjelp;
611 1262 95 31 samt
739 1261 49 31 aft
817 1255 127 35 Andra
979 1254 240 36 Kammarens
1254 1252 121 35 beslut
1408 1251 11 34 i
1448 1248 167 37 afseende
1643 1247 21 36 å
1692 1246 88 37 små-

187 1315 129 35 skolan
350 1313 225 48 väsentligen
610 1311 64 49 går
706 1312 11 34 i
752 1323 43 23 en
830 1309 162 49 rigtning
1026 1321 77 22 som
1131 1305 187 37 Utskottet
1346 1305 120 49 gillar,
1495 1304 67 35 och
1590 1302 112 49 något
1728 1314 53 23 re-

189 1369 114 36 sultat
330 1366 232 37 annorlunda
589 1366 79 35 icke
695 1365 64 36 vid
788 1364 117 36 denna
932 1362 148 48 riksdag
1108 1362 72 34 kan
1209 1360 136 44 vinnas,
1373 1359 67 35 har
1468 1357 196 44 Utskottet,
1690 1354 92 37 efter

189 1428 54 30 att
278 1422 128 37 dervid
440 1420 111 37 hafva
588 1418 186 37 framstält
807 1418 101 36 dessa
944 1417 74 35 sina
1056 1415 212 49 erinringar,
1305 1412 124 37 funnit
1464 1413 53 48 sig
1552 1412 85 35 böra
1677 1409 104 37 vörd-

190 1482 95 31 samt
312 1476 188 50 tillstyrka

1168 1576 69 50 3:0)

725 1671 126 36 Första.
885 1670 220 36 Kammaren
1141 1672 55 31 att
1227 1668 193 34 instämma
1456 1665 52 35 unti
1537 1663 248 37 Medkamma-

619 1740 81 23 rens
728 1725 111 37 ofvan
867 1724 144 37 stående
1039 1723 129 36 beslut.

301 1836 211 37 Stockholm
544 1835 69 36 den
647 1836 43 35 12
722 1833 71 49 Maj
828 1835 109 35 1877.

791 1940 45 32 På
863 1939 178 33 Utskottets
1065 1941 134 39 vägnar:

810 2039 43 37 N.
883 2039 96 37 Sv.
1008 2037 170 38 KOCH.

295 2363 65 31 Bih.
388 2363 44 30 till
456 2361 103 32 Rikså.
589 2360 76 31 Prot.
693 2360 92 32 1877.
834 2363 20 27 8
879 2358 91 33 Saml.
1004 2362 20 26 2
1049 2358 68 38 Afd.
1157 2361 14 25 1
1199 2355 95 32 Band.
1332 2358 17 26 9
1376 2356 86 37 Häft.
1731 2354 17 28 2
