1892 2858
511 160 320 33 Bankoutskottets
855 162 186 32 memorial
1064 161 53 33 Nr
1140 163 29 30 2.
1530 162 19 31 1

778 443 59 39 Nr
865 444 37 40 2.

558 604 113 24 Ankom
692 605 43 24 till
754 605 163 31 riksdagens
936 605 92 24 kansli
1047 605 54 24 den
1122 606 31 23 16
1168 606 116 30 januari
1304 606 64 24 1931
1390 605 37 25 kl.
1447 606 15 23 4
1481 613 22 17 e.
1523 613 37 17 m.

190 746 197 38 Memorial,
425 749 80 31 med
542 749 273 31 överlämnande
848 759 46 22 av
929 749 247 38 fullmäktiges
1209 751 13 30 i
1255 749 342 38 riksgäldskontoret

393 800 56 31 till
482 801 240 31 innevarande
754 801 144 37 riksdag
931 802 164 36 avgivna,
1131 801 56 32 till
1222 801 289 33 bankoutskottet
1537 812 59 22 av-

392 852 163 32 lämnade
578 851 195 34 berättelse.

130 1006 305 38 Bankoutskottet,
471 1018 74 21 som
578 1008 63 32 vid
675 1009 64 31 sitt
762 1008 110 32 första
895 1009 261 32 sammanträde
1179 1008 115 33 denna
1318 1008 69 38 dag
1410 1010 187 37 emottagit

87 1059 68 31 den
186 1069 46 22 av
262 1060 227 36 fullmäktige
512 1061 13 30 i
548 1060 353 37 riksgäldskontoret,
934 1061 145 37 jämlikt
1107 1058 18 38 $
1149 1061 39 32 56
1214 1072 46 20 av
1285 1061 58 32 det
1366 1061 55 32 för
1443 1062 155 32 nämnda

87 1111 87 32 verk
209 1111 165 37 gällande
409 1112 241 37 reglementet,
685 1112 59 32 till
778 1113 189 36 riksdagen
1001 1113 158 37 avgivna
1182 1113 213 32 berättelsen
1418 1114 179 36 angående

88 1158 357 42 riksgäldskontorets
475 1164 173 37 ställning
681 1165 63 31 och
767 1164 224 38 förvaltning
1024 1165 114 32 under
1167 1165 67 32 den
1258 1165 63 37 tid,
1345 1175 75 22 som
1443 1164 155 33 förflutit

88 1214 108 33 sedan
227 1214 245 39 fullmäktiges
504 1216 185 32 berättelse
723 1217 59 32 till
816 1215 85 34 1930
935 1218 59 30 års
1027 1217 145 37 riksdag
1202 1226 147 28 avgavs,
1373 1218 57 31 får
1452 1217 145 33 härmed

88 1267 116 37 enligt
227 1267 163 37 gällande
414 1268 221 32 instruktion
657 1269 59 32 till
740 1268 188 37 riksdagen
951 1269 205 32 överlämna
1180 1279 135 22 samma
1338 1270 195 32 berättelse.

132 1371 204 32 Stockholm
360 1371 66 33 den
450 1373 40 31 16
515 1373 144 36 januari
683 1374 95 31 1931.

565 1472 51 35 På
639 1476 308 32 bankoutskottets
970 1479 151 35 vägnar:

662 1570 36 33 C.
723 1572 39 31 E.
785 1567 245 37 SVENSSON.

127 1893 53 23 Vid
199 1890 177 27 förestående
394 1893 118 25 ärendes
530 1894 231 32 slutbehandling
779 1895 81 24 inom
879 1895 140 24 utskottet
1037 1895 71 24 hava
1127 1896 138 24 närvarit:

126 1941 61 27 från
216 1945 109 23 första
352 1945 205 24 kammaren:
577 1945 99 24 herrar
696 1946 27 24 C.
743 1946 31 24 E.
794 1947 146 27 Svensson,
961 1945 125 32 Lindley,
1103 1947 162 24 Johansson
1285 1948 8 23 i
1314 1943 164 33 Östersund,
1507 1948 92 24 Ström

90 1988 8 22 i
120 1987 165 32 Lidköping,
303 1988 161 24 Johansson
484 1989 8 22 i
513 1985 186 34 Friggeråker,
719 1989 157 24 Lindmark
893 1989 53 24 och
966 1990 170 30 Bengtsson;

126 2036 62 27 från
216 2040 106 24 ändra
350 2040 208 25 kammaren:
587 2041 99 24 herrar
717 2041 129 31 Winkler,
874 2042 150 30 Borggren,
1048 2043 137 24 Svensson
1205 2043 8 23 i
1235 2043 186 31 Betingetorp,
1444 2043 157 31 Wikström,

94 2082 97 31 Lovén,
211 2084 116 31 Ryberg,
347 2085 132 24 Carlsson
499 2085 7 23 i
528 2084 129 31 Solberga
675 2085 52 24 och
747 2085 134 31 Höglund
900 2086 8 23 i
929 2085 149 32 Göteborg.

94 2512 110 32 Bihang
224 2512 41 25 till
285 2511 166 34 riksdagens
472 2512 145 33 protokoll
640 2513 75 24 1931.
752 2516 16 23 8
787 2516 80 23 saml.
906 2516 16 24 2
942 2516 68 30 häft.
1047 2512 54 29 (Nr
1120 2517 38 29 2.)
1545 2518 11 24 1
