2246 2640
769 208 222 41 Lagulskottets
1020 208 166 33 Utlåtande
1209 208 65 33 N:o
1298 211 30 30 8.
1786 210 18 30 3

243 286 112 37 döma
395 285 65 37 det
497 285 88 37 med
617 285 100 49 gode
747 299 126 24 mans-
900 287 73 37 och
1002 287 379 49 sysslomansskapet
1407 287 184 37 förenade
1619 287 143 47 arbete,
1791 293 56 32 att

243 336 112 38 deraf
391 337 73 36 kan
505 337 150 36 hemtas
697 337 209 48 anledning
943 343 54 32 att
1033 343 79 31 mot
1136 339 304 47 borgenärernas
1468 338 66 37 vid
1562 339 283 37 sammanträde

242 387 144 37 fattade
416 387 126 37 beslut
569 387 178 38 nedsätta
776 388 65 37 det
867 388 101 49 gode
1002 394 165 32 männen
1191 389 71 37 och
1292 389 296 48 sysslomännen
1615 390 231 37 tillerkända

243 434 336 54 arfvodesbelopp,
621 438 84 37 dels
744 439 109 37 torde
891 452 46 23 en
976 440 205 48 borgenär,
1211 453 80 23 som
1321 453 114 24 anser
1463 440 174 37 arfvodet
1664 441 60 36 för
1751 440 96 49 högt

241 489 177 47 tilltaget,
447 488 78 38 ofta
552 489 204 49 föredraga
785 495 54 31 att
861 489 76 37 låta
961 491 120 36 saken
1110 490 114 37 hafva
1252 491 57 36 sin
1336 494 106 45 gång
1460 490 157 38 framför
1633 497 55 31 att
1702 496 143 33 utsätta

242 540 60 48 sig
342 539 58 37 för
427 539 65 37 det
519 540 222 49 personliga
765 540 162 49 obehag,
957 554 81 24 som
1068 541 41 37 af
1132 541 161 37 klander
1320 547 79 31 mot
1425 542 383 47 borgenärsbeslutet
1834 542 11 36 i

242 590 47 37 de
326 590 111 38 flesta
464 590 66 38 fall
558 591 142 37 honom
729 591 174 47 beredes,
932 592 186 37 särskildt
1145 605 61 24 om
1231 592 195 37 arfvodets
1455 593 146 37 storlek
1625 593 35 48 ej
1686 606 160 35 synner-

241 641 105 49 ligen
389 641 182 38 inverkar
610 645 50 46 på
698 642 186 50 beloppet
924 642 41 37 af
993 643 75 37 den
1096 643 141 37 honom
1265 644 12 36 i
1306 643 220 37 konkursen
1554 643 290 38 tillkommande

240 692 214 48 utdelning.
507 692 76 37 För
608 692 238 49 gäldenären
874 693 91 47 sjelf
988 699 42 32 är
1057 693 66 38 det
1150 694 11 37 i
1190 694 47 37 de
1257 694 111 37 flesta
1386 694 68 37 fall
1474 694 162 37 alldeles
1660 695 186 49 likgiltigt

240 763 50 5 —
317 743 69 37 der
412 743 76 37 han
517 744 34 48 ej
582 743 93 49 sjelf
697 749 42 31 är
760 744 79 48 god
867 757 88 24 man
979 745 94 37 eller
1093 745 216 49 syssloman
1329 745 71 37 och
1421 745 158 38 sålunda
1598 746 69 36 har
1680 746 164 37 intresse

240 794 42 37 af
304 794 97 48 högt
428 794 159 37 arfvode
614 814 51 5 —
691 795 57 36 till
771 795 148 37 hvilket
947 795 143 50 belopp
1119 795 175 38 arfvodet
1320 795 223 49 fastställes,
1563 796 48 38 då
1626 797 219 37 merendels

241 845 75 37 den
357 845 222 48 besparing,
608 858 82 24 som
718 846 76 36 kan
821 846 59 36 för
904 846 264 37 konkursboet
1191 847 233 49 uppkomma
1451 860 144 35 genom
1622 848 223 49 minskning

240 895 42 37 af
310 855 185 93 arfvodet,
534 896 86 37 icke
661 895 59 38 för
760 897 141 36 honom
942 897 149 37 medför
1119 911 124 23 annan
1271 898 71 37 och
1367 903 174 32 närmare
1570 898 121 38 fördel
1719 903 49 32 än
1796 912 48 24 en

239 946 154 37 relativt
428 946 199 50 obetydlig
667 947 222 49 minskning
929 948 40 36 af
1002 948 73 37 den
1113 948 124 47 skuld,
1266 962 81 23 som
1377 948 98 38 efter
1502 949 223 37 konkursen
1752 949 93 38 fort-

240 997 156 37 farande
425 997 176 37 kommer
628 1003 55 31 att
710 998 103 37 hvila
840 1001 20 33 å
887 998 153 38 honom.

372 1047 280 38 Erfarenheten
691 1049 141 37 vittnar
872 1049 84 47 ock,
986 1055 55 32 att
1069 1050 253 49 borgenärers
1350 1050 129 37 beslut
1506 1051 12 36 i
1546 1051 108 49 fråga
1682 1064 61 23 om
1773 1051 72 37 arf-

240 1099 97 37 vode
368 1102 37 34 åt
426 1099 101 48 gode
555 1104 87 32 män
671 1100 73 37 och
773 1100 215 49 sysslomän
1017 1101 149 48 ganska
1194 1101 119 37 sällan
1342 1100 258 50 öfverklagas,
1628 1102 11 36 i
1659 1102 73 36 alla
1752 1102 93 36 hän-

239 1149 129 38 delser
394 1150 108 48 långt
529 1150 149 37 mindre
708 1151 90 47 ofta,
827 1156 47 32 än
902 1151 209 38 arfvodena
1140 1155 37 34 åt
1204 1152 114 37 dessa
1345 1152 284 38 konkursboets
1657 1153 187 37 handhaf-

239 1214 91 24 vare
359 1201 232 37 bestämmas
619 1201 57 36 till
700 1201 168 48 oskäligt
895 1202 102 48 höga
1024 1202 154 50 belopp.

373 1251 73 37 Vid
475 1251 136 37 sådant
637 1251 239 38 förhållande
905 1257 40 32 är
972 1253 192 37 utskottet
1191 1266 92 25 ense
1312 1254 88 37 med
1428 1254 237 37 motionären
1694 1255 11 35 i
1734 1254 110 49 fråga

239 1315 60 24 om
343 1302 311 37 önskvärdheten
695 1303 41 36 af
758 1303 456 48 lagstiftningsåtgärder,
1242 1305 149 48 egnade
1420 1310 55 31 att
1501 1305 91 36 råda
1619 1305 68 37 bot
1714 1305 58 36 för
1795 1305 47 37 de

239 1352 157 49 angifna
423 1353 404 46 missförhållandena;
856 1353 134 48 frågan
1011 1359 41 31 är
1072 1355 175 47 allenast,
1267 1355 129 37 hvilka
1417 1356 179 48 åtgärder
1615 1369 81 23 som
1716 1356 127 37 härut-

237 1403 117 37 innan
382 1404 130 36 kunna
540 1416 114 24 anses
682 1403 58 38 för
768 1404 217 37 ändamålet
1012 1405 194 50 lämpliga.

372 1454 240 37 Motionären
640 1454 68 38 har
734 1455 12 36 i
774 1455 106 37 detta
907 1455 185 38 afseende
1121 1456 135 50 antydt
1282 1463 154 42 tvenne,
1455 1456 215 37 hvarandra
1689 1457 155 49 supple-

238 1504 116 38 rande
383 1510 75 32 sätt
486 1505 59 37 för
572 1506 157 48 frågans
757 1506 166 48 lösning.

372 1556 75 37 Det
482 1569 73 24 ena
583 1556 123 37 skulle
736 1570 90 24 vara
854 1563 53 30 att
936 1557 208 37 inskränka
1171 1558 72 36 den
1271 1572 49 23 nu
1349 1558 196 48 medgifna
1573 1558 268 49 obegränsade

238 1611 126 32 rätten
404 1613 55 30 att
481 1610 49 47 på
557 1607 125 49 grund
709 1608 41 37 af
773 1607 175 37 fullmakt
975 1607 157 50 deltaga
1158 1609 12 36 i
1198 1609 61 37 val
1287 1609 41 36 af
1351 1609 101 48 gode
1482 1614 87 32 män
1598 1610 73 36 och
1699 1610 143 48 sysslo-

238 1662 102 40 män;
370 1656 65 38 det
463 1658 119 37 andra
608 1670 91 24 vore
728 1663 55 32 att
809 1658 177 48 förbjuda
1013 1659 103 48 gode
1145 1664 87 31 män
1260 1660 72 36 och
1361 1660 219 48 sysslomän
1608 1665 55 31 att
1689 1660 64 36 vid
1777 1660 65 37 be-

239 1708 236 37 stämmande
516 1708 41 36 af
593 1708 155 37 arfvode
790 1708 57 37 för
876 1709 113 36 dessa
1016 1709 260 48 befattningar
1301 1710 131 36 utöfva
1459 1715 157 31 rösträtt
1642 1714 49 45 på
1717 1711 126 47 grund

238 1758 42 37 af
303 1758 185 37 fullmakt.

372 1808 280 37 Förstnämnda
680 1814 118 43 utväg
825 1810 73 36 kan
928 1810 191 36 utskottet
1146 1810 215 36 emellertid
1382 1810 84 37 icke
1486 1810 163 37 förorda.
1696 1810 144 49 Hvarje

239 1859 106 49 dylik
385 1859 293 49 inskränkning,
717 1859 112 37 äfven
871 1873 61 23 om
974 1860 222 37 densamma
1231 1861 32 49 ej
1288 1864 69 45 går
1384 1864 42 33 så
1453 1861 109 48 långt
1589 1874 81 24 som
1699 1861 75 36 den
1803 1863 42 35 af

239 1910 238 37 motionären
519 1910 202 37 förordade
754 1930 49 4 —
831 1916 55 31 att
926 1910 180 49 förbjuda
1148 1911 229 49 deltagande
1417 1912 11 36 i
1467 1912 101 47 gode
1611 1925 125 24 mans-
1769 1913 72 36 och

239 1961 301 48 sysslomansval
580 1960 58 37 för
678 1961 93 36 flera
812 1966 47 31 än
899 1974 47 23 en
989 1961 177 37 fullmakt
1192 1981 48 4 —
1269 1962 122 36 skulle
1421 1963 194 48 nemligen
1643 1963 198 37 förorsaka

238 2011 218 49 väsentliga
496 2011 254 48 olägenheter
790 2011 58 37 för
888 2012 205 36 utländska
1126 2013 70 36 och
1225 2013 161 47 aflägset
1413 2014 152 35 boende
1596 2013 242 48 borgenärer.

239 2062 122 36 Dessa
400 2062 122 36 skulle
564 2061 226 47 derigenom
831 2062 163 36 beredas
1036 2068 103 31 stora
1181 2063 238 48 svårigheter
1452 2068 56 31 att
1535 2064 102 35 finna
1666 2064 176 48 lämpligt

239 2112 71 36 och
338 2112 180 47 behörigt
546 2111 141 37 ombud
717 2112 60 36 för
804 2111 225 37 bevakande
1060 2112 41 36 af
1124 2113 110 36 deras
1262 2113 190 36 intressen
1481 2114 10 34 i
1512 2114 230 45 konkursen,
1763 2119 78 31 sär-

239 2162 118 37 skildt
383 2162 63 36 vid
475 2162 216 35 konkurser
720 2165 20 33 å
767 2162 130 36 landet
924 2161 94 37 eller
1045 2162 11 35 i
1084 2163 147 36 mindre
1261 2163 220 36 samhällen.

372 2213 66 35 Att
479 2215 81 33 åter
597 2211 178 49 förbjuda
802 2212 100 48 gode
931 2217 87 31 män
1047 2213 72 36 och
1148 2213 213 49 sysslomän
1391 2219 55 30 att
1475 2214 137 48 sjelfva
1639 2218 48 45 på
1715 2215 126 47 grund

239 2263 41 37 af
310 2263 176 37 fullmakt
525 2261 131 38 utöfva
683 2267 157 32 rösträtt
867 2262 63 36 vid
959 2263 288 38 bestämmande
1272 2264 41 37 af
1336 2264 291 48 ifrågavarande
1656 2264 184 38 arfvoden
