1832 2792
464 173 390 32 Jordbruksutskottets
875 174 180 30 utlåtande
1077 183 44 22 nr
1141 175 28 30 1.
1536 172 40 33 91

114 258 185 30 Utskottet.
323 257 121 32 Såsom
463 257 388 41 departementschefen
871 257 118 31 anfört
1008 258 100 30 torde
1128 258 52 30 till
1201 257 91 40 följd
1311 266 44 22 av
1375 256 198 32 kursdubb-

67 308 154 40 leringar
244 307 95 31 vissa
362 307 448 41 personalförstärkningar
833 316 85 22 vara
943 307 223 40 nödvändiga
1188 307 58 31 vid
1270 308 194 39 högskolan
1487 308 91 30 även

68 359 114 30 under
204 359 102 30 nästa
328 358 180 40 budgetår.
531 359 50 30 På
606 359 112 39 grund
742 368 44 21 av
807 359 67 30 vad
897 367 76 22 som
996 359 161 40 upplysts
1180 359 11 29 i
1214 358 145 31 ärendet
1383 358 117 31 finner
1522 359 56 29 ut-

68 410 132 30 skottet
216 409 204 35 emellertid,
438 411 51 28 att
505 410 69 30 den
590 418 43 22 av
652 409 126 40 Kungl.
796 409 107 40 Maj:t
919 409 12 29 i
948 409 154 40 enlighet
1118 410 80 29 med
1216 408 361 41 högskolestyrelsens

68 460 134 41 förslag
226 460 188 31 förordade
438 460 287 40 förstärkningen
753 469 43 22 av
821 459 481 41 undervisningspersonalen
1329 460 13 29 i
1366 461 118 29 ämnet
1508 459 70 31 vir-

68 511 142 31 keslära
233 511 77 30 icke
335 511 99 30 torde
459 520 85 22 vara
570 512 113 39 ägnad
711 512 51 29 att
788 511 11 29 i
826 510 188 41 tillräcklig
1041 511 85 40 grad
1154 510 182 40 tillgodose
1362 510 145 31 behovet
1533 519 45 23 av

69 562 253 40 undervisning
342 561 12 30 i
376 562 93 30 detta
493 563 114 29 ämne.
629 562 177 30 Utskottet
828 571 103 21 anser
953 561 51 40 sig
1026 562 123 30 därför
1170 561 84 32 böra
1275 561 153 35 förorda,
1452 562 52 30 att
1524 562 54 39 yt-

69 612 162 40 terligare
256 612 114 30 medel
393 612 139 31 anvisas
557 613 56 31 för
638 612 209 31 ändamålet.
872 612 117 40 Enligt
1015 613 190 29 utskottets
1229 611 144 41 mening
1396 612 98 31 torde
1518 612 60 30 det

68 663 126 31 härvid
215 664 37 30 få
274 673 104 21 anses
400 673 83 21 vara
504 663 53 30 till
581 663 127 40 fyllest,
732 665 51 28 att
805 663 113 30 medel
941 663 174 30 beräknas
1139 663 55 30 för
1216 663 220 30 anställande
1459 663 113 29 under

69 714 60 31 nio
148 713 167 31 månader
335 722 43 22 av
396 723 42 20 en
459 715 110 30 förste
588 713 176 35 assistent,
784 713 118 30 vilken
922 712 189 41 lämpligen
1131 713 62 30 bör
1212 713 158 40 placeras
1391 712 11 30 i
1422 712 41 31 24
1483 713 96 30 löne-

70 764 152 31 klassen.
250 764 66 30 Vid
344 764 126 30 sådant
499 764 221 31 förhållande
749 773 106 31 synas
884 764 157 30 däremot
1068 764 114 30 medel
1211 763 77 31 icke
1316 763 176 31 erfordras
1521 763 57 30 för

69 815 194 30 avlönande
283 824 44 22 av
346 815 68 30 den
433 815 12 29 i
466 815 127 39 Kungl.
615 814 124 40 Maj:ts
759 814 264 40 framställning
1043 814 153 31 avsedda
1215 813 177 41 tillfälliga
1412 813 167 31 assisten-

69 867 61 29 ten
150 865 12 30 i
183 865 204 31 virkeslära.
410 866 77 30 Med
509 866 140 39 hänsyn
670 865 53 30 till
745 866 67 30 vad
837 865 149 30 sålunda
1009 865 137 30 anförts
1171 865 99 30 torde
1294 863 285 32 icke-ordinarie-

69 918 125 38 posten
214 916 11 30 i
246 916 213 40 högskolans
481 916 255 39 avlöningsstat
759 916 85 30 böra
865 916 205 40 uppräknas
1091 916 80 30 med
1199 915 36 34 (8
1249 915 128 31 600—1
1393 915 62 31 275
1478 917 59 35 =)
1565 914 14 31 i

69 969 85 28 runt
172 968 49 29 tal
241 967 17 31 7
273 967 65 31 300
357 967 131 30 kronor
508 968 124 30 utöver
650 967 66 30 vad
736 976 77 21 som
833 966 150 40 angivits
1003 965 12 31 i
1034 966 127 40 Kungl.
1182 965 125 40 Maj:ts
1328 966 141 39 förslag.

115 1018 54 31 Då
195 1018 126 39 Kungl.
348 1017 124 40 Maj:ts
498 1017 264 40 framställning
786 1017 12 29 i
827 1016 112 40 övrigt
964 1016 77 31 icke
1069 1016 199 32 föranleder
1295 1016 115 41 någon
1435 1016 143 30 erinran

71 1068 81 31 från
177 1069 190 30 utskottets
392 1068 85 35 sida,
502 1068 204 30 hemställer
729 1068 182 35 utskottet,

425 1120 50 29 att
495 1119 188 39 riksdagen
702 1119 68 34 må,
792 1118 11 29 i
825 1117 189 42 anledning
1034 1127 44 22 av
1096 1117 126 40 Kungl.
1242 1117 126 40 Maj:ts
1387 1116 191 32 framställ-

381 1169 93 40 ning,

425 1220 36 35 a)
484 1220 210 40 bemyndiga
714 1219 126 40 Kungl.
861 1219 106 40 Maj:t
986 1220 51 30 att
1055 1218 140 41 vidtaga
1214 1219 68 30 den
1302 1218 148 40 ändring
1468 1218 13 30 i
1501 1227 78 32 per-

382 1271 368 39 sonalförteckningen
773 1270 57 31 för
853 1269 312 41 skogshögskolan,
1189 1278 76 22 som
1289 1268 149 41 angivits
1463 1268 12 31 i
1499 1278 80 32 pro-

382 1321 212 41 positionen;

425 1373 38 35 b)
497 1372 177 31 fastställa
703 1371 159 40 följande
892 1371 256 39 avlöningsstat
1177 1370 55 31 för
1261 1370 313 40 skogshögskolan,

382 1425 51 29 att
453 1422 179 40 tillämpas
652 1422 72 30 tills
746 1421 120 30 vidare
887 1421 80 30 från
989 1421 65 30 och
1077 1421 79 30 med
1178 1421 205 40 budgetåret
1407 1421 166 35 1951/52:

842 1521 275 39 Avlöningsstat.

385 1590 27 30 1.
438 1589 215 40 Avlöningar
673 1590 53 30 till
747 1588 176 31 ordinarie
944 1588 227 40 tjänstemän,
1193 1588 205 40 förslagsvis
1425 1588 61 30 168
1500 1588 64 30 600

383 1641 29 30 2.
438 1640 161 31 Arvoden
632 1640 65 30 och
729 1639 176 31 särskilda
938 1638 246 40 ersättningar,
1217 1639 182 30 bestämda

481 1700 43 21 av
547 1689 127 40 Kungl.
699 1689 116 40 Maj:t,
839 1689 206 40 förslagsvis
1070 1712 323 7 ...............
1445 1689 41 30 69
1500 1688 65 31 200

383 1740 29 31 3.
437 1740 214 40 Avlöningar
676 1739 53 30 till
753 1739 97 40 övrig
874 1738 270 31 icke-ordinarie
1171 1738 163 41 personal
1367 1761 29 7 ..
1427 1738 61 31 215
1503 1738 65 31 600

383 1792 29 29 4,
438 1791 133 40 Rörligt
603 1791 129 39 tillägg,
764 1790 206 40 förslagsvis
1008 1813 385 7 .........s..sse->
1444 1789 42 31 42
1502 1789 62 31 100

1095 1842 146 53 Summa
1265 1865 131 30 kronor
1419 1863 63 32 495
1496 1864 81 36 500;

428 1967 34 34 c)
491 1966 54 31 till
569 1965 325 40 Skogshögskolan:
921 1963 215 41 Avlöningar
1160 1964 55 31 för
1238 1964 205 40 budgetåret
1470 1964 107 36 1951/

383 2016 41 30 52
442 2016 121 31 anvisa
583 2017 49 29 ett
650 2015 276 40 förslagsanslag
943 2024 43 22 av
1005 2014 64 31 495
1084 2014 64 31 500
1166 2014 141 30 kronor.

119 2168 115 35 142:0)
264 2167 320 37 Skogshögskolan:
614 2166 265 30 Omkostnader.
908 2165 115 31 Under
1050 2165 156 38 punkten
1234 2165 58 30 165
1325 2164 44 35 (s.
1396 2163 181 36 259—262)

72 2220 66 29 har
154 2218 125 40 Kungl.
298 2218 106 39 Maj:t
420 2217 180 39 föreslagit
617 2217 187 39 riksdagen
823 2218 51 28 att
891 2215 121 32 anvisa
1028 2217 50 29 ett
1093 2215 275 39 förslagsanslag
1384 2224 41 21 av
1440 2214 60 31 185
1515 2214 65 30 900

73 2271 142 33 kronor,
239 2268 109 31 vilket
373 2268 123 40 belopp
521 2268 80 29 med
627 2267 18 30 5
661 2267 62 31 000
749 2268 132 28 kronor
908 2266 190 39 överstiger
1123 2265 246 30 motsvarande
1394 2264 188 39 anvisning

72 2320 57 31 för
152 2318 237 31 innevarande
414 2317 179 40 budgetår.
619 2316 245 39 Beräkningen
889 2315 146 31 innebär
1061 2317 52 28 att
1140 2317 165 38 posterna
1330 2314 53 30 till
1408 2314 172 40 sjukvård

74 2380 47 21 m.
147 2379 56 26 m,,
227 2368 54 31 till
305 2367 314 40 reseersättningar
644 2367 53 29 till
725 2367 112 29 lärare
863 2366 66 30 och
953 2365 206 31 assistenter
1186 2367 92 28 samt
1303 2364 53 31 till
1381 2364 117 40 övriga
1524 2373 58 22 ex-

73 2429 127 32 penser
223 2420 102 30 ökats
349 2418 79 30 med
451 2417 235 39 sammanlagt
712 2417 38 30 15
765 2417 64 30 500
853 2417 140 29 kronor.
1017 2416 188 29 Dessutom
1228 2416 66 29 har
1317 2414 53 31 till
1395 2414 187 31 underhåll

74 2480 44 21 av
142 2469 319 41 skogshögskolans
484 2468 200 40 byggnader
708 2467 10 29 i
743 2466 195 40 Malingsbo
961 2466 65 31 och
1050 2466 164 40 Bjurfors
1237 2465 189 30 beräknats
1450 2466 49 30 ett
1524 2465 58 31 be-
