1816 2792
255 173 18 29 2
644 174 390 30 Jordbruksutskottets
1060 175 180 29 utlålande
1264 185 44 20 nr
1332 176 28 30 1.

260 257 232 38 partementet
517 267 42 20 av
582 257 92 30 vissa
699 258 295 40 arbetsuppgifter
1021 268 73 21 som
1120 259 124 30 dittills
1270 260 185 39 handlagts
1480 260 96 30 inom
1602 261 159 30 folkhus-

257 307 454 40 hållningsdepartementet
741 310 90 27 samt
859 308 157 39 Sveriges
1044 309 110 29 ökade
1183 310 206 38 deltagande
1417 310 11 29 i
1458 311 68 29 den
1553 310 204 30 internatio-

260 357 90 30 nella
375 358 267 31 verksamheten
668 359 46 39 på
740 358 226 40 jordbrukets
994 359 150 35 område,
1172 369 82 20 vore
1281 360 167 31 önskvärt
1478 363 50 28 att
1554 361 207 40 jordbruks-

260 407 275 39 departementet
561 409 111 29 skulle
696 408 194 31 förstärkas
914 410 79 29 med
1017 419 42 20 en
1082 410 229 30 kvalificerad
1335 411 214 30 arbetskraft
1574 411 53 31 för
1651 412 111 30 hand-

259 457 183 40 läggandet
459 468 43 20 av
517 459 104 30 bland
637 461 109 27 annat
763 468 43 20 en
823 460 52 29 del
893 469 42 20 av
951 460 102 30 dessa
1070 460 188 40 uppgifter.
1276 461 66 30 För
1359 462 94 29 detta
1473 462 163 30 ändamål
1654 462 106 30 borde

257 507 53 30 till
327 510 275 38 departementet
618 510 128 38 knytas
767 519 42 20 en
825 509 355 40 befattningshavare,
1201 510 118 30 vilken
1336 512 43 32 då
1395 511 175 31 innehade
1588 522 42 20 en
1647 512 113 40 tjänst

261 568 74 21 som
359 559 168 39 byråchef
551 560 12 29 i
587 559 600 41 folkhushållningsdepartementet
1213 562 65 29 och
1302 561 114 30 tillika
1440 571 81 21 vore
1547 564 96 28 extra
1669 562 91 30 ordi-

259 609 95 30 narie
373 609 110 30 förste
503 610 342 30 kanslisekreterare.
865 611 113 30 Innan
998 611 130 30 visshet
1149 611 163 40 förelåge,
1333 614 50 28 att
1402 612 147 31 behovet
1568 622 42 21 av
1629 613 132 30 arbets-

259 659 95 31 kraft
379 660 54 30 för
460 661 155 29 nämnda
640 660 178 40 uppgifter
843 662 140 29 komme
1013 663 49 28 att
1088 661 47 30 bli
1164 662 278 39 stadigvarande,
1470 663 109 39 ansåg
1603 663 60 40 jag
1689 663 71 40 mig

258 709 88 31 dock
367 710 76 30 icke
466 710 86 40 vilja
575 710 127 30 föreslå
726 712 51 29 att
801 721 41 19 en
865 721 46 30 ny
933 711 301 40 byråchefstjänst
1256 712 11 29 i
1289 713 471 40 jordbruksdepartementet

258 760 111 30 skulle
392 761 161 29 inrättas.
576 761 63 39 Jag
662 761 186 30 förordade
869 761 12 29 i
904 762 116 30 stället
1043 764 50 28 att
1114 762 268 40 ifrågavarande
1404 763 218 40 tjänsteman
1646 764 113 30 skulle

259 810 131 31 erhålla
409 813 49 29 ett
478 811 126 30 arvode
622 812 246 30 motsvarande
887 812 105 30 lönen
1011 813 11 29 i
1046 813 38 29 10
1104 813 222 30 löneklassen
1346 814 20 29 å
1385 814 165 40 löneplan
1571 814 29 34 2,
1621 815 65 29 och
1706 816 52 29 att

257 861 156 40 anslaget
429 862 57 30 för
502 862 95 30 detta
612 862 165 30 ändamål
795 862 109 30 skulle
921 863 204 40 uppräknas
1142 864 80 29 med
1240 864 219 39 erforderligt
1476 864 135 41 belopp.
1630 864 127 31 Vidare

255 912 104 30 borde
380 913 67 29 den
468 912 109 30 förste
594 912 456 40 kanslisekreteraretjänst,
1070 923 72 20 som
1154 913 268 39 ifrågavarande
1435 914 215 39 tjänsteman
1663 914 97 30 inne-

257 962 100 35 hade,
375 962 209 40 överflyttas
601 962 51 30 till
671 963 479 40 jordbruksdepartementet.
1170 964 117 39 Några
1307 965 374 40 avlöningskostnader
1701 966 57 30 för

259 1012 220 32 sistnämnda
496 1013 111 40 tjänst
624 1013 155 31 behövde
795 1014 89 30 dock
901 1014 77 30 icke
996 1014 183 31 beräknas.
1198 1015 76 30 Vad
1294 1015 146 31 sålunda
1459 1015 199 40 föreslagits
1677 1016 81 39 god-

258 1063 132 30 kändes
410 1073 44 21 av
472 1063 197 40 riksdagen.

302 1113 76 30 Med
400 1114 140 39 hänsyn
564 1114 51 30 till
639 1114 285 31 erfarenheterna
948 1115 111 30 under
1082 1116 56 29 det
1162 1117 139 28 senaste
1327 1115 73 30 året
1422 1117 100 29 torde
1548 1116 146 30 behovet
1718 1125 43 22 av

257 1171 42 21 en
322 1163 227 32 kvalificerad
573 1164 214 31 arbetskraft
809 1165 54 30 för
884 1174 48 21 nu
955 1165 268 39 ifrågavarande
1247 1165 176 41 uppgifter
1447 1166 37 30 få
1506 1175 101 21 anses
1631 1166 129 40 stadig-

256 1214 161 30 varande.
438 1214 67 31 Det
526 1224 101 30 synes
648 1215 122 30 därför
792 1215 157 40 lämpligt
970 1216 51 30 att
1041 1225 43 20 en
1103 1216 300 39 byråchefstjänst
1428 1216 55 31 för
1505 1217 180 30 desamma
1707 1217 52 29 in-

255 1265 110 29 rättas
387 1265 12 29 i
422 1265 286 40 departementet.
732 1266 103 30 Detta
857 1266 138 30 medför
1019 1266 101 39 ingen
1144 1266 306 39 kostnadsökning
1475 1267 44 30 då
1543 1267 66 31 den
1632 1267 128 30 befatt-

255 1314 243 39 ningshavare,
523 1325 74 20 som
620 1325 48 21 nu
694 1316 214 39 handlägger
932 1317 90 34 dem,
1048 1316 108 30 redan
1181 1316 156 40 åtnjuter
1361 1317 127 30 arvode
1512 1317 246 31 motsvarande

255 1365 257 38 byråchefslön.
532 1366 26 30 Å
576 1367 109 30 andra
705 1366 101 30 sidan
825 1367 96 29 torde
941 1376 83 21 man
1045 1368 78 29 med
1142 1367 140 39 hänsyn
1300 1367 51 30 till
1372 1368 67 30 den
1458 1368 159 39 nedgång
1637 1377 43 21 av
1699 1377 60 21 an-

256 1416 84 30 talet
365 1416 150 40 löpande
543 1417 161 34 ärenden,
732 1426 77 21 som
833 1417 124 31 inträtt
985 1417 53 30 till
1064 1417 89 40 följd
1182 1427 43 21 av
1252 1418 41 30 de
1322 1417 166 40 vidtagna
1515 1418 244 30 decentralise-

255 1466 317 40 ringsåtgärderna,
602 1467 123 30 kunna
750 1467 138 31 minska
915 1468 132 29 antalet
1074 1467 175 31 ordinarie
1278 1468 107 30 förste
1412 1468 345 30 kanslisekreterare.

256 1516 53 30 En
333 1517 108 30 sådan
464 1517 113 39 tjänst
599 1518 99 29 torde
724 1518 119 30 därför
866 1518 84 30 böra
976 1518 94 30 föras
1094 1518 45 40 på
1162 1518 273 40 övergångsstat.
1461 1519 127 30 Vidare
1612 1519 85 30 böra
1724 1518 31 40 ej

254 1569 108 29 heller
382 1568 55 31 för
457 1570 103 29 nästa
579 1568 170 40 budgetår
770 1568 105 40 några
896 1569 376 40 avlöningskostnader
1292 1570 172 30 beräknas
1486 1570 56 30 för
1562 1570 67 30 den
1650 1570 110 30 förste

256 1618 447 39 kanslisekreteraretjänst
729 1618 12 29 i
769 1618 42 30 Ce
838 1619 51 33 29,
916 1628 77 20 som
1019 1619 239 39 nyssnämnde
1288 1620 315 30 arvodesavlönade
1632 1620 127 30 befatt-

254 1668 232 39 ningshavare
506 1668 156 30 innehar.
685 1668 125 30 Såvida
830 1668 29 40 ej
882 1668 344 41 arbetsuppgifterna
1247 1669 89 40 ånyo
1356 1669 113 30 skulle
1489 1670 67 30 öka
1578 1678 102 21 anser
1699 1670 61 39 jag

254 1719 185 39 nämligen,
460 1720 52 28 att
532 1719 221 29 sistnämnda
772 1719 109 40 tjänst
903 1719 31 40 ej
957 1719 149 30 behöver
1127 1719 185 30 besättas.»

300 1785 184 30 Utskottet.
507 1785 175 30 Utskottet
703 1785 154 30 biträder
879 1786 127 39 Kungl.
1029 1786 122 39 Maj:ts
1173 1786 263 39 framställning
1457 1787 66 29 och
1545 1787 213 33 hemställer,

607 1837 50 28 att
679 1836 188 39 riksdagen
888 1836 59 30 må

608 1887 35 35 a)
676 1886 209 40 bemyndiga
913 1886 127 40 Kungl.
1070 1887 106 39 Maj:t
1205 1888 52 28 att
1284 1887 12 29 i
1325 1887 433 40 personalförteckningen

564 1936 54 30 för
655 1936 470 41 jordbruksdepartementet
1166 1937 152 40 uppföra
1357 1937 201 40 ytterligare
1587 1947 42 20 en
1657 1938 101 39 byrå-

564 1987 212 39 chefstjänst
800 1987 11 29 i
836 1988 165 38 lönegrad
1026 1987 42 30 Cr
1094 1988 39 30 10
1161 1989 93 28 samt
1278 1988 77 31 föra
1380 1988 20 30 å
1426 1988 263 39 övergångsstat
1714 1997 43 20 en

563 2037 110 39 tjänst
696 2037 118 30 såsom
835 2038 108 30 förste
965 2038 334 30 kanslisekreterare
1320 2037 12 29 i
1353 2038 165 39 lönegrad
1541 2038 45 30 Ca
1609 2038 57 35 29;

605 2088 38 34 b)
674 2088 176 31 fastställa
872 2088 158 40 följande
1053 2089 253 39 avlöningsstat
1330 2089 53 30 för
1405 2089 352 40 jordbruksdeparte-

564 2140 140 33 mentet,
731 2140 51 28 att
808 2138 176 40 tillämpas
1010 2138 70 31 tills
1106 2138 119 31 vidare
1251 2139 80 30 från
1356 2139 64 30 och
1446 2140 80 29 med
1551 2139 206 40 budgetåret

566 2189 164 35 1951/52:

1019 2239 273 39 Avlöningsstat.

564 2298 28 29 1.
617 2297 174 41 Avlöning
817 2297 52 30 till
898 2298 388 40 departementschefen
1321 2322 250 7 ............
1624 2299 41 30 27
1680 2299 64 30 600

562 2348 29 29 2.
616 2348 214 39 Avlöningar
850 2348 52 30 till
926 2348 175 30 ordinarie
1122 2348 227 39 tjänstemän,
1372 2348 205 40 förslagsvis
1602 2349 62 30 3138
1680 2349 63 30 800

562 2398 29 29 3.
616 2398 214 39 Avlöningar
853 2398 52 30 till
927 2398 268 31 icke-ordinarie
1217 2399 162 40 personal
1408 2423 163 7 ........
1604 2399 60 30 115
1680 2399 63 30 000

563 2449 29 29 4.
617 2449 135 39 Rörligt
783 2449 128 40 tillägg,
943 2449 204 39 förslagsvis
1188 2473 383 7 osssssocsssercsera
1624 2450 41 30 50
1679 2449 64 30 600

1274 2525 142 30 Summa
1439 2525 131 30 kronor
1594 2525 62 31 507
1672 2525 79 35 000;
