1826 2790
252 175 38 29 62
656 178 387 31 Jordbruksutskottets
1067 181 177 30 utlautande
1266 192 43 19 nr
1334 184 27 28 1.

301 258 183 31 Utskottet.
508 260 53 30 Då
583 261 124 39 Kungl.
733 262 124 39 Maj:ts
881 263 261 41 framställning
1164 265 74 31 icke
1260 266 198 30 föranleder
1481 269 115 38 någon
1620 270 140 30 crinran

255 309 81 30 från
359 310 187 29 utskottets
571 311 85 33 sida,
678 312 202 31 hemställer
903 315 180 34 utskottet,

610 364 50 27 att
678 363 187 39 riksdagen
885 365 56 29 må

608 414 37 34 a)
672 413 175 31 fastställa
869 415 157 39 följande
1048 417 253 39 avlöningsstat
1323 418 55 30 för
1401 421 131 28 statens
1555 413 201 38 lantbruks-

563 463 160 30 kemiska
746 464 296 36 kontrollanstalt,
1069 468 51 28 att
1143 467 177 40 tillämpas
1343 468 72 31 tills
1439 470 118 30 vidare
1585 471 80 30 från
1688 473 65 28 och

562 514 80 29 med
670 514 205 39 budgetåret
907 516 164 35 1951/52:

1030 584 273 41 Avlöningsstat.

565 641 27 27 1.
619 640 212 39 Avlöningar
853 642 53 28 till
927 642 176 30 ordinarie
1124 643 225 39 tjänstemän,
1371 645 205 40 förslagsvis
1624 648 38 29 61
1678 648 63 30 900

562 690 29 29 2.
618 691 143 34 Arvode,
785 691 151 30 bestämt
956 702 43 20 av
1019 693 126 39 Kungl.
1167 694 105 39 Maj:t
1473 722 47 4 a
1647 699 93 29 1300

561 741 30 29 3.
617 741 212 40 Avlöningar
852 742 53 30 till
927 743 265 31 icke-ordinarie
1215 747 171 35 personal,
1409 746 166 40 förslags-

667 792 49 29 vis
810 818 24 4 a
942 819 69 4 a
1185 818 27 6 .s
1317 819 29 6 -
1539 823 3 4 +
1601 798 57 30 107
1679 799 61 30 900

561 841 30 30 4.
618 842 130 40 Rörligt
770 843 130 39 tillägg,
922 844 204 40 förslagsvis
1157 869 407 9 sssssooesessrr
1484 837 36 51 sr
1529 837 39 51 ra
1625 849 38 29 17
1679 850 62 29 000

1267 929 144 31 Summa
1435 931 131 31 kronor
1594 933 61 29 188
1669 934 78 34 600;

604 986 37 34 b)
678 987 52 30 till
760 989 141 31 Statens
934 991 345 34 lantbrukskemiska
1313 997 302 32 kontrollanstalt:
1650 1001 100 29 Av!ö-

559 1037 125 39 ningar
706 1038 55 30 för
784 1039 205 40 budgetåret
1015 1043 151 36 1951/52
1190 1046 121 30 anvisa
1335 1049 48 28 ett
1409 1045 275 45 förslagsanslag
1707 1060 42 20 av

560 1087 62 30 188
636 1088 62 30 600
722 1089 141 31 kronor.

292 1168 98 35 89:0)
425 1170 135 31 Statens
594 1173 339 33 lantbrukskemiska
966 1178 295 32 kontrollanstalt:
1298 1182 264 31 Omkostnader.
1626 1181 122 46 Kungl.

244 1218 125 37 Maj:ts
387 1220 262 41 framställning
666 1224 110 29 under
793 1226 160 38 punkten
973 1227 41 30 99
1040 1228 42 33 (s.
1105 1229 187 37 178—179)
1316 1231 193 32 innefattar
1530 1243 44 20 en
1594 1235 153 39 anslags-

246 1268 187 41 anvisning
453 1280 43 20 av
521 1272 61 29 125
598 1272 63 30 000
683 1274 130 30 kronor
836 1276 82 29 eller
942 1277 39 30 79
996 1278 63 30 000
1082 1279 129 31 kronor
1233 1290 97 21 mera
1353 1283 45 28 än
1420 1285 246 30 motsvarande
1688 1295 59 20 an-

245 1318 141 40 visning
412 1320 53 30 för
491 1321 237 32 innevarande
754 1325 180 39 budgetår.

288 1386 396 42 Departementschefen
712 1392 63 29 har
804 1393 88 29 efter
917 1395 218 39 redogörelse
1162 1397 53 30 för
1241 1399 341 40 anstaltsstyrelsens
1609 1403 140 38 förslag,

245 1435 150 39 lydande
416 1437 19 30 å
457 1438 60 29 128
532 1439 64 30 200
617 1440 139 36 kronor,
779 1442 11 29 i
811 1444 143 30 ärendet
974 1446 119 30 anfört
1114 1443 165 49 följande.

291 1487 138 30 >Under
452 1489 289 40 nästföregående
766 1494 115 38 punkt
906 1495 63 30 har
992 1496 60 40 jag
1076 1497 169 40 tillstyrkt
1268 1501 52 28 att
1345 1502 47 28 ctt
1417 1501 123 41 belopp
1565 1512 43 21 av
1633 1504 38 29 75
1687 1504 62 30 000

243 1536 133 31 kronor
395 1539 87 29 skall
501 1541 141 30 anvisas
662 1542 50 30 till
731 1543 94 31 vissa
846 1545 462 43 rationaliseringsåtgärder
1328 1551 58 30 vid
1406 1552 340 32 kontrollanstalten.

243 1587 167 41 Beloppet
434 1591 97 29 torde
556 1591 86 31 böra
666 1595 170 39 upptagas
862 1597 110 30 under
995 1597 229 32 förevarande
1249 1601 122 40 anslag
1395 1602 64 29 och
1483 1603 154 31 fördelas
1662 1605 19 30 å
1705 1606 41 29 de

243 1638 95 30 olika
362 1640 220 39 delposterna
608 1642 52 30 till
684 1644 118 40 övriga
827 1646 154 39 utgifter.
1008 1648 127 31 Vidare
1160 1650 58 29 vill
1240 1651 61 39 jag
1327 1651 151 36 förorda,
1506 1655 50 28 att
1582 1657 163 37 posierna

243 1688 172 39 sjukvård
441 1700 44 21 m.
512 1701 47 20 m.
588 1696 90 27 samt
702 1695 150 36 bränsle,
880 1697 71 39 lyse
978 1698 64 30 och
1068 1701 119 30 vatten
1213 1702 78 29 med
1318 1702 138 40 hänsyn
1482 1704 52 29 till
1563 1706 182 30 medelsåt-

242 1739 137 40 gången
403 1741 98 30 skola
526 1744 202 38 uppräknas
753 1747 80 29 med
862 1747 93 30 1000
980 1750 196 38 respektive
1200 1751 18 30 3
1233 1751 62 30 000
1321 1752 130 31 kronor
1475 1754 53 30 till
1557 1755 94 31 1500
1675 1765 69 21 res-

241 1790 141 38 pektive
410 1792 115 30 11000
550 1794 141 30 kronor.
718 1794 127 41 Övriga
871 1799 330 41 anslagshöjningar
1227 1802 70 29 kan
1322 1803 61 39 jag
1409 1804 157 31 däremot
1593 1805 76 30 icke
1695 1807 49 29 bi-

241 1840 113 31 träda.
380 1842 63 30 Vid
468 1842 100 31 bifall
596 1844 52 30 till
673 1846 65 30 vad
762 1846 62 40 jag
851 1848 147 31 sålunda
1025 1849 179 41 föreslagit
1231 1852 113 30 skulle
1370 1855 193 30 anstaltens
1592 1857 152 30 omkost-

241 1891 213 41 nadsanslag
478 1893 55 30 för
558 1895 101 30 nästa
683 1896 170 40 budgetår
876 1898 133 31 behöva
1032 1901 169 39 uppföras
1226 1904 78 29 med
1335 1903 57 34 (46
1407 1904 62 30 000
1496 1906 37 36 +
1561 1906 39 30 75
1616 1907 62 30 000
1705 1909 36 35 —-

242 1940 96 31 1000
363 1943 36 36 +
421 1943 95 30 3000
539 1945 59 34 =)
628 1946 59 29 125
703 1946 62 30 000
786 1948 141 31 kronor.
950 1949 13 29 I
985 1949 220 33 förhållande
1227 1952 52 30 till
1301 1955 365 41 medelsanvisningen
1689 1958 54 30 för

239 1990 237 33 innevarande
505 1994 172 40 budgetår
705 1997 147 31 innebär
880 2000 93 29 detta
1002 2010 43 21 en
1074 2001 148 41 höjning
1251 2005 78 29 med
1361 2005 39 29 79
1415 2005 62 30 000
1507 2006 141 32 kronor.
1678 2008 65 40 Jag

240 2042 60 29 vill
329 2044 190 30 emellertid
549 2045 116 31 erinra
693 2056 56 21 om
778 2050 51 29 att
858 2050 112 30 denna
998 2051 11 28 i
1038 2052 65 29 och
1133 2052 54 30 för
1215 2053 51 40 sig
1293 2054 154 41 kraftiga
1474 2057 135 39 ökning
1636 2059 38 29 är
1701 2068 42 21 av

238 2093 262 39 engångsnatur
525 2096 65 29 och
615 2099 50 27 att
689 2098 66 29 den
778 2099 180 30 dessutom
981 2101 161 32 kommer
1164 2105 50 28 att
1237 2104 249 41 kompenseras
1509 2107 58 31 vid
1592 2108 150 41 tillämp-

239 2142 132 41 ningen
396 2153 41 21 av
459 2146 41 29 de
526 2146 176 40 principer
728 2148 55 30 för
808 2150 292 41 taxesättningen,
1126 2153 93 31 vilka
1244 2154 61 39 jag
1331 2156 157 31 förordat
1514 2159 113 29 under
1653 2159 89 30 före-

239 2193 133 39 gående
396 2196 266 39 anslagspunkt.
686 2198 65 30 Det
775 2200 99 30 torde
898 2200 36 30 få
958 2202 192 31 ankomma
1170 2204 43 40 på
1237 2204 126 41 Kungl.
1388 2206 105 40 Maj:t
1517 2210 51 28 att
1590 2209 12 29 i
1629 2210 112 30 sinom

237 2243 51 29 tid
307 2244 174 31 fastställa
499 2255 47 30 ny
566 2248 301 32 omkostnadsstat
888 2251 54 30 för
962 2253 206 30 anstalten.»

284 2311 184 32 Utskottet.
490 2314 119 39 Enligt
629 2316 188 31 ulskottets
838 2318 142 40 mening
999 2319 185 41 föreligger
1204 2325 47 27 ett
1273 2325 88 28 stort
1381 2324 110 31 behov
1511 2335 44 21 av
1574 2323 164 48 upprust-

237 2361 86 40 ning
339 2372 44 20 av
397 2364 194 30 anstaltens
608 2365 131 31 lokaler
755 2367 66 30 och
838 2371 200 37 apparatur.
1057 2371 176 31 Utskottet
1249 2373 119 30 finner
1387 2375 56 29 det
1461 2376 121 30 därför
1599 2377 138 39 angelä-

238 2414 64 36 get,
326 2414 51 28 att
399 2414 111 29 medel
533 2414 140 31 anvisas
697 2416 55 30 för
774 2417 271 40 tillgodoseende
1068 2430 44 20 av
1133 2422 93 30 detta
1248 2423 121 30 behov.
1393 2424 52 30 Då
1466 2426 173 30 utskottet
1660 2427 76 30 icke

237 2462 64 29 har
324 2463 104 39 något
451 2466 49 30 att
524 2464 118 31 erinra
664 2469 72 27 mot
759 2468 381 42 anslagsberäkningen
1162 2472 11 29 i
1196 2473 113 30 denna
1333 2475 53 29 del
1410 2475 81 30 eller
1513 2478 74 29 mot
1611 2477 124 39 Kungl.

236 2512 126 39 Maj:ts
382 2513 262 42 framställning
660 2516 11 29 i
688 2517 122 39 övrigt,
828 2518 202 31 hemställer
1048 2522 180 34 utskottet,
