2165 2708
697 215 286 33 Banko-Utskottets
1007 216 159 33 Memorial
1189 218 63 31 N:o
1276 220 26 29 I.
1767 225 38 28 37

198 292 218 38 November
457 295 135 36 månad
633 295 165 37 sistlidet
838 300 40 32 år
913 303 85 43 nytt
1030 298 179 36 kontrakt
1237 300 194 48 angående
1459 301 246 50 tillverkning
1734 302 68 36 och

201 345 202 49 tryckning
423 345 40 37 af
479 346 134 37 sådant
632 360 143 36 papper
798 354 225 43 upprättats,
1046 349 244 50 hvarigenom
1319 352 118 47 priset
1464 351 59 37 för
1551 354 254 48 stämplingen

198 395 127 37 blifvit
352 396 84 37 från
465 398 69 35 och
565 399 83 35 med
678 400 254 36 innevarande
961 404 40 32 år
1034 401 107 48 höjdt
1168 401 83 36 från
1281 406 19 32 6
1330 403 90 36 R:dr
1448 403 100 36 R:mt
1576 405 57 35 till
1664 408 18 32 7
1712 406 93 35 Kro-

199 460 69 22 nor
298 450 45 34 50
373 455 64 29 öre
471 449 177 37 tusendet
680 449 58 36 för
766 451 204 49 tryckning
998 451 40 37 af
1062 452 288 49 skrifstämplar,
1380 455 70 35 och
1478 454 83 37 från
1590 458 21 33 4
1640 456 90 36 R:dr
1759 460 45 33 80

199 504 64 29 öre
292 499 57 35 till
380 502 19 33 6
430 499 148 36 Kronor
607 502 177 35 tusendet
811 502 59 34 för
898 503 202 47 tryckning
1128 503 40 35 af
1193 504 441 49 beläggningsstämplar,
1669 508 9 34 i
1713 508 92 34 hvil-

199 549 72 35 ken
300 550 234 36 sistnämnda
562 552 210 48 ersättning
801 553 70 35 den
902 554 57 34 till
988 567 45 22 en
1061 554 90 36 R:dr
1179 554 57 36 för
1265 561 108 30 tusen
1403 556 64 35 ark
1492 556 104 36 förut
1615 559 190 47 utgående

198 600 244 48 godtgörelse
471 601 58 36 för
557 603 247 49 pressningen
834 604 69 35 och
933 605 227 49 skärningen
1190 605 126 37 blifvit
1343 607 196 37 inräknad.

298 906 16 36 I
343 907 168 48 enlighet
539 909 85 35 med
652 908 241 38 föreskriften
923 911 10 35 i
963 914 44 34 59
1038 909 17 49 $
1084 912 39 36 af
1151 913 384 49 Bankoreglementet
1568 915 110 36 hafva
1719 915 86 37 full-

198 958 167 47 mäktige
406 958 58 36 för
498 959 255 38 innevarande
786 965 40 32 år
854 967 120 32 utsett
1002 964 384 48 styrelseledamöter,
1416 965 110 36 deraf
1550 967 180 36 särskildt
1759 981 45 22 en

196 1007 58 36 för
282 1008 74 37 den
385 1009 151 49 dagliga
563 1010 300 50 förvaltningens
892 1013 300 45 handhafvande,
1216 1016 117 47 jemte
1362 1017 244 47 suppleanter
1634 1016 59 37 för
1718 1019 84 35 dem

197 1059 64 36 vid
290 1059 400 51 afdelningskontoren
720 1063 10 35 i
760 1062 207 51 Göteborg,
995 1064 150 46 Malmö,
1173 1065 116 37 Luleå
1317 1067 70 37 och
1417 1067 139 50 Wisby.

948 1248 18 48 $
996 1254 57 34 39.

300 1364 130 36 Såsom
459 1365 40 36 af
524 1363 16 49 $
570 1369 38 34 51
645 1368 11 34 i
683 1369 256 37 revisorernes
968 1371 204 36 berättelse
1201 1372 197 44 inhemtas,
1429 1373 109 36 hafva
1562 1373 241 51 fullmäktige

198 1416 85 35 låtit
313 1416 119 35 under
460 1420 41 32 år
532 1420 92 34 1875
655 1420 158 35 anställa
841 1421 282 49 inventeringar
1152 1423 68 35 och
1252 1424 327 49 undersökningar
1605 1426 63 35 vid
1688 1425 116 36 afdel-

197 1467 298 46 ningskontoren
527 1468 10 35 i
566 1467 205 51 Göteborg,
800 1471 136 37 Malmö
966 1473 68 35 och
1065 1474 127 43 Luleå,
1227 1474 132 36 dervid
1393 1475 95 36 hvad
1532 1479 116 46 angår
1689 1476 115 37 afdel-

198 1518 292 48 ningskontoret
530 1520 10 34 i
583 1517 195 52 Göteborg
818 1522 82 36 icke
930 1524 97 35 varit
1056 1528 115 43 något
1199 1531 55 30 att
1282 1526 135 44 erinra,
1447 1527 198 36 hvaremot
1672 1528 131 36 veder-

197 1568 188 37 börandes
413 1570 226 37 berättelser
667 1571 105 37 öfver
801 1573 96 36 hvad
918 1575 63 35 vid
1001 1575 308 48 inspektionerna
1329 1580 20 32 å
1369 1577 45 35 de
1435 1577 97 36 båda
1552 1578 116 36 andra
1688 1578 116 37 afdel-

197 1620 298 47 ningskontoren
524 1621 242 38 förekommit
799 1623 190 38 föranledt
1025 1627 275 35 meddelanden
1340 1627 81 36 från
1464 1628 240 49 fullmäktige
1745 1631 57 35 till

197 1671 288 36 vederbörande
514 1674 192 46 styrelser,
734 1674 58 35 för
821 1675 126 36 hvilka
976 1677 11 35 i
1015 1678 239 47 protokollen
1284 1686 172 28 närmare
1485 1679 215 49 redogöres.

536 1908 64 36 Om
628 1911 277 46 tjenstemännen
933 1912 67 36 och
1028 1914 221 45 göromålens
1276 1915 187 37 ordnande.

946 2064 18 48 $
993 2070 57 33 40.

298 2180 56 36 En
382 2194 136 33 genom
548 2183 289 37 innehafvarens
865 2184 238 50 förflyttning
1131 2190 47 44 på
1206 2188 254 47 pensionsstat
1486 2190 118 35 under
1623 2192 180 35 nästlidet

198 2234 39 32 år
266 2232 247 48 ledigblifven
542 2234 340 49 bokhållaretjenst
910 2237 63 35 vid
1002 2237 325 37 hufvudkontoret
1355 2240 78 45 har,
1464 2241 84 35 med
1576 2241 176 37 afseende
1782 2246 20 32 å

197 2282 73 36 den
299 2283 215 49 minskning
541 2285 10 35 i
581 2287 220 46 göromålen
828 2287 101 36 inom
958 2288 297 47 sedelkontoret,
1283 2303 80 23 som
1392 2292 10 35 i
1431 2291 93 48 följd
1552 2292 40 36 af
1617 2295 94 35 1875
1742 2297 59 33 års
