2186 2644
739 198 246 33 Stats-Utskottets
1012 200 150 31 Utlåtande
1186 202 55 28 N:o
1265 204 50 26 35.
1767 199 20 32 3

919 864 96 40 N:o
1044 862 88 42 3ö.

827 1023 73 26 Ank.
926 1023 45 26 till
994 1023 101 27 Riksd.
1120 1023 100 27 Kansli
1245 1024 54 27 den
1324 1024 32 27 12
1378 1024 77 27 Mars
1480 1022 76 36 1872,
1580 1025 40 26 kl.
1645 1024 33 27 12
1700 1025 18 27 f.
1742 1034 38 19 m.

429 1171 184 38 Utlåtande,
656 1172 12 30 i
709 1171 174 41 anledning
925 1172 37 40 af
1000 1172 68 31 dels
1108 1170 121 45 Kongl.
1271 1173 119 44 Maj:ts
1424 1173 122 44 nådiga
1568 1177 253 40 propositioner,

617 1223 68 32 dels
711 1223 141 32 enskilde
879 1224 214 32 motionärers
1119 1226 290 42 framställningar
1437 1228 12 30 i
1474 1227 101 41 fråga
1603 1239 49 20 om
1680 1231 144 40 eftergift

629 1277 39 36 af
691 1276 143 31 kronans
861 1279 68 27 rätt
957 1275 52 31 till
1035 1287 38 20 en
1100 1277 50 31 del
1177 1278 171 42 dana-arf.

1575 1338 52 41 (I.
1656 1341 66 42 A.)

373 1493 275 40 Stats-Utskottet,
692 1503 66 22 som
800 1493 59 33 fått
898 1493 49 32 till
988 1493 189 43 behandling
1213 1496 158 41 emottaga
1399 1496 65 32 dels
1492 1497 116 41 Kongl.
1637 1497 110 42 Maj:ts
1775 1498 48 32 till

218 1546 176 40 Riksdagen
437 1545 115 33 aflåtna
581 1546 114 42 nådiga
723 1546 222 41 propositioner
974 1546 157 42 angående
1160 1547 137 41 eftergift
1325 1548 34 31 af
1383 1548 133 32 kronans
1543 1549 63 32 rätt
1632 1549 49 32 till
1709 1560 37 21 en
1774 1550 50 32 del

217 1598 156 39 dana-arf,
417 1599 65 31 dels
524 1599 55 31 ock
620 1598 156 41 åtskilliga
805 1599 34 30 af
863 1598 135 32 enskilde
1025 1607 144 31 personer
1196 1599 10 31 i
1233 1599 150 32 likartadt
1411 1600 78 41 syfte
1517 1600 108 41 gjorda
1649 1601 172 32 framställ-

216 1650 121 41 ningar,
379 1650 57 32 har
464 1651 90 31 dessa
583 1650 104 41 frågor
715 1650 9 31 i
752 1651 44 31 ett
823 1650 227 41 sammanhang
1077 1651 133 32 förehaft
1238 1651 57 32 och
1321 1651 47 32 får
1396 1652 69 31 dem
1493 1652 129 33 härmed
1648 1653 50 32 till
1730 1653 91 33 Riks-

217 1702 115 41 dagens
360 1702 143 42 pröfning
531 1702 135 40 anmäla,
697 1703 83 32 samt
808 1702 106 32 dervid
941 1702 143 33 meddela
1112 1703 36 32 de
1175 1704 175 40 yttranden,
1380 1704 128 33 hvartill
1522 1705 107 41 hvarje
1648 1706 173 32 framställ-

216 1754 74 42 ning
318 1755 116 32 ansetts
462 1755 172 32 föranleda.

374 1807 78 40 1:0).
506 1807 55 32 Uti
602 1817 36 21 en
679 1807 49 31 till
768 1807 176 41 Riksdagen
973 1807 110 32 aflåten
1111 1808 94 41 nådig
1233 1808 188 41 proposition
1452 1808 74 41 (N:o
1557 1809 34 41 6)
1620 1810 57 32 har
1704 1811 117 41 Kongl.

217 1858 93 42 Maj:t
349 1859 169 38 meddelat,
560 1859 148 32 hurusom
736 1859 55 31 hos
819 1859 115 41 Kongl.
964 1859 92 42 Maj:t
1083 1859 135 42 följande
1246 1860 211 42 underdåniga
1485 1862 207 41 ansökningar
1718 1863 104 32 blifvit

215 1910 45 33 uti
288 1911 223 32 ofvanberörda
538 1911 173 32 hänseende
738 1911 120 41 gjorda,
888 1912 174 41 nemligen:

370 1964 35 30 af
442 1963 305 42 Stadsfullmäktige
787 1965 13 29 i
840 1964 188 38 Habnstad,
1072 1973 66 23 som
1180 1964 140 39 anhållit,
1351 1966 46 31 att
1423 1965 185 33 Halmstads
1635 1966 186 43 församling

217 2014 108 40 måtte,
355 2014 103 33 såsom
485 2015 112 42 bidrag
623 2015 49 32 till
701 2015 69 32 dess
799 2016 250 41 kyrkobyggnad,
1078 2016 31 32 få
1127 2016 148 32 komma
1261 2010 18 55 i
1295 2016 178 42 åtnjutande
1493 2018 34 32 af
1544 2018 276 43 qvarlåtenskapen

215 2067 78 33 efter
321 2067 158 33 derstädes
508 2068 57 32 den
596 2069 42 30 21
672 2068 63 41 Maj
769 2069 95 31 1860
895 2068 123 39 aflidna,
1055 2069 97 41 ogifta
1180 2070 124 31 Lovisa
1333 2070 169 32 Charlotta
1530 2071 179 42 Löfström,
1739 2073 80 32 hvil-

215 2120 56 32 ken
301 2120 239 41 qvarlåtenskap
568 2120 52 32 vid
651 2121 90 31 1871
777 2120 49 32 års
854 2121 126 40 början”
991 2116 129 51 utgjort
1138 2122 70 32 504
1239 2122 78 32 R:dr
1347 2124 44 30 67
1424 2126 67 34 öre;

369 2171 35 33 af
440 2172 305 43 Stadsfullmäktige
786 2175 12 29 i
839 2174 198 41 Linköping,
1080 2183 66 22 som
1173 2174 141 39 anhållit,
1352 2175 47 31 att
1426 2175 167 32 arfsmedel
1620 2175 76 33 efter
1724 2177 97 41 ogifta

213 2224 115 32 Karin
370 2225 208 39 Dahlström,
622 2235 67 22 som
717 2225 158 32 derstädes
904 2225 98 32 aflidit
1030 2226 56 32 den
1120 2228 13 30 1
1166 2226 89 42 April
1288 2228 93 31 1863
1412 2227 67 39 och,
1511 2227 96 42 enligt
1632 2228 188 42 bouppteck-

213 2277 85 42 ning,
341 2277 198 33 efterlemnat
573 2288 36 22 en
637 2277 178 41 behållning
843 2279 34 30 af
904 2279 110 38 2,470
1043 2279 79 31 R:dr
1151 2279 45 32 24
1227 2282 61 36 öre,
1318 2279 95 33 måtte
1442 2279 165 33 öfverlåtas
1633 2280 50 33 till
1711 2281 108 33 staden

214 2328 101 35 såsom
356 2329 112 42 bidrag
507 2329 50 33 till
597 2329 197 34 bestridande
823 2331 32 31 af
881 2329 169 34 kostnaden
1079 2331 46 32 för
1154 2331 69 33 dess
1252 2331 174 42 dränering,
1457 2342 35 22 en
1521 2332 108 42 åtgärd
1657 2343 67 22 som
1752 2337 66 29 sär-

1849 1821 122 27 Angående
1986 1826 45 20 dis-

1853 1861 129 23 positionen
1997 1861 23 19 af

1861 1895 45 19 alla
1920 1895 25 19 de
1960 1896 60 19 inom

1865 1930 105 19 städerna
1984 1936 29 14 an

1865 1965 76 19 kända
1957 1966 56 19 eller

1852 1999 120 20 framdeles
1988 2000 41 20 fal-

1841 2034 66 20 lande
1924 2034 111 21 dana-arf.
