2178 2680
366 246 241 33 Sammansatta
633 247 101 33 Stats-
759 247 72 41 (och
854 249 410 44 Bevillnings)-utskottetts
1295 254 172 35 Utlåtande
1490 258 64 34 N:o
1580 262 50 29 14.
1777 263 16 30 1

940 844 54 42 Lt]
1022 836 69 41 4,

852 1000 71 24 Ank.
943 1000 45 24 till
1007 1001 94 25 Riksd.
1122 1002 92 24 kansli
1233 1003 53 24 den
1306 1003 14 24 5
1340 1005 55 30 maj
1418 1005 76 31 1908,
1514 1007 38 24 kl.
1573 1007 14 24 3
1608 1015 22 17 e.
1650 1016 35 17 m.

408 1139 263 37 Sammansatta
713 1144 100 34 stats-
842 1142 59 36 ech
931 1143 383 48 bevillningsutskottets
1341 1149 189 46 utlåtande,
1561 1151 13 35 i
1603 1151 189 47 anledning

618 1213 49 42 af
701 1215 102 34 väckt
840 1216 128 35 motion
996 1228 53 24 om
1078 1218 91 45 årlig
1198 1221 192 44 ersättning
1418 1221 54 35 till
1490 1221 113 43 förra
1629 1223 163 44 innehaf-

617 1297 110 24 varen
756 1286 47 43 af
826 1286 164 46 Gagnbro
1015 1289 214 45 gästgifveri
1247 1295 14 31 i
1280 1291 105 37 Stora
1408 1293 103 36 Tuna
1530 1295 132 44 socken,
1683 1296 108 36 Mina

615 1356 162 37 Pålman.

296 1517 18 34 I
356 1529 44 23 en
441 1517 97 35 inom
579 1518 127 36 Andra
748 1521 218 35 Kammaren
1007 1523 106 35 väckt
1151 1524 144 45 motion,
1325 1538 59 22 n:o
1417 1528 84 43 117,
1533 1527 65 35 har
1626 1528 83 35 herr
1737 1529 46 35 A.

193 1570 175 46 Hoensson,
414 1572 80 35 med
536 1571 262 38 instämmande
840 1574 40 35 af
918 1588 63 23 sex
1023 1576 40 35 af
1087 1576 226 38 kammarens
1342 1579 204 47 ledamöter,
1577 1581 119 37 anfört
1724 1582 62 37 föl-

189 1624 118 35 jande:

181 1637 14 34 |
297 1679 79 34 >»Då
418 1679 209 48 Riksdagen
667 1680 55 36 för
764 1684 53 33 att
857 1682 166 37 befordra
1064 1685 471 47 mnykterhetssträfvandena
1576 1701 127 35 genom
1732 1695 53 31 att

187 1731 140 36 minska
368 1732 191 36 tillfällena
600 1734 57 35 till
697 1735 111 47 inköp
851 1736 38 35 af
928 1738 216 47 rusdrycker
1186 1740 69 35 den
1300 1743 46 33 29
1390 1741 164 37 sistlidne
1583 1744 69 48 maj
1682 1744 102 36 biföll

186 1787 134 45 Kungl.
365 1787 125 48 Maj:ts
531 1788 131 47 nådiga
694 1790 219 46 proposition
941 1791 40 35 af
1007 1793 69 34 den
1108 1796 19 31 7
1158 1806 134 23 samma
1321 1796 129 34 månad
1478 1798 184 45 angående
1690 1798 93 36 bort-

184 1841 154 45 tagande
380 1840 40 35 af
458 1840 72 37 viss
572 1842 201 48 ersättning
797 1844 135 48 jämväl
960 1845 39 35 af
1025 1847 70 34 den
1123 1853 106 41 ägare
1257 1848 57 35 till
1342 1849 250 47 gästgifverier
1620 1851 40 35 af
1685 1852 98 36 ålder

184 1893 271 36 tillkommande
497 1898 118 32 rätten
657 1896 56 35 till
755 1898 250 48 utskänkning
1046 1900 40 35 af
1125 1901 200 47 spirituosa,
1362 1906 152 45 upptogs
1542 1905 111 35 bland
1682 1907 101 35 dessa

183 1947 319 48 gästgifveriägare
542 1949 81 36 icke
659 1951 24 34 f.
716 1951 32 35 d.
781 1952 198 47 ägarinnan
1006 1954 40 34 af
1073 1954 168 48 Gagnbro
1270 1957 210 46 gästgifveri
1507 1958 13 35 i
1550 1959 101 35 Stora
1681 1960 101 35 Tuna

185 2001 131 35 socken
344 2001 39 35 af
410 2003 101 34 Stora
540 2004 254 48 Kopparbergs
823 2006 70 45 län,
925 2007 152 36 änkefru
1106 2009 102 35 Mina
1236 2010 160 46 Pålman,
1427 2012 149 36 hvilken
1604 2013 14 34 i
1645 2013 136 48 nykter-

183 2055 126 35 hetens
347 2055 153 36 intresse
541 2058 111 34 redan
695 2061 38 32 år
779 2063 98 32 1902
908 2062 81 34 med
1017 2062 94 36 vissa
1139 2063 41 35 af
1205 2066 120 34 ortens
1353 2065 351 47 nykterhetsvänner
1732 2068 50 35 af-

182 2108 89 36 talat
299 2122 56 22 om
383 2110 264 47 nedläggandet
676 2112 39 35 af
740 2113 652 52 brännvinsförsäljningsrättigheten
1420 2123 74 32 mot
1517 2132 45 23 en
1583 2121 200 48 ersättning

182 2162 40 35 af
250 2166 74 33 300
354 2164 132 35 kronor
515 2165 136 48 årligen
680 2169 38 33 så
746 2167 106 48 länge
880 2169 72 35 hon
980 2169 123 37 lefver.

290 2218 50 35 På
374 2219 118 46 grund
521 2219 39 35 af
586 2232 133 24 samma
747 2222 76 36 helt
851 2224 64 34 och
944 2224 111 36 hållet
1084 2226 164 36 enskilda
1276 2228 65 34 och
1370 2228 180 36 dessutom
1578 2228 204 49 villkorliga

181 2270 362 38 öfverenskommelse
571 2274 108 35 hafva
707 2276 266 37 vederbörande
1001 2278 334 49 länsmyndigheter

288 2326 76 35 dels
407 2326 30 49 ej
481 2330 118 33 ansett
642 2328 121 37 vidare
791 2331 126 47 nödigt
945 2335 63 42 att,
1040 2335 117 34 såsom
1186 2334 61 36 vid
1276 2335 214 48 föregående
1518 2336 169 36 tillfällen
1716 2338 64 35 och

234 2386 77 32 DBih.
343 2387 50 32 till
420 2388 115 31 Riksd.
565 2388 86 33 Prot.
686 2393 91 30 1908.
815 2395 20 28 4
864 2392 97 33 Saml.
998 2395 23 30 2
1047 2395 79 40 Afd.
1174 2399 44 28 14
1245 2396 97 42 Häöft.
1372 2397 76 42 (N:o
1475 2399 70 40 14.)
1718 2401 16 29 1
