1924 2840
500 156 437 32 Konstitutionsutskottets
963 159 176 31 utlåtande
1165 160 47 30 Nr
1231 161 50 30 42.
1609 159 38 30 27

229 236 55 31 för
311 237 403 38 justitiedepartementet
742 242 63 30 hos
833 241 297 36 justitiekanslern
1158 245 152 35 anmäld,
1339 244 108 38 åligge
1476 247 66 30 den
1572 248 73 30 sist-

228 289 152 30 nämnde
406 292 49 28 att
479 289 249 38 ofördröjligen
754 290 70 32 låta
850 292 239 37 förbrytelsen,
1116 302 123 28 genom
1265 295 245 32 tillförordnad
1537 298 109 35 aktor,

228 339 58 30 vid
305 340 143 36 behörig
469 340 147 31 domstol
636 340 137 38 åklaga;
793 343 66 29 och
879 343 63 30 bör
962 344 71 29 han
1053 344 186 38 dessutom,
1261 345 55 31 för
1336 355 84 28 egen
1439 348 63 35 del,
1523 356 123 28 genom

227 389 259 32 vederbörande
506 391 140 38 ombud,
669 393 80 29 över
771 393 268 36 tryckfrihetens
1063 395 124 36 lagliga
1209 396 89 30 bruk
1321 397 162 37 tillbörlig
1505 395 141 44 uppsikt

228 440 100 31 hava.
371 440 88 31 Vare
477 441 164 31 likaledes
659 452 46 19 —
718 463 44 3 —
779 463 44 3 —
841 444 160 36 grunder.
1045 445 136 31 Enskilt
1200 447 265 37 förolämpande
1482 469 44 3 —
1543 469 45 3 —
1603 468 44 4 —

229 489 99 31 åtala.
359 491 136 30 Allmän
513 491 159 38 åklagare
691 493 58 30 må
767 493 29 37 ej
816 513 45 3 —
877 513 44 3 —
936 514 43 3 —
1002 492 50 40 (=
1070 494 111 39 prop.)
1205 516 44 3 —
1265 516 44 4 —
1324 517 44 3 —
1385 498 153 31 kräver.»

183 600 43 21 av
242 592 80 30 herr
341 593 163 40 Ossbahr,
522 603 75 21 som
612 598 121 34 ansett,
749 598 50 28 att
815 596 67 30 den
899 597 124 30 chefen
1039 598 54 29 för
1109 598 404 38 justitiedepartementet
1529 603 115 30 anför-

141 641 121 30 trodda
290 641 162 38 tillsynen
482 645 79 29 över
591 644 472 40 tryckfrihetsförordningen
1090 649 77 31 bort
1197 649 200 38 överflyttas
1427 651 45 36 på
1501 651 142 37 justitie-

140 692 171 30 kanslern.

184 809 30 40 4)
244 810 10 30 i
271 812 169 30 avseende
456 811 20 32 å
492 812 22 39 $
530 815 20 29 4
567 823 105 21 mom.
689 815 20 29 8
725 815 65 29 och
808 816 35 29 9:

183 886 42 21 av
253 878 121 30 herrar
402 880 134 40 Hallén,
566 881 209 38 Sandegård,
805 882 173 39 Källman,
1008 884 145 31 Fredrik
1181 885 125 39 Ström,
1336 887 73 30 Nils
1437 888 206 41 Andersson,

139 927 194 31 Andersson
352 929 9 29 i
380 929 170 36 Igelboda,
572 931 175 38 Wiklund,
764 933 176 31 Johnsson
963 934 5 30 i
988 934 274 32 Norrahammar
1280 937 64 29 och
1362 937 138 31 Nilsson
1517 938 11 30 i
1547 938 95 31 Göte-

138 978 93 36 borg,
259 978 92 31 vilka
378 983 120 33 ansett,
525 984 48 27 att
598 982 202 36 stadgandet
827 993 58 20 om
912 985 66 29 rätt
1005 985 53 30 för
1082 986 293 37 polismyndighet
1402 992 49 27 att
1477 988 166 32 förordna

137 1038 56 21 om
217 1029 207 38 indragning
449 1041 42 20 av
514 1032 89 30 vissa
628 1033 153 36 flygblad
803 1035 68 29 och
898 1035 142 31 därmed
1063 1035 199 39 jämförliga
1286 1038 139 32 skrifter
1449 1039 77 32 bort
1551 1040 90 37 utgå,

138 1081 65 29 och
225 1081 11 30 i
257 1080 88 38 följd
368 1082 108 30 härav
498 1084 111 35 yrkat,
633 1087 48 27 att
703 1084 114 36 någon
841 1085 146 37 ändring
1008 1086 75 31 icke
1107 1088 76 30 bort
1207 1088 154 37 vidtagas
1385 1090 11 30 i
1418 1090 225 32 förevarande

136 1135 163 27 moment.

180 1246 29 39 5)
240 1249 11 31 i
273 1251 168 30 avseende
463 1251 20 30 å
502 1251 22 39 $
549 1254 18 28 5
594 1262 103 21 mom.
724 1255 108 29 5—10
855 1255 106 36 jämte
989 1256 405 38 övergångsstadgandet:

179 1326 42 20 av
243 1318 80 29 herr
346 1319 184 40 Lindskog,
554 1329 74 21 som
651 1321 78 30 med
752 1321 257 32 instämmande
1032 1333 42 20 av
1099 1324 119 30 herrar
1241 1325 250 39 Reuterskiöld,
1515 1328 127 30 Sande-

137 1367 93 38 gård,
248 1368 172 39 Källman,
437 1370 81 30 Karl
533 1370 122 39 Bodin,
670 1371 147 30 Persson
833 1372 11 30 i
859 1372 159 37 Trången
1034 1375 65 29 och
1120 1374 152 31 Ossbahr
1288 1394 43 4 —
1347 1377 66 29 den
1431 1377 211 31 sistnämnde

135 1418 109 30 under
260 1418 194 38 förklaring
470 1423 48 27 att
535 1421 71 30 han
623 1422 118 30 biträtt
760 1423 114 30 denna
891 1424 210 30 reservation
1119 1426 106 29 sedan
1242 1427 71 29 han
1329 1427 97 30 blivit
1443 1429 199 30 överröstad

135 1468 10 29 i
169 1467 98 37 fråga
292 1478 57 20 om
374 1472 47 27 ett
444 1480 41 20 av
508 1471 130 30 honom
662 1472 94 30 inom
780 1474 167 29 utskottet
970 1475 103 29 väckt
1097 1476 155 35 yrkande
1276 1486 57 20 om
1357 1477 122 37 juryns
1503 1479 137 30 avskaf-

135 1518 103 31 fande
256 1537 43 4 —
320 1523 121 33 ansett,
463 1523 48 27 att
532 1522 163 30 utskottet
717 1523 77 30 bort
814 1523 123 31 anföra
957 1525 65 29 och
1043 1524 126 31 föreslå
1191 1526 165 37 följande:

183 1581 10 14 »
202 1569 171 31 Utskottet
392 1570 112 31 finner
526 1573 55 29 väl
606 1573 65 30 den
694 1573 195 37 föreslagna
912 1576 357 37 sammansättningen
1294 1587 41 20 av
1359 1578 104 37 juryn
1487 1588 82 21 vara
1593 1582 48 27 att

136 1620 181 37 föredraga
334 1621 146 31 framför
497 1623 66 30 den
584 1632 74 22 som
678 1633 47 21 nu
745 1624 244 38 förekommer,
1010 1635 80 22 men
1111 1627 164 30 utskottet
1297 1628 112 30 finner
1431 1628 20 31 å
1470 1630 107 30 andra
1598 1629 41 31 si-

135 1671 68 30 dan
222 1681 48 20 nu
287 1672 159 36 gällande
464 1674 89 35 regel
576 1677 48 28 att
645 1674 235 37 jurymännen
901 1679 91 29 utses
1016 1676 73 33 fritt
1112 1677 52 31 för
1188 1678 95 36 varje
1305 1679 69 30 mål
1397 1680 138 31 särskilt
1557 1690 82 20 vara

134 1722 161 37 riktigare
316 1724 44 29 än
379 1724 65 30 den
463 1724 204 37 föreslagna,
690 1735 73 21 som
787 1726 146 31 innebär
955 1730 48 28 att
1027 1728 194 31 domstolen
1242 1730 141 30 utlottar
1405 1730 117 37 nödigt
1546 1731 93 31 antal

134 1772 163 37 jurymän
317 1774 79 30 från
415 1785 40 19 en
476 1775 53 30 för
553 1776 90 30 vissa
667 1776 37 32 år
726 1777 169 36 gällande,
921 1787 41 21 av
987 1779 194 30 domstolen
1207 1780 170 31 fastställd
1401 1781 77 31 lista
1503 1782 19 30 å
1545 1782 93 37 Jury-

133 1824 90 29 män.
261 1825 53 30 En
329 1825 94 36 dylik
440 1826 145 37 lottning
603 1828 123 29 verkar
743 1827 10 30 i
771 1828 67 36 hög
856 1829 84 35 grad
960 1830 157 30 stötande
1134 1831 66 29 och
1219 1831 109 30 skulle
1346 1832 61 30 lätt
1425 1833 117 30 kunna
1562 1833 75 30 leda

135 1874 50 30 till
201 1884 42 20 en
260 1876 166 35 betydligt
443 1886 93 21 mera
557 1877 145 36 ensidigt
723 1882 228 27 sammansatt
971 1880 80 36 jury
1070 1881 45 29 än
1135 1890 74 21 som
1231 1891 46 20 nu
1299 1883 37 29 är
1355 1882 103 31 fallet.
1503 1883 135 31 Utskot-

132 1928 45 27 tet
200 1927 179 35 avstyrker
399 1927 116 30 därför
540 1928 55 29 det
620 1927 193 37 föreslagna
839 1929 216 31 förfarandet
1081 1930 53 31 för
1160 1931 163 31 bildande
1348 1942 40 20 av
1413 1932 223 37 jurymanna-

132 1975 95 31 listor
245 1977 65 29 och
331 1977 197 31 hemställer
550 1988 57 20 om
629 1978 153 36 följande
805 1979 128 36 lydelse
954 1989 40 20 av
1017 1979 20 40 8
1062 1981 18 29 5
1104 1990 103 21 mom.
1231 1983 119 29 5—10:

177 2026 64 30 5:0o.
264 2026 93 31 Skall
376 2027 80 37 jury
476 2028 134 36 deltaga
630 2029 9 29 i
660 2029 69 30 mål
748 2039 120 20 varom
888 2039 89 21 ovan
997 2032 86 35 sägs,
1105 2033 126 29 nämne
1251 2034 111 29 rätten
1381 2034 50 30 till
1451 2035 188 31 ledamöter

133 2076 8 29 i
162 2075 103 37 Juryn
287 2077 55 35 sju
363 2078 66 29 och
449 2078 50 30 till
521 2080 220 35 suppleanter
764 2080 70 30 fem
856 2084 90 26 samt
966 2084 163 33 parterna
1149 2081 20 31 å
1190 2084 145 30 vardera
1356 2084 99 30 sidan
1475 2085 50 30 till
1547 2086 90 30 leda-

135 2128 106 29 möter
266 2130 49 27 tre
338 2128 65 28 och
431 2128 47 30 till
504 2129 219 35 suppleanter
748 2134 59 31 tre,
833 2130 168 37 samtliga,
1026 2131 46 36 på
1094 2133 66 29 sätt
1185 2133 129 30 allmän
1339 2134 54 35 lag
1418 2135 137 36 stadgar
1579 2144 57 21 om

132 2177 150 35 domare,
307 2178 136 36 ojäviga
468 2188 171 26 personer.
687 2180 158 30 Därefter
871 2182 61 34 äge
957 2183 145 29 vardera
1126 2186 121 32 parten
1271 2187 84 27 utan
1380 2186 192 30 anförande
1596 2196 42 20 av

132 2227 74 29 skäl
224 2229 149 28 utesluta
389 2238 42 19 en
449 2229 149 30 ledamot
615 2231 64 28 och
696 2240 42 20 en
756 2232 183 34 suppleant
958 2231 92 31 såväl
1070 2233 105 30 bland
1195 2234 40 29 de
1252 2244 41 20 av
1312 2236 110 29 rätten
1441 2245 72 20 som
1531 2237 107 29 bland

131 2277 41 29 de
196 2286 42 20 av
262 2280 195 32 motparten
482 2280 163 29 nämnda.

176 2326 65 29 6:0.
265 2327 64 28 Till
354 2328 187 30 ledamöter
563 2330 65 28 och
651 2331 221 34 suppleanter
896 2331 9 29 i
928 2330 79 37 jury
1031 2332 97 29 skola
1151 2335 91 27 utses
1265 2333 9 29 i
1298 2334 120 29 staden
1440 2335 80 29 eller
1543 2335 94 30 inom

132 2377 90 28 länet
253 2377 142 34 boende,
428 2378 52 29 för
510 2379 308 36 omdömesgillhet,
851 2380 286 36 självständighet
1169 2383 64 29 och
1265 2383 226 36 rättrådighet
1520 2385 117 30 kända

133 2427 143 29 svenska
301 2428 234 34 medborgare,
560 2438 73 20 som
657 2429 146 36 uppnått
828 2430 168 36 tjugufem
1021 2431 54 30 års
1098 2431 103 30 ålder.

176 2478 64 28 7:0.
265 2477 40 36 Ej
327 2477 58 30 må
408 2478 7 29 i
437 2478 78 37 jury
537 2479 189 36 tjänstgöra
750 2481 65 29 den
839 2490 74 21 som
936 2483 37 28 är
995 2483 164 35 omyndig
1180 2483 81 30 eller
1284 2484 7 29 i
1315 2484 321 32 konkurstillstånd.
