1894 2790
296 141 38 30 10
676 148 122 29 Första
822 148 239 36 lagutskottets
1087 149 174 31 utlåtande
1286 160 41 21 nr
1352 152 49 29 52.

299 229 136 31 klientel
456 230 71 31 kan
545 231 162 30 hänvisas
726 241 77 21 som
821 232 109 31 skulle
947 233 47 30 ha
1012 232 260 37 ifrågakonrmit
1294 235 49 30 till
1362 234 337 38 tvångsuppfostran.
1721 238 79 30 Med

295 281 185 37 anledning
499 282 107 30 härav
625 281 59 31 må
700 283 157 35 nämnas,
878 286 50 27 att
948 284 66 29 den
1034 284 92 30 förut
1144 285 174 30 omtalade
1338 286 242 36 utbyggnaden
1600 296 42 21 av
1662 287 134 37 Långa-

296 333 61 29 näs
372 333 201 36 yrkesskola
592 333 94 30 torde
702 333 159 31 medföra
877 337 49 27 att
943 334 113 30 ökade
1072 335 217 36 möjligheter
1304 336 148 31 erhållas
1470 338 48 29 till
1536 338 261 31 differentierad

296 381 84 30 vård
396 392 42 20 av
453 383 57 31 det
526 383 135 30 relativt
678 383 193 32 svårskötta
888 384 151 38 klientel,
1057 385 54 30 för
1127 386 104 30 vilket
1248 387 172 31 anstalten
1438 389 39 29 är
1492 389 137 36 avsedd,
1648 392 89 28 samt
1748 394 49 26 att

299 431 129 35 jämväl
455 433 9 30 i
492 433 109 36 övrigt
629 434 283 36 anordningarna
938 435 59 30 vid
1022 437 170 30 anstalten
1222 437 47 29 bli
1295 438 110 29 bättre
1432 439 162 35 lämpade
1624 439 56 31 för
1704 441 95 30 detta

297 482 156 31 klientels
468 484 351 36 omhändertagande.
839 486 73 30 Vad
927 485 108 37 angår
1053 486 109 36 själva
1175 487 438 37 uppfostringsmetoderna
1630 499 101 27 synes
1743 491 56 30 det

294 533 76 30 icke
392 534 156 36 lämpligt
571 538 49 27 att
646 535 56 30 för
724 534 113 37 någon
863 536 67 31 viss
955 537 201 36 yrkesskola
1179 538 193 30 föreskriva
1395 539 109 32 andra
1527 540 66 30 och
1618 541 179 35 strängare

296 584 122 30 villkor
442 585 44 29 än
510 595 74 20 som
608 586 105 36 enligt
737 586 143 36 stadgan
905 587 67 30 den
999 589 41 29 28
1067 588 74 36 juni
1168 589 83 29 1946
1277 589 55 30 för
1356 590 440 35 ungdomsvårdsskolorna

295 634 119 31 kunna
436 635 256 37 ifrågakomma
717 636 54 31 för
797 637 254 37 behandlingen
1075 648 41 21 av
1143 639 40 30 de
1208 639 55 30 för
1289 640 337 36 skyddsuppfostran
1651 642 145 30 omhän-

295 685 164 37 dertagna
478 687 210 29 överhuvud.

342 734 397 38 Strafflagberedningen
761 737 65 30 har
849 737 73 33 icke
947 742 111 28 ansett
1079 738 105 38 några
1210 740 165 37 farhågor
1395 742 133 31 behöva
1549 743 105 36 hysas
1676 743 54 31 för
1750 747 50 26 att

297 789 47 26 ett
371 785 231 31 avskaffande
630 796 42 21 av
704 787 331 37 tvångsuppfostran
1065 789 108 31 skulle
1202 791 76 30 leda
1309 792 49 30 till
1386 792 91 30 ökad
1505 794 222 37 användning
1756 804 44 20 av

298 835 206 37 ovillkorligt
525 835 230 32 frihetsstraff
777 837 55 30 för
852 847 91 28 unga
963 839 229 37 brottslingar.
1217 841 79 30 Med
1316 842 227 37 hänsyftning
1562 843 45 37 på
1631 844 90 31 detta
1744 844 55 30 be-

294 887 204 36 redningens
526 889 178 31 uttalande
729 889 46 30 ha
804 888 105 38 några
936 891 294 31 remissinstanser
1258 891 160 37 påpekat,
1448 896 50 27 att
1526 894 271 30 överlämnande

296 937 50 29 till
363 938 339 36 skyddsuppfostran
719 939 183 31 förutsatte
919 941 212 31 medverkan
1148 941 79 31 från
1246 942 94 31 såväl
1357 943 347 33 barnavårdsnämnd
1722 955 75 20 som

295 987 232 37 länsstyrelse;
553 989 62 30 där
637 988 110 32 sådan
769 991 210 31 medverkan
1002 991 75 30 icke
1100 992 115 30 kunde
1240 992 158 37 erhållas,
1422 1004 81 20 vore
1526 995 202 35 domstolen,
1753 995 44 30 då

295 1038 66 29 den
385 1038 174 32 förlorade
581 1039 227 37 möjligheten
830 1045 49 27 att
904 1041 166 31 förordna
1094 1052 56 20 om
1173 1042 340 37 tvångsuppfostran,
1540 1046 182 30 nödsakad
1747 1049 50 28 att

295 1088 160 36 antingen
476 1089 157 32 meddela
652 1090 173 37 villkorlig
844 1092 80 30 dom
943 1095 82 27 utan
1046 1092 113 31 därtill
1179 1094 159 30 ansluten
1357 1095 339 36 skyddsuppfostran
1716 1096 81 30 eller

295 1138 103 30 döma
422 1139 49 30 till
495 1139 216 32 tidsbestämt
735 1140 236 32 frihetsstraff.
999 1142 63 31 Det
1088 1142 148 37 förelåge
1261 1144 30 36 ej
1318 1144 106 30 heller
1447 1144 113 37 någon
1581 1146 137 36 garanti
1742 1146 55 30 för

295 1193 49 26 att
371 1193 44 27 ett
441 1190 11 29 i
479 1199 42 20 en
546 1190 172 37 villkorlig
743 1191 83 30 dom
852 1192 134 31 anvisat
1010 1193 341 37 omhändertagande
1376 1194 55 31 för
1457 1196 339 36 skyddsuppfostran

295 1238 174 37 verkligen
489 1240 140 31 komme
649 1240 51 31 till
722 1240 110 32 stånd.

341 1288 50 31 De
411 1289 274 36 betänkligheter
704 1299 76 21 som
804 1290 144 32 sålunda
970 1291 178 33 framförts
1170 1298 72 26 mot
1264 1297 49 27 att
1337 1295 161 30 avskaffa
1519 1295 279 38 tvångsuppfost-

297 1347 63 21 ran
381 1343 83 26 utan
486 1343 48 26 att
554 1340 174 37 samtidigt
747 1341 109 31 ändra
878 1342 331 37 barnavårdslagens
1230 1345 112 35 regler
1362 1354 55 20 om
1440 1346 191 36 ordningen
1653 1346 54 31 för
1725 1356 73 21 om-

296 1388 281 37 händertagande
595 1390 54 30 för
669 1391 340 37 skyddsuppfostran
1029 1393 208 31 aktualisera
1257 1394 124 37 frågan
1398 1405 57 20 om
1472 1395 183 32 införande
1672 1406 43 21 av
1733 1397 67 31 rätt

295 1439 56 31 för
379 1440 192 31 domstolen
597 1445 49 27 att
675 1442 114 31 direkt
816 1443 166 31 förordna
1009 1453 58 22 om
1093 1443 107 32 sådan
1229 1444 129 37 åtgärd.
1387 1445 53 30 En
1463 1446 97 36 dylik
1590 1447 207 36 befogenhet

295 1491 108 29 skulle
426 1492 188 30 emellertid
635 1492 11 30 i
670 1492 178 32 realiteten
870 1493 166 32 innebära
1061 1499 49 27 att
1134 1504 42 21 en
1198 1505 46 26 ny
1268 1494 237 38 straffrättslig
1527 1497 269 31 reaktionsform

296 1541 232 36 tillskapades.
548 1542 79 32 Med
644 1543 139 36 hänsyn
800 1543 116 31 härtill
934 1544 66 30 och
1020 1544 43 31 då
1083 1545 54 30 det
1156 1545 202 36 uppdragits
1377 1544 34 32 åt
1432 1546 362 38 strafflagberedning-

294 1600 41 20 en
360 1595 49 26 att
434 1592 56 30 vid
515 1592 58 30 det
596 1593 160 31 fortsatta
780 1593 262 32 reformarbetet
1067 1595 184 30 verkställa
1278 1604 42 22 en
1345 1596 128 30 allmän
1500 1598 146 36 översyn
1671 1607 42 21 av
1738 1599 57 30 det

295 1641 258 38 straffrättsliga
580 1643 339 37 reaktionssystemet
945 1645 12 29 i
986 1645 77 30 dess
1091 1645 123 36 helhet,
1246 1655 100 27 synes
1374 1646 56 32 det
1456 1646 76 31 icke
1561 1648 156 36 lämpligt
1745 1653 51 26 att

292 1691 11 30 i
326 1702 47 20 nu
398 1693 228 31 förevarande
649 1694 255 37 sammanhang
928 1695 139 36 vidtaga
1090 1704 40 21 en
1158 1695 354 37 lagstiftningsåtgärd
1537 1707 42 21 av
1605 1696 107 32 sådan
1736 1698 59 30 be-

296 1741 208 31 skaffenhet.
528 1742 194 37 Lösningen
746 1754 43 20 av
812 1743 204 37 spörsmåiet
1041 1754 58 21 om
1125 1747 42 30 de
1192 1751 121 31 yngsta
1336 1747 286 37 brottslingarnas
1644 1749 153 30 behand-

294 1793 69 36 ling
389 1794 39 29 är
453 1794 55 30 för
535 1794 109 37 övrigt
670 1799 121 32 ytterst
819 1796 170 30 beroende
1017 1806 42 20 av
1086 1797 66 29 hur
1178 1797 365 31 straffbarhetsåldern
1571 1799 221 35 bestämmes;

294 1842 85 31 även
395 1843 113 31 denna
522 1843 97 36 fråga
634 1845 40 30 är
687 1844 147 31 föremål
849 1845 54 31 för
919 1846 182 37 utredning
1116 1847 94 30 inom
1227 1847 402 37 strafflagberedningen,
1643 1867 45 3 —
1698 1868 45 3 —
1754 1867 45 3 —

340 1892 75 30 Vad
439 1893 107 37 angår
570 1894 66 30 den
661 1894 391 39 fastställelseprövning
1075 1907 41 21 av
1142 1898 219 36 länsstyrelse
1384 1908 73 21 som
1483 1900 39 30 är
1547 1899 214 31 föreskriven
1788 1900 11 29 i

295 1942 315 38 barnavårdslagen
639 1945 65 32 har
732 1946 111 29 under
869 1946 254 37 behandlingen
1156 1957 43 20 av
1228 1948 408 38 strafflagberedningens
1668 1950 130 36 förslag

296 1993 94 30 inom
415 1994 270 36 departementet
714 1996 176 35 övervägts
917 1999 48 27 att
993 1996 78 31 från
1097 1997 111 31 denna
1235 1998 169 36 prövning
1431 2000 197 36 undantaga
1657 2002 42 29 de
1726 2000 71 35 fall,

295 2042 44 31 då
358 2044 147 31 domstol
522 2045 10 30 i
552 2045 170 32 samband
742 2047 78 29 med
840 2046 170 38 villkorlig
1028 2048 81 30 dom
1126 2049 214 30 överlämnat
1356 2047 35 32 åt
1407 2049 392 32 barnavårdsnämnden

295 2096 48 28 att
365 2094 136 36 vidtaga
526 2094 119 37 åtgärd
669 2095 55 31 för
748 2097 66 29 den
840 2096 140 32 dömdes
1006 2098 342 36 omhändertagande
1370 2098 55 31 för
1446 2100 350 37 skyddsuppfostran.

295 2144 14 29 I
335 2143 121 32 sådant
482 2145 61 30 fall
571 2145 108 31 måste
703 2147 174 35 nämligen
905 2147 65 30 den
994 2148 134 36 garanti
1155 2153 71 26 mot
1251 2149 181 36 obehörigt
1457 2151 341 37 omhändertagande

295 2204 74 20 som
395 2196 258 36 länsstyrelsens
679 2196 388 38 fastställelseprövning
1094 2199 38 29 är
1155 2199 128 30 avsedd
1307 2203 48 27 att
1378 2201 121 35 utgöra
1525 2210 99 22 anses
1651 2201 145 31 överflö-

295 2245 65 36 dig.
385 2244 51 31 Då
458 2246 56 29 det
536 2246 188 31 emellertid
745 2247 97 30 torde
862 2248 118 30 kunna
1004 2248 210 36 förutsättas,
1239 2252 49 27 att
1309 2250 218 36 länsstyrelse
1549 2251 31 36 ej
1602 2253 124 35 vägrar
1749 2255 48 26 att

292 2296 169 32 fastställa
480 2296 123 33 sådant
621 2297 365 32 barnavårdsnämnds
1005 2300 112 30 beslut
1135 2309 56 20 om
1213 2299 342 38 omhändertagande
1572 2301 57 31 för
1646 2301 147 37 skydds-

295 2346 217 36 uppfostran,
543 2357 73 20 som
643 2349 156 35 grundar
827 2348 50 36 sig
904 2348 46 37 på
977 2349 165 31 domstols
1172 2350 10 29 i
1210 2350 169 31 samband
1409 2352 78 30 med
1516 2352 171 36 villkorlig
1716 2352 80 30 dom

291 2398 202 30 meddelade
511 2398 191 37 anvisning,
722 2400 56 30 för
794 2398 100 32 såvitt
912 2399 76 32 icke
1003 2410 69 26 nya
1089 2401 195 35 avgörande
1303 2401 75 30 skäl
1393 2406 71 26 mot
1480 2402 313 35 omhändertagan-

292 2448 55 30 det
366 2448 199 33 tillkommit
584 2449 87 30 efter
689 2451 136 37 domen,
846 2450 65 30 har
928 2450 59 36 jag
1006 2450 32 37 ej
1059 2451 106 30 heller
1184 2450 43 37 på
1250 2452 112 30 denna
1382 2452 111 35 punkt
1515 2456 113 27 ansett
1646 2452 149 37 ändring
