1878 2762
458 163 314 31 Bankoutskottets
799 161 178 31 utlåtande
1001 170 44 21 nr
1070 161 40 29 13
1135 160 40 30 år
1201 159 84 30 1962
1599 157 16 28 7

131 248 92 30 skild
252 247 84 30 fond
363 247 80 29 med
471 244 222 41 anknytning
720 244 51 30 till
800 243 233 30 riksbankens
1062 242 38 29 år
1131 241 83 29 1968
1243 239 193 31 infallande
1465 237 153 31 300-års-

129 301 184 40 jubileum.
336 299 218 30 Inrättandet
576 308 42 21 av
641 307 42 20 en
706 297 110 30 sådan
839 296 85 30 fond
945 295 97 30 torde
1065 294 119 30 vidare
1206 293 107 39 enligt
1336 292 190 30 utskottets
1549 299 70 20 me-

132 355 84 39 ning
235 354 71 30 inte
326 353 134 30 behöva
480 352 170 30 innebära
669 360 43 21 en
733 349 234 41 begränsning
989 358 41 20 av
1050 347 270 40 möjligheterna
1342 348 51 28 att
1414 344 77 30 fritt
1511 344 108 40 pröva

132 408 94 30 olika
250 408 68 29 sätt
342 408 50 29 att
416 405 161 31 använda
601 403 244 31 fondmedlens
870 401 219 40 avkastning.

175 470 69 29 För
267 471 50 29 att
341 469 162 29 närmare
527 467 170 39 överväga
721 466 65 30 och
810 465 157 30 utforma
990 464 131 39 förslag
1145 463 52 30 till
1223 461 178 40 riktlinjer
1426 460 55 29 för
1505 459 115 39 dispo-

133 524 150 30 sitionen
305 532 42 20 av
367 520 345 42 jubileumsfondens
735 519 209 39 avkastning
965 518 60 29 vill
1048 517 182 33 utskottet,
1252 515 80 30 med
1355 513 200 40 tillstyrkan
1579 520 42 22 av

133 576 240 39 fullmäktiges
396 575 142 39 förslag,
560 573 131 31 föreslå
713 575 50 28 att
786 582 42 20 en
851 571 152 30 särskild
1024 570 185 30 kommitté
1232 569 174 29 tillsättes.
1430 567 64 29 Det
1518 574 102 32 synes

133 630 160 40 lämpligt
313 631 50 28 att
383 628 276 30 statsministern
679 627 65 29 och
765 626 203 30 talmännen
990 623 168 31 anmodas
1180 625 50 28 att
1250 622 110 39 jämte
1380 620 79 30 med
1480 629 42 20 av
1542 619 79 29 dem

134 683 148 30 utsedda
304 682 112 30 andra
438 681 191 30 ledamöter
652 681 12 28 i
687 680 115 29 denna
825 678 184 30 kommitté
1033 676 157 30 utforma
1213 675 131 39 förslag
1368 674 52 29 till
1444 671 178 40 riktlinjer

135 739 50 28 att
213 736 197 30 sedermera
437 734 194 40 föreläggas
658 733 198 38 riksdagen.
884 732 77 29 Med
989 731 148 29 intresse
1163 729 66 30 har
1256 728 171 30 utskottet
1454 726 86 39 tagit
1567 724 53 30 del

135 800 43 20 av
197 790 42 30 de
259 790 11 29 i
290 789 221 30 motionerna
531 788 29 30 I:
576 787 63 30 573
661 787 66 30 och
748 786 45 30 II:
810 786 60 29 691
895 784 197 30 framförda
1112 782 268 41 synpunkterna
1400 778 222 32 beträffande

136 843 297 40 angelägenheten
456 851 43 21 av
523 843 50 28 att
597 840 47 30 nå
668 849 43 21 en
735 839 113 30 bättre
874 837 227 39 samordning
1126 845 43 21 av
1194 835 113 30 stödet
1332 834 35 31 åt
1392 832 231 39 forskningen

136 899 91 28 samt
251 906 43 20 av
317 896 57 30 det
399 896 10 29 i
434 894 132 30 motion
591 894 46 29 II:
654 893 63 30 692
743 892 170 30 betonade
938 890 217 30 önskemålet
1180 891 52 28 att
1256 886 230 40 forskningen
1512 884 112 31 erhål-

135 950 51 30 ler
209 952 48 28 ett
279 949 100 30 reellt
403 948 248 30 nettotillskott
675 946 80 30 från
780 946 56 30 det
861 944 196 30 allmännas
1082 943 86 29 sida.
1193 941 177 31 Utskottet
1395 948 102 21 anser
1522 937 102 31 emel-

136 1003 104 31 lertid
266 1004 50 29 att
343 1001 268 40 ifrågavarande
639 999 203 30 kommittés
870 997 238 39 övervägande
1136 994 223 31 beträffande
1387 992 149 30 fondens
1565 1000 60 21 an-

135 1056 180 39 vändning
339 1056 65 29 och
428 1056 104 29 sättet
557 1053 55 30 för
637 1051 361 39 fondavkastningens
1024 1048 199 40 fördelning
1247 1048 77 29 icke
1348 1047 63 29 bör
1435 1046 189 38 begränsas

137 1118 125 31 genom
285 1109 109 39 några
418 1107 206 31 uttalanden
649 1106 80 30 från
754 1105 189 29 utskottets
969 1103 84 30 sida.
1078 1101 219 31 Kommittén
1319 1100 63 29 bör
1408 1098 147 30 sålunda
1580 1097 45 29 ha

139 1163 106 30 frihet
263 1165 49 28 att
331 1160 246 41 självständigt
594 1160 110 39 pröva
722 1159 40 30 de
781 1158 94 30 olika
893 1156 219 41 synpunkter
1130 1155 45 40 på
1193 1153 254 41 dispositionen
1466 1161 41 20 av
1526 1150 100 31 fond-

138 1216 138 30 medlen
301 1224 74 21 som
400 1214 136 30 anförts
559 1214 13 29 i
595 1212 241 39 fullmäktiges
862 1210 166 31 skrivelse
1053 1209 65 30 och
1142 1209 10 29 i
1177 1206 241 41 nyssnämnda
1442 1204 183 31 motioner.

138 1271 94 29 Utan
256 1272 50 27 att
331 1268 107 30 binda
463 1266 208 31 kommittén
698 1267 11 29 i
736 1266 78 29 dess
840 1264 117 30 arbete
982 1263 59 30 vill
1068 1262 172 30 utskottet
1265 1261 12 29 i
1302 1260 112 30 likhet
1440 1258 79 30 med
1546 1257 81 30 full-

139 1322 154 39 mäktige
316 1322 66 30 och
404 1321 263 30 motionärerna
689 1319 88 30 blott
801 1317 112 31 uttala
937 1317 54 30 sin
1015 1315 204 39 anslutning
1243 1314 52 30 till
1320 1313 132 29 tanken
1476 1313 50 29 att
1551 1311 76 29 fon-

139 1377 86 29 dens
250 1374 209 40 avkastning
482 1374 62 29 bör
568 1372 179 30 användas
772 1371 55 30 för
852 1370 77 30 stöd
954 1370 34 30 åt
1011 1368 242 39 vetenskaplig
1277 1365 196 39 forskning.

184 1437 228 31 Beträffande
442 1436 178 29 formerna
650 1434 55 30 för
735 1432 244 39 avsättningen
1008 1441 42 20 av
1079 1430 111 30 medel
1220 1429 53 30 till
1302 1426 325 41 jubileumsfonden

140 1491 59 30 vill
224 1491 171 29 utskottet
418 1489 125 30 beröra
565 1488 93 29 vissa
682 1487 154 40 punkter
860 1486 12 29 i
896 1484 240 39 fullmäktiges
1163 1482 141 39 förslag,
1329 1481 95 30 vilka
1450 1479 178 39 samtidigt

141 1544 159 39 betingar
328 1543 40 30 de
397 1541 305 41 utgångspunkter
731 1549 75 21 som
835 1539 88 30 skall
954 1537 90 41 gälla
1073 1537 54 29 för
1156 1534 228 31 kommitténs
1414 1533 127 31 arbete.
1569 1532 61 30 Ut-

143 1599 129 29 skottet
294 1597 64 29 har
380 1596 88 30 intet
491 1597 49 28 att
562 1594 118 30 erinra
701 1596 72 27 mot
796 1595 50 27 att
869 1592 41 29 de
934 1591 62 30 250
1019 1590 165 39 miljoner
1206 1589 131 29 kronor
1361 1596 76 21 som
1461 1586 88 30 skall
1573 1595 57 20 av-

143 1652 109 29 sättas
276 1650 50 30 till
348 1647 326 41 jubileumsfonden
697 1646 174 30 avräknas
893 1645 80 29 med
996 1642 230 31 användande
1250 1651 42 21 av
1315 1641 40 30 de
1378 1639 174 31 bokförda
1573 1639 58 29 be-

141 1704 128 39 loppen
291 1703 55 29 för
368 1700 328 41 ifrågakommande
719 1699 248 39 värdepapper.
991 1696 184 31 Huruvida
1198 1694 255 39 avkastningen
1475 1693 63 29 bör
1560 1692 71 38 läg-

143 1765 60 32 gas
225 1757 53 29 till
302 1756 148 29 fondens
473 1754 132 40 kapital
630 1753 92 30 fram
745 1752 52 30 till
821 1752 37 30 år
883 1751 83 30 1968
990 1750 82 30 eller
1095 1749 108 30 redan
1227 1747 248 31 dessförinnan
1500 1748 96 36 tagas
1619 1744 12 28 i

144 1810 165 39 anspråk,
335 1809 63 29 bör
424 1808 186 38 övervägas
638 1816 42 20 av
706 1806 66 29 den
800 1804 174 30 särskilda
998 1802 211 30 kommittén
1236 1802 66 29 och
1327 1801 47 29 bli
1403 1798 145 31 föremål
1576 1798 56 29 för

144 1863 206 38 riksdagens
377 1861 180 39 prövning,
585 1860 64 29 när
676 1858 228 30 kommitténs
932 1856 130 39 förslag
1090 1855 193 38 förelägges
1311 1853 198 38 riksdagen.
1537 1846 94 48 Intill

145 1917 78 29 dess
245 1915 55 30 får
322 1914 254 38 avkastningen
597 1912 119 39 läggas
738 1911 51 30 till
812 1910 149 30 fondens
983 1908 144 40 kapital.
1149 1907 163 30 Fondens
1335 1904 213 39 förvaltning
1569 1904 64 29 bör

144 1968 161 30 handhas
331 1977 42 20 av
398 1966 215 30 riksbanken
640 1974 75 21 som
742 1964 120 29 därvid
890 1963 88 30 skall
1004 1961 237 31 tillförsäkras
1267 1960 69 29 rätt
1363 1961 50 27 att
1438 1958 58 29 vid
1522 1957 112 29 behov

144 2021 159 40 utnyttja
328 2020 149 30 fondens
503 2017 412 40 värdepappersinnehav
942 2015 54 30 för
1023 2015 77 29 sina
1126 2011 415 40 marknadsoperationer
1568 2010 65 29 och

145 2076 82 29 över
248 2075 121 29 huvud
391 2075 93 37 taget
508 2072 53 29 för
585 2071 133 29 sådana
740 2070 104 39 byten
868 2078 42 20 av
931 2068 240 39 värdepapper
1195 2067 65 28 och
1282 2064 168 30 liknande
1473 2063 161 30 transak-

145 2128 123 33 tioner,
293 2136 75 20 som
391 2125 233 30 riksbankens
648 2123 130 30 rörelse
800 2123 71 29 kan
894 2122 84 39 göra
1000 2119 238 39 erforderliga.
1263 2118 138 30 Sådana
1424 2116 210 31 transaktio-

146 2190 62 20 ner
236 2180 88 29 skall
352 2177 222 41 genomföras
602 2179 86 27 utan
717 2175 140 39 förfång
885 2174 54 30 för
965 2172 345 41 jubileumsfondens
1339 2170 201 39 egendoms-
1569 2168 64 30 och

147 2232 414 38 avkastningsintressen,
590 2229 133 30 sådana
750 2228 101 29 dessa
879 2225 340 39 marknadsmässigt
1246 2224 87 29 låter
1362 2223 51 39 sig
1440 2223 194 28 bestämma

146 2286 59 29 vid
226 2282 406 33 transaktionstillfället.

193 2363 226 40 Åberopande
444 2363 56 29 det
524 2371 88 20 ovan
638 2360 148 30 anförda
812 2359 54 30 får
890 2358 170 30 utskottet
1084 2356 197 34 hemställa,

504 2416 49 28 att
576 2413 187 39 riksdagen
787 2412 107 30 måtte

504 2486 24 29 I.
552 2485 137 30 besluta
715 2486 51 28 att
792 2493 40 20 av
858 2481 234 31 riksbankens
1120 2479 215 41 tillgängliga
1361 2477 206 31 vinstmedel
