1874 2760
259 167 38 29 18
585 166 313 30 Bankoutskottets
925 165 178 30 utlatande
1128 175 43 19 nr
1198 166 38 28 13
1262 165 38 29 år
1327 165 83 29 1962

303 247 48 29 De
372 246 164 30 avdelade
557 246 137 30 medlen
714 247 63 28 bör
797 246 106 39 enligt
924 245 238 39 fullmäktiges
1184 246 141 38 mening
1347 245 93 29 såväl
1463 245 73 29 före
1558 254 74 20 som
1654 244 89 30 efter

259 290 82 30 1968
365 290 167 30 förvaltas
555 300 41 20 av
619 290 215 30 riksbanken
857 291 65 29 och
944 290 112 29 hållas
1079 290 183 39 placerade
1285 290 11 28 i
1320 298 134 20 samma
1477 289 91 39 slags
1592 289 151 29 svenska

257 335 237 39 värdepapper
515 344 73 20 som
609 334 215 30 riksbanken
844 334 110 29 håller
975 335 10 28 i
1006 334 53 29 sin
1080 342 84 30 egen
1185 333 156 39 portfölj.
1363 333 293 29 Bankoutskottet
1678 333 64 28 och

257 379 186 38 riksdagen
469 380 88 28 skall
582 380 65 38 äga
672 388 136 20 samma
832 379 68 29 rätt
926 379 53 29 till
1004 378 152 29 kontroll
1182 379 82 28 över
1289 378 113 29 denna
1428 378 212 38 förvaltning
1667 386 75 20 som

257 424 81 28 över
362 424 232 29 riksbankens
620 431 84 31 egen
730 423 138 29 rörelse.
894 423 92 29 Från
1012 423 65 29 och
1101 422 80 29 med
1207 424 50 28 att
1283 422 211 29 donationen
1522 422 82 29 1968
1631 422 111 38 gjorts

256 468 192 39 tillgänglig
472 468 54 29 för
550 469 59 28 sitt
633 468 175 33 ändamål,
833 467 53 30 får
910 468 102 38 högst
1035 467 66 29 den
1126 467 109 38 årliga
1259 467 254 38 avkastningen
1537 466 205 39 disponeras

256 521 42 20 av
321 522 41 20 en
387 512 150 29 särskild
561 512 144 39 styrelse
730 521 74 20 som
828 514 94 27 utses
947 512 64 29 och
1035 512 107 38 enligt
1165 511 262 29 bestämmelser
1452 519 74 20 som
1552 510 191 29 fastställes

257 557 10 29 i
283 566 42 20 en
341 556 157 39 ordning,
514 557 114 29 vartill
645 556 221 39 fullmäktige
881 557 11 28 i
908 556 58 29 det
981 556 156 38 följande
1153 556 245 29 återkommer.

301 609 66 29 För
387 612 50 26 att
457 610 127 28 bereda
603 609 215 30 riksbanken
839 609 138 29 tillfälle
998 611 50 27 att
1068 609 58 28 vid
1146 608 111 29 behov
1280 608 53 29 för
1354 608 53 29 sin
1429 608 128 29 rörelse
1578 608 65 29 och
1666 607 76 29 sina

255 654 413 38 marknadsoperationer
687 654 156 39 utnyttja
860 654 10 28 i
889 653 231 29 donationens
1139 652 144 40 portfölj
1305 652 168 39 ingående
1491 652 250 39 värdepapper,

256 698 89 29 skall
370 698 214 29 riksbanken
609 698 89 29 efter
722 706 84 30 egen
832 697 193 29 diskretion
1049 697 57 29 vid
1131 697 98 38 varje
1254 697 166 39 tidpunkt
1446 696 94 29 såväl
1567 696 72 29 före
1667 705 75 20 som

255 742 89 29 efter
367 742 82 30 1968
470 743 64 38 äga
554 743 69 28 rätt
643 744 51 28 att
715 750 123 31 genom
858 742 105 39 byten
984 744 71 27 mot
1076 742 110 28 andra
1206 741 239 39 värdepapper
1466 741 82 29 eller
1569 741 44 38 på
1634 742 108 27 annat

256 787 78 33 sätt,
359 787 174 29 inklusive
559 789 71 27 mot
656 795 88 30 egna
770 786 252 29 räntebärande
1049 786 241 33 förbindelser,
1317 785 161 29 förvärva
1502 785 240 38 värdepapper

255 830 79 30 från
359 831 230 29 donationens
613 830 158 40 portfölj,
796 831 61 29 allt
880 830 80 30 med
984 830 224 39 iakttagande
1234 839 41 20 av
1300 832 50 26 att
1373 830 96 38 varje
1495 829 108 30 sådan
1628 831 114 27 trans-

255 875 120 29 aktion
400 876 89 28 skall
513 875 222 39 genomföras
760 877 84 27 utan
869 874 141 40 förfång
1034 874 54 29 för
1111 874 67 29 den
1202 874 160 29 blivande
1387 874 230 29 donationens
1642 881 100 31 egen-

255 920 115 28 doms-
395 920 65 29 och
485 919 413 39 avkastningsintressen,
926 919 131 29 sådana
1084 919 101 29 dessa
1211 918 339 39 marknadsmässigt
1577 918 86 29 låter
1690 919 51 37 sig

254 964 194 29 bestämma
475 964 57 29 vid
559 963 406 30 transaktionstillfället.
993 963 130 29 Genom
1151 963 233 29 riksbankens
1412 963 219 38 operationer
1659 962 82 29 eller

254 1008 118 38 övriga
396 1008 283 39 kreditpolitiska
703 1008 161 38 åtgärder
889 1007 205 30 föranledda
1120 1007 247 38 förändringar
1391 1007 10 28 i
1426 1006 316 29 marknadsvärdet

255 1062 43 19 av
324 1053 231 28 donationens
581 1052 144 39 portfölj
757 1053 88 28 skall
872 1052 76 29 icke
975 1053 11 28 i
1013 1051 201 39 någondera
1240 1051 201 38 riktningen
1469 1051 121 28 kunna
1617 1051 124 38 utgöra

255 1097 113 37 grund
385 1097 54 29 för
456 1097 303 38 kompensations-
776 1097 82 29 eller
876 1096 165 29 liknande
1058 1095 155 40 anspråk
1230 1096 11 29 i
1258 1095 336 29 mellanhavandena
1611 1095 130 29 mellan

254 1141 215 29 riksbanken
486 1142 64 28 och
566 1141 66 29 den
649 1141 253 29 särförvaltade
919 1141 222 29 donationen.

299 1194 226 29 Beträffande
546 1194 66 29 den
634 1194 199 39 föreslagna
855 1194 230 29 donationens
1107 1193 175 33 ändamål,
1305 1193 129 29 önskar
1456 1192 221 39 fullmäktige
1698 1210 44 3 —

255 1248 76 19 som
349 1239 10 28 i
379 1239 56 29 det
456 1239 155 38 följande
631 1246 103 31 avger
754 1238 129 39 förslag
903 1247 56 20 om
979 1238 65 29 den
1065 1238 159 38 ordning,
1245 1238 10 28 i
1274 1238 116 28 vilken
1411 1238 161 28 närmare
1591 1237 150 29 bestäm-

254 1283 126 28 melser
404 1283 123 29 härom
553 1283 64 29 och
642 1292 57 20 om
725 1283 230 29 donationens
982 1282 167 29 framtida
1173 1282 256 29 handhavande
1454 1282 11 28 i
1491 1282 120 38 övrigt,
1638 1281 103 29 alltså

253 1327 67 29 vad
344 1328 106 38 gäller
474 1330 107 26 annat
605 1328 45 28 än
675 1327 233 29 riksbankens
932 1326 256 30 handhavande
1214 1336 42 19 av
1280 1326 78 29 dess
1382 1326 358 38 medelsförvaltning,

254 1372 90 28 skall
368 1372 177 29 utarbetas
570 1372 65 29 och
659 1371 193 30 fastställas
875 1389 44 3 —
942 1372 11 28 i
978 1371 94 29 detta
1097 1371 255 38 sammanhang
1375 1370 124 29 endast
1524 1370 128 29 föreslå
1677 1370 64 29 föl-

253 1415 117 39 jande.
385 1416 238 29 Donationens
638 1416 169 29 framtida
821 1416 209 39 avkastning
1043 1416 62 28 bör
1120 1415 179 29 användas
1314 1415 51 29 till
1381 1416 50 28 att
1446 1415 10 29 i
1471 1414 269 30 vidsträcktaste

254 1460 150 39 mening,
421 1462 85 27 utan
522 1460 276 39 begränsningar
812 1461 51 28 till
878 1460 93 29 vissa
988 1459 291 30 ämnesområden
1295 1460 81 28 eller
1391 1459 94 29 vissa
1501 1460 72 37 slag
1589 1468 42 20 av
1647 1459 94 29 kost-

254 1504 118 34 nader,
401 1504 130 39 främja
558 1505 63 29 och
649 1504 232 39 understödja
906 1504 53 29 till
988 1504 135 39 Sverige
1151 1504 181 29 anknuten
1360 1503 239 39 vetenskaplig
1627 1503 114 29 forsk-

254 1549 93 38 ning,
372 1549 142 29 varmed
541 1559 97 19 avses
665 1549 165 39 antingen
856 1550 10 28 i
893 1549 136 38 Sverige
1055 1558 42 19 av
1123 1548 168 29 svenskar
1317 1548 64 29 och
1407 1548 225 37 utlänningar
1658 1548 82 28 eller

253 1594 11 28 i
289 1593 158 29 utlandet
472 1603 41 19 av
538 1593 168 30 svenskar
730 1593 164 29 bedriven
920 1593 109 29 sådan
1055 1592 194 39 forskning.
1275 1592 243 38 Fullmäktige,
1545 1600 74 20 som
1632 1588 18 48 i
1681 1592 59 29 sitt

255 1638 334 38 ställningstagande
617 1638 65 28 här
707 1638 147 38 vägletts
882 1638 122 29 enbart
1032 1647 40 20 av
1100 1638 242 38 riktpunkten,
1370 1640 50 27 att
1447 1638 66 29 den
1542 1637 198 39 föreslagna

254 1682 212 29 donationen
487 1683 10 28 i
520 1683 85 28 sista
625 1682 96 29 hand
742 1682 63 29 bör
826 1682 142 29 komma
989 1682 78 29 hela
1088 1682 76 29 vårt
1186 1682 83 29 land
1291 1683 51 28 till
1364 1682 89 39 godo
1475 1683 64 28 och
1561 1682 180 39 samtidigt

253 1736 80 19 avse
356 1728 47 28 ett
426 1726 173 34 ändamål,
624 1727 9 29 i
658 1726 100 39 fråga
780 1736 57 20 om
858 1726 108 30 vilket
989 1736 43 19 en
1054 1727 111 29 insats
1189 1736 43 20 av
1254 1726 94 29 detta
1372 1727 161 38 speciella
1557 1727 72 38 slag
1652 1727 88 29 både

252 1771 71 28 kan
343 1771 186 29 motiveras
549 1771 56 29 vid
627 1771 99 29 sidan
748 1780 56 20 om
825 1771 218 29 existerande
1063 1771 181 39 parallella
1264 1771 292 39 ansträngningar
1577 1772 64 28 och
1663 1772 77 28 lova

253 1817 51 27 att
329 1823 38 31 ge
392 1815 188 29 märkbara
604 1816 65 28 och
694 1815 174 39 påtagliga
892 1815 157 34 resultat,
1076 1825 101 19 anser
1204 1816 50 38 sig
1280 1815 121 29 kunna
1426 1815 97 30 avstå
1548 1815 79 30 från
1653 1818 51 26 att
1728 1816 11 29 i

252 1860 118 29 vidare
386 1860 82 29 mån
483 1861 167 28 motivera
667 1860 96 29 detta
778 1861 59 28 sitt
853 1860 140 39 förslag.

297 1913 232 38 Fullmäktige
551 1922 111 25 anser,
685 1915 50 27 att
757 1913 56 29 det
833 1913 62 29 bör
916 1913 190 29 ankomma
1126 1913 45 39 på
1192 1922 42 20 en
1255 1913 117 29 vidare
1394 1913 95 29 krets
1511 1923 42 19 av
1573 1922 166 30 personer

251 1958 46 28 än
318 1957 219 39 fullmäktige
559 1958 112 38 själva
691 1960 50 27 att
761 1958 161 29 närmare
943 1957 155 30 utforma
1118 1957 179 39 riktlinjer
1316 1958 64 28 och
1401 1958 263 28 bestämmelser
1685 1957 54 29 för

252 2002 67 28 den
339 2001 197 39 föreslagna
556 2002 223 33 donationen,
800 2002 64 29 och
885 2002 147 29 föreslår
1052 2004 50 27 att
1122 2002 187 39 riksdagen
1329 2002 56 28 vid
1405 2002 99 29 bifall
1524 2002 10 29 i
1555 2002 110 38 övrigt
1686 2002 52 29 till

255 2045 238 39 fullmäktiges
523 2046 63 29 här
615 2046 165 29 anmälda
809 2046 131 39 förslag
967 2047 80 28 ville
1076 2046 137 29 besluta
1242 2046 180 39 uppdraga
1451 2046 34 29 åt
1514 2055 42 20 en
1587 2046 151 29 särskild

251 2090 206 38 riksdagens
477 2090 183 30 kommitté
680 2092 50 28 att
751 2091 159 28 utarbeta
930 2091 65 29 och
1015 2090 193 39 framlägga
1229 2090 130 39 förslag
1378 2091 51 28 till
1451 2090 131 30 sådana
1602 2091 137 28 riktlin-

250 2135 55 38 jer
329 2136 64 28 och
417 2135 272 29 bestämmelser.
715 2135 78 29 Med
817 2135 137 39 hänsyn
979 2136 51 28 till
1056 2135 65 29 den
1148 2135 173 29 särskilda
1346 2135 189 29 nationella
1560 2135 177 33 karaktär,

252 2179 220 38 fullmäktige
495 2180 125 29 önskat
642 2187 39 31 ge
704 2179 35 29 åt
761 2179 66 29 den
850 2179 197 39 föreslagna
1069 2179 416 38 jubileumsdonationen,
1508 2182 55 26 tar
1585 2180 50 37 sig
1659 2179 80 29 full-

251 2223 153 38 mäktige
427 2223 151 29 friheten
602 2223 138 34 föreslå,
765 2226 49 26 att
838 2224 273 28 statsministern
1135 2223 112 29 kallas
1271 2226 50 26 att
1343 2233 83 19 vara
1449 2223 210 30 ordförande
1684 2223 55 29 för

251 2268 115 29 denna
389 2268 193 33 kommitté,
606 2269 66 28 och
695 2270 51 27 att
770 2268 172 38 därjämte
967 2268 198 39 ytterligare
1189 2268 114 38 någon
1328 2268 214 29 företrädare
1567 2268 55 29 för
1646 2275 93 30 rege-

251 2313 122 38 ringen
394 2312 55 29 får
470 2313 80 38 ingå
576 2313 5 28 i
603 2312 220 29 kommittén.
846 2312 77 29 Med
945 2313 136 38 hänsyn
1103 2312 118 29 vidare
1244 2313 51 28 till
1318 2312 65 29 den
1406 2312 219 38 nödvändiga
1648 2321 91 19 sam-

251 2357 192 38 ordningen
467 2366 41 19 av
531 2357 233 29 riksbankens
787 2356 346 39 medelsförvaltning
1156 2356 54 29 för
1234 2356 229 30 donationens
1487 2357 149 37 räkning
1659 2356 78 29 med

251 2401 230 29 donationens
504 2401 255 29 handhavande
782 2402 9 28 i
814 2401 110 38 övrigt
947 2410 101 30 synes
1070 2401 131 38 jämväl
1223 2401 114 38 någon
1360 2401 81 29 eller
1464 2401 107 38 några
1593 2400 146 29 företrä-

251 2445 82 29 dare
349 2446 53 28 för
416 2446 340 38 bankofullmäktige
771 2446 83 28 böra
869 2446 81 38 ingå
963 2447 11 28 i
990 2446 219 28 kommittén.

296 2494 114 39 Enligt
430 2494 238 39 fullmäktiges
687 2495 141 38 mening
847 2495 61 28 bör
927 2495 66 28 den
1013 2494 198 39 föreslagna
1231 2494 208 29 kommittén
1457 2494 77 29 icke
1552 2493 124 30 bindas
1696 2503 42 20 av
