1882 2800
247 124 119 30 Andra
382 124 225 31 kammarens
623 125 16 40 f
685 135 17 20 ör
715 127 76 29 sta
808 126 174 40 tillfälliga
1000 127 153 30 utskotts
1170 127 180 31 utlåtande
1367 137 43 21 nr
1427 129 29 29 4.
1582 130 13 29 1

789 344 63 39 Nr
870 345 45 39 4.

325 443 121 30 Andra
471 444 225 30 kammarens
718 444 168 39 första
911 445 175 40 tillfälliga
1111 446 153 30 utskotts
1290 447 190 37 utlåtande,
1505 457 44 20 nr
1572 448 30 36 4,

540 498 11 29 i
569 498 189 40 anledning
774 508 42 20 av
835 499 102 29 väckt
954 500 134 29 motion
1107 500 179 39 angående
1305 501 69 30 viss
1391 501 152 40 ändring
1560 510 43 21 av

540 552 146 39 stadgan
707 552 57 40 för
784 553 66 29 den
873 553 229 30 kommunala
1125 554 413 40 yrkesundervisningen.

162 659 12 28 I
196 667 43 20 en
263 658 95 30 inom
382 660 110 29 andra
514 660 206 29 kammaren
742 661 102 29 väckt
868 661 64 29 och
955 661 53 29 till
1031 662 80 29 dess
1134 661 113 30 första
1268 661 176 41 tillfälliga
1466 663 136 29 utskott

115 712 171 30 hänvisad
308 713 143 33 motion,
474 714 45 29 II:
536 714 73 33 333,
631 723 41 21 av
693 714 58 29 fru
771 714 124 30 Möller
915 715 65 29 och
1001 715 58 29 fru
1080 715 134 29 Boman
1236 716 64 29 har
1320 716 209 34 hemställts,
1552 718 50 28 att

116 766 187 39 riksdagen
320 766 107 30 måtte
445 766 10 29 i
473 767 165 30 skrivelse
654 767 53 30 till
726 768 124 39 Kungl.
868 769 106 39 Maj:t
990 769 128 39 begära
1135 769 109 30 sådan
1261 770 149 39 ändring
1426 770 11 29 i
1456 771 147 39 stadgan

116 819 55 30 för
188 820 67 29 den
273 821 228 29 kommunala
518 821 413 40 yrkesundervisningen,
951 824 50 28 att
1018 822 153 31 tillträde
1190 823 53 29 till
1262 823 40 30 de
1321 833 42 20 av
1380 824 223 39 landstingen

116 874 201 29 anordnade
339 874 248 31 ambulerande
608 876 295 30 ämneskurserna
924 886 42 20 av
985 877 374 38 yrkesskolekaraktär
1381 877 108 30 måtte
1510 878 94 29 med-

117 936 58 31 ges
196 928 154 39 ungdom
372 937 74 20 som
468 928 79 39 fyllt
567 928 135 31 femton
722 929 49 29 år.

162 981 227 30 Beträffande
416 982 253 40 motiveringen
695 982 56 30 får
778 984 171 29 utskottet
977 983 149 31 hänvisa
1153 983 52 30 till
1232 984 190 30 motionen.

162 1034 89 31 Över
279 1035 178 30 motionen
485 1036 65 29 har
578 1037 171 29 utskottet
776 1036 11 29 i
815 1037 217 39 vederbörlig
1061 1037 150 40 ordning
1238 1037 175 31 inhämtat
1440 1039 163 38 yttrande

117 1088 80 30 från
216 1090 253 38 överstyrelsen
488 1089 56 30 för
561 1090 358 40 yrkesundervisning
939 1093 91 27 samt
1051 1091 170 39 styrelsen
1239 1091 56 30 för
1315 1091 155 30 Svenska
1489 1092 116 29 lands-

117 1142 293 39 tingsförbundet.

164 1231 259 39 Överstyrelsen
443 1232 58 39 för
520 1233 357 40 yrkesundervisning
897 1234 136 29 erinrar
1054 1243 58 21 om
1134 1236 50 28 att
1203 1235 58 29 det
1282 1243 42 21 av
1344 1234 261 30 motionärerna

118 1285 194 40 åberopade
337 1286 384 40 författningsrummet
744 1287 64 30 har
831 1287 159 40 följande
1015 1288 145 39 lydelse:

164 1339 88 30 ”För
276 1339 175 31 vinnande
475 1350 42 20 av
539 1340 136 30 inträde
699 1341 12 28 i
734 1341 207 39 yrkesskola
964 1341 155 30 fordras:

164 1393 51 29 till
240 1394 120 38 yrkes-
384 1394 64 29 och
475 1395 219 33 ämneskurs,
721 1396 50 28 att
796 1395 67 29 den
889 1395 155 29 sökande
1072 1394 166 40 antingen
1264 1395 79 29 med
1369 1396 155 38 godkänt
1550 1405 56 20 av-

120 1446 212 39 gångsbetyg
351 1447 200 39 genomgått
571 1448 254 38 lärlingsskola,
845 1449 83 28 eller
949 1449 64 28 ock
1034 1450 49 28 att
1103 1449 71 29 han
1192 1448 79 39 fyllt
1293 1449 37 29 17
1350 1448 40 30 år
1409 1449 65 29 och
1494 1449 112 29 under

121 1500 107 29 minst
251 1500 57 29 två
331 1500 38 29 år
392 1502 104 36 ägnat
521 1501 50 39 sig
594 1501 35 29 åt
652 1501 177 39 praktiskt
851 1502 225 38 yrkesarbete
1100 1501 96 30 inom
1220 1502 57 29 det
1299 1502 95 39 yrke,
1419 1502 56 29 för
1499 1502 106 29 vilket

121 1553 266 39 ifrågavarande
415 1555 86 28 kurs
528 1556 38 27 är
594 1555 138 33 avsedd,
761 1556 165 28 ävensom
955 1563 124 31 genom
1107 1555 102 39 betyg
1236 1555 83 29 eller
1347 1556 147 38 avlagda
1521 1564 86 31 prov

120 1608 138 38 styrker
282 1607 51 39 sig
355 1608 64 38 äga
441 1608 127 39 nödiga
590 1608 294 39 förutsättningar
908 1611 50 27 att
982 1608 229 40 tillgodogöra
1236 1608 50 40 sig
1309 1609 297 39 undervisningen

120 1661 10 28 i
152 1662 67 29 den
241 1662 95 33 kurs,
357 1661 75 30 vari
453 1661 136 30 inträde
613 1662 133 30 sökes.”

166 1714 261 40 Överstyrelsen
457 1715 214 34 framhåller,
703 1718 49 27 att
782 1717 56 29 det
867 1718 126 37 ytterst
1025 1716 111 29 sällan
1165 1716 99 29 torde
1294 1716 231 34 förekomma,
1557 1718 49 27 att

121 1778 43 19 en
186 1778 137 30 person,
347 1778 74 20 som
444 1769 30 38 ej
500 1769 79 39 fyllt
603 1770 37 29 17
663 1770 48 33 år,
735 1769 88 30 varit
846 1769 10 29 i
878 1770 138 29 tillfälle
1040 1772 49 27 att
1112 1770 111 29 under
1245 1769 57 30 två
1324 1770 38 29 år
1386 1771 89 38 ägna
1500 1769 50 40 sig
1572 1769 35 30 åt

121 1822 176 39 praktiskt
320 1823 223 38 yrkesarbete
569 1824 111 29 under
705 1823 130 30 sådana
860 1823 257 34 förhållanden,
1144 1825 49 27 att
1217 1823 71 29 han
1313 1823 71 30 kan
1410 1823 121 39 styrka
1557 1823 50 38 sig

122 1877 63 36 äga
212 1875 294 39 förutsättningar
534 1878 50 27 att
611 1876 228 39 tillgodogöra
868 1877 51 38 sig
946 1876 298 39 undervisningen
1271 1876 12 29 i
1310 1886 44 19 en
1381 1876 226 39 yrkesskolas

122 1929 224 33 ämneskurs;
372 1929 64 29 och
462 1930 112 29 skulle
599 1929 37 29 så
659 1939 84 20 vara
767 1930 107 33 fallet,
900 1931 81 37 äger
1006 1930 265 38 överstyrelsen,
1297 1929 115 30 såsom
1437 1929 171 30 motionä-

122 1991 102 20 rerna
247 1982 204 33 framhållit,
475 1984 70 28 rätt
568 1983 203 40 dispensera
793 1983 80 29 från
896 1984 290 29 åldersvillkoret.
1210 1984 114 38 Några
1347 1984 162 30 formella
1534 1984 74 30 svå-

121 2035 151 39 righeter
294 2037 59 28 äro
374 2035 74 30 icke
470 2036 232 40 förknippade
724 2038 79 29 med
824 2037 375 40 dispensförfarandet,
1223 2038 64 29 och
1309 2038 56 29 det
1388 2047 103 30 synes
1512 2039 96 29 över-

123 2089 169 39 styrelsen
314 2089 75 29 icke
413 2090 187 34 sannolikt,
624 2093 50 27 att
696 2091 114 38 någon
833 2092 154 28 sökande
1010 2091 44 39 på
1078 2092 112 38 grund
1214 2100 42 20 av
1279 2091 130 29 sådana
1432 2091 176 30 förmenta

123 2142 213 39 svårigheter
362 2144 111 28 skulle
500 2144 97 29 avstå
623 2144 80 29 från
729 2147 49 27 att
805 2145 157 38 fullfölja
988 2155 43 20 en
1057 2146 168 29 ansökan.
1253 2146 262 40 Överstyrelsen
1541 2147 67 29 till-

122 2195 113 38 fogar:

167 2258 67 28 För
257 2259 66 28 den
346 2259 164 37 ungdom,
535 2269 73 19 som
631 2259 260 30 motionärerna
914 2262 158 28 närmast
1096 2270 104 29 synas
1222 2261 45 29 ha
1290 2262 77 29 haft
1389 2261 11 29 i
1422 2263 185 32 tankarna,

123 2310 174 38 nämligen
325 2312 65 28 den
419 2321 72 18 som
521 2312 8 27 i
556 2312 153 30 hemmet
737 2313 66 29 fått
829 2313 71 29 viss
927 2314 201 28 erfarenhet
1155 2313 11 29 i
1192 2315 146 32 vävnad,
1368 2315 147 29 sömnad
1543 2315 64 28 och

124 2363 121 39 dylikt,
272 2364 117 29 finnas
413 2365 82 28 eller
522 2366 119 28 kunna
667 2367 175 28 anordnas
868 2367 281 38 lärlingskurser,
1175 2368 94 30 vilka
1293 2369 44 39 på
1362 2372 48 27 ett
1437 2370 80 29 fullt
1542 2370 67 29 till-

123 2417 269 29 fredsställande
415 2419 67 28 sätt
506 2419 95 28 torde
624 2419 85 38 fylla
731 2420 56 29 det
809 2421 151 28 avsedda
982 2421 200 30 ändamålet
1204 2422 64 29 och
1290 2423 78 29 med
1389 2423 95 29 vilka
1505 2433 104 20 ovan-

125 2471 152 28 nåmnda
301 2470 242 31 åldersvillkor
566 2472 30 39 ej
624 2474 38 27 är
685 2473 198 29 förbundet.

129 2534 10 27 I
190 2533 134 38 Bihang
349 2534 51 28 till
423 2534 204 38 riksdagens
649 2535 175 39 protokoll
849 2536 93 29 1948.
969 2537 38 28 13
1029 2537 100 29 saml.
1154 2537 14 28 1
1192 2537 77 29 avd.
1291 2538 49 28 Nr
1363 2538 28 29 4.
