1886 2836
308 194 19 30 4
619 191 118 31 Andra
756 190 245 38 lagutskottets
1021 189 177 31 utlåtande
1218 198 42 21 nr
1280 190 38 30 13
1337 188 40 31 år
1397 189 82 30 1968

351 301 273 39 Åldersgränsen
660 302 38 30 19
733 301 38 30 år
804 301 95 30 inom
933 297 688 41 yrkesskadeförsäkringen
1655 296 137 30 tillkom

308 356 89 31 efter
419 356 151 31 initiativ
593 357 10 29 i
628 356 185 38 riksdagen
836 355 124 30 hösten
986 354 82 31 1967
1096 354 99 34 (2LU
1220 352 177 34 1967:68).
1422 352 119 30 Andra
1566 350 228 39 lagutskottet

308 411 155 30 uttalade
482 410 43 31 då
542 411 51 29 att
612 410 56 30 det
686 410 70 30 kan
773 419 84 21 vara
875 409 139 38 befogat
1033 410 51 29 att
1101 408 46 30 ha
1166 417 135 21 samma
1320 407 221 37 åldersgräns
1560 405 96 30 inom
1676 405 118 37 yrkes-

309 464 355 38 skadeförsäkringen
691 464 63 30 och
781 462 442 39 tilläggspensioneringen,
1251 461 165 30 eftersom
1444 460 89 30 båda
1561 458 233 38 försäkrings-

310 519 178 30 formerna
510 519 117 30 kunde
650 527 100 21 anses
773 518 46 30 ha
842 517 167 30 karaktär
1032 526 40 21 av
1095 515 239 38 komplement
1356 514 53 31 till
1433 515 66 29 den
1523 513 179 31 allmänna
1725 512 69 31 för-

309 573 206 38 säkringens
538 573 238 38 grundskydd.

953 653 190 33 Utskottet

353 737 93 30 Barn
470 746 75 20 som
570 735 147 31 förlorat
741 735 114 38 någon
880 744 41 20 av
946 734 222 30 föräldrarna
1192 733 65 29 har
1282 732 70 32 rätt
1375 731 53 30 till
1454 729 236 39 barnpension
1716 728 80 30 från

310 790 367 38 folkpensioneringen
697 790 111 29 under
828 787 253 38 förutsättning
1101 788 50 29 att
1170 787 124 31 barnet
1313 786 39 30 är
1370 786 111 29 under
1504 784 38 30 16
1562 784 48 30 år.
1631 784 13 30 I
1663 782 134 31 föreva-

311 845 106 29 rande
438 844 172 30 motioner
631 843 121 37 begärs
775 844 50 29 att
847 843 185 37 riksdagen
1054 841 88 30 skall
1165 840 141 31 anhålla
1328 849 56 20 om
1406 838 131 38 förslag
1559 837 237 31 innebärande

310 898 50 29 att
378 897 236 37 barnpension
635 896 88 29 skall
743 896 83 37 utgå
843 895 52 30 till
915 895 64 29 och
999 895 78 29 med
1097 895 65 28 den
1183 894 127 28 månad
1330 893 123 29 barnet
1473 892 103 36 fyller
1597 891 39 29 19
1657 891 48 28 år.
1726 890 71 29 Mo-

310 951 201 30 tionärerna
531 950 167 30 hänvisar
720 949 155 38 speciellt
896 949 52 30 till
970 947 266 31 ensamstående
1259 946 168 30 kvinnors
1450 944 168 31 situation
1641 943 64 31 och
1728 952 69 21 me-

310 1014 64 21 nar
392 1006 50 28 att
459 1004 372 37 försörjningsbördan
848 1003 67 30 blir
932 1003 144 31 särskilt
1092 1003 86 36 tung
1196 1001 10 29 i
1225 1002 40 29 de
1283 1000 61 30 fall
1362 1000 123 30 barnet
1503 999 161 30 studerar
1679 997 118 30 vidare

310 1059 89 30 efter
417 1058 251 38 grundskolan.

356 1113 191 30 Samhället
569 1112 65 29 har
657 1112 44 37 på
725 1111 94 30 olika
842 1111 70 30 sätt
936 1110 137 31 försökt
1096 1111 122 36 trygga
1243 1107 261 38 försörjningen
1531 1106 55 30 för
1610 1106 87 30 barn
1723 1113 74 22 som

310 1167 72 29 helt
399 1166 82 30 eller
501 1165 107 30 delvis
628 1165 114 30 ställts
762 1166 85 29 utan
866 1164 223 30 ekonomiskt
1108 1163 77 30 stöd
1206 1162 79 30 från
1306 1162 40 30 de
1366 1169 165 30 personer
1551 1168 74 22 som
1646 1158 153 31 normalt

310 1221 65 29 har
394 1221 51 29 att
464 1229 101 20 svara
585 1219 56 30 för
657 1219 141 30 barnets
820 1218 195 37 uppehälle.
1036 1216 287 38 Barnpensionen
1344 1215 95 30 inom
1461 1212 338 39 folkpensionering-

311 1283 42 21 en
373 1275 38 29 är
430 1275 49 28 ett
498 1274 54 29 led
570 1273 11 30 i
601 1274 113 29 denna
733 1272 134 38 politik.
888 1272 119 30 Andra
1027 1271 252 37 komponenter
1299 1270 39 29 är
1357 1267 331 39 bidragsförskottet
1708 1266 91 30 samt

311 1328 254 37 barntilläggen
588 1327 94 30 inom
707 1326 408 37 socialförsäkringarna.
1136 1325 49 29 De
1208 1324 154 29 nämnda
1386 1321 260 31 stödformerna
1669 1321 39 29 är
1731 1319 68 31 alla

312 1382 136 29 knutna
467 1381 52 29 till
540 1381 266 36 åldersgränsen
828 1380 39 29 16
888 1379 47 29 år.

357 1435 117 37 Enligt
497 1434 188 30 utskottets
711 1433 140 38 mening
875 1434 39 28 är
938 1433 56 29 det
1019 1432 71 29 inte
1112 1431 157 37 lämpligt
1295 1431 50 29 att
1370 1429 55 30 för
1449 1438 42 20 en
1518 1438 40 20 av
1584 1428 41 29 de
1650 1427 150 37 angivna

313 1488 259 31 stödformerna
599 1487 141 30 isolerat
767 1487 85 37 höja
880 1486 265 37 åldersgränsen
1177 1485 38 30 16
1245 1484 48 34 år,
1323 1484 10 29 i
1363 1483 190 37 synnerhet
1581 1490 75 21 som
1686 1481 114 29 denna

312 1543 104 36 gräns
435 1542 132 36 hänger
586 1550 159 20 samman
765 1541 78 29 med
863 1540 260 37 åldersgränser
1142 1547 74 21 som
1237 1537 188 37 uppställts
1447 1536 55 29 för
1520 1536 109 29 andra
1650 1533 150 37 familje-

312 1595 166 38 politiska
499 1595 179 29 förmåner
700 1595 64 29 och
787 1594 93 29 inom
904 1592 417 37 familjebeskattningen.
1344 1590 177 31 Utskottet
1543 1589 39 30 är
1604 1587 103 31 alltså
1729 1587 71 30 inte

313 1649 111 30 berett
448 1650 49 29 att
520 1649 138 29 biträda
680 1648 278 29 motionärernas
983 1646 130 38 förslag
1138 1654 74 21 som
1237 1644 112 38 syftar
1370 1644 52 30 till
1449 1642 205 39 lagändring
1678 1641 123 30 enbart

313 1703 95 30 inom
432 1702 379 37 folkpensioneringen.
835 1701 178 31 Utskottet
1037 1709 102 21 anser
1162 1699 51 37 sig
1238 1698 192 30 emellertid
1455 1697 121 30 kunna
1600 1695 83 38 utgå
1707 1694 93 31 ifrån

314 1758 50 28 att
383 1756 334 37 sextonårsgränsen
736 1755 158 29 kommer
913 1755 50 28 att
982 1755 124 36 prövas
1126 1753 111 29 under
1256 1753 56 28 det
1333 1750 249 30 reformarbete
1600 1758 75 21 som
1695 1748 107 38 pågår

314 1810 95 30 inom
435 1809 308 37 familjepolitiken
770 1809 64 29 och
860 1809 65 29 den
953 1807 178 30 allmänna
1158 1805 300 38 pensioneringen.
1486 1801 316 39 Familjepolitiska

316 1863 207 30 kommittén
544 1863 65 29 har
630 1862 148 30 sålunda
798 1862 52 29 till
873 1861 51 37 sig
945 1861 68 29 fått
1033 1860 217 30 överlämnat
1272 1860 48 28 ett
1342 1857 285 37 motionsförslag
1647 1865 56 21 om
1725 1855 77 37 höj-

315 1918 83 37 ning
424 1926 41 20 av
492 1917 266 37 åldersgränsen
785 1915 55 30 för
866 1914 305 38 bidragsförskott.
1200 1908 602 40 Pensionsförsäkringskommittén

315 1970 89 30 skall
423 1970 107 37 enligt
547 1969 186 30 utfärdade
752 1968 289 38 tilläggsdirektiv
1061 1968 107 36 pröva
1187 1964 448 39 familjepensioneringens
1655 1962 148 30 utform-

315 2024 94 37 ning.
432 2023 215 30 Kommittén
670 2022 88 30 skall
780 2021 120 31 därvid
923 2021 143 30 särskilt
1088 2020 199 30 undersöka
1310 2018 227 38 möjligheten
1561 2018 51 28 att
1633 2016 11 30 i
1668 2015 135 30 framti-

316 2078 66 29 den
401 2077 10 30 i
431 2077 91 30 ökad
541 2076 212 37 omfattning
774 2076 156 36 anknyta
949 2072 534 39 familjepensionsförmånerna
1502 2071 52 29 till
1576 2070 142 30 barnen.

361 2132 77 28 Med
462 2130 211 37 hänvisning
699 2130 50 29 till
777 2130 56 29 det
859 2128 148 30 anförda
1032 2136 102 29 synes
1160 2126 106 38 något
1292 2126 203 36 riksdagens
1522 2123 151 30 initiativ
1700 2123 10 29 i
1737 2123 66 29 den

316 2184 216 30 behandlade
551 2183 124 37 frågan
693 2183 71 29 inte
783 2191 83 21 vara
884 2181 231 37 erforderligt.
1134 2180 178 30 Utskottet
1331 2178 56 30 får
1406 2177 120 31 därför
1545 2176 196 34 hemställa,

672 2237 50 31 att
738 2235 229 30 förevarande
983 2234 181 34 motioner,
1182 2233 96 30 I:273
1296 2232 64 30 och
1378 2231 123 34 II1:348,
1519 2231 75 29 icke
1611 2230 109 31 måtte
1736 2229 69 30 för-

628 2290 123 29 anleda
772 2289 114 37 någon
910 2288 203 37 riksdagens
1136 2286 131 38 åtgärd.

362 2371 202 31 Stockholm
585 2371 65 29 den
674 2370 37 29 12
731 2378 93 21 mars
848 2368 81 31 1968

751 2449 47 30 På
821 2449 109 30 andra
954 2448 245 38 lagutskottets
1220 2447 146 37 vägnar:

904 2529 118 29 AXEL
1041 2527 174 31 STRAND
