1886 2812
284 173 117 32 Första
420 174 204 34 kammarens
641 187 54 21 an
708 178 78 32 dra
807 180 165 39 tillfälliga
987 183 141 30 utskotts
1145 184 170 32 utlåtande
1330 196 41 20 nr
1387 188 46 28 12.
1585 188 17 29 1

777 395 63 40 Nr
865 397 73 40 12.

749 497 103 25 Ankom
869 498 40 25 till
925 498 152 33 riksdagens
1094 499 85 26 kansli
1196 502 49 24 den
1262 502 31 24 20
1310 502 60 31 juni
1387 503 64 25 1946
1467 503 34 28 kl,
1519 504 31 24 12
1567 512 33 16 m.

274 599 115 32 Första
410 600 201 33 kammarens
635 604 144 31 andra
805 605 166 41 tillfälliga
989 608 142 32 utskotts
1149 609 167 33 utlåtande
1335 610 12 31 i
1365 611 177 39 anledning
1561 623 39 21 av

435 655 115 30 väckta
578 656 157 32 motioner
760 658 67 31 dels
855 669 49 20 om
932 661 177 38 utredning
1135 663 58 30 och
1219 662 122 39 förslag
1367 665 165 37 angående
1561 675 39 21 en

437 708 124 31 teknisk
589 710 58 30 och
673 711 179 31 ekonomisk
877 713 139 31 kontroll
1039 716 76 29 över
1139 716 64 30 den
1228 716 205 32 industriella
1458 714 141 47 produk-

436 761 117 39 tionen,
586 762 67 32 dels
683 764 58 30 ock
773 775 50 20 om
855 766 178 39 utredning
1063 768 165 38 angående
1260 778 40 22 en
1329 770 128 38 effektiv
1489 772 109 38 statlig

435 814 294 34 kvalitetskontroll
743 818 45 37 på
802 819 169 38 saluförda
987 830 105 22 varor.

197 945 17 29 I
232 955 40 21 en
290 946 86 31 inom
394 947 104 32 första
515 949 187 32 kammaren
719 952 102 38 väckt,
840 953 52 31 till
909 953 72 32 dess
996 955 104 31 andra
1116 955 166 40 tillfälliga
1300 957 125 33 utskott
1440 957 158 32 hänvisad

113 998 130 39 motion,
264 1009 41 20 nr
324 1000 69 42 248,
415 1001 60 31 har
493 1002 77 31 herr
586 1003 165 40 Branting
769 1016 41 20 m.
829 1006 36 38 fl.
886 1007 171 39 hemställt,
1079 1008 68 35 ”att
1165 1010 171 38 riksdagen
1354 1011 11 30 i
1382 1011 152 32 skrivelse
1550 1012 50 31 till

111 1051 121 39 Kungl.
255 1052 102 39 Maj:t
378 1054 99 32 måtte
497 1056 132 31 anhålla
650 1067 50 21 om
719 1066 42 22 en
781 1059 299 39 förutsättningslös
1099 1062 176 39 utredning
1294 1063 201 33 beträffande
1514 1065 84 31 före-

111 1104 142 33 komsten
278 1106 89 31 inom
393 1107 180 33 industrien
599 1120 40 21 av
662 1111 121 32 sådana
808 1112 253 40 förfaringssätt,
1086 1125 69 21 som
1179 1119 80 28 utan
1283 1115 224 40 berättigande
1529 1118 68 31 skäl

112 1158 145 32 förkorta
281 1159 305 35 brukbarhetstiden
611 1164 53 31 för
689 1164 134 32 allmänt
847 1166 261 33 förekommande
1132 1169 209 39 nyttigheter,
1369 1169 113 33 liksom
1506 1171 93 32 också

112 1211 212 33 förekomsten
349 1224 39 20 av
412 1215 246 35 underlåtenhet
681 1220 52 28 att
756 1222 75 35 taga
853 1219 12 30 i
888 1219 83 32 bruk
995 1220 109 32 kända
1127 1222 369 39 tillverkningsmetoder
1520 1225 78 31 eller

111 1265 240 40 uppfinningar
378 1277 41 21 av
445 1269 173 38 uppenbar
644 1270 158 39 betydelse
830 1273 54 31 för
909 1274 331 40 varuförsörjningen,
1267 1281 84 28 samt
1376 1281 50 27 att
1451 1277 146 32 härefter

111 1318 181 40 framlägga
311 1320 40 31 de
370 1321 124 40 förslag
512 1323 51 31 till
581 1333 41 20 en
641 1324 125 32 teknisk
784 1326 58 31 och
861 1327 181 32 ekonomisk
1061 1328 142 32 kontroll
1221 1331 75 30 över
1312 1330 64 31 den
1393 1331 203 32 industriella

109 1371 246 46 produktionen,
373 1375 112 31 vartill
502 1377 217 39 utredningen
735 1379 52 30 må
804 1379 194 32 föranleda”.

195 1426 92 31 Inom
307 1427 105 31 andra
432 1427 183 34 kammaren
635 1430 61 31 har
716 1441 40 21 av
775 1432 75 31 herr
870 1433 181 40 Malmborg
1071 1434 11 30 i
1100 1434 188 32 Stockholm
1306 1446 41 23 m.
1370 1435 35 33 fl.
1426 1438 110 31 väckts
1556 1448 40 21 en

107 1478 73 31 med
198 1479 213 32 förenämnda
426 1481 121 32 motion
563 1483 207 38 likalydande
785 1485 122 31 motion
923 1496 41 21 nr
980 1487 70 30 381.

108 1584 78 30 herr
204 1585 142 31 Jansson
364 1586 11 30 i
395 1584 118 34 Örebro
531 1598 41 21 m.
592 1589 36 33 fl.
647 1589 170 40 hemställt,
837 1595 49 28 att
904 1592 169 39 riksdagen
1090 1594 99 31 måtte
1208 1594 125 32 besluta
1350 1600 50 27 att
1417 1597 10 30 i
1445 1596 149 32 skrivelse

108 1638 51 31 till
179 1638 119 39 Kungl.
319 1640 69 38 Maj
401 1646 21 27 :t
440 1640 117 39 begära
574 1643 176 39 utredning
768 1644 52 31 för
836 1646 254 37 genomförande
1107 1657 42 21 av
1166 1658 39 20 en
1222 1648 129 31 effektiv
1366 1649 112 39 statlig
1494 1650 100 31 kvali-

110 1691 203 32 tetskontroll
339 1693 201 33 omfattande
566 1695 87 31 inom
680 1697 111 31 landet
816 1697 189 34 tillverkade
1030 1704 84 27 samt
1140 1701 92 31 också
1257 1702 79 31 från
1362 1702 149 32 utlandet
1536 1704 58 30 im-

108 1745 168 37 porterade
293 1746 59 30 och
369 1747 43 37 på
429 1746 62 31 den
508 1749 136 31 svenska
660 1750 196 32 marknaden
873 1752 169 31 saluförda
1058 1763 105 21 varor.

191 1798 203 32 Motionerna
416 1800 53 30 II:
491 1802 61 30 134
572 1802 59 31 och
652 1802 54 31 II:
728 1804 58 30 381
807 1805 42 31 ha
870 1814 42 21 av
933 1805 102 32 andra
1054 1806 187 32 kammaren
1261 1808 167 31 hänvisats
1448 1809 51 31 till
1520 1809 73 32 dess

106 1850 104 32 andra
228 1851 167 39 tillfälliga
413 1853 130 31 utskott.

191 1904 16 29 I
229 1905 132 30 ärendet
381 1905 42 32 ha
444 1907 174 36 yttranden
640 1907 174 33 inhämtats
833 1910 76 31 från
928 1913 121 30 statens
1069 1912 132 31 institut
1221 1913 52 31 för
1293 1913 192 39 folkhälsan,
1506 1915 87 31 kom-

104 1956 264 41 merskollegium,
392 1962 124 33 patent-
538 1960 58 30 och
621 1960 346 41 registreringsverket,
990 1968 122 27 statens
1134 1966 311 39 provningsanstalt,
1469 1971 123 28 statens

108 2009 310 41 uppfinnarnämnd,
441 2012 174 33 Hemmens
633 2014 315 41 forskningsanstalt,
970 2017 148 39 Sveriges
1137 2019 288 39 grossistförbund,
1447 2020 146 40 Sveriges

105 2062 294 39 industriförbund,
420 2065 216 38 Kooperativa
654 2067 176 35 förbundet
849 2070 58 30 och
928 2070 148 38 Sveriges
1094 2071 337 37 köpmannaförbund.

189 2116 130 31 Statens
338 2117 130 31 institut
488 2119 52 37 för
560 2120 183 37 folkhälsan
763 2125 108 34 yttrar
890 2123 47 38 sig
958 2123 113 31 endast
1091 2123 203 34 beträffande
1313 2136 94 21 varor
1426 2137 39 20 av
1483 2127 107 32 direkt

104 2168 166 38 hygienisk
293 2169 170 39 betydelse.
489 2172 170 32 Institutet
682 2184 93 21 anser
796 2174 291 33 kvalitetskontroll
1110 2187 78 21 vara
1210 2188 41 21 av
1273 2179 136 31 särskild
1427 2175 164 48 betydelse

106 2221 52 30 för
180 2221 163 32 livsmedel
366 2223 58 31 och
447 2224 96 31 anför
565 2225 40 31 de
626 2225 244 40 bestämmelser,
893 2238 67 21 som
982 2229 100 31 redan
1104 2229 118 35 finnas.
1244 2231 67 30 För
1331 2240 99 22 varor
1451 2233 10 29 i
1481 2233 110 31 slutna

104 2274 254 39 förpackningar
386 2276 146 32 förordas
561 2287 38 21 en
625 2278 159 39 utvidgad
809 2280 402 40 deklarationsskyldighet
1238 2283 138 32 rörande
1403 2284 185 32 innehållet.

105 2324 88 32 Även
219 2327 10 29 i
255 2328 106 37 övrigt
386 2328 148 31 förordas
558 2339 39 21 en
621 2330 158 39 utvidgad
802 2331 149 32 kontroll.
978 2333 168 33 Institutet
1170 2334 152 32 förordar
1343 2339 51 28 att
1417 2336 39 31 de
1479 2333 109 47 organ,

104 2389 65 20 som
194 2380 61 36 äga
279 2380 178 31 kännedom
481 2391 50 21 om
556 2382 203 39 förefintliga
783 2383 126 39 brister,
935 2386 174 31 verkställa
1134 2387 179 39 utredning
1337 2388 85 31 inom
1445 2389 57 32 sitt
1526 2400 63 20 om-

104 2432 75 30 råde
200 2436 81 27 samt
302 2436 48 27 att
370 2443 38 20 en
429 2433 120 32 allmän
568 2436 136 37 översyn
726 2447 39 20 av
783 2436 63 31 den
864 2437 188 39 hygieniska
1070 2438 245 40 lagstiftningen
1335 2441 192 32 verkställes.

147 2520 127 39 Bihang
293 2521 50 31 till
360 2522 186 38 riksdagens
562 2525 160 37 protokoll
739 2528 89 30 1946.
856 2529 40 27 12
911 2527 88 31 saml.
1026 2531 20 27 2
1062 2528 71 31 avd.
1161 2529 50 30 Nr
1227 2532 131 28 12—13.
1571 2532 16 29 1
