1898 2824
90 1681 134 24 Utskottet.

333 179 19 31 2
652 183 392 39 Jordbruksutskottets
1073 187 186 36 utlåtande
1286 190 53 33 Nr
1366 191 50 32 66.

286 257 112 32 skulle
422 259 106 32 under
552 260 65 31 den
641 262 60 36 tid,
726 263 148 31 kolonist
897 265 167 32 innehade
1087 267 172 32 kolonatet
1283 269 76 31 med
1382 270 261 38 nyttjanderätt,
1661 272 129 33 betalas

286 320 44 20 av
365 312 118 31 staten.
529 313 74 31 Den
640 315 40 30 18
713 315 174 33 december
920 318 83 31 1925
1028 319 177 32 utfärdade
1229 321 131 36 Kungl.
1385 322 99 37 Maj:t
1507 324 204 37 kungörelse
1735 326 55 39 (nr

286 363 75 38 486)
396 365 74 30 med
494 366 461 37 tillämpningsföreskrifter
977 371 56 30 till
1055 373 151 31 nämnda
1230 374 210 35 kungörelse.
1487 376 172 38 Slutligen
1683 378 106 31 utfär-

285 415 86 31 dade
400 416 131 37 Kungl.
556 418 100 37 Maj:t
679 420 65 31 den
767 422 40 30 17
831 422 176 32 december
1030 424 84 31 1926
1139 425 221 37 kungörelser
1384 429 53 36 (nr
1461 428 62 32 511
1548 430 62 30 och
1635 431 74 37 515)
1732 441 55 21 om

283 468 191 37 ändringar
496 470 12 30 i
533 471 92 30 vissa
648 472 95 31 delar
765 483 45 20 av
833 475 225 36 nyssberörda
1081 477 222 36 kungörelser
1326 489 42 21 nr
1392 480 60 31 291
1477 481 62 30 och
1563 476 175 51 486/1925.

327 521 151 32 Jämlikt
506 523 38 31 de
568 524 12 30 i
604 526 116 30 ämnet
743 526 83 31 1925
850 529 153 35 antagna
1026 529 204 32 förändrade
1252 531 299 33 bestämmelserna
1575 534 213 37 handläggas

283 573 119 37 frågor
435 585 55 21 om
524 576 406 39 kolonisationsåtgärder
963 591 144 22 numera
1140 593 45 20 av
1219 584 76 36 fyra
1330 585 167 31 särskilda
1530 586 257 33 kolonisations-

282 628 178 34 nämnder,
485 629 177 36 nämligen
685 640 40 21 en
749 631 53 31 för
824 632 223 32 Norrbottens
1071 635 67 36 län,
1163 645 41 21 en
1228 636 52 31 för
1303 636 259 33 Västerbottens
1586 639 67 36 län,
1675 650 40 21 en
1733 641 54 30 för

282 679 198 32 Jämtlands
513 682 61 30 och
598 682 306 33 Västernorrlands
929 686 57 30 län
1010 688 88 30 samt
1121 697 41 21 en
1186 688 53 31 för
1263 688 208 38 Gävleborgs
1494 691 69 31 län.
1610 692 176 37 Därjämte

281 732 65 30 har
369 732 131 37 Kungl.
525 734 102 36 Maj:t
650 736 184 36 uppdragit
857 739 37 29 åt
917 738 292 37 domänstyrelsen
1232 743 51 29 att
1306 742 193 32 tillsvidare
1522 744 151 36 fullgöra
1696 746 89 30 kolo-

280 785 299 33 nisationsnämnd
614 788 261 33 tillkommande
910 791 206 36 åligganden
1152 794 140 31 rörande
1328 795 91 30 inom
1453 796 242 38 Kopparbergs
1727 799 57 30 län

280 837 149 32 beslutat
452 839 392 34 kolonisationsområde.

323 941 214 34 Motionären
571 946 103 35 utgår
708 946 78 31 från
821 949 51 29 att
907 948 237 32 innehavarna
1177 960 44 20 av
1256 950 140 33 kolonat
1419 953 20 30 å
1462 953 277 36 kronoparkerna
1771 957 12 30 i

278 994 174 33 Norrland
475 997 61 30 och
560 997 153 32 Dalarna
733 1000 42 35 på
791 1000 113 36 grund
920 1011 45 20 av
981 1001 65 31 den
1062 1002 83 30 efter
1161 1002 198 32 kolonatens
1375 1005 208 36 utläggande
1600 1007 183 32 inträffade

278 1048 316 37 lågkonjunkturen
619 1051 11 30 i
655 1053 125 34 många
814 1052 64 31 fall
914 1054 144 31 kommit
1082 1055 11 29 i
1117 1065 41 20 en
1191 1056 215 32 ekonomiskt
1436 1057 156 32 ohållbar
1615 1060 167 37 ställning

277 1101 62 30 och
375 1101 75 32 icke
484 1103 118 30 kunna
638 1104 150 36 fullgöra
812 1106 76 30 sina
912 1106 239 36 förpliktelser.
1197 1108 183 32 Bristande
1403 1110 276 38 arbetsförtjänst
1702 1123 80 21 vore

276 1154 127 31 härvid
439 1155 64 30 den
536 1158 88 29 mest
648 1157 257 32 framträdande
929 1159 142 31 orsaken
1096 1178 38 3 —
1160 1161 11 29 i
1195 1160 89 32 detta
1308 1162 164 31 avseende
1496 1163 179 32 förutsatte
1699 1166 82 31 dock

276 1207 224 36 motionären,
524 1210 51 29 att
599 1209 290 37 domänstyrelsen
913 1211 110 31 skulle
1046 1212 119 31 kunna
1181 1213 238 32 åstadkomma
1435 1215 209 38 förbättring
1659 1227 121 27 genom

275 1259 222 32 anordnande
531 1261 9 30 i
567 1263 106 29 större
708 1263 240 37 utsträckning
983 1275 44 20 av
1062 1265 259 32 kulturarbeten
1345 1267 20 30 å
1388 1267 279 37 skogsparkerna.
1713 1270 68 31 För

275 1313 52 29 att
359 1313 230 31 kolonisterna
616 1314 112 32 skulle
751 1316 119 30 kunna
894 1316 150 37 fullgöra
1067 1318 76 30 sina
1167 1327 119 27 genom
1311 1319 205 32 kontrakten
1540 1323 127 35 åtagna
1691 1324 89 36 skyl-

276 1364 156 36 digheter
467 1376 79 21 vore
581 1367 189 31 emellertid
805 1371 88 28 även
926 1370 108 30 andra
1057 1370 160 36 åtgärder
1240 1372 233 37 erforderliga.
1518 1374 123 37 Enligt
1664 1376 115 31 motio-

274 1419 125 29 närens
434 1419 223 37 uppfattning
693 1430 78 21 vore
803 1421 38 30 de
866 1422 139 36 värden,
1029 1432 72 21 som
1125 1424 88 35 lagts
1235 1424 54 30 till
1314 1425 111 35 grund
1451 1426 51 30 för
1526 1426 40 31 de
1588 1427 111 37 årliga
1723 1438 56 21 av-

274 1470 162 35 gälderna
459 1471 62 31 och
544 1472 12 30 i
580 1473 82 30 sista
686 1473 90 30 hand
801 1474 315 37 köpeskillingarna
1140 1476 52 30 för
1215 1476 192 37 kolonaten,
1425 1478 57 30 väl
1499 1478 82 37 högt
1594 1482 182 34 upptagna.

274 1522 54 31 En
352 1524 173 36 reglering
548 1535 44 20 av
616 1525 96 31 dessa
736 1526 127 31 värden
887 1526 103 32 borde
1014 1527 114 31 därför
1151 1530 64 34 äga
1238 1539 77 20 rum
1339 1530 61 30 och
1425 1530 52 31 för
1500 1531 91 31 detta
1615 1533 161 32 ändamål

273 1575 171 37 företagas
467 1586 42 21 en
532 1577 255 37 undersökning
811 1589 44 20 av
880 1580 160 35 samtliga
1064 1580 147 32 kolonat.

317 1679 65 31 Det
416 1680 92 31 torde
543 1691 85 21 vara
663 1682 223 37 obestridligt,
921 1684 51 30 att
999 1683 63 31 den
1086 1685 226 31 norrländska
1335 1686 405 34 försökskolonisationen
1764 1691 12 30 i

273 1732 94 30 vissa
389 1733 190 31 avseenden
604 1734 61 31 lett
689 1735 56 30 till
768 1735 133 31 mindre
925 1738 185 34 gynnsamt
1133 1737 152 31 resultat.
1325 1737 190 33 Orsakerna
1539 1741 120 31 härtill
1683 1742 92 31 torde

272 1785 12 29 i
313 1785 173 36 väsentlig
520 1787 81 29 mån
636 1786 144 31 hänföra
814 1788 54 35 sig
903 1788 56 30 till
993 1788 63 31 den
1090 1790 306 37 omständigheten,
1431 1793 52 30 att
1515 1793 260 32 verksamheten

272 1837 210 36 igångsattes
517 1838 109 31 under
659 1839 165 31 kristiden
857 1840 63 30 och
943 1842 51 29 att
1017 1851 142 21 numera
1182 1845 160 29 avsevärt
1364 1843 148 32 ändrade
1537 1845 238 33 förhållanden

272 1889 84 31 råda
377 1890 11 30 i
407 1890 38 31 de
470 1891 139 35 trakter,
635 1901 118 21 varom
776 1892 64 30 här
863 1895 39 27 är
926 1893 107 36 fråga,
1057 1893 145 31 framför
1218 1895 64 30 allt
1297 1896 12 29 i
1327 1895 97 37 fråga
1441 1906 54 21 om
1511 1894 264 44 möjligheterna

272 1942 56 30 till
362 1943 286 36 arbetsförtjänst.
694 1944 82 31 Man
810 1945 95 30 torde
939 1946 61 30 ock
1034 1946 117 31 kunna
1185 1948 85 35 utgå
1303 1948 79 31 från
1409 1950 50 29 att
1482 1950 151 31 värdena
1656 1952 19 29 å
1698 1952 75 35 jord

270 1995 62 30 och
371 1995 207 37 byggnader,
603 1997 12 29 i
639 1996 64 31 den
737 1998 80 29 mån
853 1998 40 30 de
927 1999 133 34 grunda
1094 2000 51 35 sig
1179 2001 43 34 på
1249 2001 183 31 kristidens
1455 2002 116 36 priser,
1596 2013 48 21 nu
1667 2005 107 30 måste

270 2057 98 21 anses
404 2058 84 21 vara
516 2048 52 31 för
592 2049 82 36 högt
697 2052 183 34 upptagna.
927 2051 52 31 Då
1003 2051 94 31 dessa
1121 2052 128 31 värden
1273 2054 143 31 inverka
1440 2056 41 34 på
1505 2055 119 37 legans
1647 2057 126 30 storlek

269 2100 155 31 kommer
447 2101 192 31 kolonisten
663 2103 50 30 att
736 2102 202 37 härigenom
962 2104 199 37 ytterligare
1184 2105 175 36 betungas.
1398 2107 50 30 På
1471 2109 67 29 sätt
1559 2109 213 31 motionären

270 2152 202 31 framhåller
495 2153 63 31 har
581 2154 111 31 denna
716 2154 97 36 fråga
836 2165 49 21 nu
909 2156 103 31 blivit
1035 2157 140 31 särskilt
1197 2158 131 31 aktuell
1353 2167 122 27 genom
1498 2162 51 29 att
1568 2161 203 31 frihetsåren

269 2205 75 36 gått
378 2205 55 31 till
467 2205 87 31 ända
589 2206 53 31 för
675 2207 40 31 de
748 2207 142 36 tidigast
924 2208 140 36 utlagda
1096 2210 191 31 kolonaten.
1333 2211 65 31 Att
1431 2214 47 29 ett
1501 2214 84 30 stort
1608 2214 96 30 antal
1726 2225 45 20 av

268 2257 96 31 dessa
397 2258 186 31 kolonister
616 2259 104 31 redan
744 2260 91 30 förut
859 2260 134 31 befinna
1017 2262 50 36 sig
1092 2262 12 30 i
1127 2272 41 21 en
1192 2264 80 29 svår
1295 2264 168 36 ställning
1487 2265 92 31 torde
1604 2276 83 21 vara
1711 2267 60 31 all-

268 2311 98 29 mänt
398 2310 94 31 känt.
538 2311 150 31 Särskilt
718 2312 39 31 de
780 2312 196 37 kolonister,
1001 2323 71 21 som
1096 2315 112 36 själva
1231 2316 139 36 uppfört
1393 2317 75 30 sina
1491 2317 196 37 byggnader
1710 2320 60 30 och

267 2362 56 30 till
347 2362 87 36 följd
458 2363 107 31 därav
589 2364 12 30 i
624 2364 189 31 allmänhet
835 2367 89 29 även
947 2366 91 30 hava
1061 2368 51 29 att
1135 2367 153 32 förränta
1303 2370 48 29 ett
1367 2368 101 37 drygt
1485 2371 167 35 upplånat
1667 2371 103 36 bygg-

268 2414 229 37 nadskapital,
522 2416 94 31 torde
639 2417 12 30 i
675 2418 126 34 många
825 2417 63 31 fall
912 2418 122 36 dragas
1058 2419 76 31 med
1158 2421 254 36 oöverkomliga
1434 2422 223 36 svårigheter.

311 2467 55 30 En
400 2468 255 37 undersökning
690 2480 44 20 av
768 2479 47 21 nu
851 2470 141 31 berörda
1016 2471 238 32 förhållanden
1277 2473 11 30 i
1313 2473 160 32 ändamål
1496 2476 52 30 att
1571 2477 133 35 utröna,
1727 2477 43 35 på

267 2519 68 32 vad
359 2521 68 30 sätt
450 2531 41 20 en
515 2521 111 36 skälig
643 2522 172 37 reglering
831 2533 43 20 av
891 2523 173 32 desamma
1080 2525 57 30 må
1152 2525 117 31 kunna
1285 2526 265 38 åvägabringas,
1567 2538 99 27 synes
1682 2531 87 29 även
