2202 2640
426 205 18 28 2
878 205 367 30 Konstitutionsutskottets
1272 206 152 30 Utlåtande
1446 207 57 29 N:o
1526 209 50 27 21.

425 279 118 37 behof
565 279 124 38 blifvit
714 281 13 35 i
754 281 233 48 vederbörlig
1015 282 160 49 ordning
1203 283 166 46 utredda,
1396 288 54 31 att
1476 297 135 34 genom
1638 284 156 36 särskild
1825 285 207 49 bevillning

424 331 185 46 tillskjuta
636 330 45 37 de
706 331 130 45 medel,
863 345 78 23 som
968 332 59 36 för
1053 333 195 37 betalande
1275 333 41 37 af
1332 334 120 36 denna
1475 335 97 45 gäld,
1590 335 59 36 till
1667 341 107 30 ränta
1792 336 69 35 och
1881 336 150 48 kapital,

426 382 234 48 oumbärliga
685 382 131 45 finnas,
844 382 39 36 så
910 388 54 31 att
990 384 114 36 rikets
1130 383 122 37 kredit
1278 384 133 37 varder
1437 385 208 37 bibehållen
1675 386 69 36 och
1771 386 151 36 vårdad.

1177 516 19 49 $
1224 523 56 33 72.

527 617 235 38 Riksbanken
803 617 195 38 förblifver
1037 619 119 37 under
1195 620 228 46 Riksdagens
1464 634 90 33 egen
1594 622 146 47 garanti
1767 622 69 35 och
1863 622 103 45 vård,
1993 622 39 37 så

424 672 54 31 att
506 667 70 37 den
606 669 125 36 ostörd
758 669 61 36 må
845 668 178 38 förvaltas
1051 669 41 36 af
1117 670 44 36 de
1186 670 242 49 fullmägtige,
1456 672 197 36 kamrarne
1680 672 123 37 dertill
1842 672 188 45 förordna,

424 717 93 37 efter
556 718 41 36 af
632 719 163 47 Konung
835 720 68 36 och
940 720 164 48 Riksdag
1139 728 228 42 gemensamt
1392 721 128 37 stiftad
1547 724 62 47 lag
1635 728 95 30 samt
1757 723 45 36 de
1829 723 203 47 ordningar

425 769 71 36 och
523 771 259 47 reglementen,
810 770 127 37 hvilka
962 771 116 36 redan
1105 772 132 47 gjorda
1264 780 62 28 äro
1354 773 87 36 eller
1467 773 127 36 vidare
1621 772 41 36 af
1685 773 211 47 Riksdagen
1923 782 108 40 göras

423 819 139 37 kunna.
614 820 209 49 Riksdagen
864 822 121 35 allena
1025 835 85 33 eger
1148 836 135 33 genom
1322 824 146 35 banken
1508 823 144 47 utgifva
1691 824 130 46 sedlar,
1859 838 79 23 som
1973 825 59 36 för

422 876 110 43 mynt
558 872 12 34 i
597 872 94 35 riket
717 871 61 36 må
805 872 189 36 erkännas.
1048 873 113 36 Dessa
1187 874 121 35 sedlar
1334 874 111 45 skola,
1473 874 64 37 vid
1564 874 213 49 anfordran,
1806 875 93 37 efter
1926 876 105 36 deras

422 921 152 49 lydelse,
601 921 83 37 med
712 921 126 38 silfver
865 924 89 35 eller
980 923 92 49 guld
1100 923 40 36 af
1162 924 147 37 banken
1337 925 143 36 inlösas.

1004 1108 441 47 Riksdagsordningen.

1175 1242 19 49 $
1224 1249 56 33 71.

529 1347 29 33 1.
611 1342 208 51 Riksdagen
861 1344 93 36 skall
994 1345 128 48 hvarje
1162 1345 41 37 år
1242 1359 134 35 genom
1411 1346 217 49 fyratioåtta
1653 1348 159 45 valmän,
1840 1347 40 36 af
1903 1348 129 36 hvilka

422 1392 184 39 hvardera
632 1396 213 35 kammaren
872 1396 103 35 inom
1003 1397 56 45 sig
1087 1402 97 31 utser
1210 1397 203 49 tjugufyra,
1440 1398 100 47 välja
1562 1397 234 47 fullmägtige
1814 1404 55 30 att
1883 1399 147 47 jemlikt

422 1444 335 50 regeringsformen
798 1446 242 37 riksbankens
1082 1448 68 35 och
1190 1448 376 48 riksgäldskontorets
1607 1449 119 36 medel
1754 1450 69 35 och
1850 1450 181 48 tillhörig-

422 1497 104 35 heter
552 1495 167 38 förvalta.

526 1550 32 33 2.
609 1547 245 46 Fullmägtige
892 1548 104 35 skola
1036 1549 11 35 i
1087 1549 199 36 hvartdera
1326 1549 127 36 verket
1488 1562 90 24 vara
1614 1549 85 46 åtta,
1727 1549 41 36 af
1792 1551 129 36 hvilka
1947 1550 84 50 fyra

422 1596 142 47 årligen
592 1596 84 48 afgå
702 1599 12 34 i
742 1598 72 36 den
842 1598 160 46 ordning
1029 1612 135 36 genom
1191 1601 110 35 valen
1329 1600 232 45 bestämmes;
1589 1601 69 35 och
1685 1607 97 30 utses
1806 1600 224 50 fullmägtig,

422 1648 86 36 med
536 1648 192 46 undantag
754 1647 60 38 för
839 1649 67 36 här
931 1649 124 36 nedan
1083 1650 173 36 särskildt
1283 1650 156 36 anförda
1464 1650 78 45 fall,
1569 1650 59 37 för
1654 1651 102 36 tiden
1774 1650 80 37 från
1876 1652 61 36 det
1955 1653 74 35 han

422 1699 106 45 valts,
568 1700 98 35 intill
693 1699 80 36 dess
800 1700 62 36 val
889 1699 40 36 af
950 1699 234 51 fullmägtige
1211 1701 119 36 under
1357 1702 153 46 lagtima
1535 1701 198 47 riksdagen
1760 1702 21 36 å
1808 1702 118 36 andra
1953 1702 79 38 året

423 1748 160 38 derefter
621 1749 204 49 försiggått.
889 1749 193 47 Afgående
1121 1750 214 49 fullmägtig
1373 1753 73 34 kan
1487 1752 204 48 återväljas.
1755 1752 147 37 Varder
1945 1753 86 36 full-

422 1801 143 45 mägtig
591 1800 163 37 ledamot
780 1800 42 36 af
844 1801 195 37 statsrådet
1066 1803 89 35 eller
1181 1803 168 36 kommer
1376 1803 72 35 han
1476 1803 11 35 i
1521 1803 71 36 den
1633 1804 186 48 ställning,
1860 1809 55 31 att
1954 1805 74 35 han

418 1851 151 46 jemlikt
595 1848 18 49 $
642 1854 44 34 26
714 1852 80 35 icke
820 1851 60 36 må
905 1851 119 37 såsom
1051 1853 257 46 riksdagsman
1336 1853 225 48 godkännas,
1588 1853 189 37 frånträde
1805 1855 72 35 han
1901 1860 130 40 genast

422 1900 258 49 befattningen
706 1901 120 37 såsom
853 1901 226 50 fullmägtig.
1133 1903 78 36 Har
1236 1903 214 47 fullmägtig
1476 1903 80 37 före
1583 1904 188 48 utgången
1809 1904 40 37 af
1872 1905 72 36 den
1972 1905 60 36 för

421 1952 142 36 honom
602 1952 190 36 bestämda
826 1953 320 48 tjenstgöringstid
1181 1954 120 36 aflidit
1328 1955 89 36 eller
1443 1954 41 36 af
1509 1968 124 23 annan
1661 1957 109 34 orsak
1797 1955 118 48 afgått
1942 1957 89 35 eller

421 2002 69 36 har
518 2002 265 37 ansvarsfrihet
810 2004 138 36 honom
977 2011 157 40 vägrats,
1161 2006 174 36 anställes
1362 2004 227 50 fyllnadsval
1615 2005 59 37 för
1701 2006 71 37 den
1791 2006 64 46 tid,
1874 2020 80 22 som
1972 2006 59 37 för

421 2053 141 36 honom
590 2053 173 37 iterstått.

526 2107 32 33 3.
611 2104 71 36 Val
722 2104 41 37 af
784 2104 236 49 fullmägtige
1046 2106 12 35 i
1086 2106 223 36 riksbanken
1337 2107 173 35 anställes
1538 2106 79 37 före
1644 2108 61 35 val
1733 2107 41 36 af
1796 2107 234 49 fullmägtige

422 2154 12 35 1
460 2154 366 46 riksgäldskontoret.
879 2155 74 37 Vid
981 2156 46 36 de
1055 2155 180 46 tillfällen,
1264 2157 46 35 då
1336 2156 48 47 på
1410 2170 44 23 en
1482 2157 99 48 gång
1607 2158 62 35 val
1695 2157 41 37 af
1758 2159 168 46 samtlige
1954 2159 76 35 åtta

421 2203 236 49 fullmägtige
697 2206 12 35 i
748 2205 202 48 någotdera
976 2207 129 36 verket
1131 2220 83 32 eger
1240 2220 93 31 rum,
1362 2208 104 35 skola
1492 2221 134 32 genom
1654 2208 179 36 särskilda
1860 2210 60 35 val
1946 2208 84 50 fyra

422 2261 99 31 utses
561 2255 59 37 för
657 2256 101 37 tiden
796 2257 75 35 tills
898 2262 85 44 nytt
1010 2258 61 36 val
1099 2257 20 36 å
1145 2257 117 37 andra
1290 2258 67 36 och
1384 2257 85 50 fyra
1494 2258 61 36 för
1580 2258 101 37 tiden
1709 2259 74 36 tills
1810 2265 86 39 nytt
1921 2261 62 35 val
2010 2260 21 36 å
