1884 2800
1553 163 18 30 ut

460 160 421 37 Bevillningsutskottets
900 161 224 32 betänkande
1142 162 52 31 Nr
1220 163 49 30 17.

789 407 58 40 Nr
876 408 59 40 17.

540 525 113 23 Ankom
674 526 44 22 till
738 525 162 31 riksdagens
921 526 91 24 kansli
1033 527 52 23 den
1107 528 33 22 23
1161 528 122 23 februari
1306 528 64 23 1926
1391 528 35 23 kl.
1450 529 27 22 11
1501 529 14 22 f.
1540 536 35 15 m.

212 624 415 38 Bevillningsutskottets
663 625 230 37 betänkande,
918 627 12 30 i
953 627 191 37 anledning
1178 638 44 21 av
1257 628 105 32 väckt
1395 630 135 30 motion
1554 639 57 21 om

412 678 263 36 förtydligande
709 678 85 31 eller
828 680 135 30 ändrad
994 679 132 37 lydelse
1159 690 44 21 av
1228 682 39 30 17
1291 675 22 41 $
1336 683 18 28 5
1378 691 103 21 mom.
1507 682 13 30 i
1542 682 70 35 för-

412 730 196 35 ordningen
642 730 65 30 den
745 732 39 28 14
819 730 80 36 juni
924 732 81 30 1917
1030 732 181 35 angående
1234 732 214 37 försäljning
1471 743 44 21 av
1538 743 73 21 rus-

413 781 156 36 drycker.

1389 829 64 35 (2:a
1477 828 91 34 avd.)

145 918 18 31 I
201 928 41 21 en
281 919 95 30 inom
413 919 106 31 första
556 920 203 30 kammaren
799 921 112 36 väckt,
947 922 53 30 till
1034 922 374 37 bevillningsutskottet
1443 924 167 30 hänvisad

101 971 139 36 motion,
265 981 41 21 nr
332 971 51 36 55,
407 971 63 31 har
493 972 79 30 herr
595 972 113 37 Berge
724 972 187 37 hemställt,
931 975 68 30 »att
1015 975 185 37 riksdagen
1217 977 106 29 måtte
1340 976 132 31 besluta
1488 976 122 31 sådant

101 1023 259 37 förtydligande
394 1024 83 31 eller
512 1025 107 30 sådan
654 1025 132 30 ändrad
822 1025 128 36 lydelse
984 1037 46 19 av
1054 1027 40 30 17
1118 1028 18 37 $
1161 1028 17 30 5
1203 1037 101 21 mom.
1330 1028 11 30 i
1365 1028 245 36 förordningen

102 1075 65 30 den
202 1076 40 29 14
276 1075 78 36 juni
387 1076 85 30 1917
496 1077 177 36 angående
696 1077 211 36 försäljning
930 1089 45 19 av
1000 1079 215 36 rusdrycker,
1239 1082 51 28 att
1314 1080 107 30 därav
1446 1081 164 35 framgår,

101 1128 51 29 att
187 1127 215 36 Konungens
437 1128 372 37 befallningshavande
842 1131 67 34 må,
942 1133 85 28 utan
1061 1131 124 31 hinder
1213 1142 45 20 av
1283 1132 267 36 ”huvudregeln',
1573 1142 37 20 sa

101 1179 102 36 länge
226 1180 167 36 rättighet
415 1180 57 30 till
496 1181 234 36 detaljhandel
755 1181 31 36 ej
810 1182 156 35 upplåtes
990 1183 95 30 inom
1108 1184 110 30 andra
1243 1184 202 30 kommuner
1461 1187 45 28 än
1522 1184 88 34 dem,

101 1232 115 30 varest
241 1232 98 30 såväl
364 1233 40 29 år
428 1233 84 30 1918
537 1242 73 21 som
630 1234 40 29 år
687 1233 84 31 1924
789 1234 62 30 och
868 1234 77 31 hela
962 1235 94 30 tiden
1073 1235 149 31 därefter
1239 1236 163 36 rättighet
1419 1236 55 31 till
1492 1237 118 36 detalj-

101 1283 126 31 handel
262 1285 150 35 utövats,
446 1294 84 21 vare
564 1286 54 35 sig
653 1286 215 36 rättigheten
903 1287 39 30 år
977 1288 84 30 1918
1096 1289 142 30 utövats
1262 1298 43 21 av
1331 1288 102 37 bolag
1456 1289 88 31 eller
1565 1299 45 21 av

100 1336 172 35 enskilda,
308 1337 120 30 kunna
451 1337 143 36 upplåta
617 1337 108 31 sådan
750 1338 165 36 rättighet
938 1340 35 29 åt
997 1340 37 29 så
1058 1340 127 36 många
1210 1340 110 36 bolag,
1345 1350 71 21 som
1440 1341 108 31 under
1571 1343 39 29 år

102 1388 84 30 1918
210 1388 96 30 inom
330 1389 94 30 länet
447 1391 122 29 utövat
593 1390 165 36 rättighet
782 1390 56 31 till
863 1391 234 35 detaljhandel
1122 1392 76 30 med
1224 1392 206 31 brännvin».

142 1440 222 31 Beträffande
398 1441 253 36 motiveringen
686 1442 53 31 för
773 1442 91 31 detta
887 1443 137 36 förslag,
1049 1444 11 30 i
1083 1444 65 30 den
1171 1445 81 30 mån
1276 1445 193 31 densamma
1493 1446 29 36 ej
1547 1446 64 31 här

100 1491 112 33 nedan
235 1492 144 36 beröres,
403 1493 56 30 får
483 1494 162 30 utskottet
669 1494 147 30 hänvisa
839 1495 55 30 till
919 1495 181 31 motionen.

143 1690 129 31 Genom
296 1691 203 36 förordning
523 1692 63 30 den
611 1693 18 30 9
653 1693 78 35 juni
757 1694 84 30 1922
866 1695 155 35 vidtogos
1045 1695 90 30 vissa
1152 1695 187 37 ändringar
1355 1697 11 29 i
1382 1696 104 31 bland
1502 1699 107 28 annat

102 1743 40 30 17
167 1743 18 37 $
209 1743 18 29 5
252 1752 102 22 mom.
380 1743 669 40 rusdrycksförsäljningsförordningen,
1073 1747 233 32 innebärande
1322 1748 231 37 begränsning
1566 1759 43 20 av

99 1794 56 31 det
177 1795 97 30 antal
298 1795 100 36 bolag
422 1796 55 30 till
501 1796 96 31 vilka
621 1797 217 37 länsstyrelse
861 1801 81 34 äger
966 1800 139 35 upplåta
1128 1801 70 30 rätt
1221 1800 55 30 till
1292 1800 229 36 detaljhandel
1534 1801 76 31 med

100 1846 213 37 rusdrycker.
343 1847 50 31 På
416 1848 113 36 grund
552 1858 44 21 av
620 1849 39 30 de
682 1850 146 31 sålunda
844 1851 165 36 vidtagna
1026 1852 235 36 ändringarna
1277 1853 13 30 i
1306 1853 150 31 nämnda
1472 1853 137 36 lagrum

99 1899 58 29 må
184 1899 31 36 ej
241 1899 219 37 länsstyrelse
483 1901 140 35 upplåta
646 1902 98 36 dylik
768 1904 69 30 rätt
861 1903 55 31 till
940 1904 82 30 flera
1046 1904 100 36 bolag
1170 1907 45 28 än
1238 1915 72 20 som
1335 1905 105 31 under
1463 1907 39 29 år
1527 1906 83 30 1918

100 1951 94 40 inom
219 1952 94 31 länet
337 1954 121 29 utövat
481 1954 164 40 rättighet
669 1954 54 31 till
748 1954 232 37 detaljhandel
1006 1956 75 31 med
1106 1957 174 30 brännvin
1303 1958 60 30 och
1387 1958 30 35 ej
1434 1958 106 30 heller
1556 1958 54 31 till

98 2005 109 29 större
241 2005 96 30 antal
372 2005 100 36 bolag
509 2008 44 28 än
587 2016 72 21 som
693 2008 194 30 motsvarar
910 2009 48 29 ett
981 2008 100 36 bolag
1106 2009 52 30 för
1181 2009 96 36 varje
1300 2010 157 36 påbörjat
1480 2010 130 31 femtio-

99 2056 150 31 tusental
273 2066 45 21 av
341 2057 111 30 länets
476 2058 203 35 folkmängd
703 2058 59 31 vid
787 2060 174 35 utgången
984 2070 44 20 av
1051 2061 73 30 året
1148 2062 77 29 näst
1248 2061 71 30 före
1342 2062 64 34 det,
1424 2062 108 30 under
1548 2062 64 30 vil-

98 2107 58 30 ket
189 2108 152 30 ansökan
376 2118 56 21 om
456 2111 70 29 rätt
549 2110 54 30 till
627 2110 231 36 detaljhandel
882 2113 112 29 senast
1018 2112 75 31 bort
1116 2113 145 35 ingivas.
1307 2113 93 31 Utan
1423 2114 121 30 hinder
1568 2124 42 20 av

98 2160 215 30 sistnämnda
348 2161 186 35 stadgande
568 2164 81 33 äger
681 2162 85 31 dock
790 2163 226 36 länsstyrelse,
1041 2166 37 29 så
1102 2165 99 35 länge
1226 2166 165 35 rättighet
1415 2166 53 30 till
1492 2167 118 35 detalj-

98 2211 126 31 handel
248 2212 31 36 ej
303 2213 154 35 upplåtes
481 2214 94 30 inom
598 2214 110 31 andra
731 2215 203 31 kommuner
957 2218 45 28 än
1026 2216 86 36 dem,
1137 2219 114 28 varest
1274 2218 96 30 såväl
1385 2218 38 30 år
1440 2219 83 29 1918
1540 2228 71 20 som

97 2265 40 29 år
172 2264 84 30 1924
293 2265 61 30 och
388 2265 76 30 hela
493 2265 92 31 tiden
609 2266 149 31 därefter
781 2268 165 35 rättighet
970 2268 53 30 till
1047 2268 231 36 detaljhandel
1303 2271 144 34 utövats,
1471 2270 140 36 upplåta

97 2316 108 31 sådan
240 2317 166 35 rättighet
439 2319 36 29 åt
510 2319 36 29 så
575 2319 126 35 många
725 2319 111 36 bolag,
860 2329 73 21 som
958 2320 107 31 under
1088 2322 39 29 är
1152 2321 83 30 1918
1260 2322 93 29 inom
1378 2321 90 31 länet
1492 2324 119 28 utövat

98 2360 179 54 rättighet
300 2369 55 31 till
390 2369 232 37 detaljhandel
656 2371 76 31 med
761 2371 184 32 brännvin.
992 2373 151 30 Berörda
1177 2373 201 36 förordning
1401 2374 65 30 den
1491 2374 17 30 9
1532 2374 78 35 juni

98 2421 84 31 1922
218 2421 118 32 trädde
361 2422 12 30 i
396 2423 95 31 kraft
524 2423 64 31 den
622 2425 20 29 1
676 2423 67 36 juli
776 2434 132 21 samma
931 2425 48 36 år,
1004 2425 84 31 dock
1111 2425 84 36 ägde
1220 2426 213 37 länsstyrelse
1457 2427 153 36 befogen-

1665 1695 144 26 Utskottet.

1631 1750 67 22 1922
1721 1750 44 23 års
1783 1750 53 30 lag-

1641 1784 126 31 stiftning
1784 1789 39 19 rö-

1658 1820 78 22 rande
1759 1827 55 16 Fus-

1638 1854 198 31 drycksförsäkj-

1640 1889 196 31 ningsbolagens

1710 1924 80 24 antal.
