1928 2824
551 185 312 30 Bankoutskottets
881 185 178 30 utlåtande
1076 195 42 20 nr
1134 185 41 30 33
1191 185 39 31 år
1248 185 83 30 1970
1644 185 38 29 13

200 266 297 39 omständigheter
512 267 38 28 är
566 268 49 28 att
627 276 86 20 anse
730 266 114 30 såsom
860 267 54 29 för
930 268 113 28 staten
1058 266 275 40 förmånligast>.
1349 267 191 39 Begreppet
1556 268 126 28 »samt-

201 320 67 39 liga
286 320 318 39 omständigheter»
626 320 64 30 har
709 321 11 29 i
742 330 42 20 en
805 320 322 31 cirkulärskrivelse
1149 321 83 29 1960
1253 321 80 29 från
1354 320 329 30 statssekreteraren

201 375 9 29 i
232 375 397 39 finansdepartementet
650 375 128 29 tolkats
802 374 38 30 så
862 376 50 28 att
932 374 138 40 hänsyn
1092 375 148 29 behöver
1262 377 53 27 tas
1338 374 122 30 endast
1482 375 52 29 till
1557 374 126 30 affärs-

200 429 145 38 mässigt
364 428 183 39 betingade
567 428 254 30 förhållanden.
843 429 184 39 Undantag
1048 429 80 29 från
1147 429 182 39 principen
1349 438 55 20 om
1423 428 260 39 affärsmässig-

201 483 58 29 het
277 491 74 21 som
369 482 71 30 kan
457 492 83 20 vara
558 482 211 30 motiverade
787 482 45 30 bl.
847 492 29 20 a.
894 483 79 29 med
990 483 138 38 hänsyn
1145 483 52 29 till
1217 482 311 40 sysselsättningen
1545 483 62 29 bör
1626 492 57 20 en-

200 537 61 39 ligt
285 537 350 29 cirkulärskrivelsen
660 537 99 39 göras
784 537 123 29 endast
930 537 44 39 på
999 537 150 29 initiativ
1173 537 81 29 eller
1279 537 87 29 efter
1390 536 227 40 medgivande
1642 545 41 21 av

201 591 125 39 Kungl.
361 590 115 37 Maj:t.
512 591 501 39 Upphandlingskungörelsen
1047 591 136 29 lämnar
1217 590 212 37 detaljerade
1462 590 221 30 föreskrifter

203 653 55 21 om
281 645 179 29 formerna
481 644 54 29 för
558 644 226 30 infordrande
807 653 42 20 av
871 644 126 34 anbud,
1021 644 219 30 förfarandet
1262 644 57 30 vid
1343 644 194 39 antagande
1559 653 43 21 av
1623 653 61 20 an-

200 698 81 35 bud,
302 698 258 39 tillverknings-
579 698 64 29 och
662 698 320 34 leveranskontroll,
1004 698 169 29 ställande
1194 707 41 20 av
1255 698 199 29 säkerheter
1473 707 45 20 m.
1531 708 47 19 m.

719 840 448 41 Upphandlingskommittén

248 914 129 29 Chefen
397 914 55 29 för
472 914 395 39 finansdepartementet
888 913 191 30 tillkallade
1099 914 10 29 i
1132 914 104 29 slutet
1257 923 41 20 av
1320 912 82 30 1968
1424 915 47 28 ett
1492 913 95 29 antal
1607 912 78 30 sak-

203 968 156 39 kunniga
387 967 242 35 (ordförande:
656 968 294 38 generaldirektör
973 967 84 30 Lars
1081 967 209 33 Lindmark)
1319 967 54 29 för
1398 968 50 28 att
1470 966 124 30 utreda
1615 965 71 31 frå-

200 1029 61 32 gor
292 1021 149 30 rörande
473 1021 116 40 statlig
619 1021 242 40 upphandling
889 1030 46 20 m.
948 1030 57 25 m.,
1037 1021 120 29 varvid
1186 1020 229 40 huvudsyftet
1445 1027 128 33 angavs
1602 1028 84 21 vara

204 1078 48 27 att
278 1076 100 29 finna
404 1075 130 30 former
560 1076 54 29 för
640 1077 50 28 att
715 1075 198 39 ytterligare
940 1074 238 30 effektivisera
1203 1074 66 30 den
1295 1074 183 39 offentliga
1502 1073 184 40 upphand-

203 1130 126 39 lingen.
354 1130 238 38 Utredningen
616 1129 89 30 skall
730 1129 88 30 bl.a.
844 1129 181 39 kartlägga
1048 1129 64 29 och
1136 1129 147 29 bedöma
1306 1128 202 30 nuvarande
1532 1127 118 40 praxis
1674 1127 11 29 i

204 1184 99 39 fråga
324 1192 55 21 om
400 1183 227 30 infordrande
649 1193 42 20 av
711 1183 116 29 anbud
849 1183 65 29 och
936 1182 160 30 slutande
1117 1192 42 20 av
1179 1183 102 29 avtal.
1302 1182 75 30 Den
1398 1182 37 29 är
1455 1181 118 30 vidare
1593 1181 93 30 oför-

203 1238 151 29 hindrad
373 1239 50 28 att
441 1238 100 38 lägga
560 1237 91 29 fram
669 1237 131 39 förslag
817 1236 222 30 beträffande
1054 1237 70 29 den
1142 1236 228 29 kommunala
1388 1234 297 40 upphandlingen.

205 1292 12 28 I
236 1292 196 29 direktiven
450 1291 144 30 betonas
615 1293 50 27 att
683 1291 116 39 regeln
815 1299 59 21 om
895 1290 304 39 affärsmässighet
1217 1289 57 30 vid
1293 1289 287 40 upphandlingen
1600 1289 87 29 även

204 1346 9 29 i
233 1346 273 38 fortsättningen
526 1345 88 29 skall
634 1354 82 20 vara
735 1345 67 29 den
821 1344 282 39 grundläggande
1121 1344 191 40 principen.
1333 1344 121 29 Denna
1472 1342 136 41 princip
1627 1351 60 21 an-

205 1407 57 31 ges
283 1400 88 29 dock
392 1399 111 30 under
523 1400 93 28 vissa
636 1398 295 39 omständigheter
953 1399 120 28 kunna
1093 1398 133 29 behöva
1245 1397 213 29 modifieras.
1480 1396 130 30 Härvid
1632 1405 56 21 av-

206 1462 53 21 ses
284 1453 71 29 dels
380 1453 203 39 utläggning
607 1462 41 21 av
669 1452 250 39 beställningar
943 1452 10 29 i
980 1450 485 41 sysselsättningsfrämjande
1490 1450 99 40 syfte,
1613 1450 74 29 dels

206 1507 242 40 upphandling
468 1515 74 21 som
562 1508 48 27 ett
628 1507 55 29 led
699 1507 12 29 i
733 1506 231 29 strävandena
985 1507 50 28 att
1053 1504 131 37 främja
1203 1505 67 29 den
1288 1504 185 29 inhemska
1490 1503 197 30 industrins

207 1561 197 38 utveckling
421 1560 45 40 på
482 1560 157 29 tekniskt
657 1560 212 29 avancerade
887 1559 176 29 områden.
1083 1559 64 29 Det
1164 1558 154 39 uppdras
1337 1558 34 29 åt
1388 1557 232 39 utredningen
1638 1558 50 28 att

206 1615 169 39 överväga
400 1614 165 39 lämpliga
591 1614 155 29 metoder
771 1615 50 28 att
843 1613 156 30 bestrida
1024 1612 264 30 merkostnader
1313 1612 55 29 för
1395 1611 131 29 sådana
1549 1610 139 30 beställ-

205 1669 124 39 ningar
351 1670 90 28 samt
461 1668 177 29 formerna
659 1667 55 30 för
736 1667 139 30 samråd
895 1667 128 29 mellan
1045 1667 41 29 de
1107 1664 272 41 upphandlande
1399 1664 290 40 myndigheterna

207 1723 64 29 och
294 1721 481 40 arbetsmarknadsstyrelsen
799 1721 81 30 eller
904 1720 169 40 styrelsen
1097 1720 54 29 för
1174 1718 140 31 teknisk
1337 1718 209 39 utveckling.
1571 1717 119 40 Åtgär-

207 1776 125 29 dernas
356 1776 209 38 förenlighet
589 1775 78 29 med
692 1774 153 39 Sveriges
868 1773 282 30 internationella
1174 1773 235 39 förpliktelser
1434 1772 89 29 skall
1548 1770 141 31 särskilt

206 1831 155 29 beaktas.

252 1885 116 29 Under
388 1884 58 29 sitt
464 1883 280 30 hittillsvarande
763 1883 115 29 arbete
897 1883 63 28 har
979 1882 231 38 utredningen
1228 1881 77 29 haft
1323 1880 162 39 hearings
1503 1880 80 30 med
1600 1878 45 30 bl.
1660 1887 29 20 a.

207 1938 216 30 företrädare
450 1937 55 30 för
534 1937 131 30 Svensk
692 1936 315 39 industriförening
1035 1935 65 29 och
1127 1935 54 29 för
1210 1934 153 39 Sveriges
1392 1933 205 30 hantverks-
1626 1932 65 30 och

207 1991 401 40 industriorganisation.
637 1991 255 38 Utredningens
918 1989 220 30 betänkande
1164 1988 172 30 beräknas
1362 1988 122 29 kunna
1511 1986 179 31 avlämnas

209 2046 37 29 år
277 2046 94 30 1971.

868 2182 166 32 Utskottet

252 2258 74 29 Den
347 2257 139 39 statliga
504 2256 288 40 upphandlingen
812 2256 38 29 är
868 2256 12 29 i
898 2255 195 40 betydande
1113 2256 245 39 utsträckning
1378 2265 41 20 av
1440 2255 109 30 sådan
1569 2255 125 29 karak-

209 2312 54 28 tär
283 2313 50 27 att
352 2311 124 29 endast
495 2311 110 29 större
623 2310 135 39 företag
777 2310 69 29 kan
867 2310 142 29 komma
1026 2310 11 29 1
1057 2309 100 40 fråga
1176 2319 74 20 som
1270 2310 244 29 leverantörer.
1546 2309 2 29 I
1567 2309 128 38 många

209 2365 63 30 fall
289 2374 99 20 avser
404 2364 287 40 upphandlingen
708 2363 192 30 emellertid
916 2363 323 40 produktområden
1256 2364 95 29 inom
1368 2363 95 30 vilka
1480 2363 86 30 även
1582 2363 113 29 mind-

207 2427 37 21 re
266 2418 65 30 och
352 2418 210 30 medelstora
583 2417 134 40 företag
738 2417 71 29 kan
831 2417 148 39 erbjuda
1000 2417 377 39 konkurrenskraftiga
1399 2417 195 29 alternativ.
1617 2416 78 30 Med

210 2472 138 39 hänsyn
366 2472 50 29 till
431 2472 67 29 den
513 2471 266 40 betydelsefulla
794 2471 65 30 roll
876 2480 74 21 som
966 2471 101 29 dessa
1082 2471 135 39 företag
1233 2471 113 39 spelar
1361 2471 12 29 i
1390 2471 127 29 svensk
1532 2470 162 30 ekonomi

210 2526 38 29 är
273 2526 57 29 det
355 2526 106 39 enligt
487 2525 187 30 utskottets
700 2525 141 39 mening
866 2525 179 39 angeläget
1070 2526 50 28 att
1145 2525 42 29 de
1213 2525 11 29 i
1250 2524 131 30 sådana
1406 2524 63 30 fall
1495 2524 106 30 också
1625 2524 70 30 kan
