1844 2786
546 163 285 30 Statsutskottets
854 163 180 30 utlåtande
1055 172 43 20 nr
1122 162 52 30 38.
1586 161 19 30 5

146 248 65 40 Jag
236 248 65 30 har
328 248 10 29 i
365 248 110 39 övrigt
500 248 88 29 intet
614 249 50 29 att
690 247 117 30 erinra
833 249 72 28 mot
932 247 189 39 styrelsens
1145 246 234 39 beräkningar
1407 254 42 22 av
1476 245 127 29 under-

101 292 138 40 skottet.
265 291 51 29 Av
339 290 65 31 vad
426 290 61 40 jag
511 289 118 32 anfört
654 290 115 39 följer,
794 291 51 29 att
869 289 194 30 inkomster
1088 289 64 29 och
1176 288 145 39 utgifter
1346 289 71 29 kan
1442 286 159 31 minskas

99 333 79 30 med
202 333 149 39 ungefär
376 341 135 21 samma
536 332 134 39 belopp,
696 331 119 31 varför
840 332 244 29 underskottet
1109 331 62 30 bör
1197 330 171 40 upptagas
1396 329 206 30 oförändrat

100 376 52 31 till
174 376 57 29 det
254 385 43 20 av
319 375 168 39 styrelsen
509 374 150 39 angivna
679 374 162 39 beloppet
863 373 51 34 8,3
936 373 90 39 milj.
1049 373 52 30 kr.

143 417 49 30 De
222 426 43 21 av
293 416 168 40 styrelsen
489 416 198 39 föreslagna
716 416 238 39 ändringarna
981 415 12 29 i
1021 414 448 41 personalorganisationen
1500 421 101 22 anser

99 460 61 40 jag
182 459 72 39 mig
277 459 77 30 icke
377 459 123 30 kunna
525 458 187 40 tillstyrka.

145 502 74 30 Vad
240 501 107 40 gäller
366 501 125 40 frågan
511 510 58 21 om
587 500 299 31 luftfartsverkets
908 499 169 30 framtida
1096 498 345 35 verksamhetsform,
1463 497 61 31 vill
1543 497 61 40 jag

99 544 72 31 inte
192 545 170 29 motsätta
382 543 80 40 mig,
486 545 51 28 att
561 543 169 39 styrelsen
753 542 211 40 uppskjuter
989 542 60 29 sitt
1073 540 345 41 ställningstagande,
1441 540 12 29 i
1478 539 127 31 avvak-

99 589 61 28 tan
180 587 45 39 på
248 586 57 30 det
328 586 131 39 förslag
478 585 12 30 i
510 585 96 31 vissa
626 584 268 41 principfrågor,
918 593 75 22 som
1015 584 97 29 inom
1135 594 42 21 en
1200 585 87 29 nära
1311 582 145 32 framtid
1478 583 126 29 väntas

100 629 80 30 från
204 628 115 30 ICAO.

144 698 227 30 Beträffande
400 698 40 29 de
471 707 42 21 av
542 697 331 38 luftfartsstyrelsen
903 696 257 30 aktualiserade
1190 695 413 41 avskrivningsfrågorna

100 749 101 30 anför
225 748 386 40 departementschefen
633 747 168 40 följande.

144 808 13 29 I
185 807 166 31 skrivelse
378 809 65 29 den
472 808 39 29 27
541 808 153 29 februari
724 807 83 29 1952
834 807 63 30 har
925 806 332 39 luftfartsstyrelsen
1283 806 44 30 bl.
1356 815 28 20 a.
1411 805 190 35 hemställt,

101 852 49 28 att
177 850 127 40 Kungl.
333 850 104 39 Maj:t
464 850 108 30 måtte
601 850 146 30 utverka
774 849 278 39 bemyndigande
1081 849 54 29 för
1164 849 169 38 styrelsen
1361 849 50 29 att
1439 848 162 30 avskriva

99 893 92 30 vissa
215 892 209 40 fordringar,
449 892 95 31 vilka
568 891 177 41 upptagits
770 892 11 29 i
806 901 41 20 en
872 891 52 30 till
950 891 191 30 skrivelsen
1166 891 105 40 fogad
1296 890 230 40 förteckning.
1551 889 50 30 Av

100 935 101 30 dessa
225 934 199 40 fordringar
448 934 136 40 uppgår
609 934 40 30 23
676 934 146 39 stycken
846 933 50 30 till
922 934 102 39 högst
1052 933 38 29 10
1116 934 140 33 kronor,
1281 932 199 40 ytterligare
1506 932 18 30 9
1549 931 52 31 till

99 977 101 40 högst
227 977 41 29 60
296 977 128 30 kronor
450 977 65 29 och
543 977 162 39 slutligen
733 977 70 29 fem
831 976 143 39 stycken
1002 975 52 30 till
1080 976 135 39 belopp,
1243 975 202 31 varierande
1473 975 127 30 mellan

101 1019 61 30 210
191 1020 65 29 och
283 1019 63 30 530
373 1019 141 30 kronor.
542 1018 107 31 Deras
678 1018 264 39 sammanlagda
970 1027 138 21 summa
1135 1019 101 37 utgör
1263 1018 129 29 kronor
1422 1016 110 30 1961:
1549 1016 51 30 63.

100 1062 259 38 Fordringarna
389 1070 98 21 avser
517 1062 11 29 i
558 1061 186 30 huvudsak
775 1060 325 40 flygplatsavgifter.
1132 1060 256 30 Statskontoret
1418 1060 65 29 och
1513 1060 88 29 riks-

99 1104 339 39 räkenskapsverket
461 1104 65 30 har
549 1103 72 30 inte
644 1103 77 30 haft
745 1102 105 40 något
873 1104 49 29 att
946 1103 116 29 erinra
1085 1103 72 29 mot
1180 1103 50 28 att
1254 1103 41 29 de
1317 1102 179 30 avskrives
1520 1110 80 21 men

100 1148 123 32 ansett,
244 1147 50 29 att
314 1146 121 40 frågan
455 1146 123 30 därom
597 1146 97 30 torde
713 1145 233 30 underställas
966 1144 198 40 riksdagen.

145 1189 13 29 I
184 1187 167 30 skrivelse
378 1188 66 29 den
471 1187 38 29 15
534 1187 79 39 juni
641 1186 82 30 1953
749 1187 64 29 har
837 1185 422 40 byggnadsdelegationen
1285 1185 54 29 för
1365 1184 237 40 storflygplat-

98 1240 60 21 sen
180 1231 178 30 hemställt
381 1240 55 22 om
459 1230 279 40 bemyndigande
761 1231 50 29 att
833 1229 161 30 avskriva
1017 1229 213 34 utestående,
1254 1229 151 39 oguldna
1427 1228 173 39 fordring-

99 1283 47 25 ar,
172 1274 169 30 avseende
367 1273 10 29 i
402 1273 188 30 huvudsak
614 1273 116 39 hyror,
757 1272 176 31 fördelade
959 1272 44 40 på
1030 1272 56 39 sju
1111 1271 93 30 olika
1229 1273 126 38 poster,
1381 1271 65 29 och
1470 1270 131 40 uppgå-

100 1317 84 29 ende
207 1316 52 29 till
283 1316 233 39 sammanlagt
539 1315 128 30 kronor
690 1314 79 30 643:
786 1315 51 29 59.
861 1314 257 30 Statskontoret
1139 1315 64 29 har
1226 1314 76 30 icke
1324 1313 76 30 haft
1423 1313 105 38 något
1550 1313 51 30 att

99 1358 115 31 erinra
235 1360 73 28 mot
329 1360 49 27 att
400 1358 246 38 fordringarna
668 1356 188 31 avskrives.

142 1401 48 29 De
227 1401 116 28 senast
378 1400 148 31 berörda
561 1400 233 29 skrivelserna
828 1399 79 29 med
943 1399 117 30 därtill
1095 1399 155 29 hörande
1287 1397 313 40 remissyttranden

98 1443 97 29 torde
220 1443 11 29 i
256 1443 112 39 övrigt
392 1442 36 30 få
452 1442 141 39 bringas
619 1441 51 31 till
696 1441 206 39 riksdagens
927 1441 200 30 kännedom
1153 1449 124 31 genom
1302 1442 49 27 att
1376 1439 224 40 handlingar-

98 1494 44 21 na
166 1485 219 29 överlämnas
411 1484 51 30 till
486 1484 258 29 vederbörande
769 1484 144 29 utskott.
939 1483 13 28 I
978 1483 110 29 likhet
1113 1484 78 28 med
1216 1481 384 39 remissmyndigheter-

99 1537 45 21 na
166 1537 102 20 anser
289 1527 69 39 jag,
382 1528 49 28 att
454 1527 41 29 de
519 1526 209 39 fordringar,
752 1526 57 29 det
831 1526 63 29 här
917 1526 59 29 rör
999 1525 50 38 sig
1072 1534 66 26 om,
1162 1525 63 29 bör
1247 1524 189 31 avskrivas.
1460 1523 67 30 För
1550 1523 49 30 att

98 1568 304 41 handläggningen
427 1578 42 20 av
494 1568 119 40 frågor
637 1578 41 20 av
703 1569 114 29 denna
843 1570 53 28 art
921 1568 11 29 i
957 1567 275 39 fortsättningen
1257 1567 88 29 skall
1371 1566 227 33 underlättas,

99 1612 147 30 föreslår
272 1612 59 39 jag
359 1611 201 34 emellertid,
589 1613 49 28 att
665 1611 10 29 i
703 1612 67 29 den
797 1610 226 34 instruktion,
1053 1618 74 21 som
1156 1609 177 30 sannolikt
1360 1609 111 30 under
1499 1609 101 29 nästa

99 1654 38 30 år
166 1655 159 29 kommer
353 1656 49 27 att
432 1653 192 30 fastställas
654 1654 54 29 för
738 1652 342 39 luftfartsstyrelsen,
1110 1651 54 30 får
1193 1652 136 38 intagas
1357 1652 48 28 ett
1435 1651 165 39 generellt

98 1696 276 39 bemyndigande
396 1705 57 20 om
474 1697 71 28 rätt
567 1696 53 29 för
643 1696 169 38 styrelsen
834 1696 50 29 att
906 1695 111 29 under
1037 1694 92 30 vissa
1152 1693 293 40 förutsättningar
1468 1692 132 30 avskri-

98 1748 42 20 va
167 1739 126 29 osäkra
322 1738 208 38 fordringar.
560 1737 174 40 Styrelsen
761 1738 64 29 har
852 1737 165 39 framlagt
1045 1738 47 28 ett
1120 1736 130 39 förslag
1277 1735 52 31 till
1356 1735 243 30 bestämmelse

98 1781 133 34 härom,
252 1781 107 29 vilket
379 1780 146 39 tidigare
546 1780 177 39 återgivits
745 1780 112 29 under
877 1780 113 29 denna
1011 1779 123 39 punkt.
1155 1778 103 30 Detta
1279 1778 63 29 har
1363 1787 41 20 av
1425 1777 175 30 statskon-

98 1824 89 28 toret
207 1823 176 37 avstyrkts
405 1832 80 19 men
507 1832 42 20 av
569 1822 416 38 riksräkenskapsverket
1007 1821 197 38 tillstyrkts.
1227 1820 68 29 För
1317 1828 82 31 egen
1422 1820 54 29 del
1499 1828 101 21 anser

97 1865 68 39 jag,
188 1867 50 27 att
259 1866 86 28 även
366 1874 55 20 om
442 1864 299 30 luftfartsverkets
763 1863 165 39 ställning
950 1872 74 20 som
1046 1862 280 30 affärsdrivande
1347 1862 83 29 verk
1452 1861 37 30 så
1511 1861 89 29 små-

98 1906 142 39 ningom
264 1907 185 29 eventuellt
472 1906 72 29 kan
567 1906 140 29 komma
731 1906 50 29 att
804 1906 194 38 omprövas,
1022 1906 56 28 det
1101 1905 78 29 med
1202 1904 137 38 hänsyn
1362 1903 51 29 till
1436 1905 99 28 arten
1559 1912 41 20 av

99 1950 77 29 dess
203 1949 222 29 verksamhet
452 1950 38 27 är
518 1948 167 39 lämpligt,
714 1949 50 29 att
791 1947 168 39 styrelsen
987 1947 141 29 beredes
1155 1945 183 40 möjlighet
1365 1947 49 28 att
1441 1945 159 39 tillämpa

99 1992 46 28 ett
170 1991 136 29 mindre
332 1990 151 29 formellt
508 1990 203 30 förfarande
735 1990 56 29 vid
816 1989 226 38 avskrivning
1067 1998 40 20 av
1132 1988 10 29 i
1166 1989 152 29 rörelsen
1344 1987 256 39 uppkomman-

99 2034 40 28 de
162 2034 125 28 osäkra
312 2032 208 38 fordringar,
544 2034 43 28 än
612 2042 73 19 som
710 2032 105 38 gäller
839 2032 53 29 för
916 2032 40 29 de
980 2030 280 30 administrativa
1283 2031 138 28 verken.
1444 2029 65 39 Jag
1532 2029 68 29 för-

99 2076 102 28 ordar
225 2075 128 33 därför,
377 2076 48 28 att
450 2076 47 27 ett
520 2074 278 39 bemyndigande
822 2084 40 19 av
885 2074 9 28 i
918 2073 186 29 huvudsak
1128 2074 65 28 den
1218 2072 138 38 lydelse,
1382 2081 72 20 som
1480 2071 120 38 styrel-

100 2126 59 19 sen
181 2116 179 38 föreslagit
381 2124 66 29 ges,
469 2125 80 19 men
571 2117 50 28 att
641 2116 56 28 det
718 2116 188 36 begränsas
929 2114 51 29 till
1003 2116 50 27 att
1075 2123 78 20 avse
1174 2113 199 37 fordringar
1395 2122 55 20 om
1472 2112 11 28 i
1504 2111 97 39 varje

100 2159 140 29 särskilt
263 2159 59 31 fall
346 2159 100 38 högst
469 2158 63 30 500
555 2159 52 29 kr.

143 2234 12 29 I
176 2235 92 28 detta
291 2234 254 38 sammanhang
565 2234 62 29 har
648 2234 170 28 utskottet
839 2233 47 29 till
909 2232 212 37 behandling
1142 2231 153 29 förehaft
1315 2240 39 20 en
1375 2230 95 29 inom
1492 2230 108 29 andra

100 2285 202 28 kammaren
335 2294 42 19 av
407 2284 123 29 fröken
561 2283 121 29 Elmén
715 2284 102 28 väckt
847 2282 130 29 motion
1016 2281 61 29 (II:
1098 2281 91 33 415),
1221 2280 72 30 vari
1324 2281 196 28 hemställts
1551 2280 49 28 att

101 2333 183 36 riksdagen
305 2334 105 28 måtte
429 2333 134 28 besluta
584 2342 53 19 om
660 2334 46 27 att
730 2332 6 28 i
758 2331 298 29 luftfartsverkets
1077 2328 352 40 tjänsteförteckning
1449 2329 152 37 upptaga

100 2382 365 39 kansliskrivartjänst
489 2384 8 28 i
521 2383 207 37 lönegraden
754 2382 43 30 Ca
824 2383 48 28 15.

144 2433 224 29 Beträffande
392 2435 39 28 de
454 2434 74 29 skäl
554 2433 216 29 motionären
795 2433 113 29 anfört
936 2433 47 27 till
1010 2433 75 27 stöd
1111 2432 52 28 för
1187 2431 58 28 sitt
1267 2430 155 38 yrkande
1445 2430 97 28 torde
1566 2428 35 29 få

101 2483 162 31 hänvisas
289 2483 48 30 till
363 2484 186 29 motionen.
