2168 2608
649 142 354 41 Bevillningsutskottets
1027 142 194 30 betänkande
1246 142 50 30 Nr
1321 142 50 30 45.
1743 140 19 29 5

208 220 240 36 Stockholms
478 220 82 36 stad
594 234 45 22 av
669 220 232 36 därvarande
931 219 284 49 uppbördsverk
1245 219 69 36 och
1342 219 11 35 i
1381 218 104 48 varje
1514 219 60 34 län
1606 231 44 23 av
1679 217 125 36 lands-

208 272 174 36 kontoret
424 277 193 43 uppgöras
660 271 184 37 särskilda
886 271 267 47 sammandrag
1194 276 87 31 över
1324 269 240 37 Stockholms
1603 269 103 36 stads
1735 269 69 36 och

206 323 121 36 länets
348 323 84 36 hela
452 324 172 47 taxering
643 323 70 36 och
733 323 158 49 påförda
911 323 214 44 statsskatt;
1146 322 71 36 och
1237 322 106 36 skola
1362 321 236 36 sistnämnda
1618 333 188 23 samman-

206 374 105 49 drag,
355 374 125 36 därtill
520 375 151 48 tryckta
701 374 208 36 blanketter
937 387 138 34 genom
1106 374 290 35 statskontorets
1426 373 150 48 försorg
1603 371 201 45 tillhanda-

208 426 117 35 hållas
353 425 282 37 vederbörande
664 426 242 48 tjänstemän,
937 439 45 22 av
1013 425 140 47 Kungl.
1178 425 127 48 Maj:ts
1324 423 404 49 befallningshavande
1749 423 56 35 till

207 477 272 36 statskontoret
521 477 176 36 insändas
739 479 41 33 så
821 477 125 47 tidigt,
990 481 55 30 att
1083 476 44 36 de
1157 477 128 34 kunna
1313 475 187 36 beräknas
1528 475 194 35 inkomma
1750 474 52 35 till

207 528 162 35 nämnda
397 528 90 35 verk
516 528 78 35 före
623 528 71 35 den
728 530 15 33 1
776 527 208 36 december.

350 1089 305 50 Anvisningar
683 1089 73 40 för
785 1087 606 42 deklarationsblankettens
1420 1085 238 50 ifyllande.

336 1300 103 37 Verk
466 1300 71 36 och
566 1299 115 49 bolag
708 1302 40 33 så
778 1299 69 36 ock
877 1311 124 23 annan
1025 1297 343 49 uppgiftsskyldig,
1389 1310 81 23 som
1490 1295 316 50 nästföregående

207 1366 40 22 år
276 1351 120 49 enligt
423 1351 65 48 lag
514 1351 98 36 varit
640 1350 154 49 skyldig
823 1351 81 35 föra
931 1349 308 46 handelsböcker,
1270 1348 105 36 skola
1398 1348 65 36 vid
1483 1347 234 37 deklaration
1737 1347 69 36 och

209 1403 155 50 uppgift
391 1403 92 48 foga
511 1402 171 49 bestyrkt
710 1401 160 37 avskrift
898 1415 47 21 av
973 1401 56 35 in-
1059 1400 70 36 och
1157 1399 191 49 utgående
1375 1399 298 48 balansräkning
1697 1404 109 41 samt,

207 1455 67 36 där
314 1454 117 36 sådan
474 1454 112 47 föres,
628 1453 119 36 vinst-
776 1453 72 36 och
888 1451 299 49 förlusträkning
1219 1452 57 35 för
1305 1457 150 30 senaste
1481 1450 326 49 räkenskapsåret.

208 1506 230 49 Aktiebolag
466 1506 94 36 skall
589 1505 193 49 därjämte,
812 1507 40 34 så
872 1509 103 31 snart
995 1504 66 36 ske
1081 1504 87 47 kan,
1187 1503 132 49 bifoga
1339 1501 467 49 förvaltningsberättelse.

338 1713 132 37 Denna
498 1712 224 49 förordning
750 1712 125 36 träder
902 1712 11 35 1
942 1711 101 36 kraft
1070 1711 72 36 den
1174 1713 17 33 1
1218 1710 152 49 januari
1403 1711 108 35 1919.
