<?xml version="1.0" encoding="UTF-8"?>
<alto xmlns="http://www.loc.gov/standards/alto/ns-v3#" xmlns:xlink="http://www.w3.org/1999/xlink" xmlns:xsi="http://www.w3.org/2001/XMLSchema-instance" xsi:schemaLocation="http://www.loc.gov/standards/alto/ns-v3# http://www.loc.gov/alto/v3/alto-3-0.xsd">
	<Description>
		<MeasurementUnit>pixel</MeasurementUnit>
		<sourceImageInformation>
			<fileName>/tmp/tess_ckpfcjv__input.PNG</fileName>
		</sourceImageInformation>
		<OCRProcessing ID="OCR_0">
			<ocrProcessingStep>
				<processingSoftware>
					<softwareName>tesseract 5.3.0</softwareName>
				</processingSoftware>
			</ocrProcessingStep>
		</OCRProcessing>
	</Description>
	<Layout>
		<Page WIDTH="2205" HEIGHT="2661" PHYSICAL_IMG_NR="0" ID="page_0">
			<PrintSpace HPOS="0" VPOS="0" WIDTH="2205" HEIGHT="2661">
				<ComposedBlock ID="cblock_0" HPOS="656" VPOS="195" WIDTH="1138" HEIGHT="40">
					<TextBlock ID="block_0" HPOS="656" VPOS="195" WIDTH="1138" HEIGHT="40">
						<TextLine ID="line_0" HPOS="656" VPOS="195" WIDTH="1138" HEIGHT="40">
							<String ID="string_0" HPOS="656" VPOS="198" WIDTH="323" HEIGHT="37" WC="0.87" CONTENT="Bevillningsutskottets"/><SP WIDTH="25" VPOS="198" HPOS="979"/>
							<String ID="string_1" HPOS="1004" VPOS="196" WIDTH="186" HEIGHT="29" WC="0.95" CONTENT="Betänkande"/><SP WIDTH="25" VPOS="196" HPOS="1190"/>
							<String ID="string_2" HPOS="1215" VPOS="196" WIDTH="54" HEIGHT="28" WC="0.93" CONTENT="N:o"/><SP WIDTH="25" VPOS="196" HPOS="1269"/>
							<String ID="string_3" HPOS="1294" VPOS="197" WIDTH="26" HEIGHT="27" WC="0.78" CONTENT="1."/><SP WIDTH="457" VPOS="197" HPOS="1320"/>
							<String ID="string_4" HPOS="1777" VPOS="195" WIDTH="17" HEIGHT="29" WC="0.93" CONTENT="3"/>
						</TextLine>
					</TextBlock>
				</ComposedBlock>
				<ComposedBlock ID="cblock_1" HPOS="184" VPOS="271" WIDTH="1617" HEIGHT="2046">
					<TextBlock ID="block_1" HPOS="184" VPOS="271" WIDTH="1610" HEIGHT="154">
						<TextLine ID="line_1" HPOS="184" VPOS="271" WIDTH="1610" HEIGHT="53">
							<String ID="string_5" HPOS="184" VPOS="277" WIDTH="121" HEIGHT="47" WC="0.56" CONTENT="grund"/><SP WIDTH="41" VPOS="277" HPOS="305"/>
							<String ID="string_6" HPOS="346" VPOS="276" WIDTH="40" HEIGHT="37" WC="0.95" CONTENT="af"/><SP WIDTH="36" VPOS="276" HPOS="386"/>
							<String ID="string_7" HPOS="422" VPOS="281" WIDTH="52" HEIGHT="32" WC="0.95" CONTENT="ett"/><SP WIDTH="35" VPOS="281" HPOS="474"/>
							<String ID="string_8" HPOS="509" VPOS="275" WIDTH="40" HEIGHT="37" WC="0.96" CONTENT="af"/><SP WIDTH="36" VPOS="275" HPOS="549"/>
							<String ID="string_9" HPOS="585" VPOS="277" WIDTH="94" HEIGHT="36" WC="0.96" CONTENT="1892"/><SP WIDTH="30" VPOS="277" HPOS="679"/>
							<String ID="string_10" HPOS="709" VPOS="275" WIDTH="57" HEIGHT="37" WC="0.95" CONTENT="års"/><SP WIDTH="26" VPOS="275" HPOS="766"/>
							<String ID="string_11" HPOS="792" VPOS="274" WIDTH="164" HEIGHT="50" WC="0.93" CONTENT="Riksdag"/><SP WIDTH="27" VPOS="274" HPOS="956"/>
							<String ID="string_12" HPOS="983" VPOS="274" WIDTH="135" HEIGHT="37" WC="0.91" CONTENT="fattadt"/><SP WIDTH="27" VPOS="274" HPOS="1118"/>
							<String ID="string_13" HPOS="1145" VPOS="274" WIDTH="130" HEIGHT="37" WC="0.96" CONTENT="beslut."/><SP WIDTH="53" VPOS="274" HPOS="1275"/>
							<String ID="string_14" HPOS="1328" VPOS="272" WIDTH="214" HEIGHT="38" WC="0.82" CONTENT="Sedermera"/><SP WIDTH="26" VPOS="272" HPOS="1542"/>
							<String ID="string_15" HPOS="1568" VPOS="272" WIDTH="67" HEIGHT="36" WC="0.96" CONTENT="har"/><SP WIDTH="26" VPOS="272" HPOS="1635"/>
							<String ID="string_16" HPOS="1661" VPOS="271" WIDTH="133" HEIGHT="49" WC="0.95" CONTENT="frågan"/>
						</TextLine>
						<TextLine ID="line_2" HPOS="185" VPOS="324" WIDTH="1608" HEIGHT="48">
							<String ID="string_17" HPOS="185" VPOS="343" WIDTH="61" HEIGHT="21" WC="0.96" CONTENT="om"/><SP WIDTH="27" VPOS="343" HPOS="246"/>
							<String ID="string_18" HPOS="273" VPOS="329" WIDTH="72" HEIGHT="35" WC="0.93" CONTENT="tull"/><SP WIDTH="27" VPOS="329" HPOS="345"/>
							<String ID="string_19" HPOS="372" VPOS="328" WIDTH="19" HEIGHT="36" WC="0.92" CONTENT="å"/><SP WIDTH="29" VPOS="328" HPOS="391"/>
							<String ID="string_20" HPOS="420" VPOS="328" WIDTH="121" HEIGHT="36" WC="0.95" CONTENT="denna"/><SP WIDTH="27" VPOS="328" HPOS="541"/>
							<String ID="string_21" HPOS="568" VPOS="341" WIDTH="88" HEIGHT="23" WC="0.96" CONTENT="vara"/><SP WIDTH="26" VPOS="341" HPOS="656"/>
							<String ID="string_22" HPOS="682" VPOS="326" WIDTH="238" HEIGHT="37" WC="0.96" CONTENT="förekommit"/><SP WIDTH="26" VPOS="326" HPOS="920"/>
							<String ID="string_23" HPOS="946" VPOS="327" WIDTH="62" HEIGHT="36" WC="0.93" CONTENT="vid"/><SP WIDTH="27" VPOS="327" HPOS="1008"/>
							<String ID="string_24" HPOS="1035" VPOS="326" WIDTH="241" HEIGHT="46" WC="0.91" CONTENT="riksdagarne"/><SP WIDTH="27" VPOS="326" HPOS="1276"/>
							<String ID="string_25" HPOS="1303" VPOS="324" WIDTH="86" HEIGHT="37" WC="0.96" CONTENT="åren"/><SP WIDTH="30" VPOS="324" HPOS="1389"/>
							<String ID="string_26" HPOS="1419" VPOS="326" WIDTH="105" HEIGHT="42" WC="0.96" CONTENT="1894,"/><SP WIDTH="32" VPOS="326" HPOS="1524"/>
							<String ID="string_27" HPOS="1556" VPOS="325" WIDTH="104" HEIGHT="43" WC="0.96" CONTENT="1895,"/><SP WIDTH="27" VPOS="325" HPOS="1660"/>
							<String ID="string_28" HPOS="1687" VPOS="325" WIDTH="106" HEIGHT="43" WC="0.95" CONTENT="1896,"/>
						</TextLine>
						<TextLine ID="line_3" HPOS="188" VPOS="373" WIDTH="1604" HEIGHT="52">
							<String ID="string_29" HPOS="188" VPOS="382" WIDTH="92" HEIGHT="34" WC="0.96" CONTENT="1897"/><SP WIDTH="37" VPOS="382" HPOS="280"/>
							<String ID="string_30" HPOS="317" VPOS="380" WIDTH="69" HEIGHT="36" WC="0.96" CONTENT="och"/><SP WIDTH="30" VPOS="380" HPOS="386"/>
							<String ID="string_31" HPOS="416" VPOS="382" WIDTH="105" HEIGHT="42" WC="0.96" CONTENT="1901,"/><SP WIDTH="28" VPOS="382" HPOS="521"/>
							<String ID="string_32" HPOS="549" VPOS="392" WIDTH="85" HEIGHT="23" WC="0.96" CONTENT="men"/><SP WIDTH="26" VPOS="392" HPOS="634"/>
							<String ID="string_33" HPOS="660" VPOS="378" WIDTH="187" HEIGHT="47" WC="0.96" CONTENT="förslagen"/><SP WIDTH="28" VPOS="378" HPOS="847"/>
							<String ID="string_34" HPOS="875" VPOS="377" WIDTH="111" HEIGHT="38" WC="0.96" CONTENT="hafva"/><SP WIDTH="27" VPOS="377" HPOS="986"/>
							<String ID="string_35" HPOS="1013" VPOS="378" WIDTH="79" HEIGHT="36" WC="0.93" CONTENT="icke"/><SP WIDTH="26" VPOS="378" HPOS="1092"/>
							<String ID="string_36" HPOS="1118" VPOS="378" WIDTH="192" HEIGHT="36" WC="0.91" CONTENT="tillvunnit"/><SP WIDTH="28" VPOS="378" HPOS="1310"/>
							<String ID="string_37" HPOS="1338" VPOS="377" WIDTH="55" HEIGHT="47" WC="0.96" CONTENT="sig"/><SP WIDTH="27" VPOS="377" HPOS="1393"/>
							<String ID="string_38" HPOS="1420" VPOS="374" WIDTH="229" HEIGHT="47" WC="0.95" CONTENT="Riksdagens"/><SP WIDTH="28" VPOS="374" HPOS="1649"/>
							<String ID="string_39" HPOS="1677" VPOS="373" WIDTH="115" HEIGHT="38" WC="0.94" CONTENT="bifall."/>
						</TextLine>
					</TextBlock>
					<TextBlock ID="block_2" HPOS="184" VPOS="425" WIDTH="1612" HEIGHT="917">
						<TextLine ID="line_4" HPOS="285" VPOS="425" WIDTH="1508" HEIGHT="49">
							<String ID="string_40" HPOS="285" VPOS="430" WIDTH="53" HEIGHT="36" WC="0.95" CONTENT="Af"/><SP WIDTH="22" VPOS="430" HPOS="338"/>
							<String ID="string_41" HPOS="360" VPOS="430" WIDTH="238" HEIGHT="44" WC="0.96" CONTENT="förestående,"/><SP WIDTH="28" VPOS="430" HPOS="598"/>
							<String ID="string_42" HPOS="626" VPOS="443" WIDTH="45" HEIGHT="22" WC="0.95" CONTENT="ur"/><SP WIDTH="28" VPOS="443" HPOS="671"/>
							<String ID="string_43" HPOS="699" VPOS="430" WIDTH="69" HEIGHT="36" WC="0.96" CONTENT="den"/><SP WIDTH="38" VPOS="430" HPOS="768"/>
							<String ID="string_44" HPOS="806" VPOS="429" WIDTH="169" HEIGHT="36" WC="0.95" CONTENT="officiella"/><SP WIDTH="28" VPOS="429" HPOS="975"/>
							<String ID="string_45" HPOS="1003" VPOS="429" WIDTH="206" HEIGHT="36" WC="0.93" CONTENT="statistiken"/><SP WIDTH="34" VPOS="429" HPOS="1209"/>
							<String ID="string_46" HPOS="1243" VPOS="427" WIDTH="172" HEIGHT="36" WC="0.92" CONTENT="hemtade"/><SP WIDTH="25" VPOS="427" HPOS="1415"/>
							<String ID="string_47" HPOS="1440" VPOS="425" WIDTH="188" HEIGHT="47" WC="0.96" CONTENT="uppgifter"/><SP WIDTH="28" VPOS="425" HPOS="1628"/>
							<String ID="string_48" HPOS="1656" VPOS="439" WIDTH="60" HEIGHT="22" WC="0.92" CONTENT="om"/><SP WIDTH="27" VPOS="439" HPOS="1716"/>
							<String ID="string_49" HPOS="1743" VPOS="427" WIDTH="50" HEIGHT="34" WC="0.92" CONTENT="in-"/>
						</TextLine>
						<TextLine ID="line_5" HPOS="184" VPOS="476" WIDTH="1610" HEIGHT="52">
							<String ID="string_50" HPOS="184" VPOS="481" WIDTH="136" HEIGHT="37" WC="0.92" CONTENT="förseln"/><SP WIDTH="29" VPOS="481" HPOS="320"/>
							<String ID="string_51" HPOS="349" VPOS="481" WIDTH="40" HEIGHT="36" WC="0.96" CONTENT="af"/><SP WIDTH="22" VPOS="481" HPOS="389"/>
							<String ID="string_52" HPOS="411" VPOS="482" WIDTH="135" HEIGHT="46" WC="0.96" CONTENT="potatis"/><SP WIDTH="29" VPOS="482" HPOS="546"/>
							<String ID="string_53" HPOS="575" VPOS="481" WIDTH="165" HEIGHT="46" WC="0.95" CONTENT="framgår"/><SP WIDTH="26" VPOS="481" HPOS="740"/>
							<String ID="string_54" HPOS="766" VPOS="481" WIDTH="224" HEIGHT="45" WC="0.95" CONTENT="visserligen,"/><SP WIDTH="29" VPOS="481" HPOS="990"/>
							<String ID="string_55" HPOS="1019" VPOS="484" WIDTH="54" HEIGHT="31" WC="0.96" CONTENT="att"/><SP WIDTH="27" VPOS="484" HPOS="1073"/>
							<String ID="string_56" HPOS="1100" VPOS="479" WIDTH="121" HEIGHT="36" WC="0.95" CONTENT="denna"/><SP WIDTH="26" VPOS="479" HPOS="1221"/>
							<String ID="string_57" HPOS="1247" VPOS="478" WIDTH="153" HEIGHT="36" WC="0.96" CONTENT="införsel"/><SP WIDTH="18" VPOS="478" HPOS="1400"/>
							<String ID="string_58" HPOS="1418" VPOS="476" WIDTH="174" HEIGHT="37" WC="0.96" CONTENT="särskildt"/><SP WIDTH="19" VPOS="476" HPOS="1592"/>
							<String ID="string_59" HPOS="1611" VPOS="476" WIDTH="119" HEIGHT="36" WC="0.96" CONTENT="under"/><SP WIDTH="19" VPOS="476" HPOS="1730"/>
							<String ID="string_60" HPOS="1749" VPOS="476" WIDTH="45" HEIGHT="37" WC="0.96" CONTENT="de"/>
						</TextLine>
						<TextLine ID="line_6" HPOS="185" VPOS="527" WIDTH="1606" HEIGHT="51">
							<String ID="string_61" HPOS="185" VPOS="532" WIDTH="243" HEIGHT="37" WC="0.90" CONTENT="sistförflutna"/><SP WIDTH="26" VPOS="532" HPOS="428"/>
							<String ID="string_62" HPOS="454" VPOS="539" WIDTH="55" HEIGHT="29" WC="0.96" CONTENT="tre"/><SP WIDTH="27" VPOS="539" HPOS="509"/>
							<String ID="string_63" HPOS="536" VPOS="532" WIDTH="88" HEIGHT="36" WC="0.96" CONTENT="åren"/><SP WIDTH="27" VPOS="532" HPOS="624"/>
							<String ID="string_64" HPOS="651" VPOS="533" WIDTH="96" HEIGHT="36" WC="0.96" CONTENT="varit"/><SP WIDTH="26" VPOS="533" HPOS="747"/>
							<String ID="string_65" HPOS="773" VPOS="537" WIDTH="73" HEIGHT="30" WC="0.96" CONTENT="rätt"/><SP WIDTH="26" VPOS="537" HPOS="846"/>
							<String ID="string_66" HPOS="872" VPOS="531" WIDTH="177" HEIGHT="47" WC="0.93" CONTENT="betydlig."/><SP WIDTH="52" VPOS="531" HPOS="1049"/>
							<String ID="string_67" HPOS="1101" VPOS="529" WIDTH="143" HEIGHT="38" WC="0.92" CONTENT="Jemför"/><SP WIDTH="26" VPOS="529" HPOS="1244"/>
							<String ID="string_68" HPOS="1270" VPOS="542" WIDTH="87" HEIGHT="23" WC="0.96" CONTENT="man"/><SP WIDTH="28" VPOS="542" HPOS="1357"/>
							<String ID="string_69" HPOS="1385" VPOS="527" WIDTH="204" HEIGHT="38" WC="0.95" CONTENT="emellertid"/><SP WIDTH="27" VPOS="527" HPOS="1589"/>
							<String ID="string_70" HPOS="1616" VPOS="527" WIDTH="175" HEIGHT="37" WC="0.95" CONTENT="införseln"/>
						</TextLine>
						<TextLine ID="line_7" HPOS="186" VPOS="578" WIDTH="1608" HEIGHT="53">
							<String ID="string_71" HPOS="186" VPOS="583" WIDTH="40" HEIGHT="37" WC="0.95" CONTENT="af"/><SP WIDTH="24" VPOS="583" HPOS="226"/>
							<String ID="string_72" HPOS="250" VPOS="585" WIDTH="135" HEIGHT="46" WC="0.95" CONTENT="potatis"/><SP WIDTH="27" VPOS="585" HPOS="385"/>
							<String ID="string_73" HPOS="412" VPOS="584" WIDTH="85" HEIGHT="36" WC="0.96" CONTENT="med"/><SP WIDTH="36" VPOS="584" HPOS="497"/>
							<String ID="string_74" HPOS="533" VPOS="583" WIDTH="145" HEIGHT="36" WC="0.92" CONTENT="landets"/><SP WIDTH="28" VPOS="583" HPOS="678"/>
							<String ID="string_75" HPOS="706" VPOS="583" WIDTH="233" HEIGHT="36" WC="0.91" CONTENT="medelskörd"/><SP WIDTH="37" VPOS="583" HPOS="939"/>
							<String ID="string_76" HPOS="976" VPOS="581" WIDTH="38" HEIGHT="37" WC="0.96" CONTENT="af"/><SP WIDTH="35" VPOS="581" HPOS="1014"/>
							<String ID="string_77" HPOS="1049" VPOS="582" WIDTH="121" HEIGHT="36" WC="0.96" CONTENT="denna"/><SP WIDTH="40" VPOS="582" HPOS="1170"/>
							<String ID="string_78" HPOS="1210" VPOS="594" WIDTH="90" HEIGHT="22" WC="0.93" CONTENT="vara"/><SP WIDTH="32" VPOS="594" HPOS="1300"/>
							<String ID="string_79" HPOS="1332" VPOS="604" WIDTH="46" HEIGHT="3" WC="0.75" CONTENT="—"/><SP WIDTH="29" VPOS="604" HPOS="1378"/>
							<String ID="string_80" HPOS="1407" VPOS="580" WIDTH="149" HEIGHT="35" WC="0.96" CONTENT="hvilken"/><SP WIDTH="27" VPOS="580" HPOS="1556"/>
							<String ID="string_81" HPOS="1583" VPOS="578" WIDTH="58" HEIGHT="36" WC="0.90" CONTENT="för"/><SP WIDTH="27" VPOS="578" HPOS="1641"/>
							<String ID="string_82" HPOS="1668" VPOS="578" WIDTH="126" HEIGHT="36" WC="0.90" CONTENT="tioärs-"/>
						</TextLine>
						<TextLine ID="line_8" HPOS="184" VPOS="629" WIDTH="1610" HEIGHT="54">
							<String ID="string_83" HPOS="184" VPOS="635" WIDTH="177" HEIGHT="48" WC="0.92" CONTENT="perioden"/><SP WIDTH="31" VPOS="635" HPOS="361"/>
							<String ID="string_84" HPOS="392" VPOS="636" WIDTH="246" HEIGHT="35" WC="0.76" CONTENT="1891--1900"/><SP WIDTH="37" VPOS="636" HPOS="638"/>
							<String ID="string_85" HPOS="675" VPOS="635" WIDTH="140" HEIGHT="46" WC="0.96" CONTENT="utgjort"/><SP WIDTH="37" VPOS="635" HPOS="815"/>
							<String ID="string_86" HPOS="852" VPOS="633" WIDTH="139" HEIGHT="46" WC="0.93" CONTENT="årligen"/><SP WIDTH="39" VPOS="633" HPOS="991"/>
							<String ID="string_87" HPOS="1030" VPOS="634" WIDTH="216" HEIGHT="44" WC="0.91" CONTENT="18,979,230"/><SP WIDTH="38" VPOS="634" HPOS="1246"/>
							<String ID="string_88" HPOS="1284" VPOS="632" WIDTH="207" HEIGHT="43" WC="0.96" CONTENT="hektoliter,"/><SP WIDTH="31" VPOS="632" HPOS="1491"/>
							<String ID="string_89" HPOS="1522" VPOS="629" WIDTH="272" HEIGHT="43" WC="0.96" CONTENT="motsvarande,"/>
						</TextLine>
						<TextLine ID="line_9" HPOS="186" VPOS="682" WIDTH="1605" HEIGHT="50">
							<String ID="string_90" HPOS="186" VPOS="685" WIDTH="91" HEIGHT="38" WC="0.96" CONTENT="efter"/><SP WIDTH="28" VPOS="685" HPOS="277"/>
							<String ID="string_91" HPOS="305" VPOS="700" WIDTH="45" HEIGHT="23" WC="0.96" CONTENT="en"/><SP WIDTH="28" VPOS="700" HPOS="350"/>
							<String ID="string_92" HPOS="378" VPOS="691" WIDTH="159" HEIGHT="41" WC="0.93" CONTENT="antagen"/><SP WIDTH="27" VPOS="691" HPOS="537"/>
							<String ID="string_93" HPOS="564" VPOS="685" WIDTH="201" HEIGHT="46" WC="0.91" CONTENT="medelvigt"/><SP WIDTH="26" VPOS="685" HPOS="765"/>
							<String ID="string_94" HPOS="791" VPOS="684" WIDTH="39" HEIGHT="36" WC="0.96" CONTENT="af"/><SP WIDTH="27" VPOS="684" HPOS="830"/>
							<String ID="string_95" HPOS="857" VPOS="687" WIDTH="44" HEIGHT="34" WC="0.95" CONTENT="66"/><SP WIDTH="31" VPOS="687" HPOS="901"/>
							<String ID="string_96" HPOS="932" VPOS="685" WIDTH="183" HEIGHT="46" WC="0.96" CONTENT="kilogram"/><SP WIDTH="26" VPOS="685" HPOS="1115"/>
							<String ID="string_97" HPOS="1141" VPOS="683" WIDTH="57" HEIGHT="36" WC="0.96" CONTENT="för"/><SP WIDTH="27" VPOS="683" HPOS="1198"/>
							<String ID="string_98" HPOS="1225" VPOS="683" WIDTH="205" HEIGHT="44" WC="0.93" CONTENT="hektoliter,"/><SP WIDTH="24" VPOS="683" HPOS="1430"/>
							<String ID="string_99" HPOS="1454" VPOS="682" WIDTH="189" HEIGHT="46" WC="0.84" CONTENT="1,252,629"/><SP WIDTH="21" VPOS="682" HPOS="1643"/>
							<String ID="string_100" HPOS="1664" VPOS="686" WIDTH="66" HEIGHT="30" WC="0.93" CONTENT="ton"/><SP WIDTH="17" VPOS="686" HPOS="1730"/>
							<String ID="string_101" HPOS="1747" VPOS="700" WIDTH="44" HEIGHT="5" WC="0.78" CONTENT="—"/>
						</TextLine>
						<TextLine ID="line_10" HPOS="185" VPOS="732" WIDTH="1607" HEIGHT="52">
							<String ID="string_102" HPOS="185" VPOS="750" WIDTH="107" HEIGHT="32" WC="0.89" CONTENT="synes"/><SP WIDTH="42" VPOS="750" HPOS="292"/>
							<String ID="string_103" HPOS="334" VPOS="738" WIDTH="63" HEIGHT="36" WC="0.96" CONTENT="det"/><SP WIDTH="36" VPOS="738" HPOS="397"/>
							<String ID="string_104" HPOS="433" VPOS="738" WIDTH="120" HEIGHT="34" WC="0.96" CONTENT="finnas"/><SP WIDTH="31" VPOS="738" HPOS="553"/>
							<String ID="string_105" HPOS="584" VPOS="736" WIDTH="87" HEIGHT="48" WC="0.96" CONTENT="föga"/><SP WIDTH="28" VPOS="736" HPOS="671"/>
							<String ID="string_106" HPOS="699" VPOS="736" WIDTH="201" HEIGHT="46" WC="0.96" CONTENT="anledning"/><SP WIDTH="28" VPOS="736" HPOS="900"/>
							<String ID="string_107" HPOS="928" VPOS="740" WIDTH="54" HEIGHT="31" WC="0.96" CONTENT="att"/><SP WIDTH="27" VPOS="740" HPOS="982"/>
							<String ID="string_108" HPOS="1009" VPOS="740" WIDTH="145" HEIGHT="40" WC="0.96" CONTENT="antaga,"/><SP WIDTH="25" VPOS="740" HPOS="1154"/>
							<String ID="string_109" HPOS="1179" VPOS="739" WIDTH="53" HEIGHT="31" WC="0.96" CONTENT="att"/><SP WIDTH="27" VPOS="739" HPOS="1232"/>
							<String ID="string_110" HPOS="1259" VPOS="733" WIDTH="176" HEIGHT="37" WC="0.96" CONTENT="införseln"/><SP WIDTH="27" VPOS="733" HPOS="1435"/>
							<String ID="string_111" HPOS="1462" VPOS="734" WIDTH="143" HEIGHT="34" WC="0.96" CONTENT="kunnat"/><SP WIDTH="25" VPOS="734" HPOS="1605"/>
							<String ID="string_112" HPOS="1630" VPOS="733" WIDTH="10" HEIGHT="35" WC="0.96" CONTENT="i"/><SP WIDTH="29" VPOS="733" HPOS="1640"/>
							<String ID="string_113" HPOS="1669" VPOS="732" WIDTH="123" HEIGHT="46" WC="0.96" CONTENT="någon"/>
						</TextLine>
						<TextLine ID="line_11" HPOS="185" VPOS="783" WIDTH="1610" HEIGHT="51">
							<String ID="string_114" HPOS="185" VPOS="788" WIDTH="207" HEIGHT="37" WC="0.94" CONTENT="nämnvärd"/><SP WIDTH="41" VPOS="788" HPOS="392"/>
							<String ID="string_115" HPOS="433" VPOS="788" WIDTH="85" HEIGHT="36" WC="0.94" CONTENT="mån"/><SP WIDTH="40" VPOS="788" HPOS="518"/>
							<String ID="string_116" HPOS="558" VPOS="789" WIDTH="151" HEIGHT="35" WC="0.96" CONTENT="inverka"/><SP WIDTH="45" VPOS="789" HPOS="709"/>
							<String ID="string_117" HPOS="754" VPOS="787" WIDTH="47" HEIGHT="47" WC="0.96" CONTENT="på"/><SP WIDTH="38" VPOS="787" HPOS="801"/>
							<String ID="string_118" HPOS="839" VPOS="788" WIDTH="114" HEIGHT="46" WC="0.96" CONTENT="priset"/><SP WIDTH="35" VPOS="788" HPOS="953"/>
							<String ID="string_119" HPOS="988" VPOS="786" WIDTH="41" HEIGHT="36" WC="0.95" CONTENT="af"/><SP WIDTH="25" VPOS="786" HPOS="1029"/>
							<String ID="string_120" HPOS="1054" VPOS="787" WIDTH="70" HEIGHT="35" WC="0.96" CONTENT="den"/><SP WIDTH="27" VPOS="787" HPOS="1124"/>
							<String ID="string_121" HPOS="1151" VPOS="786" WIDTH="192" HEIGHT="35" WC="0.96" CONTENT="inhemska"/><SP WIDTH="26" VPOS="786" HPOS="1343"/>
							<String ID="string_122" HPOS="1369" VPOS="798" WIDTH="125" HEIGHT="31" WC="0.96" CONTENT="varan,"/><SP WIDTH="27" VPOS="798" HPOS="1494"/>
							<String ID="string_123" HPOS="1521" VPOS="784" WIDTH="96" HEIGHT="36" WC="0.96" CONTENT="helst"/><SP WIDTH="27" VPOS="784" HPOS="1617"/>
							<String ID="string_124" HPOS="1644" VPOS="783" WIDTH="70" HEIGHT="36" WC="0.93" CONTENT="den"/><SP WIDTH="28" VPOS="783" HPOS="1714"/>
							<String ID="string_125" HPOS="1742" VPOS="789" WIDTH="53" HEIGHT="29" WC="0.89" CONTENT="ut-"/>
						</TextLine>
						<TextLine ID="line_12" HPOS="186" VPOS="833" WIDTH="1609" HEIGHT="53">
							<String ID="string_126" HPOS="186" VPOS="840" WIDTH="155" HEIGHT="35" WC="0.90" CONTENT="ländska"/><SP WIDTH="38" VPOS="840" HPOS="341"/>
							<String ID="string_127" HPOS="379" VPOS="839" WIDTH="202" HEIGHT="47" WC="0.90" CONTENT="potatisens"/><SP WIDTH="39" VPOS="839" HPOS="581"/>
							<String ID="string_128" HPOS="620" VPOS="840" WIDTH="76" HEIGHT="45" WC="0.93" CONTENT="pris"/><SP WIDTH="41" VPOS="840" HPOS="696"/>
							<String ID="string_129" HPOS="737" VPOS="838" WIDTH="160" HEIGHT="46" WC="0.90" CONTENT="förhöjes"/><SP WIDTH="33" VPOS="838" HPOS="897"/>
							<String ID="string_130" HPOS="930" VPOS="838" WIDTH="85" HEIGHT="35" WC="0.96" CONTENT="med"/><SP WIDTH="27" VPOS="838" HPOS="1015"/>
							<String ID="string_131" HPOS="1042" VPOS="836" WIDTH="317" HEIGHT="45" WC="0.95" CONTENT="fraktkostnaden,"/><SP WIDTH="28" VPOS="836" HPOS="1359"/>
							<String ID="string_132" HPOS="1387" VPOS="836" WIDTH="149" HEIGHT="36" WC="0.96" CONTENT="hvilken"/><SP WIDTH="27" VPOS="836" HPOS="1536"/>
							<String ID="string_133" HPOS="1563" VPOS="835" WIDTH="10" HEIGHT="35" WC="0.96" CONTENT="i"/><SP WIDTH="29" VPOS="835" HPOS="1573"/>
							<String ID="string_134" HPOS="1602" VPOS="833" WIDTH="105" HEIGHT="47" WC="0.96" CONTENT="fråga"/><SP WIDTH="27" VPOS="833" HPOS="1707"/>
							<String ID="string_135" HPOS="1734" VPOS="847" WIDTH="61" HEIGHT="22" WC="0.96" CONTENT="om"/>
						</TextLine>
						<TextLine ID="line_13" HPOS="187" VPOS="884" WIDTH="1608" HEIGHT="53">
							<String ID="string_136" HPOS="187" VPOS="904" WIDTH="44" HEIGHT="24" WC="0.96" CONTENT="en"/><SP WIDTH="41" VPOS="904" HPOS="231"/>
							<String ID="string_137" HPOS="272" VPOS="890" WIDTH="38" HEIGHT="37" WC="0.96" CONTENT="så"/><SP WIDTH="39" VPOS="890" HPOS="310"/>
							<String ID="string_138" HPOS="349" VPOS="895" WIDTH="93" HEIGHT="42" WC="0.96" CONTENT="tung"/><SP WIDTH="32" VPOS="895" HPOS="442"/>
							<String ID="string_139" HPOS="474" VPOS="891" WIDTH="66" HEIGHT="35" WC="0.96" CONTENT="och"/><SP WIDTH="28" VPOS="891" HPOS="540"/>
							<String ID="string_140" HPOS="568" VPOS="890" WIDTH="262" HEIGHT="45" WC="0.96" CONTENT="skrymmande"/><SP WIDTH="36" VPOS="890" HPOS="830"/>
							<String ID="string_141" HPOS="866" VPOS="903" WIDTH="89" HEIGHT="22" WC="0.95" CONTENT="vara"/><SP WIDTH="32" VPOS="903" HPOS="955"/>
							<String ID="string_142" HPOS="987" VPOS="901" WIDTH="78" HEIGHT="23" WC="0.93" CONTENT="som"/><SP WIDTH="27" VPOS="901" HPOS="1065"/>
							<String ID="string_143" HPOS="1092" VPOS="889" WIDTH="135" HEIGHT="47" WC="0.96" CONTENT="potatis"/><SP WIDTH="28" VPOS="889" HPOS="1227"/>
							<String ID="string_144" HPOS="1255" VPOS="887" WIDTH="115" HEIGHT="36" WC="0.93" CONTENT="måste"/><SP WIDTH="27" VPOS="887" HPOS="1370"/>
							<String ID="string_145" HPOS="1397" VPOS="885" WIDTH="130" HEIGHT="37" WC="0.91" CONTENT="utöfva"/><SP WIDTH="27" VPOS="885" HPOS="1527"/>
							<String ID="string_146" HPOS="1554" VPOS="899" WIDTH="44" HEIGHT="23" WC="0.93" CONTENT="en"/><SP WIDTH="28" VPOS="899" HPOS="1598"/>
							<String ID="string_147" HPOS="1626" VPOS="884" WIDTH="169" HEIGHT="38" WC="0.91" CONTENT="afsevärd"/>
						</TextLine>
						<TextLine ID="line_14" HPOS="187" VPOS="937" WIDTH="1608" HEIGHT="53">
							<String ID="string_148" HPOS="187" VPOS="943" WIDTH="177" HEIGHT="36" WC="0.96" CONTENT="inverkan"/><SP WIDTH="37" VPOS="943" HPOS="364"/>
							<String ID="string_149" HPOS="401" VPOS="942" WIDTH="46" HEIGHT="46" WC="0.96" CONTENT="på"/><SP WIDTH="28" VPOS="942" HPOS="447"/>
							<String ID="string_150" HPOS="475" VPOS="942" WIDTH="120" HEIGHT="48" WC="0.56" CONTENT="priset."/><SP WIDTH="53" VPOS="942" HPOS="595"/>
							<String ID="string_151" HPOS="648" VPOS="941" WIDTH="166" HEIGHT="36" WC="0.91" CONTENT="Skörden"/><SP WIDTH="28" VPOS="941" HPOS="814"/>
							<String ID="string_152" HPOS="842" VPOS="939" WIDTH="39" HEIGHT="37" WC="0.96" CONTENT="af"/><SP WIDTH="23" VPOS="939" HPOS="881"/>
							<String ID="string_153" HPOS="904" VPOS="940" WIDTH="134" HEIGHT="46" WC="0.96" CONTENT="potatis"/><SP WIDTH="29" VPOS="940" HPOS="1038"/>
							<String ID="string_154" HPOS="1067" VPOS="947" WIDTH="39" HEIGHT="28" WC="0.96" CONTENT="är"/><SP WIDTH="26" VPOS="947" HPOS="1106"/>
							<String ID="string_155" HPOS="1132" VPOS="939" WIDTH="118" HEIGHT="36" WC="0.95" CONTENT="under"/><SP WIDTH="28" VPOS="939" HPOS="1250"/>
							<String ID="string_156" HPOS="1278" VPOS="939" WIDTH="99" HEIGHT="35" WC="0.96" CONTENT="olika"/><SP WIDTH="27" VPOS="939" HPOS="1377"/>
							<String ID="string_157" HPOS="1404" VPOS="937" WIDTH="40" HEIGHT="36" WC="0.92" CONTENT="år"/><SP WIDTH="24" VPOS="937" HPOS="1444"/>
							<String ID="string_158" HPOS="1468" VPOS="937" WIDTH="39" HEIGHT="35" WC="0.96" CONTENT="af"/><SP WIDTH="26" VPOS="937" HPOS="1507"/>
							<String ID="string_159" HPOS="1533" VPOS="937" WIDTH="148" HEIGHT="44" WC="0.93" CONTENT="mycket"/><SP WIDTH="26" VPOS="937" HPOS="1681"/>
							<String ID="string_160" HPOS="1707" VPOS="949" WIDTH="88" HEIGHT="23" WC="0.91" CONTENT="vex-"/>
						</TextLine>
						<TextLine ID="line_15" HPOS="187" VPOS="987" WIDTH="1608" HEIGHT="52">
							<String ID="string_161" HPOS="187" VPOS="994" WIDTH="110" HEIGHT="35" WC="0.96" CONTENT="lande"/><SP WIDTH="26" VPOS="994" HPOS="297"/>
							<String ID="string_162" HPOS="323" VPOS="993" WIDTH="138" HEIGHT="46" WC="0.96" CONTENT="mängd"/><SP WIDTH="28" VPOS="993" HPOS="461"/>
							<String ID="string_163" HPOS="489" VPOS="992" WIDTH="68" HEIGHT="36" WC="0.96" CONTENT="och"/><SP WIDTH="27" VPOS="992" HPOS="557"/>
							<String ID="string_164" HPOS="584" VPOS="992" WIDTH="147" HEIGHT="47" WC="0.96" CONTENT="godhet,"/><SP WIDTH="29" VPOS="992" HPOS="731"/>
							<String ID="string_165" HPOS="760" VPOS="992" WIDTH="69" HEIGHT="35" WC="0.96" CONTENT="och"/><SP WIDTH="28" VPOS="992" HPOS="829"/>
							<String ID="string_166" HPOS="857" VPOS="992" WIDTH="112" HEIGHT="47" WC="0.96" CONTENT="priset"/><SP WIDTH="28" VPOS="992" HPOS="969"/>
							<String ID="string_167" HPOS="997" VPOS="991" WIDTH="216" HEIGHT="35" WC="0.96" CONTENT="bestämmes"/><SP WIDTH="27" VPOS="991" HPOS="1213"/>
							<String ID="string_168" HPOS="1240" VPOS="990" WIDTH="78" HEIGHT="35" WC="0.96" CONTENT="helt"/><SP WIDTH="18" VPOS="990" HPOS="1318"/>
							<String ID="string_169" HPOS="1336" VPOS="989" WIDTH="182" HEIGHT="47" WC="0.96" CONTENT="naturligt"/><SP WIDTH="18" VPOS="989" HPOS="1518"/>
							<String ID="string_170" HPOS="1536" VPOS="989" WIDTH="11" HEIGHT="35" WC="0.96" CONTENT="i"/><SP WIDTH="18" VPOS="989" HPOS="1547"/>
							<String ID="string_171" HPOS="1565" VPOS="987" WIDTH="114" HEIGHT="36" WC="0.79" CONTENT="företa"/><SP WIDTH="15" VPOS="987" HPOS="1679"/>
							<String ID="string_172" HPOS="1694" VPOS="987" WIDTH="101" HEIGHT="35" WC="0.96" CONTENT="hand"/>
						</TextLine>
						<TextLine ID="line_16" HPOS="188" VPOS="1037" WIDTH="1607" HEIGHT="51">
							<String ID="string_173" HPOS="188" VPOS="1044" WIDTH="111" HEIGHT="37" WC="0.94" CONTENT="deraf."/><SP WIDTH="55" VPOS="1044" HPOS="299"/>
							<String ID="string_174" HPOS="354" VPOS="1044" WIDTH="71" HEIGHT="36" WC="0.94" CONTENT="Det"/><SP WIDTH="40" VPOS="1044" HPOS="425"/>
							<String ID="string_175" HPOS="465" VPOS="1057" WIDTH="107" HEIGHT="31" WC="0.96" CONTENT="synes"/><SP WIDTH="36" VPOS="1057" HPOS="572"/>
							<String ID="string_176" HPOS="608" VPOS="1042" WIDTH="123" HEIGHT="38" WC="0.96" CONTENT="derför"/><SP WIDTH="35" VPOS="1042" HPOS="731"/>
							<String ID="string_177" HPOS="766" VPOS="1043" WIDTH="180" HEIGHT="35" WC="0.96" CONTENT="utskottet"/><SP WIDTH="34" VPOS="1043" HPOS="946"/>
							<String ID="string_178" HPOS="980" VPOS="1042" WIDTH="80" HEIGHT="35" WC="0.93" CONTENT="icke"/><SP WIDTH="27" VPOS="1042" HPOS="1060"/>
							<String ID="string_179" HPOS="1087" VPOS="1040" WIDTH="196" HEIGHT="47" WC="0.90" CONTENT="tillrådligt"/><SP WIDTH="27" VPOS="1040" HPOS="1283"/>
							<String ID="string_180" HPOS="1310" VPOS="1045" WIDTH="54" HEIGHT="31" WC="0.93" CONTENT="att"/><SP WIDTH="26" VPOS="1045" HPOS="1364"/>
							<String ID="string_181" HPOS="1390" VPOS="1039" WIDTH="116" HEIGHT="36" WC="0.91" CONTENT="åsätta"/><SP WIDTH="28" VPOS="1039" HPOS="1506"/>
							<String ID="string_182" HPOS="1534" VPOS="1052" WIDTH="42" HEIGHT="22" WC="0.93" CONTENT="en"/><SP WIDTH="28" VPOS="1052" HPOS="1576"/>
							<String ID="string_183" HPOS="1604" VPOS="1037" WIDTH="191" HEIGHT="47" WC="0.89" CONTENT="tullafgift,"/>
						</TextLine>
						<TextLine ID="line_17" HPOS="187" VPOS="1090" WIDTH="1608" HEIGHT="50">
							<String ID="string_184" HPOS="187" VPOS="1108" WIDTH="79" HEIGHT="23" WC="0.96" CONTENT="som"/><SP WIDTH="39" VPOS="1108" HPOS="266"/>
							<String ID="string_185" HPOS="305" VPOS="1095" WIDTH="63" HEIGHT="37" WC="0.96" CONTENT="vid"/><SP WIDTH="41" VPOS="1095" HPOS="368"/>
							<String ID="string_186" HPOS="409" VPOS="1108" WIDTH="44" HEIGHT="23" WC="0.92" CONTENT="en"/><SP WIDTH="36" VPOS="1108" HPOS="453"/>
							<String ID="string_187" HPOS="489" VPOS="1094" WIDTH="179" HEIGHT="46" WC="0.91" CONTENT="felslagen"/><SP WIDTH="29" VPOS="1094" HPOS="668"/>
							<String ID="string_188" HPOS="697" VPOS="1094" WIDTH="121" HEIGHT="43" WC="0.96" CONTENT="skörd,"/><SP WIDTH="29" VPOS="1094" HPOS="818"/>
							<String ID="string_189" HPOS="847" VPOS="1093" WIDTH="46" HEIGHT="36" WC="0.96" CONTENT="då"/><SP WIDTH="26" VPOS="1093" HPOS="893"/>
							<String ID="string_190" HPOS="919" VPOS="1093" WIDTH="115" HEIGHT="46" WC="0.95" CONTENT="priset"/><SP WIDTH="26" VPOS="1093" HPOS="1034"/>
							<String ID="string_191" HPOS="1060" VPOS="1093" WIDTH="11" HEIGHT="35" WC="0.96" CONTENT="i"/><SP WIDTH="28" VPOS="1093" HPOS="1071"/>
							<String ID="string_192" HPOS="1099" VPOS="1093" WIDTH="68" HEIGHT="34" WC="0.96" CONTENT="allt"/><SP WIDTH="26" VPOS="1093" HPOS="1167"/>
							<String ID="string_193" HPOS="1193" VPOS="1091" WIDTH="66" HEIGHT="36" WC="0.96" CONTENT="fall"/><SP WIDTH="27" VPOS="1091" HPOS="1259"/>
							<String ID="string_194" HPOS="1286" VPOS="1092" WIDTH="120" HEIGHT="45" WC="0.96" CONTENT="stiger,"/><SP WIDTH="28" VPOS="1092" HPOS="1406"/>
							<String ID="string_195" HPOS="1434" VPOS="1090" WIDTH="119" HEIGHT="36" WC="0.89" CONTENT="skulle"/><SP WIDTH="26" VPOS="1090" HPOS="1553"/>
							<String ID="string_196" HPOS="1579" VPOS="1090" WIDTH="216" HEIGHT="47" WC="0.96" CONTENT="ytterligare"/>
						</TextLine>
						<TextLine ID="line_18" HPOS="185" VPOS="1140" WIDTH="1610" HEIGHT="54">
							<String ID="string_197" HPOS="185" VPOS="1146" WIDTH="153" HEIGHT="48" WC="0.91" CONTENT="fördyra"/><SP WIDTH="36" VPOS="1146" HPOS="338"/>
							<String ID="string_198" HPOS="374" VPOS="1151" WIDTH="50" HEIGHT="31" WC="0.93" CONTENT="ett"/><SP WIDTH="36" VPOS="1151" HPOS="424"/>
							<String ID="string_199" HPOS="460" VPOS="1145" WIDTH="206" HEIGHT="44" WC="0.89" CONTENT="födoämne,"/><SP WIDTH="36" VPOS="1145" HPOS="666"/>
							<String ID="string_200" HPOS="702" VPOS="1145" WIDTH="141" HEIGHT="36" WC="0.96" CONTENT="hvilket"/><SP WIDTH="36" VPOS="1145" HPOS="843"/>
							<String ID="string_201" HPOS="879" VPOS="1143" WIDTH="59" HEIGHT="37" WC="0.96" CONTENT="för"/><SP WIDTH="33" VPOS="1143" HPOS="938"/>
							<String ID="string_202" HPOS="971" VPOS="1144" WIDTH="69" HEIGHT="35" WC="0.96" CONTENT="den"/><SP WIDTH="36" VPOS="1144" HPOS="1040"/>
							<String ID="string_203" HPOS="1076" VPOS="1143" WIDTH="145" HEIGHT="36" WC="0.96" CONTENT="mindre"/><SP WIDTH="27" VPOS="1143" HPOS="1221"/>
							<String ID="string_204" HPOS="1248" VPOS="1141" WIDTH="217" HEIGHT="37" WC="0.96" CONTENT="bemedlade"/><SP WIDTH="27" VPOS="1141" HPOS="1465"/>
							<String ID="string_205" HPOS="1492" VPOS="1140" WIDTH="263" HEIGHT="46" WC="0.95" CONTENT="befolkningen"/><SP WIDTH="28" VPOS="1140" HPOS="1755"/>
							<String ID="string_206" HPOS="1783" VPOS="1141" WIDTH="12" HEIGHT="34" WC="0.96" CONTENT="i"/>
						</TextLine>
						<TextLine ID="line_19" HPOS="186" VPOS="1190" WIDTH="1610" HEIGHT="51">
							<String ID="string_207" HPOS="186" VPOS="1198" WIDTH="83" HEIGHT="35" WC="0.95" CONTENT="vårt"/><SP WIDTH="26" VPOS="1198" HPOS="269"/>
							<String ID="string_208" HPOS="295" VPOS="1197" WIDTH="89" HEIGHT="36" WC="0.96" CONTENT="land"/><SP WIDTH="30" VPOS="1197" HPOS="384"/>
							<String ID="string_209" HPOS="414" VPOS="1205" WIDTH="39" HEIGHT="27" WC="0.96" CONTENT="är"/><SP WIDTH="28" VPOS="1205" HPOS="453"/>
							<String ID="string_210" HPOS="481" VPOS="1196" WIDTH="39" HEIGHT="36" WC="0.96" CONTENT="af"/><SP WIDTH="30" VPOS="1196" HPOS="520"/>
							<String ID="string_211" HPOS="550" VPOS="1197" WIDTH="94" HEIGHT="35" WC="0.96" CONTENT="allra"/><SP WIDTH="27" VPOS="1197" HPOS="644"/>
							<String ID="string_212" HPOS="671" VPOS="1200" WIDTH="133" HEIGHT="32" WC="0.96" CONTENT="största"/><SP WIDTH="25" VPOS="1200" HPOS="804"/>
							<String ID="string_213" HPOS="829" VPOS="1196" WIDTH="89" HEIGHT="45" WC="0.91" CONTENT="vigt."/><SP WIDTH="52" VPOS="1196" HPOS="918"/>
							<String ID="string_214" HPOS="970" VPOS="1194" WIDTH="186" HEIGHT="47" WC="0.88" CONTENT="Derjemte"/><SP WIDTH="28" VPOS="1194" HPOS="1156"/>
							<String ID="string_215" HPOS="1184" VPOS="1195" WIDTH="66" HEIGHT="34" WC="0.96" CONTENT="hör"/><SP WIDTH="28" VPOS="1195" HPOS="1250"/>
							<String ID="string_216" HPOS="1278" VPOS="1193" WIDTH="60" HEIGHT="36" WC="0.92" CONTENT="det"/><SP WIDTH="26" VPOS="1193" HPOS="1338"/>
							<String ID="string_217" HPOS="1364" VPOS="1192" WIDTH="265" HEIGHT="46" WC="0.90" CONTENT="ihågkommas,"/><SP WIDTH="28" VPOS="1192" HPOS="1629"/>
							<String ID="string_218" HPOS="1657" VPOS="1196" WIDTH="63" HEIGHT="40" WC="0.96" CONTENT="att,"/><SP WIDTH="29" VPOS="1196" HPOS="1720"/>
							<String ID="string_219" HPOS="1749" VPOS="1190" WIDTH="47" HEIGHT="36" WC="0.96" CONTENT="då"/>
						</TextLine>
						<TextLine ID="line_20" HPOS="186" VPOS="1242" WIDTH="1610" HEIGHT="50">
							<String ID="string_220" HPOS="186" VPOS="1249" WIDTH="158" HEIGHT="36" WC="0.96" CONTENT="skörden"/><SP WIDTH="29" VPOS="1249" HPOS="344"/>
							<String ID="string_221" HPOS="373" VPOS="1253" WIDTH="51" HEIGHT="31" WC="0.96" CONTENT="ett"/><SP WIDTH="28" VPOS="1253" HPOS="424"/>
							<String ID="string_222" HPOS="452" VPOS="1247" WIDTH="40" HEIGHT="37" WC="0.92" CONTENT="år"/><SP WIDTH="26" VPOS="1247" HPOS="492"/>
							<String ID="string_223" HPOS="518" VPOS="1247" WIDTH="124" HEIGHT="36" WC="0.91" CONTENT="felslår"/><SP WIDTH="28" VPOS="1247" HPOS="642"/>
							<String ID="string_224" HPOS="670" VPOS="1248" WIDTH="88" HEIGHT="35" WC="0.93" CONTENT="eller"/><SP WIDTH="27" VPOS="1248" HPOS="758"/>
							<String ID="string_225" HPOS="785" VPOS="1245" WIDTH="134" HEIGHT="37" WC="0.92" CONTENT="blifver"/><SP WIDTH="26" VPOS="1245" HPOS="919"/>
							<String ID="string_226" HPOS="945" VPOS="1246" WIDTH="144" HEIGHT="36" WC="0.96" CONTENT="mindre"/><SP WIDTH="28" VPOS="1246" HPOS="1089"/>
							<String ID="string_227" HPOS="1117" VPOS="1244" WIDTH="82" HEIGHT="48" WC="0.96" CONTENT="god,"/><SP WIDTH="29" VPOS="1244" HPOS="1199"/>
							<String ID="string_228" HPOS="1228" VPOS="1244" WIDTH="60" HEIGHT="36" WC="0.97" CONTENT="det"/><SP WIDTH="29" VPOS="1244" HPOS="1288"/>
							<String ID="string_229" HPOS="1317" VPOS="1243" WIDTH="77" HEIGHT="36" WC="0.96" CONTENT="ofta"/><SP WIDTH="27" VPOS="1243" HPOS="1394"/>
							<String ID="string_230" HPOS="1421" VPOS="1251" WIDTH="40" HEIGHT="27" WC="0.96" CONTENT="är"/><SP WIDTH="26" VPOS="1251" HPOS="1461"/>
							<String ID="string_231" HPOS="1487" VPOS="1242" WIDTH="228" HEIGHT="46" WC="0.95" CONTENT="nödvändigt"/><SP WIDTH="28" VPOS="1242" HPOS="1715"/>
							<String ID="string_232" HPOS="1743" VPOS="1246" WIDTH="53" HEIGHT="31" WC="0.96" CONTENT="att"/>
						</TextLine>
						<TextLine ID="line_21" HPOS="186" VPOS="1296" WIDTH="912" HEIGHT="46">
							<String ID="string_233" HPOS="186" VPOS="1299" WIDTH="80" HEIGHT="36" WC="0.96" CONTENT="från"/><SP WIDTH="29" VPOS="1299" HPOS="266"/>
							<String ID="string_234" HPOS="295" VPOS="1299" WIDTH="170" HEIGHT="36" WC="0.93" CONTENT="utlandet"/><SP WIDTH="25" VPOS="1299" HPOS="465"/>
							<String ID="string_235" HPOS="490" VPOS="1297" WIDTH="240" HEIGHT="38" WC="0.90" CONTENT="införskrifva"/><SP WIDTH="26" VPOS="1297" HPOS="730"/>
							<String ID="string_236" HPOS="756" VPOS="1298" WIDTH="178" HEIGHT="44" WC="0.92" CONTENT="behöfligt"/><SP WIDTH="26" VPOS="1298" HPOS="934"/>
							<String ID="string_237" HPOS="960" VPOS="1296" WIDTH="138" HEIGHT="36" WC="0.96" CONTENT="utsäde."/>
						</TextLine>
					</TextBlock>
					<TextBlock ID="block_3" HPOS="186" VPOS="1344" WIDTH="1611" HEIGHT="361">
						<TextLine ID="line_22" HPOS="286" VPOS="1344" WIDTH="1510" HEIGHT="53">
							<String ID="string_238" HPOS="286" VPOS="1350" WIDTH="206" HEIGHT="45" WC="0.91" CONTENT="Huruvida,"/><SP WIDTH="36" VPOS="1350" HPOS="492"/>
							<String ID="string_239" HPOS="528" VPOS="1349" WIDTH="47" HEIGHT="48" WC="0.96" CONTENT="på"/><SP WIDTH="28" VPOS="1349" HPOS="575"/>
							<String ID="string_240" HPOS="603" VPOS="1354" WIDTH="70" HEIGHT="31" WC="0.95" CONTENT="sätt"/><SP WIDTH="27" VPOS="1354" HPOS="673"/>
							<String ID="string_241" HPOS="700" VPOS="1350" WIDTH="231" HEIGHT="34" WC="0.96" CONTENT="motionären"/><SP WIDTH="27" VPOS="1350" HPOS="931"/>
							<String ID="string_242" HPOS="958" VPOS="1346" WIDTH="132" HEIGHT="45" WC="0.96" CONTENT="anfört,"/><SP WIDTH="27" VPOS="1346" HPOS="1090"/>
							<String ID="string_243" HPOS="1117" VPOS="1346" WIDTH="184" HEIGHT="36" WC="0.93" CONTENT="tullfrihet"/><SP WIDTH="27" VPOS="1346" HPOS="1301"/>
							<String ID="string_244" HPOS="1328" VPOS="1345" WIDTH="21" HEIGHT="36" WC="0.90" CONTENT="å"/><SP WIDTH="26" VPOS="1345" HPOS="1349"/>
							<String ID="string_245" HPOS="1375" VPOS="1345" WIDTH="136" HEIGHT="46" WC="0.96" CONTENT="potatis"/><SP WIDTH="27" VPOS="1345" HPOS="1511"/>
							<String ID="string_246" HPOS="1538" VPOS="1344" WIDTH="171" HEIGHT="36" WC="0.96" CONTENT="inverkar"/><SP WIDTH="28" VPOS="1344" HPOS="1709"/>
							<String ID="string_247" HPOS="1737" VPOS="1344" WIDTH="59" HEIGHT="34" WC="0.95" CONTENT="till"/>
						</TextLine>
						<TextLine ID="line_23" HPOS="188" VPOS="1394" WIDTH="1608" HEIGHT="54">
							<String ID="string_248" HPOS="188" VPOS="1402" WIDTH="139" HEIGHT="46" WC="0.96" CONTENT="ökning"/><SP WIDTH="40" VPOS="1402" HPOS="327"/>
							<String ID="string_249" HPOS="367" VPOS="1401" WIDTH="41" HEIGHT="36" WC="0.96" CONTENT="af"/><SP WIDTH="36" VPOS="1401" HPOS="408"/>
							<String ID="string_250" HPOS="444" VPOS="1401" WIDTH="277" HEIGHT="47" WC="0.96" CONTENT="produktionen"/><SP WIDTH="34" VPOS="1401" HPOS="721"/>
							<String ID="string_251" HPOS="755" VPOS="1399" WIDTH="40" HEIGHT="37" WC="0.96" CONTENT="af"/><SP WIDTH="22" VPOS="1399" HPOS="795"/>
							<String ID="string_252" HPOS="817" VPOS="1400" WIDTH="156" HEIGHT="36" WC="0.96" CONTENT="bränvin"/><SP WIDTH="28" VPOS="1400" HPOS="973"/>
							<String ID="string_253" HPOS="1001" VPOS="1403" WIDTH="96" HEIGHT="31" WC="0.94" CONTENT="samt"/><SP WIDTH="25" VPOS="1403" HPOS="1097"/>
							<String ID="string_254" HPOS="1122" VPOS="1398" WIDTH="59" HEIGHT="35" WC="0.93" CONTENT="till"/><SP WIDTH="28" VPOS="1398" HPOS="1181"/>
							<String ID="string_255" HPOS="1209" VPOS="1396" WIDTH="188" HEIGHT="37" WC="0.86" CONTENT="sänkande"/><SP WIDTH="28" VPOS="1396" HPOS="1397"/>
							<String ID="string_256" HPOS="1425" VPOS="1395" WIDTH="39" HEIGHT="36" WC="0.94" CONTENT="af"/><SP WIDTH="22" VPOS="1395" HPOS="1464"/>
							<String ID="string_257" HPOS="1486" VPOS="1396" WIDTH="114" HEIGHT="46" WC="0.93" CONTENT="priset"/><SP WIDTH="27" VPOS="1396" HPOS="1600"/>
							<String ID="string_258" HPOS="1627" VPOS="1394" WIDTH="20" HEIGHT="36" WC="0.76" CONTENT="å"/><SP WIDTH="28" VPOS="1394" HPOS="1647"/>
							<String ID="string_259" HPOS="1675" VPOS="1394" WIDTH="121" HEIGHT="36" WC="0.96" CONTENT="denna"/>
						</TextLine>
						<TextLine ID="line_24" HPOS="188" VPOS="1446" WIDTH="1608" HEIGHT="55">
							<String ID="string_260" HPOS="188" VPOS="1467" WIDTH="97" HEIGHT="31" WC="0.95" CONTENT="vara,"/><SP WIDTH="40" VPOS="1467" HPOS="285"/>
							<String ID="string_261" HPOS="325" VPOS="1465" WIDTH="107" HEIGHT="36" WC="0.95" CONTENT="synes"/><SP WIDTH="41" VPOS="1465" HPOS="432"/>
							<String ID="string_262" HPOS="473" VPOS="1453" WIDTH="179" HEIGHT="35" WC="0.92" CONTENT="utskottet"/><SP WIDTH="37" VPOS="1453" HPOS="652"/>
							<String ID="string_263" HPOS="689" VPOS="1450" WIDTH="261" HEIGHT="47" WC="0.84" CONTENT="tvifvelaktigt,"/><SP WIDTH="28" VPOS="1450" HPOS="950"/>
							<String ID="string_264" HPOS="978" VPOS="1449" WIDTH="37" HEIGHT="36" WC="0.86" CONTENT="så"/><SP WIDTH="27" VPOS="1449" HPOS="1015"/>
							<String ID="string_265" HPOS="1042" VPOS="1450" WIDTH="147" HEIGHT="48" WC="0.96" CONTENT="mycket"/><SP WIDTH="27" VPOS="1450" HPOS="1189"/>
							<String ID="string_266" HPOS="1216" VPOS="1461" WIDTH="110" HEIGHT="30" WC="0.96" CONTENT="mera,"/><SP WIDTH="29" VPOS="1461" HPOS="1326"/>
							<String ID="string_267" HPOS="1355" VPOS="1460" WIDTH="78" HEIGHT="23" WC="0.96" CONTENT="som"/><SP WIDTH="28" VPOS="1460" HPOS="1433"/>
							<String ID="string_268" HPOS="1461" VPOS="1460" WIDTH="44" HEIGHT="23" WC="0.96" CONTENT="en"/><SP WIDTH="27" VPOS="1460" HPOS="1505"/>
							<String ID="string_269" HPOS="1532" VPOS="1446" WIDTH="137" HEIGHT="46" WC="0.96" CONTENT="mängd"/><SP WIDTH="29" VPOS="1446" HPOS="1669"/>
							<String ID="string_270" HPOS="1698" VPOS="1446" WIDTH="98" HEIGHT="35" WC="0.96" CONTENT="olika"/>
						</TextLine>
						<TextLine ID="line_25" HPOS="187" VPOS="1496" WIDTH="1610" HEIGHT="51">
							<String ID="string_271" HPOS="187" VPOS="1503" WIDTH="165" HEIGHT="37" WC="0.93" CONTENT="faktorer"/><SP WIDTH="27" VPOS="1503" HPOS="352"/>
							<String ID="string_272" HPOS="379" VPOS="1503" WIDTH="89" HEIGHT="36" WC="0.93" CONTENT="härå"/><SP WIDTH="26" VPOS="1503" HPOS="468"/>
							<String ID="string_273" HPOS="494" VPOS="1504" WIDTH="165" HEIGHT="35" WC="0.92" CONTENT="inverka."/><SP WIDTH="53" VPOS="1504" HPOS="659"/>
							<String ID="string_274" HPOS="712" VPOS="1503" WIDTH="72" HEIGHT="35" WC="0.94" CONTENT="För"/><SP WIDTH="28" VPOS="1503" HPOS="784"/>
							<String ID="string_275" HPOS="812" VPOS="1501" WIDTH="112" HEIGHT="46" WC="0.95" CONTENT="öfrigt"/><SP WIDTH="26" VPOS="1501" HPOS="924"/>
							<String ID="string_276" HPOS="950" VPOS="1501" WIDTH="120" HEIGHT="35" WC="0.96" CONTENT="skulle"/><SP WIDTH="26" VPOS="1501" HPOS="1070"/>
							<String ID="string_277" HPOS="1096" VPOS="1501" WIDTH="72" HEIGHT="35" WC="0.93" CONTENT="tull"/><SP WIDTH="27" VPOS="1501" HPOS="1168"/>
							<String ID="string_278" HPOS="1195" VPOS="1499" WIDTH="21" HEIGHT="36" WC="0.92" CONTENT="å"/><SP WIDTH="26" VPOS="1499" HPOS="1216"/>
							<String ID="string_279" HPOS="1242" VPOS="1500" WIDTH="135" HEIGHT="46" WC="0.96" CONTENT="potatis"/><SP WIDTH="27" VPOS="1500" HPOS="1377"/>
							<String ID="string_280" HPOS="1404" VPOS="1499" WIDTH="174" HEIGHT="47" WC="0.96" CONTENT="möjligen"/><SP WIDTH="27" VPOS="1499" HPOS="1578"/>
							<String ID="string_281" HPOS="1605" VPOS="1496" WIDTH="192" HEIGHT="37" WC="0.96" CONTENT="föranleda"/>
						</TextLine>
						<TextLine ID="line_26" HPOS="186" VPOS="1548" WIDTH="1609" HEIGHT="52">
							<String ID="string_282" HPOS="186" VPOS="1556" WIDTH="59" HEIGHT="35" WC="0.96" CONTENT="till"/><SP WIDTH="40" VPOS="1556" HPOS="245"/>
							<String ID="string_283" HPOS="285" VPOS="1555" WIDTH="95" HEIGHT="36" WC="0.96" CONTENT="ökad"/><SP WIDTH="42" VPOS="1555" HPOS="380"/>
							<String ID="string_284" HPOS="422" VPOS="1554" WIDTH="241" HEIGHT="46" WC="0.96" CONTENT="användning"/><SP WIDTH="39" VPOS="1554" HPOS="663"/>
							<String ID="string_285" HPOS="702" VPOS="1552" WIDTH="59" HEIGHT="37" WC="0.92" CONTENT="för"/><SP WIDTH="39" VPOS="1552" HPOS="761"/>
							<String ID="string_286" HPOS="800" VPOS="1552" WIDTH="363" HEIGHT="45" WC="0.90" CONTENT="bränvinsbränning"/><SP WIDTH="41" VPOS="1552" HPOS="1163"/>
							<String ID="string_287" HPOS="1204" VPOS="1550" WIDTH="40" HEIGHT="36" WC="0.73" CONTENT="at"/><SP WIDTH="38" VPOS="1550" HPOS="1244"/>
							<String ID="string_288" HPOS="1282" VPOS="1550" WIDTH="186" HEIGHT="45" WC="0.94" CONTENT="åtskilliga"/><SP WIDTH="41" VPOS="1550" HPOS="1468"/>
							<String ID="string_289" HPOS="1509" VPOS="1548" WIDTH="116" HEIGHT="36" WC="0.96" CONTENT="andra"/><SP WIDTH="27" VPOS="1548" HPOS="1625"/>
							<String ID="string_290" HPOS="1652" VPOS="1555" WIDTH="143" HEIGHT="37" WC="0.96" CONTENT="ämnen,"/>
						</TextLine>
						<TextLine ID="line_27" HPOS="187" VPOS="1599" WIDTH="1609" HEIGHT="52">
							<String ID="string_291" HPOS="187" VPOS="1606" WIDTH="148" HEIGHT="37" WC="0.91" CONTENT="hvadan"/><SP WIDTH="40" VPOS="1606" HPOS="335"/>
							<String ID="string_292" HPOS="375" VPOS="1606" WIDTH="205" HEIGHT="45" WC="0.96" CONTENT="säkerligen"/><SP WIDTH="28" VPOS="1606" HPOS="580"/>
							<String ID="string_293" HPOS="608" VPOS="1605" WIDTH="114" HEIGHT="45" WC="0.96" CONTENT="något"/><SP WIDTH="26" VPOS="1605" HPOS="722"/>
							<String ID="string_294" HPOS="748" VPOS="1604" WIDTH="155" HEIGHT="36" WC="0.96" CONTENT="resultat"/><SP WIDTH="27" VPOS="1604" HPOS="903"/>
							<String ID="string_295" HPOS="930" VPOS="1602" WIDTH="40" HEIGHT="36" WC="0.96" CONTENT="af"/><SP WIDTH="24" VPOS="1602" HPOS="970"/>
							<String ID="string_296" HPOS="994" VPOS="1616" WIDTH="45" HEIGHT="23" WC="0.95" CONTENT="en"/><SP WIDTH="27" VPOS="1616" HPOS="1039"/>
							<String ID="string_297" HPOS="1066" VPOS="1603" WIDTH="71" HEIGHT="35" WC="0.93" CONTENT="tull"/><SP WIDTH="27" VPOS="1603" HPOS="1137"/>
							<String ID="string_298" HPOS="1164" VPOS="1601" WIDTH="19" HEIGHT="36" WC="0.90" CONTENT="å"/><SP WIDTH="27" VPOS="1601" HPOS="1183"/>
							<String ID="string_299" HPOS="1210" VPOS="1602" WIDTH="136" HEIGHT="46" WC="0.96" CONTENT="potatis"/><SP WIDTH="27" VPOS="1602" HPOS="1346"/>
							<String ID="string_300" HPOS="1373" VPOS="1601" WIDTH="12" HEIGHT="35" WC="0.95" CONTENT="i"/><SP WIDTH="28" VPOS="1601" HPOS="1385"/>
							<String ID="string_301" HPOS="1413" VPOS="1600" WIDTH="61" HEIGHT="36" WC="0.96" CONTENT="det"/><SP WIDTH="28" VPOS="1600" HPOS="1474"/>
							<String ID="string_302" HPOS="1502" VPOS="1599" WIDTH="39" HEIGHT="36" WC="0.96" CONTENT="af"/><SP WIDTH="23" VPOS="1599" HPOS="1541"/>
							<String ID="string_303" HPOS="1564" VPOS="1600" WIDTH="232" HEIGHT="34" WC="0.95" CONTENT="motionären"/>
						</TextLine>
						<TextLine ID="line_28" HPOS="188" VPOS="1654" WIDTH="680" HEIGHT="51">
							<String ID="string_304" HPOS="188" VPOS="1657" WIDTH="166" HEIGHT="45" WC="0.90" CONTENT="antydda"/><SP WIDTH="26" VPOS="1657" HPOS="354"/>
							<String ID="string_305" HPOS="380" VPOS="1656" WIDTH="96" HEIGHT="49" WC="0.96" CONTENT="syfte"/><SP WIDTH="26" VPOS="1656" HPOS="476"/>
							<String ID="string_306" HPOS="502" VPOS="1657" WIDTH="79" HEIGHT="35" WC="0.96" CONTENT="icke"/><SP WIDTH="27" VPOS="1657" HPOS="581"/>
							<String ID="string_307" HPOS="608" VPOS="1656" WIDTH="119" HEIGHT="36" WC="0.93" CONTENT="skulle"/><SP WIDTH="27" VPOS="1656" HPOS="727"/>
							<String ID="string_308" HPOS="754" VPOS="1654" WIDTH="114" HEIGHT="37" WC="0.92" CONTENT="ernås."/>
						</TextLine>
					</TextBlock>
					<TextBlock ID="block_4" HPOS="189" VPOS="1700" WIDTH="1612" HEIGHT="617">
						<TextLine ID="line_29" HPOS="288" VPOS="1700" WIDTH="1509" HEIGHT="54">
							<String ID="string_309" HPOS="288" VPOS="1708" WIDTH="73" HEIGHT="36" WC="0.94" CONTENT="Vid"/><SP WIDTH="42" VPOS="1708" HPOS="361"/>
							<String ID="string_310" HPOS="403" VPOS="1706" WIDTH="218" HEIGHT="48" WC="0.93" CONTENT="föregående"/><SP WIDTH="39" VPOS="1706" HPOS="621"/>
							<String ID="string_311" HPOS="660" VPOS="1706" WIDTH="183" HEIGHT="45" WC="0.93" CONTENT="tillfällen,"/><SP WIDTH="41" VPOS="1706" HPOS="843"/>
							<String ID="string_312" HPOS="884" VPOS="1705" WIDTH="45" HEIGHT="36" WC="0.95" CONTENT="då"/><SP WIDTH="36" VPOS="1705" HPOS="929"/>
							<String ID="string_313" HPOS="965" VPOS="1704" WIDTH="128" HEIGHT="46" WC="0.96" CONTENT="frågan"/><SP WIDTH="30" VPOS="1704" HPOS="1093"/>
							<String ID="string_314" HPOS="1123" VPOS="1717" WIDTH="60" HEIGHT="23" WC="0.96" CONTENT="om"/><SP WIDTH="28" VPOS="1717" HPOS="1183"/>
							<String ID="string_315" HPOS="1211" VPOS="1704" WIDTH="71" HEIGHT="35" WC="0.93" CONTENT="tull"/><SP WIDTH="28" VPOS="1704" HPOS="1282"/>
							<String ID="string_316" HPOS="1310" VPOS="1703" WIDTH="20" HEIGHT="36" WC="0.86" CONTENT="å"/><SP WIDTH="27" VPOS="1703" HPOS="1330"/>
							<String ID="string_317" HPOS="1357" VPOS="1703" WIDTH="135" HEIGHT="47" WC="0.93" CONTENT="potatis"/><SP WIDTH="26" VPOS="1703" HPOS="1492"/>
							<String ID="string_318" HPOS="1518" VPOS="1700" WIDTH="185" HEIGHT="45" WC="0.90" CONTENT="förevarit,"/><SP WIDTH="28" VPOS="1700" HPOS="1703"/>
							<String ID="string_319" HPOS="1731" VPOS="1700" WIDTH="66" HEIGHT="35" WC="0.95" CONTENT="har"/>
						</TextLine>
						<TextLine ID="line_30" HPOS="189" VPOS="1751" WIDTH="1612" HEIGHT="54">
							<String ID="string_320" HPOS="189" VPOS="1759" WIDTH="61" HEIGHT="37" WC="0.96" CONTENT="det"/><SP WIDTH="38" VPOS="1759" HPOS="250"/>
							<String ID="string_321" HPOS="288" VPOS="1758" WIDTH="232" HEIGHT="45" WC="0.95" CONTENT="framhållits,"/><SP WIDTH="41" VPOS="1758" HPOS="520"/>
							<String ID="string_322" HPOS="561" VPOS="1763" WIDTH="54" HEIGHT="31" WC="0.91" CONTENT="att"/><SP WIDTH="38" VPOS="1763" HPOS="615"/>
							<String ID="string_323" HPOS="653" VPOS="1756" WIDTH="226" HEIGHT="49" WC="0.89" CONTENT="tullafgiften"/><SP WIDTH="41" VPOS="1756" HPOS="879"/>
							<String ID="string_324" HPOS="920" VPOS="1757" WIDTH="119" HEIGHT="35" WC="0.95" CONTENT="skulle"/><SP WIDTH="31" VPOS="1757" HPOS="1039"/>
							<String ID="string_325" HPOS="1070" VPOS="1760" WIDTH="133" HEIGHT="42" WC="0.96" CONTENT="utgöra"/><SP WIDTH="27" VPOS="1760" HPOS="1203"/>
							<String ID="string_326" HPOS="1230" VPOS="1754" WIDTH="119" HEIGHT="48" WC="0.95" CONTENT="skydd"/><SP WIDTH="28" VPOS="1754" HPOS="1349"/>
							<String ID="string_327" HPOS="1377" VPOS="1753" WIDTH="57" HEIGHT="36" WC="0.96" CONTENT="för"/><SP WIDTH="26" VPOS="1753" HPOS="1434"/>
							<String ID="string_328" HPOS="1460" VPOS="1753" WIDTH="274" HEIGHT="46" WC="0.96" CONTENT="produktionen"/><SP WIDTH="27" VPOS="1753" HPOS="1734"/>
							<String ID="string_329" HPOS="1761" VPOS="1751" WIDTH="40" HEIGHT="35" WC="0.96" CONTENT="af"/>
						</TextLine>
						<TextLine ID="line_31" HPOS="189" VPOS="1801" WIDTH="1604" HEIGHT="56">
							<String ID="string_330" HPOS="189" VPOS="1811" WIDTH="70" HEIGHT="35" WC="0.88" CONTENT="den"/><SP WIDTH="41" VPOS="1811" HPOS="259"/>
							<String ID="string_331" HPOS="300" VPOS="1823" WIDTH="25" HEIGHT="23" WC="0.63" CONTENT="s."/><SP WIDTH="29" VPOS="1823" HPOS="325"/>
							<String ID="string_332" HPOS="354" VPOS="1811" WIDTH="34" HEIGHT="34" WC="0.86" CONTENT="k."/><SP WIDTH="27" VPOS="1811" HPOS="388"/>
							<String ID="string_333" HPOS="415" VPOS="1810" WIDTH="117" HEIGHT="45" WC="0.96" CONTENT="tidiga"/><SP WIDTH="29" VPOS="1810" HPOS="532"/>
							<String ID="string_334" HPOS="561" VPOS="1809" WIDTH="181" HEIGHT="48" WC="0.96" CONTENT="potatisen"/><SP WIDTH="28" VPOS="1809" HPOS="742"/>
							<String ID="string_335" HPOS="770" VPOS="1813" WIDTH="79" HEIGHT="30" WC="0.96" CONTENT="mot"/><SP WIDTH="26" VPOS="1813" HPOS="849"/>
							<String ID="string_336" HPOS="875" VPOS="1807" WIDTH="177" HEIGHT="36" WC="0.96" CONTENT="införseln"/><SP WIDTH="28" VPOS="1807" HPOS="1052"/>
							<String ID="string_337" HPOS="1080" VPOS="1805" WIDTH="112" HEIGHT="45" WC="0.96" CONTENT="deraf,"/><SP WIDTH="29" VPOS="1805" HPOS="1192"/>
							<String ID="string_338" HPOS="1221" VPOS="1804" WIDTH="172" HEIGHT="37" WC="0.94" CONTENT="särskildt"/><SP WIDTH="26" VPOS="1804" HPOS="1393"/>
							<String ID="string_339" HPOS="1419" VPOS="1803" WIDTH="82" HEIGHT="36" WC="0.96" CONTENT="från"/><SP WIDTH="28" VPOS="1803" HPOS="1501"/>
							<String ID="string_340" HPOS="1529" VPOS="1802" WIDTH="200" HEIGHT="49" WC="0.92" CONTENT="Tyskland."/><SP WIDTH="52" VPOS="1802" HPOS="1729"/>
							<String ID="string_341" HPOS="1781" VPOS="1801" WIDTH="12" HEIGHT="36" WC="0.78" CONTENT="I"/>
						</TextLine>
						<TextLine ID="line_32" HPOS="189" VPOS="1852" WIDTH="1611" HEIGHT="58">
							<String ID="string_342" HPOS="189" VPOS="1861" WIDTH="131" HEIGHT="36" WC="0.96" CONTENT="sådant"/><SP WIDTH="39" VPOS="1861" HPOS="320"/>
							<String ID="string_343" HPOS="359" VPOS="1860" WIDTH="97" HEIGHT="50" WC="0.96" CONTENT="syfte"/><SP WIDTH="38" VPOS="1860" HPOS="456"/>
							<String ID="string_344" HPOS="494" VPOS="1861" WIDTH="69" HEIGHT="35" WC="0.96" CONTENT="har"/><SP WIDTH="40" VPOS="1861" HPOS="563"/>
							<String ID="string_345" HPOS="603" VPOS="1873" WIDTH="85" HEIGHT="22" WC="0.91" CONTENT="man"/><SP WIDTH="35" VPOS="1873" HPOS="688"/>
							<String ID="string_346" HPOS="723" VPOS="1859" WIDTH="158" HEIGHT="48" WC="0.91" CONTENT="påyrkat"/><SP WIDTH="26" VPOS="1859" HPOS="881"/>
							<String ID="string_347" HPOS="907" VPOS="1858" WIDTH="114" HEIGHT="46" WC="0.93" CONTENT="högre"/><SP WIDTH="27" VPOS="1858" HPOS="1021"/>
							<String ID="string_348" HPOS="1048" VPOS="1857" WIDTH="145" HEIGHT="36" WC="0.91" CONTENT="tullsats"/><SP WIDTH="28" VPOS="1857" HPOS="1193"/>
							<String ID="string_349" HPOS="1221" VPOS="1855" WIDTH="20" HEIGHT="36" WC="0.91" CONTENT="å"/><SP WIDTH="27" VPOS="1855" HPOS="1241"/>
							<String ID="string_350" HPOS="1268" VPOS="1856" WIDTH="135" HEIGHT="47" WC="0.96" CONTENT="potatis"/><SP WIDTH="29" VPOS="1856" HPOS="1403"/>
							<String ID="string_351" HPOS="1432" VPOS="1854" WIDTH="117" HEIGHT="36" WC="0.96" CONTENT="under"/><SP WIDTH="27" VPOS="1854" HPOS="1549"/>
							<String ID="string_352" HPOS="1576" VPOS="1854" WIDTH="70" HEIGHT="36" WC="0.96" CONTENT="den"/><SP WIDTH="28" VPOS="1854" HPOS="1646"/>
							<String ID="string_353" HPOS="1674" VPOS="1853" WIDTH="59" HEIGHT="36" WC="0.96" CONTENT="del"/><SP WIDTH="28" VPOS="1853" HPOS="1733"/>
							<String ID="string_354" HPOS="1761" VPOS="1852" WIDTH="39" HEIGHT="36" WC="0.96" CONTENT="af"/>
						</TextLine>
						<TextLine ID="line_33" HPOS="189" VPOS="1903" WIDTH="1608" HEIGHT="53">
							<String ID="string_355" HPOS="189" VPOS="1912" WIDTH="85" HEIGHT="44" WC="0.96" CONTENT="året,"/><SP WIDTH="26" VPOS="1912" HPOS="274"/>
							<String ID="string_356" HPOS="300" VPOS="1911" WIDTH="398" HEIGHT="45" WC="0.95" CONTENT="sommarmånaderna,"/><SP WIDTH="28" VPOS="1911" HPOS="698"/>
							<String ID="string_357" HPOS="726" VPOS="1910" WIDTH="47" HEIGHT="36" WC="0.96" CONTENT="då"/><SP WIDTH="27" VPOS="1910" HPOS="773"/>
							<String ID="string_358" HPOS="800" VPOS="1909" WIDTH="112" HEIGHT="37" WC="0.95" CONTENT="sådan"/><SP WIDTH="28" VPOS="1909" HPOS="912"/>
							<String ID="string_359" HPOS="940" VPOS="1907" WIDTH="153" HEIGHT="38" WC="0.95" CONTENT="införsel"/><SP WIDTH="17" VPOS="1907" HPOS="1093"/>
							<String ID="string_360" HPOS="1110" VPOS="1907" WIDTH="256" HEIGHT="41" WC="0.96" CONTENT="förekommer,"/><SP WIDTH="21" VPOS="1907" HPOS="1366"/>
							<String ID="string_361" HPOS="1387" VPOS="1911" WIDTH="47" HEIGHT="31" WC="0.96" CONTENT="än"/><SP WIDTH="19" VPOS="1911" HPOS="1434"/>
							<String ID="string_362" HPOS="1453" VPOS="1905" WIDTH="117" HEIGHT="36" WC="0.96" CONTENT="under"/><SP WIDTH="20" VPOS="1905" HPOS="1570"/>
							<String ID="string_363" HPOS="1590" VPOS="1903" WIDTH="207" HEIGHT="37" WC="0.96" CONTENT="återstoden"/>
						</TextLine>
						<TextLine ID="line_34" HPOS="190" VPOS="1955" WIDTH="1607" HEIGHT="52">
							<String ID="string_364" HPOS="190" VPOS="1963" WIDTH="40" HEIGHT="35" WC="0.96" CONTENT="af"/><SP WIDTH="25" VPOS="1963" HPOS="230"/>
							<String ID="string_365" HPOS="255" VPOS="1963" WIDTH="87" HEIGHT="36" WC="0.94" CONTENT="året."/><SP WIDTH="58" VPOS="1963" HPOS="342"/>
							<String ID="string_366" HPOS="400" VPOS="1965" WIDTH="95" HEIGHT="34" WC="0.96" CONTENT="1897"/><SP WIDTH="28" VPOS="1965" HPOS="495"/>
							<String ID="string_367" HPOS="523" VPOS="1962" WIDTH="57" HEIGHT="36" WC="0.93" CONTENT="års"/><SP WIDTH="28" VPOS="1962" HPOS="580"/>
							<String ID="string_368" HPOS="608" VPOS="1962" WIDTH="181" HEIGHT="45" WC="0.91" CONTENT="Riksdags"/><SP WIDTH="23" VPOS="1962" HPOS="789"/>
							<String ID="string_369" HPOS="812" VPOS="1959" WIDTH="376" HEIGHT="48" WC="0.91" CONTENT="bevillningsutskott,"/><SP WIDTH="19" VPOS="1959" HPOS="1188"/>
							<String ID="string_370" HPOS="1207" VPOS="1971" WIDTH="78" HEIGHT="22" WC="0.93" CONTENT="som"/><SP WIDTH="18" VPOS="1971" HPOS="1285"/>
							<String ID="string_371" HPOS="1303" VPOS="1957" WIDTH="202" HEIGHT="48" WC="0.91" CONTENT="tillstyrkte"/><SP WIDTH="18" VPOS="1957" HPOS="1505"/>
							<String ID="string_372" HPOS="1523" VPOS="1957" WIDTH="71" HEIGHT="34" WC="0.91" CONTENT="tull"/><SP WIDTH="19" VPOS="1957" HPOS="1594"/>
							<String ID="string_373" HPOS="1613" VPOS="1955" WIDTH="20" HEIGHT="36" WC="0.91" CONTENT="å"/><SP WIDTH="18" VPOS="1955" HPOS="1633"/>
							<String ID="string_374" HPOS="1651" VPOS="1955" WIDTH="146" HEIGHT="46" WC="0.95" CONTENT="potatis,"/>
						</TextLine>
						<TextLine ID="line_35" HPOS="189" VPOS="2004" WIDTH="1609" HEIGHT="52">
							<String ID="string_375" HPOS="189" VPOS="2014" WIDTH="174" HEIGHT="36" WC="0.94" CONTENT="framhöll"/><SP WIDTH="37" VPOS="2014" HPOS="363"/>
							<String ID="string_376" HPOS="400" VPOS="2013" WIDTH="175" HEIGHT="36" WC="0.96" CONTENT="särskildt"/><SP WIDTH="33" VPOS="2013" HPOS="575"/>
							<String ID="string_377" HPOS="608" VPOS="2013" WIDTH="120" HEIGHT="36" WC="0.96" CONTENT="denna"/><SP WIDTH="27" VPOS="2013" HPOS="728"/>
							<String ID="string_378" HPOS="755" VPOS="2011" WIDTH="271" HEIGHT="45" WC="0.96" CONTENT="omständighet"/><SP WIDTH="26" VPOS="2011" HPOS="1026"/>
							<String ID="string_379" HPOS="1052" VPOS="2009" WIDTH="119" HEIGHT="36" WC="0.91" CONTENT="såsom"/><SP WIDTH="27" VPOS="2009" HPOS="1171"/>
							<String ID="string_380" HPOS="1198" VPOS="2007" WIDTH="280" HEIGHT="44" WC="0.90" CONTENT="beaktansvärd,"/><SP WIDTH="27" VPOS="2007" HPOS="1478"/>
							<String ID="string_381" HPOS="1505" VPOS="2007" WIDTH="96" HEIGHT="35" WC="0.96" CONTENT="helst"/><SP WIDTH="25" VPOS="2007" HPOS="1601"/>
							<String ID="string_382" HPOS="1626" VPOS="2007" WIDTH="12" HEIGHT="34" WC="0.96" CONTENT="i"/><SP WIDTH="28" VPOS="2007" HPOS="1638"/>
							<String ID="string_383" HPOS="1666" VPOS="2005" WIDTH="39" HEIGHT="36" WC="0.96" CONTENT="så"/><SP WIDTH="26" VPOS="2005" HPOS="1705"/>
							<String ID="string_384" HPOS="1731" VPOS="2004" WIDTH="67" HEIGHT="37" WC="0.96" CONTENT="fall"/>
						</TextLine>
						<TextLine ID="line_36" HPOS="190" VPOS="2057" WIDTH="1607" HEIGHT="53">
							<String ID="string_385" HPOS="190" VPOS="2066" WIDTH="117" HEIGHT="36" WC="0.95" CONTENT="tullen"/><SP WIDTH="42" VPOS="2066" HPOS="307"/>
							<String ID="string_386" HPOS="349" VPOS="2066" WIDTH="120" HEIGHT="35" WC="0.96" CONTENT="skulle"/><SP WIDTH="39" VPOS="2066" HPOS="469"/>
							<String ID="string_387" HPOS="508" VPOS="2069" WIDTH="133" HEIGHT="41" WC="0.96" CONTENT="utgöra"/><SP WIDTH="41" VPOS="2069" HPOS="641"/>
							<String ID="string_388" HPOS="682" VPOS="2077" WIDTH="45" HEIGHT="23" WC="0.95" CONTENT="en"/><SP WIDTH="39" VPOS="2077" HPOS="727"/>
							<String ID="string_389" HPOS="766" VPOS="2063" WIDTH="129" HEIGHT="36" WC="0.95" CONTENT="rättvis"/><SP WIDTH="32" VPOS="2063" HPOS="895"/>
							<String ID="string_390" HPOS="927" VPOS="2061" WIDTH="237" HEIGHT="47" WC="0.94" CONTENT="beskattning"/><SP WIDTH="27" VPOS="2061" HPOS="1164"/>
							<String ID="string_391" HPOS="1191" VPOS="2059" WIDTH="46" HEIGHT="49" WC="0.96" CONTENT="på"/><SP WIDTH="27" VPOS="2059" HPOS="1237"/>
							<String ID="string_392" HPOS="1264" VPOS="2073" WIDTH="44" HEIGHT="22" WC="0.96" CONTENT="en"/><SP WIDTH="29" VPOS="2073" HPOS="1308"/>
							<String ID="string_393" HPOS="1337" VPOS="2059" WIDTH="135" HEIGHT="48" WC="0.93" CONTENT="dyrbar"/><SP WIDTH="28" VPOS="2059" HPOS="1472"/>
							<String ID="string_394" HPOS="1500" VPOS="2057" WIDTH="297" HEIGHT="37" WC="0.90" CONTENT="öfverflödsvara."/>
						</TextLine>
						<TextLine ID="line_37" HPOS="189" VPOS="2107" WIDTH="1609" HEIGHT="53">
							<String ID="string_395" HPOS="189" VPOS="2116" WIDTH="138" HEIGHT="36" WC="0.93" CONTENT="Härtill"/><SP WIDTH="39" VPOS="2116" HPOS="327"/>
							<String ID="string_396" HPOS="366" VPOS="2117" WIDTH="69" HEIGHT="35" WC="0.96" CONTENT="har"/><SP WIDTH="27" VPOS="2117" HPOS="435"/>
							<String ID="string_397" HPOS="462" VPOS="2115" WIDTH="205" HEIGHT="37" WC="0.94" CONTENT="emellertid"/><SP WIDTH="39" VPOS="2115" HPOS="667"/>
							<String ID="string_398" HPOS="706" VPOS="2115" WIDTH="12" HEIGHT="35" WC="0.95" CONTENT="i"/><SP WIDTH="39" VPOS="2115" HPOS="718"/>
							<String ID="string_399" HPOS="757" VPOS="2127" WIDTH="52" HEIGHT="23" WC="0.94" CONTENT="nu"/><SP WIDTH="40" VPOS="2127" HPOS="809"/>
							<String ID="string_400" HPOS="849" VPOS="2112" WIDTH="254" HEIGHT="48" WC="0.94" CONTENT="föreliggande"/><SP WIDTH="39" VPOS="2112" HPOS="1103"/>
							<String ID="string_401" HPOS="1142" VPOS="2112" WIDTH="142" HEIGHT="35" WC="0.96" CONTENT="motion"/><SP WIDTH="41" VPOS="2112" HPOS="1284"/>
							<String ID="string_402" HPOS="1325" VPOS="2110" WIDTH="141" HEIGHT="48" WC="0.95" CONTENT="hänsyn"/><SP WIDTH="42" VPOS="2110" HPOS="1466"/>
							<String ID="string_403" HPOS="1508" VPOS="2108" WIDTH="37" HEIGHT="37" WC="0.95" CONTENT="så"/><SP WIDTH="26" VPOS="2108" HPOS="1545"/>
							<String ID="string_404" HPOS="1571" VPOS="2108" WIDTH="104" HEIGHT="46" WC="0.96" CONTENT="långt"/><SP WIDTH="26" VPOS="2108" HPOS="1675"/>
							<String ID="string_405" HPOS="1701" VPOS="2107" WIDTH="97" HEIGHT="36" WC="0.96" CONTENT="ifrån"/>
						</TextLine>
						<TextLine ID="line_38" HPOS="191" VPOS="2158" WIDTH="1608" HEIGHT="56">
							<String ID="string_406" HPOS="191" VPOS="2168" WIDTH="119" HEIGHT="46" WC="0.95" CONTENT="tagits,"/><SP WIDTH="29" VPOS="2168" HPOS="310"/>
							<String ID="string_407" HPOS="339" VPOS="2172" WIDTH="54" HEIGHT="31" WC="0.95" CONTENT="att"/><SP WIDTH="26" VPOS="2172" HPOS="393"/>
							<String ID="string_408" HPOS="419" VPOS="2172" WIDTH="160" HEIGHT="31" WC="0.95" CONTENT="tvärtom"/><SP WIDTH="25" VPOS="2172" HPOS="579"/>
							<String ID="string_409" HPOS="604" VPOS="2167" WIDTH="77" HEIGHT="46" WC="0.96" CONTENT="just"/><SP WIDTH="27" VPOS="2167" HPOS="681"/>
							<String ID="string_410" HPOS="708" VPOS="2165" WIDTH="117" HEIGHT="36" WC="0.96" CONTENT="under"/><SP WIDTH="27" VPOS="2165" HPOS="825"/>
							<String ID="string_411" HPOS="852" VPOS="2165" WIDTH="121" HEIGHT="36" WC="0.96" CONTENT="denna"/><SP WIDTH="25" VPOS="2165" HPOS="973"/>
							<String ID="string_412" HPOS="998" VPOS="2164" WIDTH="55" HEIGHT="35" WC="0.96" CONTENT="tid"/><SP WIDTH="27" VPOS="2164" HPOS="1053"/>
							<String ID="string_413" HPOS="1080" VPOS="2161" WIDTH="185" HEIGHT="38" WC="0.92" CONTENT="tullfrihet"/><SP WIDTH="18" VPOS="2161" HPOS="1265"/>
							<String ID="string_414" HPOS="1283" VPOS="2161" WIDTH="20" HEIGHT="36" WC="0.91" CONTENT="å"/><SP WIDTH="18" VPOS="2161" HPOS="1303"/>
							<String ID="string_415" HPOS="1321" VPOS="2161" WIDTH="134" HEIGHT="47" WC="0.95" CONTENT="potatis"/><SP WIDTH="25" VPOS="2161" HPOS="1455"/>
							<String ID="string_416" HPOS="1480" VPOS="2160" WIDTH="221" HEIGHT="45" WC="0.95" CONTENT="föreslagits;"/><SP WIDTH="28" VPOS="2160" HPOS="1701"/>
							<String ID="string_417" HPOS="1729" VPOS="2158" WIDTH="70" HEIGHT="36" WC="0.96" CONTENT="och"/>
						</TextLine>
						<TextLine ID="line_39" HPOS="192" VPOS="2209" WIDTH="1608" HEIGHT="55">
							<String ID="string_418" HPOS="192" VPOS="2231" WIDTH="106" HEIGHT="23" WC="0.96" CONTENT="anser"/><SP WIDTH="40" VPOS="2231" HPOS="298"/>
							<String ID="string_419" HPOS="338" VPOS="2219" WIDTH="190" HEIGHT="45" WC="0.96" CONTENT="utskottet,"/><SP WIDTH="27" VPOS="2219" HPOS="528"/>
							<String ID="string_420" HPOS="555" VPOS="2219" WIDTH="9" HEIGHT="34" WC="0.96" CONTENT="i"/><SP WIDTH="29" VPOS="2219" HPOS="564"/>
							<String ID="string_421" HPOS="593" VPOS="2217" WIDTH="118" HEIGHT="36" WC="0.96" CONTENT="likhet"/><SP WIDTH="25" VPOS="2217" HPOS="711"/>
							<String ID="string_422" HPOS="736" VPOS="2216" WIDTH="85" HEIGHT="36" WC="0.93" CONTENT="med"/><SP WIDTH="27" VPOS="2216" HPOS="821"/>
							<String ID="string_423" HPOS="848" VPOS="2214" WIDTH="172" HEIGHT="37" WC="0.91" CONTENT="nästlidet"/><SP WIDTH="28" VPOS="2214" HPOS="1020"/>
							<String ID="string_424" HPOS="1048" VPOS="2214" WIDTH="57" HEIGHT="36" WC="0.93" CONTENT="års"/><SP WIDTH="28" VPOS="2214" HPOS="1105"/>
							<String ID="string_425" HPOS="1133" VPOS="2212" WIDTH="376" HEIGHT="46" WC="0.91" CONTENT="bevillningsutskott,"/><SP WIDTH="28" VPOS="2212" HPOS="1509"/>
							<String ID="string_426" HPOS="1537" VPOS="2211" WIDTH="101" HEIGHT="36" WC="0.91" CONTENT="detta"/><SP WIDTH="26" VPOS="2211" HPOS="1638"/>
							<String ID="string_427" HPOS="1664" VPOS="2209" WIDTH="136" HEIGHT="36" WC="0.91" CONTENT="förhål-"/>
						</TextLine>
						<TextLine ID="line_40" HPOS="191" VPOS="2261" WIDTH="1608" HEIGHT="56">
							<String ID="string_428" HPOS="191" VPOS="2270" WIDTH="110" HEIGHT="36" WC="0.96" CONTENT="lande"/><SP WIDTH="40" VPOS="2270" HPOS="301"/>
							<String ID="string_429" HPOS="341" VPOS="2276" WIDTH="134" HEIGHT="41" WC="0.96" CONTENT="utgöra"/><SP WIDTH="39" VPOS="2276" HPOS="475"/>
							<String ID="string_430" HPOS="514" VPOS="2274" WIDTH="53" HEIGHT="31" WC="0.95" CONTENT="ett"/><SP WIDTH="39" VPOS="2274" HPOS="567"/>
							<String ID="string_431" HPOS="606" VPOS="2268" WIDTH="213" HEIGHT="46" WC="0.95" CONTENT="ytterligare"/><SP WIDTH="40" VPOS="2268" HPOS="819"/>
							<String ID="string_432" HPOS="859" VPOS="2267" WIDTH="78" HEIGHT="36" WC="0.96" CONTENT="skäl"/><SP WIDTH="39" VPOS="2267" HPOS="937"/>
							<String ID="string_433" HPOS="976" VPOS="2265" WIDTH="58" HEIGHT="36" WC="0.93" CONTENT="för"/><SP WIDTH="40" VPOS="2265" HPOS="1034"/>
							<String ID="string_434" HPOS="1074" VPOS="2264" WIDTH="119" HEIGHT="49" WC="0.92" CONTENT="afslag"/><SP WIDTH="27" VPOS="2264" HPOS="1193"/>
							<String ID="string_435" HPOS="1220" VPOS="2264" WIDTH="21" HEIGHT="36" WC="0.90" CONTENT="å"/><SP WIDTH="27" VPOS="2264" HPOS="1241"/>
							<String ID="string_436" HPOS="1268" VPOS="2264" WIDTH="198" HEIGHT="43" WC="0.93" CONTENT="motionen,"/><SP WIDTH="27" VPOS="2264" HPOS="1466"/>
							<String ID="string_437" HPOS="1493" VPOS="2262" WIDTH="152" HEIGHT="37" WC="0.92" CONTENT="hvartill"/><SP WIDTH="27" VPOS="2262" HPOS="1645"/>
							<String ID="string_438" HPOS="1672" VPOS="2261" WIDTH="127" HEIGHT="36" WC="0.96" CONTENT="vidare"/>
						</TextLine>
					</TextBlock>
				</ComposedBlock>
			</PrintSpace>
		</Page>
	</Layout>
</alto>
