1896 2774
255 156 41 30 24
634 162 285 30 Statsutskottets
940 164 179 31 utlåtande
1138 175 43 20 nr
1201 166 17 30 7
1238 167 39 29 år
1298 168 82 29 1958

612 245 50 28 att
687 245 187 40 riksdagen
899 247 57 29 må
980 248 52 29 till
1056 249 204 41 Ersättning
1286 251 51 30 till
1360 253 165 32 städerna
1549 255 57 39 för
1630 256 129 31 mistad

571 294 90 41 tolag
690 294 55 31 för
772 295 204 40 budgetåret
1008 298 149 36 1958/59
1186 301 121 30 anvisa
1336 304 48 28 ett
1413 303 275 42 förslagsanslag
1716 315 43 21 av

567 343 40 29 30
622 344 62 30 000
700 345 62 29 000
783 346 139 31 kronor.

301 456 97 36 59:0)
425 459 139 30 Städers
585 461 153 31 friheter.
761 462 12 29 I
796 464 148 36 enlighet
965 466 79 29 med
1066 466 121 38 Kungl.
1210 468 120 37 Maj:ts
1353 469 131 40 förslag
1510 471 127 38 (punkt
1658 473 49 34 62,
1731 483 25 20 s.

256 506 74 34 92),
353 508 108 30 vilket
484 509 145 31 innebär
652 512 213 31 oförändrad
889 515 329 41 medelsanvisning,
1240 519 202 31 hemställer
1466 522 180 35 utskottet,

609 562 51 29 att
677 562 187 40 riksdagen
885 565 57 29 må
962 565 52 29 till
1032 566 141 31 Städers
1191 568 147 39 friheter
1356 570 56 30 för
1430 570 204 41 budgetåret
1656 573 99 36 1958/

565 610 40 30 39
626 612 121 30 anvisa
768 615 47 27 ett
835 613 272 43 förslagsanslag
1127 627 42 20 av
1189 618 41 30 30
1245 617 62 31 000
1327 620 141 31 kronor.

295 723 96 35 60:0)
417 726 200 38 Ersättning
637 729 53 30 till
716 729 173 38 landsting
911 733 64 28 och
999 734 123 35 städer,
1147 744 75 21 som
1244 736 32 35 ej
1300 737 134 36 deltaga
1457 739 11 29 i
1492 739 182 38 landsting,
1699 742 56 29 för

253 774 52 30 till
328 776 207 30 statsverket
558 778 167 36 indragna
750 776 540 48 brännvinsförsäljningsmedel.
1315 787 167 37 Vederlag
1506 790 56 29 för
1586 791 168 36 nedlagda

254 824 463 40 utskänkningsrättigheter.
736 830 14 29 I
768 830 151 40 enlighet
937 833 80 29 med
1036 833 124 41 Kungl.
1180 835 123 40 Maj:ts
1322 837 131 41 förslag
1477 838 216 41 (punkterna
1712 841 42 30 63

252 873 65 29 och
339 874 52 34 64,
413 885 26 20 s.
462 877 42 30 92
525 878 65 28 och
611 878 73 35 93),
705 879 96 30 vilka
821 881 146 31 innebär
988 883 57 29 det
1066 883 95 31 förra
1183 885 165 41 förslaget
1371 888 215 31 oförändrad
1608 891 145 30 medels-

253 924 186 42 anvisning
466 927 66 29 och
560 928 56 29 det
644 937 122 23 senare
793 940 42 20 en
863 933 347 41 anslagsminskning
1237 936 79 30 från
1346 938 93 30 1500
1467 939 131 30 kronor
1626 941 50 29 till
1704 943 49 29 ett

252 972 153 32 formellt
427 975 125 41 belopp
574 987 42 20 av
639 978 61 30 100
722 980 139 35 kronor,
883 982 204 31 hemställer
1108 985 180 37 utskottet,

604 1030 51 28 att
674 1030 188 40 riksdagen
883 1032 57 30 må
961 1033 56 30 för
1037 1034 204 40 budgetåret
1265 1037 148 36 1958/59
1435 1040 123 29 anvisa

604 1078 36 34 a)
670 1079 53 30 till
741 1080 205 42 Ersättning
967 1082 52 30 till
1038 1084 177 43 landsting
1233 1087 64 29 och
1317 1088 127 37 städer,
1464 1098 76 21 som
1562 1091 35 39 ej
1615 1091 136 40 deltaga

562 1128 11 29 i
600 1128 186 41 landsting,
814 1132 57 39 för
899 1133 53 29 till
979 1135 210 30 statsverket
1218 1137 168 40 indragna
1417 1139 334 43 brännvinsförsälj-

559 1178 220 40 ningsmedel
799 1183 48 28 ett
870 1183 121 39 anslag
1014 1192 43 21 av
1079 1184 18 30 3
1113 1185 61 29 100
1189 1185 62 31 000
1274 1187 144 36 kronor;

601 1228 38 34 b)
669 1230 52 29 till
749 1231 166 41 Vederlag
936 1233 57 39 för
1017 1234 170 40 nedlagda
1212 1238 466 42 utskänkningsrättigheter
1702 1244 47 27 ett

559 1278 273 42 förslagsanslag
851 1291 43 20 av
917 1282 61 30 100
999 1283 140 32 kronor.

292 1391 97 34 61:0)
414 1393 127 36 Bidrag
559 1395 52 29 till
631 1396 241 37 skattetyngda
892 1400 215 36 kommuner,
1128 1412 43 19 m.
1192 1413 44 19 m.
1258 1404 122 37 Kungl.
1404 1405 103 37 Maj:t
1528 1407 64 29 har
1619 1409 129 38 (punkt

247 1440 52 34 65,
321 1450 25 22 s.
370 1442 40 30 93
432 1443 66 29 och
520 1444 57 36 94)
603 1445 180 41 föreslagit
805 1448 186 40 riksdagen
1014 1452 50 28 att
1086 1451 52 29 till
1159 1452 127 41 Bidrag
1308 1454 51 29 till
1382 1455 247 41 skattetyngda
1651 1458 98 30 kom-

247 1499 134 26 muner,
401 1502 45 20 m.
468 1503 45 20 m.
535 1494 54 30 för
607 1495 205 40 budgetåret
834 1498 149 36 1958/59
1004 1501 121 29 anvisa
1145 1504 48 27 ett
1216 1503 273 44 förslagsanslag
1512 1516 42 20 av
1574 1507 18 30 5
1607 1508 62 29 500
1684 1508 63 30 000

245 1540 140 31 kronor.

290 1657 269 40 Ifrågavarande
579 1663 120 39 anslag
719 1664 39 29 är
776 1664 10 29 i
806 1665 158 39 gällande
984 1667 145 31 riksstat
1149 1670 144 39 uppfört
1312 1672 78 29 med
1410 1672 19 30 3
1444 1672 63 31 000
1522 1673 62 30 000
1605 1675 141 31 kronor.

288 1708 228 31 Beträffande
535 1711 403 44 departementschefens
955 1717 180 31 uttalande
1152 1719 55 30 får
1224 1721 170 30 utskottet
1409 1722 148 31 hänvisa
1575 1724 51 29 till
1644 1727 102 28 stats-

243 1757 295 40 rådsprotokollet
557 1770 25 20 s.
603 1762 40 29 93
663 1763 65 29 och
749 1763 50 31 94.

288 1875 176 30 Utskottet
483 1877 55 29 får
558 1879 77 29 med
655 1880 243 39 tillstyrkande
920 1892 42 19 av
980 1883 126 40 Kungl.
1127 1885 123 40 Maj:ts
1270 1887 130 41 förslag
1419 1889 196 35 hemställa,

596 1930 49 27 att
666 1929 188 41 riksdagen
876 1933 56 29 må
954 1933 52 29 till
1028 1934 127 41 Bidrag
1178 1936 53 29 till
1250 1937 247 41 skattetyngda
1523 1940 220 39 kommuner,

552 1987 44 20 m.
622 1988 44 21 m.
694 1979 55 30 för
774 1981 204 40 budgetåret
1006 1984 149 36 1958/59
1180 1986 122 30 anvisa
1328 1990 48 28 ett
1401 1989 274 42 förslagsanslag
1700 2001 43 20 av

551 2028 96 30 5500
661 2028 63 30 000
744 2030 140 32 kronor.

284 2133 97 34 62:0)
410 2134 310 39 Skatteersättning
741 2138 54 30 till
818 2140 261 37 kommunerna,
1103 2153 43 20 m.
1170 2154 44 20 m.
1239 2145 121 38 Kungl.
1385 2147 106 40 Maj:t
1517 2149 64 29 har
1611 2149 129 40 (punkt

239 2182 51 34 66,
308 2192 25 21 s.
351 2183 40 30 95
409 2185 66 28 och
492 2185 57 36 96)
572 2186 179 41 föreslagit
768 2189 187 40 riksdagen
972 2193 51 28 att
1042 2193 52 29 till
1113 2193 315 43 Skatteersättning
1445 2198 52 29 till
1516 2199 224 31 kommuner-

238 2241 55 25 na,
318 2242 44 20 m.
387 2243 45 20 m.
458 2235 55 30 för
535 2236 205 39 budgetåret
766 2239 148 36 1958/59
938 2242 122 30 anvisa
1085 2245 47 27 ett
1157 2244 273 42 förslagsanslag
1455 2257 42 20 av
1521 2248 63 30 580
1599 2249 62 30 000
1676 2250 64 30 000

236 2282 141 31 kronor.

280 2391 271 40 Ifrågavarande
573 2395 121 40 anslag
715 2398 38 28 är
774 2397 10 29 i
805 2398 159 39 gällande
986 2400 145 31 riksstat
1153 2403 143 39 uppfört
1318 2406 77 29 med
1419 2406 63 30 295
1497 2405 63 31 000
1575 2408 62 30 000
1661 2409 77 29 kro-

234 2449 74 21 nor.
