2214 2612
473 147 20 29 4
924 150 288 33 Bankoutskottets
1234 151 165 32 utlåtande
1422 153 45 30 Nr
1487 155 46 28 29.

432 235 103 41 eljest
561 236 161 34 önskade
744 238 113 33 redan
881 249 51 22 nu
956 240 131 33 bereda
1113 241 81 32 sina
1217 240 241 34 efterlevande
1482 242 67 33 den
1573 243 78 32 med
1676 242 113 33 sådan
1814 242 212 43 förhöjning

432 288 172 34 förenade
630 289 113 34 ökade
768 290 198 41 förmånen,
994 293 67 32 och
1087 293 98 33 vilka
1210 293 155 34 sålunda
1391 295 119 32 kunde
1535 296 95 32 hava
1654 295 116 33 fördel
1797 306 44 22 av
1866 298 50 30 att
1939 296 87 41 ingå

431 341 44 41 på
498 342 57 32 det
579 352 75 32 nya
676 344 394 42 pensionsunderlaget.
1107 345 67 34 Det
1198 349 99 30 stora
1322 346 155 34 flertalet
1501 348 339 41 häradshövdingar
1867 349 158 32 däremot

430 395 118 33 kunde
571 396 153 33 avvakta
746 397 68 33 den
838 397 185 34 definitiva
1046 399 96 33 löne-
1166 400 66 32 och
1255 401 368 40 pensionsreglering,
1648 411 77 22 som
1747 401 112 33 måste
1882 401 142 32 komma

432 448 95 32 inom
547 450 48 31 ett
616 449 86 33 eller
724 452 110 31 annat
855 450 51 39 år,
929 452 66 32 och
1018 452 92 32 hade
1132 452 106 33 alltså
1259 453 81 32 icke
1359 453 110 41 något
1488 455 156 32 intresse
1664 456 49 31 att
1733 455 112 32 redan
1865 465 50 22 nu
1938 455 86 41 ingå

430 501 45 40 på
493 501 137 42 förhöjt
647 504 350 41 pensionsunderlag
1013 505 79 32 med
1110 505 112 33 därav
1237 505 162 41 följande
1416 506 151 41 avgifter
1586 507 58 32 för
1662 518 89 30 egen
1767 508 258 40 pensionering

432 555 65 32 och
513 556 191 32 eventuellt
719 556 111 41 höjda
846 556 475 43 familjepensionsavgifter.
1351 558 60 34 Att
1428 559 21 33 å
1467 560 115 33 andra
1599 561 105 32 sidan
1722 571 49 22 nu
1787 566 88 28 utan
1890 562 132 32 villkor

430 617 55 23 om
506 608 207 41 skyldighet
733 612 50 30 att
803 609 57 33 för
882 620 88 31 egen
990 611 258 41 pensionering
1270 612 149 41 crlägga
1441 612 110 41 avgift
1571 613 173 41 medgiva,
1768 616 48 30 att
1836 615 186 40 pensions-

429 661 210 41 underlaget
661 662 55 33 för
738 663 306 41 häradshövding,
1067 664 110 34 vilket
1197 664 57 33 för
1278 665 126 33 endast
1426 668 46 30 ett
1493 676 66 30 par
1581 666 42 32 år
1644 667 112 32 sedan
1776 667 170 32 bestämts
1969 667 53 32 till

428 715 59 32 sitt
505 716 211 32 nuvarande
733 716 128 41 belopp
883 717 66 33 och
968 716 126 34 därvid
1112 718 97 40 höjts
1230 718 78 32 med
1327 718 65 32 600
1410 718 148 39 kronor,
1579 718 76 33 åter
1676 719 117 33 skulle
1812 720 210 41 ytterligare

428 767 40 33 så
487 769 192 40 väsentligt
697 769 117 40 höjas,
834 780 78 22 som
930 771 11 31 i
962 769 315 42 framställningen
1297 770 187 42 påyrkats,
1506 774 124 39 syntes
1651 772 206 32 kommittén
1876 772 145 32 betänk-

427 820 72 41 ligt.
533 821 307 42 Häradshövding
859 822 119 34 skulle
999 823 183 41 nämligen
1203 824 209 41 därigenom
1434 826 86 31 utan
1542 825 113 41 avgift
1675 825 186 33 bekomma
1884 836 137 22 samma

426 875 161 39 pension,
614 885 77 22 som
715 885 44 23 av
783 875 335 34 hovrätteråd.med
1142 876 90 33 flera
1258 877 113 32 delvis
1396 877 214 33 bekostades
1637 878 78 32 med
1740 888 92 31 egna
1857 877 162 42 avgifter,

426 928 66 32 och
513 927 82 33 vida
616 928 112 41 högre
747 929 153 40 pension
922 932 46 30 än
992 929 77 39 den,
1092 940 78 22 som
1191 930 196 33 tillkomme
1408 930 152 41 ungefär
1582 931 184 40 jämställd
1786 930 233 41 befattnings-

426 981 134 32 havare
588 981 69 33 hos
686 981 237 42 länsstyrelse
959 981 350 42 (landssekreterare
1338 983 67 32 och
1436 983 333 40 landskamrerare)
1805 985 72 30 mot
1905 983 114 40 erläg-

425 1033 115 41 gande
558 1044 45 22 av
622 1034 301 41 pensionsavgilft;
943 1035 66 32 och
1028 1035 59 32 vid
1106 1045 43 22 en
1167 1035 167 33 blivande
1353 1035 161 33 definitiv
1533 1036 95 32 löne-
1650 1037 66 31 och
1734 1037 285 40 pensionsregle-

425 1088 82 40 ring
527 1087 140 32 komme
685 1086 296 42 häradshövding
1000 1088 149 40 givetvis
1168 1090 49 30 att
1235 1088 158 33 drabbas
1413 1098 44 22 av
1476 1088 152 41 avgifter
1649 1088 57 33 för
1726 1099 88 30 egen
1833 1090 186 40 pensione-

423 1141 83 40 ring
530 1141 89 31 utan
646 1142 49 30 att
720 1139 91 33 dock
836 1141 13 31 i
876 1140 263 41 sammanhang
1165 1140 145 33 därmed
1335 1141 386 41 pensionsunderlaget
1746 1142 119 32 kunde
1890 1144 128 31 väntas

424 1193 96 33 bliva
538 1192 138 41 förhöjt
693 1194 124 31 utöver
835 1192 56 33 det
908 1193 139 40 belopp,
1067 1203 78 22 som
1163 1203 49 22 nu
1229 1192 187 43 påyrkats.

553 1257 103 34 Även
674 1269 43 22 ur
737 1258 114 34 andra
871 1259 226 42 synpunkter
1116 1260 68 32 har
1204 1260 207 32 kommittén
1431 1259 180 33 förklarat
1631 1261 56 40 sig
1706 1261 94 41 hysa
1820 1260 196 40 betänklig-

421 1312 97 32 heter
547 1313 72 31 mot
646 1314 46 31 ett
717 1312 241 41 provisoriskt
984 1312 185 33 ordnande
1195 1323 43 22 av
1264 1313 454 40 pensionsförhållandena
1746 1313 55 32 för
1830 1323 43 22 en
1901 1323 114 30 grupp

424 1365 108 32 bland
557 1365 68 32 den
650 1367 98 30 stora
774 1365 177 41 mängden
977 1376 43 22 av
1044 1365 358 41 befattningshavare
1439 1366 97 32 vilka
1562 1370 99 30 ännu
1685 1368 151 32 väntade
1860 1368 46 41 på
1933 1369 84 32 defi-

422 1417 87 33 nitiv
531 1418 96 32 löne-
651 1418 66 32 och
738 1419 367 40 pensionsreglering.
1141 1419 65 33 Om
1227 1429 84 22 man
1333 1419 46 41 på
1401 1419 114 42 dylikt
1537 1422 71 31 sätt
1632 1420 180 33 särskilde
1834 1431 43 22 en
1900 1431 114 30 grupp

421 1467 109 33 bland
554 1468 133 42 många
710 1471 12 31 i
747 1472 90 32 stort
862 1474 67 30 sett
953 1472 186 32 likställda
1164 1482 167 31 grupper,
1357 1472 120 33 kunde
1502 1473 55 32 det
1582 1473 80 32 icke
1687 1476 114 38 gärna
1826 1472 188 38 undvikas,

421 1523 49 31 att
495 1521 44 33 de
566 1522 115 33 andra
706 1533 206 31 grupperna
936 1524 112 33 funne
1073 1526 58 40 sig
1156 1525 257 33 tillbakasatta.
1463 1525 72 32 Till
1562 1525 108 33 dessa
1707 1526 115 32 andra
1858 1535 156 31 grupper

420 1574 112 33 hörde
557 1576 214 40 exempelvis
798 1576 233 39 landsstaten,
1058 1578 437 40 provinsialläkarstaten,
1522 1580 257 32 universiteten
1807 1581 66 31 och
1902 1580 112 32 lärar-

420 1628 217 40 personalen
656 1629 58 32 vid
731 1629 42 33 de
792 1629 185 34 allmänna
996 1630 224 33 läroverken.
1252 1631 61 33 Att
1333 1642 44 22 en
1396 1632 227 40 provisorisk
1643 1632 204 42 anordning
1867 1643 43 22 av
1929 1632 85 33 ifrå-

420 1680 207 41 gavarande
646 1682 80 41 slag
743 1681 139 34 funnits
901 1692 87 23 vara
1006 1683 47 41 på
1073 1685 58 31 sin
1152 1684 93 40 plats
1266 1685 12 31 i
1298 1684 106 41 fråga
1425 1695 56 22 om
1500 1685 369 41 landshövdingarna,
1890 1688 124 40 syntes

419 1732 254 43 förnämligast
707 1735 93 33 hava
836 1735 114 34 berott
986 1736 46 41 på
1057 1736 57 33 det
1139 1737 234 41 synnerligen
1399 1748 263 31 ogynnsamma
1687 1738 80 41 läge
1791 1739 12 31 i
1828 1740 185 39 pensions-

420 1787 214 39 hänseende,
664 1789 77 31 vari
771 1788 359 42 landshövdingarna
1160 1800 183 23 ensamma
1372 1791 12 31 i
1412 1790 210 41 jämförelse
1652 1792 78 33 med
1772 1793 72 32 alla
1888 1794 125 40 övriga

419 1840 355 41 befattningshavare
799 1842 13 31 i
837 1842 253 33 motsvarande
1115 1842 276 42 chefsställning
1416 1844 156 38 kommit,
1600 1848 87 29 enär
1714 1845 87 33 efter
1827 1847 185 39 pensions-

419 1893 228 42 regleringen
673 1894 56 33 för
756 1894 42 32 de
823 1895 226 33 sistnämnda
1075 1896 359 41 landshövdingarna
1461 1897 92 32 hade
1578 1898 94 32 varit
1697 1898 42 32 de
1767 1899 100 38 enda,
1894 1899 118 33 vilkas

417 1947 193 40 pensioner
640 1946 169 34 drabbats
837 1958 45 22 av
909 1948 66 32 den
1002 1949 13 31 i
1043 1948 107 33 civila
1176 1950 281 41 pensionslagen
1484 1952 284 41 ursprungligen
1797 1953 214 40 fastställda,

418 2009 80 23 men
513 2009 152 23 numera
681 2000 193 41 övergivna
890 2001 197 41 principen,
1104 2003 50 31 att
1170 2002 152 41 pension
1339 2003 80 32 icke
1437 2003 97 41 finge
1551 2006 182 39 överstiga
1750 2005 97 38 6.000
1864 2006 146 33 kronor.

550 2061 234 35 Beträffande
823 2064 325 43 framställningen,
1189 2068 12 31 i
1230 2067 68 32 vad
1327 2067 68 33 den
1425 2067 132 42 avsåge
1586 2068 213 41 förhöjning
1827 2079 45 22 av
1900 2069 111 32 redan

418 2114 175 41 utgående
616 2116 202 40 pensioner,
843 2117 83 33 ville
949 2117 218 40 kommittén,
1193 2129 76 23 som
1295 2120 112 40 enligt
1431 2121 68 32 vad
1522 2121 83 33 dess
1632 2121 235 33 förenämnda
1891 2122 120 32 betän-

417 2167 117 34 kande
557 2168 90 41 gåve
668 2169 58 32 vid
747 2169 144 33 handen
913 2170 79 33 icke
1014 2171 100 33 ställt
1138 2172 57 40 sig
1217 2172 148 33 alldeles
1390 2173 193 33 avvisande
1606 2176 73 30 mot
1703 2173 132 33 tanken
1859 2176 59 36 att,
1942 2178 68 29 när

417 2229 72 32 nya
511 2222 353 41 pensionsunderlag
887 2222 160 42 förelåge
1073 2226 84 30 över
1180 2224 82 33 hela
1286 2225 123 41 linjen,
1435 2236 44 22 en
1502 2226 184 42 reglering
1710 2237 43 22 av
1775 2229 112 32 redan
1910 2230 100 41 utgå-

417 2270 87 36 ende
527 2275 193 40 pensioner
744 2274 120 34 skulle
888 2275 124 33 kunna
1037 2279 71 38 äga
1132 2287 80 22 rum
1235 2278 13 32 i
1272 2279 264 41 sammanhang
1560 2280 79 32 med
1663 2290 43 22 en
1731 2281 210 42 avveckling
1965 2293 44 22 av
