2213 2576
802 164 109 33 Stats-
921 164 171 33 Utskottets
1124 163 178 33 Utlåtande
1326 165 62 32 N:o
1412 166 29 29 9.

372 169 19 29 [Ne]

460 245 37 49 a)
527 251 58 31 att
610 245 179 48 anslaget
817 244 60 37 till
907 244 175 49 aflöning
1106 244 60 37 för
1193 245 158 36 flottans
1381 256 158 36 corpser
1568 243 70 37 och
1669 248 132 44 stater,
1832 258 49 22 nu
1898 249 59 32 ut-

328 298 177 49 GÖTANÅG
539 329 99 4 sossar
648 328 98 5 srrsrassa
755 329 62 5 reser
827 329 62 4 resas
900 329 24 4 see
933 328 27 5 ser
972 329 24 3 era
1006 329 14 3 ns
1030 328 38 4 rese
1081 328 95 4 brRR
1186 328 14 4 AR
1215 328 32 4 ten
1259 328 131 4 senere
1436 296 154 36 Kronor
1647 297 217 46 1,201,484:
1894 319 50 4 —

328 353 121 33 måtte
478 349 175 49 förhöjas
683 349 88 36 med
800 349 67 36 det
894 348 59 36 till
972 348 438 49 inqvarteringsbidrag

436 404 39 33 åt
521 400 522 49 båtsmanskompanichefer
1072 400 73 36 och
1173 413 48 23 en
1251 399 61 37 del
1343 413 65 22 an-

435 453 69 35 dra
532 452 12 36 i
573 452 263 49 Henetgöring
884 452 136 36 stadde
1060 451 199 37 officerare
1290 451 119 36 erfor-

433 504 149 49 detliga
610 504 142 49 BOlOPP
764 500 72 57 w...:
836 535 566 5 sosssasossenesssmsnen
1148 500 108 57 mines
1269 500 12 57 a
1291 500 36 57 som
1341 500 65 57 ake
1500 531 22 19 -
1738 504 127 46 8,800:
1895 524 50 4 —

1229 563 94 37 eller
1351 556 58 43 till
1437 556 155 43 Kronor
1650 564 214 46 1,210,284:
1893 585 50 4 —

460 616 37 48 b)
528 622 57 31 att
613 616 154 36 utöfver
796 616 47 35 de
873 615 160 49 afgifter
1062 616 58 36 för
1149 616 170 35 vakanta
1334 615 364 36 rusthållsnummer
1725 615 12 35 i
1766 614 192 49 Blekinge

329 668 61 36 län
422 668 72 36 och
526 667 124 37 Södra
679 668 106 35 Möre
815 667 120 36 härad
967 666 41 37 af
1033 667 160 36 Kalmar
1223 667 73 47 län,
1329 667 132 36 hvilka
1492 666 124 49 enligt
1641 668 97 35 1876
1761 669 62 34 års
1844 666 112 36 Riks-

329 721 97 46 dags
447 720 128 36 beslut
618 719 174 37 anvisats
824 719 58 36 för
926 718 310 48 genomförande
1279 719 42 35 af
1350 718 340 49 löneregleringen
1721 718 58 36 för
1808 718 147 47 flottan,

322 772 147 48 jemväl
500 772 127 48 öfriga
657 771 98 37 efter
783 770 199 49 ingången
1012 771 43 35 af
1075 774 41 32 år
1148 772 99 35 1884
1268 770 214 49 inflytande
1507 770 134 48 dylika
1667 769 157 48 afgifter
1839 773 119 33 måtte

329 824 58 35 för
415 823 364 50 löneregleringens
809 822 123 36 behof
955 823 123 35 under
1108 822 243 36 sistnämnda
1381 825 41 33 år
1454 822 33 36 få
1517 822 215 44 användas;

460 876 32 48 c)
524 881 56 30 att
608 875 11 35 i
650 874 120 48 öfrigt
799 874 59 36 för
901 874 364 48 löneregleringens
1295 873 309 49 genomförande
1633 873 122 37 under
1784 876 41 33 år
1856 875 98 34 1884

328 933 57 30 ett
428 927 139 49 anslag
596 926 43 37 af
664 928 139 46 50,000
839 926 143 36 kronor
1012 929 118 32 måtte
1161 929 20 32 å
1210 932 109 30 extra
1348 930 77 32 stat
1455 925 58 36 för
1542 938 147 23 samma
1718 928 41 33 år
1787 925 168 47 anvisas,

327 984 58 30 att
413 984 246 43 gemensamt
688 978 83 36 med
805 978 178 47 anslaget
1012 977 58 36 till
1102 977 172 48 aflöning
1303 977 42 36 af
1369 977 155 37 flottans
1555 990 157 36 corpser
1737 977 71 35 och
1837 982 120 32 stater

331 1026 208 57 redovisas.

459 1083 137 36 Denna
639 1081 291 47 framställning
975 1080 133 49 skiljer
1137 1081 62 47 sig
1233 1081 139 35 endast
1400 1080 9 35 i
1441 1080 181 36 afseende
1655 1083 20 33 å
1703 1080 102 36 hvad
1836 1080 121 36 under

329 1147 114 23 mom.
476 1135 34 48 a)
542 1134 134 36 äskats
707 1133 81 36 från
811 1133 103 35 hvad
940 1133 122 35 under
1093 1133 90 35 flere
1216 1132 233 46 föregående
1479 1135 40 32 år
1548 1131 193 49 beviljats,
1773 1145 86 23 men
1889 1132 66 36 be-

329 1186 190 36 träffande
549 1187 75 35 den
654 1186 9 35 i
697 1185 167 35 nämnda
895 1191 171 29 moment
1095 1185 172 47 begärda
1300 1184 223 47 förhöjning
1552 1184 9 34 i
1579 1183 377 49 aflöningsanslaget

330 1238 115 35 hafva
487 1238 47 36 de
577 1237 59 36 till
680 1237 88 36 stöd
812 1236 59 36 för
900 1236 141 48 Kongl.
1076 1236 127 48 Maj:ts
1236 1235 144 48 förslag
1410 1236 160 35 anförda
1602 1235 267 36 förhållanden
1899 1236 55 48 (se

328 1289 236 48 protokollet
608 1287 201 50 angående
854 1287 116 36 femte
991 1253 284 70 mds
1325 1271 60 52 vid
1425 1287 529 49 statsverkspropositionen)

330 1348 113 41 synts
469 1341 204 36 Utskottet
704 1339 82 36 icke
816 1339 190 36 innebära
1034 1339 214 48 tillräcklig
1277 1339 214 47 anledning
1521 1344 56 30 att
1593 1339 118 35 redan
1729 1352 50 22 nu
1799 1338 156 49 vidtaga

327 1392 231 50 ytterligare
589 1392 213 46 ändringar
830 1391 12 35 1
864 1391 74 36 den
961 1394 40 32 år
1028 1392 96 34 1876
1142 1369 205 58 faststälda
1365 1390 340 48 löneregleringen
1725 1390 63 36 vid
1807 1366 148 77 flottan,

329 1445 73 35 och
432 1444 205 36 Utskottet
667 1420 226 59 hemställer
923 1442 143 36 derför:

877 1546 34 48 a)
943 1551 55 30 att
1028 1546 181 48 anslaget
1239 1546 57 36 till
1327 1546 173 47 aflöning
1531 1546 59 35 för
1619 1545 158 36 flottans
1799 1559 156 35 corpser

739 1599 69 35 och
840 1604 121 30 stater
990 1602 60 31 må
1080 1598 9 35 1
1125 1600 98 34 1884
1254 1601 60 33 års
1345 1597 163 36 riksstat
1536 1597 56 35 till
1625 1597 248 36 oförändradt
1890 1597 63 36 be-

737 1650 92 48 lopp
860 1656 213 42 upptagas;

867 1702 41 44 b)
934 1706 56 31 att
1020 1701 226 48 Riksdagen
1277 1705 61 33 må
1367 1701 131 37 bifalla
1528 1702 143 48 Kongl.
1697 1702 126 48 Maj:ts
1841 1702 112 35 fram-

738 1753 190 48 ställning
970 1753 204 47 angående
1218 1754 229 48 disposition
1479 1755 42 35 af
1555 1754 253 36 omförmälda
1834 1753 122 36 under

738 1808 39 33 år
810 1807 99 34 1884
939 1804 214 48 inflytande
1184 1805 328 49 vakansafgifter;
1544 1806 71 36 och

869 1861 35 42 c)
947 1862 56 30 att
1045 1856 227 47 Riksdagen
1311 1857 224 36 derutöfver
1564 1860 62 33 må
1655 1858 58 35 för
1742 1857 213 47 löneregle-

738 1908 162 48 ringens
933 1908 307 48 genomförande
1270 1909 122 35 under
1435 1912 40 33 år
1520 1911 98 34 1884
1655 1909 57 35 för
1741 1921 146 23 samma
1916 1911 40 32 år

740 1960 137 35 anvisa
911 1966 55 29 ett
996 1964 108 31 extra
1135 1960 138 48 anslag
1307 1960 42 36 af
1372 1962 138 46 50,000
1539 1961 153 47 kronor,
1711 1966 56 30 att
1795 1972 160 36 gemen-

735 2016 100 31 samt
864 2012 88 35 med
982 2011 178 48 anslaget
1189 2011 56 36 till
1263 2012 173 49 aflöning
1466 2013 57 35 för
1541 2013 155 36 flottans
1713 2025 156 35 corpser
1885 2011 70 36 och

738 2069 123 30 stater
890 2063 214 37 redovisas.

671 2182 185 34 Beklädnad
883 2183 36 32 åt
943 2182 165 43 sjömans-
1134 2182 62 34 och
1222 2182 431 43 skeppsgossecorpserna.

117 2266 164 61 prgämag
463 2263 72 33 2:0.
593 2260 145 64 Kongl.
782 2261 109 49 Maj:t
933 2262 70 35 har
1032 2261 214 48 föreslagit,
1278 2267 56 30 att
1363 2262 75 35 den
1468 2262 223 48 besparing,
1722 2274 81 23 som
1834 2259 123 37 under

134 2302 167 26 eklädnads-
332 2316 42 32 år
405 2314 99 34 1884
534 2312 76 36 kan
641 2315 21 33 å
690 2313 105 37 detta
831 2313 138 49 anslag
1002 2314 175 47 beredas,
1208 2316 61 33 må
1298 2313 133 37 ställas
1461 2314 56 36 till
1548 2312 142 49 Kongl.
1721 2313 130 48 Maj:ts
1880 2310 75 37 för-

146 2336 137 33 anslaget.

168 2372 71 47 [4.]
