1930 2786
280 116 38 29 14
561 114 404 40 Bevillningsutskottets
983 117 219 30 betänkande
1219 127 42 20 nr
1278 119 41 29 40
1336 119 39 29 år
1393 120 84 28 1966

906 245 223 33 Motionerna

277 343 143 30 Skatten
440 345 44 38 på
505 344 141 30 teknisk
665 346 88 38 sprit

322 407 217 29 Motionären
558 408 10 29 i
586 408 177 29 motionen
781 409 30 29 I:
829 409 62 29 705
908 410 118 30 hälsar
1045 411 165 39 förslaget
1229 413 50 28 att
1298 412 139 29 skatten
1455 412 45 40 på
1517 413 142 29 teknisk
1677 414 86 39 sprit

276 459 181 30 avskaffas
477 461 68 29 den
568 461 14 29 1
603 460 68 39 juli
694 461 82 30 1966
796 463 80 29 med
895 462 316 36 tillfredsställelse,
1232 473 81 20 men
1332 464 131 30 vänder
1484 465 53 39 sig
1557 468 72 27 mot
1650 468 50 27 att
1721 467 43 29 de

275 513 196 39 föreslagna
497 514 504 40 övergångsbestämmelserna
1027 517 71 29 inte
1124 518 139 39 medger
1288 518 196 40 avlyftning
1510 528 42 20 av
1577 520 67 29 den
1671 520 93 30 skatt

277 573 76 21 som
367 566 151 30 belastar
535 567 243 40 inneliggande
796 569 103 39 lager.
916 569 127 40 Många
1060 579 43 20 av
1119 570 42 30 de
1177 571 192 39 produkter
1386 580 76 21 som
1479 572 195 30 innehåller
1689 573 74 29 tek-

277 618 80 30 nisk
382 620 86 38 sprit
493 620 127 30 kräver
644 622 223 38 mognadstid
891 622 45 39 på
960 623 85 29 2—3
1071 623 176 30 månader.
1274 625 53 28 En
1352 625 196 39 betydande
1573 626 55 29 del
1654 636 43 20 av
1721 627 42 29 de

276 680 100 21 varor
393 682 74 20 som
485 673 90 30 skall
592 674 107 40 säljas
716 675 113 29 under
843 675 124 30 hösten
984 677 67 29 och
1066 677 243 39 högsäsongen
1324 678 104 39 kring
1442 679 54 38 jul
1514 679 111 29 måste
1642 680 120 29 därför

275 724 177 31 tillverkas
472 727 113 29 under
602 727 165 38 perioden
787 728 207 40 maj—juni.
1016 730 183 39 Stickprov
1216 731 45 39 på
1280 731 198 39 företagens
1498 732 265 39 lagersituation

275 778 66 29 den
370 780 13 28 1
408 779 68 39 juli
503 779 82 31 1965
611 780 118 31 visade
753 782 56 29 för
834 781 79 40 fyra
936 782 146 40 företag,
1107 785 52 28 att
1183 784 230 39 spritskatten
1438 785 56 29 för
1518 786 244 40 inneliggande

276 832 92 38 lager
386 834 286 37 representerade
690 837 47 27 ett
757 835 108 30 värde
883 845 43 20 av
944 845 41 21 ca
1003 836 64 30 550
1082 837 63 30 000
1165 837 51 30 kr.
1236 837 121 40 Någon
1378 839 112 29 större
1510 839 154 30 skillnad
1684 840 11 29 i
1715 840 47 29 la-

273 886 274 39 gersituationen
574 888 98 29 torde
699 889 176 39 knappast
902 890 166 39 föreligga
1097 891 66 29 den
1193 892 14 28 1
1235 891 67 39 juli
1333 892 92 30 1966.
1453 893 228 30 Förlusterna
1708 894 55 29 för

275 939 41 28 de
343 939 160 30 enskilda
529 940 181 40 företagen
736 941 113 30 skulle
876 943 135 30 variera
1038 944 130 29 mellan
1197 944 137 31 100000
1361 945 67 30 och
1454 945 63 30 250
1533 946 63 30 000
1624 946 51 30 kr.
1704 956 57 20 om

275 991 138 30 skatten
438 993 228 31 avskaffades
690 997 86 27 utan
801 995 210 31 restitution.
1039 997 66 29 Det
1129 997 193 39 väsentliga
1347 998 11 29 i
1383 999 96 29 detta
1505 1000 257 39 sammanhang

273 1045 50 36 är,
346 1045 105 39 enligt
475 1047 238 31 motionärens
736 1048 152 39 mening,
912 1051 50 28 att
986 1050 56 29 för
1064 1050 135 40 företag
1222 1060 75 21 som
1320 1052 65 29 har
1407 1052 260 39 produktionen
1692 1053 69 29 för-

273 1097 79 39 lagd
375 1099 202 31 utomlands
601 1099 237 32 förekommer
859 1102 73 30 inte
954 1102 133 31 sådana
1110 1103 165 30 förluster
1297 1104 46 30 då
1365 1105 102 30 dessa
1489 1106 65 29 har
1578 1107 183 39 möjlighet

274 1155 50 26 atl
345 1153 103 30 skära
468 1163 61 20 ner
552 1155 76 29 sina
647 1155 93 39 lager
760 1156 65 29 och
846 1157 195 39 uppskjuta
1063 1158 53 29 sin
1137 1158 127 39 import
1284 1159 53 29 till
1359 1159 146 39 Sverige.
1527 1160 234 30 Avsaknaden

271 1215 43 20 av
330 1206 263 31 bestämmelser
610 1217 57 21 om
684 1209 200 29 restitution
902 1210 112 30 skulle
1032 1210 134 30 således
1184 1211 143 30 inverka
1344 1212 44 39 på
1405 1213 356 30 konkurrensförhål-

273 1258 118 30 landet
416 1260 129 29 mellan
573 1260 135 40 företag
733 1271 76 20 som
835 1262 211 39 producerar
1074 1264 96 29 inom
1196 1264 117 30 landet
1339 1265 66 29 och
1432 1265 136 40 företag
1595 1275 75 21 som
1696 1267 64 29 har

272 1311 259 39 produktionen
552 1314 137 40 förlagd
708 1316 212 33 utomlands,
940 1316 221 30 Motionären
1179 1326 102 21 anser
1301 1318 131 34 därför,
1453 1321 50 27 att
1524 1320 58 29 det
1601 1320 39 28 är
1660 1320 101 29 moti-

271 1367 97 28 verat
390 1368 50 27 att
462 1366 118 31 införa
602 1369 47 28 ett
671 1368 438 36 restitutionsförfarande,
1132 1371 65 29 och
1220 1371 113 35 anför,
1356 1374 50 27 att
1429 1372 332 40 kontrollsvårighe-

273 1419 50 28 ter
343 1418 75 30 icke
437 1420 98 29 torde
556 1419 220 33 förekomma
794 1421 168 32 eftersom
980 1423 59 30 det
1056 1424 60 29 rör
1135 1424 52 39 sig
1205 1433 58 20 om
1281 1427 48 27 ett
1348 1425 187 39 begränsat
1555 1427 96 29 antal
1671 1426 89 30 före-

272 1472 66 37 lag,
362 1472 232 39 registrerade
616 1474 63 30 hos
703 1474 337 41 kontrollstyrelsen.
1065 1477 127 30 Vidare
1215 1477 170 40 åberopas
1408 1481 51 27 att
1482 1479 277 40 kontrollstyrel-

271 1534 60 21 sen
352 1526 10 29 i
383 1526 58 29 sitt
461 1528 163 38 yttrande
645 1528 80 29 över
744 1529 179 30 allmänna
945 1530 368 40 skatteberedningens
1334 1532 221 31 betänkande
1575 1534 10 29 i
1607 1534 67 29 den
1694 1535 65 33 del,

272 1586 74 21 som
367 1578 111 38 gällde
497 1579 270 41 beskattningen
787 1591 43 20 av
849 1582 141 30 teknisk
1010 1583 99 39 sprit,
1130 1583 186 31 förordade
1335 1585 201 30 restitution
1557 1595 43 20 av
1620 1587 139 29 skatten

271 1631 44 38 på
333 1631 244 40 inneliggande
595 1633 102 40 lager.

272 1729 495 42 Lotterivinstbeskattningen

314 1792 66 29 Till
399 1793 75 29 stöd
493 1793 56 29 för
566 1794 60 29 sitt
643 1795 166 38 yrkande,
827 1798 51 27 att
895 1796 57 29 det
970 1797 184 30 skattefria
1172 1797 159 40 beloppet
1349 1798 53 31 för
1420 1800 93 29 vinst
1530 1801 12 29 i
1559 1809 100 21 varu-
1677 1801 82 30 eller

269 1846 271 30 tombolalotteri
562 1847 89 30 skall
672 1848 102 39 höjas
796 1849 52 29 till
871 1849 61 30 500
954 1850 62 34 kr.,
1039 1851 103 29 anför
1163 1851 218 30 motionären
1403 1853 10 28 i
1434 1853 179 29 motionen
1635 1854 47 29 II:
1695 1853 64 31 374

269 1897 281 40 huvudsakligen
571 1899 166 40 följande.
758 1902 69 29 För
846 1902 95 30 olika
960 1902 125 31 ideella
1104 1904 277 39 organisationer
1401 1905 11 29 i
1431 1905 78 30 vårt
1529 1906 171 30 samhälle
1720 1908 37 28 är

269 1959 101 20 varu-
390 1952 81 29 eller
492 1952 311 31 tombolalotterier
824 1964 43 20 av
887 1956 139 39 mycket
1048 1958 73 28 stor
1140 1956 176 40 betydelse
1336 1957 56 30 för
1412 1958 101 31 deras
1536 1959 221 40 möjligheter

269 2005 50 28 att
340 2004 193 31 finansiera
552 2006 279 32 verksamheten.
855 2009 12 28 I
889 2009 59 29 sitt
969 2010 357 38 ungdomsfostrande
1346 2012 117 30 arbete
1485 2012 111 30 måste
1617 2013 140 30 idrotts-

269 2058 200 40 föreningar
490 2059 67 30 och
578 2061 110 29 andra
709 2061 124 30 ideella
855 2062 202 40 föreningar
1079 2064 11 29 i
1111 2064 187 30 huvudsak
1320 2065 60 30 lita
1403 2066 51 29 till
1477 2066 165 41 frivilliga
1663 2068 95 30 kraf-

269 2111 62 30 ter.
357 2111 122 30 Denna
503 2112 167 39 frivilliga
693 2114 224 31 verksamhet
941 2116 39 29 är
1005 2126 43 20 av
1072 2117 139 39 mycket
1237 2119 88 28 stort
1348 2118 106 30 värde
1479 2119 56 29 för
1561 2120 194 30 samhället.

269 2163 335 40 Organisationerna
630 2167 63 29 har
720 2168 193 30 emellertid
939 2168 198 40 betydande
1164 2170 213 40 svårigheter
1403 2174 51 28 att
1481 2172 194 32 finansiera
1702 2174 54 29 sin

269 2217 232 31 verksamhet.
528 2218 283 32 Förhållandena
837 2221 55 29 för
917 2222 80 30 dem
1022 2222 67 30 har
1114 2223 142 39 givetvis
1284 2224 209 32 försämrats
1519 2227 65 29 när
1610 2236 147 21 numera

270 2269 93 30 skatt
381 2272 135 38 uttages
535 2272 87 29 även
639 2273 44 39 på
699 2273 238 39 bingovinster
954 2275 11 29 i
982 2275 68 29 den
1068 2276 82 30 mån
1168 2277 42 29 de
1226 2277 188 40 överstiger
1435 2279 60 30 100
1514 2279 149 31 kronors
1681 2281 76 29 vär-

270 2324 51 30 de.
345 2342 44 3 —
413 2326 63 29 Det
502 2326 39 29 är
566 2327 106 39 enligt
698 2328 237 30 motionärens
961 2329 143 39 mening
1130 2331 177 39 angeläget
1335 2334 49 27 att
1412 2333 184 30 samhället
1624 2343 55 21 ser
1705 2335 53 29 till

268 2377 50 29 att
340 2376 142 42 frivillig
503 2378 101 31 ideell
625 2379 223 31 verksamhet
871 2381 54 30 får
947 2382 88 38 goda
1057 2382 303 41 förutsättningar.
1384 2385 12 29 I
1418 2386 71 29 viss
1511 2387 246 39 utsträckning

269 2429 135 31 lämnas
427 2430 116 31 direkt
567 2432 132 39 statligt
723 2433 88 34 stöd,
835 2433 107 31 bland
965 2437 109 28 annat
1098 2436 53 30 till
1175 2436 161 35 idrotten,
1361 2447 80 21 men
1466 2439 95 29 ännu
1586 2440 169 39 viktigare
