1934 2788
450 132 405 40 Bevillningsutskottets
873 134 219 31 betänkande
1109 144 42 21 nr
1169 136 41 29 40
1227 135 38 30 år
1284 136 84 29 1966
1636 136 19 32 3

310 214 32 30 C.
369 214 274 39 alkoholhaltiga
666 214 230 40 beredningar
926 215 89 34 (s.k.
1039 215 275 31 koncentrerade
1338 216 154 34 extrakt)

375 257 54 30 för
453 257 261 41 framställning
735 268 43 20 av
799 258 149 40 drycker

977 270 117 28 veeshss
1109 282 185 6 arr
1400 282 26 7 AP
1452 282 40 7 RK

287 439 84 38 Kap.
396 440 52 28 33.
476 439 154 39 Flyktiga
654 440 243 37 vegetabiliska
921 440 87 38 oljor
1032 440 64 28 och
1121 440 204 36 resinoider;
1344 440 194 39 parfymer,

536 493 237 29 toalettmedel
800 494 65 28 och
888 494 208 28 kosmetiska
1116 501 169 31 preparat

166 630 96 31 33.04
309 632 238 39 Blandningar
561 642 43 20 av
617 633 59 29 två
689 633 82 29 eller
786 633 88 30 flera
888 634 208 29 luktämnen
1116 634 193 39 (naturliga
1323 634 82 29 eller
1420 643 79 30 syn-

307 676 144 35 tetiska)
478 679 90 27 samt
587 676 234 40 blandningar
847 677 341 40 (alkohollösningar
1208 678 177 30 härunder
1406 679 94 29 inbe-

310 720 139 40 gripna)
472 721 44 40 på
531 721 94 30 basis
643 731 43 20 av
701 724 48 27 ett
767 722 82 29 eller
866 722 88 30 flera
972 732 42 20 av
1031 723 102 30 dessa
1149 723 139 34 ämnen,
1306 724 194 38 utgörande

308 765 143 30 råvaror
469 766 55 29 för
541 766 331 39 parfymindustrin,
891 767 380 30 livsmedelsindustrin
1288 768 82 29 eller
1389 769 111 29 andra

308 809 189 31 industrier

210 1070 124 28 Denna
349 1069 207 40 förordning
573 1070 117 29 träder
706 1071 10 29 i
734 1070 95 30 kraft
847 1071 67 30 den
933 1071 15 29 1
966 1071 67 40 juli
1053 1071 94 30 1966.
1165 1072 241 30 Tullsatserna
1423 1072 12 30 i
1451 1072 114 30 denna
1583 1072 69 30 för-

165 1112 151 40 ordning
340 1113 109 34 skola,
474 1113 103 30 såvitt
602 1122 99 21 avser
725 1114 310 30 tulltaxenummer
1060 1115 97 30 22.09
1183 1115 24 30 C
1231 1115 65 30 och
1321 1115 106 35 33.06,
1452 1117 123 38 utgöra
1601 1117 53 28 ut-

166 1158 223 39 gångspunkt
408 1158 57 29 vid
483 1158 225 40 tillämpning
727 1168 41 20 av
777 1159 262 50 förordningen
1058 1160 68 30 den
1147 1160 39 30 13
1206 1161 70 40 maj
1301 1161 83 30 1960
1410 1162 58 33 (nr
1487 1161 80 34 243)
1592 1171 59 20 an-

166 1201 132 39 gående
318 1202 70 30 rätt
410 1202 55 29 för
487 1202 194 40 Konungen
703 1205 50 28 att
775 1203 11 29 i
799 1203 102 46 vissa
923 1203 63 30 fall
1007 1203 169 31 förordna
1197 1213 58 21 om
1276 1205 173 29 avvikelse
1472 1205 79 30 från
1573 1205 81 30 tull-

165 1247 107 28 taxan
296 1256 45 20 m.
366 1255 45 20 m.

839 1359 145 43 Förslag

881 1427 52 29 till

798 1492 220 43 Förordning

268 1562 182 42 angående
466 1562 150 43 ändring
631 1563 12 32 i
658 1562 252 44 förordningen
927 1563 68 33 den
1011 1564 44 32 28
1071 1564 196 43 september
1283 1564 90 33 1928
1390 1565 61 44 (nr
1466 1564 87 45 376)

537 1637 61 20 om
613 1625 150 32 särskild
779 1625 96 33 skatt
891 1627 22 31 å
928 1626 94 32 vissa
1034 1626 250 33 lotterivinster

209 1727 213 40 Härigenom
444 1727 197 35 förordnas,
664 1728 73 30 dels
761 1730 50 28 att
836 1729 13 29 1
878 1729 15 36 8
919 1728 250 41 förordningen
1194 1730 66 29 den
1283 1730 41 29 28
1349 1730 193 39 september
1568 1730 83 30 1928

165 1781 57 20 om
242 1772 151 29 särskild
413 1772 93 30 skatt
524 1772 19 29 å
561 1772 94 30 vissa
673 1773 264 30 lotterivinster!
958 1773 89 30 skall
1065 1774 133 29 erhålla
1218 1774 134 29 ändrad
1371 1775 129 39 lydelse
1519 1775 44 39 på
1583 1775 68 29 sätt

165 1816 114 29 nedan
297 1824 116 31 anges,
430 1817 72 30 dels
520 1818 50 28 att
587 1817 10 29 i
615 1816 252 40 förordningen
885 1817 89 30 skall
991 1817 134 32 införas
1143 1828 42 20 en
1203 1828 47 29 ny
1266 1818 175 40 paragraf,
1458 1819 193 30 betecknad

167 1859 18 30 3
206 1869 19 20 a
245 1860 28 36 8,
293 1869 42 20 av
352 1860 115 30 nedan
486 1860 147 40 angiven
653 1861 140 39 lydelse.

324 1949 225 33 (Nuvarande
576 1949 147 39 lydelse)

1097 1950 225 40 (Föreslagen
1349 1950 145 40 lydelse)

871 2013 14 28 1
916 2011 27 37 8.

211 2064 26 29 Ä
270 2065 93 29 vinst
396 2065 10 28 i
440 2065 142 29 svenskt
615 2065 116 29 lotteri
763 2066 66 29 och
862 2065 19 30 å

167 2109 92 29 vinst
275 2110 57 29 vid
347 2109 265 40 vinstdragning
627 2110 45 39 på
687 2110 63 29 här
765 2112 9 29 i
791 2110 90 29 riket

168 2154 185 29 utfärdade
386 2154 363 39 premieobligationer
782 2155 98 34 skall,

166 2198 117 29 därest
316 2199 156 29 vinstens
507 2199 105 29 värde
648 2199 188 39 överstiger
870 2199 10 29 i

166 2243 101 38 fråga
289 2252 56 21 om
368 2242 93 30 vinst
484 2244 10 28 i
518 2252 101 20 varu-
643 2243 83 29 eller
749 2244 133 29 tombo-

167 2287 150 29 lalotteri
354 2286 187 30 etthundra
578 2287 131 29 kronor
745 2289 90 27 samt
871 2287 10 29 i

167 2331 100 39 fråga
285 2340 55 20 om
360 2340 116 20 annan
497 2331 92 29 vinst
609 2331 173 39 tjugufem
803 2332 79 28 kro-

167 2384 73 28 nor,
266 2376 51 29 till
343 2377 113 28 staten
480 2375 156 39 erläggas
662 2385 43 21 en
731 2376 150 30 särskild

166 2421 94 29 skatt
279 2420 257 34 'motsvarande,
558 2420 10 29 i
592 2420 99 39 fråga
711 2430 56 20 om
788 2421 93 29 vinst

166 2465 19 29 å
228 2464 322 40 premieobligation
593 2465 101 39 tjugu
738 2467 143 37 procent

210 2530 8 14 1
239 2531 113 23 Senaste
372 2530 102 30 lydelse
494 2536 35 18 av
550 2530 12 22 1
585 2531 11 28 $
616 2537 28 16 se
665 2530 76 24 1960:
754 2531 42 22 23.

985 2065 25 29 Å
1043 2066 92 30 vinst
1169 2069 10 28 i
1213 2067 141 29 svenskt
1388 2067 114 30 lotteri
1536 2067 65 30 och
1634 2066 20 30 å

940 2111 92 29 vinst
1045 2111 58 29 vid
1119 2111 265 39 vinstdragning
1399 2112 45 38 på
1458 2111 64 29 här
1537 2112 10 28 i
1562 2111 92 29 riket

940 2155 186 30 utfärdade
1159 2155 360 39 premieobligationer
1554 2156 99 33 skall,

940 2199 115 29 därest
1088 2200 158 30 vinstens
1281 2200 104 29 värde
1420 2200 188 39 överstiger
1642 2200 11 29 i

940 2243 99 39 fråga
1062 2253 56 20 om
1144 2244 91 29 vinst
1259 2245 10 28 i
1291 2253 102 20 varu-
1415 2244 82 29 eller
1521 2245 133 28 tombo-

939 2288 150 29 lalotteri
1125 2288 196 29 tvåhundra
1355 2288 131 29 kronor
1519 2290 90 28 samt
1642 2288 11 29 i

941 2331 98 39 fråga
1055 2341 57 20 om
1130 2341 118 21 annan
1263 2332 93 29 vinst
1372 2332 122 39 femtio
1512 2332 140 34 kronor,

940 2376 50 29 till
1013 2378 112 28 staten
1147 2377 155 38 erläggas
1324 2386 41 20 en
1388 2377 151 29 särskild
1560 2377 93 29 skatt

940 2421 256 34 motsvarande,
1233 2422 9 28 i
1280 2421 97 38 fråga
1413 2430 56 20 om
1505 2421 92 29 vinst
1634 2421 20 30 å

939 2465 323 39 premieobligation
1280 2466 100 39 tjugu
1400 2467 142 38 procent
1560 2465 64 30 och
1643 2466 10 28 i
