1918 2822
120 557 147 27 Utskottet.

333 167 17 26 4
532 167 102 26 Första
654 167 187 26 kammarens
860 167 111 26 andra
991 166 148 35 tillfälliga
1161 167 124 26 utskotts
1304 166 151 27 utlåtande
1474 166 43 27 Nr
1533 166 26 27 8.

900 315 296 40 Reservation

303 414 41 21 av
361 403 116 32 herrar
494 404 130 31 Henrik
643 404 192 31 Andersson
853 405 59 30 och
930 405 189 31 Alexander
1136 405 142 38 Nilsson,
1298 405 89 31 vilka
1406 409 116 34 ansett,
1543 409 50 27 att
1613 405 177 31 utskottets

301 456 172 32 utlåtande
495 457 74 31 bort
592 458 125 30 erhålla
739 458 151 37 följande
912 458 139 38 lydelse:

341 553 168 32 Utskottet
546 554 122 39 finner,
706 558 50 27 att
793 555 87 31 vissa
918 565 40 20 av
996 555 260 31 motionärernas
1294 556 188 38 erinringar
1520 555 141 32 rörande
1700 559 88 27 taxe-

300 608 210 32 kommitténs
534 609 181 39 utredning
740 619 41 21 av
806 610 373 38 vattenfallsstyrelsens
1204 610 265 38 självkostnader
1493 610 55 31 för
1574 609 214 40 landsbygds-

300 662 258 32 distributionen
597 665 57 30 äro
694 664 168 38 befogade.
915 665 50 30 De
1005 664 255 39 invändningar,
1301 675 69 20 som
1410 664 148 32 däremot
1599 665 108 38 gjorts
1748 675 39 20 av

300 717 364 38 vattenfallsstyrelsen,
703 728 99 27 synas
838 718 31 38 ej
908 718 232 38 övertygande.
1191 718 43 31 Så
1271 719 118 30 saknas
1427 719 182 38 utredning
1647 718 141 31 rörande
1814 739 4 7 .

300 770 270 37 självkostnaden
605 770 55 31 för
697 771 64 30 den
798 771 58 30 vid
891 771 216 30 kraftverken
1145 772 225 37 producerade
1408 771 137 31 kraften
1582 772 59 30 och
1680 771 109 31 denna

300 823 158 32 kostnads
499 824 126 39 skäliga
667 824 192 39 fördelning
901 825 44 38 på
987 825 40 31 de
1070 825 86 31 olika
1199 825 230 39 kategorierna
1470 825 209 32 förbrukare.
1733 825 54 31 Nu

301 878 63 31 har
389 878 56 32 det
470 878 180 32 meddelats
677 874 169 44 utskottet,
874 883 49 27 att
948 879 358 39 vattenfallsstyrelsen
1332 890 105 25 anser,
1466 884 50 27 att
1543 884 48 28 ett
1617 880 171 38 offentlig-

302 932 144 38 görande
474 942 41 21 av
539 932 233 32 kraftverkens
797 933 149 38 verkliga
973 933 265 38 självkostnader
1264 934 57 30 vid
1348 934 353 37 produktionsorterna
1729 934 58 30 och

302 985 103 31 därav
427 985 175 38 betingade
625 990 96 26 taxor
744 986 105 31 skulle
872 987 138 37 menligt
1033 987 137 30 inverka
1192 988 44 36 på
1259 988 178 37 styrelsens
1461 987 325 31 affärsverksamhet.

301 1038 168 32 Utskottet
486 1038 114 31 finner
618 1039 183 31 emellertid
819 1040 30 37 ej
869 1039 146 31 bärande
1032 1040 70 30 skäl
1120 1040 193 38 förebragta
1330 1040 56 31 för
1404 1044 50 27 att
1472 1044 126 27 statens
1614 1040 174 31 kraftverk

299 1092 12 30 i
328 1091 93 32 detta
437 1092 184 32 hänseende
639 1092 105 32 skulle
760 1093 236 39 undandragas
1015 1093 64 32 den
1098 1094 166 31 allmänna
1281 1094 153 39 kontroll,
1452 1104 69 21 som
1539 1094 106 32 andra
1663 1098 125 27 statens

301 1145 271 33 affärsdrivande
592 1147 89 38 verk,
703 1148 147 30 närmast
871 1152 125 27 statens
1016 1149 190 38 järnvägar,
1230 1150 57 30 äro
1308 1148 253 32 underkastade.
1605 1150 65 30 Det
1692 1159 96 28 synes

299 1200 171 39 utskottet,
487 1204 51 27 att
554 1210 41 21 en
611 1201 204 38 granskning
832 1212 41 20 av
891 1201 93 31 dessa
1000 1202 281 37 självkostnaders
1298 1203 122 30 storlek
1436 1203 59 30 och
1513 1213 41 20 av
1572 1203 40 31 de
1631 1203 155 38 grunder,

301 1252 87 31 efter
402 1253 89 31 vilka
507 1253 41 32 de
564 1253 154 39 fördelas,
736 1256 57 29 äro
811 1265 40 20 av
867 1255 233 31 fundamental
1115 1255 167 38 betydelse
1300 1256 54 30 för
1371 1256 11 30 i
1399 1257 166 30 motionen
1581 1256 207 31 avhandlade

300 1307 176 37 spörsmåls
497 1307 245 38 klarläggande.

342 1360 68 31 Vid
430 1370 41 21 en
491 1361 180 38 utredning
692 1371 96 28 synes
807 1361 80 31 böra
907 1362 133 31 särskilt
1061 1362 140 31 skänkas
1222 1363 183 31 beaktande
1425 1363 35 31 åt
1481 1363 40 31 de
1542 1364 171 38 riktlinjer
1732 1363 56 31 för

301 1417 125 28 statens
450 1414 200 31 medverkan
674 1415 54 30 till
753 1415 243 39 landsbygdens
1022 1416 251 41 elektrifiering,
1300 1427 68 21 som
1393 1417 141 38 avgåvos
1560 1418 11 30 i
1596 1417 192 39 riksdagens

300 1467 156 31 skrivelse
469 1478 42 20 nr
526 1468 60 30 302
602 1469 38 29 år
655 1469 81 30 1917
751 1469 116 30 liksom
882 1469 11 30 i
906 1469 373 38 vattenfallsstyrelsens
1293 1471 167 37 yttrande,
1476 1471 105 38 bilagt
1596 1471 191 37 jordbruks-

300 1520 177 32 utskottets
493 1521 173 32 utlåtande
683 1532 42 20 nr
743 1522 40 30 64
799 1532 123 21 samma
939 1523 46 30 år.
1023 1523 53 30 Av
1093 1523 74 31 däri
1184 1523 119 39 gjorda
1320 1524 198 31 uttalanden
1535 1524 95 31 torde
1646 1524 140 39 framgå,

301 1578 50 27 att
371 1574 57 31 vid
448 1574 504 40 landsbygdselektrifieringens
972 1577 250 39 igångsättning
1243 1579 80 30 1917
1344 1578 41 31 de
1405 1578 135 39 statliga
1561 1579 226 31 affärsintres-

301 1637 78 23 sena
404 1628 105 32 skulle
534 1629 230 32 underordnas
790 1630 357 32 nationalekonomiska
1174 1632 59 30 och
1260 1632 137 31 allmänt
1424 1633 120 31 sociala
1570 1633 216 39 synpunkter.

301 1681 70 32 När
391 1682 177 39 riksdagen
587 1683 12 30 i
619 1683 53 31 sin
691 1683 239 32 förutnämnda
950 1685 156 31 skrivelse
1127 1685 74 38 gick
1223 1686 36 30 in
1280 1686 55 31 för
1356 1690 50 27 att
1428 1697 116 27 genom
1564 1687 222 31 statsmakter-

300 1745 60 21 nas
376 1735 131 39 försorg
524 1737 83 29 även
622 1736 125 31 sådana
764 1737 92 31 delar
874 1748 40 20 av
931 1738 228 38 landsbygden
1176 1739 105 31 skulle
1299 1740 228 38 elektrifieras,
1554 1740 85 31 ”där
1658 1741 129 30 elektri-

300 1788 167 39 fieringen
488 1790 31 37 ej
541 1789 111 32 kunde
672 1790 173 32 förväntas
866 1801 39 28 ge
926 1795 48 28 ett
996 1792 11 29 i
1029 1792 285 32 statsekonomiskt
1335 1793 185 32 hänseende
1542 1798 177 34 gynnsamt
1739 1804 47 21 re-

301 1842 142 39 sultat”',
462 1843 36 31 så
514 1842 111 32 kunde
644 1843 136 32 därmed
799 1845 31 37 ej
851 1845 177 38 rimligtvis
1046 1856 101 28 avses,
1167 1850 50 27 att
1236 1846 63 31 den
1319 1847 55 31 för
1393 1847 242 40 elektrifiering
1653 1849 134 30 relativt

302 1901 175 33 gynnsamt
496 1897 139 38 belägna
654 1897 229 39 landsbygden
901 1899 104 31 skulle
1025 1903 92 27 utom
1137 1900 72 31 sina
1229 1910 84 28 egna
1334 1904 89 28 stora
1443 1902 343 39 elektrifieringskost-

301 1950 103 31 nader
424 1950 81 32 bära
525 1951 124 37 jämväl
670 1952 259 31 överkostnaden
949 1952 55 31 för
1024 1953 104 31 sådan
1149 1964 40 20 av
1209 1955 358 32 nationalekonomiska
1588 1957 59 30 och
1667 1957 120 30 sociala

303 2003 66 31 skäl
392 2003 157 39 betingad
570 2004 250 40 elektrifiering,
843 2015 69 21 som
932 2006 11 30 i
964 2006 192 38 riksdagens
1176 2007 156 31 skrivelse
1353 2009 143 37 angives.

344 2056 166 33 Utskottet
528 2057 92 31 delar
636 2058 293 39 kommerskollegii
948 2059 94 39 åsikt,
1061 2063 50 28 att
1129 2060 40 32 de
1187 2065 96 27 taxor
1301 2062 59 30 och
1378 2062 120 31 villkor
1516 2063 11 30 i
1546 2064 117 38 övrigt,
1684 2064 103 38 enligt

302 2110 90 32 vilka
414 2111 154 32 elektrisk
591 2113 112 38 energi
725 2112 66 32 kan
814 2113 141 32 erhållas
979 2114 79 31 från
1080 2118 125 28 statens
1227 2115 183 40 kraftverk,
1434 2116 55 32 för
1512 2127 41 21 en
1577 2122 69 27 stor
1670 2118 53 31 del
1747 2129 40 20 av

303 2164 220 32 allmänheten
543 2165 61 31 har
626 2176 41 21 en
687 2167 166 38 betydelse
874 2167 81 32 fullt
978 2168 172 39 jämförlig
1171 2169 74 31 med
1266 2169 73 39 den,
1362 2180 68 21 som
1451 2175 96 27 taxor
1568 2172 59 30 och
1649 2172 139 31 tariffer

303 2218 53 31 för
376 2218 64 31 den
460 2220 135 38 statliga
616 2220 169 38 järnvägs-
807 2221 59 30 och
885 2221 256 38 postbefordran
1161 2233 40 21 m.
1223 2233 41 21 m.
1286 2223 114 32 kunna
1420 2225 169 39 tillmätas,
1611 2226 59 30 och
1691 2236 97 28 synes

303 2272 54 31 det
377 2272 160 31 utskottet
557 2283 80 21 vara
658 2284 40 20 av
719 2284 41 20 en
779 2274 66 31 viss
866 2275 175 38 betydelse,
1055 2286 51 20 om
1127 2276 64 31 den
1212 2277 135 38 statliga
1367 2278 339 38 kraftproduktionen
1728 2280 59 30 och

302 2329 124 28 statens
446 2326 432 40 kraftförsäljningspolitik
897 2329 260 31 underkastades
1178 2330 181 39 utredning
1379 2332 59 29 och
1459 2332 203 39 granskning
1683 2334 104 30 såsom

302 2378 337 41 kommerskollegium
660 2381 164 32 förordar.

345 2433 166 32 Utskottet
530 2434 61 30 har
612 2435 30 37 ej
665 2435 163 38 förbisett,
850 2439 50 27 att
921 2436 122 38 frågan
1063 2447 51 20 om
1135 2437 40 31 de
1196 2448 40 20 av
1255 2442 125 27 statens
1400 2439 174 31 kraftverk
1594 2441 193 38 tillämpade

304 2486 340 40 landsbygdstaxorna
666 2489 87 31 varit
775 2489 139 31 föremål
936 2490 54 31 för
1012 2501 40 20 en
1073 2491 38 30 år
1134 2492 82 30 1924
1237 2492 167 39 igångsatt
1426 2494 190 40 utredning,
1640 2505 74 21 men
1736 2500 50 27 ut-
