<?xml version="1.0" encoding="UTF-8"?>
<alto xmlns="http://www.loc.gov/standards/alto/ns-v3#" xmlns:xlink="http://www.w3.org/1999/xlink" xmlns:xsi="http://www.w3.org/2001/XMLSchema-instance" xsi:schemaLocation="http://www.loc.gov/standards/alto/ns-v3# http://www.loc.gov/alto/v3/alto-3-0.xsd">
	<Description>
		<MeasurementUnit>pixel</MeasurementUnit>
		<sourceImageInformation>
			<fileName>/tmp/tess_vlf52dfi_input.PNG</fileName>
		</sourceImageInformation>
		<OCRProcessing ID="OCR_0">
			<ocrProcessingStep>
				<processingSoftware>
					<softwareName>tesseract 5.3.0</softwareName>
				</processingSoftware>
			</ocrProcessingStep>
		</OCRProcessing>
	</Description>
	<Layout>
		<Page WIDTH="2207" HEIGHT="2651" PHYSICAL_IMG_NR="0" ID="page_0">
			<PrintSpace HPOS="0" VPOS="0" WIDTH="2207" HEIGHT="2651">
				<ComposedBlock ID="cblock_0" HPOS="1800" VPOS="192" WIDTH="17" HEIGHT="10">
					<TextBlock ID="block_0" HPOS="1800" VPOS="192" WIDTH="17" HEIGHT="10">
						<TextLine ID="line_0" HPOS="1800" VPOS="192" WIDTH="17" HEIGHT="10">
							<String ID="string_0" HPOS="1800" VPOS="192" WIDTH="17" HEIGHT="10" WC="0.83" CONTENT="-"/>
						</TextLine>
					</TextBlock>
				</ComposedBlock>
				<ComposedBlock ID="cblock_1" HPOS="410" VPOS="177" WIDTH="1401" HEIGHT="46">
					<TextBlock ID="block_1" HPOS="410" VPOS="177" WIDTH="1401" HEIGHT="46">
						<TextLine ID="line_1" HPOS="410" VPOS="177" WIDTH="1401" HEIGHT="46">
							<String ID="string_1" HPOS="410" VPOS="177" WIDTH="123" HEIGHT="31" WC="0.94" CONTENT="Första"/><SP WIDTH="24" VPOS="177" HPOS="533"/>
							<String ID="string_2" HPOS="557" VPOS="178" WIDTH="218" HEIGHT="32" WC="0.91" CONTENT="kammarens"/><SP WIDTH="23" VPOS="178" HPOS="775"/>
							<String ID="string_3" HPOS="798" VPOS="179" WIDTH="127" HEIGHT="33" WC="0.96" CONTENT="första"/><SP WIDTH="27" VPOS="179" HPOS="925"/>
							<String ID="string_4" HPOS="952" VPOS="182" WIDTH="171" HEIGHT="41" WC="0.95" CONTENT="tillfälliga"/><SP WIDTH="23" VPOS="182" HPOS="1123"/>
							<String ID="string_5" HPOS="1146" VPOS="185" WIDTH="142" HEIGHT="31" WC="0.95" CONTENT="utskotts"/><SP WIDTH="24" VPOS="185" HPOS="1288"/>
							<String ID="string_6" HPOS="1312" VPOS="186" WIDTH="174" HEIGHT="32" WC="0.95" CONTENT="utlåtande"/><SP WIDTH="46" VPOS="186" HPOS="1486"/>
							<String ID="string_7" HPOS="1532" VPOS="189" WIDTH="28" HEIGHT="29" WC="0.95" CONTENT="Nr"/><SP WIDTH="23" VPOS="189" HPOS="1560"/>
							<String ID="string_8" HPOS="1583" VPOS="191" WIDTH="53" HEIGHT="28" WC="0.96" CONTENT="20."/><SP WIDTH="143" VPOS="191" HPOS="1636"/>
							<String ID="string_9" HPOS="1779" VPOS="191" WIDTH="32" HEIGHT="30" WC="0.92" CONTENT="17"/>
						</TextLine>
					</TextBlock>
				</ComposedBlock>
				<ComposedBlock ID="cblock_2" HPOS="219" VPOS="257" WIDTH="1599" HEIGHT="652">
					<TextBlock ID="block_2" HPOS="224" VPOS="257" WIDTH="1594" HEIGHT="149">
						<TextLine ID="line_2" HPOS="226" VPOS="257" WIDTH="1592" HEIGHT="57">
							<String ID="string_10" HPOS="226" VPOS="257" WIDTH="164" HEIGHT="36" WC="0.96" CONTENT="medföra"/><SP WIDTH="29" VPOS="257" HPOS="390"/>
							<String ID="string_11" HPOS="419" VPOS="261" WIDTH="40" HEIGHT="33" WC="0.96" CONTENT="så"/><SP WIDTH="29" VPOS="261" HPOS="459"/>
							<String ID="string_12" HPOS="488" VPOS="259" WIDTH="194" HEIGHT="48" WC="0.96" CONTENT="ansenliga"/><SP WIDTH="28" VPOS="259" HPOS="682"/>
							<String ID="string_13" HPOS="710" VPOS="261" WIDTH="204" HEIGHT="37" WC="0.96" CONTENT="kostnader"/><SP WIDTH="28" VPOS="261" HPOS="914"/>
							<String ID="string_14" HPOS="942" VPOS="265" WIDTH="69" HEIGHT="34" WC="0.96" CONTENT="och"/><SP WIDTH="29" VPOS="265" HPOS="1011"/>
							<String ID="string_15" HPOS="1040" VPOS="265" WIDTH="115" HEIGHT="36" WC="0.96" CONTENT="kräva"/><SP WIDTH="30" VPOS="265" HPOS="1155"/>
							<String ID="string_16" HPOS="1185" VPOS="268" WIDTH="39" HEIGHT="34" WC="0.96" CONTENT="så"/><SP WIDTH="29" VPOS="268" HPOS="1224"/>
							<String ID="string_17" HPOS="1253" VPOS="267" WIDTH="88" HEIGHT="47" WC="0.96" CONTENT="lång"/><SP WIDTH="22" VPOS="267" HPOS="1341"/>
							<String ID="string_18" HPOS="1363" VPOS="267" WIDTH="66" HEIGHT="45" WC="0.96" CONTENT="tid,"/><SP WIDTH="27" VPOS="267" HPOS="1429"/>
							<String ID="string_19" HPOS="1456" VPOS="272" WIDTH="53" HEIGHT="33" WC="0.96" CONTENT="att"/><SP WIDTH="19" VPOS="272" HPOS="1509"/>
							<String ID="string_20" HPOS="1528" VPOS="270" WIDTH="45" HEIGHT="36" WC="0.96" CONTENT="de"/><SP WIDTH="20" VPOS="270" HPOS="1573"/>
							<String ID="string_21" HPOS="1593" VPOS="272" WIDTH="85" HEIGHT="35" WC="0.93" CONTENT="med"/><SP WIDTH="19" VPOS="272" HPOS="1678"/>
							<String ID="string_22" HPOS="1697" VPOS="274" WIDTH="121" HEIGHT="34" WC="0.93" CONTENT="utred-"/>
						</TextLine>
						<TextLine ID="line_3" HPOS="225" VPOS="311" WIDTH="1593" HEIGHT="55">
							<String ID="string_23" HPOS="225" VPOS="311" WIDTH="140" HEIGHT="48" WC="0.11" CONTENT="ningenx"/><SP WIDTH="31" VPOS="311" HPOS="365"/>
							<String ID="string_24" HPOS="396" VPOS="325" WIDTH="124" HEIGHT="24" WC="0.96" CONTENT="vunna"/><SP WIDTH="28" VPOS="325" HPOS="520"/>
							<String ID="string_25" HPOS="548" VPOS="314" WIDTH="162" HEIGHT="36" WC="0.96" CONTENT="fördelar"/><SP WIDTH="28" VPOS="314" HPOS="710"/>
							<String ID="string_26" HPOS="738" VPOS="316" WIDTH="31" HEIGHT="48" WC="0.96" CONTENT="ej"/><SP WIDTH="33" VPOS="316" HPOS="769"/>
							<String ID="string_27" HPOS="802" VPOS="317" WIDTH="107" HEIGHT="36" WC="0.93" CONTENT="däraf"/><SP WIDTH="23" VPOS="317" HPOS="909"/>
							<String ID="string_28" HPOS="932" VPOS="324" WIDTH="205" HEIGHT="42" WC="0.91" CONTENT="uppvägas,"/><SP WIDTH="31" VPOS="324" HPOS="1137"/>
							<String ID="string_29" HPOS="1168" VPOS="321" WIDTH="67" HEIGHT="35" WC="0.96" CONTENT="har"/><SP WIDTH="27" VPOS="321" HPOS="1235"/>
							<String ID="string_30" HPOS="1262" VPOS="322" WIDTH="184" HEIGHT="36" WC="0.96" CONTENT="utskottet"/><SP WIDTH="23" VPOS="322" HPOS="1446"/>
							<String ID="string_31" HPOS="1469" VPOS="323" WIDTH="84" HEIGHT="37" WC="0.96" CONTENT="icke"/><SP WIDTH="28" VPOS="323" HPOS="1553"/>
							<String ID="string_32" HPOS="1581" VPOS="324" WIDTH="146" HEIGHT="37" WC="0.93" CONTENT="kunnat"/><SP WIDTH="23" VPOS="324" HPOS="1727"/>
							<String ID="string_33" HPOS="1750" VPOS="327" WIDTH="68" HEIGHT="36" WC="0.92" CONTENT="för-"/>
						</TextLine>
						<TextLine ID="line_4" HPOS="224" VPOS="366" WIDTH="536" HEIGHT="40">
							<String ID="string_34" HPOS="224" VPOS="367" WIDTH="88" HEIGHT="34" WC="0.95" CONTENT="orda"/><SP WIDTH="30" VPOS="367" HPOS="312"/>
							<String ID="string_35" HPOS="342" VPOS="366" WIDTH="104" HEIGHT="36" WC="0.95" CONTENT="bifall"/><SP WIDTH="29" VPOS="366" HPOS="446"/>
							<String ID="string_36" HPOS="475" VPOS="368" WIDTH="57" HEIGHT="35" WC="0.95" CONTENT="till"/><SP WIDTH="29" VPOS="368" HPOS="532"/>
							<String ID="string_37" HPOS="561" VPOS="368" WIDTH="199" HEIGHT="38" WC="0.96" CONTENT="motionen."/>
						</TextLine>
					</TextBlock>
					<TextBlock ID="block_3" HPOS="219" VPOS="420" WIDTH="1597" HEIGHT="429">
						<TextLine ID="line_5" HPOS="331" VPOS="420" WIDTH="1485" HEIGHT="61">
							<String ID="string_38" HPOS="331" VPOS="420" WIDTH="185" HEIGHT="47" WC="0.96" CONTENT="Slutligen"/><SP WIDTH="29" VPOS="420" HPOS="516"/>
							<String ID="string_39" HPOS="545" VPOS="423" WIDTH="68" HEIGHT="34" WC="0.96" CONTENT="och"/><SP WIDTH="27" VPOS="423" HPOS="613"/>
							<String ID="string_40" HPOS="640" VPOS="423" WIDTH="14" HEIGHT="35" WC="0.96" CONTENT="i"/><SP WIDTH="29" VPOS="423" HPOS="654"/>
							<String ID="string_41" HPOS="683" VPOS="424" WIDTH="202" HEIGHT="48" WC="0.95" CONTENT="anledning"/><SP WIDTH="30" VPOS="424" HPOS="885"/>
							<String ID="string_42" HPOS="915" VPOS="439" WIDTH="44" HEIGHT="23" WC="0.96" CONTENT="av"/><SP WIDTH="31" VPOS="439" HPOS="959"/>
							<String ID="string_43" HPOS="990" VPOS="428" WIDTH="72" HEIGHT="34" WC="0.96" CONTENT="den"/><SP WIDTH="28" VPOS="428" HPOS="1062"/>
							<String ID="string_44" HPOS="1090" VPOS="431" WIDTH="90" HEIGHT="32" WC="0.96" CONTENT="utav"/><SP WIDTH="28" VPOS="431" HPOS="1180"/>
							<String ID="string_45" HPOS="1208" VPOS="429" WIDTH="131" HEIGHT="35" WC="0.96" CONTENT="Andra"/><SP WIDTH="29" VPOS="429" HPOS="1339"/>
							<String ID="string_46" HPOS="1368" VPOS="430" WIDTH="233" HEIGHT="37" WC="0.96" CONTENT="kammarens"/><SP WIDTH="29" VPOS="430" HPOS="1601"/>
							<String ID="string_47" HPOS="1630" VPOS="433" WIDTH="186" HEIGHT="48" WC="0.95" CONTENT="tillfälliga"/>
						</TextLine>
						<TextLine ID="line_6" HPOS="221" VPOS="473" WIDTH="1595" HEIGHT="63">
							<String ID="string_48" HPOS="221" VPOS="473" WIDTH="145" HEIGHT="36" WC="0.96" CONTENT="utskott"/><SP WIDTH="48" VPOS="473" HPOS="366"/>
							<String ID="string_49" HPOS="414" VPOS="476" WIDTH="166" HEIGHT="35" WC="0.95" CONTENT="uttalade"/><SP WIDTH="42" VPOS="476" HPOS="580"/>
							<String ID="string_50" HPOS="622" VPOS="477" WIDTH="251" HEIGHT="49" WC="0.96" CONTENT="uppfattning,"/><SP WIDTH="41" VPOS="477" HPOS="873"/>
							<String ID="string_51" HPOS="914" VPOS="483" WIDTH="54" HEIGHT="33" WC="0.96" CONTENT="att"/><SP WIDTH="44" VPOS="483" HPOS="968"/>
							<String ID="string_52" HPOS="1012" VPOS="493" WIDTH="46" HEIGHT="23" WC="0.96" CONTENT="en"/><SP WIDTH="43" VPOS="493" HPOS="1058"/>
							<String ID="string_53" HPOS="1101" VPOS="482" WIDTH="59" HEIGHT="35" WC="0.96" CONTENT="del"/><SP WIDTH="43" VPOS="482" HPOS="1160"/>
							<String ID="string_54" HPOS="1203" VPOS="495" WIDTH="45" HEIGHT="24" WC="0.96" CONTENT="av"/><SP WIDTH="35" VPOS="495" HPOS="1248"/>
							<String ID="string_55" HPOS="1283" VPOS="496" WIDTH="51" HEIGHT="23" WC="0.96" CONTENT="nu"/><SP WIDTH="36" VPOS="496" HPOS="1334"/>
							<String ID="string_56" HPOS="1370" VPOS="484" WIDTH="216" HEIGHT="48" WC="0.96" CONTENT="ifrågasatta"/><SP WIDTH="28" VPOS="484" HPOS="1586"/>
							<String ID="string_57" HPOS="1614" VPOS="488" WIDTH="202" HEIGHT="48" WC="0.96" CONTENT="utredning"/>
						</TextLine>
						<TextLine ID="line_7" HPOS="221" VPOS="527" WIDTH="1593" HEIGHT="55">
							<String ID="string_58" HPOS="221" VPOS="527" WIDTH="204" HEIGHT="47" WC="0.95" CONTENT="lämpligen"/><SP WIDTH="29" VPOS="527" HPOS="425"/>
							<String ID="string_59" HPOS="454" VPOS="529" WIDTH="126" HEIGHT="36" WC="0.93" CONTENT="kunde"/><SP WIDTH="30" VPOS="529" HPOS="580"/>
							<String ID="string_60" HPOS="610" VPOS="531" WIDTH="186" HEIGHT="48" WC="0.90" CONTENT="anknytas"/><SP WIDTH="28" VPOS="531" HPOS="796"/>
							<String ID="string_61" HPOS="824" VPOS="534" WIDTH="58" HEIGHT="35" WC="0.96" CONTENT="till"/><SP WIDTH="30" VPOS="534" HPOS="882"/>
							<String ID="string_62" HPOS="912" VPOS="535" WIDTH="73" HEIGHT="35" WC="0.96" CONTENT="den"/><SP WIDTH="30" VPOS="535" HPOS="985"/>
							<String ID="string_63" HPOS="1015" VPOS="537" WIDTH="37" HEIGHT="33" WC="0.96" CONTENT="åt"/><SP WIDTH="28" VPOS="537" HPOS="1052"/>
							<String ID="string_64" HPOS="1080" VPOS="536" WIDTH="211" HEIGHT="46" WC="0.93" CONTENT="professorn"/><SP WIDTH="28" VPOS="536" HPOS="1291"/>
							<String ID="string_65" HPOS="1319" VPOS="538" WIDTH="47" HEIGHT="35" WC="0.91" CONTENT="K."/><SP WIDTH="33" VPOS="538" HPOS="1366"/>
							<String ID="string_66" HPOS="1399" VPOS="539" WIDTH="44" HEIGHT="36" WC="0.89" CONTENT="G."/><SP WIDTH="31" VPOS="539" HPOS="1443"/>
							<String ID="string_67" HPOS="1474" VPOS="540" WIDTH="195" HEIGHT="37" WC="0.93" CONTENT="Westman"/><SP WIDTH="30" VPOS="540" HPOS="1669"/>
							<String ID="string_68" HPOS="1699" VPOS="542" WIDTH="115" HEIGHT="36" WC="0.91" CONTENT="anför-"/>
						</TextLine>
						<TextLine ID="line_8" HPOS="221" VPOS="582" WIDTH="1594" HEIGHT="56">
							<String ID="string_69" HPOS="221" VPOS="582" WIDTH="133" HEIGHT="35" WC="0.92" CONTENT="trodda"/><SP WIDTH="42" VPOS="582" HPOS="354"/>
							<String ID="string_70" HPOS="396" VPOS="583" WIDTH="331" HEIGHT="49" WC="0.90" CONTENT="undersökningen"/><SP WIDTH="37" VPOS="583" HPOS="727"/>
							<String ID="string_71" HPOS="764" VPOS="587" WIDTH="229" HEIGHT="37" WC="0.96" CONTENT="beträffande"/><SP WIDTH="31" VPOS="587" HPOS="993"/>
							<String ID="string_72" HPOS="1024" VPOS="590" WIDTH="72" HEIGHT="35" WC="0.93" CONTENT="den"/><SP WIDTH="30" VPOS="590" HPOS="1096"/>
							<String ID="string_73" HPOS="1126" VPOS="602" WIDTH="27" HEIGHT="24" WC="0.91" CONTENT="s."/><SP WIDTH="31" VPOS="602" HPOS="1153"/>
							<String ID="string_74" HPOS="1184" VPOS="590" WIDTH="36" HEIGHT="36" WC="0.91" CONTENT="k."/><SP WIDTH="31" VPOS="590" HPOS="1220"/>
							<String ID="string_75" HPOS="1251" VPOS="593" WIDTH="225" HEIGHT="45" WC="0.91" CONTENT="regalrätten"/><SP WIDTH="29" VPOS="593" HPOS="1476"/>
							<String ID="string_76" HPOS="1505" VPOS="594" WIDTH="57" HEIGHT="36" WC="0.96" CONTENT="till"/><SP WIDTH="27" VPOS="594" HPOS="1562"/>
							<String ID="string_77" HPOS="1589" VPOS="595" WIDTH="100" HEIGHT="36" WC="0.95" CONTENT="inom"/><SP WIDTH="29" VPOS="595" HPOS="1689"/>
							<String ID="string_78" HPOS="1718" VPOS="596" WIDTH="97" HEIGHT="36" WC="0.95" CONTENT="riket"/>
						</TextLine>
						<TextLine ID="line_9" HPOS="220" VPOS="636" WIDTH="1594" HEIGHT="55">
							<String ID="string_79" HPOS="220" VPOS="636" WIDTH="302" HEIGHT="37" WC="0.93" CONTENT="förekommande"/><SP WIDTH="44" VPOS="636" HPOS="522"/>
							<String ID="string_80" HPOS="566" VPOS="641" WIDTH="231" HEIGHT="47" WC="0.93" CONTENT="vattendrag,"/><SP WIDTH="31" VPOS="641" HPOS="797"/>
							<String ID="string_81" HPOS="828" VPOS="642" WIDTH="66" HEIGHT="36" WC="0.96" CONTENT="vill"/><SP WIDTH="39" VPOS="642" HPOS="894"/>
							<String ID="string_82" HPOS="933" VPOS="643" WIDTH="183" HEIGHT="37" WC="0.96" CONTENT="utskottet"/><SP WIDTH="43" VPOS="643" HPOS="1116"/>
							<String ID="string_83" HPOS="1159" VPOS="645" WIDTH="121" HEIGHT="36" WC="0.96" CONTENT="erinra"/><SP WIDTH="35" VPOS="645" HPOS="1280"/>
							<String ID="string_84" HPOS="1315" VPOS="647" WIDTH="137" HEIGHT="44" WC="0.96" CONTENT="därom,"/><SP WIDTH="32" VPOS="647" HPOS="1452"/>
							<String ID="string_85" HPOS="1484" VPOS="651" WIDTH="53" HEIGHT="33" WC="0.96" CONTENT="att"/><SP WIDTH="29" VPOS="651" HPOS="1537"/>
							<String ID="string_86" HPOS="1566" VPOS="649" WIDTH="67" HEIGHT="36" WC="0.96" CONTENT="sist"/><SP WIDTH="28" VPOS="649" HPOS="1633"/>
							<String ID="string_87" HPOS="1661" VPOS="650" WIDTH="153" HEIGHT="37" WC="0.96" CONTENT="anförda"/>
						</TextLine>
						<TextLine ID="line_10" HPOS="219" VPOS="690" WIDTH="1594" HEIGHT="61">
							<String ID="string_88" HPOS="219" VPOS="690" WIDTH="172" HEIGHT="48" WC="0.96" CONTENT="uppdrag"/><SP WIDTH="28" VPOS="690" HPOS="391"/>
							<String ID="string_89" HPOS="419" VPOS="693" WIDTH="104" HEIGHT="34" WC="0.96" CONTENT="torde"/><SP WIDTH="30" VPOS="693" HPOS="523"/>
							<String ID="string_90" HPOS="553" VPOS="705" WIDTH="86" HEIGHT="23" WC="0.96" CONTENT="avse"/><SP WIDTH="26" VPOS="705" HPOS="639"/>
							<String ID="string_91" HPOS="665" VPOS="697" WIDTH="53" HEIGHT="33" WC="0.96" CONTENT="ett"/><SP WIDTH="27" VPOS="697" HPOS="718"/>
							<String ID="string_92" HPOS="745" VPOS="695" WIDTH="13" HEIGHT="35" WC="0.96" CONTENT="i"/><SP WIDTH="29" VPOS="695" HPOS="758"/>
							<String ID="string_93" HPOS="787" VPOS="697" WIDTH="149" HEIGHT="47" WC="0.96" CONTENT="mycket"/><SP WIDTH="29" VPOS="697" HPOS="936"/>
							<String ID="string_94" HPOS="965" VPOS="698" WIDTH="99" HEIGHT="36" WC="0.96" CONTENT="olika"/><SP WIDTH="29" VPOS="698" HPOS="1064"/>
							<String ID="string_95" HPOS="1093" VPOS="700" WIDTH="149" HEIGHT="35" WC="0.96" CONTENT="område"/><SP WIDTH="29" VPOS="700" HPOS="1242"/>
							<String ID="string_96" HPOS="1271" VPOS="705" WIDTH="47" HEIGHT="31" WC="0.96" CONTENT="än"/><SP WIDTH="24" VPOS="705" HPOS="1318"/>
							<String ID="string_97" HPOS="1342" VPOS="701" WIDTH="132" HEIGHT="47" WC="0.96" CONTENT="frågan"/><SP WIDTH="29" VPOS="701" HPOS="1474"/>
							<String ID="string_98" HPOS="1503" VPOS="715" WIDTH="57" HEIGHT="23" WC="0.96" CONTENT="om"/><SP WIDTH="21" VPOS="715" HPOS="1560"/>
							<String ID="string_99" HPOS="1581" VPOS="704" WIDTH="232" HEIGHT="47" WC="0.92" CONTENT="kungsådras"/>
						</TextLine>
						<TextLine ID="line_11" HPOS="219" VPOS="744" WIDTH="1594" HEIGHT="59">
							<String ID="string_100" HPOS="219" VPOS="744" WIDTH="203" HEIGHT="37" WC="0.96" CONTENT="förekomst"/><SP WIDTH="28" VPOS="744" HPOS="422"/>
							<String ID="string_101" HPOS="450" VPOS="747" WIDTH="69" HEIGHT="35" WC="0.96" CONTENT="och"/><SP WIDTH="29" VPOS="747" HPOS="519"/>
							<String ID="string_102" HPOS="548" VPOS="747" WIDTH="123" HEIGHT="36" WC="0.96" CONTENT="därför"/><SP WIDTH="38" VPOS="747" HPOS="671"/>
							<String ID="string_103" HPOS="709" VPOS="748" WIDTH="84" HEIGHT="37" WC="0.96" CONTENT="icke"/><SP WIDTH="29" VPOS="748" HPOS="793"/>
							<String ID="string_104" HPOS="822" VPOS="753" WIDTH="91" HEIGHT="33" WC="0.96" CONTENT="utan"/><SP WIDTH="29" VPOS="753" HPOS="913"/>
							<String ID="string_105" HPOS="942" VPOS="756" WIDTH="54" HEIGHT="32" WC="0.97" CONTENT="att"/><SP WIDTH="40" VPOS="756" HPOS="996"/>
							<String ID="string_106" HPOS="1036" VPOS="753" WIDTH="200" HEIGHT="47" WC="0.93" CONTENT="väsentligt"/><SP WIDTH="27" VPOS="753" HPOS="1236"/>
							<String ID="string_107" HPOS="1263" VPOS="754" WIDTH="180" HEIGHT="49" WC="0.92" CONTENT="fördröjas"/><SP WIDTH="28" VPOS="754" HPOS="1443"/>
							<String ID="string_108" HPOS="1471" VPOS="756" WIDTH="128" HEIGHT="37" WC="0.96" CONTENT="kunna"/><SP WIDTH="29" VPOS="756" HPOS="1599"/>
							<String ID="string_109" HPOS="1628" VPOS="759" WIDTH="84" HEIGHT="35" WC="0.96" CONTENT="med"/><SP WIDTH="29" VPOS="759" HPOS="1712"/>
							<String ID="string_110" HPOS="1741" VPOS="760" WIDTH="72" HEIGHT="35" WC="0.96" CONTENT="den"/>
						</TextLine>
						<TextLine ID="line_12" HPOS="219" VPOS="798" WIDTH="882" HEIGHT="51">
							<String ID="string_111" HPOS="219" VPOS="810" WIDTH="53" HEIGHT="23" WC="0.96" CONTENT="nu"/><SP WIDTH="29" VPOS="810" HPOS="272"/>
							<String ID="string_112" HPOS="301" VPOS="798" WIDTH="217" HEIGHT="48" WC="0.96" CONTENT="ifrågasatta"/><SP WIDTH="28" VPOS="798" HPOS="518"/>
							<String ID="string_113" HPOS="546" VPOS="802" WIDTH="250" HEIGHT="47" WC="0.93" CONTENT="utredningen"/><SP WIDTH="30" VPOS="802" HPOS="796"/>
							<String ID="string_114" HPOS="826" VPOS="807" WIDTH="275" HEIGHT="35" WC="0.92" CONTENT="sammanföras."/>
						</TextLine>
					</TextBlock>
					<TextBlock ID="block_4" HPOS="326" VPOS="853" WIDTH="1085" HEIGHT="56">
						<TextLine ID="line_13" HPOS="326" VPOS="853" WIDTH="1085" HEIGHT="56">
							<String ID="string_115" HPOS="326" VPOS="853" WIDTH="51" HEIGHT="35" WC="0.95" CONTENT="På"/><SP WIDTH="30" VPOS="853" HPOS="377"/>
							<String ID="string_116" HPOS="407" VPOS="855" WIDTH="121" HEIGHT="46" WC="0.96" CONTENT="grund"/><SP WIDTH="30" VPOS="855" HPOS="528"/>
							<String ID="string_117" HPOS="558" VPOS="868" WIDTH="45" HEIGHT="23" WC="0.96" CONTENT="av"/><SP WIDTH="31" VPOS="868" HPOS="603"/>
							<String ID="string_118" HPOS="634" VPOS="856" WIDTH="62" HEIGHT="36" WC="0.96" CONTENT="det"/><SP WIDTH="29" VPOS="856" HPOS="696"/>
							<String ID="string_119" HPOS="725" VPOS="858" WIDTH="154" HEIGHT="36" WC="0.96" CONTENT="anförda"/><SP WIDTH="29" VPOS="858" HPOS="879"/>
							<String ID="string_120" HPOS="908" VPOS="859" WIDTH="56" HEIGHT="36" WC="0.96" CONTENT="får"/><SP WIDTH="27" VPOS="859" HPOS="964"/>
							<String ID="string_121" HPOS="991" VPOS="860" WIDTH="184" HEIGHT="36" WC="0.93" CONTENT="utskottet"/><SP WIDTH="28" VPOS="860" HPOS="1175"/>
							<String ID="string_122" HPOS="1203" VPOS="862" WIDTH="208" HEIGHT="47" WC="0.92" CONTENT="hemställa,"/>
						</TextLine>
					</TextBlock>
				</ComposedBlock>
				<ComposedBlock ID="cblock_3" HPOS="649" VPOS="968" WIDTH="1180" HEIGHT="94">
					<TextBlock ID="block_5" HPOS="649" VPOS="968" WIDTH="1180" HEIGHT="94">
						<TextLine ID="line_14" HPOS="753" VPOS="968" WIDTH="1076" HEIGHT="51">
							<String ID="string_123" HPOS="753" VPOS="969" WIDTH="53" HEIGHT="32" WC="0.95" CONTENT="att"/><SP WIDTH="41" VPOS="969" HPOS="806"/>
							<String ID="string_124" HPOS="847" VPOS="968" WIDTH="130" HEIGHT="34" WC="0.95" CONTENT="Första"/><SP WIDTH="43" VPOS="968" HPOS="977"/>
							<String ID="string_125" HPOS="1020" VPOS="968" WIDTH="215" HEIGHT="37" WC="0.96" CONTENT="kammaren"/><SP WIDTH="44" VPOS="968" HPOS="1235"/>
							<String ID="string_126" HPOS="1279" VPOS="971" WIDTH="30" HEIGHT="48" WC="0.96" CONTENT="ej"/><SP WIDTH="49" VPOS="971" HPOS="1309"/>
							<String ID="string_127" HPOS="1358" VPOS="974" WIDTH="112" HEIGHT="33" WC="0.95" CONTENT="måtte"/><SP WIDTH="39" VPOS="974" HPOS="1470"/>
							<String ID="string_128" HPOS="1509" VPOS="973" WIDTH="144" HEIGHT="36" WC="0.96" CONTENT="biträda"/><SP WIDTH="29" VPOS="973" HPOS="1653"/>
							<String ID="string_129" HPOS="1682" VPOS="974" WIDTH="147" HEIGHT="36" WC="0.82" CONTENT="Andra."/>
						</TextLine>
						<TextLine ID="line_15" HPOS="649" VPOS="1018" WIDTH="789" HEIGHT="44">
							<String ID="string_130" HPOS="649" VPOS="1018" WIDTH="234" HEIGHT="38" WC="0.95" CONTENT="kammarens"/><SP WIDTH="29" VPOS="1018" HPOS="883"/>
							<String ID="string_131" HPOS="912" VPOS="1021" WIDTH="13" HEIGHT="35" WC="0.96" CONTENT="i"/><SP WIDTH="30" VPOS="1021" HPOS="925"/>
							<String ID="string_132" HPOS="955" VPOS="1023" WIDTH="153" HEIGHT="36" WC="0.96" CONTENT="ärendet"/><SP WIDTH="27" VPOS="1023" HPOS="1108"/>
							<String ID="string_133" HPOS="1135" VPOS="1024" WIDTH="141" HEIGHT="36" WC="0.96" CONTENT="fattade"/><SP WIDTH="30" VPOS="1024" HPOS="1276"/>
							<String ID="string_134" HPOS="1306" VPOS="1025" WIDTH="132" HEIGHT="37" WC="0.96" CONTENT="beslut."/>
						</TextLine>
					</TextBlock>
				</ComposedBlock>
				<ComposedBlock ID="cblock_4" HPOS="323" VPOS="1123" WIDTH="613" HEIGHT="53">
					<TextBlock ID="block_6" HPOS="323" VPOS="1123" WIDTH="613" HEIGHT="53">
						<TextLine ID="line_16" HPOS="323" VPOS="1123" WIDTH="613" HEIGHT="53">
							<String ID="string_135" HPOS="323" VPOS="1123" WIDTH="210" HEIGHT="37" WC="0.96" CONTENT="Stockholm"/><SP WIDTH="30" VPOS="1123" HPOS="533"/>
							<String ID="string_136" HPOS="563" VPOS="1126" WIDTH="72" HEIGHT="35" WC="0.96" CONTENT="den"/><SP WIDTH="31" VPOS="1126" HPOS="635"/>
							<String ID="string_137" HPOS="666" VPOS="1129" WIDTH="21" HEIGHT="32" WC="0.90" CONTENT="8"/><SP WIDTH="31" VPOS="1129" HPOS="687"/>
							<String ID="string_138" HPOS="718" VPOS="1127" WIDTH="70" HEIGHT="49" WC="0.95" CONTENT="maj"/><SP WIDTH="36" VPOS="1127" HPOS="788"/>
							<String ID="string_139" HPOS="824" VPOS="1131" WIDTH="112" HEIGHT="33" WC="0.95" CONTENT="1913."/>
						</TextLine>
					</TextBlock>
				</ComposedBlock>
				<ComposedBlock ID="cblock_5" HPOS="778" VPOS="1236" WIDTH="466" HEIGHT="50">
					<TextBlock ID="block_7" HPOS="778" VPOS="1236" WIDTH="466" HEIGHT="50">
						<TextLine ID="line_17" HPOS="778" VPOS="1236" WIDTH="466" HEIGHT="50">
							<String ID="string_140" HPOS="778" VPOS="1236" WIDTH="52" HEIGHT="35" WC="0.96" CONTENT="På"/><SP WIDTH="28" VPOS="1236" HPOS="830"/>
							<String ID="string_141" HPOS="858" VPOS="1236" WIDTH="201" HEIGHT="37" WC="0.95" CONTENT="utskottets"/><SP WIDTH="29" VPOS="1236" HPOS="1059"/>
							<String ID="string_142" HPOS="1088" VPOS="1245" WIDTH="156" HEIGHT="41" WC="0.95" CONTENT="vägnar:"/>
						</TextLine>
					</TextBlock>
				</ComposedBlock>
				<ComposedBlock ID="cblock_6" HPOS="702" VPOS="1332" WIDTH="611" HEIGHT="44">
					<TextBlock ID="block_8" HPOS="702" VPOS="1332" WIDTH="611" HEIGHT="44">
						<TextLine ID="line_18" HPOS="702" VPOS="1332" WIDTH="611" HEIGHT="44">
							<String ID="string_143" HPOS="702" VPOS="1334" WIDTH="143" HEIGHT="37" WC="0.96" CONTENT="HUGO"/><SP WIDTH="31" VPOS="1334" HPOS="845"/>
							<String ID="string_144" HPOS="876" VPOS="1332" WIDTH="437" HEIGHT="44" WC="0.96" CONTENT="HAMMARSKJÖLD."/>
						</TextLine>
					</TextBlock>
				</ComposedBlock>
				<GraphicalElement ID="cblock_7" HPOS="821" VPOS="1470" WIDTH="378" HEIGHT="7"></GraphicalElement >
				<ComposedBlock ID="cblock_8" HPOS="212" VPOS="1581" WIDTH="1596" HEIGHT="121">
					<TextBlock ID="block_9" HPOS="212" VPOS="1581" WIDTH="1596" HEIGHT="121">
						<TextLine ID="line_19" HPOS="319" VPOS="1581" WIDTH="1489" HEIGHT="46">
							<String ID="string_145" HPOS="319" VPOS="1581" WIDTH="62" HEIGHT="30" WC="0.95" CONTENT="Vid"/><SP WIDTH="22" VPOS="1581" HPOS="381"/>
							<String ID="string_146" HPOS="403" VPOS="1582" WIDTH="207" HEIGHT="32" WC="0.92" CONTENT="förestående"/><SP WIDTH="24" VPOS="1582" HPOS="610"/>
							<String ID="string_147" HPOS="634" VPOS="1584" WIDTH="138" HEIGHT="32" WC="0.92" CONTENT="ärendes"/><SP WIDTH="34" VPOS="1584" HPOS="772"/>
							<String ID="string_148" HPOS="806" VPOS="1586" WIDTH="266" HEIGHT="41" WC="0.91" CONTENT="slutbehandling"/><SP WIDTH="34" VPOS="1586" HPOS="1072"/>
							<String ID="string_149" HPOS="1106" VPOS="1589" WIDTH="88" HEIGHT="31" WC="0.96" CONTENT="inom"/><SP WIDTH="24" VPOS="1589" HPOS="1194"/>
							<String ID="string_150" HPOS="1218" VPOS="1591" WIDTH="164" HEIGHT="31" WC="0.96" CONTENT="utskottet"/><SP WIDTH="24" VPOS="1591" HPOS="1382"/>
							<String ID="string_151" HPOS="1406" VPOS="1592" WIDTH="84" HEIGHT="31" WC="0.75" CONTENT="hava"/><SP WIDTH="24" VPOS="1592" HPOS="1490"/>
							<String ID="string_152" HPOS="1514" VPOS="1594" WIDTH="156" HEIGHT="31" WC="0.92" CONTENT="närvarit:"/><SP WIDTH="26" VPOS="1594" HPOS="1670"/>
							<String ID="string_153" HPOS="1696" VPOS="1596" WIDTH="112" HEIGHT="30" WC="0.96" CONTENT="herrar"/>
						</TextLine>
						<TextLine ID="line_20" HPOS="213" VPOS="1623" WIDTH="1593" HEIGHT="50">
							<String ID="string_154" HPOS="213" VPOS="1623" WIDTH="275" HEIGHT="43" WC="0.95" CONTENT="Hammarskjöld,"/><SP WIDTH="37" VPOS="1623" HPOS="488"/>
							<String ID="string_155" HPOS="525" VPOS="1628" WIDTH="164" HEIGHT="41" WC="0.96" CONTENT="Hallberg,"/><SP WIDTH="37" VPOS="1628" HPOS="689"/>
							<String ID="string_156" HPOS="726" VPOS="1630" WIDTH="147" HEIGHT="38" WC="0.96" CONTENT="Sandler,"/><SP WIDTH="37" VPOS="1630" HPOS="873"/>
							<String ID="string_157" HPOS="910" VPOS="1630" WIDTH="189" HEIGHT="43" WC="0.95" CONTENT="Malmborg,"/><SP WIDTH="37" VPOS="1630" HPOS="1099"/>
							<String ID="string_158" HPOS="1136" VPOS="1633" WIDTH="101" HEIGHT="33" WC="0.96" CONTENT="Oscar"/><SP WIDTH="30" VPOS="1633" HPOS="1237"/>
							<String ID="string_159" HPOS="1267" VPOS="1635" WIDTH="128" HEIGHT="37" WC="0.93" CONTENT="Olsson,"/><SP WIDTH="30" VPOS="1635" HPOS="1395"/>
							<String ID="string_160" HPOS="1425" VPOS="1636" WIDTH="150" HEIGHT="33" WC="0.92" CONTENT="Valerius"/><SP WIDTH="24" VPOS="1636" HPOS="1575"/>
							<String ID="string_161" HPOS="1599" VPOS="1636" WIDTH="118" HEIGHT="34" WC="0.93" CONTENT="Olsson"/><SP WIDTH="26" VPOS="1636" HPOS="1717"/>
							<String ID="string_162" HPOS="1743" VPOS="1642" WIDTH="63" HEIGHT="29" WC="0.96" CONTENT="och"/>
						</TextLine>
						<TextLine ID="line_21" HPOS="212" VPOS="1669" WIDTH="198" HEIGHT="33">
							<String ID="string_163" HPOS="212" VPOS="1669" WIDTH="198" HEIGHT="33" WC="0.96" CONTENT="Andersson."/>
						</TextLine>
					</TextBlock>
				</ComposedBlock>
				<ComposedBlock ID="cblock_9" HPOS="251" VPOS="2307" WIDTH="1505" HEIGHT="51">
					<TextBlock ID="block_10" HPOS="251" VPOS="2307" WIDTH="1505" HEIGHT="51">
						<TextLine ID="line_22" HPOS="251" VPOS="2307" WIDTH="1505" HEIGHT="51">
							<String ID="string_164" HPOS="251" VPOS="2307" WIDTH="136" HEIGHT="40" WC="0.88" CONTENT="Bihang"/><SP WIDTH="24" VPOS="2307" HPOS="387"/>
							<String ID="string_165" HPOS="411" VPOS="2308" WIDTH="51" HEIGHT="31" WC="0.95" CONTENT="till"/><SP WIDTH="24" VPOS="2308" HPOS="462"/>
							<String ID="string_166" HPOS="486" VPOS="2310" WIDTH="210" HEIGHT="39" WC="0.94" CONTENT="Riksdagens"/><SP WIDTH="21" VPOS="2310" HPOS="696"/>
							<String ID="string_167" HPOS="717" VPOS="2313" WIDTH="161" HEIGHT="37" WC="0.96" CONTENT="protokoll"/><SP WIDTH="25" VPOS="2313" HPOS="878"/>
							<String ID="string_168" HPOS="903" VPOS="2314" WIDTH="96" HEIGHT="30" WC="0.96" CONTENT="1913."/><SP WIDTH="39" VPOS="2314" HPOS="999"/>
							<String ID="string_169" HPOS="1038" VPOS="2316" WIDTH="41" HEIGHT="28" WC="0.96" CONTENT="12"/><SP WIDTH="24" VPOS="2316" HPOS="1079"/>
							<String ID="string_170" HPOS="1103" VPOS="2316" WIDTH="96" HEIGHT="30" WC="0.29" CONTENT="saml."/><SP WIDTH="38" VPOS="2316" HPOS="1199"/>
							<String ID="string_171" HPOS="1237" VPOS="2318" WIDTH="17" HEIGHT="28" WC="0.91" CONTENT="1"/><SP WIDTH="30" VPOS="2318" HPOS="1254"/>
							<String ID="string_172" HPOS="1284" VPOS="2318" WIDTH="70" HEIGHT="29" WC="0.46" CONTENT="wuwvd."/><SP WIDTH="22" VPOS="2318" HPOS="1354"/>
							<String ID="string_173" HPOS="1376" VPOS="2319" WIDTH="37" HEIGHT="28" WC="0.90" CONTENT="17"/><SP WIDTH="16" VPOS="2319" HPOS="1413"/>
							<String ID="string_174" HPOS="1429" VPOS="2303" WIDTH="80" HEIGHT="53" WC="0.90" CONTENT="häft."/><SP WIDTH="28" VPOS="2303" HPOS="1509"/>
							<String ID="string_175" HPOS="1537" VPOS="2319" WIDTH="62" HEIGHT="38" WC="0.93" CONTENT="(Nr"/><SP WIDTH="23" VPOS="2319" HPOS="1599"/>
							<String ID="string_176" HPOS="1622" VPOS="2322" WIDTH="66" HEIGHT="36" WC="0.90" CONTENT="20)."/><SP WIDTH="49" VPOS="2322" HPOS="1688"/>
							<String ID="string_177" HPOS="1737" VPOS="2322" WIDTH="19" HEIGHT="29" WC="0.90" CONTENT="3"/>
						</TextLine>
					</TextBlock>
				</ComposedBlock>
			</PrintSpace>
		</Page>
	</Layout>
</alto>
