2208 2648
425 170 123 30 Första
571 171 213 30 kammarens
808 170 126 32 första
957 172 172 39 tillfälliga
1152 173 140 30 utskotts
1315 174 173 30 utlåtande
1512 174 50 29 Nr
1585 175 52 29 20.
1768 175 41 30 23

218 247 77 33 mål.
344 248 221 43 Upplysande
599 250 12 31 i
646 250 90 33 detta
768 251 167 32 avseende
970 256 46 35 är,
1052 254 48 30 att
1128 251 55 33 det
1206 252 85 32 först
1313 263 123 32 genom
1460 253 127 40 domar,
1612 254 198 33 meddelade

216 293 108 33 under
362 296 81 30 åren
485 296 94 37 1899,
608 296 84 32 1903
729 296 63 32 och
826 298 92 38 1906,
955 296 97 34 blivit
1086 297 143 43 avgjort,
1265 300 48 29 att
1336 298 194 42 kungsådra
1553 299 108 32 finnes
1685 300 12 31 i
1722 300 87 32 Göta

217 338 55 33 älv
295 338 58 33 vid
376 339 212 33 Trollhättan
613 340 63 32 och
698 340 85 33 Lilla
807 341 87 33 Edet
917 345 87 28 samt
1026 342 12 31 i
1062 341 305 44 Gullspångsälven
1391 343 58 33 vid
1473 343 197 44 Gullspång.

323 384 65 32 Det
411 386 107 31 måste
543 385 115 33 därför
680 387 205 38 förutsättas,
911 390 48 29 att
982 398 43 21 en
1048 387 182 43 utredning
1253 399 42 22 av
1320 388 56 33 det
1399 388 80 43 slag,
1505 400 72 21 som
1601 389 12 32 i
1636 390 173 32 motionen

216 428 201 42 föreslagits,
453 430 11 30 i
499 432 125 40 många
647 431 61 31 fall
732 433 106 30 måste
861 432 141 31 inriktas
1026 434 44 40 på
1094 435 56 35 att,
1175 434 45 40 på
1243 433 111 41 grund
1378 444 42 21 av
1444 433 106 32 andra
1572 434 237 32 förhållanden

216 477 43 28 än
297 484 125 31 genom
461 474 118 33 domar
617 475 141 33 rörande
797 476 70 42 just
901 476 210 43 kungsådras
1146 476 211 44 befintlighet
1392 478 62 33 och
1485 478 75 43 läge
1588 481 45 40 på
1656 482 46 29 ett
1725 480 84 32 visst

216 517 95 33 ställe
345 519 11 31 i
391 520 243 42 vattendraget,
669 521 82 32 söka
784 524 131 36 utröna,
951 521 170 33 huruvida
1156 522 63 32 och
1254 525 44 39 på
1321 522 92 33 vilka
1437 523 118 33 ställen
1579 524 230 42 kungsådra
1790 513 22 57 i

215 563 236 43 vattendraget
484 564 108 33 finnes
621 565 79 33 eller
732 566 41 42 ej.
821 566 16 31 I
861 566 120 32 sådant
1004 566 166 33 avseende
1194 567 106 32 skulle
1324 579 78 21 man
1429 568 52 39 då,
1507 571 111 30 såsom
1642 580 88 21 ovan
1753 580 55 21 an-

215 611 92 39 tytts,
345 609 81 31 söka
460 612 48 29 att
535 620 123 31 genom
686 610 247 43 upplysningar
956 611 11 31 i
992 611 91 33 äldre
1107 612 203 42 handlingar
1332 612 198 40 bestämma,
1555 614 169 33 huruvida
1747 614 61 32 till-

216 652 148 43 räckliga
403 653 72 33 skäl
508 654 166 43 föreligga
712 659 48 29 att
797 659 133 39 antaga,
967 656 56 33 det
1057 657 195 42 kungsådra
1286 659 44 41 på
1365 658 83 33 visst
1472 658 80 33 eller
1574 659 91 33 vissa
1689 659 118 33 ställen

215 698 110 32 finnes
348 698 12 32 1
383 699 233 42 vattendraget
639 700 79 33 eller
742 701 41 42 ej.

324 743 65 33 Det
423 749 36 27 är
490 745 185 32 emellertid
698 746 100 41 givet,
823 748 48 30 att
894 749 46 29 ett
963 746 120 32 sådant
1106 747 195 33 förfarande
1324 747 74 33 icke
1422 748 67 32 kan
1513 760 81 21 vara
1617 750 192 41 avgörande

216 789 54 31 för
304 789 122 41 frågan
461 800 53 21 om
552 790 236 42 kungsådrans
820 791 142 39 tillvaro,
988 791 43 33 då
1054 792 38 42 ju
1116 791 90 33 detta
1229 795 119 39 ytterst
1371 793 135 42 jämlikt
1530 797 19 28 9
1573 794 21 42 8
1617 794 12 32 i
1652 795 156 41 gällande

216 834 400 43 vattenrättsförordning
640 840 37 27 är
701 846 42 22 en
767 835 269 43 domstolsfråga.

323 879 52 32 Av
411 879 56 32 det
501 890 87 23 ovan
624 880 143 33 anförda
802 881 93 32 torde
931 886 86 28 även
1052 882 143 41 framgå,
1222 885 48 29 att
1292 882 236 42 utredningen,
1554 895 53 21 om
1633 884 66 32 den
1724 884 85 32 skall

216 923 91 32 bliva
346 935 43 21 av
423 926 103 40 något
560 925 112 38 värde,
709 927 107 31 måste
850 926 91 32 bliva
977 926 144 32 särdeles
1157 926 158 43 vidlyftig
1340 928 64 31 och
1426 928 209 33 tidsödande.
1682 929 126 42 TIfråga-

217 971 102 29 sättas
358 969 69 31 kan
462 969 63 32 ock
560 970 203 42 riktigheten
799 971 63 31 och
896 970 243 43 lämpligheten
1174 972 113 39 därav,
1325 975 56 37 att,
1411 972 11 32 i
1447 973 126 32 sådana
1597 973 69 40 fall,
1692 974 60 31 där
1776 975 30 41 ej

216 1013 136 32 alldeles
388 1013 215 43 obestridliga
628 1014 73 33 skäl
724 1015 117 33 kunna
865 1015 210 43 förebringas
1099 1017 54 31 för
1175 1017 211 41 kungsådras
1410 1017 142 41 tillvaro,
1578 1019 82 32 söka
1683 1030 125 31 genom

216 1068 42 22 en
294 1058 154 43 offentlig
482 1059 182 42 utredning
696 1060 119 32 fastslå
849 1061 228 32 förekomsten
1113 1072 43 22 av
1184 1061 193 42 kungsådra
1400 1062 12 32 i
1437 1066 46 28 ett
1505 1064 200 42 vattendrag
1729 1064 80 32 eller

216 1103 42 41 ej,
299 1103 43 32 då
379 1104 40 41 ju
457 1103 41 33 de
534 1104 146 40 resultat,
717 1116 73 21 som
824 1105 226 42 utredningen
1085 1105 140 40 lämnar,
1261 1107 73 32 icke
1369 1107 118 32 kunna
1510 1108 91 33 bliva
1624 1108 182 34 definitiva.

215 1148 67 31 För
305 1148 66 32 den
395 1148 151 33 enskilde
570 1149 117 32 kunna
711 1150 41 32 de
775 1150 207 40 uttalanden,
1008 1161 72 21 som
1103 1151 12 31 i
1141 1151 223 42 utredningen
1388 1157 108 37 göras,
1521 1153 192 42 naturligen
1733 1154 76 32 icke

213 1192 92 34 bliva
328 1192 182 33 bindande.

321 1237 75 33 Den
431 1238 192 43 föreslagna
654 1239 227 43 utredningen
904 1240 93 32 torde
1021 1240 165 42 därjämte
1209 1241 73 32 icke
1306 1241 117 32 kunna
1447 1242 187 33 utsträckas
1657 1242 51 33 till
1731 1243 77 33 hela

214 1282 65 32 den
316 1283 164 32 oerhörda
514 1283 128 42 mängd
665 1295 43 22 av
731 1285 209 42 vattendrag,
966 1296 72 21 som
1061 1287 75 31 vårt
1158 1285 80 32 land
1262 1290 88 38 äger,
1375 1289 82 29 utan
1481 1289 107 30 måste
1611 1288 109 32 under
1743 1288 65 33 alla

213 1327 238 32 förhållanden
486 1328 308 43 undersökningen,
831 1340 56 21 om
922 1330 65 32 den
1023 1330 85 32 skall
1142 1330 117 33 kunna
1294 1331 247 43 åvägabringas
1576 1332 93 33 inom
1700 1333 108 42 skälig

214 1372 50 32 tid
299 1372 64 33 och
396 1373 54 32 för
485 1373 133 42 rimliga
652 1374 190 40 kostnader,
878 1375 201 32 inskränkas
1112 1375 50 32 till
1195 1376 91 33 vissa
1313 1376 210 43 vattendrag,
1549 1388 78 23 vare
1652 1378 51 41 sig
1727 1389 81 21 man

214 1416 59 33 vill
309 1418 82 32 söka
419 1429 42 21 en
485 1418 106 32 sådan
614 1418 230 43 begränsning
867 1419 11 32 i
901 1420 261 42 vattendragens
1187 1421 123 32 storlek
1333 1421 80 32 eller
1436 1421 201 43 belägenhet
1661 1423 79 32 eller
1763 1425 45 40 på

213 1465 105 29 annat
352 1465 72 29 sätt.
483 1463 66 32 Det
581 1469 37 26 är
641 1464 185 32 emellertid
848 1465 200 42 uppenbart,
1077 1468 47 29 att
1148 1476 42 21 en
1215 1465 105 33 sådan
1343 1466 239 43 begränsning,
1609 1478 73 21 som
1706 1479 100 31 synes

213 1518 82 21 vara
318 1507 275 43 oundgängligen
617 1508 113 43 nödig,
755 1509 154 33 kommer
931 1510 12 31 i
966 1510 67 42 hög
1056 1509 83 43 grad
1163 1513 48 30 att
1234 1511 150 42 förringa
1406 1511 118 33 värdet
1540 1523 43 22 av
1599 1512 41 33 de
1657 1512 148 41 resultat,

214 1563 73 21 som
312 1552 56 33 det
391 1558 36 27 är
450 1556 109 30 avsett
582 1556 48 30 att
653 1554 105 33 vinna
781 1554 80 32 med
884 1555 236 42 utredningen.

321 1597 236 33 Remissakten
581 1599 183 32 återställes
787 1599 176 42 härjämte.

319 1642 17 32 I
370 1642 300 44 handläggningen
709 1654 43 23 av
786 1644 222 33 förevarande
1044 1644 123 33 ärende
1202 1645 88 33 hava
1326 1645 179 43 styrelsens
1542 1646 154 43 samtliga
1720 1647 87 33 leda-

213 1690 109 29 möter
344 1687 147 43 deltagit.

321 1776 195 33 Stockholm
540 1777 66 33 den
630 1779 42 31 26
696 1777 149 33 februari
872 1780 94 31 1913.

885 1868 252 43 Underdånigst

848 1931 39 32 FE.
920 1931 80 32 Vilh.
1025 1931 147 33 Hansen.

1270 2021 41 28 M.
1333 2021 102 28 Munck
1454 2022 37 34 af
1507 2022 191 29 Rosenschöld.
