1918 2844
494 160 394 37 Bevillningsutskottets
913 159 219 32 betänkande
1155 160 49 31 Nr
1228 162 51 30 42.
1630 157 20 31 9

142 245 170 32 förbehåll
333 245 104 36 enligt
459 246 41 30 33
524 243 20 39 &
566 245 479 38 inteckningsförordningen,
1069 246 161 31 eftersom
1254 245 114 38 någon
1391 245 182 37 värdering
1595 245 55 31 för

140 287 159 31 exekutiv
319 288 143 30 auktion
482 287 74 31 icke
576 288 128 31 skedde
723 288 10 30 i
752 288 123 31 sådant
895 289 263 36 sammanhang.
1202 288 13 30 I
1237 288 117 36 dylika
1374 288 61 30 fall
1455 288 97 30 torde
1573 288 74 30 där-

140 329 55 32 för
215 329 257 31 vederbörande
491 339 82 22 anse
594 330 50 36 sig
663 330 201 31 nödsakade
885 331 108 30 kräva
1013 340 47 27 ny
1078 331 147 36 stämpel
1246 330 53 31 för
1318 330 79 31 hela
1415 329 232 37 intecknings-

141 372 169 36 beloppet.

186 414 140 30 Samma
346 414 183 36 olägenhet
549 414 215 37 uppkomme
782 413 133 38 jämväl
935 424 58 21 om
1015 423 82 22 man
1116 414 86 31 efter
1224 424 42 21 en
1286 423 73 22 mer
1380 415 45 30 än
1445 417 46 28 ett
1513 414 38 31 år
1571 413 77 32 tidi-

141 464 80 28 gare
245 456 188 30 verkställd
457 456 103 36 relax,
586 456 116 31 vilken
725 457 30 36 ej
781 457 88 31 varit
894 457 197 31 förbunden
1114 458 78 30 med
1217 456 191 38 förklaring
1430 456 106 38 enligt
1562 458 41 30 33
1628 454 21 40 8

141 498 477 37 inteckningsförordningen,
646 499 154 31 önskade
828 501 82 34 göra
938 509 43 21 en
1008 509 48 27 ny
1080 500 93 31 relax
1198 499 12 31 i
1236 499 91 31 form
1356 509 44 21 av
1426 499 153 37 dödning
1607 508 42 22 av

141 540 243 37 inteckningen
408 540 11 31 i
443 540 76 31 dess
544 541 116 30 helhet
683 541 66 30 och
772 541 258 37 nyinteckning.

186 582 75 31 Den
278 591 89 22 ovan
383 582 181 37 påpekade
581 583 271 36 konsekvensen,
871 587 50 27 att
937 584 256 31 vederbörande
1211 583 12 31 i
1239 584 91 31 vissa
1346 584 62 31 fall
1423 584 112 31 skulle
1552 584 96 31 kom-

141 633 57 22 ma
218 628 49 27 att
287 625 107 30 kräva
413 634 48 27 ny
479 626 146 35 stämpel
644 625 54 31 för
718 626 77 30 hela
814 626 56 30 det
888 625 95 32 förut
1001 626 292 37 stämpelbelagda
1312 626 336 37 inteckningsbelop-

139 669 68 34 pet,
229 667 97 30 torde
345 667 191 31 emellertid
557 667 77 31 icke
654 676 83 21 vara
760 668 127 30 avsedd
911 669 78 30 med
1010 668 264 36 ifrågavarande
1295 669 200 36 stadgande.

184 708 79 31 Med
287 709 136 36 hänsyn
446 708 52 31 till
521 710 65 29 vad
611 718 90 21 ovan
725 709 143 36 anförts,
892 719 81 21 vore
998 710 55 31 det
1076 710 217 37 synnerligen
1314 712 177 35 önskvärt,
1512 720 59 21 om
1595 720 53 28 ge-

139 760 84 21 nom
243 750 285 37 omformulering
547 760 41 21 av
610 751 67 30 den
698 751 194 37 föreslagna
914 752 172 36 lagtexten
1105 753 81 30 eller
1204 761 124 28 genom
1345 752 107 38 något
1472 753 178 31 uttalande

139 793 12 29 i
170 793 181 30 utskottets
370 792 178 32 utlåtande
579 793 109 30 sådan
706 793 221 37 tillämpning
947 803 42 21 av
1009 794 203 37 stadgandet
1231 795 117 30 kunde
1365 796 177 30 uteslutas.

184 884 72 31 Mot
281 885 42 30 de
345 884 12 31 i
381 885 262 36 propositionen
667 885 197 37 föreslagna
889 886 234 37 ändringarna
1147 887 11 30 i
1187 888 26 35 1,
1239 888 19 29 3
1281 888 66 30 och
1374 889 16 28 7
1416 886 44 39 $8
1487 888 161 37 stämpel-

140 933 257 38 förordningen,
417 934 55 32 för
488 935 93 31 vilka
597 936 216 36 redogörelse
831 936 11 31 i
860 937 56 30 det
933 936 206 37 föregående
1156 938 149 30 lämnats
1323 938 111 31 under
1452 939 198 36 punkterna

141 980 129 41 1)-—5),
291 985 65 30 har
379 985 165 31 utskottet
565 985 76 32 icke
664 985 116 32 funnit
803 987 76 30 skäl
900 986 52 31 till
972 987 150 31 erinran.

182 1035 278 31 Vidkommande
487 1037 66 30 den
580 1037 195 37 föreslagna
802 1037 193 37 ändringen
1020 1038 11 31 i
1060 1039 38 29 17
1125 1036 20 41 8
1171 1038 397 38 stämpelförordningen
1594 1039 54 31 får

139 1087 163 30 utskottet
326 1087 124 31 anföra
473 1086 165 38 följande.

182 1137 49 31 På
256 1138 66 30 sätt
344 1137 156 37 framgår
525 1148 42 20 av
591 1139 66 30 den
682 1138 109 31 under
814 1140 113 35 punkt
952 1136 31 40 6)
1014 1140 162 30 lämnade
1200 1140 241 37 redogörelsen
1466 1140 181 39 föreligger

138 1188 253 37 stämpelfrihet
413 1189 107 36 enligt
542 1190 92 30 detta
658 1189 205 37 stadgandes
886 1191 202 30 nuvarande
1110 1191 128 37 lydelse
1258 1191 11 30 i
1293 1190 173 38 åtskilliga
1489 1191 72 39 fall,
1585 1193 63 30 där

138 1238 109 32 sådan
267 1239 103 31 frihet
390 1239 57 31 vid
468 1240 213 31 tillkomsten
700 1250 42 20 av
762 1241 155 31 nämnda
938 1241 241 31 bestämmelse
1200 1242 273 37 uppenbarligen
1492 1242 77 32 icke
1589 1252 57 21 va-

136 1290 45 30 rit
204 1291 137 30 avsedk
389 1291 183 36 Utskottet,
597 1300 75 22 som
697 1291 115 31 finner
838 1292 55 31 det
917 1302 83 21 vara
1026 1292 186 37 angeläget,
1237 1296 49 27 att
1312 1293 93 31 detta
1431 1293 214 31 missförhål-

137 1341 103 31 lande
263 1341 221 38 undanröjes,
510 1351 100 22 anser
634 1342 50 37 sig
711 1343 117 31 därför
853 1343 86 31 böra
965 1344 11 30 i
1001 1343 183 31 huvudsak
1209 1343 136 31 biträda
1372 1345 57 30 det
1453 1345 12 30 i
1490 1344 155 37 proposi-

137 1391 118 32 tionen
277 1392 195 37 framlagda
498 1393 339 37 ändringsförslaget.

181 1443 14 30 I
217 1443 186 36 anledning
423 1453 44 21 av
489 1445 65 29 vad
578 1444 278 31 Skandinaviska
880 1444 343 37 kreditaktiebolaget
1246 1446 115 30 anfört
1383 1446 11 30 i
1418 1446 53 30 sin
1495 1446 150 31 förutbe-

136 1494 104 30 rörda
262 1494 164 31 skrivelse
450 1494 54 30 får
525 1495 165 30 utskottet
711 1495 114 30 erinra
846 1498 59 33 att,
929 1495 114 31 därest
1065 1495 210 37 inteckning,
1298 1506 75 21 som
1396 1496 107 37 gäller
1524 1496 12 31 i
1559 1496 88 31 flera

137 1544 210 37 fastigheter,
368 1554 42 21 av
430 1545 149 30 domstol
599 1546 108 30 dödas
728 1546 10 30 i
756 1545 115 37 någon
891 1555 43 21 av
954 1546 98 31 dessa
1073 1546 199 37 fastigheter
1292 1550 84 27 utan
1396 1547 173 31 förbehåll
1589 1556 55 21 en-

136 1595 61 36 ligt
221 1596 41 30 33
288 1593 20 41 8
332 1595 479 38 inteckningsförordningen,
839 1597 113 30 denna
978 1596 119 37 åtgärd
1125 1597 109 30 tillika
1258 1597 156 37 innebär,
1443 1601 48 27 att
1516 1598 129 31 inteck-

136 1646 128 37 ningen
282 1647 140 35 upphör
442 1649 49 28 att
512 1647 89 36 gälla
622 1647 52 30 till
694 1656 44 21 en
759 1647 54 31 del
836 1656 42 21 av
900 1647 304 37 kapitalbeloppet.
1250 1648 105 31 Sökes
1377 1658 75 21 mer
1474 1650 45 29 än
1537 1651 49 28 ett
1607 1647 39 31 år

137 1697 150 31 därefter
303 1697 201 37 inteckning
524 1697 53 31 för
596 1698 79 30 hela
694 1698 56 31 det
769 1698 242 37 ursprungliga
1030 1698 303 37 kapitalbeloppet,
1353 1700 117 31 kunde
1489 1700 56 30 det
1564 1698 80 32 ifrå-

136 1749 161 35 gasättas,
315 1758 58 20 om
390 1748 77 30 icke
483 1748 104 37 enligt
605 1748 96 31 såväl
718 1749 159 36 gällande
894 1758 75 22 som
986 1759 48 21 nu
1052 1749 194 37 föreslagna
1265 1750 260 31 bestämmelser
1542 1752 103 29 stäm-

136 1799 55 36 pel
209 1799 107 30 borde
332 1802 134 33 uttagas
487 1799 53 31 för
560 1800 66 30 den
645 1800 54 30 del
718 1809 41 21 av
777 1799 304 38 kapitalbeloppet,
1103 1800 53 31 för
1174 1800 113 31 vilken
1305 1801 247 36 inteckningen
1572 1801 74 30 icke

136 1850 119 36 längre
276 1851 38 28 är
335 1850 169 36 gällande.
1252 1852 1 4 |

180 1900 50 30 På
251 1901 67 29 sätt
336 1900 140 30 banken
497 1900 203 37 framhållit,
722 1910 102 28 synas
846 1902 10 29 i
879 1901 119 37 dylika
1019 1902 61 30 fall
1101 1902 209 36 svårigheter
1331 1902 120 30 kunna
1474 1903 169 35 uppkom-

137 1960 57 21 ma
221 1951 56 29 vid
301 1951 277 30 bestämmandet
605 1960 42 21 av
672 1951 188 36 stämpelns
888 1951 136 30 storlek.
1074 1952 168 30 Stundom
1268 1953 98 29 torde
1393 1953 56 29 det
1473 1952 173 36 knappast

136 2001 92 30 bliva
250 2001 133 37 möjligt
407 2004 49 27 att
478 2003 136 34 avgöra,
637 2001 51 31 till
710 2002 91 30 huru
823 2005 85 27 stort
932 2002 124 36 belopp
1079 2002 242 37 inteckningen
1343 2001 151 37 alltjämt
1516 2004 38 28 är
1576 2002 68 37 gäl-

136 2052 112 30 lande.
298 2052 172 30 Utskottet
497 2052 114 30 finner
637 2052 119 30 därför
782 2053 176 35 önskvärt,
985 2056 48 27 att
1058 2053 98 30 dessa
1184 2052 209 37 svårigheter
1420 2053 224 37 undanröjas.

137 2103 78 30 Med
237 2103 136 36 hänsyn
395 2102 119 31 härtill
534 2103 64 30 och
624 2103 43 30 då
689 2104 56 29 det
767 2103 10 30 i
801 2103 227 33 förevarande
1051 2103 61 30 fall
1134 2103 96 31 torde
1252 2113 81 21 vara
1358 2103 97 37 fråga
1479 2113 57 21 om
1557 2103 88 37 jäm-

137 2153 175 31 förelsevis
337 2153 197 37 obetydliga
559 2154 286 36 stämpelbelopp,
872 2163 100 21 anser
997 2154 50 36 sig
1072 2155 164 29 utskottet
1263 2155 83 30 böra
1371 2154 141 31 förorda
1538 2155 107 29 sådan

137 2204 147 36 ändring
305 2204 13 30 i
343 2205 67 29 den
434 2204 10 30 i
468 2204 261 36 propositionen
752 2204 195 37 föreslagna
972 2204 152 37 lydelsen
1150 2215 41 19 av
1219 2205 35 29 17
1281 2203 31 40 $,
1338 2208 49 27 att
1412 2214 47 27 ny
1484 2205 160 36 stämpel-

137 2254 203 36 beläggning
359 2254 124 30 endast
506 2254 87 30 skall
614 2256 64 34 äga
701 2264 88 26 rum,
812 2255 114 30 därest
947 2254 244 37 inteckningen
1211 2255 70 30 helt
1304 2255 80 30 eller
1408 2256 51 29 till
1481 2256 82 29 visst
1586 2265 59 20 an-

136 2305 89 35 givet
245 2305 124 35 belopp
388 2314 43 20 av
451 2305 148 29 domstol
620 2305 122 30 dödats
759 2305 83 30 eller
860 2314 42 20 av
921 2314 118 20 annan
1059 2305 185 35 anledning
1263 2304 153 36 upphört
1434 2308 48 27 att
1500 2305 100 36 gälla.

181 2355 170 30 Utskottet
373 2363 100 22 anser
496 2354 50 36 sig
568 2354 159 36 slutligen
747 2355 84 30 böra
854 2354 187 31 framhålla
1062 2358 60 32 att,
1144 2355 113 30 därest
1279 2355 175 30 missbruk
1478 2364 41 20 av
1539 2356 105 29 stäm-

136 2405 203 36 pelfriheten
366 2404 46 37 på
438 2404 227 31 förevarande
690 2404 141 31 område
857 2404 149 37 alltjämt
1032 2405 109 31 skulle
1166 2405 71 30 visa
1265 2405 48 37 sig
1340 2405 228 36 förekomma,
1594 2408 49 27 ut-

1689 892 128 24 Utskottet.
