1905 2830
465 154 404 39 Bevillningsutskottets
884 156 219 30 betänkande
1117 166 43 20 nr
1175 158 18 29 7
1207 158 39 29 år
1261 159 84 29 1970
1627 163 19 30 3

813 294 181 33 Utskottet

204 394 64 30 Vid
288 396 348 40 arvsbeskattningen
656 398 87 29 skall
761 399 112 29 medel
890 399 45 40 på
953 401 212 38 skogskonto
1183 403 53 28 tas
1255 411 70 31 upp
1342 403 53 29 till
1415 403 57 30 sitt
1490 404 156 39 verkliga

159 448 113 35 värde,
295 451 84 28 utan
399 450 138 39 hänsyn
556 451 53 29 till
630 453 48 27 att
698 452 228 31 innestående
944 454 123 40 belopp
1087 455 336 31 inkomstbeskattas
1443 458 11 29 i
1476 458 169 30 samband

158 503 78 29 med
253 505 47 27 att
316 503 41 30 de
371 505 53 28 tas
440 506 36 27 ut
492 504 79 30 från
586 506 238 38 skogskontot.

203 556 259 31 Motionärerna
484 558 101 30 anför
607 561 48 27 att
677 569 41 20 en
739 560 273 32 förhållandevis
1035 564 71 28 stor
1127 563 54 30 del
1202 573 41 20 av
1264 564 56 30 det
1342 565 226 31 innestående
1588 567 56 29 be-

158 611 115 39 loppet
295 611 103 39 avgår
418 612 53 29 till
492 614 174 28 arvsskatt
687 614 65 29 och
772 615 251 30 inkomstskatt
1045 616 65 29 och
1128 617 103 39 begär
1253 627 41 20 en
1315 619 187 39 utredning
1521 620 10 29 i
1554 620 90 39 syfte

159 665 48 27 att
223 665 220 29 arvsskatten
459 666 88 29 skall
561 667 202 30 restitueras
778 668 44 29 då
835 668 231 40 tillgångarna
1080 669 346 33 inkomstbeskattas.

200 718 137 39 Frågan
359 719 11 29 i
392 720 67 29 vad
482 719 84 30 mån
588 721 108 29 latent
721 722 219 30 skatteskuld
962 723 63 30 bör
1046 724 145 30 beaktas
1213 725 57 29 vid
1294 725 349 42 förmögenhetsupp-

157 772 223 39 skattningen
394 773 101 29 berör
509 774 71 29 inte
593 775 122 29 endast
731 775 238 39 skogskonton
983 779 85 27 utan
1083 778 85 29 även
1182 778 185 40 tillgångar
1382 789 41 20 av
1438 782 106 28 annat
1560 782 81 38 slag,

156 827 23 27 t.
197 835 49 20 ex.
261 826 184 39 varulager
461 827 64 29 och
542 828 414 41 anläggningstillgångar
971 831 10 29 i
998 831 137 30 rörelse.
1152 832 167 30 Förutom
1334 833 58 30 vid
1409 835 233 30 arvsbeskatt-

156 879 127 39 ningen
302 881 231 38 uppkommer
550 882 191 39 problemet
760 883 105 30 också
881 884 57 29 vid
956 885 66 29 den
1040 884 109 40 årliga
1166 882 474 50 förmögenhetstaxeringen.

199 933 13 28 I
233 933 195 30 direktiven
448 934 54 30 för
521 935 485 42 kapitalskatteberedningen
1028 939 118 30 anförs
1168 941 48 28 att
1238 949 41 20 en
1299 941 138 39 lösning
1456 951 42 20 av
1517 942 124 40 frågan

155 986 167 30 framstår
343 996 73 21 som
438 989 197 39 angelägen,
658 990 64 29 och
741 990 234 40 beredningen
995 992 64 29 har
1077 993 12 29 i
1111 992 57 30 sitt
1190 994 276 31 delbetänkande
1488 992 153 48 Kapital-

154 1040 268 40 beskattningen
447 1041 100 35 (SOU
568 1042 172 35 1969:54)
764 1045 139 39 upplyst
923 1047 49 28 att
991 1046 65 29 den
1074 1046 159 30 kommer
1251 1049 49 28 att
1318 1048 128 30 föreslå
1465 1051 48 28 att
1531 1050 108 30 latent

156 1095 219 29 skatteskuld
396 1096 88 29 skall
503 1096 144 30 beaktas
666 1097 57 30 vid
741 1098 185 40 värdering
946 1108 41 21 av
1008 1099 182 40 tillgångar
1210 1110 41 21 av
1269 1101 267 40 ifrågavarande
1557 1104 82 39 slag.

154 1148 239 39 Beredningen
412 1150 124 29 väntas
555 1150 194 40 framlägga
769 1152 57 29 sitt
847 1152 290 31 slutbetänkande
1155 1155 10 29 i
1186 1154 47 30 år.
1254 1155 384 41 Utredningsyrkandet

154 1201 9 29 i
179 1202 218 30 motionerna
412 1203 37 29 är
465 1203 131 30 således
611 1205 106 29 redan
732 1204 221 40 tillgodosett.

197 1309 78 30 Med
290 1309 210 41 hänvisning
513 1310 52 30 till
580 1312 56 29 det
651 1312 148 30 anförda
812 1312 201 31 hemställer
1028 1315 168 30 utskottet

519 1366 49 28 att
582 1365 188 40 riksdagen
784 1366 113 30 avslår
911 1368 219 30 motionerna
1144 1370 28 28 I:
1189 1369 61 30 223
1267 1370 64 30 och
1345 1371 45 29 II:
1407 1371 73 30 259.

198 1434 201 30 Stockholm
414 1436 66 29 den
495 1436 41 29 24
550 1436 154 30 februari
720 1437 83 30 1970

587 1525 48 31 På
648 1526 398 41 bevillningsutskottets
1059 1529 146 40 vägnar:

724 1616 116 30 JOHN
856 1617 211 31 ERICSSON

782 1857 224 31 Närvarande

195 1916 79 29 från
302 1917 166 30 första
497 1919 221 29 kammaren:
739 1920 121 29 herrar
877 1921 92 30 John
989 1921 163 31 Ericsson
1175 1922 64 35 (s),
1258 1924 121 30 Tistad
1404 1924 86 41 (fp),
1509 1926 125 29 Wärn-

149 1960 83 40 berg
251 1961 65 35 (s),
333 1961 134 31 Sundin
487 1962 90 40 (cp),
593 1963 105 31 Gösta
712 1964 191 31 Jacobsson
924 1965 83 36 (m),
1025 1967 86 30 Paul
1125 1967 153 31 Jansson
1298 1968 64 36 (s),
1379 1969 92 31 Arne
1486 1971 148 30 Petters-

150 2014 62 21 son
232 2006 64 34 (s),
313 2006 156 40 Stadling
488 2007 64 36 (s),
568 2008 82 29 Karl
665 2009 199 30 Pettersson
883 2009 69 36 (m)
972 2011 64 30 och
1049 2010 185 32 Österdahl
1253 2012 91 41 (fp);
1363 2016 88 28 samt

193 2068 79 30 från
309 2070 152 29 andra
496 2071 221 30 kammaren:
742 2072 122 30 herrar
888 2073 213 39 Magnusson
1125 2075 11 29 i
1160 2075 108 30 Borås
1297 2076 83 35 (m),
1406 2077 131 30 Brandt
1568 2078 64 35 (s),

147 2113 168 37 Engkvist
338 2114 64 34 (s),
422 2114 56 30 fru
499 2115 195 37 Holmqvist
717 2116 63 35 (s),
799 2117 120 30 herrar
938 2118 161 37 Vigelsbo
1122 2120 88 37 (ep),
1230 2120 205 31 Kristenson
1457 2122 63 34 (s),
1541 2123 92 30 Carl-

149 2157 88 29 stein
257 2157 64 35 (s),
337 2158 162 39 Nyström
520 2159 64 35 (s),
600 2160 151 30 Larsson
765 2161 9 28 i
790 2161 107 30 Umeå
917 2162 71 40 (fp)
1008 2163 64 29 och
1086 2163 190 31 Sundkvist
1296 2165 90 40 (cp).

157 2518 82 17 MARCUS
249 2519 73 16 BOKTR.
332 2520 64 16 STHLM
409 2521 35 16 13770
464 2520 73 17 700028
