2256 2622
738 199 249 32 Statsutskottets
1018 200 171 32 Utlåtande
1212 202 63 30 N:o
1300 204 72 29 194.
1799 205 16 30 7

364 286 55 32 att
447 282 239 37 direktionen
715 283 108 37 öfver
851 285 150 36 arméns
1028 286 293 48 pensionskassa
1350 287 9 35 i
1382 287 64 36 sitt
1465 287 107 36 öfver
1591 288 264 47 ansökningen

260 332 147 49 afgifna
447 334 262 49 underdåniga
749 336 190 48 yttrande,
972 337 120 48 jämte
1126 338 207 48 bifogande
1368 339 41 35 af
1437 339 112 49 intyg
1577 344 54 31 att
1660 340 196 36 sökanden

261 384 119 38 under
414 388 39 33 år
483 388 97 34 1907
611 391 167 32 taxerats
807 387 59 36 för
894 401 47 23 en
969 388 168 46 inkomst
1165 389 41 36 af
1235 391 110 45 1,000
1374 390 154 46 kronor,
1558 391 112 36 däraf
1693 393 49 34 45
1772 391 84 36 kro-

259 449 72 23 nor
359 439 126 34 såsom
513 437 169 37 inkomst
709 438 62 36 »af
794 438 163 50 kapital»
986 440 71 35 och
1086 441 219 36 återstoden
1334 441 62 36 »af
1412 442 119 48 tjänst
1552 442 93 36 eller
1664 443 190 48 pension»,

259 487 137 43 anfört,
427 493 55 30 att
506 493 54 31 ett
588 489 237 48 fullföljande
854 490 41 36 af
919 491 262 36 direktionens
1210 491 123 37 beslut
1362 492 121 37 skulle
1503 493 100 36 efter
1623 494 72 35 den
1715 494 140 36 minsk-

258 538 95 48 ning
385 539 54 35 uti
468 539 217 37 sökandens
712 541 225 46 inkomster,
967 555 81 22 som
1076 542 242 37 föranleddes
1347 543 41 36 af
1413 544 65 35 det
1506 544 197 36 beslutade
1732 545 123 36 afdra-

257 594 68 43 get
366 590 40 35 af
437 592 86 34 160:
543 590 142 37 kronor
712 591 146 49 årligen
886 593 84 36 från
1000 593 392 49 fyllnadspensionen,
1421 595 60 35 för
1510 595 197 36 sökanden
1736 596 118 36 blifva

256 640 176 50 ytterligt
460 642 200 48 kännbart,
689 646 48 45 på
765 656 144 24 samma
936 647 107 46 gång
1072 658 80 23 som
1172 645 64 36 det
1255 646 219 48 säkerligen
1490 647 150 36 komme
1662 652 55 31 att
1736 647 117 36 blifva

258 693 174 47 skäligen
451 693 192 49 fruktlöst,
660 695 151 36 hvadan
831 695 239 37 direktionen
1089 697 238 47 hemställde,
1348 703 55 31 att
1423 698 161 37 skulden
1601 701 117 34 måtte
1739 699 114 37 efter-

258 744 182 46 skänkas;
471 751 99 30 samt

361 801 55 31 att
444 796 145 48 jämväl
615 798 276 37 statskontoret
914 799 123 49 enligt
1056 800 253 48 underdånigt
1327 801 192 37 utlåtande
1539 802 74 36 den
1635 804 47 34 24
1702 802 151 48 augusti

259 849 97 35 1908
395 854 124 31 ansett
547 852 41 33 så
616 849 222 37 bevekande
867 851 331 48 omständigheter
1225 852 190 49 föreligga
1444 853 58 36 för
1532 853 320 37 efterskänkande

257 900 41 35 af
335 899 292 49 ifrågavarande
655 901 321 48 pensionsmedel,
1006 907 56 31 att
1090 903 279 37 statskontoret
1397 907 142 45 ansåge
1569 905 61 48 sig
1658 905 92 35 böra
1778 905 74 37 för-

255 963 71 24 ena
355 950 60 50 sig
441 952 55 35 uti
524 951 75 37 den
627 952 42 36 af
693 952 239 37 direktionen
959 954 109 36 öfver
1096 955 150 36 arméns
1274 955 300 48 pensionskassa
1593 956 137 48 gjorda
1749 956 103 37 hem-

257 1002 147 37 ställan.

357 1207 125 37 Jämte
523 1208 102 37 förut
666 1209 167 48 angifna,
876 1209 41 36 af
950 1209 240 37 direktionen
1227 1211 108 36 öfver
1371 1212 150 36 arméns
1554 1212 297 49 pensionskassa

254 1259 159 36 anförda
453 1260 84 36 skäl
577 1260 60 37 för
679 1261 319 36 efterskänkande
1032 1261 42 36 af
1097 1262 291 48 ifrågavarande
1415 1264 435 49 fordringsbelopp
1761 1255 94 62 :har

253 1311 240 37 direktionen
529 1312 219 47 framhållit,
787 1317 54 32 att
874 1313 46 36 de
948 1313 58 36 till
1032 1313 126 48 grund
1187 1314 59 36 för
1275 1315 574 49 återbetalningsskyldigheten

251 1362 184 49 liggande
473 1361 263 51 stadgandena
773 1369 131 44 syntes
942 1364 127 37 alltför
1106 1370 156 43 stränga
1299 1366 71 36 och
1400 1367 181 36 särskildt
1608 1367 240 37 beträffande

252 1413 47 37 de
335 1413 103 49 lägst
473 1415 274 48 pensionerade
784 1416 163 36 militära
983 1416 343 50 pensionstagarna
1363 1418 34 48 ej
1435 1431 92 24 vara
1556 1419 293 49 vederbörligen

252 1466 175 48 afvägda.
457 1465 75 38 För
561 1466 126 37 denna
715 1467 99 37 åsikt
842 1468 98 49 ägde
970 1467 241 38 direktionen
1240 1470 99 46 stöd,
1369 1469 115 37 bland
1513 1475 128 43 annat,
1671 1471 93 48 däri,
1794 1476 54 32 att

252 1519 151 35 arméns
440 1520 41 34 år
512 1520 97 35 1903
640 1519 228 37 församlade
897 1519 241 50 fullmäktige
1166 1520 104 49 gjort
1297 1521 241 50 underdånig
1566 1523 282 48 framställning

251 1583 60 23 om
349 1569 168 50 lindring
548 1571 12 35 1
598 1571 110 37 dessa
744 1572 249 48 stadganden,
1030 1572 156 37 hvilken
1223 1573 286 50 framställning
1544 1575 126 36 blifvit
1697 1575 58 36 till
1784 1576 64 35 sitt

251 1622 102 49 syfte
389 1621 43 37 af
465 1623 276 36 statskontoret
775 1623 199 50 tillstyrkt.
1029 1623 234 49 Ytterligare
1300 1626 208 49 utredning
1535 1627 69 36 har
1633 1627 214 37 sedermera

249 1674 12 35 i
303 1673 104 37 detta
447 1673 218 38 hänseende
707 1675 123 36 blifvit
872 1675 239 50 åvägabragt
1147 1676 59 36 för
1242 1677 178 37 ärendets
1449 1678 184 49 pröfning
1660 1679 43 37 af
1727 1679 120 36 Eders

251 1724 141 49 Kungl.
421 1725 110 50 Maj:t
559 1727 70 36 och
657 1727 230 49 Riksdagen.

352 1777 18 36 I
407 1778 238 48 proposition
673 1779 74 36 den
775 1781 22 35 8
826 1779 202 37 december
1058 1780 97 36 1905
1186 1779 172 50 föreslog
1385 1781 141 48 Kungl.
1556 1782 107 48 Maj:t
1692 1782 41 36 af
1758 1794 87 25 ena-

248 1828 126 37 handa
402 1830 219 49 anledning,
650 1843 83 24 som
760 1831 190 37 föranledt
977 1845 51 22 nu
1056 1831 294 48 ifrågavarande
1370 1833 273 49 ansökningar,
1664 1838 55 32 att
1738 1834 107 36 Riks-

249 1880 127 50 dagen
404 1884 116 34 måtte
548 1882 206 48 medgifva,
783 1887 56 32 att
867 1883 46 37 de
942 1883 230 48 fordringar,
1194 1884 233 37 statsverket
1446 1898 141 35 genom
1607 1885 239 48 utbetalning

249 1932 42 37 af
324 1933 161 49 pension
522 1933 58 37 till
617 1934 119 49 högre
764 1935 152 49 belopp,
946 1939 47 32 än
1022 1948 82 23 som
1132 1934 216 49 vederbort,
1377 1936 151 37 erhållit
1555 1937 70 36 hos
1653 1937 192 49 kaptenen

248 1985 12 35 i
299 1986 129 35 armén
463 1985 144 37 Rudolf
638 1985 153 50 Bolling
827 1987 70 36 och
925 1987 69 37 hos
1023 1987 25 36 f.
1080 1986 34 36 d.
1144 1987 336 50 underlöjtnanten
1507 1989 13 36 i
1547 1989 131 37 armén
1707 1989 142 37 Gustaf

248 2036 154 49 Ludvig
439 2036 133 50 Syrén,
602 2040 115 34 måtte
755 2038 276 49 efterskänkas,
1060 2038 157 36 hvilken
1245 2040 286 49 framställning
1559 2041 42 36 af
1624 2040 220 50 Riksdagen

248 2088 139 37 bifölls.

351 2141 57 36 Då
440 2140 241 50 Riksdagens
710 2141 200 38 skrifvelse
938 2142 134 36 härom
1100 2143 73 37 den
1204 2145 45 34 11
1281 2144 73 48 maj
1388 2145 96 35 1906
1516 2144 200 49 föredrogs
1744 2144 100 36 inför

250 2191 140 49 Kungl.
407 2192 119 49 Maj:t,
556 2193 233 37 anbefalldes
817 2194 237 37 direktionen
1083 2195 109 36 öfver
1218 2195 152 37 arméns
1397 2195 294 49 pensionskassa
1719 2201 57 31 att
1794 2199 50 45 gå

248 2244 11 35 1
300 2244 228 49 författning
570 2258 60 24 om
672 2245 140 37 sådana
854 2246 198 48 åtgärders
1085 2246 247 50 vidtagande,
1362 2252 55 32 att
1445 2247 240 37 direktionen
1715 2248 128 37 städse

247 2298 117 35 måtte
407 2296 130 37 kunna
578 2301 74 45 äga
693 2297 215 37 kännedom
950 2311 60 24 om
1051 2299 337 49 pensionstagares
1416 2300 261 36 förhållanden
1706 2300 41 36 af
1771 2300 70 37 den
