1878 2810
253 169 19 29 4
620 175 394 37 Bevillningsutskottets
1036 176 218 31 betänkande
1272 185 43 22 nr
1332 176 49 30 63.

257 259 170 31 Utskottet
449 259 180 31 förutsatte
650 259 12 30 i
684 258 95 38 varje
801 260 71 36 fall,
897 263 48 27 att
967 260 405 36 krigskonjunkturskatt
1392 260 75 31 icke
1492 261 110 30 skulle
1626 263 136 34 uttagas

256 309 54 31 för
328 310 273 37 merinkomster,
623 320 75 21 som
719 310 170 31 hänförde
910 311 49 36 sig
978 310 50 31 till
1047 311 48 31 tid
1119 310 87 31 efter
1226 312 82 29 1945
1329 310 56 31 års
1408 310 137 37 utgång.

299 360 70 31 När
392 360 448 37 krigskonjunkturskatten
862 362 57 30 vid
944 361 125 36 krigets
1090 361 126 37 början
1237 361 163 39 infördes,
1425 362 198 31 förutsattes
1647 361 114 32 såsom

255 411 172 36 naturligt,
453 414 49 28 att
526 420 41 21 en
591 410 109 32 sådan
723 412 219 38 beskattning
966 412 109 30 skulle
1098 412 98 31 bestå
1222 412 37 31 så
1282 413 99 35 länge
1404 412 357 37 krigskonjunkturen

258 461 134 30 varade.
418 461 63 36 Jag
505 461 114 30 finner
643 462 56 29 det
725 462 119 29 därför
869 472 99 20 svara
994 463 49 29 till
1067 463 103 36 syftet
1195 463 79 30 med
1299 463 461 39 krigskonjunkturskatten,

258 514 48 27 att
328 511 129 38 jämväl
482 512 81 30 1945
588 511 55 30 års
669 512 202 30 mervinster
894 513 227 30 underkastas
1146 513 95 37 dylik
1264 514 100 30 skatt.
1388 514 56 30 Ett
1468 514 194 36 ytterligare
1686 514 75 30 skäl

258 562 120 30 härför
403 563 39 29 är
467 566 48 26 att
540 562 54 30 det
619 563 433 36 avvecklingsförfarande,
1079 564 57 30 vid
1161 564 105 30 vilket
1290 565 66 29 den
1380 564 136 36 slutliga
1541 565 153 30 effekten
1719 575 42 20 av

257 612 577 39 krigskonjunkturbeskattningen
866 613 178 31 förutsatts
1076 615 98 31 skola
1205 614 245 36 framkomma,
1480 615 187 36 lämpligen
1698 616 63 30 bör

258 663 305 36 sammankopplas
590 664 80 29 med
695 673 42 21 en
763 674 45 27 ny
834 665 155 36 taxering
1015 665 50 29 till
1092 665 406 39 krigskonjunkturskatt
1524 667 65 29 och
1615 665 146 31 sålunda

258 712 74 31 icke
352 713 60 30 ske
431 714 11 29 i
461 714 91 29 form
570 724 42 21 av
632 724 43 20 en
695 714 166 39 justering
881 725 41 20 av
943 715 66 30 den
1027 715 106 30 redan
1155 716 209 30 verkställda
1383 716 199 36 taxeringen
1601 716 54 31 för
1673 726 87 21 mer-

257 762 190 31 inkomster
467 764 109 30 under
596 763 39 31 år
659 766 94 29 1944.
774 764 119 31 Såsom
915 766 369 36 bevillningsutskottet
1306 767 133 36 uttalat,
1462 767 97 30 torde
1580 767 179 36 krigskon-

257 813 237 39 junkturskatt
519 815 154 30 däremot
697 815 75 30 icke
797 816 84 30 böra
904 819 134 33 uttagas
1063 816 56 31 för
1144 817 266 30 merinkomster
1436 827 74 20 som
1535 817 151 32 hänföra
1711 818 49 36 sig

256 864 51 30 till
328 865 50 30 tid
400 865 87 30 efter
510 866 81 29 1945
615 864 55 32 års
691 865 136 37 utgång.

298 916 14 29 I
333 917 341 30 överensstämmelse
694 918 79 30 med
792 918 67 30 vad
878 918 57 36 jag
954 927 47 21 nu
1023 917 124 38 anfört,
1169 927 99 21 avser
1286 919 56 36 jag
1362 922 48 27 att
1428 927 119 21 senare
1568 918 193 37 framlägga

254 965 128 39 förslag
402 967 51 30 till
472 966 203 38 förordning
697 977 57 21 om
774 967 404 37 krigskonjunkturskatt
1198 968 55 31 för
1271 968 39 31 år
1331 970 94 35 1946,
1447 969 168 30 avseende
1635 969 125 30 merin-

254 1017 152 31 komster
426 1017 109 31 under
555 1017 39 31 år
619 1019 94 35 1945,
736 1018 106 36 jämte
865 1019 129 36 förslag
1016 1019 49 30 till
1088 1019 447 36 avvecklingsföreskrifter.
1559 1020 108 30 Dessa
1691 1019 68 31 för-

255 1068 71 36 slag
347 1069 97 29 torde
467 1069 140 30 komma
631 1072 49 27 att
703 1069 10 30 i
736 1070 183 30 huvudsak
944 1070 110 36 bygga
1076 1070 45 36 på
1144 1071 57 29 det
1222 1070 219 30 betänkande
1464 1071 11 29 i
1498 1072 126 35 ämnet,
1651 1080 75 20 som
1749 1071 11 29 i

254 1118 179 31 december
460 1120 83 29 1944
569 1118 189 32 framlades
782 1129 42 21 av
852 1121 83 29 1944
960 1119 55 31 års
1042 1121 176 30 allmänna
1243 1120 302 31 skattekommitté.
1575 1121 184 36 Förslagen

255 1169 95 29 torde
373 1169 86 30 böra
483 1170 124 36 prövas
633 1179 43 21 av
705 1171 84 30 1946
813 1170 56 31 års
894 1171 149 37 riksdag.

297 1219 56 30 Ett
375 1219 483 37 slutavräkningsförfarande
878 1231 63 26 per
965 1222 66 29 den
1054 1222 38 30 31
1122 1222 180 30 december
1326 1222 84 30 1945
1435 1221 201 32 förutsätter
1658 1223 101 29 emel-

253 1269 108 35 lertid,
389 1273 49 27 att
461 1269 123 37 frågan
607 1280 58 20 om
689 1271 209 30 utfärdande
922 1282 42 20 av
988 1273 41 29 de
1055 1272 171 31 särskilda
1248 1272 217 32 föreskrifter
1488 1274 79 30 med
1592 1273 168 30 avseende

253 1319 20 31 å
297 1319 352 37 lagerinventeringen
677 1322 237 35 nyssnämnda
940 1323 74 36 dag,
1042 1331 74 22 som
1142 1322 58 31 må
1224 1322 160 31 befinnas
1412 1323 233 38 erforderliga,
1673 1333 86 27 upp-

253 1372 91 34 tages
369 1370 51 30 till
441 1371 170 37 prövning
634 1372 109 29 redan
763 1372 56 31 vid
841 1372 233 31 innevarande
1097 1372 55 32 års
1173 1373 150 36 riksdag.

297 1421 114 36 Enligt
437 1422 56 29 det
518 1421 129 38 förslag
673 1421 51 31 till
751 1422 257 31 bestämmelser
1033 1423 178 37 angående
1237 1424 318 36 lagerinventering,
1582 1434 75 20 som
1683 1434 76 21 cen-

253 1471 85 31 trala
358 1470 603 38 krigskonjunkturskattenämnden
981 1474 10 30 i
1014 1474 148 36 enlighet
1184 1475 78 30 med
1283 1475 56 30 det
1360 1475 177 30 nämnden
1557 1476 203 29 meddelade

252 1522 192 36 uppdraget
468 1522 170 37 framlagt,
664 1524 97 31 skola
786 1523 348 38 bokföringspliktiga
1159 1525 251 37 skattskyldiga
1433 1525 11 30 i
1470 1525 205 31 inventariet
1699 1535 61 27 per

255 1571 66 30 den
348 1572 39 29 31
416 1572 180 30 december
625 1574 83 29 1945
742 1573 254 39 (motsvarande
1021 1575 294 40 räkenskapsdag)
1349 1576 125 36 angiva
1500 1576 258 37 anskaffnings-

256 1622 116 30 värdet
397 1622 21 30 å
440 1623 240 36 inneliggande
704 1633 101 21 varor
827 1625 90 35 eller,
943 1634 56 21 om
1022 1625 192 37 dagspriset
1239 1626 57 30 vid
1321 1626 308 31 bokslutstillfället
1661 1626 97 40 (åter-

255 1673 374 40 anskaffningsvärdet)
662 1675 39 29 är
726 1675 101 36 lägre,
854 1675 213 31 sistnämnda
1093 1676 113 30 värde.
1233 1676 125 31 Vidare
1383 1677 98 32 skola
1507 1678 41 30 de
1574 1678 183 37 skattskyl-

253 1724 77 36 diga
354 1734 83 22 vara
461 1725 142 37 pliktiga
628 1729 49 27 att
701 1725 69 33 låta
793 1726 203 30 inventariet
1018 1727 79 30 med
1123 1727 168 31 avseende
1314 1727 20 31 å
1358 1729 74 30 däri
1458 1731 178 34 upptagna
1659 1738 99 21 varu-

253 1775 205 31 kvantiteter
481 1776 179 37 bestyrkas
687 1786 42 21 av
753 1776 57 32 två
834 1776 12 31 i
871 1776 258 38 inventeringen
1154 1778 204 36 deltagande
1381 1787 174 27 personer.

296 1851 80 30 Som
403 1851 58 38 jag
488 1851 246 36 inledningsvis
761 1851 125 36 anfört,
917 1853 39 29 är
981 1853 407 36 varulagervärderingen
1414 1863 43 21 av
1482 1853 278 37 utslagsgivande

251 1901 172 36 betydelse
442 1902 55 31 för
513 1901 586 37 krigskonjunkturbeskattningen.
1119 1903 227 36 Uppgifterna
1364 1914 57 21 om
1438 1904 321 37 lagervärderingen

252 1953 95 29 torde
369 1952 122 30 hittills
514 1953 88 32 hava
627 1954 133 29 lämnat
781 1953 138 36 mycket
942 1954 108 35 övrigt
1074 1957 49 27 att
1147 1955 119 35 önska,
1292 1955 64 30 och
1381 1954 115 37 någon
1520 1956 130 36 verklig
1674 1956 83 29 kon-

251 2003 78 30 troll
361 2005 83 29 över
472 2003 321 36 lagervärderingen
822 2004 65 30 har
918 2004 76 30 icke
1024 2005 133 30 kunnat
1187 2005 230 36 genomföras.
1452 2006 100 30 Detta
1584 2005 175 37 förutsågs

251 2053 189 31 emellertid
465 2054 105 30 redan
593 2054 58 30 vid
676 2053 197 31 införandet
897 2065 42 21 av
962 2054 586 38 krigskonjunkturbeskattningen.
1573 2056 64 38 Jag
1662 2057 97 30 torde

252 2102 144 32 sålunda
417 2103 38 32 få
475 2104 111 32 erinra
608 2114 57 21 om
686 2104 77 31 mitt
781 2105 159 36 yttrande
962 2106 9 30 i
990 2106 259 36 propositionen
1268 2116 41 21 nr
1331 2108 18 29 2
1373 2106 51 30 till
1448 2108 83 29 1940
1552 2106 56 32 års
1630 2107 128 30 urtima

252 2154 147 37 riksdag,
426 2158 49 27 att
499 2164 82 21 man
608 2156 81 30 med
715 2159 47 27 ett
786 2155 482 37 slutavräkningsförfarande
1292 2156 12 31 i
1330 2157 106 31 utsikt
1464 2157 115 32 kunde
1605 2158 57 30 vid
1692 2158 66 30 den

250 2203 106 38 årliga
376 2205 264 36 beskattningen
659 2206 84 36 nöja
763 2206 50 37 sig
834 2208 79 29 med
934 2216 43 20 en
995 2207 134 30 mindre
1149 2207 130 37 rigorös
1300 2207 219 39 tillämpning
1539 2218 42 21 av
1602 2209 42 30 de
1663 2208 94 36 prin-

250 2255 92 36 ciper
362 2265 83 21 man
467 2256 107 30 funne
597 2256 52 37 sig
669 2257 85 31 böra
776 2258 183 36 uppställa,
982 2257 104 31 vilket
1107 2268 80 20 vore
1208 2258 51 31 till
1282 2258 111 31 fördel
1417 2260 71 30 dels
1510 2259 55 31 för
1587 2260 42 30 de
1652 2260 105 29 skatt-

252 2306 168 36 skyldiga,
444 2306 20 31 å
489 2307 93 30 vilka
605 2308 139 30 mindre
769 2308 87 30 krav
879 2307 45 37 på
947 2309 187 36 utredning
1157 2313 117 32 syntes
1296 2310 122 30 kunna
1444 2310 119 30 ställas
1586 2311 11 29 i
1620 2310 43 30 de
1686 2311 71 28 sär-

252 2356 112 31 skilda
387 2357 119 36 fallen,
529 2358 72 30 dels
626 2357 57 31 för
706 2358 481 37 taxeringsmyndigheterna,
1210 2359 56 31 för
1289 2360 95 31 vilka
1412 2360 5 30 i
1440 2360 127 36 många
1591 2360 62 30 fall
1677 2360 80 29 full-

249 2407 165 35 görandet
438 2417 43 21 av
505 2408 239 36 skyldigheten
769 2412 47 28 att
842 2409 11 30 i
878 2410 104 36 detalj
1007 2411 150 35 granska
1184 2411 41 30 de
1251 2410 268 37 skattskyldigas
1542 2410 214 37 lagervärde-

250 2457 114 36 ringar
391 2467 45 23 m,
465 2468 45 23 m.
537 2459 266 31 underlättades.
832 2460 65 31 Vid
927 2460 497 37 slutavräkningsförfarandet
1451 2461 108 31 måste
1590 2461 166 36 däremot,
