1928 2820
620 176 229 28 Statsutskottets
872 179 146 28 utlåtande
1041 181 47 26 Nr
1112 183 47 26 16.
1637 187 18 27 0

209 247 120 30 Såsom
365 247 7 30 i
398 248 58 30 det
479 249 203 39 föregående
705 262 78 20 vore
808 254 125 37 nämnt,
958 253 86 32 hade
1071 255 153 32 Svenska
1249 257 405 34 Sockerfabriksaktieho-

154 288 90 40 laget
271 288 104 40 jämte
410 291 70 29 tolv
514 291 201 32 kommuner
748 296 43 38 på
824 295 150 31 Gotland
1011 298 104 29 utfäst
1150 298 52 39 sig
1235 301 48 28 att
1307 300 120 31 teckna
1451 301 127 41 borgen
1602 303 53 31 för

154 342 85 19 ovan
264 331 224 32 omförmiälda
511 334 144 31 statslån
680 347 18 18 å
725 337 131 36 150,000
879 338 133 30 kronor.
1061 339 155 32 Givotvis
1240 341 106 32 borde
1370 342 102 32 dessa
1487 346 166 37 garanter,

154 373 51 29 för
227 374 50 29 att
299 373 99 31 deras
422 375 196 31 utfästelser
642 377 96 30 skola
761 378 91 31 bliva
875 380 145 39 lagligen
1045 381 183 39 bindande,
1255 383 50 30 till
1322 384 332 39 riksgildskontoret

153 415 153 30 avlämna
330 416 168 31 särskilda
521 417 388 40 borgensförbindelser.
956 421 177 42 Härjimte
1157 424 106 31 borde
1287 425 176 40 lakttagas,
1489 430 49 28 att
1554 429 99 31 deras

152 456 217 40 ansvarighet
392 458 129 31 erhölle
545 460 129 30 formen
699 473 39 18 av
762 462 128 40 borgen
915 474 110 21 såsom
1051 465 51 30 för
1126 476 84 29 egen
1235 467 108 31 skuld.

204 497 119 39 Enligt
345 500 163 39 förslaget
532 501 109 31 skulle
659 502 155 40 bolagets
830 504 394 43 betalningsskyldighet
1240 509 51 29 för
1308 510 180 31 statslånet
1504 513 19 28 å
1538 512 115 36 65,000

151 539 126 31 kronor
300 540 133 31 inträda
456 542 87 31 först
565 543 57 30 vid
646 544 65 30 den
736 545 170 41 tidpunkt,
933 557 72 20 som
1029 548 213 41 fullmäktige
1266 550 186 32 bestiimde.
1492 553 160 31 Emeller-

151 581 50 30 tid
224 581 122 36 kunde,
382 583 85 30 efter
489 583 58 31 det
570 587 50 28 att
643 587 50 29 ett
716 586 109 41 dylikt
847 587 116 32 beslut
984 589 118 31 fattats
1125 601 40 20 av
1188 592 221 42 fullmäktige,
1434 594 144 37 inträffa,
1603 598 50 28 att

150 623 155 41 bolagets
339 624 222 32 ekonomiska
596 627 164 41 ställning
793 631 72 29 åter
898 630 228 32 försämrades
1155 633 64 30 och
1253 636 49 28 att
1331 635 138 40 bolaget
1491 637 50 30 till
1567 638 85 39 följd

150 665 102 31 därav
275 665 73 32 icke
371 667 115 31 vidare
510 668 84 40 ägde
618 670 151 40 förmåga
792 673 49 29 att
864 671 150 32 inbetala
1037 674 239 32 annuiteterna
1299 678 18 29 å
1340 677 100 31 lånet.
1487 679 16 30 1
1532 680 36 29 så
1592 680 57 30 full

149 707 107 32 borde
279 708 211 42 fullmäktige
514 711 128 31 erhålla
665 711 207 42 befogenhet
895 716 49 29 att
967 720 97 36 ånyo,
1089 716 87 31 dock
1201 718 121 31 endast
1345 719 52 31 för
1419 720 71 31 viss
1513 720 138 42 begrän-

150 749 60 31 sad
244 750 59 37 tid,
338 750 108 32 befria
479 752 137 41 bolaget
642 754 74 31 från
745 755 238 42 skyldigheten
1007 760 49 29 att
1079 759 183 31 verkställa
1284 762 106 30 ränte-
1425 762 63 31 och
1512 766 139 29 amorte-

147 791 202 41 ringslikvid
383 795 19 28 å
435 794 255 41 ifrågavarande
713 797 65 31 lån.
824 798 53 30 En
902 799 161 32 liknande
1086 801 175 31 föreskrift
1283 803 86 31 hade
1394 804 144 41 tidigare
1562 806 88 31 med-

148 834 110 31 delats
281 834 57 31 vid
361 836 213 41 regleringen
598 849 41 19 av
661 838 107 31 andra
789 840 280 42 järnvägsbolags
1094 843 101 31 skuld
1220 844 51 30 till
1295 847 121 30 staten.

200 875 124 32 Vidare
358 877 98 31 torde
491 879 188 40 stadgande
712 880 84 32 böra
829 882 174 32 meddelas
1039 895 54 19 om
1123 887 59 36 att,
1207 886 10 30 i
1241 886 164 32 händelse
1428 888 137 42 bolaget
1587 890 63 31 för-

147 919 107 30 sattes
277 918 10 30 i
311 918 151 32 konkurs
486 920 82 31 eller
591 921 120 32 trädde
734 923 11 30 i
768 923 201 32 likvidation
994 926 82 31 eller
1100 927 63 30 ock
1186 927 79 32 dess
1288 929 177 41 järnvägar
1481 931 168 32 försåldes

147 964 15 26 å
199 960 154 31 exekutiv
390 962 149 38 auktion,
575 963 66 31 den
676 964 55 31 del
764 977 40 19 av
838 966 42 31 de
910 968 55 29 två
993 979 66 29 nya
1083 970 199 38 statslånen,
1307 982 73 20 som
1405 972 43 31 då
1476 974 172 31 återstode

146 1002 159 40 ogulden,
330 1003 109 32 skulle
463 1015 100 21 anses
586 1016 79 20 vara
688 1009 120 38 genast
830 1008 156 32 förfallen
1010 1010 53 31 till
1086 1010 185 42 betalning.

199 1044 361 43 Utredningsmännen
584 1048 179 42 föresloge,
788 1052 50 29 att
859 1051 53 31 för
928 1051 58 31 det
1002 1053 222 40 nyreglerade
1240 1055 92 31 lånet
1344 1057 19 29 å
1376 1056 135 38 215,000
1523 1058 126 32 kronor

145 1085 107 33 borde
276 1088 88 40 gälla
387 1088 42 31 de
453 1088 268 42 bestämmelser,
746 1102 73 21 som
842 1093 74 31 från
940 1094 63 31 och
1028 1094 77 32 med
1129 1097 37 30 år
1191 1097 79 30 1923
1293 1097 218 42 tillimpades
1528 1100 10 31 i
1555 1100 93 42 fråga

145 1139 55 20 om
223 1129 56 31 lån
302 1130 74 31 från
400 1131 170 32 allmänna
591 1132 375 43 järnvägslånefonden.
1012 1136 155 33 Härmed
1191 1139 96 31 torde
1311 1141 128 40 åsyftas
1460 1141 42 32 de
1518 1142 11 31 i
1546 1153 100 21 mom.

147 1171 47 36 12,
221 1172 38 30 13
282 1172 63 31 och
371 1173 38 30 13
432 1184 40 20 av
495 1174 105 41 sagda
622 1175 261 33 bestämmelser
904 1178 278 34 förekommande
1207 1182 241 41 stadgandena.
1494 1184 76 32 Mot
1585 1186 63 31 för-

145 1213 109 40 slaget
276 1214 11 30 i
311 1214 112 32 denna
446 1215 55 32 del
524 1216 87 32 hade
634 1218 213 42 fullmäktige
871 1220 29 40 ej
925 1222 103 40 något
1051 1224 50 29 att
1125 1223 120 31 erinra.

196 1272 49 31 På
278 1274 111 40 grund
417 1285 40 20 av
489 1275 57 31 det
580 1277 143 31 anförda
756 1278 85 31 hava
873 1279 213 42 fullmäktige
1109 1281 184 40 hemställt,
1319 1286 49 29 att
1390 1285 128 42 förslag
1541 1288 104 30 måtte

143 1323 203 41 framläggas
369 1324 53 31 till
446 1325 181 42 riksdagen
645 1338 55 20 om
717 1328 169 42 reglering
901 1341 40 19 av
957 1330 156 42 bolagets
1130 1332 316 34 skuldförhållande
1464 1336 52 31 till
1534 1338 111 30 staten

143 1373 11 30 i
188 1374 152 41 enlighet
373 1375 78 31 med
474 1376 58 31 det
554 1388 40 20 av
618 1378 351 42 utredningsmännen
993 1382 143 41 avgivna
1159 1383 162 42 förslaget
1344 1385 78 31 med
1446 1386 41 31 de
1511 1398 39 20 av
1573 1388 73 31 full-

143 1423 148 42 mäktige
314 1425 180 32 förordade
518 1427 127 42 tillägg.

196 1483 247 43 Fullmäktiges
466 1485 128 43 förslag
616 1486 62 32 har
702 1487 183 43 tillstyrkts
909 1500 41 20 av
972 1491 70 40 väg-
1066 1491 54 31 och
1145 1494 434 42 vattenbyggnadsstyrelsen.

194 1533 357 43 Departementschefen
573 1537 62 31 har
657 1537 11 31 i
692 1539 140 31 ärendet
855 1540 112 32 anfört
989 1541 165 42 följande:

198 1593 35 30 »I
268 1593 57 32 det
348 1594 53 31 till
426 1595 79 32 1927
533 1597 53 30 års
610 1596 140 43 riksdag
771 1598 229 42 (proposition
1023 1612 41 19 nr
1088 1601 70 42 154)
1180 1603 194 42 framlagda,
1399 1616 41 20 av
1462 1605 181 43 riksdagen

141 1635 141 31 bifallna
315 1636 164 42 förslaget
513 1638 51 31 till
598 1639 219 43 avskrivning
849 1652 40 20 av
922 1642 70 31 viss
1016 1643 56 31 del
1095 1655 40 19 av
1158 1646 144 31 statslån
1327 1647 52 31 till
1411 1647 105 32 Slite
1544 1648 99 32 Roma

140 1677 355 43 järnvägsaktiebolag
517 1681 201 33 förutsattes
741 1683 52 31 för
815 1683 182 42 förslagets
1020 1687 276 39 genomförande,
1320 1691 50 29 att
1393 1701 41 19 en
1448 1701 193 31 gemensam

141 1720 308 43 trafikförvaltning
472 1722 109 32 skulle
605 1724 173 32 anordnas
802 1726 52 30 för
868 1726 224 42 järnvägarna
1113 1716 122 57 Slite-—
1248 1730 110 39 Roma,
1376 1732 266 33 Klintehamn—

140 1762 109 31 Roma
272 1763 64 31 och
359 1764 479 45 Klintehamn—Hablingbo.
884 1769 122 31 Denna
1028 1770 209 44 förvaltning
1259 1773 61 31 har
1336 1774 70 37 ock,
1426 1777 111 30 såsom
1551 1776 92 32 förut

140 1806 140 39 antytts,
315 1805 144 32 kommit
492 1807 52 31 till
578 1809 109 31 stånd.
734 1809 18 31 I
785 1810 146 32 berörda
953 1813 219 40 proposition
1195 1815 159 32 framhöll
1377 1812 265 51 departements-

139 1847 120 30 chefen
293 1847 211 33 beträffande
538 1850 407 38 Klintehamnsbanorna,
974 1856 57 37 att,
1057 1866 54 20 om
1147 1858 42 29 än
1217 1856 173 34 desamma
1413 1859 73 32 icke
1509 1861 52 31 för
1584 1861 58 32 det

140 1888 191 33 dåvarande
365 1891 98 31 stode
496 1891 90 33 inför
619 1893 302 43 nödvändigheten
955 1898 50 29 att
1037 1897 97 31 träda
1168 1899 11 30 i
1202 1899 211 40 likvidation,
1438 1902 127 43 förslag
1588 1904 54 31 till

139 1932 170 41 reglering
342 1944 40 20 av
416 1933 102 32 dessa
549 1935 197 42 järnvägars
781 1937 139 32 skulder
952 1939 53 31 till
1033 1942 113 29 staten
1174 1941 78 32 med
1276 1943 57 31 det
1356 1947 154 29 snaraste
1533 1945 106 33 borde

139 1974 229 32 underställas
392 1977 283 33 statsmakternas
698 1979 177 42 prövning.
910 1981 263 42 Ifrågavarande
1195 1984 196 43 järnvägars
1419 1987 221 33 ekonomiska

139 2016 164 42 ställning
325 2019 37 29 är
383 2017 202 43 visserligen
608 2020 208 33 fortfarande
840 2023 115 38 sådan,
980 2026 49 29 att
1044 2025 94 31 faran
1162 2026 53 31 för
1232 2027 408 45 Järnvägsaktiebolagets

139 2059 164 31 trädande
337 2059 10 31 i
381 2060 202 33 likvidation
611 2062 75 32 icke
720 2066 36 28 iär
779 2065 211 32 omedelbart
1014 2067 274 43 överhängande;
1313 2082 40 19 av
1377 2072 227 42 utredningen
1628 2074 11 31 i

137 2101 141 31 ärendet
311 2102 147 41 framgår
491 2105 200 39 emellertid,
727 2108 49 29 att
811 2109 87 29 trots
922 2107 64 32 den
1011 2120 254 30 gemensamma
1287 2109 351 51 trafikförvaltningen

137 2143 78 31 med
251 2143 239 33 Slite—Roma
511 2146 141 43 järnväg
676 2148 122 31 sådant
820 2150 144 31 resultat
987 2162 40 19 av
1050 2152 126 32 driften
1200 2155 19 29 å
1241 2154 398 35 Klintehamnsbanorna

137 2187 91 29 ännu
251 2186 109 31 under
386 2187 80 40 lång
488 2188 50 31 tid
561 2189 74 32 icke
661 2190 66 31 kan
750 2192 177 40 påräknas,
952 2195 49 29 att
1024 2193 137 43 bolaget
1185 2207 60 20 ens
1269 2197 52 31 till
1344 2199 111 40 någon
1480 2199 54 31 del
1552 2201 86 31 skall

136 2228 116 31 kunna
274 2229 146 41 fullgöra
443 2230 75 31 sina
540 2231 232 42 förpliktelser
794 2236 44 39 på
861 2235 109 41 grund
994 2247 39 20 av
1050 2238 199 31 statslånen.
1285 2239 68 32 Det
1369 2236 267 51 driftöverskott,

138 2281 72 20 som
239 2271 77 31 med
340 2283 193 29 gemensam
560 2275 307 43 trafikförvaltning
889 2277 98 32 torde
1010 2278 116 32 kunna
1148 2280 182 38 förväntas,
1355 2283 88 31 lärer
1465 2285 171 42 nämligen

136 2312 110 31 under
268 2314 169 42 åtskilliga
462 2317 36 29 år
522 2317 77 31 med
622 2317 45 31 all
692 2319 218 32 sannolikhet
931 2319 12 31 i
967 2320 52 32 sin
1044 2321 118 32 helhet
1177 2323 91 31 bliva
1284 2325 213 42 erforderligt
1519 2327 53 32 för
1587 2331 50 29 att

135 2355 144 31 försätta
302 2356 62 31 och
388 2357 173 32 bibehålla
583 2359 88 31 bana
695 2360 63 32 och
781 2362 156 31 rullande
960 2363 153 32 materiel
1136 2364 11 31 i
1170 2377 92 20 mera
1285 2368 233 42 trafikdugligt
1542 2370 95 32 skick

136 2399 42 29 än
203 2408 73 21 som
300 2398 109 32 under
432 2399 42 32 de
498 2404 136 29 senaste
659 2404 79 30 åren
762 2403 87 32 varit
871 2405 141 41 möjligt.
1058 2406 68 32 Vid
1150 2408 122 32 sådant
1298 2410 211 33 förhållande
1537 2413 98 31 torde

136 2450 77 20 man
248 2443 94 29 snart
364 2452 68 31 nog
455 2444 53 30 stå
530 2443 90 32 inför
643 2444 66 32 den
733 2446 218 38 situationen,
976 2450 49 29 att
1051 2449 157 41 bolagets
1232 2451 210 33 skuldbörda
1465 2455 94 31 vuxit
1583 2456 51 31 till

136 2482 105 31 sådan
276 2483 136 39 storlek,
437 2486 50 30 att
519 2486 202 33 likvidation
756 2488 66 32 blir
854 2489 204 43 nödvändig.
1104 2492 82 32 Med
1210 2493 132 43 hänsyn
1366 2495 115 32 härtill
1505 2497 62 31 och
1592 2498 43 31 då
