2251 2754
691 198 6 23 I

668 241 101 32 Stats-
784 232 174 48 Utskottets
963 238 165 32 Memorial
1149 236 63 31 N:o
1235 236 49 30 44.
1693 231 38 32 17

175 349 63 31 gen
264 335 137 32 bifallas.
449 331 112 33 Andra
584 332 203 31 Kammaren
811 330 57 31 har
891 329 118 31 bifallit
1034 329 94 30 dessa
1155 325 275 36 hemställanden;
1464 323 169 31 hvaremot
1656 321 119 32 Första

176 388 202 47 Kammaren
406 385 131 42 afslagit
563 385 166 30 desamma
757 382 61 32 och
846 381 119 31 bifallit
988 380 39 31 de
1051 380 9 30 i
1084 379 95 31 dessa
1202 377 141 43 punkter
1367 374 213 34 omförmälda
1603 374 170 31 motioner.

179 438 104 32 Äfven
318 438 94 31 dessa
445 437 111 41 frågor
589 438 103 28 måste
727 434 126 31 således
881 443 119 32 genom
1024 430 205 42 omröstning
1253 428 138 43 afgöras,
1415 426 60 32 och
1499 426 47 31 får
1569 424 173 32 Utskottet
1765 425 9 30 i

180 490 116 32 sådant
319 488 187 32 hänseende
531 487 120 31 föreslå
673 485 145 42 följande
842 481 425 44 voteringspropositioner:

320 564 32 28 a)
376 557 94 31 »Den
493 567 69 20 som
587 555 66 36 vill,
678 559 45 25 att
751 553 204 41 Riksdagen
972 553 31 28 åt
1032 550 118 30 aflidne
1174 546 359 43 Machin-ingeniören,
1557 544 152 31 Friherre
1733 542 41 32 G.

180 608 38 34 ÅA.
247 610 40 30 HL.
314 620 62 20 von
400 607 137 32 Diöbens
567 606 93 37 enka,
688 605 134 42 Hedvig
852 602 163 33 Adamina
1041 600 153 44 Eugenia
1222 611 62 20 von
1314 598 130 37 Däiben,
1471 596 78 32 född
1578 607 63 20 von
1664 594 111 44 Vege-

180 662 88 37 sach,
297 661 108 31 anslår
434 671 38 20 en
501 658 138 43 pension
669 657 34 31 af
726 658 61 29 400
814 656 88 37 R:dr,
931 659 47 26 att
1006 653 125 43 årligen
1160 654 89 40 utgå,
1277 653 35 29 så
1339 651 97 41 länge
1463 648 66 32 hon
1556 647 102 32 lefver
1685 646 91 42 ogift,

179 718 106 27 röstar

952 773 57 38 Ja;

325 848 74 31 Den
423 847 55 31 det
502 847 28 40 ej
556 845 67 38 vill,
646 848 106 28 röstar

948 909 79 42 Nej;

325 983 125 32 Vinner
472 982 75 41 Nej,
570 981 58 31 har
651 980 192 42 Riksdagen
867 980 72 31 icke
962 978 105 31 funnit
1091 977 71 32 skäl
1187 980 45 27 att
1257 976 62 30 den
1342 975 49 31 för
1414 972 152 33 bemälda
1589 972 84 31 enka
1695 972 87 31 före-

182 1038 115 41 slagna
319 1035 140 43 pension
482 1033 150 41 bevilja.»

324 1095 32 41 by
379 1094 93 31 »Den
507 1105 69 20 som
610 1092 68 38 vill,
713 1097 45 26 att
793 1090 192 42 Riksdagen
1020 1089 142 31 tilldelar
1189 1085 338 34 Kammarrättsrådet
1554 1082 32 33 C.
1596 1083 187 31 Printzen-

184 1148 112 32 skölds
321 1146 95 38 enka,
439 1145 106 31 Beata
568 1143 167 32 Christina
759 1141 265 38 Printzensköld,
1041 1141 84 33 född
1148 1138 203 45 Lagerberg,
1375 1137 103 32 under
1502 1136 121 31 hennes
1647 1136 138 36 återstå-

186 1199 83 32 ende
292 1198 103 32 lifstid
420 1208 39 21 en
484 1196 82 42 årlig
589 1195 140 43 pension
753 1195 34 30 af
807 1195 60 30 500
890 1193 88 37 R:dr,
1002 1197 105 27 röstar

959 1260 58 38 Ja;

329 1334 76 32 Den
429 1334 54 31 det
507 1333 28 42 ej
559 1332 68 38 vill,
649 1335 107 28 röstar

944 1398 77 41 Nej;

329 1471 127 31 Vinner
478 1469 74 38 Nej,
574 1469 59 32 har
656 1468 193 42 Riksdagen
872 1467 106 31 funnit
1001 1466 50 42 sig
1074 1465 73 33 icke
1170 1464 80 34 böra
1274 1463 215 33 omförmälda
1511 1462 278 44 pensionsbelopp

188 1523 148 42 bevilja.»

333 1592 78 30 18:o.
458 1589 165 42 Slutligen
657 1588 84 31 hade
775 1586 175 33 Utskottet
983 1586 8 30 i
1026 1587 99 29 31:sta
1157 1585 131 42 punkten
1324 1583 176 37 hemställt,
1528 1586 48 27 att
1597 1582 191 43 Riksdagen

190 1645 100 30 måtte
313 1641 124 41 bevilja
459 1640 214 31 Professoren
697 1637 76 33 Carl
798 1636 124 33 Gustaf
941 1636 233 41 Qvarnströms
1198 1635 94 38 enka,
1315 1634 143 32 Carolina
1480 1633 208 39 Qvarnström,
1711 1634 79 31 född

194 1694 160 36 Tivander,
379 1704 41 19 en
444 1692 82 42 årlig
549 1690 138 43 pension
711 1690 33 30 af
765 1691 60 29 600
848 1688 78 32 R:dr
950 1692 48 26 att
1019 1690 81 40 utgå
1122 1688 71 30 från
1217 1686 61 31 och
1301 1686 74 31 med
1398 1684 221 33 innevarande
1644 1687 50 29 års
1711 1684 79 31 bör-

184 1746 58 40 jan
276 1744 61 31 och
372 1745 36 30 så
441 1743 97 42 länge
573 1742 65 31 hon
667 1742 9 29 i
700 1740 188 32 enkostånd
923 1739 50 42 sig
1003 1738 149 32 befunne.
1199 1737 119 32 Denna
1345 1736 197 32 hemställan
1565 1741 35 25 är
1623 1736 33 30 af
1675 1733 115 33 Andra

193 1795 199 31 Kammaren
427 1793 195 32 oförändrad
656 1791 170 43 godkänd;
860 1790 170 32 hvaremot
1063 1789 119 32 Första
1215 1788 201 32 Kammaren
1449 1786 120 32 bifallit
1603 1787 187 31 densamma

193 1847 71 31 med
289 1846 64 31 den
376 1844 202 43 förändring,
603 1848 46 26 att
673 1843 56 31 det
753 1842 178 42 tillstyrkta
954 1840 316 44 pensionsbeloppet
1293 1840 166 31 nedsattes
1483 1838 50 31 till
1555 1838 62 30 400
1640 1838 86 31 R:dr.

333 1913 68 32 För
423 1913 131 43 frågans
579 1912 179 43 afgörande
781 1922 119 32 genom
925 1909 203 42 omröstning
1146 1909 57 46 får
1225 1907 175 33 Utskottet
1421 1907 121 31 föreslå
1563 1906 145 41 följande
1731 1917 57 20 vo-

192 1960 344 52 teringsproposition:
1372 1968 3 3 |

335 2033 94 31 »Den
452 2043 69 21 som
545 2032 67 37 vill,
636 2036 46 26 att
706 2030 192 42 Riksdagen
920 2029 139 41 beviljar
1082 2028 212 32 Professoren
1320 2026 36 33 C.
1382 2025 40 33 G.
1448 2025 232 41 Qvarnströms
1698 2025 93 37 enka,

193 2084 157 33 Carolina
374 2083 226 41 Qvarnström,
623 2082 78 31 född
724 2082 176 36 Tivander,
924 2092 39 20 en
987 2080 136 42 pension
1149 2080 33 31 af
1202 2081 60 31 6090
1285 2079 78 32 R:dr
1387 2078 135 42 årligen,
1550 2081 47 26 att
1619 2078 80 41 utgå
1721 2076 70 31 från

194 2136 61 32 och
279 2136 75 32 med
377 2135 221 31 innevarande
623 2136 49 29 års
696 2133 117 41 början
837 2135 61 29 och
922 2134 35 30 så
979 2132 98 42 länge
1100 2131 66 32 hon
1189 2131 9 31 i
1223 2130 183 32 enkostånd
1430 2129 49 42 sig
1502 2128 156 37 befinner,
1685 2132 106 27 röstar

966 2199 58 39 Ja;

338 2272 75 31 Den
437 2271 55 32 det
515 2271 28 41 ej
568 2270 67 38 vill,
658 2274 106 27 röstar

951 2326 81 43 Nej;

283 2396 72 31 Bih.
381 2395 47 32 vill
449 2394 110 32 Riksd.
584 2394 86 31 Prot,
696 2394 87 31 1868.
828 2393 19 30 4
871 2391 94 33 Saml.
1011 2392 17 30 1
1052 2390 74 46 Afd.
1172 2389 43 32 26
1237 2384 92 49 Häft.
1692 2388 18 31 3
