1872 2850
237 151 220 33 Sammansatt
481 152 108 31 andra
612 152 64 40 lag-
700 151 54 32 och
771 151 311 41 jordbruksutskotts
1104 151 169 32 utlåtande
1296 152 54 31 Nr
1373 154 29 28 6.
1553 153 15 29 1

758 531 68 42 Nr
853 532 39 42 6.

552 697 114 25 Ankom
687 696 41 24 till
748 695 171 33 riksdagens
938 696 92 25 kansli
1051 695 55 26 den
1127 695 33 26 13
1179 695 58 33 maj
1259 695 69 26 1932
1347 696 37 25 kl.
1406 696 31 25 11
1459 696 18 25 f.
1499 704 36 17 m.

298 858 177 33 Utlåtande
498 856 14 32 i
535 856 179 41 anledning
746 867 41 21 av
817 856 68 32 dels
908 856 122 41 Kungl.
1056 856 117 41 Maj:ts
1192 856 201 41 proposition
1416 857 70 31 med
1502 856 70 41 för-

491 911 72 40 slag
596 910 97 32 bland
725 913 104 29 annat
854 910 51 32 till
929 910 52 41 lag
1005 921 49 21 om
1077 909 143 41 ändring
1240 910 14 31 i
1279 909 295 33 arrendevillkoren

494 963 60 42 för
572 964 87 32 vissa
682 964 230 32 arrendatorer
934 975 41 20 av
997 963 224 33 ecklesiastika
1250 964 232 38 löneboställen,
1507 963 67 32 dels

505 1018 80 32 ocki
604 1020 106 30 ämnet
733 1017 115 32 väckta
871 1017 162 33 motioner.

120 1161 133 32 Genom
281 1170 44 21 en
353 1160 66 32 den
448 1160 39 31 29
516 1159 160 32 februari
706 1159 79 31 1932
812 1159 58 31 till
897 1159 193 36 riksdagen
1118 1158 194 32 avlämnad
1340 1158 230 37 proposition,

79 1224 42 21 nr
139 1215 68 37 155,
223 1214 124 31 vilken
363 1214 189 31 hänvisats
568 1213 58 32 till
644 1213 199 36 lagutskott
861 1212 65 32 och
943 1213 199 31 sedermera
1161 1212 56 31 för
1236 1212 218 36 behandling
1473 1214 96 29 över-

78 1267 156 32 lämnats
258 1267 57 32 till
339 1267 116 32 andra
477 1267 246 36 lagutskottet,
746 1266 69 31 har
837 1265 134 37 Kungl.
995 1265 120 37 Maj:t,
1139 1265 113 32 under
1276 1265 224 37 åberopande
1524 1275 46 20 av

78 1321 266 37 propositionen
365 1321 114 37 bilagt
501 1320 132 42 utdrag
655 1331 46 20 av
723 1319 389 37 statsrådsprotokollet
1136 1321 84 29 över
1241 1318 328 33 ecklesiastikären-

80 1375 77 36 den,
185 1375 187 36 föreslagit
400 1374 193 36 riksdagen
621 1375 53 30 att
702 1376 145 34 antaga,
874 1373 110 32 bland
1010 1374 122 36 annat,
1160 1372 160 37 följande
1349 1372 135 37 förslag
1513 1372 56 32 till

776 1481 102 41 Lag

280 1558 55 21 om
354 1550 146 35 ändring
518 1550 13 28 i
550 1550 316 28 arrendevillkoren
885 1549 54 28 för
956 1549 95 28 vissa
1070 1549 240 28 arrendatorer
1329 1555 43 21 av

565 1604 245 28 ecklesiastika
823 1603 266 28 löneboställen.

121 1668 222 37 Härigenom
365 1668 188 32 förordnas
574 1678 76 22 som
672 1667 121 38 följer:

788 1746 70 38 1$.

119 1820 19 32 I
157 1819 174 33 avseende
350 1821 22 30 å
390 1819 351 37 arrendeupplåtelse
760 1829 46 21 av
825 1818 241 37 löneboställe,
1085 1828 75 21 som
1178 1827 102 22 avses
1299 1817 13 32 i
1330 1818 18 30 1
1367 1815 19 39 $
1404 1817 167 32 ecklesia-

80 1873 72 32 stik
172 1873 304 37 boställsordning
497 1873 70 32 den
588 1874 19 31 9
627 1872 184 32 december
834 1873 79 31 1910
935 1872 64 32 och
1022 1881 75 22 som
1120 1874 40 29 är
1183 1870 253 32 utarrenderat
1459 1870 112 37 enligt

82 1927 276 32 föreskrifterna
380 1927 12 31 i
415 1926 258 37 förordningen
692 1926 69 32 den
784 1926 38 31 15
843 1926 197 35 september
1062 1925 78 31 1911
1161 1924 185 37 angående
1367 1923 205 32 utarrende-

81 1980 81 37 ring
187 1990 47 22 av
257 1980 288 37 prästerskapets
568 1979 266 37 löneboställen,
857 1980 59 30 må
939 1978 266 36 länsstyrelsen,
1228 1977 67 32 där
1318 1978 45 32 de
1385 1977 188 32 kontrahe-

79 2034 86 31 rade
188 2033 341 37 arrendevillkoren,
553 2032 79 32 med
656 2032 140 37 hänsyn
821 2032 57 31 till
902 2031 157 32 rådande
1084 2031 261 36 förhållanden,
1370 2031 122 31 finnas
1516 2031 55 30 för

79 2086 238 32 arrendatorn
338 2086 183 37 tyngande
543 2087 64 31 och
628 2085 59 33 det
709 2087 45 35 på
777 2084 118 38 grund
917 2085 113 31 härav
1050 2085 72 31 kan
1143 2086 152 35 antagas
1317 2086 97 30 möta
1435 2084 137 36 svårig-

80 2140 99 32 heter
201 2141 55 31 för
276 2140 116 32 denne
412 2142 53 30 att
488 2140 159 36 fullgöra
667 2139 79 32 sina
768 2138 236 33 förbindelser
1025 2138 112 37 enligt
1159 2138 136 32 avtalet
1316 2140 92 30 samt
1427 2138 47 31 då
1494 2137 77 32 skill

80 2193 126 32 därtill
233 2194 12 31 i
274 2194 121 36 övrigt
423 2196 64 29 äro
515 2193 64 31 och
607 2192 139 32 enskild
773 2195 74 29 rätt
876 2192 33 37 ej
938 2193 211 36 förnärmas,
1177 2192 92 32 efter
1298 2192 200 36 ansökning
1526 2201 45 21 av

80 2246 238 32 arrendatorn
340 2247 55 31 för
417 2246 99 32 tiden
539 2247 83 31 från
643 2246 64 31 och
729 2245 80 32 med
831 2245 229 32 arrendeåret
1081 2244 170 36 1932/1933
1272 2244 166 37 medgiva
1460 2244 111 32 sådan

80 2299 155 37 ändring
259 2300 13 30 i
297 2299 340 37 arrendevillkoren,
662 2301 53 29 att
741 2299 140 31 hälften
904 2309 46 20 av
971 2298 69 32 den
1064 2298 166 31 avtalade
1255 2298 317 36 arrendeavgiften

81 2352 93 32 efter
192 2351 165 36 priserna
378 2352 12 30 i
409 2352 70 31 litt.
499 2352 33 31 A
553 2352 12 30 i
586 2352 115 31 länets
721 2351 328 36 markegångstaxa
1066 2350 59 32 det
1146 2352 39 29 år
1206 2351 136 31 avtalet
1360 2350 122 32 slutits
1503 2360 69 21 om-

81 2405 132 31 räknas
230 2405 13 31 i
261 2414 44 22 en
323 2405 86 32 eller
429 2405 92 31 flera
538 2403 424 37 markegångspersedlar
981 2405 53 30 att
1053 2404 93 31 lösas
1162 2403 80 31 med
1260 2403 201 36 penningar
1480 2403 91 31 efter

82 2461 118 29 senast
219 2456 207 33 fastställda
445 2457 75 37 pris
538 2457 113 37 enligt
670 2457 69 31 litt.
777 2457 13 30 A
815 2456 5 31 i
838 2456 361 37 markegångstaxan.

126 2528 112 33 Bihang
260 2528 44 26 till
322 2527 162 33 riksdagens
501 2527 135 34 protokoll
657 2528 75 24 1932.
771 2528 17 24 9
807 2527 79 26 saml.
923 2528 17 24 3
959 2526 60 26 avd.
1066 2528 16 24 5
1101 2527 69 32 häft.
1210 2526 56 32 (Nr
1286 2526 38 32 6)
1523 2527 13 25 1
