2228 2632
476 199 58 30 104
872 199 362 42 Bevillningsutskottets
1259 199 211 31 Betänkande
1492 199 64 31 N:o
1580 202 50 28 17.

1136 422 80 42 VII
1244 422 98 41 Art.

702 546 63 34 Om
793 557 131 23 ansvar
945 545 69 43 för
1040 545 258 43 öfverträdelse
1325 545 51 44 af
1400 547 117 35 denna
1541 546 244 45 författning.

1180 665 45 34 53
1255 661 34 44 8.

567 746 57 36 Fel
657 747 88 35 eller
775 746 254 36 försummelse
1056 746 40 35 af
1119 747 158 35 embets-
1306 747 89 35 eller
1422 747 231 46 tjensteman,
1683 747 164 35 notarius
1875 746 170 49 publicus

432 797 87 34 eller
546 797 315 48 skeppsklarerare
889 797 62 35 vid
978 796 233 49 fullgörande
1231 797 39 35 af
1286 797 95 35 hvad
1402 797 114 47 enligt
1535 797 120 36 denna
1673 796 219 50 författning
1911 798 130 34 honom

433 847 149 46 åligger,
611 851 40 32 så
678 848 65 34 ock
766 847 253 36 försummelse
1048 847 39 35 af
1112 848 160 35 mäklare
1300 853 55 29 att
1381 847 95 36 förse
1503 848 39 35 af
1566 848 133 35 honom
1728 847 171 36 utfärdad
1928 848 116 35 hand-

432 897 78 47 ling
537 897 81 36 med
646 897 238 37 föreskrifven
913 899 152 47 stämpel
1094 910 106 24 anses
1228 897 92 36 efter
1347 899 134 34 allmän
1508 899 70 46 lag.

1184 1052 45 34 54
1257 1049 33 44 8.

570 1153 30 33 1.
657 1150 91 44 Den,
790 1163 78 22 som
910 1149 161 48 utgifver
1113 1152 114 41 vexel,
1269 1151 208 46 anvisning,
1516 1151 199 46 invisning,
1749 1151 188 47 handling,
1968 1164 77 22 som

437 1201 200 35 innefattar
664 1201 167 48 uppdrag
857 1213 61 23 om
945 1201 226 46 inkassering
1197 1200 39 36 af
1260 1201 203 48 penningar
1490 1202 65 35 och
1583 1208 96 29 emot
1708 1202 107 35 hvars
1838 1201 208 36 företeende

437 1252 86 35 eller
563 1251 226 36 aflemnande
830 1251 188 47 betalning
1056 1251 153 43 fordras,
1238 1252 173 46 qvittens,
1440 1265 89 28 som,
1557 1251 57 36 för
1641 1253 226 45 inkassering
1894 1252 40 35 af
1957 1265 88 34 pen-

436 1303 132 47 ningar
606 1314 132 35 genom
770 1315 119 22 annan
918 1315 129 35 person
1075 1310 45 27 än
1147 1301 330 48 fordringsegaren,
1504 1301 82 36 från
1614 1315 43 22 en
1686 1308 58 29 ort
1770 1303 56 34 till
1854 1315 44 23 en
1926 1315 118 23 annan

431 1352 199 44 försändes,
671 1354 89 34 eller
796 1353 102 35 bevis
939 1366 59 22 om
1038 1353 204 46 insättning
1278 1356 20 32 å
1326 1352 385 49 depositionsräkning
1738 1353 67 36 hos
1832 1353 97 35 bank
1958 1354 87 35 eller

433 1403 130 35 bankir
589 1404 88 35 eller
705 1407 20 31 å
751 1403 307 48 kapitalräkning,
1087 1404 89 35 eller
1203 1407 115 32 såsom
1348 1403 287 48 fordringsbevis
1660 1405 180 34 utlemnar
1860 1403 183 36 bodmeri-

434 1454 90 43 bref,
566 1453 343 48 förpantningsbref
944 1454 87 35 eller
1069 1453 214 36 skuldebref
1319 1459 88 30 utan
1450 1459 53 30 att
1535 1453 133 36 dervid
1696 1453 95 36 förse
1819 1454 223 47 handlingen

433 1504 79 35 med
555 1504 154 47 stadgad
750 1505 165 46 stämpel,
957 1507 37 33 så
1034 1504 64 35 ock
1132 1504 81 44 den,
1248 1517 76 23 som
1354 1503 196 37 öfverlåter
1576 1505 89 35 eller
1692 1505 56 35 till
1775 1504 268 48 godkännande

432 1556 87 34 eller
559 1555 188 46 betalning
785 1554 136 36 företer
962 1558 19 32 å
1014 1555 138 35 utrikes
1180 1561 56 29 ort
1263 1554 171 36 utfärdad
1463 1556 115 42 vexel,
1608 1555 205 47 anvisning,
1843 1555 198 48 invisning,

432 1605 110 35 sådan
570 1605 187 47 handling,
785 1604 252 37 innefattande
1065 1605 167 48 uppdrag
1258 1619 60 22 om
1346 1606 240 46 inkassering,
1614 1606 88 35 eller
1720 1606 129 35 sådant
1868 1606 172 46 qvittens,

432 1669 75 22 som
536 1655 108 36 ofvan
674 1663 113 40 säges,
816 1660 90 31 utan
933 1661 54 30 att
1015 1656 223 46 handlingen
1266 1663 40 28 är
1333 1655 83 36 med
1444 1655 237 36 föreskrifven
1706 1657 152 46 stämpel
1879 1655 160 44 försedd,

432 1706 91 36 skall
557 1706 85 35 böta
668 1707 52 35 tio
747 1709 139 43 gånger
913 1706 68 36 den
1009 1706 143 36 felande
1181 1708 199 46 stämpelns
1407 1706 146 48 belopp;
1582 1706 93 36 dock
1702 1720 84 22 vare
1815 1706 136 36 minsta
1978 1706 62 35 bot

431 1756 71 36 fem
532 1757 144 35 kronor.

566 1809 32 33 2.
655 1807 87 42 Den,
784 1819 76 23 som
895 1808 179 34 utlemnar
1100 1807 212 48 obligation,
1341 1813 88 29 utan
1459 1813 52 29 att
1538 1807 128 35 dervid
1694 1807 95 35 förse
1817 1807 221 47 handlingen

432 1857 81 36 med
540 1857 154 47 stadgad
724 1858 165 46 stämpel,
918 1858 88 35 eller
1031 1857 91 36 efter
1149 1857 69 36 den
1252 1861 12 31 1
1298 1857 205 48 september
1534 1859 96 34 1894
1658 1858 12 34 i
1697 1858 96 35 riket
1818 1857 98 36 inför
1943 1858 12 34 i
1980 1864 57 29 ut-

430 1908 124 35 landet
581 1907 166 47 utgifven
774 1907 212 46 obligation,
1016 1914 85 29 utan
1132 1913 54 30 att
1212 1908 98 35 inom
1340 1911 76 32 åtta
1444 1908 112 47 dagar
1583 1907 93 36 efter
1702 1908 61 35 det
1789 1908 248 46 obligationen

430 1959 10 34 i
475 1958 94 35 riket
595 1958 195 35 inkommit
817 1957 95 36 förse
939 1958 209 35 densamma
1177 1958 80 35 med
1286 1959 166 47 stämpel,
1481 1959 86 35 eller
1595 1959 66 34 ock
1685 1958 135 46 jemväl
1849 1960 93 33 etter
1969 1959 69 34 den

434 2011 16 32 1
486 2008 205 48 september
721 2010 93 34 1894
843 2008 158 43 belånar,
1029 2008 168 47 försäljer
1223 2010 87 34 eller
1337 2012 46 45 på
1411 2009 93 35 hvad
1533 2015 71 29 sätt
1632 2009 61 35 det
1721 2022 85 22 vara
1833 2012 59 32 må
1919 2008 119 36 öfver-

430 2060 91 34 låter
561 2060 10 33 i
614 2058 166 36 utlandet
821 2058 167 46 utgifven
1021 2059 211 47 obligation,
1266 2064 86 30 utan
1382 2064 54 30 att
1464 2059 221 47 handlingen
1715 2066 39 28 är
1781 2058 146 36 försedd
1957 2059 81 35 med

430 2108 239 36 föreskrifven
712 2109 152 47 stämpel
905 2109 87 35 eller
1032 2109 110 36 sådan
1184 2110 221 47 påteckning
1436 2109 39 35 af
1499 2110 203 47 magistrat,
1731 2122 75 23 som
1836 2110 67 35 här
1930 2109 106 36 ofvan

430 2159 116 35 under
572 2159 174 35 rubriken
775 2158 201 47 obligation
1004 2160 10 34 i
1044 2162 19 33 8
1092 2158 23 45 &
1143 2159 242 43 omförmäles,
1415 2161 89 34 skall
1532 2160 85 35 böta
1643 2159 129 36 femtio
1801 2163 139 45 gånger
1968 2160 69 35 den

429 2213 21 32 å
481 2209 224 46 handlingen
739 2209 198 48 belöpande
969 2211 196 46 stämpelns
1194 2211 148 47 belopp;
1372 2210 91 35 dock
1491 2223 83 22 vare
1603 2211 133 34 minsta
1765 2211 63 34 bot
1854 2210 183 47 tjugufem

429 2260 145 35 kronor.
