2338 2708
396 236 110 32 Andra
534 235 203 32 Kammarens
767 230 168 43 Tilljälliga
964 229 128 30 Utskotts
1116 226 77 41 (N:o
1215 226 35 39 2)
1280 223 162 31 Utlåtande
1467 220 60 31 N:o
1550 222 53 28 20.
1762 220 17 26 d

355 323 99 36 Hvad
483 335 47 23 nu
556 322 86 35 först
671 320 211 35 vidkommer
909 317 67 34 den
1004 314 55 36 del
1087 313 37 35 af
1148 311 234 36 motionärens
1410 305 217 45 hemställan,
1647 316 72 22 som
1734 304 93 33 afser

206 373 300 48 Krigshofrättens
533 370 221 47 indragning,
769 370 38 34 så
820 372 38 30 är
873 368 114 33 denna
1002 366 99 43 fråga
1116 363 75 35 icke
1207 375 55 34 ny,
1282 365 84 31 utan
1380 359 106 35 hafva
1505 356 129 42 förslag
1656 367 8 21 +
1679 353 149 36 berörda

202 425 91 48 syfte
332 424 116 36 blifvit
478 423 90 35 inom
611 418 318 50 representationen
956 414 219 37 framställda
1201 412 55 35 vid
1286 411 83 35 flera
1395 407 207 47 föregående
1630 405 195 44 riksdagar;

204 476 67 36 och
310 476 67 35 den
409 477 20 32 8
457 473 102 48 April
594 473 88 34 1857
718 470 102 35 afläto
850 468 121 34 Rikets
998 467 44 33 då
1082 462 206 37 församlade
1317 459 146 36 Ständer
1492 457 53 35 till
1571 455 129 46 Kongl.
1728 453 100 46 Maj:t

204 525 216 46 underdånig
460 522 180 37 skrifvelse
682 521 76 34 med
797 518 176 38 anhällan,
1007 519 49 31 att
1083 514 130 45 Kongl.
1241 511 100 46 Maj:t
1367 510 132 34 täcktes
1527 511 80 40 taga
1635 506 10 33 i
1672 505 157 35 öfvervä-

205 577 125 47 gande,
369 573 173 37 huruvida
582 572 29 46 ej
646 569 284 47 Krigshofrätten
972 566 116 34 kunde
1120 563 109 35 varda
1269 561 178 44 indragen,
1476 557 64 35 och
1568 557 77 34 dess
1674 552 155 48 göromål

205 626 242 48 öfverflyttade
487 624 44 47 på
571 623 42 34 de
653 620 112 46 öfriga
803 618 228 35 IHofrätterna
1071 614 77 35 med
1190 610 222 48 iakttagande
1445 608 37 35 af
1510 606 91 35 hvad
1631 606 52 34 för
1711 602 120 48 dylika

207 678 87 35 måls
335 675 211 45 behandling
587 673 11 34 i
638 670 128 46 Kongl
795 669 115 46 Maj:ts
953 667 133 44 Högsta
1119 662 157 37 Domstol
1307 666 38 31 är
1377 657 228 37 föreskrifvet.
1663 654 169 36 Häröfver

211 727 198 37 infordrade
436 723 130 48 Kongl.
594 722 99 47 Maj:t
720 719 240 45 underdåniga
990 714 201 38 utlåtanden
1218 713 29 47 ej
1270 712 132 35 mindre
1430 709 37 36 af
1483 706 285 48 Krigshofrätten
1787 708 46 30 än

212 779 37 36 af
284 778 113 46 öfriga
422 776 229 36 Hofrätterna
682 772 64 35 och
783 771 133 45 Högsta
944 766 211 45 Domstolen,
1184 764 120 35 hvilka
1331 760 170 46 samtliga,
1541 758 77 35 med
1655 756 179 44 undantag

211 830 39 35 af
286 829 92 36 Göta
416 827 153 43 Hofrätt,
610 823 168 48 afstyrkte
818 821 68 35 den
925 819 204 45 ifrågasatta
1170 813 255 46 indragningen
1456 810 37 36 af
1530 807 306 47 Krigshofrätten;

213 880 66 36 och
318 878 196 36 förklarade
554 875 11 34 i
592 873 188 45 anledning
811 870 104 36 häraf
940 868 128 46 Kongl.
1096 866 100 46 Maj:t
1222 865 58 34 vid
1308 863 159 36 ärendets
1494 857 247 47 föredragning
1768 856 68 34 den

217 933 16 32 1
275 928 169 37 Februari
487 927 93 35 1859
623 925 67 34 den
729 920 241 46 underdåniga
1013 916 207 37 skrifvelsen
1259 915 29 46 ej
1330 911 179 37 föranleda
1547 910 118 45 någon
1705 906 132 46 åtgärd.

213 980 205 36 Sedermera
442 978 107 35 hafva
576 976 41 35 de
649 974 51 35 för
732 971 217 48 granskning
979 969 38 35 af
1045 966 130 46 förslag
1203 965 53 35 till
1283 963 148 36 särskild
1458 960 160 45 strafflag
1646 958 52 35 för
1724 955 114 47 krigs-

215 1031 143 36 makten
396 1028 142 36 utsedde
566 1024 222 44 komiterade,
819 1022 52 35 uti
902 1019 144 48 afgifvet
1077 1016 182 37 utlåtande
1286 1015 95 35 öfver
1408 1016 128 32 tvänne
1562 1010 94 35 inom
1682 1002 156 56 Justitie-

216 1083 270 48 departementet
512 1076 203 37 utarbetade
748 1072 207 38 alternativa
981 1069 131 46 förslag
1143 1067 53 35 till
1222 1063 262 49 rättegångslag
1511 1061 53 35 för
1590 1058 250 48 krigsmakten,

218 1133 53 35 till
311 1130 197 47 antagande
548 1127 170 47 tillstyrkt
758 1126 56 35 det
854 1123 38 36 af
929 1122 98 35 dessa
1059 1118 141 47 förslag,
1236 1117 110 46 enligt
1383 1113 135 38 hvilket
1555 1109 286 48 Krigshofrätten

219 1183 112 37 skulle
371 1183 113 35 såsom
523 1179 166 35 öfverrätt
715 1176 58 35 vid
799 1173 239 48 krigsmakten
1077 1168 202 46 bibehållas,
1307 1166 65 37 och
1399 1166 11 35 i
1437 1162 188 47 anledning
1653 1160 100 36 deraf
1776 1159 67 35 har

216 1233 131 49 jemväl
378 1231 130 47 Kongl.
539 1229 100 47 Maj:t
669 1228 12 34 i
711 1225 251 45 sammanhang
989 1222 78 36 med
1093 1219 207 37 utfärdande
1327 1218 38 35 af
1387 1229 47 34 ny
1462 1213 160 45 strafflag
1649 1212 53 35 för
1729 1209 115 47 krigs-

223 1285 141 36 makten
390 1283 66 35 den
485 1283 42 34 11
557 1278 86 37 Juni
673 1280 94 33 1868
795 1288 126 35 genom
946 1273 129 47 nådiga
1102 1269 264 45 Förordningen
1393 1279 56 24 om
1475 1261 285 50 krigsdomstolar
1778 1259 68 37 och

220 1336 230 45 rättegången
489 1330 175 37 derstädes
705 1329 157 43 bestämt,
903 1328 51 33 att
992 1322 286 48 Krigshofrätten
1309 1318 91 37 skall
1431 1320 126 42 utgöra
1597 1306 248 56 öfverdomstol

222 1386 60 35 vid
307 1383 249 47 krigsmakten.

375 1434 70 35 Vid
488 1434 93 34 1868
614 1431 65 35 och
714 1431 92 34 1869
836 1429 101 34 årens
963 1425 182 45 riksdagar
1171 1423 65 34 har
1264 1420 37 36 af
1325 1418 158 37 enskilda
1509 1415 209 36 motionärer
1745 1412 102 46 fråga

226 1487 88 36 varit
340 1485 104 36 väckt
470 1496 55 23 om
552 1481 212 47 indragning
792 1479 38 36 af
853 1476 296 47 Krigshofrätten,
1175 1484 81 24 men
1284 1471 102 35 dessa
1412 1468 131 43 förslag
1571 1465 114 36 blefvo
1722 1474 126 34 genom

228 1540 123 34 Första
376 1536 233 36 Kammarens
636 1531 98 36 bifall
761 1530 51 35 till
841 1527 309 38 Stats-Utskottets
1176 1524 12 34 i
1215 1525 115 33 ämnet
1357 1520 134 46 afgifna
1508 1516 191 38 Utlåtande
1716 1515 67 36 N:o
1803 1514 48 34 26

227 1591 40 34 år
296 1590 93 34 1868
417 1586 65 36 och
509 1596 125 36 genom
661 1583 90 35 båda
776 1581 216 36 Kamrarnes
1022 1576 101 36 bifall
1149 1574 54 35 till
1230 1571 309 37 Stats-Utskottets
1565 1566 192 38 Utlåtande
1783 1564 69 36 N:o

226 1641 60 45 33,
313 1640 38 34 år
382 1639 92 34 1869
509 1635 167 47 afslagne.

380 1688 139 35 Samma
558 1685 129 46 förslag
726 1684 64 35 har
830 1682 38 36 af
904 1680 93 36 Herr
1028 1679 37 36 C.
1093 1677 28 36 I.
1152 1677 197 45 Bengtsson
1376 1684 125 36 genom
1531 1669 130 37 motion
1692 1667 10 35 i
1730 1666 124 36 Åndra

233 1741 224 43 Kammaren,
495 1738 66 36 N:o
602 1738 57 43 88,
698 1733 115 37 blifvit
852 1730 198 37 framstäldt
1089 1728 60 35 vid
1188 1725 235 37 innevarande
1461 1722 153 45 riksdag,
1642 1719 65 35 och
1745 1717 108 35 hafva

233 1792 219 45 Riksdagens
490 1789 90 35 båda
619 1786 153 36 Kamrar
812 1795 125 35 genom
970 1779 98 37 bifall
1095 1778 54 36 till
1175 1776 308 37 Stats-Utskottets
1509 1770 190 38 Utlåtande
1726 1768 66 36 N:o
1820 1769 33 43 4,

233 1843 157 48 punkten
418 1841 31 45 2,
468 1839 159 46 beslutat,
654 1840 50 32 att
734 1835 94 36 Herr
856 1834 38 35 C.
921 1832 28 35 I.
977 1832 214 45 Bengtssons
1224 1826 227 37 förevarande
1477 1823 131 36 motion
1634 1820 77 36 icke
1736 1819 58 35 må
1820 1817 39 36 af

234 1893 204 46 Riksdagen
463 1889 147 37 bifallas.

385 1942 125 36 Eburu
535 1940 203 45 Riksdagen
766 1935 147 38 sålunda
940 1934 108 35 redan
1075 1930 139 47 afslagit
1241 1929 104 35 väckt
1371 1925 130 47 förslag
1520 1927 50 33 att
1588 1921 171 38 definitivt
1773 1920 85 36 eller

237 1994 152 47 verkligt
426 1992 114 36 beslut
578 1990 114 36 skulle
731 1988 105 36 fattas
868 1986 128 44 derom,
1024 1986 51 33 att
1101 1979 286 49 Krigshofrätten
1426 1977 87 36 efter
1539 1972 236 38 innevarande
1802 1972 57 34 års

238 2047 133 46 utgång
398 2043 112 36 skulle
536 2042 173 45 indragas,
740 2040 39 35 så
804 2049 102 25 anser
937 2034 110 36 likväl
1073 2033 181 36 Utskottet
1279 2028 232 36 motionärens
1538 2025 129 45 förslag
1693 2035 56 24 om
1776 2021 83 36 aflå-

240 2096 103 36 tande
383 2094 37 36 af
449 2092 217 46 underdånig
696 2088 183 39 skrifvelse
910 2086 79 35 med
1020 2083 176 42 anhållan,
1224 2084 49 33 att
1299 2079 129 45 Kongl
1456 2077 99 47 Maj:t
1581 2075 134 36 täcktes
1741 2076 81 42 taga
1849 2071 11 35 i

242 2145 266 47 öfvervägande,
535 2156 55 23 om
616 2143 79 35 icke
734 2137 212 49 indragning
974 2135 37 37 af
1034 2132 287 48 Krigshofrätten
1347 2130 57 35 må
1429 2129 121 35 kunna
1577 2138 65 35 ega
1668 2136 86 34 rum,
1776 2134 85 24 vara

241 2198 142 47 förtjent
421 2195 38 36 af
494 2191 318 52 uppmärksamhet.
865 2188 71 36 Till
975 2187 77 35 stöd
1090 2185 53 34 för
1175 2195 44 24 en
1257 2181 108 36 sådan
1395 2177 223 51 uppfattning
1649 2175 127 36 tillåter
1808 2173 53 46 sig

242 2248 178 37 Utskottet
446 2249 50 33 att
522 2257 42 23 ur
590 2245 68 35 den
685 2243 38 36 af
746 2241 234 36 ledamöterne
1008 2237 12 35 i
1049 2237 95 35 1868
1171 2235 56 35 års
1253 2230 263 45 Stats-Utskott,
1542 2228 133 37 Herrar
1709 2225 40 37 E.
1772 2224 90 47 Key,

240 2298 132 36 Grefve
412 2295 111 38 Arvid
563 2295 116 41 Posse,
707 2294 38 36 L.
786 2293 31 35 J;
858 2290 134 44 Hierta,
1032 2286 82 37 Carl
1152 2285 189 43 Ifvarsson,
1371 2281 38 36 P.
1441 2281 38 36 O.
1506 2278 198 44 Hörnfeldt,
1730 2276 57 36 W.
1814 2274 48 36 M.
