2172 2640
637 165 343 33 Jordbruksutskotltets
1002 165 164 33 utlåtande
1188 166 54 32 Nr
1263 167 44 32 35
1329 166 40 32 B.
1721 168 42 31 28

205 243 87 36 hus-
333 243 70 37 och
445 244 441 49 fryshusanläggningar
913 245 110 47 hava,
1061 248 124 33 såsom
1214 244 414 51 departementschefen
1659 247 147 48 jämväl

204 294 215 49 framhållit,
449 296 84 36 från
561 296 100 37 olika
689 297 76 36 håll
793 297 297 48 anmärkningar
1131 297 233 36 framställts.
1421 296 81 38 Den
1531 311 49 23 nu
1610 297 11 37 i
1649 299 157 37 ärendet

203 346 219 50 förebragta
457 348 256 48 utredningen
740 361 70 36 ger
837 349 70 36 ock
933 349 65 36 vid
1026 349 150 36 handen
1204 354 56 32 att
1286 349 104 37 vissa
1418 363 47 22 av
1493 348 111 38 dessa
1633 351 172 36 anmärk-

202 397 139 50 ningar
380 400 97 36 varit
517 399 200 50 befogade.
773 400 196 37 Utskottet
1005 401 75 36 kan
1107 401 83 36 icke
1218 401 198 37 underlåta
1443 401 175 49 uttrycka
1647 403 67 36 sitt
1741 403 63 37 be-

203 450 188 49 klagande
419 451 127 37 härav.
593 451 109 37 Dock
730 451 105 38 torde
863 453 46 36 de
936 452 147 48 brister,
1112 465 82 24 som
1223 453 10 35 i
1262 466 71 23 ena
1357 453 90 37 eller
1465 453 118 36 andra
1603 455 205 37 avseendet

201 503 184 47 påvisats,
414 503 12 36 1
453 503 80 37 viss
575 506 88 34 mån
704 509 73 43 äga
813 504 59 36 sin
900 504 212 49 förklaring
1140 518 47 22 av
1216 505 72 36 den
1317 518 47 23 av
1392 504 186 37 kristiden
1606 506 201 48 påkallade

201 554 201 53 forcering,
439 554 122 38 under
589 555 127 36 vilken
744 555 176 37 arbetena
948 556 86 36 med
1060 556 290 49 ifrågavarande
1378 556 226 50 byggnader
1630 560 98 35 måst
1746 564 58 31 ut-

202 605 114 37 föras.
370 609 154 34 ÅAvenså
565 606 96 37 hava
702 608 167 48 givetvis
910 607 74 37 den
1024 608 120 36 under
1185 608 183 37 kristiden
1409 608 165 37 rådande
1615 609 190 38 allmänna

201 658 316 38 materialbristen
545 659 71 36 och
645 659 45 37 de
718 660 12 35 i
759 660 128 48 övrigt
914 673 277 36 ogynnsamma
1210 660 327 49 konjunkturerna
1557 661 83 36 icke
1659 661 146 38 kunnat

200 709 130 49 undgå
358 715 55 32 att
441 710 272 49 ofördelaktigt
741 710 157 38 inverka
925 712 124 49 ifråga
1077 725 60 23 om
1164 711 407 50 byggnadsarbetenas
1590 713 211 38 utförande.

330 762 55 37 De
413 776 52 22 nu
494 762 166 49 begärda
689 763 148 37 medlen
865 768 63 31 äro
957 768 168 32 närmast
1153 764 167 36 avsedda
1348 764 79 37 dels
1455 764 59 36 för
1541 765 185 37 täckande
1756 779 46 23 av

200 812 209 50 utgifterna
451 814 59 36 för
548 814 117 37 redan
706 815 149 36 utförda
874 814 166 48 arbeten,
1067 815 198 36 varibland
1293 815 104 37 vissa
1424 816 195 47 särskilda,
1649 830 46 23 av
1722 818 81 35 sak-

200 865 171 49 kunniga
411 869 124 33 såsom
577 866 246 49 erforderliga
852 867 165 37 ansedda
1045 866 537 50 brandskyddsanordningar,
1614 868 58 37 för
1699 869 103 37 vilka

199 916 155 37 arbeten
383 917 101 37 förut
512 918 181 37 anvisade
722 918 120 37 medel
869 919 100 36 visat
996 918 61 49 sig
1085 918 260 50 otillräckliga,
1376 920 78 36 dels
1483 920 70 36 ock
1573 920 59 37 för
1650 921 152 49 möjlig-

199 969 169 48 görande
397 982 47 23 av
471 969 101 37 vissa
600 970 483 50 kompletteringsarbeten.

328 1020 75 38 För
430 1021 242 37 bestridande
700 1036 47 22 av
776 1022 46 36 de
849 1022 116 37 redan
992 1023 151 36 utförda
1172 1022 177 38 arbetena
1374 1023 95 37 böra
1493 1018 123 42 medel
1634 1024 167 49 givetvis

199 1072 158 37 beredas
389 1073 71 37 och
488 1073 47 36 då
563 1073 45 37 de
635 1073 224 49 ifrågasatta
885 1074 337 49 tilläggsarbetena
1250 1088 47 23 av
1324 1075 254 49 utredningen
1605 1076 11 36 i
1645 1076 155 37 ärendet

199 1129 54 31 att
293 1124 112 37 döma
445 1125 83 36 icke
569 1125 105 37 torde
716 1126 130 36 kunna
872 1126 186 37 undvikas
1089 1132 93 31 utan
1211 1127 240 49 allvarligare
1479 1140 86 24 men
1594 1127 58 38 för
1679 1128 121 50 bygg-

197 1175 167 38 naderna
390 1177 12 35 i
431 1176 140 49 övrigt,
613 1177 69 36 har
722 1178 183 37 utskottet
936 1178 83 37 icke
1048 1178 125 36 funnit
1201 1184 116 30 annat
1344 1192 90 23 vara
1461 1183 56 32 att
1544 1184 95 44 göra
1667 1185 48 31 än
1744 1187 56 30 att

198 1227 152 37 förorda
377 1227 232 50 beviljandet
637 1242 48 22 av
713 1229 64 37 det
804 1243 50 22 nu
883 1229 169 48 begärda
1079 1229 346 50 tilläggsanslaget.

328 1279 131 37 Under
487 1280 238 49 åberopande
753 1294 46 23 av
827 1281 62 36 det
915 1281 159 36 anförda
1102 1281 216 37 hemställer
1345 1282 194 47 utskottet,

729 1372 55 31 att
823 1367 205 49 riksdagen
1069 1370 61 34 må
1171 1367 58 36 för
1269 1367 189 50 gäldande
1486 1381 46 24 av
1561 1369 235 38 återstående

598 1419 206 36 kostnader
845 1419 59 37 för
936 1418 244 37 anordnande
1208 1432 46 23 av
1282 1425 144 31 statens
1454 1421 341 49 spannmålslager-

599 1471 71 36 hus
699 1471 72 37 och
799 1471 152 47 fryshus
979 1473 125 34 såsom
1133 1471 118 48 utgift
1277 1471 59 36 för
1356 1471 290 50 kapitalökning
1664 1473 133 37 anvisa

599 1525 21 34 å
659 1522 234 49 tilläggsstat
934 1523 59 36 för
1033 1525 39 34 år
1114 1524 99 35 1920
1254 1529 54 31 ett
1342 1522 311 51 förslagsanslag,
1682 1525 116 49 högst

602 1575 201 46 1,300,000
832 1575 150 36 kronor.

326 1677 240 37 Beträffande
614 1681 115 33 sättet
770 1678 58 36 för
869 1678 169 36 medlens
1080 1678 244 36 anskaffande
1366 1680 107 36 torde
1514 1681 283 36 statsutskottet

196 1728 200 37 framdeles
423 1729 141 49 avgiva
591 1728 156 50 förslag.
1065 1733 7 7 "

327 1822 221 38 Stockholm
578 1823 71 36 den
681 1825 44 34 17
756 1837 99 23 mars
886 1825 108 35 1920.

659 1927 51 37 På
732 1927 414 49 jordbruksutskottets
1177 1932 159 45 vägnar:

758 2029 168 38 RAOUL
954 2030 279 37 HAMILTON.

393 2218 219 27 Närvaromde:
631 2227 30 18 se
681 2217 146 28 utlåtande
847 2226 32 18 nr
896 2217 36 26 35
950 2218 34 25 A.
