2194 2634
135 824 202 26 KEolonisternas

173 860 133 24 kreaturs-

172 894 134 32 lånefond.

204 930 66 46 [3.]

181 1344 104 24 Statens

154 1380 166 30 spannmåls-

142 1414 121 32 lagerhus
282 1416 46 23 och

175 1450 114 30 fryshus.

199 1485 68 46 [4]

165 1683 132 24 Utskottet.

413 155 40 31 22
801 157 347 33 Jordbruksutskottets
1172 157 167 33 utlåtande
1362 158 53 32 Nr
1437 159 42 32 35
1503 159 41 32 B.

902 240 55 31 att
983 235 206 49 riksdagen
1218 239 60 33 må

901 288 76 35 dels
1018 287 193 49 medgiva,
1255 294 54 30 att
1351 288 119 37 under
1497 292 41 33 år
1568 291 99 34 1920
1695 289 63 37 lån
1787 303 45 22 ur
1859 289 119 36 kraft-

770 338 409 48 ledningslånefonden
1220 342 62 33 må
1324 340 158 49 beviljas
1523 341 99 36 intill
1664 347 53 30 ett
1754 340 139 50 belopp
1932 354 46 23 av

769 390 205 47 2,500,000
1003 390 151 47 kronor,

900 443 75 35 dels
1016 444 64 34 ock
1117 446 123 33 såsom
1274 443 293 50 kapitalökning
1597 444 57 36 för
1682 445 125 35 denna
1836 444 92 36 fond
1957 447 20 33 å

768 493 238 49 tilläggsstat
1047 494 59 36 för
1144 497 42 33 år
1215 496 99 35 1920
1343 495 133 36 anvisa
1504 500 56 32 ett
1587 496 391 48 reservationsanslag

768 558 47 22 av
847 546 202 47 1,000,000
1078 546 150 36 kronor.

493 648 239 37 Beträffande
760 653 115 31 sättet
897 649 57 35 för
974 649 169 37 medlens
1163 651 247 36 anskaffande
1429 651 107 36 torde
1556 652 286 36 statsutskottet
1862 652 114 36 fram-

363 699 102 37 deles
494 699 140 48 avgiva
663 699 154 48 förslag.

491 821 74 48 3:o)
601 821 130 37 Under
763 821 236 49 hänvisning
1032 823 56 35 till
1116 823 74 36 vad
1219 824 188 36 utskottet
1435 824 118 37 under
1582 825 124 49 punkt
1734 827 21 34 8
1785 825 11 36 i
1825 826 65 35 sitt
1917 831 58 30 ut-

361 872 151 37 låtande
540 887 47 22 nr
615 874 47 35 35
693 874 32 35 A
754 874 140 46 anfört,
924 873 219 38 hemställer
1170 875 199 47 utskottet,

896 965 55 31 att
983 960 209 49 riksdagen
1220 964 61 33 må
1310 965 124 33 såsom
1464 962 294 49 kapitalökning
1787 963 58 36 för
1871 963 105 36 kolo-

766 1013 187 34 nisternas
995 1011 355 38 kreaturslånefond
1392 1015 21 34 å
1455 1013 217 49 tilläggstat
1708 1014 60 36 för
1805 1016 40 34 år
1875 1016 99 34 1920

765 1063 135 35 anvisa
929 1067 54 32 ett
1009 1064 395 49 reservationsanslag
1432 1078 47 22 av
1509 1066 165 47 100,000
1702 1066 152 36 kronor.

488 1164 242 37 Beträffande
753 1170 116 32 sättet
889 1166 57 36 för
967 1166 170 36 medlens
1158 1166 249 38 anskaffande
1427 1168 107 36 torde
1555 1169 283 36 statsutskottet
1860 1169 114 36 fram-

359 1216 100 36 deles
488 1216 138 48 avgiva
657 1216 155 49 förslag.

488 1337 75 48 4:0)
605 1337 129 37 Under
761 1339 126 48 punkt
916 1341 22 33 4
967 1340 68 35 har
1063 1340 144 48 Kungl.
1237 1340 109 49 Maj:t
1374 1341 196 49 föreslagit
1597 1342 205 48 riksdagen
1831 1348 56 30 att
1915 1342 59 36 för

357 1388 190 48 gäldande
577 1402 47 23 av
653 1390 237 36 återstående
917 1391 209 36 kostnader
1154 1392 59 36 för
1241 1392 244 37 anordnande
1504 1406 47 23 av
1571 1398 145 31 statens
1736 1393 237 50 spannmåls-

356 1440 181 48 lagerhus
580 1441 71 36 och
694 1441 155 49 fryshus
883 1445 125 34 såsom
1037 1443 118 49 utgift
1183 1443 59 37 för
1270 1444 292 49 kapitalökning
1590 1445 134 36 anvisa
1753 1448 21 33 å
1802 1445 171 48 tilläggs-

356 1497 73 30 stat
458 1491 57 37 för
544 1495 40 33 år
616 1494 98 35 1920
744 1498 54 31 ett
827 1493 314 50 förslagsanslag,
1171 1495 115 48 högst
1316 1497 204 46 1,300,000
1550 1497 150 36 kronor.

485 1578 266 49 Utredningen
781 1581 202 35 återfinnes
1011 1581 11 35 i
1052 1581 427 49 statsrådsprotokollet.

485 1683 51 36 På
580 1683 286 49 framställning
903 1697 46 23 av
976 1684 145 48 Kungl.
1153 1685 108 48 Maj:t
1289 1685 189 50 beviljade
1509 1688 97 34 1917
1638 1689 58 33 års
1724 1687 160 48 riksdag
1912 1687 60 36 för

355 1738 40 33 år
437 1736 97 34 1918
570 1739 55 32 ett
651 1735 136 48 anslag
815 1748 48 23 av
891 1737 206 45 8,000,000
1126 1736 140 37 kronor
1295 1737 59 36 för
1381 1738 246 36 anordnande
1656 1751 46 23 av
1731 1739 239 48 spannmåls-

354 1787 180 48 lagerhus
563 1786 71 37 och
664 1786 168 50 fryshus.
880 1786 130 37 Härav
1038 1787 237 38 beräknades
1304 1791 22 34 2
1356 1790 22 34 å
1407 1792 21 34 3
1454 1790 176 48 miljoner
1648 1790 58 35 till
1725 1790 244 48 lagerhusen.

355 1837 138 37 Vidare
522 1838 192 36 anvisade
732 1838 208 49 riksdagen
967 1842 41 33 år
1040 1841 99 34 1918
1169 1840 58 36 för
1255 1840 266 38 fullbordande
1551 1854 48 23 av
1618 1841 47 36 de
1685 1841 287 49 anläggningar

354 1903 47 22 av
442 1890 404 48 spannmålslagerhus
886 1891 70 36 och
997 1891 169 49 fryshus,
1206 1892 104 36 vilka
1338 1893 218 48 igångsatts
1585 1892 85 37 med
1699 1893 196 37 anlitande
1923 1907 48 22 av

354 1941 267 36 ovannämnda
655 1942 59 35 för
746 1941 218 38 ändamålet
992 1955 46 23 av
1070 1945 96 34 1917
1198 1945 59 34 års
1285 1943 159 50 riksdag
1471 1944 181 37 anvisade
1681 1945 136 49 anslag
1844 1948 126 33 såsom

356 1992 117 49 utgift
501 1992 59 37 för
587 1993 293 49 kapitalökniog
907 1997 21 33 å
956 1994 238 49 tilläggsstat
1222 1995 60 37 för
1310 1998 41 33 år
1383 1998 98 35 1918
1509 1996 225 49 ytterligare
1764 1997 206 47 2,500,000

354 2044 149 36 kronor.
567 2044 75 37 För
686 2044 293 49 ifrågavarande
1025 2046 176 37 ändamål
1246 2048 99 35 hava
1391 2048 158 36 sålunda
1596 2047 168 37 anvisats
1810 2048 160 49 tillhopa

356 2097 228 47 10,500,000
613 2096 150 37 kronor.

482 2148 61 36 Nu
586 2148 294 49 ifrågavarande
915 2149 285 49 framställning
1229 2163 110 24 avser
1367 2151 214 48 beviljande
1610 2152 59 36 för
1688 2152 215 36 ändamålet
1924 2165 45 23 av

352 2205 52 30 ett
433 2200 224 49 ytterligare
685 2200 139 48 anslag
852 2203 21 34 å
904 2202 203 46 1,300,000
1135 2201 150 38 kronor.

481 2251 80 36 Mot
604 2251 46 37 de
683 2251 86 37 med
799 2252 192 37 anlitande
1021 2267 44 22 av
1094 2253 135 36 hittills
1257 2253 191 50 beviljade
1476 2254 123 37 medel
1628 2254 189 49 uppförda
1845 2254 124 49 lager-
