1906 2830
496 172 379 32 Jordbruksutskottets
897 173 177 31 utlåtande
1098 174 47 30 Nr
1173 174 48 29 36.
1594 170 17 29 3

96 259 50 26 att
172 256 427 37 amorteringsskyldighet
623 257 55 30 för
703 256 201 31 bostadslån
929 258 154 29 inträder
1109 258 106 29 redan
1241 258 79 30 med
1347 258 114 35 fjärde
1489 259 116 29 kalen-

97 305 135 31 deråret
254 307 87 30 efter
365 307 66 35 det,
456 306 45 31 då
524 306 93 31 lånet
640 307 169 36 beviljats.
835 308 174 29 Eftersom
1033 309 124 28 räntan
1182 308 55 30 för
1264 318 69 26 nya
1358 308 247 36 egnahemslån

96 356 145 30 allenast
266 357 181 30 fastställts
475 357 237 36 provisoriskt,
739 358 64 29 har
829 358 74 30 icke
927 358 108 30 heller
1060 357 113 37 någon
1199 358 69 30 fast
1293 359 312 36 amorteringsplan

98 406 134 31 kunnat
252 408 211 30 bestämmas
483 408 56 29 för
559 408 100 30 dessa
680 407 66 32 lån,

143 456 131 31 Chefen
298 457 57 31 för
379 457 391 37 finansdepartementet
793 459 65 31 har
883 460 68 30 den
979 461 37 28 17
1044 459 138 36 januari
1210 461 84 29 1940
1319 460 137 36 jämlikt
1484 460 123 36 Kungl.

99 506 118 37 Maj:ts
239 508 279 36 bemyndigande
540 509 68 30 den
630 510 20 29 9
672 509 137 36 januari
835 519 134 22 samma
993 509 39 31 år
1055 510 159 31 tillkallat
1238 514 50 27 tre
1311 511 219 36 sakkunniga
1554 511 55 30 för

98 560 49 27 att
171 557 96 31 inom
291 558 273 36 departementet
587 559 135 32 biträda
746 561 80 29 med
849 561 185 36 utredning
1058 570 43 20 av
1125 560 124 37 frågan
1273 571 58 20 om
1355 562 125 30 räntan
1505 561 20 31 å
1551 561 57 31 lån

97 606 80 31 från
202 611 129 28 statens
355 608 311 37 utlåningsfonder.
692 610 97 30 Efter
813 610 139 31 slutfört
976 612 159 36 uppdrag
1159 612 45 30 ha
1230 613 41 29 de
1297 612 219 36 sakkunniga
1541 613 68 29 den

98 658 42 29 20
163 658 182 31 december
369 660 83 29 1940
474 659 129 37 avgivit
624 660 220 31 betänkande
865 662 79 29 med
967 661 131 38 förslag
1120 661 10 30 i
1153 663 127 29 ämnet.
1304 657 90 36 Över
1416 663 191 30 betänkan-

97 708 57 30 det
176 709 64 29 har
261 711 48 28 ett
330 708 115 31 flertal
468 710 241 36 myndigheter
730 711 127 36 avgivit
880 711 203 31 infordrade
1106 711 214 31 utlåtanden.
1346 712 113 37 Enligt
1483 713 124 36 Kungl.

98 758 118 36 Maj:ts
236 759 113 31 beslut
369 760 67 30 den
459 761 39 28 14
519 770 94 21 mars
637 762 79 29 1941
740 762 65 29 har
826 763 55 29 det
901 772 42 20 av
965 763 43 29 de
1029 763 219 35 sakkunniga
1270 762 194 37 framlagda
1485 764 121 30 försla-

98 811 54 34 get
180 808 109 36 jämte
317 811 146 30 däröver
491 812 148 35 avgivna
669 811 203 31 utlåtanden
901 813 233 30 överlämnats
1164 812 50 31 till
1246 814 254 35 statskontoret,
1533 823 75 21 som

97 859 185 30 anbefallts
311 863 48 28 att
387 862 78 29 med
493 861 196 31 beaktande
715 872 43 20 av
786 863 41 29 de
854 863 237 36 sakkunnigas
1121 863 128 37 förslag
1277 863 51 31 till
1356 864 250 37 bestämnings-

95 909 152 37 grunder
267 910 56 30 för
344 920 44 21 en
408 912 238 30 normalränta
668 912 57 31 vid
747 914 67 29 den
835 913 135 36 statliga
992 912 202 37 utlåningen
1216 915 185 30 verkställa
1424 915 183 37 utredning

97 958 178 36 angående
304 960 266 36 möjligheterna
600 971 42 20 av
672 963 108 29 större
808 963 211 36 enhetlighet
1049 964 9 29 i
1087 964 262 36 utformningen
1378 974 43 20 av
1452 966 154 28 räntebe-

96 1011 263 31 stämmelserna
381 1011 56 31 för
460 1012 43 30 de
525 1012 136 37 statliga
683 1012 349 37 utlåningsfonderna
1054 1018 89 27 samt
1165 1014 181 32 inkomma
1369 1015 80 30 med
1473 1016 41 29 de
1538 1015 68 31 för-

97 1060 73 37 slag
194 1060 50 31 till
269 1060 206 32 förenklade
499 1063 118 36 regler,
643 1064 51 30 till
719 1064 94 30 vilka
838 1064 229 36 utredningen
1093 1065 117 30 kunde
1234 1065 191 31 föranleda.

142 1111 13 29 I
177 1112 164 30 skrivelse
363 1113 66 29 den
452 1113 39 28 21
512 1113 139 35 januari
677 1114 83 29 1942
780 1115 64 28 har
866 1114 356 37 egnahemsstyrelsen
1241 1116 129 30 erinrat
1391 1126 57 20 om
1469 1119 49 27 att
1540 1120 66 32 sty-

95 1162 111 30 relsen
229 1161 11 30 i
261 1162 303 32 remissutlåtande
587 1165 67 29 den
675 1165 42 30 26
739 1165 154 30 februari
920 1167 81 28 1941
1027 1167 82 29 över
1131 1166 234 31 omförmälda
1386 1167 221 31 betänkande

97 1213 185 36 hemställt,
310 1216 49 27 att
383 1213 56 31 det
463 1223 43 21 av
532 1215 42 29 de
600 1215 219 36 sakkunniga
844 1215 198 37 framlagda
1066 1216 165 36 förslaget
1256 1216 76 31 icke
1357 1216 107 31 måtte
1490 1217 116 31 föran-

96 1263 77 31 leda
191 1263 115 37 någon
325 1264 122 36 åtgärd
465 1265 80 31 från
567 1267 285 30 statsmakternas
871 1266 76 31 sida
965 1268 67 29 och
1054 1270 50 27 att
1122 1267 124 36 frågan
1266 1277 57 21 om
1343 1268 263 36 förräntningen

95 1323 44 21 av
157 1314 59 31 lån
235 1314 79 31 från
336 1316 41 29 de
398 1316 136 36 statliga
555 1316 348 38 utlåningsfonderna
924 1317 107 32 måtte
1052 1318 11 30 i
1084 1318 112 30 sinom
1217 1318 49 30 tid
1286 1319 230 30 underkastas
1537 1319 67 30 för-

97 1366 102 36 nyad,
222 1376 96 20 mera
341 1367 136 36 allsidig
497 1367 194 37 utredning.
715 1368 14 30 I
753 1368 174 30 avvaktan
951 1368 45 36 på
1018 1379 42 20 en
1084 1368 108 31 sådan
1215 1370 184 36 utredning
1422 1371 92 29 hade
1538 1373 67 33 sty-

96 1417 110 29 relsen
228 1420 140 27 stannat
387 1417 55 31 för
464 1421 49 27 att
534 1418 152 36 förorda,
709 1422 48 28 att
777 1419 223 36 principerna
1020 1419 56 30 för
1097 1420 263 36 förräntningen
1383 1429 41 21 av
1446 1420 58 31 lån
1526 1420 80 31 från

95 1468 401 35 egnahemslånefonden
523 1469 218 30 fortfarande
767 1469 69 31 tills
863 1469 117 31 vidare
1007 1470 189 30 bibehölles
1222 1470 244 32 oförändrade.
1493 1471 112 30 Emel-

95 1519 101 29 lertid
218 1519 91 30 hade
331 1519 165 36 styrelsen
517 1520 124 30 uttalat
663 1529 74 21 som
758 1520 52 30 sin
832 1520 236 36 uppfattning,
1091 1524 49 27 att
1160 1521 306 31 bestämmelserna
1488 1521 46 36 på
1555 1521 50 30 fö-

96 1570 190 29 revarande
306 1569 143 31 område
469 1569 76 31 icke
566 1571 118 35 längre
703 1571 107 30 borde
831 1571 46 30 ha
897 1571 214 36 provisorisk
1131 1571 176 31 karaktär.
1331 1572 116 30 Under
1468 1573 138 29 erinran

95 1622 50 28 att
165 1620 205 36 provisoriet
388 1621 10 29 i
419 1620 99 37 fråga
537 1630 58 21 om
612 1621 144 31 räntans
776 1621 264 31 bestämmande
1058 1621 198 32 bibehållits
1278 1623 86 29 även
1384 1622 222 31 beträffande

95 1671 259 36 egnahemslån,
381 1681 75 21 som
481 1671 190 36 beviljades
696 1672 111 30 under
833 1672 204 36 budgetåret
1066 1669 153 39 1941/42,
1246 1676 89 27 samt
1362 1673 110 30 under
1498 1673 106 31 fram-

96 1721 162 31 hållande
283 1725 49 27 att
359 1722 246 31 statskontoret
628 1723 95 30 ännu
747 1723 76 30 icke
846 1724 165 35 framlagt
1034 1723 104 36 något
1162 1723 131 38 förslag
1316 1724 10 29 i
1352 1724 186 37 anledning
1563 1734 42 21 av

96 1772 231 31 förenämnda
353 1773 373 36 utredningsuppdrag,
754 1774 65 30 har
847 1775 356 35 egnahemsstyrelsen
1231 1778 112 27 ansett
1371 1775 50 36 sig
1447 1785 46 21 nu
1520 1775 85 30 böra

96 1824 212 29 underställa
338 1823 122 36 Kungl.
490 1823 119 37 Maj:ts
640 1824 170 36 prövning
839 1824 123 36 frågan
992 1834 58 20 om
1078 1825 412 35 egnahemslåneräntans
1520 1828 84 27 stor-

96 1874 54 29 lek
172 1873 55 31 för
248 1874 95 30 tiden
366 1874 87 30 efter
474 1874 235 31 innevarande
731 1874 47 31 år.
804 1874 48 31 På
875 1875 148 31 anförda
1048 1876 75 30 skäl
1145 1876 65 30 har
1232 1877 165 35 styrelsen
1419 1877 184 34 hemställt,

96 1927 50 27 att
170 1924 123 36 Kungl.
318 1924 101 36 Maj:t
444 1924 107 31 måtte
576 1925 127 30 föreslå
727 1925 183 36 riksdagen
934 1928 50 27 att
1008 1924 72 30 dels
1105 1925 144 35 besluta,
1275 1928 49 27 att
1348 1925 257 36 egnahemslån,

96 1984 75 20 som
189 1974 88 30 efter
294 1974 170 37 ingången
482 1985 42 20 av
542 1975 64 36 juli
627 1976 82 28 1940
727 1975 160 36 beviljats
904 1976 82 29 eller
1005 1976 140 29 komme
1164 1978 49 28 att
1230 1975 155 36 beviljas,
1406 1977 111 29 skulle
1536 1976 69 30 för-

96 2026 117 30 räntas
231 2026 88 29 efter
336 2036 41 19 en
395 2026 69 30 fast
481 2026 152 30 räntefot
652 2035 43 20 av
713 2027 49 29 3.6
779 2029 152 33 procent,
950 2026 166 30 ävensom
1134 2026 210 36 bemyndiga
1362 2027 123 36 Kungl.
1504 2026 102 36 Maj:t

95 2079 50 27 att
168 2077 160 30 meddela
353 2076 218 30 föreskrifter
597 2077 9 29 i
631 2076 98 37 fråga
755 2086 56 20 om
837 2077 255 36 amorteringen
1118 2086 43 21 av
1184 2076 113 36 lånen,
1324 2076 72 30 dels
1423 2077 64 29 ock
1511 2078 93 29 med-

95 2127 87 35 giva,
206 2130 49 27 att
275 2127 221 31 beträffande
518 2127 256 36 egnahemslån,
797 2137 74 20 som
893 2128 87 29 efter
1002 2127 171 35 ingången
1196 2137 42 21 av
1260 2127 39 31 år
1324 2128 84 29 1920
1428 2137 80 21 men
1531 2128 75 30 före

95 2178 67 30 den
187 2179 13 28 1
225 2177 64 36 juli
314 2179 83 29 1940
417 2178 159 35 beviljats
599 2177 79 31 från
699 2177 411 36 egnahemslånefonden,
1132 2178 65 29 den
1221 2178 108 35 årliga
1350 2179 125 29 räntan
1497 2178 20 31 å
1539 2178 65 31 stå-

95 2229 88 29 ende
203 2228 55 30 del
278 2238 44 20 av
340 2228 100 31 lånen
465 2228 92 36 finge
578 2229 111 29 under
708 2228 82 30 åren
815 2229 81 29 1943
917 2229 66 29 och
1008 2228 83 30 1944
1112 2228 82 35 utgå
1214 2228 87 30 efter
1322 2229 49 29 3.6
1390 2232 152 32 procent.

139 2273 90 34 Över
259 2279 373 36 egnahemsstyrelsens
663 2278 256 35 framställning
950 2279 46 28 ha
1027 2278 327 30 remissutlåtanden
1387 2278 144 35 avgivits
1563 2289 42 19 av

94 2328 217 34 fullmäktige
333 2329 8 29 i
362 2328 223 36 riksbanken,
607 2328 217 35 fullmäktige
844 2328 9 29 i
875 2328 342 35 riksgäldskontoret,
1241 2329 255 32 statskontoret,
1520 2330 84 28 lant-

94 2378 275 35 bruksstyrelsen
394 2381 88 26 samt
508 2377 153 35 Sveriges
685 2378 347 30 lantbruksförbund.

140 2428 95 29 Efter
262 2429 215 33 redogörelse
504 2428 54 29 för
588 2427 183 31 innehållet
802 2428 5 28 i
838 2429 41 28 de
909 2429 6 28 i
946 2428 137 29 ärendet
1115 2427 144 35 avgivna
1290 2427 222 31 utlåtandena
1542 2429 63 29 har
