2204 2616
758 217 251 28 Bankoutskottets
1034 217 146 29 utlåtande
1204 218 45 28 Nr
1276 219 48 27 76.
1827 218 16 29 7

241 292 330 39 avdelningskontor
600 294 156 39 samtliga
789 295 233 40 styrelseleda-

241 339 110 28 möter
375 339 59 29 äro
459 338 178 31 tillstädes.

287 382 131 39 Uppstå
444 382 56 31 vid
518 383 98 30 dessa
635 384 294 38 sammanträden,
947 385 74 29 där-

240 425 57 31 vid
323 427 172 38 protokoll
515 427 87 30 skall
621 427 102 38 föras,
738 428 197 39 skiljaktiga
954 438 67 20 me-

240 470 132 39 ningar,
397 471 86 38 gälle
508 471 9 29 i
543 472 139 38 styrelse
706 472 77 29 med
801 472 84 30 flera
903 475 44 27 än
965 473 57 30 två

240 515 190 29 ledamöter
465 515 40 29 de
543 515 94 30 flesta
674 517 165 36 rösterna,
876 517 76 37 och,
978 516 44 30 då

240 558 99 30 dessa
377 560 59 28 äro
472 558 80 44 lika,
578 561 59 37 äge
663 559 233 31 ordföranden
921 562 100 37 avgö-

240 602 106 30 rande
383 604 78 28 röst.
510 602 67 31 Aro
606 603 58 30 vid
689 603 332 40 avdelningskontor

240 646 78 30 med
343 646 87 31 blott
454 646 56 30 två
536 647 333 39 styrelseledamöter
893 648 126 30 dessa
1001 642 21 48 i

240 690 114 39 någon
390 690 94 40 fråga
520 701 42 21 av
599 691 197 40 skiljaktiga
833 692 188 40 meningar,

239 734 205 41 hänskjutes
469 736 140 30 ärendet
632 736 52 30 till
709 736 224 40 fullmäktige.

285 780 105 29 Mom.
417 781 28 29 2.
494 780 68 31 För
582 781 171 39 prövning
775 790 42 22 av
835 781 187 40 utlånings-

240 824 151 29 ärenden
432 826 275 29 sammanträder
744 826 166 39 styrelsen
948 826 68 30 alla

240 867 245 40 söckendagar.
535 869 67 30 Om
632 870 185 39 styrelsens
841 870 180 31 beslutför-

240 912 58 30 het
331 913 87 38 gälle
453 914 66 29 vad
544 913 10 30 i
579 922 105 21 mom.
714 915 14 28 1
757 916 90 37 sägs;
874 915 65 29 och
964 914 58 30 må

239 956 240 31 låneansökan
515 957 28 40 ej
580 967 101 21 anses
718 958 152 38 bifallen,
901 958 120 31 såvida

239 1000 28 40 ej
284 1000 57 31 vid
357 1001 374 39 avdelningskontoren
746 1002 10 30 i
771 1002 170 40 Göteborg
955 1003 66 30 och

239 1045 129 30 Malmö
404 1049 49 27 tre
492 1046 189 31 ledamöter
717 1047 67 30 och
817 1047 58 31 vid
904 1047 118 39 övriga

240 1089 331 40 avdelningskontor
603 1091 160 39 samtliga
788 1092 233 39 styrelseleda-

240 1135 111 30 möter
375 1136 59 29 äro
459 1144 57 21 om
542 1135 146 31 beslutet
712 1145 93 21 ense.

585 1207 19 38 8
629 1207 51 30 56.

288 1259 106 31 Mom,
413 1260 45 29 1.
506 1260 49 30 De
585 1260 52 30 till
662 1261 184 39 styrelsens
871 1262 151 30 ledamö-

242 1306 50 28 ter
327 1304 168 38 utgående
520 1304 359 40 avlöningsförmåner
903 1309 121 36 uppta-

242 1356 59 31 gas
337 1347 10 30 i
384 1348 158 39 särskild,
579 1359 42 20 av
645 1349 183 39 riksdagen
854 1349 170 31 fastställd

242 1392 261 40 avlöningsstat.

288 1437 104 34 Mom.
417 1438 29 29 2.
496 1437 43 31 Så
556 1438 98 38 länge
671 1437 157 31 inkallad
841 1439 184 39 suppleant

242 1481 167 31 bestrider
443 1481 171 31 ordinarie
638 1482 171 31 ledamots
833 1482 191 40 befattning

208 1525 44 44 1
278 1526 177 40 styrelsen,
480 1526 131 41 åtnjute
635 1527 71 30 han
732 1527 56 30 det
812 1527 53 30 för
889 1528 65 30 den
972 1537 50 21 se-

242 1580 82 21 nare
349 1570 180 31 bestämda
554 1572 137 38 arvode,
709 1572 132 39 lämpat
858 1572 82 30 efter
957 1573 66 30 den

241 1614 61 39 tid,
327 1615 71 30 han
423 1615 10 30 i
451 1615 177 31 kontorets
645 1616 141 40 styrelse
804 1617 66 30 och
887 1616 137 32 förvalt-

243 1659 83 39 ning
350 1660 157 39 deltager.

586 1767 19 38 $
630 1768 51 29 57.

289 1829 105 30 Mom.
422 1830 26 29 1.
498 1830 48 29 De
571 1839 42 21 av
637 1829 234 31 riksbankens
887 1831 136 30 huvud-

243 1874 66 30 och
335 1873 347 40 avdelningskontors
706 1875 222 30 verksamhet
945 1875 77 30 här-

243 1918 153 40 flytande
420 1919 154 39 göromål
598 1919 214 39 handläggas
838 1929 42 21 av
905 1920 41 30 de
965 1919 58 31 vid

242 1962 93 40 varje
372 1963 125 30 kontor
526 1964 171 30 anställda
721 1964 210 40 tjänstemän
957 1964 66 30 och

243 2007 179 39 kvinnliga
451 2007 166 38 biträden,
642 2008 10 30 i
677 2009 346 30 överensstämmelse

244 2052 78 30 med
347 2052 158 39 gällande
528 2052 385 40 tjänstgöringsstadgar
934 2057 91 26 samt

243 2097 42 30 de
309 2106 43 21 av
370 2096 214 40 fullmäktige
601 2097 81 30 eller
699 2098 99 29 deras
816 2098 207 39 deputerade

243 2141 90 39 eller,
359 2140 53 31 för
435 2141 340 39 avdelningskontor,
801 2152 43 21 av
862 2143 76 29 dess
956 2145 68 37 sty-

243 2186 96 38 relse,
362 2186 253 30 verkställande
632 2187 296 39 styrelseledamot
944 2187 81 30 eiler

244 2230 379 31 kontorsföreståndare
637 2231 202 30 meddelade
852 2231 173 31 föreskrif-

242 2278 59 27 ter.

1062 297 125 30 kontor
1222 297 157 38 samtliga
1420 298 331 38 styrelseledamöter
1782 300 61 28 äro

1061 341 175 30 tillstädes.

1108 386 130 38 Uppstå
1263 385 57 31 vid
1339 386 97 29 dessa
1457 387 294 37 sammanträden,
1765 387 76 29 där-

1061 429 56 30 vid
1158 430 172 38 protokoll
1373 430 87 29 skall
1502 430 101 34 föras,
1644 430 196 40 skiljaktiga

1062 473 187 39 meningar,
1286 474 86 38 gälle
1398 475 40 28 de
1464 474 95 30 flesta
1585 476 164 36 rösterna,
1776 475 66 29 och

1061 517 44 30 då
1130 518 99 29 dessa
1254 519 60 28 äro
1340 517 80 38 lika,
1447 519 59 37 äge
1531 518 230 30 ordföranden
1789 528 57 20 av-

1060 562 150 37 görande
1235 563 81 28 röst.

1106 606 103 29 Mom.
1237 607 29 29 2.
1304 605 68 30 För
1397 606 170 39 prövning
1591 615 42 21 av
1651 605 189 39 utlånings-

1060 650 149 30 ärenden
1251 650 277 30 sammanträder
1567 650 165 39 styrelsen
1773 650 68 30 alla

1060 694 245 39 söckendagar.
1333 694 66 30 Om
1419 694 183 39 styrelsens
1616 694 227 30 beslutförhet

1060 738 86 39 gälle
1171 739 66 30 vad
1263 738 9 30 i
1299 748 104 20 mom.
1434 740 12 28 1
1475 740 92 37 sägs;
1586 738 66 31 och
1671 739 57 29 må
1746 738 98 31 låne-

1060 783 159 30 ansökan
1259 782 28 41 ej
1326 792 101 21 anses
1463 783 152 38 bifallen,
1652 782 119 31 såvida
1814 783 28 40 ej

1060 827 58 30 vid
1142 827 375 39 avdelningskontoren
1543 827 10 30 i
1579 827 171 39 Göteborg
1774 827 66 30 och

1061 872 129 29 Malmö
1226 875 50 26 tre
1312 872 189 29 ledamöter
1537 872 65 30 och
1636 871 58 30 vid
1724 872 118 39 övriga

1060 915 332 39 avdelningskontor
1424 916 158 39 samtliga
1607 916 237 39 styrelseleda-

1061 961 109 29 möter
1194 961 60 29 äro
1280 969 56 21 om
1364 960 146 30 beslutet
1534 969 89 21 ense.

1406 1209 19 38 $
1451 1209 51 30 56.

1108 1262 104 30 Mom.
1250 1261 27 30 1.
1325 1260 68 32 Till
1433 1262 183 39 styrelsens
1653 1262 190 30 ledamöter

1063 1306 79 40 utgå
1160 1306 359 39 avlöningsförmåner
1531 1306 103 39 enligt
1647 1306 196 39 avlönings-

1062 1351 219 38 reglementet
1319 1350 54 31 för
1411 1350 339 39 befattningshavare
1784 1351 59 30 vid

1062 1395 202 38 riksdagens
1288 1395 83 29 verk
1397 1398 90 27 samt
1504 1405 42 20 av
1563 1394 183 40 riksdagen
1764 1395 80 30 fast-

1062 1439 102 31 ställd
1189 1438 260 40 avlöningsstat.

1107 1484 105 30 Mom.
1238 1484 29 29 2.
1310 1483 45 30 Så
1376 1484 98 39 länge
1487 1483 156 31 inkallad
1658 1484 185 39 suppleant

1062 1527 166 32 bestrider
1261 1528 172 30 ordinarie
1458 1529 169 30 ledamots
1651 1528 194 40 befattning

1061 1572 11 31 i
1089 1573 177 39 styrelsen,
1280 1572 130 41 åtnjute
1428 1573 70 30 han
1511 1574 55 29 det
1579 1573 53 30 för
1645 1574 65 30 den
1723 1583 120 21 senare

1061 1617 181 31 bestämda
1267 1618 138 38 arvode,
1430 1618 132 39 lämpat
1585 1618 83 30 efter
1692 1618 66 30 den
1782 1618 61 38 tid,

1061 1662 71 30 han
1157 1661 11 31 i
1193 1662 178 30 kontorets
1396 1663 140 39 styrelse
1553 1663 66 29 och
1633 1662 211 40 förvaltning

1062 1707 156 38 deltager.

1405 1770 19 37 8
1450 1770 51 29 57.

1107 1831 103 30 Mom.
1239 1832 25 28 1.
1307 1831 49 30 De
1381 1841 43 20 av
1448 1831 233 30 riksbankens
1706 1831 136 31 huvud-

1062 1876 66 29 och
1153 1875 349 39 avdelningskontors
1527 1876 221 30 verksamhet
1764 1876 78 30 här-

1061 1920 152 40 flytande
1239 1920 156 39 göromål
1420 1920 213 39 handläggas
1658 1930 42 21 av
1726 1921 41 30 de
1785 1920 57 31 vid

1061 1964 93 41 varje
1198 1965 127 30 kontor
1372 1965 171 30 anställda
1582 1965 209 40 tjänstemän
1833 1965 10 30 i

1062 2009 344 31 överensstämmelse
1435 2010 78 30 med
1538 2010 158 39 gällande
1720 2009 121 40 tjänst-

1062 2053 277 40 göringsstadgar
1378 2057 90 27 samt
1496 2055 40 29 de
1561 2064 43 21 av
1628 2054 215 39 fullmäktige

1062 2098 81 30 eller
1176 2099 99 29 deras
1305 2099 207 39 deputerade
1536 2099 90 37 eller,
1651 2098 53 31 för
1729 2099 113 30 avdel-

1062 2142 239 40 ningskontor,
1326 2153 43 21 av
1394 2143 77 30 dess
1495 2144 141 39 styrelse
1653 2143 81 30 eller
1746 2144 97 30 verk-

1063 2188 169 29 ställande
1244 2188 295 39 styrelseledamot
1546 2188 201 30 meddelade
1759 2188 84 30 före-

1064 2231 145 31 skrifter.
