2215 2678
442 162 36 29 12
917 156 262 34 Stalsutskotlets
1209 155 173 34 Utlåtande
1406 155 62 32 N:o
1490 156 49 32 58.

1117 588 75 41 N:o
1219 587 64 42 58,

998 711 75 28 Ank.
1098 711 41 28 till
1162 711 103 28 Riksd.
1290 711 94 28 kansli
1408 711 57 28 den
1490 711 39 27 24
1553 719 78 19 mars
1657 710 87 34 1905,
1770 709 37 28 kl.
1833 710 16 27 3
1874 719 22 18 e.
1923 719 36 18 m.

608 815 190 45 Utlåtande,
837 815 13 34 i
886 814 185 46 anledning
1111 814 44 44 af
1186 814 128 45 Kungl.
1345 813 125 44 Maj:ts
1494 812 215 46 proposition
1737 813 173 44 angående
1930 811 75 44 för-

798 874 151 45 säljning
972 873 47 44 af
1038 885 40 24 en
1105 874 51 35 till
1168 873 108 44 förra
1297 871 486 47 regementsskrifvarbostället
1810 867 39 50 ”/;
1877 872 129 35 mantal

806 934 89 35 Vida
934 945 53 24 n:o
1021 935 20 31 1
1074 935 13 34 i
1119 934 292 36 Södermanlands
1437 934 59 34 län
1522 933 153 35 hörande
1702 932 164 45 obebyggd
1891 936 112 41 utäga.

1722 1013 41 48 (I.
1793 1013 59 49 A.)

537 1122 16 36 I
594 1134 46 24 en
680 1120 58 37 till
778 1119 220 50 Riksdagen
1034 1120 149 45 aflåten,
1211 1120 57 36 till
1298 1119 306 37 statsutskottets
1633 1117 280 38 förberedande
1943 1118 63 36 be-

403 1173 186 48 handling
628 1171 222 37 remitterad
891 1170 238 49 proposition
1171 1169 75 48 (n:o
1280 1169 58 48 63)
1368 1171 69 36 har
1463 1170 143 48 Kungl.
1635 1169 107 48 Maj:t
1769 1169 120 36 under
1918 1169 86 37 åbe-

401 1223 170 49 ropande
601 1223 41 36 af
665 1221 150 50 bilagdt
841 1222 142 48 utdrag
1011 1222 41 36 af
1069 1221 423 50 statsrådsprotokollet
1510 1221 104 36 öfver
1625 1220 378 48 jordbruksärenden

403 1276 72 35 den
506 1276 47 35 20
582 1273 175 37 sistlidne
780 1272 153 50 januari
962 1272 199 49 föreslagit
1187 1273 222 48 Riksdagen
1438 1272 207 49 medgifva,

537 1327 71 35 dels
648 1330 55 31 att
743 1338 45 22 en
831 1323 56 36 till
924 1325 103 35 förra
1061 1323 571 50 regementsskrifvarbostället
1667 1319 37 50 ”/,
1736 1321 142 37 mantal
1906 1321 99 37 Vida

401 1391 62 22 n:o
507 1379 16 33 1
564 1376 12 36 i
614 1375 319 49 Bergshammars
975 1375 140 36 socken
1149 1375 71 36 och
1247 1375 188 37 Jönåkers
1466 1374 118 37 härad
1613 1374 42 36 af
1680 1373 324 37 Södermanlands

401 1428 62 37 län
506 1427 181 46 hörande,
730 1429 20 34 å
784 1440 46 22 en
864 1426 42 36 af
931 1426 118 37 förste
1077 1426 280 37 landtmätaren
1386 1426 46 36 H.
1462 1426 40 36 R.
1533 1425 141 37 Linder
1702 1428 40 33 år
1773 1425 93 35 1903
1896 1424 108 37 öfver

403 1484 144 43 ägorna
588 1478 57 36 till
687 1477 166 37 nämnda
892 1478 175 35 hemman
1111 1477 203 50 upprättad
1360 1478 105 35 karta
1507 1477 86 36 med
1635 1476 270 49 ägofigurerna
1932 1475 72 37 n:is

403 1531 83 46 135,
522 1531 69 35 136
626 1529 71 37 och
728 1530 68 35 137
827 1528 214 37 betecknad
1071 1528 206 50 obebyggd
1306 1533 118 44 utäga
1452 1542 59 22 om
1544 1530 16 34 1
1591 1527 137 37 hektar
1758 1528 75 45 11,2
1861 1539 52 33 ar,
1942 1526 64 37 be-

402 1581 142 36 nämnd
579 1579 353 49 Vallsundsängen,
963 1583 115 33 måtte
1107 1580 83 36 från
1218 1580 219 36 hemmanet
1466 1578 201 37 afsöndras
1696 1578 71 36 och
1794 1578 11 35 1i
1835 1577 171 48 enlighet

402 1632 86 36 med
529 1631 292 37 föreskrifterna
849 1631 10 35 i
888 1630 84 37 8:de
1002 1631 69 36 och
1101 1630 168 49 följande
1298 1636 219 31 momenten
1547 1630 41 36 af
1613 1629 131 48 kungl.
1775 1628 230 37 skrifvelsen

401 1683 56 36 till
499 1681 331 50 domänstyrelsen
872 1682 199 48 angående
1112 1682 291 36 bestämmelser
1444 1686 55 32 att
1530 1681 106 48 tjäna
1664 1680 55 36 till
1749 1680 255 36 efterrättelse

400 1734 11 35 i
439 1734 110 48 fråga
578 1746 59 23 om
667 1732 245 49 lägenheters
940 1732 233 49 upplåtande
1201 1734 84 35 från
1315 1733 167 36 kronans
1506 1731 395 50 jordbruksdomäner
1929 1730 75 36 den

401 1786 45 35 25
489 1784 218 49 september
744 1785 93 35 1896
866 1783 56 36 till
952 1783 228 49 försäljning
1208 1783 181 49 utbjudas
1417 1783 58 37 för
1504 1797 44 23 en
1579 1781 258 50 köpeskilling
1865 1781 39 37 af
1931 1783 72 35 900

399 1836 141 36 kronor
570 1835 84 36 med
684 1834 264 37 tillträdesrätt
978 1835 57 36 för
1066 1835 139 48 köpare
1235 1835 72 36 den
1339 1837 44 34 14
1412 1848 101 23 mars
1544 1836 112 43 1907;

535 1888 69 35 dels
641 1889 59 34 ock
740 1890 55 31 att
835 1885 47 36 de
923 1885 137 47 medel,
1089 1899 81 23 som
1199 1899 138 35 genom
1368 1885 295 49 ifrågavarande
1693 1884 228 49 försäljning
1948 1884 56 36 in-

399 1938 101 45 flöte,
543 1940 116 34 måtte
701 1939 48 46 på
790 1949 144 23 samma
968 1941 74 32 sätt
1075 1950 80 23 som
1190 1937 354 48 köpeskillingarna
1572 1937 59 36 för
1659 1935 169 38 försålda
1856 1935 146 36 mindre

402 1988 370 49 kronoegendomar,
816 1987 195 36 användas
1052 1987 54 36 till
1150 1987 115 50 inköp
1308 1988 59 36 för
1407 1988 168 36 kronans
1616 1987 166 49 räkning
1818 1987 40 36 af
1889 1987 114 47 skog-

400 2039 169 37 bärande
598 2038 92 37 eller
717 2038 56 37 till
802 2038 255 49 skogsodling
1083 2038 137 49 tjänlig
1249 2039 118 36 mark.

533 2090 15 36 I
583 2090 104 36 detta
716 2089 141 37 ärende
886 2089 67 36 har
982 2089 426 49 departementschefen
1436 2089 56 36 till
1522 2089 249 37 förenämnda
1799 2088 205 37 statsråds-

400 2141 192 49 protokoll
620 2141 127 36 anfört
775 2139 185 49 följande:

531 2192 37 36 »I
596 2191 239 49 underdånig
863 2191 201 37 skrifvelse
1094 2191 71 37 den
1187 2193 46 34 23
1255 2191 203 37 december
1480 2193 95 35 1904
1591 2191 67 36 har
1673 2190 333 49 domänstyrelsen

402 2243 155 47 anmält,
586 2248 54 31 att
668 2243 63 36 vid
759 2243 122 36 under
909 2242 191 37 nästlidna
1129 2246 39 33 år
1196 2243 185 37 förrättad
1411 2241 281 51 uppskattning
1721 2245 20 34 å
1768 2241 104 39 förra
1896 2254 110 36 rege-
