2194 2622
693 145 251 31 Stutsutskottets
974 144 170 32 Utlåtande
1167 144 62 32 N:o
1253 145 72 31 165.
1728 145 36 29 21

611 225 265 35 ledamöterna
919 236 46 23 en
1008 224 72 35 och
1121 236 47 22 en
1205 224 83 34 half
1311 224 139 34 månad
1479 227 100 32 samt
1606 223 204 35 fiskalerna

612 288 46 23 en
700 276 98 35 hvar
832 275 98 36 efter
958 275 218 36 hofrättens
1204 275 288 36 bestämmande
1520 275 115 46 högst
1663 286 46 23 en
1738 274 71 35 och

612 340 47 22 en
686 327 84 36 half
793 327 156 44 månad;

742 381 59 33 att
820 379 223 35 notarierna
1064 383 84 41 äga,
1165 378 97 35 efter
1277 378 215 35 hofrättens
1509 378 297 44 bestämmande,

612 430 153 46 åtnjuta
793 429 237 36 kostnadsfri
1058 429 173 46 ledighet
1259 441 47 23 en
1334 429 95 35 hvar
1457 441 47 23 en
1531 429 141 35 månad
1687 430 122 34 under

612 481 344 44 sommarferierna,
998 480 160 35 hvilken
1200 480 170 46 ledighet
1410 483 63 32 må
1500 480 141 47 kunna
1661 480 42 35 af
1726 480 82 35 hof-

611 535 130 32 rätten
770 532 219 35 utsträckas
1018 531 106 35 öfver
1152 543 47 23 en
1226 532 140 34 månad
1395 532 121 34 under
1544 532 70 44 tid,
1644 532 49 34 då
1712 531 96 35 divi-

612 583 95 45 sion,
736 585 50 44 på
814 583 158 35 hvilken
1000 583 151 34 notarie
1176 588 44 29 är
1238 582 165 45 indelad,
1423 582 72 35 har
1514 582 293 44 sommarferier,

613 635 120 34 under
774 634 281 45 förutsättning
1096 633 121 35 likväl
1258 636 59 33 att
1345 634 179 35 notarien
1553 633 160 36 afslutat
1740 633 68 35 sitt

613 687 131 34 arbete
785 685 61 36 för
883 685 212 36 divisionen
1132 688 100 32 samt
1261 685 75 35 han
1364 685 85 35 icke
1478 685 121 35 heller
1626 684 184 36 behöfver

612 738 122 35 under
775 738 168 35 nämnda
984 737 57 35 tid
1082 740 112 43 tagas
1223 737 12 35 i
1264 737 168 46 anspråk
1473 749 89 23 vare
1600 737 59 47 sig
1685 739 124 33 såsom

612 790 151 35 biträde
791 789 65 35 vid
884 789 328 45 notariegöromål
1241 793 22 30 å
1288 801 126 23 annan
1442 788 164 36 division
1635 789 92 35 eller
1750 788 60 35 för

612 841 245 35 bestridande
900 840 41 35 af
977 840 120 45 högre
1139 840 93 35 eller
1272 841 87 34 med
1386 840 96 35 hans
1511 852 96 35 egen
1634 839 175 36 likställd

613 891 237 47 befattning;

743 946 60 33 att
844 943 123 46 öfriga
1009 943 235 45 tjänstemän
1281 948 74 40 äga
1383 943 160 45 årligen,
1572 948 73 30 när
1672 943 138 34 sådant

613 995 78 35 kan
713 995 66 35 ske
798 998 95 32 utan
913 994 136 35 hinder
1068 993 60 36 för
1146 994 242 46 göromålens
1407 994 187 47 behöriga
1613 996 113 44 gång,
1751 996 57 32 åt-

614 1046 111 46 njuta
753 1049 191 42 semester,
974 1046 239 35 sekreterare
1242 1046 72 36 och
1343 1045 284 36 advokatfiskal
1647 1057 47 24 en
1714 1045 95 35 hvar

614 1110 46 23 en
701 1098 71 36 och
815 1111 46 23 en
902 1097 85 36 half
1010 1097 142 36 månad
1180 1102 99 31 samt
1307 1097 178 36 aktuarie
1515 1097 72 36 och
1616 1097 192 36 arkivarie

613 1162 47 23 en
690 1150 94 35 hvar
812 1162 48 23 en
887 1150 157 44 månad;

743 1205 61 32 att
831 1202 65 35 vid
925 1201 141 47 afgång
1094 1201 85 35 från
1208 1201 170 46 tjänsten
1397 1201 63 35 till
1475 1201 96 46 följd
1585 1201 42 35 af
1638 1200 168 36 afskeds-

613 1254 180 46 tagande,
811 1253 271 47 entledigande
1102 1252 93 35 eller
1215 1253 161 35 dödsfall
1397 1252 136 47 själfva
1548 1253 116 36 lönen
1679 1252 127 35 äfven-

614 1317 80 23 som
723 1305 222 46 ortstillägg
971 1308 96 43 utgå
1095 1304 62 35 till
1184 1304 207 36 månadens
1419 1304 92 45 slut;

744 1360 60 32 att
829 1357 14 34 i
870 1356 110 47 fråga
1008 1368 62 23 om
1099 1356 222 46 skyldighet
1346 1359 60 32 att
1424 1356 86 35 från
1529 1355 171 46 tjänsten
1719 1355 89 46 afgå

615 1408 194 35 äfvensom
832 1408 14 34 i
869 1407 109 47 fråga
1007 1419 62 23 om
1098 1410 81 32 rätt
1206 1407 62 35 till
1287 1407 159 46 pension
1466 1407 100 35 skall
1583 1407 105 47 gälla
1707 1406 102 35 hvad

613 1460 13 35 i
654 1459 165 36 särskild
845 1459 65 47 lag
939 1459 198 47 angående
1167 1459 115 35 civila
1309 1458 390 47 tjänstinnehafvares
1726 1460 82 33 rätt

614 1511 62 36 till
695 1511 160 47 pension
876 1517 43 30 är
937 1511 64 35 vid
1020 1511 109 35 tiden
1149 1509 60 37 för
1227 1511 74 35 den
1320 1523 75 34 nya
1413 1511 237 35 lönestatens
1669 1509 137 36 ikraft-

614 1563 188 36 trädande
831 1563 103 45 eller,
965 1563 126 35 såvidt
1110 1565 121 44 angår
1249 1562 249 36 innehafvare
1517 1562 42 36 af
1576 1562 229 46 befattning,

615 1627 80 24 som
724 1615 169 36 därefter
920 1615 204 44 tillträdes,
1153 1615 66 35 vid
1246 1614 194 36 tillträdet
1458 1614 62 36 till
1538 1614 270 46 befattningen

614 1667 200 46 stadgadt;
844 1670 100 32 samt

745 1722 59 32 att
845 1719 84 44 den,
972 1730 81 24 som
1094 1717 196 36 tillträder
1324 1730 51 34 ny
1404 1718 278 46 aflöningsstat,
1712 1716 99 36 skall

615 1782 93 24 vara
749 1770 152 47 skyldig
930 1770 236 35 underkasta
1199 1770 68 46 sig,
1297 1769 97 36 efter
1421 1769 139 47 Kungl.
1590 1768 129 47 Maj:ts
1748 1769 62 34 be-

616 1823 250 44 stämmande,
910 1821 253 47 upphörande
1206 1821 41 36 af
1283 1821 93 36 eller
1409 1821 224 46 minskning
1659 1821 14 35 i
1702 1823 109 33 extra

615 1873 225 46 inkomster,
883 1885 78 24 som
1002 1873 132 35 kunna
1164 1872 134 47 åtfölja
1326 1872 365 47 tjänstebefattning
1719 1871 93 37 eller

616 1927 95 45 utgå
738 1925 60 36 för
824 1927 132 45 bestyr
982 1925 12 35 i
1023 1925 278 47 sammanhang
1329 1925 175 44 därmed;

746 1977 38 45 d)
813 1977 184 45 förklara,
1035 1979 61 33 att
1133 1989 48 23 en
1217 1977 107 45 hvar,
1361 1989 81 24 som
1479 1977 88 35 med
1595 1976 92 36 eller
1714 1975 99 36 efter

616 2029 195 46 ingången
840 2029 41 35 af
905 2031 42 33 år
979 2031 96 33 1910
1104 2029 197 35 tillträder
1327 2028 222 47 befattning
1576 2028 14 35 i
1617 2030 130 44 någon
1775 2026 41 36 af

616 2080 123 36 rikets
766 2081 204 45 hofrätter,
1000 2080 100 36 skall
1127 2093 93 23 vara
1248 2080 145 47 pliktig
1421 2082 60 34 att
1499 2079 238 36 underkasta
1756 2079 57 45 sig

618 2132 281 36 ofvanberörda
926 2132 144 36 villkor
1098 2132 73 36 och
1197 2132 302 45 bestämmelser;

748 2184 34 45 e)
815 2184 210 47 godkänna
1058 2183 43 36 af
1115 2182 422 49 departementschefen
1565 2182 249 45 framställdt,

617 2236 13 35 i
646 2236 427 47 statsrådsprotokollet
1088 2235 107 36 öfver
1205 2234 611 48 justitiedepartementsärenden
