2206 2632
697 184 254 33 Statsutskottets
974 181 162 32 memorial
1161 180 52 31 Nr
1238 182 74 28 117.
1762 175 33 29 11

307 267 30 49 f)
368 270 204 42 förklarat,
616 269 62 34 att
715 279 49 23 en
802 277 85 31 var,
926 276 85 24 som
1052 262 92 36 med
1187 261 97 36 eller
1312 259 101 36 efter
1441 257 206 48 ingången
1677 268 50 23 av
1757 255 45 35 år

205 326 100 35 1922
348 323 200 36 tillträder
589 320 202 37 ordinarie
827 317 231 47 befattning
1094 315 69 36 vid
1200 311 310 50 ifrågavarande
1547 309 252 43 läroanstalt,

202 378 103 36 skall
346 389 98 24 vara
486 375 146 48 pliktig
672 372 248 37 underkasta
961 371 60 46 sig
1054 367 264 38 förenämnda
1351 366 148 35 villkor
1527 363 76 37 och
1630 364 171 35 bestäm-

202 432 160 40 melser;

311 488 40 42 g)
384 482 208 46 medgivit,
628 482 61 33 att
729 479 131 35 lektor
902 476 68 36 vid
997 476 124 46 högre
1149 470 450 43 lärarinneseminariet,
1631 469 173 35 allmänt

203 536 198 43 läroverk,
431 531 470 42 folkskoleseminarium,
931 528 161 36 teknisk
1119 525 349 42 elementarskola,
1490 522 179 37 tekniskt
1689 533 113 35 gym-

204 590 171 41 nasium,
404 587 160 37 teknisk
593 584 207 37 fackskola
828 583 98 36 eller
954 579 314 50 sjökrigsskolan
1296 578 68 35 må
1393 577 62 35 för
1482 575 279 48 uppflyttning
1790 573 14 35 i

204 643 125 47 högre
357 640 193 48 lönegrad
579 637 300 49 tillgodoräkna
907 636 61 46 sig
997 634 57 36 tid
1082 632 202 37 varunder
1312 631 82 35 han
1418 629 236 48 tjänstgjort
1673 627 133 36 såsom

205 695 201 37 ordinarie
433 694 132 36 lektor
592 692 68 36 vid
687 688 402 49 handelsgymnasiet
1116 687 13 35 i
1158 685 290 47 Hälsingborg;

312 745 43 49 h)
391 749 14 34 i
445 748 219 35 riksstaten
692 745 61 35 för
781 743 46 36 år
859 743 100 36 1922
988 740 128 36 under
1143 739 157 36 rubrik:
1331 736 161 38 Statens
1520 734 283 47 handelsgym-

206 803 160 36 nasium
394 802 13 35 i
435 799 286 48 Hälsingborg,
751 796 164 48 uppfört
943 797 60 34 ett
1031 793 200 37 ordinarie
1260 791 141 47 anslag
1429 790 24 35 å
1477 789 146 43 43,500
1641 788 167 42 kronor;

314 851 28 49 i)
379 855 64 35 till
479 851 279 38 förstärkande
787 862 51 24 av
867 847 249 38 sistnämnda
1145 846 143 46 anslag
1316 844 159 36 anvisat
1502 842 53 48 på
1582 844 116 34 extra
1727 841 82 34 stat

208 910 61 35 för
298 908 45 36 år
375 908 99 36 1922
504 908 60 34 ett
592 903 324 48 förslagsanslag,
946 902 130 46 högst,
1108 900 118 43 3,000
1253 899 161 41 kronor,
1440 898 62 33 att
1520 896 101 46 utgå
1641 893 101 37 efter
1761 892 50 36 de

208 965 189 34 närmare
424 958 312 42 bestämmelser,
768 955 151 48 Kungl.
949 954 115 47 Maj:t
1091 954 82 34 kan
1201 951 113 36 finna
1342 952 91 45 gott
1460 948 179 44 utfärda;

315 1011 42 50 k)
386 1013 208 48 medgivit,
635 1013 62 34 att
731 1009 196 49 styrelsen
955 1008 61 35 för
1043 1003 310 51 ifrågavarande
1381 1000 430 49 handelsgymnasium

209 1069 69 36 må
316 1072 78 43 äga
432 1068 61 35 att
529 1063 253 39 beträffande
820 1062 49 37 de
906 1060 259 48 utgiftstitlar
1203 1059 35 47 ej
1277 1057 158 37 mindre
1472 1055 25 36 å
1529 1053 200 39 ordinarie
1760 1055 53 33 än

211 1125 103 33 även
357 1121 24 36 å
422 1122 116 35 extra
579 1120 93 42 stat,
715 1129 87 25 som
838 1116 89 36 icke
954 1114 200 36 innefatta
1181 1112 195 47 avlöning
1403 1110 65 36 till
1496 1107 200 38 ordinarie
1724 1118 86 36 per-

211 1176 123 43 sonal,
370 1175 24 36 å
434 1186 51 24 en
526 1174 90 47 post
658 1175 99 44 göra
798 1169 234 46 minskning
1074 1167 75 36 och
1178 1166 24 36 å
1230 1177 51 25 en
1309 1176 137 25 annan
1474 1162 165 47 ökning,
1669 1160 143 37 endast

211 1228 358 48 anslagsbeloppen
596 1226 15 35 i
638 1225 116 36 deras
780 1223 140 37 helhet
946 1222 89 36 icke
1064 1219 267 44 överskridas;

318 1282 29 46 1)
376 1301 50 3 —
455 1282 14 34 i
497 1280 136 36 stället
659 1279 62 36 för
749 1277 69 36 det
845 1277 14 35 i
882 1276 215 36 riksstaten
1116 1287 57 23 nu
1191 1271 198 49 uppförda
1408 1269 199 38 ordinarie
1626 1267 186 47 förslags-

213 1336 193 47 anslaget,
446 1334 129 47 högst,
606 1332 64 36 till
696 1328 409 49 handelsgymnasier,
1136 1340 57 23 nu
1224 1326 169 43 135,000
1421 1324 160 42 kronor,
1611 1340 37 4 —
1677 1320 138 51 under

212 1389 157 36 rubrik:
411 1384 456 50 handelsgymnasierna
903 1383 14 35 i
945 1380 245 43 Stockholm,
1221 1378 216 47 Göteborg,
1468 1376 163 42 Malmö,
1662 1374 153 36 Örebro

213 1442 76 37 och
330 1441 255 47 Norrköping
622 1438 163 48 uppfört
813 1439 60 34 ett
901 1435 198 37 ordinarie
1127 1431 324 49 förslagsanslag,
1480 1430 131 48 högst,
1645 1427 171 43 120,000

214 1497 145 35 kronor
410 1497 61 34 att
517 1493 103 48 utgå
667 1492 129 47 enligt
844 1490 49 37 de
940 1489 62 36 för
1048 1486 235 38 nuvarande
1331 1484 200 38 ordinarie
1572 1482 142 47 anslag
1755 1479 64 37 till

214 1548 455 49 handelsgymnasierna
697 1544 189 49 gällande
914 1542 191 49 grunder;
1844 1569 3 6 .

321 1599 57 50 m)
415 1602 62 36 till
513 1599 225 38 beredande
775 1610 52 24 av
859 1596 151 48 förhöjt
1036 1593 219 38 understöd
1283 1592 44 36 åt
1355 1590 251 38 sistnämnda
1632 1584 183 57 handels-

216 1656 230 49 gymnasier
487 1657 143 34 utöver
671 1653 64 36 till
767 1652 93 36 dem
888 1650 123 37 redan
1039 1648 196 47 anslagna
1261 1646 144 48 belopp
1434 1644 159 37 anvisat
1619 1643 53 48 på
1701 1643 118 35 extra

217 1712 81 35 stat
339 1710 62 36 för
439 1709 45 36 år
524 1708 100 36 1922
667 1708 60 35 ett
768 1703 321 49 förslagsanslag,
1125 1701 131 48 högst,
1301 1699 25 36 å
1370 1699 169 43 150,000
1566 1698 160 41 kronor,
1758 1696 63 35 att

216 1763 113 48 utgå,
372 1762 128 37 under
541 1760 293 46 förutsättning
872 1760 62 34 att
969 1757 207 41 kommun,
1216 1754 73 36 där
1325 1745 493 58 handelsundervisnings-

218 1817 151 37 anstalt
401 1816 179 47 åtnjuter
608 1811 330 43 statsunderstöd,
968 1810 101 48 själv
1097 1809 97 36 eller
1222 1818 148 37 genom
1398 1804 182 38 enskilda
1607 1803 215 37 donatorer

219 1871 112 36 såväl
359 1868 328 38 tillhandahåller
714 1865 261 47 erforderliga
1002 1863 152 37 lokaler
1181 1861 62 36 för
1270 1859 342 47 undervisningen
1640 1869 86 24 som
1747 1856 76 36 ock

220 1925 156 47 årligen
411 1924 160 36 lämnar
607 1923 61 34 ett
700 1921 176 36 kontant
902 1918 153 47 bidrag,
1084 1913 286 39 motsvarande
1398 1913 125 36 minst
1551 1924 50 24 en
1628 1909 195 48 tredjedel

220 1991 51 24 av
313 1975 371 43 statsunderstödet,
714 1975 107 35 samt
854 1972 94 37 med
975 1971 77 36 den
1080 1968 229 48 fördelning
1337 1967 76 37 och
1440 1966 128 36 under
1596 1964 49 37 de
1672 1964 150 35 villkor

219 2033 15 35 i
262 2032 145 47 övrigt,
437 2042 85 25 som
551 2028 152 48 Kungl.
733 2027 117 47 Maj:t
877 2026 83 36 kan
986 2024 112 36 finna
1125 2022 90 37 skäl
1241 2022 267 36 bestämma”.

330 2083 235 38 Stockholm
593 2082 79 37 den
704 2082 48 35 10
780 2080 82 47 maj
897 2080 113 35 1921.

716 2160 61 37 På
805 2159 320 38 statsutskottets
1152 2159 175 45 vägnar:

748 2240 36 37 S.
815 2240 52 36 H.
897 2235 399 41 KVARNZELIUS.
