1854 2770
199 153 38 29 18
493 156 118 30 Andra
634 156 245 39 lagutskottets
902 158 179 30 utlåtande
1103 168 42 21 nr
1167 160 39 29 51
1229 160 40 29 år
1293 161 83 29 1965

194 234 233 39 sammanlagt
456 234 95 30 2400
579 235 52 29 kr.
661 236 118 30 Skulle
808 236 200 31 inkomsten
1035 239 171 39 överstiga
1236 239 94 31 2400
1359 241 63 34 kr.,
1451 241 159 31 minskas
1638 242 41 29 de

194 285 308 41 inkomstprövade
527 288 225 31 förmånerna
779 290 75 29 med
884 290 34 35 74
948 300 42 20 av
1014 291 155 31 inkomst
1195 302 75 20 som
1297 293 106 39 ligger
1428 295 129 29 mellan
1583 296 17 29 2
1616 295 63 30 400

194 339 66 29 och
276 339 18 30 3
308 339 62 30 400
388 340 52 29 kr.
458 341 65 29 och
540 342 78 28 med
639 341 35 34 32
695 351 42 20 av
754 343 154 29 inkomst
926 344 194 30 därutöver.
1139 346 96 29 Mera
1252 347 167 30 avsevärd
1437 347 242 40 förmögenhet

193 392 163 30 inverkar
375 393 107 30 också
501 395 235 29 reducerande
756 396 43 38 på
819 396 200 38 pensionen.
1041 398 133 30 Inemot
1195 398 40 30 45
1255 400 31 32 2
1312 409 42 19 av
1374 401 162 39 samtliga
1556 402 123 29 makar

195 445 76 29 med
292 445 262 40 ålderspension
574 447 156 39 åtnjuter
750 449 271 40 bostadstillägg.
1043 451 11 28 I
1075 460 40 20 ca
1135 452 40 29 90
1195 452 31 34 Z
1252 461 42 20 av
1312 453 136 30 landets
1469 454 210 30 kommuner

195 499 117 38 utgörs
328 499 298 40 bostadstillägget
643 511 42 19 av
701 504 48 27 ett
766 502 164 39 generellt
946 503 119 40 tillägg
1082 505 192 30 oberoende
1290 515 43 20 av
1348 507 330 40 pensionstagarens

192 550 305 32 bostadskostnad.
527 553 187 39 Tilläggets
745 555 129 29 storlek
902 556 155 30 varierar
1086 558 113 29 starkt
1228 559 130 29 mellan
1387 559 41 30 de
1457 560 95 30 olika
1580 562 99 28 kom-

194 613 179 21 munerna.

233 657 256 40 Fördelningen
515 669 42 20 av
583 660 108 30 rikets
721 661 93 30 1006
841 662 209 30 kommuner
1076 663 89 30 efter
1191 665 66 29 den
1284 665 189 31 maximala
1500 668 175 30 storleken

192 719 42 20 av
259 711 41 29 de
325 711 272 41 bostadstillägg,
625 722 75 21 som
731 716 232 38 sammanlagt
994 716 100 39 utgår
1124 717 52 30 till
1207 718 58 29 två
1294 719 124 29 makar
1449 719 155 41 framgår
1633 730 43 20 av

191 763 156 39 följande
360 764 104 30 tablå.

329 851 217 38 Bostadstillägg
749 854 84 37 Antal
1099 856 217 40 Bostadstillägg
1518 864 85 24 Antal

387 890 103 24 kronor
709 893 164 24 kommuner
1157 897 103 23 kronor
1480 899 164 24 kommuner

333 978 122 24 under—
484 980 51 24 400
784 982 32 24 95
1110 985 129 23 1200—21
1253 985 51 25 399
1572 988 33 24 32

366 1014 89 24 400—
483 1015 51 24 499
765 1018 51 23 316
1110 1021 128 23 1400—1
1253 1021 50 24 599
1571 1024 33 24 39

367 1050 88 23 500—
483 1051 51 23 599
783 1054 33 23 63
1110 1056 13 22 1
1136 1056 103 24 600—21
1254 1057 49 24 799
1573 1060 31 22 14

367 1085 88 24 600—
484 1086 50 24 699
765 1088 48 24 221
1109 1092 14 22 1
1136 1091 103 24 800—1
1253 1092 50 24 999
1572 1095 30 23 11

367 1121 87 23 700—
484 1122 50 23 799
782 1124 33 24 39
1108 1127 16 23 2
1136 1126 104 25 000—2
1252 1128 51 24 499
1571 1130 33 23 19

366 1156 88 24 800—
483 1157 51 24 899
783 1160 32 23 72
1108 1162 116 24 2500—
1588 1166 16 23 2

366 1191 88 24 900—
483 1193 51 23 999
782 1195 34 24 37
1383 1217 5 5 -
1463 1200 8 4 ”
1568 1201 48 4 RA

340 1227 128 24 1.000—1
484 1228 50 24 199
782 1231 33 23 46
1292 1217 134 30 SELMA
1527 1218 77 24 RUN

232 1303 314 33 Bestämmelserna
562 1307 10 28 i
589 1307 126 30 artikel
737 1308 39 29 67
791 1309 34 33 c)
852 1309 89 30 skall
963 1310 192 30 emellertid
1176 1312 107 39 enligt
1304 1312 114 39 punkt
1439 1313 39 34 d)
1504 1313 11 29 i
1538 1323 134 20 samma

186 1356 125 30 artikel
326 1367 101 20 anses
443 1358 192 41 uppfyllda,
656 1369 57 21 om
733 1361 57 31 det
809 1363 263 39 sammanlagda
1090 1364 161 40 beloppet
1269 1375 43 20 av
1330 1366 143 39 utgivna
1494 1366 178 30 förmåner

187 1408 79 30 med
289 1410 107 30 minst
419 1411 41 29 30
480 1412 31 33 Z
540 1412 188 40 överstiger
755 1414 57 31 det
840 1417 262 38 sammanlagda
1130 1417 295 41 förmånsbelopp,
1455 1428 73 21 som
1558 1420 113 29 skulle

186 1462 102 29 ernås
304 1470 124 31 genom
445 1464 222 41 tillämpning
688 1476 43 20 av
750 1467 309 32 bestämmelserna
1079 1470 11 29 i
1110 1471 125 29 artikel
1257 1472 41 29 66
1319 1472 44 39 på
1383 1472 108 30 minst
1513 1473 40 29 20
1572 1473 32 34 7
1629 1482 43 20 av

186 1517 258 40 befolkningen.
462 1518 190 40 Tillämpas
674 1520 96 30 detta
790 1521 44 39 på
854 1521 41 30 de
917 1522 148 30 svenska
1086 1522 350 40 ålderspensionerna
1457 1526 128 29 erhålls
1608 1526 63 29 föl-

184 1570 107 39 jande
314 1571 157 30 resultat.
495 1572 138 30 Antalet
657 1573 153 39 manliga
834 1573 352 40 ålderspensionärer,
1210 1577 112 30 vilkas
1346 1578 146 29 hustrur
1516 1578 158 39 åtnjuter

186 1623 233 39 folkpension,
441 1626 149 38 uppgick
607 1644 44 3 —
673 1627 108 39 enligt
805 1627 176 40 uppgifter
1005 1628 78 30 från
1107 1629 418 41 riksförsäkringsverket
1547 1650 43 3 —
1613 1632 57 29 vid

189 1677 83 30 1963
292 1677 55 30 års
367 1678 129 39 ingång
516 1679 10 28 i
546 1681 81 27 runt
648 1680 47 28 tal
716 1680 52 29 till
791 1680 59 29 128
865 1681 62 29 000
948 1682 64 29 och
1032 1683 108 29 totala
1159 1683 219 40 årsbeloppet
1398 1694 43 19 av
1460 1684 100 31 deras
1582 1694 91 20 sam-

185 1730 185 39 manlagda
385 1731 271 39 folkpensioner,
676 1732 86 31 inkl.
781 1733 128 36 index-,
930 1735 181 30 standard-
1130 1736 65 29 och
1215 1736 273 41 bostadstillägg,
1509 1738 161 39 utgjorde

186 1783 94 34 715,7
304 1784 86 39 milj.
413 1785 52 29 kr.
488 1785 67 29 För
577 1786 40 29 20
637 1786 31 33 2
696 1795 43 20 av
759 1786 100 30 dessa
882 1787 342 40 ålderspensionärer
1247 1789 122 35 skulle,
1393 1799 57 21 om
1472 1791 200 39 ålderspen-

186 1835 121 30 sionen
337 1838 244 29 motsvarande
612 1838 40 29 40
683 1848 90 30 resp.
804 1840 39 29 45
863 1840 31 33 Z
930 1850 43 20 av
1002 1850 42 20 en
1074 1843 261 37 grovarbetares
1366 1843 69 36 lön,
1465 1844 74 29 dvs.
1572 1845 18 29 6
1605 1845 62 29 680

184 1898 90 31 resp.
296 1891 16 28 7
329 1891 60 29 715
411 1891 63 34 kr.,
496 1892 262 40 sammanlagda
780 1894 336 40 pensionsbeloppen
1137 1896 115 39 uppgå
1273 1896 51 29 till
1348 1897 93 34 171,0
1463 1906 89 30 resp.
1576 1898 93 34 197,5

183 1942 88 39 milj.
292 1944 50 29 kr.
363 1944 49 30 De
434 1943 153 32 faktiska
609 1945 237 31 kostnaderna
871 1947 55 30 för
950 1947 349 40 ålderspensionerna
1323 1950 53 29 till
1401 1950 266 39 ifrågavarande

184 1995 155 38 kategori
355 2006 41 20 av
413 1998 285 39 pensionstagare
720 1999 133 39 uppgår
875 1999 147 32 sålunda
1042 2001 52 29 till
1116 2001 125 40 belopp
1263 2012 73 20 som
1358 2003 40 29 är
1419 2003 18 30 3
1459 2004 19 29 å
1499 2003 20 30 4
1540 2004 128 39 gånger

184 2048 110 30 större
309 2051 44 28 än
368 2050 89 33 dem,
474 2059 74 21 som
564 2051 202 39 stipulerats
786 2053 10 28 i
816 2053 124 30 artikel
961 2054 39 29 67
1016 2054 52 34 d).
1090 2054 137 40 Sverige
1248 2055 53 29 får
1321 2056 120 29 därför
1459 2066 102 20 anses
1582 2066 86 31 upp-

183 2101 86 38 fylla
289 2102 40 29 de
349 2101 219 32 föreskrivna
588 2104 172 30 villkoren
784 2105 221 32 beträffande
1030 2107 326 40 ålderspensionens
1382 2110 130 29 storlek
1536 2110 10 29 i
1572 2110 95 30 såväl

182 2154 127 30 balken
323 2165 73 20 som
410 2157 219 37 protokollet.

228 2207 65 30 Vid
317 2208 197 31 invaliditet
538 2210 101 38 utgår
664 2210 284 40 förtidspension.
975 2213 62 29 Hel
1065 2213 108 30 sådan
1199 2215 145 38 pension
1371 2217 101 37 utgör
1498 2216 42 29 fr.
1567 2226 29 20 o.
1623 2225 45 20 m.

183 2261 185 29 november
389 2262 82 29 1964
490 2263 18 29 3
524 2263 61 29 850
604 2263 51 29 kr.
675 2273 62 29 per
754 2265 48 29 år.
822 2265 193 30 Härutöver
1034 2266 101 39 utgår
1153 2267 221 31 kommunalt
1393 2269 275 40 bostadstillägg,

182 2322 76 20 som
280 2315 37 28 är
337 2314 171 31 beroende
530 2326 41 19 av
592 2316 219 30 inkomstens
834 2318 130 30 storlek
984 2320 64 28 och
1070 2329 78 20 vars
1169 2321 124 39 belopp
1316 2321 171 31 fastställs
1508 2332 43 20 av
1571 2323 98 29 kom-

182 2375 181 21 munerna.

226 2419 63 30 Det
306 2420 291 41 inkomstbelopp,
617 2432 74 20 som
715 2424 30 38 ej
771 2423 158 31 minskar
951 2425 42 30 de
1015 2425 308 40 inkomstprövade
1345 2428 320 40 bostadstilläggen,

181 2473 103 38 utgör
306 2473 53 30 för
382 2474 65 39 gift
471 2475 361 40 pensionsberättigad
858 2478 93 30 1200
975 2479 52 29 kr.
1051 2479 198 40 Överstiger
1271 2480 198 31 inkomsten
1494 2482 94 30 detta
1611 2483 58 29 be-
