2206 2675
444 193 28 49 [0]
911 195 232 42 Lagutskottets
1173 195 170 33 Utlåtande
1365 195 64 32 N:o
1452 196 57 33 27.

540 276 66 37 Ett
635 276 115 38 bland
778 275 296 39 erkännandena
1101 279 37 33 åt
1166 276 113 37 dessa
1307 274 248 39 sträfvanden
1581 275 85 50 gafs
1694 276 70 36 hos
1785 289 61 24 ogs
1865 288 142 36 genom

409 329 95 37 1889
546 331 60 34 års
645 327 258 51 lagstiftning,
946 341 82 24 som
1069 327 169 39 beredde
1268 327 142 50 qvinna
1437 327 201 38 valbarhet
1664 327 57 38 till
1749 326 115 39 bland
1891 333 116 31 annat

405 380 407 50 fattigvårdsstyrelse.
855 380 129 50 Något
1011 380 285 49 öfvervägande
1326 379 40 37 af
1390 379 72 36 den
1490 378 95 48 gifta
1614 379 188 50 qvinnans
1820 379 184 49 ställning

406 431 57 37 till.
502 431 136 49 frågan
677 432 175 37 förekom
892 432 86 37 icke
1011 431 64 38 vid
1109 432 105 37 detta
1245 431 162 37 tillfälle.
1462 431 86 36 Men
1576 432 13 36 i
1616 431 293 49 tillämpningen
1936 431 69 36 har

405 483 66 38 det
498 482 116 39 oftast
640 488 159 43 ansetts,
829 488 55 33 att
910 483 73 50 gift
1013 483 140 50 qvinna
1175 483 13 37 i
1210 482 95 38 brist
1327 485 49 47 på
1392 482 227 49 uttryckligt
1638 483 214 48 stadgande
1870 483 136 37 saknat

404 534 210 39 valbarhet.
667 535 58 38 Då
765 540 20 33 å
824 535 119 38 andra
981 536 110 37 sidan
1131 535 74 38 den
1243 534 191 38 allmänna
1460 534 114 48 lagen
1602 534 33 49 ej
1664 534 138 50 lägger
1829 534 177 37 hinder
1984 530 26 58 i

404 592 127 44 vägen
571 586 58 38 för
668 592 56 32 att
760 587 229 37 tillerkänna
1027 587 124 37 henne
1192 587 129 46 sådan,
1351 591 41 32 är
1419 585 66 37 det
1512 585 159 38 sålunda
1699 586 220 49 angeläget,
1947 591 56 32 att

405 638 157 38 rättelse
605 639 88 37 sker
723 639 12 37 i
763 644 56 32 ett
845 638 295 50 lagstadgande,
1169 652 80 23 som
1279 637 228 38 åsidosätter
1534 651 49 24 en
1611 637 124 50 vigtig
1758 638 246 50 rättsprincip

405 690 72 37 och
505 690 112 36 äfven
645 690 78 37 ofta
750 690 100 37 visat
878 692 62 46 sig
967 690 162 48 olägligt
1155 690 11 36 i
1189 689 306 48 tillämpningen.

538 740 275 49 Lagutskottet
851 741 68 37 har
952 740 214 38 emellertid
1194 740 164 48 afstyrkt
1386 752 48 23 en
1463 738 119 37 sådan
1610 739 133 48 åtgärd
1768 739 71 37 och
1867 739 136 36 dervid

403 791 12 37 i
454 791 65 37 sitt
557 792 240 37 bedömande
839 793 42 36 af
905 792 126 37 denna
1057 792 285 48 angelägenhet
1368 791 100 36 visat
1496 790 59 48 sig
1581 790 235 38 fortfarande
1844 790 158 37 omfatta

405 842 76 38 den
500 843 105 37 äldre
625 843 299 50 ståndpunkten,
944 843 158 37 hvilken
1122 843 238 48 väsentligen
1376 841 248 38 underkände
1637 841 284 49 berättigandet
1935 841 70 37 och

403 893 134 39 värdet
565 895 41 36 af
621 900 54 31 att
694 895 168 50 qvinnan
879 895 63 37 vid
960 895 108 37 sidan
1088 895 41 37 af
1145 908 163 24 mannen
1330 893 163 37 erhåller
1513 893 264 49 sjelfständigt
1795 892 210 50 inflytande

402 946 13 36 i
442 946 324 49 samhällsfrågor,
795 960 81 24 som
904 947 108 48 ligga
1039 952 104 32 utom
1171 945 278 50 familjelifvets
1478 944 166 38 område.

536 998 220 38 Utskottets
796 998 276 38 framhållande
1113 998 41 37 af
1189 997 181 47 farhågor
1406 995 60 38 för
1508 1000 54 33 att
1591 996 46 37 de
1666 996 98 49 gifta
1792 995 214 51 qvinnorna

403 1062 141 36 genom
585 1050 302 37 motionärernas
928 1050 144 48 förslag
1099 1055 163 32 utsättas
1285 1049 59 37 för
1371 1047 225 37 kollisioner
1624 1049 88 36 med
1739 1048 155 50 pligter,
1923 1061 82 23 som

403 1103 59 34 stå
502 1101 87 37 dem
630 1106 186 42 närmare,
849 1107 41 31 är
917 1102 62 36 väl
1008 1107 54 31 att
1089 1101 67 37 allt
1183 1101 56 36 för
1267 1101 108 48 långt
1402 1099 151 49 ingripa
1581 1100 87 36 med
1696 1099 59 37 sin
1784 1099 180 37 omtanke
1992 1099 12 36 i

402 1151 46 38 de
477 1152 193 37 enskildes
699 1152 444 50 sjelfbestämningsrätt.
1197 1152 18 37 I
1242 1152 105 37 detta
1376 1150 180 38 afseende
1585 1150 69 37 bör
1681 1164 91 24 vara
1790 1151 58 36 till
1873 1150 133 48 fyllest

402 1208 54 32 att
494 1203 187 37 öfverlåta
723 1207 37 33 åt
797 1204 169 49 väljarne
999 1204 71 37 och
1097 1203 217 48 föreslagna
1342 1201 414 50 styrelsemedlemmar
1784 1207 56 31 att
1869 1201 137 49 sjelfva

402 1254 165 37 bedöma
605 1255 279 49 lämpligheten
913 1255 41 37 af
975 1255 112 48 valet,
1116 1255 149 36 hvilket
1286 1255 43 48 ju
1355 1254 72 37 ock
1456 1257 40 32 är
1524 1252 211 38 händelsen
1764 1254 63 35 vid
1856 1253 61 36 val
1946 1253 57 35 till

402 1309 139 45 många
580 1306 98 37 blott
716 1306 57 37 för
815 1312 86 31 män
940 1306 243 49 tillgängliga
1223 1304 415 48 förtroendeuppdrag,
1681 1304 68 37 der
1783 1317 137 23 annars
1950 1309 55 31 ett

403 1357 135 37 sådant
578 1357 245 37 förutseende
852 1359 82 36 från
968 1357 260 49 lagstiftarens
1258 1357 94 45 sida,
1380 1369 80 24 som
1491 1355 41 36 af
1554 1356 188 36 utskottet
1768 1356 233 47 ifrågasatts,

403 1408 145 37 kanske
590 1413 100 32 ännu
731 1422 80 23 mer
852 1409 121 36 skulle
1014 1409 97 36 varit
1143 1411 49 46 på
1219 1408 59 36 sin
1306 1408 111 49 plats.
1472 1405 74 37 Det
1573 1411 41 31 är
1635 1407 45 48 ju
1709 1407 34 48 ej
1774 1406 121 37 heller
1924 1419 78 23 me-

402 1459 156 48 ningen,
599 1465 55 31 att
694 1460 96 48 gifta
831 1460 161 49 qvinnor
1027 1460 11 36 i
1081 1459 206 37 allmänhet
1329 1458 108 37 skola
1464 1456 204 51 påtvingas
1697 1457 310 48 medlemskap
1984 1452 27 61 i

404 1510 424 49 fattigvårdsstyrelser.
883 1511 79 37 Här
999 1511 123 49 gäller
1160 1510 64 37 det
1262 1510 97 37 blott
1400 1514 54 32 ett
1493 1508 92 37 fåtal
1627 1509 269 47 befattningar,
1926 1522 80 22 som

404 1561 196 37 dessutom
641 1562 122 48 enligt
804 1563 138 36 sakens
976 1568 110 31 natur
1117 1561 273 37 företrädesvis
1418 1561 152 36 komma
1599 1565 55 31 att
1681 1560 260 36 eftersträfvas
1971 1559 40 36 at

404 1612 142 37 sådana
584 1612 96 48 gifta
721 1613 172 49 qvinnor,
932 1613 129 37 hvilka
1088 1612 242 48 väsentligen
1358 1611 172 49 fullgjort
1558 1611 70 36 och
1656 1610 154 37 afslutat
1834 1610 45 36 de
1910 1616 97 30 mest

403 1663 342 50 maktpåliggande
787 1665 40 35 af
864 1664 46 37 de
950 1664 153 48 pligter,
1131 1664 187 36 utskottet
1345 1663 226 38 frammanat
1599 1667 79 31 mot
1705 1662 205 46 motionen,
1936 1661 71 36 och

397 1715 84 48 just
509 1715 129 36 derför
666 1729 71 33 ega
765 1716 143 36 rikaste
937 1714 325 37 lifserfarenheter
1290 1714 71 37 och
1381 1717 48 46 på
1450 1725 144 25 samma
1614 1717 105 45 gång
1737 1713 77 47 god
1833 1712 175 48 ledighet

405 1770 55 33 att
488 1771 164 32 omsätta
680 1766 112 38 dessa
819 1766 57 38 till
903 1780 105 35 gagn
1036 1766 112 38 äfven
1178 1766 56 36 för
1262 1765 65 37 det
1355 1766 202 37 allmänna.

534 1817 57 36 Då
618 1817 132 37 vidare
779 1818 115 48 lagen
922 1818 88 36 med
1037 1823 98 31 rätta
1162 1817 250 36 öfverlemnat
1440 1819 37 33 åt
1505 1816 169 48 väljarne
1705 1821 53 30 att
1782 1815 137 48 sjelfva
1939 1815 65 35 be-

403 1868 123 47 döma,
567 1868 13 37 1
606 1868 101 37 hvad
740 1872 86 34 mån
855 1868 169 48 manliga
1053 1873 98 32 samt
1179 1868 122 48 ogifta
1330 1867 170 50 qvinliga
1527 1867 234 36 ledamöters
1789 1866 217 49 privateko-

402 1919 175 37 nomiska
604 1919 264 38 förhållanden
896 1920 92 37 böra
1016 1919 63 37 vid
1106 1919 103 37 inval
1237 1919 11 36 i
1273 1917 414 50 fattigvårdsstyrelser
1706 1917 153 37 komma
1886 1916 120 37 under

403 1970 250 47 bedömande,
683 1974 41 33 så
751 1984 115 35 synes
896 1976 116 32 annat
1038 1970 243 37 förutseende
1309 1970 11 36 i
1350 1970 102 36 detta
1480 1969 180 36 afseende
1688 1968 85 37 icke
1801 1968 122 37 heller
1951 1981 56 23 er-

402 2021 148 37 fordras
578 2021 64 36 vid
669 2022 103 36 inval
800 2022 40 36 af
864 2023 95 47 gifta
988 2022 172 48 qvinnor.
1215 2020 74 37 Vid
1318 2021 109 36 valen
1457 2026 109 42 tages
1587 2020 61 36 väl
1677 2021 73 35 ock
1768 2020 12 35 i
1800 2019 209 36 allmänhet

404 2072 149 49 hänsyn
593 2072 272 37 företrädesvis
906 2073 56 36 till
991 2072 283 48 skickligheten
1302 2072 56 36 till
1386 2071 280 48 befattningen,
1694 2070 198 37 hvaremot
1920 2083 88 24 man

403 2123 147 37 mindre
592 2123 80 37 ofta
712 2123 93 37 eller
839 2124 123 48 aldrig
993 2123 71 36 hör
1090 2123 96 36 talas
1215 2136 59 22 om
1305 2128 53 31 att
1386 2122 180 48 farhågor
1593 2122 58 36 för
1677 2121 267 49 förskingring
1971 2121 41 36 af

403 2174 246 37 anförtrodda
690 2175 125 36 medel
853 2174 196 37 föranleda
1082 2174 58 37 till
1173 2173 302 37 framställandet
1504 2176 125 33 såsom
1658 2186 47 22 en
1733 2172 274 47 hufvudsaklig

402 2225 166 48 fordran,
598 2230 53 31 att
679 2225 73 37 alla
780 2225 424 49 styrelseledamöterna
1232 2224 107 37 skola
1360 2238 73 32 ega
1449 2224 202 37 afsevärda
1667 2223 251 37 ekonomiska
1933 2223 73 36 till-

402 2279 158 47 gångar.
589 2276 278 40 Erfarenheten
895 2277 102 37 visar
1024 2276 58 37 för
1110 2276 129 50 öfrigt,
1269 2281 54 31 att
1349 2275 95 49 gifta
1471 2275 173 50 qvinnor,
1673 2288 79 24 som
1781 2273 82 39 haft
1880 2277 126 45 någon
