1900 2820
634 160 231 30 Statsutskottets
886 162 145 28 memorial
1052 162 49 28 Nr
1123 163 49 29 99.
1621 161 40 31 15

825 440 69 46 Nr
925 445 68 41 99.

557 556 126 28 Ankom
706 556 49 28 till
779 556 188 37 riksdagens
990 557 104 28 kansli
1118 557 62 28 den
1204 557 38 28 25
1267 557 78 37 april
1372 557 78 28 1941
1477 558 42 27 kl.
1544 558 16 27 3
1578 566 25 20 e.
1618 567 41 19 m.

457 648 194 36 Memorial
691 649 14 35 i
745 649 194 48 anledning
982 662 44 23 av
1069 650 215 35 kamrarnas
1310 650 211 48 skiljaktiga
1552 651 110 35 beslut

555 708 185 49 angående
779 709 135 48 Kungl.
958 710 127 47 Maj:ts
1117 710 226 47 proposition
1379 710 191 49 angående
1599 710 62 36 lån

550 770 63 46 för
639 769 226 48 tillverkning
893 782 45 23 av
965 770 223 47 röntgenfilm
1215 783 46 22 m.
1291 783 46 22 m.

1448 844 61 42 (1:a
1532 845 85 41 avd.)

209 943 19 30 I
253 944 261 41 propositionen
539 956 40 20 nr
606 946 58 31 163
690 946 63 31 har
776 946 125 41 Kungl.
929 946 110 42 Maj:t,
1065 947 109 31 under
1199 947 216 42 åberopande
1441 958 41 20 av
1507 947 151 42 proposi-

156 993 119 32 tionen
300 994 107 42 bilagt
432 995 123 42 utdrag
579 1006 40 20 av
644 997 378 41 statsrådsprotokollet
1045 999 80 29 över
1149 998 295 32 handelsärenden
1469 999 55 31 för
1548 999 65 31 den
1639 999 18 31 7

156 1054 90 21 mars
273 1044 88 38 1941,
388 1045 178 42 föreslagit
591 1046 181 42 riksdagen
797 1049 49 29 att
870 1048 54 30 till
949 1048 74 31 Lån
1048 1048 53 31 för
1126 1048 221 42 tillverkning
1370 1059 41 21 av
1436 1049 221 41 röntgenfilm
1691 1073 4 7 .

157 1105 41 20 m.
219 1106 42 20 m.
280 1096 20 30 å
315 1095 210 42 tilläggsstat
541 1096 39 31 II
597 1096 53 32 till
669 1097 183 32 riksstaten
872 1098 53 31 för
942 1098 203 41 budgetåret
1163 1098 135 32 1940/41
1318 1101 19 29 å
1353 1098 304 42 kapitalbudgeten

156 1144 110 32 under
298 1145 127 32 fonden
459 1146 54 31 för
535 1146 266 33 låneunderstöd
834 1148 118 31 anvisa
986 1150 48 31 ett
1067 1149 349 42 reservationsanslag
1450 1160 41 21 av
1523 1150 135 38 600,000

155 1195 135 32 kronor.

211 1245 265 33 Statsutskottet
499 1247 87 32 hade
611 1248 11 30 i
648 1249 63 31 sitt
735 1249 174 32 utlåtande
934 1261 41 19 nr
1000 1250 38 31 78
1062 1250 184 38 hemställt,
1271 1252 50 30 att
1346 1250 182 42 riksdagen
1553 1253 104 30 måtte

156 1296 55 32 till
232 1297 73 31 Lån
327 1297 53 32 för
398 1298 222 42 tillverkning
640 1310 41 20 av
701 1300 221 41 röntgenfilm
942 1311 41 20 m.
1006 1311 41 20 m.
1070 1303 19 29 å
1109 1300 210 42 tilläggsstat
1338 1301 38 31 II
1397 1301 55 31 till
1473 1301 184 32 riksstaten

156 1347 55 31 för
233 1347 203 42 budgetåret
461 1348 134 32 1940/41
622 1351 112 30 såsom
758 1349 340 43 kapitalinvestering
1122 1351 12 30 i
1158 1351 129 31 fonden
1312 1351 53 32 för
1389 1352 268 32 låneunderstöd

156 1398 119 31 anvisa
298 1400 48 29 ett
368 1399 350 42 reservationsanslag
740 1411 41 20 av
803 1400 134 38 600,000
959 1400 133 32 kronor.

208 1448 20 31 I
245 1459 41 21 en
303 1449 58 31 vid
378 1449 185 32 utskottets
581 1450 175 31 utlåtande
774 1450 102 41 fogad
893 1451 210 31 reservation
1120 1451 88 32 hade
1225 1452 79 31 herr
1318 1452 180 32 Bernhard
1514 1452 142 32 Nilsson

156 1509 42 20 m.
221 1499 36 30 fl.
280 1498 183 39 hemställt,
486 1501 50 30 att
558 1500 181 41 riksdagen
761 1502 102 30 måtte
885 1501 55 31 till
962 1501 73 31 Lån
1058 1501 53 31 för
1132 1502 220 42 tillverkning
1373 1513 41 21 av
1435 1503 222 41 röntgenfilm

156 1560 42 20 m.
224 1560 41 20 m.
293 1551 19 29 å
335 1549 209 42 tilläggsstat
567 1550 38 31 II
629 1550 54 31 till
707 1550 183 32 riksstaten
915 1551 55 31 för
993 1551 202 41 budgetåret
1220 1552 134 32 1940/41
1380 1555 114 30 såsom
1518 1553 139 42 kapital-

155 1599 211 42 investering
381 1600 11 30 i
409 1600 128 31 fonden
554 1600 52 31 för
622 1600 266 32 låneunderstöd
904 1601 118 32 anvisa
1038 1603 47 29 ett
1102 1602 350 42 reservationsanslag
1466 1614 41 20 av
1522 1603 135 38 350,000

155 1649 134 32 kronor.

208 1743 120 41 Enligt
360 1744 169 31 utskottet
561 1744 290 32 tillhandakomna
883 1745 315 42 protokollsutdrag
1231 1746 61 31 har
1324 1747 108 31 första
1464 1747 192 32 kammaren

155 1793 91 32 visat
265 1794 190 31 utlåtandet
474 1796 73 30 åter
566 1794 53 31 till
639 1795 176 38 utskottet,
836 1796 108 31 under
964 1796 58 31 det
1040 1798 49 30 att
1109 1796 105 32 andra
1233 1796 192 33 kammaren
1444 1797 129 32 bifallit
1591 1798 65 31 vad

156 1843 168 32 utskottet
345 1844 184 32 hemställt.

209 1937 82 31 Med
311 1937 186 42 anledning
517 1948 40 21 av
577 1938 64 31 vad
663 1938 143 31 sålunda
827 1939 218 31 förekommit
1064 1939 51 32 får
1136 1939 168 32 utskottet
1323 1940 189 39 hemställa,

450 2014 51 29 att
527 2013 106 31 första
659 2013 192 32 kammaren
878 2015 54 30 må
959 2014 84 31 fatta
1069 2014 115 32 beslut
1211 2015 143 32 rörande
1382 2016 274 33 statsutskottets

408 2063 176 32 utlåtande
606 2074 41 20 nr
669 2063 49 32 78.

211 2121 197 32 Stockholm
432 2121 66 32 den
522 2121 39 32 25
584 2122 87 41 april
695 2122 90 31 1941.

653 2214 50 32 På
725 2215 273 32 statsutskottets
1022 2217 135 40 vägnar:

701 2289 31 31 J.
757 2290 38 30 B.
819 2289 290 32 JOHANSSON.
