1896 2836
341 164 19 31 6
682 163 398 33 Jordbruksutskottets
1107 162 189 34 utlåtande
1322 163 54 33 Nr
1397 163 53 30 54.

1555 344 140 36 Bilaga.

338 541 57 33 Av
414 541 375 37 kommerskollegium
809 542 189 36 upprättat

927 643 240 51 Förslag

1024 720 57 32 till

295 797 224 40 kungörelse
551 795 193 42 angående
783 797 183 29 allmänna
998 796 133 30 villkor
1158 796 69 30 och
1251 796 280 30 bestämmelser
1553 795 60 30 för
1635 793 61 31 lån
1719 792 82 32 från

403 859 142 29 statens
567 856 175 32 lånefond
765 858 59 30 för
846 858 113 39 inköp
983 866 46 21 av
1052 859 312 38 gasgeneratorer
1386 856 60 30 för
1468 855 225 31 motordrift.

336 970 134 37 Kungl.
490 970 110 38 Maj:t
617 971 67 31 har
701 990 42 5 —
759 971 109 32 sedan
885 970 195 37 riksdagen
1097 971 157 31 beslutat
1273 970 207 31 inrättande
1498 980 46 20 av
1563 979 45 21 en
1627 969 96 36 fond,
1743 968 54 32 be-

295 1014 134 32 nämnd
446 1015 136 31 statens
598 1013 173 33 lånefond
789 1014 55 31 för
861 1014 109 36 inköp
988 1023 45 22 av
1051 1015 294 35 gasgeneratorer
1364 1013 55 31 för
1436 1012 208 32 motordrift
1659 1031 42 4 —
1719 1013 78 30 fun-

295 1056 55 32 nit
367 1057 76 36 gott
463 1057 180 37 förordna,
662 1058 56 31 att
739 1057 56 31 för
814 1057 208 31 erhållande
1042 1057 64 31 och
1127 1055 326 38 tillgodonjutande
1474 1066 46 21 av
1538 1055 61 31 lån
1620 1055 84 32 från
1723 1055 74 31 fon-

297 1099 68 32 den
385 1100 102 31 skola
508 1100 96 37 gälla
628 1099 161 37 följande
813 1099 183 32 allmänna
1018 1099 131 31 villkor
1171 1099 65 32 och
1260 1098 277 32 bestämmelser:

1009 1193 69 37 18.

334 1254 98 32 Från
451 1256 135 31 statens
607 1254 172 33 lånefond
801 1255 55 31 för
877 1255 109 36 inköp
1009 1265 47 21 av
1077 1255 295 36 gasgeneratorer
1395 1254 56 31 för
1473 1253 207 33 motordrift
1702 1255 61 30 må
1784 1253 12 30 i

296 1297 67 32 den
383 1297 154 37 ordning
558 1298 64 31 och
644 1298 115 31 under
781 1298 41 32 de
842 1297 132 32 villkor
995 1297 67 32 här
1083 1298 117 31 nedan
1222 1299 82 35 sägs
1325 1297 180 31 utlämnas
1526 1297 62 31 lån
1609 1297 56 31 för
1687 1296 109 37 inköp

294 1350 47 22 av
365 1341 293 36 gasgeneratorer
683 1341 58 31 för
764 1340 207 32 motordrift
995 1341 80 31 med
1099 1340 181 31 inhemskt
1303 1339 142 32 bränsle
1469 1341 63 36 att,
1558 1340 56 31 för
1637 1340 158 31 använd-

294 1383 87 37 ning
405 1384 97 31 inom
525 1383 131 37 landet,
677 1384 180 31 monteras
882 1384 21 30 å
926 1383 205 37 automobil,
1156 1383 140 31 traktor
1320 1382 86 32 eller
1431 1392 121 22 annan
1576 1383 109 32 mobil
1710 1382 86 33 eller

294 1426 176 33 stationär
489 1428 123 30 motor.

1012 1511 69 37 2$.

333 1572 77 32 Lån
427 1574 59 30 må
504 1572 152 37 beviljas
674 1572 58 32 till
750 1572 135 37 belopp,
903 1573 252 31 motsvarande
1174 1573 69 31 den
1259 1572 164 37 verkliga
1441 1572 200 32 kostnaden
1659 1573 57 30 för
1734 1582 60 21 an-

293 1615 192 32 skaffande
506 1626 46 21 av
573 1616 254 36 gasgenerator
847 1616 81 31 med
947 1615 218 32 tillhörande
1183 1615 340 37 reningsapparater
1544 1615 66 32 och
1630 1615 163 37 gaskyla-

293 1668 38 22 re
346 1658 111 37 jämte
472 1659 152 32 kostnad
642 1659 58 31 för
715 1658 313 37 anordningarnas
1045 1658 258 38 anbringande,
1321 1659 89 31 dock
1426 1659 104 36 högst
1547 1659 89 36 1,200
1653 1659 140 31 kronor.

1007 1753 19 31 3
1048 1751 28 37 $.

332 1813 76 32 Lån
426 1815 59 29 må
503 1813 34 37 ej
557 1813 162 37 beviljas,
737 1814 82 31 med
836 1813 140 32 mindre
995 1814 183 32 sökanden
1198 1814 131 32 träffat
1347 1814 180 32 bindande
1547 1815 101 31 avtal
1665 1824 58 22 om
1741 1815 51 30 in-

292 1855 69 38 köp
379 1866 46 21 av
445 1857 269 36 gasgenerator;
734 1856 89 33 dock
841 1866 87 22 vare
947 1857 69 31 den
1037 1856 320 38 omständigheten,
1378 1859 53 30 att
1452 1857 113 37 enligt
1584 1857 138 32 avtalet
1742 1859 50 30 sö-

291 1898 141 32 kanden
451 1902 41 29 är
512 1900 142 31 bunden
673 1899 164 37 allenast,
856 1909 57 22 om
932 1899 60 32 det
1012 1900 102 31 sökta
1133 1899 99 32 lånet
1251 1900 162 36 beviljas,
1434 1900 33 36 ej
1488 1900 128 32 hinder
1638 1901 56 31 för
1714 1900 78 32 låns

291 1942 241 32 meddelande.

1008 2028 20 31 4
1049 2027 28 37 $.

330 2087 172 33 Ansökan
522 2098 56 22 om
597 2088 61 31 lån
679 2088 94 32 skall
794 2088 124 33 ställas
940 2089 58 32 till
1020 2088 372 37 kommerskollegium
1413 2090 65 31 och
1499 2089 184 33 innehålla
1704 2100 87 27 upp-

292 2131 79 37 gift,
392 2131 157 32 förutom
568 2132 21 30 å
609 2131 60 32 det
687 2131 105 32 sökta
811 2131 115 33 lånets
946 2131 137 37 belopp,
1103 2133 22 30 å
1145 2132 59 32 det
1225 2132 179 37 ändamål,
1423 2133 126 31 vartill
1569 2134 141 31 motorn
1730 2144 60 21 an-

288 2174 145 37 vändes,
455 2176 92 30 samt
570 2174 134 32 dennas
727 2175 167 30 ävensom
917 2175 299 35 gasgeneratorns
1237 2175 170 32 fabrikat.
1450 2176 72 32 Vid
1544 2176 247 37 ansökningen

290 2216 91 32 skall
401 2217 102 36 fogas
521 2216 120 37 styrkt
658 2216 159 32 avskrift
833 2227 46 21 av
895 2217 269 37 köpehandling
1183 2218 154 32 rörande
1357 2220 223 35 generatorn.

1002 2312 19 31 5
1043 2310 29 37 $.

328 2370 76 33 Lån
424 2371 155 38 beviljas
599 2381 48 22 av
670 2371 386 37 kommerskollegium,
1078 2382 75 22 som
1175 2373 132 33 härvid
1330 2374 197 32 fastställer
1548 2375 43 31 de
1614 2374 176 34 särskilda

288 2414 131 32 villkor
440 2415 57 31 för
515 2415 265 37 lånebeloppets
800 2415 164 36 lyftande
986 2415 65 32 och
1071 2416 224 37 åtnjutande,
1316 2427 74 22 som
1409 2419 59 30 må
1488 2418 122 32 finnas
1630 2418 159 37 påkalla-

290 2457 41 32 de
349 2457 12 31 i
380 2458 95 36 syfte
493 2459 54 31 att
564 2459 133 36 trygga
716 2458 180 37 beloppets
914 2459 239 32 användande
1172 2459 57 32 till
1245 2462 117 30 avsett
1379 2461 178 32 ändamål.
