2200 2624
722 109 111 30 Första
857 110 215 40 lagutskottets
1095 110 163 32 utlåtande
1285 112 49 30 Nr
1359 113 27 29 1.
1787 115 19 30 3

385 185 195 48 Härjämte
622 186 67 35 har
731 186 461 38 militicombudsmannen
1223 189 133 36 besökt
1384 189 165 49 följande
1578 192 273 48 truppförband

253 236 71 35 och
353 236 282 37 etablissement
663 238 10 35 i
704 237 218 37 Stockholm
966 239 90 36 eller
1097 240 86 36 dess
1218 240 239 37 omedelbara
1486 242 145 47 närhet,
1660 245 191 48 nämligen

252 287 173 37 Flottans
454 288 140 36 station
621 289 13 35 i
663 288 232 48 Stockholm,
912 290 210 37 Vaxholms
1147 292 413 48 grenadjärregemete,
1592 294 98 36 Svea
1718 295 134 48 ingen-

248 338 150 48 Jörkårs
428 339 553 50 fästningsingenjörkompani
1009 344 70 34 och
1108 344 421 48 infanteriskjutskolan
1558 348 20 32 å
1607 346 242 49 Rosersberg.

381 389 141 37 Vidare
565 392 185 46 förmäles,
792 397 56 31 att
886 393 119 36 under
1035 394 71 36 den
1135 395 65 45 tid,
1231 395 47 35 då
1305 395 462 39 militieombudsmannen
1796 401 54 33 åt-

252 440 117 49 njutit
396 440 171 49 ledighet
594 443 90 35 eller
712 449 192 42 semester,
934 445 354 47 tjänstförrättande
1304 446 461 38 militieombudsmannen
1786 450 64 36 fri-

252 492 107 35 herre
389 492 240 36 Cederström
658 494 180 47 företagit
865 495 252 37 ämbetsresor
1154 497 57 35 till
1240 488 306 57 Östergötlands,
1575 499 276 38 Kristianstads

252 543 70 35 och
368 543 215 37 Malmöhus
624 545 73 45 län,
739 545 131 36 varvid
917 546 74 36 han
1033 547 134 36 besökt
1209 548 459 47 tvångsarbetsanstalten
1696 552 12 34 i
1735 552 117 36 Norr-

251 594 157 48 köping,
452 595 504 49 militärkommenderingen
994 598 11 35 i
1033 598 257 50 Norrköping,
1319 599 136 37 Första
1485 601 366 50 livgrenadjärrege-

251 650 155 42 mentet,
450 646 130 36 Andra
614 647 504 50 livgrenadjärregementet,
1149 649 163 50 Östgöta
1344 652 198 48 trängkår,
1572 654 279 48 straffängelset

250 697 12 34 i
290 697 232 49 Linköping,
566 699 119 36 Norra
725 700 164 35 skånska
931 700 425 50 infanteriregementet,
1391 703 164 36 Wendes
1585 705 265 49 artillerirege-

249 755 139 40 mente,
418 750 280 48 straffängelset
738 752 12 34 i
790 751 268 50 Kristianstad,
1089 752 173 38 Skånska
1290 754 394 50 dragonregementet,
1713 757 136 36 krono-

250 800 133 36 häktet
411 801 11 35 i
451 800 133 48 Ystad,
614 802 171 36 Flottans
814 802 401 52 Öresundsavdelning
1235 805 70 36 och
1320 807 333 47 centralfängelset
1675 808 7 35 i
1696 808 151 40 Malmö.

378 852 196 47 Därjämte
610 853 68 35 har
706 854 156 35 friherre
894 854 241 37 Cederström
1165 864 122 28 såsom
1317 857 354 48 tjänstförrättande
1699 860 149 36 militie-

250 902 249 36 ombudsman
528 903 10 36 i
568 904 206 48 anledning
803 918 46 22 av
877 905 191 49 klagomål
1096 907 174 37 förrättat
1298 908 218 50 inspektion
1544 912 20 33 å
1584 910 151 37 flottans
1756 925 93 22 varv

249 954 12 35 i
291 952 231 38 Stockholm.

378 1005 129 37 Under
548 1006 298 38 ämbetsresorna
888 1009 98 36 hava
1014 1015 94 31 även
1135 1011 499 50 rullföringsexpeditioner,
1664 1015 186 37 särskilda

248 1056 59 37 för
335 1058 427 37 neutralitetsförsvaret
790 1060 165 37 avsedda
984 1062 250 49 avdelningar
1263 1076 45 22 av
1333 1066 130 35 armén
1485 1071 98 30 samt
1603 1066 245 37 landstorms-

247 1109 127 49 förråd
417 1109 70 36 och
528 1110 103 36 vissa
672 1111 117 37 andra
828 1112 125 36 förråd
983 1112 164 38 besökts.
1203 1115 17 35 I
1249 1117 120 46 några
1397 1116 64 36 fall
1491 1117 96 36 hava
1615 1123 133 32 utöver
1775 1120 72 35 vad

247 1173 46 23 av
335 1157 62 39 det
434 1162 254 36 ovanstående
716 1163 167 48 framgår
911 1164 261 50 örlogsfartyg
1199 1166 167 48 besökts,
1397 1167 46 36 då
1471 1169 141 36 sådana
1640 1171 208 47 uppehållit

248 1212 60 48 sig
337 1215 20 33 å
382 1212 113 48 plats,
525 1226 80 23 som
634 1213 145 38 berörts
809 1228 45 23 av
882 1216 242 37 ämbetsresa.

377 1263 129 37 Under
534 1265 309 48 inspektionerna
870 1267 69 36 har
967 1268 460 38 militieombudsmannen
1455 1271 149 37 biträtts
1626 1286 45 22 av
1692 1286 45 23 en
1757 1274 90 36 eller

246 1314 90 36 flera
366 1328 47 22 av
442 1315 308 48 tjänstemännen
779 1318 64 35 vid
872 1319 673 51 militieombudsmansexpeditionen
1575 1330 98 30 samt
1696 1325 11 35 i
1727 1328 118 45 några

247 1366 63 36 fall
348 1366 142 49 jämväl
520 1381 45 22 av
592 1381 46 22 en
666 1368 354 50 byggnadskunnig
1049 1371 137 37 officer.
1244 1372 74 37 Vid
1346 1374 267 49 inspektionen
1642 1389 46 22 av
1715 1382 130 48 trupp-

245 1417 163 37 förband
430 1418 97 36 hava
547 1419 401 50 krigsrättsprotokoll,
969 1422 309 49 krigsdomarnas
1299 1425 136 36 diarier
1455 1433 99 30 samt
1573 1428 272 49 anteckningar

246 1474 88 32 över
354 1470 240 49 disciplinära
614 1472 292 50 bestraffningar
925 1474 70 36 och
1016 1475 219 37 meddelade
1255 1476 355 51 tillrättavisningar
1628 1480 213 47 granskats.

209 1518 185 40 Genom
437 1522 340 50 byråintendenten
818 1525 69 35 har
927 1526 217 37 verkställts
1181 1528 353 50 kassainventering
1561 1536 178 32 ävensom
1770 1532 73 37 för-

243 1573 324 49 rådsinspektion;
599 1576 199 37 mestadels
827 1577 68 36 har
923 1577 184 49 därjämte
1135 1579 245 50 inventering
1407 1586 67 43 ägt
1501 1595 81 22 rum
1612 1582 232 38 beträffande

245 1630 57 31 ett
344 1625 89 37 eller
473 1626 90 36 flera
604 1628 83 47 slag
728 1642 47 22 av
806 1629 192 48 persedlar
1026 1630 91 36 eller
1145 1632 154 35 artiklar
1326 1632 12 35 i
1367 1632 187 37 förråden.
1611 1634 136 37 "Tillika
1775 1636 68 35 har

244 1678 336 47 uppmärksamhet
606 1684 137 43 ägnats
772 1680 229 37 kasernvård
1030 1682 70 36 och
1129 1682 228 49 hygieniska
1385 1684 271 38 förhållanden.
1705 1687 17 35 I
1746 1700 97 23 sam-

244 1728 100 36 band
386 1729 84 36 med
513 1730 307 49 inspektionerna
861 1746 46 22 av
948 1733 278 49 truppförband
1267 1735 96 36 hava
1403 1741 96 31 även
1533 1738 311 37 arrestlokalerna

244 1780 165 37 besökts.
465 1781 56 36 De
549 1781 12 36 i
590 1782 236 38 förestående
866 1784 241 49 redogörelse
1149 1787 230 36 omnämnda
1419 1788 168 37 besöken
1628 1792 21 33 å
1690 1790 45 36 de
1777 1791 65 35 all-

242 1836 139 32 männa
410 1833 337 38 straffanstalterna
775 1836 95 36 hava
898 1836 238 37 uteslutande
1165 1844 121 31 avsett
1314 1852 192 36 personer,
1536 1853 80 23 som
1646 1854 46 23 av
1720 1842 122 49 krigs-

244 1884 165 36 domstol
438 1884 124 38 dömts
591 1886 56 36 till
676 1887 251 37 frihetsstraff.

373 1978 98 47 Över
499 1989 46 36 de
574 1990 121 36 under
722 1993 78 35 året
827 1991 218 49 handlagda
1074 1993 164 37 ärenden
1267 1995 193 37 meddelas
1487 1997 11 35 i
1519 1996 322 38 ämbetsberättel-

242 2052 67 23 sen
339 2040 167 48 följande
535 2042 180 36 översikt:

371 2091 73 37 »På
472 2097 75 32 sätt
575 2093 480 39 militieombudsmannens
1084 2097 347 38 ämbetsberättelse
1459 2100 56 36 till
1543 2101 96 36 1918
1669 2104 58 33 års
1746 2101 95 36 riks-

243 2143 76 49 dag
354 2144 145 36 utvisar
527 2144 204 38 kvarstodo
759 2147 64 36 vid
851 2146 135 50 början
1015 2161 45 23 av
1090 2152 40 33 år
1161 2150 97 36 1918
1289 2149 80 37 från
1399 2153 40 34 år
1471 2153 95 35 1917
1597 2152 244 38 balanserade

241 2195 164 37 ärenden
434 2195 57 36 till
519 2201 53 31 ett
600 2198 100 35 antal
730 2211 991 30 AV...meeemssmsssmmstnessnnssnnsrnssnnsssss
1617 2191 105 60 ss
1752 2206 75 34 260
