2226 2616
395 110 19 31 DD

813 108 119 31 Första
955 107 215 41 lagutskottets
1193 105 163 32 utlåtande
1379 105 53 31 Nr
1456 106 31 30 I.

484 186 467 37 Militieombudsmannen
981 184 192 36 meddelar
1201 184 58 36 till
1283 197 47 22 en
1349 184 149 48 början,
1520 188 55 30 att
1593 182 75 36 han
1689 182 57 36 för
1766 189 53 30 att
1839 183 132 36 kunna

351 240 167 48 fullgöra
538 244 53 31 ett
611 252 46 22 av
676 237 204 37 statsrådet
900 237 67 36 och
992 236 134 36 chefen
1146 236 60 36 för
1221 235 454 48 justitiedepartementet
1695 234 120 48 enligt
1833 235 138 48 nådigt

350 289 311 51 bemyndigande
703 289 142 36 honom
887 288 203 36 anförtrott
1116 287 179 50 uppdrag
1323 292 54 30 att
1405 286 152 36 biträda
1585 286 64 35 vid
1678 285 215 47 beredning
1922 299 48 23 av

350 344 98 34 visst
490 341 139 36 ärende
671 341 102 36 inom
820 340 121 48 sagda
982 340 263 48 departement
1287 338 197 48 begagnat
1521 337 60 47 sig
1610 350 46 22 av
1684 337 174 48 ledighet
1886 336 85 36 från

351 391 577 39 militieombudsmansämbetet
955 391 86 36 från
1069 391 71 36 och
1169 390 87 36 med
1285 389 72 37 den
1372 384 23 58 8
1429 389 58 36 till
1508 389 70 35 och
1599 388 86 36 med
1706 388 73 36 den
1802 390 46 34 10
1868 400 102 24 mars

351 449 100 32 samt
478 444 86 36 från
593 444 72 36 och
693 443 86 36 med
808 443 73 36 den
912 444 46 34 13
989 455 99 23 mars
1117 442 57 36 till
1203 441 71 37 och
1302 441 86 36 med
1417 440 74 37 den
1520 442 21 33 6
1572 440 105 48 april,
1708 444 180 31 ävensom
1916 445 55 30 att

350 497 77 35 han
468 495 121 36 under
629 495 104 36 tiden
775 495 83 36 från
900 494 72 36 och
1017 494 85 36 med
1145 493 73 36 den
1257 494 46 34 23
1333 491 160 37 oktober
1519 492 58 35 till
1606 491 70 36 och
1705 491 86 36 med
1819 490 72 36 den
1923 492 46 34 16

351 547 208 37 november
600 552 100 30 samt
740 546 85 36 från
866 545 73 37 och
980 546 85 35 med
1102 546 73 35 den
1205 546 47 35 25
1282 544 206 37 november
1515 543 58 36 till
1601 543 71 36 och
1695 543 92 35 med
1817 542 73 36 den
1922 544 49 33 14

351 599 199 36 december
591 598 196 49 begagnat
828 598 62 47 sig
933 611 47 22 av
1021 596 73 37 den
1135 595 461 37 militieombudsmannen
1638 593 122 49 enligt
1789 595 47 34 23
1865 592 21 50 $
1914 594 57 35 uti

352 651 74 36 den
470 650 57 36 för
569 650 142 36 honom
745 649 180 49 gällande
958 648 283 37 instruktionen
1269 646 291 37 tillkommande
1587 650 74 31 rätt
1689 646 57 35 till
1775 649 192 32 semester.

351 702 132 37 Under
528 701 292 48 ifrågavarande
848 700 176 50 perioder
1052 700 68 36 har
1149 697 587 47 militieombudsmansämbetet,
1765 697 120 48 enligt
1904 696 65 36 be-

350 753 240 36 stämmelser
618 753 13 35 1
659 766 146 22 samma
833 752 193 48 paragraf,
1055 751 232 49 uppehållits
1308 764 45 23 av
1369 749 373 48 häradshövdingen,
1765 748 79 36 före
1864 748 105 36 detta

350 804 449 37 revisionssekreteraren
828 804 159 36 friherre
1002 803 95 36 Bror
1127 803 89 36 Carl
1245 802 257 46 Cederström,
1530 801 129 36 vilken
1678 814 68 22 var
1761 799 138 37 utsedd
1916 805 55 30 att

352 855 207 37 efterträda
589 855 466 36 militieombudsmannen
1083 855 12 35 i
1123 854 182 36 händelse
1333 867 47 22 av
1408 853 97 36 hans
1522 855 153 45 avgång
1691 852 83 36 från
1790 851 177 36 ämbetet.

484 933 17 35 I
530 933 231 36 berättelsen
791 933 247 35 omförmäles
1066 932 180 46 härefter,
1281 936 56 30 att
1362 929 467 37 militieombudsmannen
1848 928 122 36 under

355 988 40 33 år
445 986 97 34 1918
591 984 182 47 företagit
819 984 253 36 ämbetsresor
1113 983 57 36 till
1206 981 335 47 Södermanlands,
1571 980 168 47 Kalmar,
1752 979 217 54 Blekinge,

352 1036 295 47 Kristianstads,
694 1035 228 46 Malmöhus,
969 1035 197 46 Hallands,
1215 1034 219 48 Göteborgs
1468 1033 71 35 och
1567 1032 143 47 Bohus,
1740 1031 228 49 Alvsborgs,

354 1087 252 48 Skaraborgs,
635 1087 242 46 Värmlands,
908 1086 273 49 Kopparbergs
1211 1086 70 36 och
1310 1085 244 46 Gävleborgs
1581 1084 74 35 län.
1713 1082 131 37 Under
1860 1083 110 35 dessa

353 1152 108 23 resor
508 1139 69 36 har
622 1139 76 36 han
742 1139 58 35 för
842 1138 190 45 ändamål,
1070 1151 81 22 som
1199 1150 107 23 avses
1347 1137 13 35 i
1404 1138 46 34 12
1482 1136 71 36 och
1590 1137 45 34 18
1656 1134 44 49 $$
1729 1148 47 22 av
1804 1134 166 36 instruk-

354 1191 141 47 tionen,
525 1190 136 36 besökt
690 1189 321 37 Södermanlands
1026 1195 229 43 regemente,
1272 1188 239 36 Karlskrona
1526 1187 442 48 grenadjärregemente,

355 1242 285 48 straffängelset
681 1242 11 35 i
735 1242 247 45 Karlskrona,
1024 1240 468 49 tvångsarbetsanstalten
1537 1239 13 35 i
1590 1238 248 46 Karlskrona,
1868 1236 102 37 Göta

352 1294 271 47 ingenjörkårs
662 1292 575 49 fästningsingenjörkompani,
1278 1292 172 35 Flottans
1493 1290 136 36 station
1670 1289 13 36 i
1719 1288 250 47 Karlskrona,

353 1345 239 36 Karlskrona
621 1345 468 47 kustartilleriregemente
1113 1344 122 48 jämte
1263 1341 345 50 Kungsholmsfort
1629 1341 72 37 och
1722 1340 247 47 Öscarsvärn,

352 1396 258 36 kronohäktet
649 1397 13 34 i
696 1396 244 46 Karlshamn,
972 1394 176 37 Skånska
1175 1395 244 48 trängkåren,
1451 1393 173 37 Skånska
1652 1393 317 47 husarregemen-

352 1453 75 31 tets
474 1447 253 49 avdelningar
767 1447 13 36 i
821 1446 263 49 Hälsingborg
1111 1446 72 36 och
1212 1446 263 46 Landskrona,
1502 1444 256 37 kronohäktet
1785 1444 12 35 i
1823 1443 148 36 Lands-

351 1500 133 45 krona,
516 1498 120 37 Södra
664 1499 169 36 skånska
860 1498 433 50 infanteriregementet,
1314 1497 287 48 Kronprinsens
1618 1497 351 46 husarregemente,

352 1551 341 48 centralfängelset
734 1550 12 35 i
786 1550 155 46 Malmö,
983 1550 172 52 Flottans
1199 1547 416 49 OÖresundsavdelning,
1639 1546 193 54 Hallands
1859 1559 111 35 rege-

352 1608 139 40 mente,
521 1602 255 36 kronohäktet
805 1602 12 35 i
845 1601 216 47 Halmstad,
1089 1601 217 47 Älvsborgs
1335 1600 174 48 fästning
1537 1599 70 36 och
1627 1599 216 48 Ålvsborgs
1863 1597 107 36 kust-

353 1653 238 47 artillerikår,
620 1653 258 36 Kustflottans
908 1653 72 36 och
1009 1652 156 36 flottans
1195 1651 441 48 Göteborgsavdelning,
1667 1650 101 36 Göta
1797 1649 173 36 artilleri-

352 1711 231 42 regemente,
613 1705 337 48 centralfängelset
992 1707 21 33 å
1053 1703 208 46 Härlanda,
1300 1702 375 53 skeppsgossekåren
1703 1702 12 35 i
1743 1700 227 47 Marstrand,

352 1757 215 36 Bohusläns
612 1762 232 42 regemente,
891 1756 255 35 kronohäktet
1182 1755 12 35 i
1222 1754 223 47 Uddevalla,
1492 1753 216 48 Ålvsborgs
1735 1757 234 44 regemente,

352 1808 192 48 Västgöta
572 1814 233 41 regemente,
835 1807 283 48 straffängelset
1146 1806 12 36 i
1186 1806 261 47 Vänersborg,
1479 1805 240 47 Skaraborgs
1733 1809 236 43 regemente,

353 1860 330 48 Livregementets
711 1859 170 47 husarer,
912 1858 102 37 Göta
1040 1858 195 48 trängkår,
1269 1857 273 49 remontdepån
1571 1859 20 33 å
1620 1856 189 46 Gudhem,
1841 1855 131 35 Karls-

353 1911 119 48 borgs
501 1911 174 48 fästning
703 1911 86 35 med
819 1910 237 36 därvarande
1084 1910 164 35 militära
1277 1909 283 36 etablissement
1588 1908 71 36 och
1678 1906 292 50 truppförband,

354 1963 195 47 nämligen
579 1962 388 48 artilleribataljonen,
1011 1961 100 36 Göta
1152 1961 250 48 ingenjörkår
1431 1959 120 49 (utom
1581 1958 390 49 fästningsingenjör-

353 2013 252 49 kompaniet),
635 2014 151 35 arméns
815 2012 385 48 intendenturförråd,
1239 2011 479 49 intendenturkompaniet,
1747 2009 223 49 garnisons-

355 2065 214 49 sjukhuset,
614 2065 449 36 ammunitionsfabriken
1104 2064 72 36 och
1204 2063 505 44 infanterivolontärskolan,
1739 2060 231 38 Värmiands

354 2122 231 43 regemente,
615 2116 284 48 straffängelset
926 2116 12 35 i
968 2116 191 47 Karlstad,
1203 2115 324 49 Dalregementet,
1562 2113 254 37 Rommeheds
1843 2113 127 48 läger-

354 2169 99 48 plats
497 2168 85 36 med
629 2168 68 36 där
742 2168 247 48 tillfälligtvis
1036 2167 175 48 förlagda
1258 2167 136 47 skolor,
1432 2166 188 48 Hälsinge
1648 2168 219 45 regemente
1896 2163 74 37 och

355 2219 284 49 straftängelset
667 2220 12 35 i
709 2219 129 37 Gävle.
