1906 2836
567 154 263 30 Statsutskottets
853 150 167 30 utlåtande
1043 150 45 27 Nr
1106 149 48 28 92.
1574 139 37 30 27

110 235 63 31 Om
195 234 42 31 de
260 233 175 31 nedsättas
458 231 55 31 till
535 230 140 36 hälften,
699 229 144 40 uppstår
866 237 41 20 en
929 224 185 41 besparing
1137 225 18 28 å
1180 221 112 38 12,000
1316 220 132 30 kronor.
1484 217 126 31 Vidare

109 277 97 32 torde
234 274 307 33 resekostnaderna
570 273 53 30 för
650 268 461 44 nykterhetsinspektörerna
1139 265 115 30 kunna
1282 263 125 30 fixeras
1437 260 53 31 för
1519 258 93 40 varje

110 320 65 37 län,
203 319 126 31 liksom
357 317 95 31 fallet
481 318 37 29 är
548 314 75 32 med
651 309 489 44 fattigvårdskonsulenternas
1171 304 246 37 reseområden,
1449 302 63 31 och
1542 301 71 31 här-

110 363 135 40 igenom
271 360 97 32 torde
393 359 121 30 vinnas
539 357 71 31 viss
635 355 193 42 besparing,
855 351 167 33 måhända
1047 350 92 38 5,000
1165 349 134 30 kronor.
1336 346 54 31 En
1416 344 197 42 ytterligare

111 404 184 42 besparing
315 402 111 31 kunde
447 400 251 32 åstadkommas
720 407 121 31 genom
862 394 196 40 minskning
1078 403 40 20 av
1139 391 128 32 antalet
1288 389 187 31 ledamöter
1496 387 11 30 i
1529 387 85 30 läns-

112 446 209 32 nämnderna
338 444 53 31 till
409 444 27 37 2,
457 441 230 33 ordföranden
706 440 63 31 och
788 439 145 31 läkaren.
965 435 153 33 Sålunda
1137 433 111 32 skulle
1267 430 264 41 länsstyrelsens
1553 428 62 31 och

111 489 228 40 landstingets
366 487 23 40 (i
420 486 93 31 vissa
544 484 61 31 fall
636 485 84 29 även
751 477 343 42 stadsfullmäktiges)
1131 476 274 41 representanter
1436 471 179 32 undvaras.

113 530 237 43 Besparingen
375 528 109 32 skulle
510 528 115 30 kunna
650 524 201 43 uppskattas
876 522 54 32 till
958 520 122 39 10,000.
1117 519 18 31 I
1161 519 144 31 motsats
1331 516 53 31 till
1410 513 206 42 föregående

114 575 129 39 förslag
261 573 110 31 skulle
390 569 247 33 länsnämnden
655 569 12 30 i
687 568 94 31 detta
801 576 118 22 senare
939 563 130 40 förslag
1088 562 135 31 kvarstå
1244 559 63 32 och
1326 559 44 31 ha
1390 567 126 22 samma
1536 566 80 30 upp-

115 617 101 41 gifter
238 626 74 21 som
332 615 53 30 för
405 612 218 32 närvarande.
932 609 3 3 |

169 701 88 32 Över
281 696 456 45 besparingsberedningens
764 691 226 44 promemoria
1013 691 87 30 hava
1125 687 183 42 yttranden
1333 684 186 32 infordrats
1546 682 74 31 från

117 751 286 41 socialstyrelsen,
430 747 286 41 länsstyrelserna
743 745 12 30 i
782 743 157 41 samtliga
966 742 66 36 län,
1061 739 247 32 statskontoret
1336 738 86 29 samt
1450 733 170 42 styrelsen

118 804 52 30 för
197 804 132 30 statens
356 797 313 35 alkoholistanstalt
707 798 8 29 å
742 795 193 40 Venngarn.
976 789 287 42 Socialstyrelsen
1290 787 61 31 har
1378 785 77 32 med
1483 784 62 32 sitt
1573 785 48 29 ut-

119 853 136 32 låtande
285 851 209 32 överlämnat
523 848 182 41 yttranden
735 846 76 31 från
841 844 157 40 samtliga
1028 836 450 46 länsnykterhetsnämnder.
1520 835 102 30 Dess-

114 906 94 29 utom
231 903 63 31 har
317 900 157 43 yttrande
501 897 179 33 inkommit
704 897 76 30 från
806 894 158 41 Sveriges
989 890 347 43 nykterhetsvänners
1360 882 260 35 landsförbund.

118 954 159 32 Börande
300 951 187 32 innehållet
509 950 11 31 i
544 949 100 31 dessa
666 946 183 43 yttranden
871 943 160 32 hänvisar
1054 941 166 31 utskottet
1243 938 55 31 till
1321 937 65 31 den
1409 935 115 32 därför
1546 934 77 30 läm-

121 1005 87 31 nade
227 1003 243 42 redogörelsen
489 1003 19 29 å
528 1001 63 31 sid.
612 998 102 33 7—15
733 998 17 50 i
764 996 270 43 propositionen.

173 1086 389 43 Departementschefen
581 1085 62 31 har
661 1084 12 31 i
694 1084 97 40 fråga
811 1093 53 20 om
885 1076 457 45 besparingsberedningens
1365 1073 128 40 förslag
1514 1071 114 31 anfört

124 1140 164 41 följande:

175 1195 506 44 Länsnykterhetsnämnderna
708 1194 87 30 hava
823 1191 125 31 hittills
977 1189 88 31 varit
1093 1189 12 30 i
1134 1185 215 33 verksamhet
1378 1183 144 31 allenast
1551 1181 76 31 kort

125 1243 58 31 tid.
222 1242 53 31 De
302 1239 188 32 inrättades
517 1237 171 40 nämligen
715 1245 122 31 genom
864 1244 42 20 en
932 1232 59 31 vid
1020 1230 81 32 1938
1128 1231 54 29 års
1211 1227 138 41 riksdag
1376 1224 160 33 beslutad
1563 1224 65 39 lag-

125 1285 154 39 ändring,
306 1294 73 21 som
403 1281 121 32 trädde
549 1280 13 30 i
587 1279 90 31 kraft
703 1278 66 31 den
797 1278 16 29 1
840 1275 133 42 januari
1000 1273 91 32 1939.
1129 1270 264 42 Lagändringen
1420 1267 169 40 föreslogs
1618 1265 11 30 i

126 1327 186 40 anledning
341 1336 39 20 av
410 1326 49 29 att
489 1322 173 41 åtskilliga
691 1319 260 40 anmärkningar
982 1314 202 33 framställts
1215 1314 71 30 mot
1316 1310 313 42 nykterhetsnämn-

127 1371 122 30 dernas
271 1370 69 30 sätt
361 1369 49 29 att
430 1365 194 40 ombesörja
645 1361 328 43 nykterhetsvården
995 1359 64 31 och
1080 1360 50 29 att
1151 1367 77 20 man
1251 1355 140 31 allmänt
1412 1352 142 32 kommit
1576 1350 54 31 till

127 1412 106 32 insikt
258 1422 54 20 om
337 1412 48 29 att
408 1408 158 41 åtgärder
590 1409 106 28 måste
720 1405 156 40 vidtagas
901 1403 53 31 för
978 1403 50 29 att
1054 1402 80 29 ernå
1159 1410 42 20 en
1225 1397 161 40 bättring.
1422 1395 69 31 Det
1516 1404 113 29 organ,

128 1466 72 20 som
227 1455 124 38 ansågs
376 1451 177 40 behövligt
580 1450 53 30 för
659 1446 200 37 ändamålet,
888 1444 110 32 skulle
1025 1443 73 31 icke
1126 1441 122 32 endast
1275 1441 102 29 utöva
1404 1437 120 40 tillsyn
1552 1437 80 29 över

128 1498 41 30 de
186 1495 216 32 kommunala
419 1490 411 43 nykterhetsnämnderna
849 1489 81 29 utan
949 1488 85 29 även
1052 1485 112 30 lämna
1182 1483 78 31 dem
1278 1479 206 43 vägledning
1503 1478 64 31 och
1586 1477 46 31 bi-

129 1539 101 32 stånd
245 1540 87 29 samt
348 1539 78 28 över
441 1535 118 31 huvud
574 1535 102 30 utöva
691 1533 54 31 sin
760 1529 214 33 verksamhet
990 1530 44 39 på
1050 1528 76 36 sätt,
1144 1536 73 21 som
1232 1535 81 20 vore
1329 1524 100 40 ägnat
1445 1523 50 29 att
1511 1519 122 40 främja

127 1584 47 29 ett
197 1577 279 35 förtroendefullt
498 1575 190 33 samarbete
710 1573 77 31 med
812 1572 41 31 de
874 1568 218 33 kommunala
1112 1563 419 45 nykterhetsnämnderna.
1555 1561 78 30 För-

125 1624 110 41 slaget
252 1624 49 29 att
318 1620 183 42 tillgodose
519 1617 148 32 nämnda
682 1616 90 41 syfte
791 1624 121 32 genom
929 1609 245 44 upprättandet
1190 1619 40 20 av
1243 1605 387 42 länsnykterhetsnämn-

129 1666 59 31 der
221 1665 88 31 hade
343 1662 115 32 väckts
483 1672 41 20 av
547 1653 617 47 rusdryckslagstiftningsrevisionen
1187 1651 12 30 i
1224 1650 78 31 dess
1326 1651 37 28 år
1386 1647 81 31 1934
1491 1645 143 41 avgivna

128 1706 225 34 betänkande.
383 1705 68 31 Det
481 1703 88 31 hade
600 1699 190 34 emellertid
822 1700 84 29 även
936 1694 230 33 framkommit
1195 1691 129 41 förslag
1353 1690 53 31 till
1436 1688 107 32 andra
1572 1687 63 30 lös-

129 1751 121 40 ningar
284 1751 112 29 såsom
430 1744 213 33 anställande
678 1754 40 20 av
753 1740 167 33 särskilda
953 1734 425 45 nykterhetskonsulenter
1411 1732 84 30 eller
1528 1729 107 32 utvid-

130 1792 109 42 gande
274 1802 40 20 av
349 1788 214 42 fattigvårds-
597 1786 63 31 och
692 1780 495 35 barnavårdskonsulenternas
1222 1775 156 42 uppdrag
1411 1776 49 28 att
1494 1772 142 31 omfatta

131 1838 83 29 även
254 1830 337 44 nykterhetsvården.
632 1828 122 31 Såsom
793 1823 246 41 föredragande
1079 1817 331 45 departementschef
1446 1816 12 29 i
1497 1813 140 33 ärendet

132 1877 166 32 stannade
322 1876 55 40 jag
399 1874 57 30 vid
478 1872 91 31 valet
595 1870 122 32 mellan
742 1868 91 31 olika
856 1864 234 42 föreliggande
1114 1860 181 33 alternativ
1319 1860 52 29 för
1395 1857 165 40 förslaget
1584 1866 53 20 om

133 1918 193 32 inrättande
357 1928 40 19 av
426 1909 451 46 länsnykterhetsnämnder.
918 1906 225 32 Beträffande
1174 1903 150 31 motiven
1354 1902 54 29 för
1437 1900 94 30 detta
1562 1897 75 31 mitt

133 1957 329 44 ställningstagande
484 1957 53 30 får
558 1956 56 39 jag
633 1953 143 31 hänvisa
798 1951 53 31 till
873 1950 58 30 det
950 1948 59 31 vid
1031 1945 260 43 propositionen
1313 1944 11 29 i
1345 1941 146 32 nämnda
1514 1939 123 32 ärende

134 2003 122 42 fogade
283 1996 386 44 statsrådsprotokollet.

188 2047 77 30 Den
290 2056 40 19 av
353 2039 437 44 besparingsberedningen
814 2047 46 19 nu
885 2034 117 31 väckta
1027 2033 118 39 frågan
1170 2041 54 20 om
1250 2026 390 42 länsnykterhetsnämn-

137 2089 123 31 dernas
287 2085 164 42 slopande
477 2084 62 30 har
565 2080 197 33 tillkommit
789 2079 11 30 i
827 2078 89 40 syfte
943 2077 50 30 att
1019 2073 191 40 nedbringa
1236 2070 229 32 kostnaderna
1493 2068 53 31 för
1575 2067 65 31 den

137 2128 276 34 kontrollerande
438 2126 63 31 och
526 2123 206 42 rådgivande
756 2119 258 33 verksamheten
1039 2119 43 39 på
1106 2116 94 30 detta
1224 2113 146 32 område.
1406 2112 54 30 Då
1485 2111 58 30 det
1568 2109 72 31 icke

138 2173 109 40 gjorts
268 2170 155 42 gällande
444 2170 103 29 annat
568 2169 42 28 än
631 2167 48 29 att
700 2165 42 30 de
762 2161 216 33 kommunala
998 2155 410 44 nykterhetsnämnderna
1430 2151 211 33 fortfarande

133 2215 133 31 behöva
286 2223 78 20 vara
384 2208 250 33 underkastade
653 2204 150 33 kontroll
824 2203 62 31 och
905 2204 57 29 äro
984 2201 10 30 i
1014 2199 112 31 behov
1146 2209 40 20 av
1206 2195 214 42 vägledning.
1442 2204 103 30 synes
1566 2202 75 20 man

139 2257 57 31 vid
222 2253 229 34 bedömandet
479 2263 39 20 av
545 2245 456 46 besparingsberedningens
1030 2242 128 39 förslag
1184 2241 87 30 hava
1298 2240 49 30 att
1374 2240 77 37 taga
1479 2235 164 40 ställning

135 2299 52 30 till
224 2297 74 31 dels
334 2294 168 32 huruvida
537 2265 649 70 länsnykterhetsnämndinstitutionen
1212 2283 37 28 är
1274 2280 11 30 i
1310 2279 62 31 och
1398 2279 52 29 för
1475 2277 54 40 sig
1553 2278 89 28 över-

140 2342 117 39 lägsen
284 2339 58 30 det
367 2334 189 37 alternativ,
584 2344 73 21 som
682 2330 172 33 förordats
881 2340 40 19 av
946 2322 449 45 besparingsberedningen,
1423 2320 84 31 eller
1533 2329 111 20 annan

142 2382 143 32 tänkbar
317 2377 242 42 organisation,
592 2375 73 31 dels
698 2373 71 36 ock,
803 2371 113 31 därest
949 2371 37 29 så
1018 2378 100 21 anses
1140 2376 79 20 vara
1241 2364 105 36 fallet,
1368 2361 169 32 huruvida
1560 2361 84 30 läns-

142 2420 409 45 nykterhetsnämnderna
574 2418 57 30 det
653 2416 115 31 oaktat
790 2413 72 31 icke
884 2412 84 31 böra
990 2408 192 33 bibehållas
1205 2408 44 39 på
1272 2405 109 41 grund
1404 2404 102 30 därav
1530 2405 49 28 att
1604 2402 40 30 de

143 2466 153 32 medföra
318 2462 192 35 kostnader,
535 2471 72 19 som
630 2460 52 30 stå
704 2458 9 30 i
739 2452 299 35 missförhållande
1062 2450 54 31 till
1139 2449 117 31 värdet
1281 2459 39 19 av
1344 2445 216 32 nämnderna.
