1846 2762
223 174 20 30 8
572 170 286 31 Statsutskottets
875 170 183 31 memorial
1074 180 41 20 nr
1134 171 62 29 139
1212 170 40 30 år
1269 171 83 30 1965

543 249 244 30 Riksbankens
1176 250 143 29 delfond
1361 272 117 7 ......
1534 250 13 28 1
1565 249 63 29 600
1642 249 63 28 000

543 303 367 39 Riksgäldskontorets
1248 314 230 19 Poooolereeera
1534 302 94 29 1500
1642 302 63 29 000

1273 382 142 30 Summa
1432 382 52 29 kr.
1512 381 38 30 10
1565 382 60 29 401
1643 382 62 28 000

272 506 94 34 10:0)
397 507 141 30 Fonden
557 508 56 30 för
631 509 132 29 statens
783 507 119 30 aktier.
923 507 78 31 Med
1019 506 241 37 tillstyrkande
1282 515 40 21 av
1344 506 125 39 Kungl.
1492 505 124 40 Maj:ts
1639 505 67 29 för-

226 560 72 39 slag
316 560 202 30 hemställer
537 560 181 34 utskottet,

588 614 50 30 att
656 612 188 41 riksdagen
862 613 58 30 må
938 613 11 30 i
968 613 188 29 riksstaten
1176 613 55 29 för
1250 612 203 39 budgetåret
1475 612 149 34 1965/66
1645 621 62 20 un-

544 667 60 29 der
619 667 131 30 fonden
764 667 55 29 för
835 668 128 29 statens
977 666 109 30 aktier
1101 668 149 36 upptaga
1265 668 46 27 ett
1326 666 124 37 belopp
1467 676 41 20 av
1524 666 38 29 85
1574 666 59 29 000
1647 666 59 29 000

543 720 52 29 kr.

274 835 94 32 11:0)
398 835 133 29 Statens
550 835 298 35 pensionsfonder.
867 835 78 29 Med
965 834 243 39 tillstyrkande
1228 843 41 20 av
1288 834 125 39 Kungl.
1434 834 122 39 Maj:ts
1578 834 130 38 förslag

228 887 200 31 hemställer
444 888 179 34 utskottet,

589 942 50 30 att
658 940 186 40 riksdagen
863 941 57 29 må
939 941 11 29 i
969 940 188 30 riksstaten
1177 940 55 30 för
1252 940 202 39 budgetåret
1476 940 149 34 1965/66
1645 948 64 21 un-

545 994 59 29 der
629 994 132 29 statens
785 994 290 39 pensionsfonder
1099 995 153 38 upptaga
1276 993 156 40 följande
1455 993 253 30 inkomsttitlar

546 1047 164 30 sålunda:

545 1135 487 40 Folkpensioneringsfonden
1058 1158 425 8 ...........s.sse-seos
1515 1135 41 29 59
1570 1134 62 30 000
1647 1135 63 29 000

545 1189 108 29 Civila
680 1189 430 39 tjänstepensionsfonden
1144 1211 338 7 ..............--
1538 1188 94 29 1760
1646 1188 63 28 000

546 1242 152 30 Militära
726 1242 427 40 tjänstepensionsfonden
1189 1265 294 7 ..............
1569 1241 63 29 205
1647 1241 62 29 000

546 1295 188 30 Allmänna
762 1295 435 40 familjepensionsfonden
1234 1317 249 7 ........-.-..
1537 1294 18 29 5
1569 1294 63 30 275
1647 1294 62 29 000

547 1349 137 29 Statens
706 1348 315 40 pensionsanstalts
1042 1348 252 39 pensionsfond
1322 1371 161 8 ........
1518 1348 35 28 11
1571 1347 61 30 500
1647 1347 63 29 000

547 1401 303 31 Pensionsfonden
866 1401 54 30 för
935 1402 91 29 vissa
1041 1401 205 39 riksdagens
1261 1401 83 30 verk
1365 1424 117 8 ......
1592 1401 40 29 34
1646 1401 63 28 000

1269 1481 142 30 Summa
1436 1481 51 29 kr.
1514 1481 38 29 77
1570 1481 62 29 774
1646 1480 63 29 000

276 1597 93 32 12:0)
399 1597 140 30 Diverse
561 1596 266 36 kapitalfonder.
851 1597 77 30 Med
951 1596 243 40 tillstyrkande
1218 1605 42 21 av
1284 1596 124 38 Kungl.
1432 1596 124 38 Maj:ts
1580 1595 131 38 förslag

231 1650 199 30 hemställer
446 1650 179 35 utskottet,

592 1704 50 30 att
660 1703 188 39 riksdagen
867 1703 57 30 må
943 1703 10 30 i
973 1703 189 29 riksstaten
1181 1703 54 29 för
1255 1702 202 39 budgetåret
1480 1702 148 34 1965/66
1648 1710 64 20 un-

548 1756 59 30 der
623 1757 134 29 diverse
773 1756 259 40 kapitalfonder
1048 1757 152 38 upptaga
1217 1755 157 40 följande
1389 1755 252 29 inkomsttitlar
1659 1755 53 29 så-

547 1810 122 30 lunda:

547 1898 144 29 Fonden
712 1898 54 30 för
787 1897 256 40 kreditgivning
1065 1898 50 29 till
1136 1897 159 30 utlandet
1323 1920 161 6 ........
1518 1896 36 30 17
1571 1897 62 29 010
1648 1897 62 28 000

547 1951 125 38 Övriga
698 1951 133 30 diverse
856 1950 258 40 kapitalfonder
1147 1973 337 7 ..............-.-
1516 1950 37 29 21
1571 1950 63 29 000
1648 1950 63 29 000

1277 2030 143 30 Summa
1437 2030 52 30 kr.
1516 2029 40 30 38
1571 2029 62 30 010
1648 2030 63 29 000

276 2155 95 36 13:0)
397 2155 193 30 Inkomster
610 2158 19 28 å
651 2155 266 36 driftbudgeten.
939 2155 66 30 Vid
1026 2155 96 30 bifall
1145 2155 52 29 till
1219 2155 66 30 vad
1305 2154 165 30 utskottet
1492 2153 108 31 under
1623 2154 89 29 före-

232 2208 128 39 gående
375 2209 152 39 punkter
545 2208 179 40 föreslagit
741 2208 158 30 kommer
915 2208 240 29 inkomsterna
1173 2208 20 29 å
1211 2207 259 39 driftbudgeten
1488 2208 49 29 att
1556 2206 54 30 för
1627 2207 86 29 bud-

230 2261 130 39 getåret
377 2262 149 34 1965/66
543 2261 170 41 uppföras
730 2262 79 30 med
826 2261 39 29 27
881 2260 63 31 398
959 2261 62 29 554
1035 2260 62 31 000
1114 2260 53 30 kr.
1184 2261 104 29 Detta
1303 2260 144 30 innebär
1464 2262 11 30 i
1493 2259 218 30 förhållande

232 2315 51 29 till
302 2315 456 39 statsverkspropositionen
775 2324 42 20 en
836 2314 229 39 nettoökning
1081 2313 78 30 med
1179 2313 63 30 522
1257 2313 62 30 000
1333 2313 63 30 000
1415 2313 52 30 kr.

276 2368 129 30 Härom
424 2368 63 30 har
506 2368 170 30 utskottet
693 2368 92 30 velat

848 2421 124 30 erinra.
