1914 2766
522 165 287 32 Statsutskottets
825 164 181 32 utlåtande
1022 173 44 21 nr
1081 164 41 30 79
1137 164 40 31 år
1194 164 85 30 1962
1640 163 16 30 1

828 503 52 38 Nr
905 504 48 36 79

376 604 185 31 Utlåtande
582 605 11 30 i
610 603 190 40 anledning
818 612 43 21 av
878 602 129 40 Kungl.
1025 602 126 40 Maj:ts
1170 601 217 41 proposition
1407 599 180 41 angående
1607 599 50 40 yt-

600 655 160 40 terligare
788 653 145 41 utgifter
959 654 22 31 å
1009 653 210 40 tlilläggsstat
1244 653 33 30 II
1305 651 52 31 till
1383 651 192 31 riksstaten
1601 650 57 41 för

600 705 204 40 budgetåret
834 704 163 40 1961/62,
1028 704 13 30 i
1071 703 67 31 vad
1165 702 264 41 propositionen
1459 710 101 22 avser
1587 701 72 40 för-

597 755 396 41 svarsdepartementets
1019 752 396 33 verksamhetsområde.

1454 854 76 35 (1:a
1557 854 94 35 avd.)

757 1029 292 43 Driftbudgeten

721 1162 128 45 Fjärde
862 1161 225 35 bhuvudtiteln

200 1264 74 33 1:0)
301 1262 224 31 Kommittéer
549 1263 64 29 och
638 1261 224 36 utredningar
884 1269 125 28 genom
1032 1259 229 36 sakkunniga.
1287 1258 14 30 I
1325 1257 264 41 propositionen
1614 1266 42 21 nr

156 1313 61 31 105
234 1314 65 30 har
315 1312 127 40 Kungl.
459 1312 107 40 Maj:t
588 1311 132 41 (bilaga
738 1312 28 35 1,
783 1311 114 40 punkt
916 1311 29 34 1,
964 1320 26 21 s.
1009 1310 20 31 3
1046 1310 66 30 och
1128 1309 21 31 4
1166 1319 42 21 av
1224 1309 108 40 bilagt
1348 1309 129 39 utdrag
1494 1318 42 21 av
1554 1310 102 29 stats-

153 1362 294 41 rådsprotokollet
469 1364 83 30 över
572 1361 313 31 försvarsärenden
906 1361 57 30 för
985 1361 68 30 den
1076 1360 19 31 9
1117 1369 94 22 mars
1238 1360 100 37 1962)
1365 1359 181 40 föreslagit
1567 1359 90 30 riks-

154 1414 111 39 dagen
284 1416 50 28 att
352 1414 53 30 till
423 1412 269 40 ifrågavarande
712 1412 164 31 ändamål
888 1404 18 53 å
933 1411 212 40 tilläggsstat
1164 1410 31 30 II
1213 1410 53 31 till
1285 1410 192 30 riksstaten
1496 1409 56 31 för
1570 1408 87 31 bud-

154 1464 131 40 getåret
305 1463 149 37 1961/62
473 1463 123 31 anvisa
612 1465 49 28 ett
678 1462 358 40 reservationsanslag
1055 1471 42 21 av
1115 1460 63 32 200
1192 1460 62 31 000
1272 1461 53 30 kr.

197 1564 118 31 Under
337 1564 230 30 förevarande
590 1562 266 40 anslagsrubrik
878 1563 66 30 har
967 1563 56 31 för
1045 1562 236 30 innevarande
1305 1561 172 40 budgetår
1501 1561 156 30 anvisats

154 1615 63 30 3800
232 1615 62 31 000
312 1616 52 30 kr.
382 1614 253 40 Behållningen
652 1614 21 31 å
691 1614 156 39 anslaget
863 1614 92 30 hade
972 1614 67 30 den
1060 1614 15 29 1
1095 1622 96 21 mars
1211 1612 82 31 1962
1312 1612 143 40 nedgått
1474 1612 54 31 till
1544 1612 11 29 i
1573 1614 83 28 runt

154 1667 48 29 tal
222 1666 60 30 190
297 1665 62 31 000
377 1666 53 30 kr.
448 1665 199 40 Utgifterna
664 1665 112 30 under
793 1665 42 30 de
852 1664 112 31 första
982 1664 59 30 två
1057 1664 217 31 månaderna
1292 1663 38 30 år
1351 1663 84 31 1962
1453 1662 57 40 låg
1527 1662 129 31 mellan

155 1716 40 30 75
210 1716 62 31 000
294 1717 65 29 och
379 1715 41 32 80
435 1715 63 32 000
519 1716 52 30 kr.
591 1715 148 31 vardera
758 1714 185 31 månaden.
965 1715 60 30 Ett
1046 1714 122 31 försök
1188 1714 52 30 till
1261 1721 150 33 prognos
1433 1713 223 30 beträffande

154 1767 192 38 utgifterna
367 1766 112 30 under
501 1767 42 30 de
564 1765 220 30 återstående
805 1765 218 32 månaderna
1043 1774 43 21 av
1107 1764 237 31 innevarande
1364 1763 171 41 budgetår
1558 1763 99 40 tyder

155 1819 138 28 snarast
312 1817 45 40 på
377 1818 45 29 än
440 1817 107 39 högre
565 1815 369 40 medelsförbrukning
953 1815 56 31 för
1027 1824 48 21 nu
1094 1815 223 30 verksamma
1335 1814 240 40 utredningar.
1595 1814 62 30 Be-

155 1867 151 39 tydande
321 1868 191 29 kostnader
528 1867 70 30 kan
615 1866 150 31 sålunda
780 1866 155 30 förutses
949 1866 108 29 bland
1074 1868 108 27 annat
1198 1865 55 30 för
1271 1865 82 30 1960
1371 1865 58 30 års
1444 1865 212 39 värnplikts-

155 1918 187 39 utredning
370 1917 65 30 och
465 1917 84 30 1962
577 1917 57 30 års
662 1916 353 31 försvarskommitté.
1043 1916 127 30 Härtill
1196 1916 161 29 kommer
1383 1915 191 30 kostnader
1601 1914 56 31 för

154 1967 200 40 ytterligare
378 1967 239 40 utredningar.

199 2019 53 29 Då
276 2017 221 31 medelsbrist
522 2018 31 40 ej
581 2018 62 30 bör
668 2017 37 30 få
729 2017 158 40 fördröja
910 2016 222 40 erforderligt
1158 2016 327 40 utredningsarbete
1510 2015 147 31 föreslår

155 2067 397 40 departementschefen,
574 2070 50 28 att
646 2067 63 31 200
724 2068 63 30 000
808 2068 52 29 kr.
882 2067 143 39 begäres
1047 2067 45 40 på
1113 2067 209 40 tilläggsstat
1344 2066 55 31 för
1420 2066 237 31 innevarande

156 2118 179 40 budgetår.
359 2119 167 39 Beloppet
549 2118 63 30 bör
635 2118 93 40 ligga
751 2118 96 30 inom
871 2118 69 30 den
963 2118 183 30 bestämda
1168 2126 122 21 ramen
1314 2117 56 30 för
1394 2116 264 40 försvarsutgif-

156 2169 109 30 terna.
284 2169 138 39 Avdrag
441 2169 80 29 med
539 2168 63 30 200
616 2167 63 31 000
698 2169 53 29 kr.
771 2167 62 31 bör
850 2168 121 30 därför
990 2169 102 38 göras
1109 2168 12 29 i
1141 2168 169 30 samband
1330 2168 79 29 med
1430 2168 68 29 den
1517 2167 141 39 slutliga

156 2218 291 39 prisregleringen
470 2228 42 20 av
534 2217 350 40 försvarsutgifterna
906 2218 55 30 för
983 2218 235 30 innevarande
1241 2217 179 39 budgetår.

202 2318 184 30 Utskottet.
415 2318 118 30 Under
559 2318 141 29 erinran
726 2327 57 20 om
810 2320 49 27 att
885 2318 68 29 den
980 2317 152 40 begärda
1157 2317 365 39 medelsanvisningen
1549 2317 111 30 förut-

158 2370 88 28 satts
270 2368 99 30 skola
392 2368 91 40 ligga
507 2368 95 29 inom
627 2368 68 30 den
720 2368 54 30 för
798 2368 236 30 innevarande
1059 2368 169 39 budgetår
1252 2368 182 29 bestämda
1458 2377 121 20 ramen
1605 2367 54 30 för

159 2418 350 39 försvarsutgifterna
539 2418 192 39 tillstyrker
760 2419 169 29 utskottet
959 2418 126 39 Kungl.
1116 2418 125 40 Maj:ts
1270 2418 130 39 förslag
1431 2418 111 29 under
1571 2418 88 30 före-

158 2469 152 30 varande
332 2469 123 39 punkt.

190 2536 11 25 1
242 2536 112 30 Bihang
367 2536 47 24 till
426 2536 168 30 riksdagens
605 2536 149 30 protokoll
765 2536 102 24 1962.6
879 2536 84 23 saml.
974 2537 39 23 Nr
1029 2536 31 23 79
