2226 2642
391 199 117 32 Andra
533 197 217 32 Kammarens
779 196 182 41 Tillfälliga
993 196 137 32 Utskotts
1154 195 81 41 (N:o
1260 195 36 37 5)
1329 194 173 32 Utlåtande
1527 194 65 31 N:o
1617 195 51 29 35.
1796 194 32 29 11

228 281 155 46 ningens
425 279 197 47 bestyrelse
663 279 106 46 bragt
798 278 113 35 under
939 276 222 47 behandling
1189 276 128 47 frågan
1346 288 54 22 om
1430 275 204 35 beredande
1663 274 38 35 af
1727 274 111 35 ökadt

229 335 81 35 stöd
352 336 36 32 åt
431 332 354 46 egnahemsrörelsen
828 331 149 35 medelst
1020 330 168 46 utlåning
1220 329 82 35 från
1331 328 281 47 sparbankerna.
1671 329 56 33 De
1755 328 81 34 med

230 386 197 45 anledning
456 385 39 35 af
521 386 99 35 detta
648 385 159 36 cirkulär
835 384 183 47 ingångna
1047 396 128 23 svaren
1204 383 81 34 från
1314 386 52 31 ett
1386 385 90 32 stort
1495 382 99 35 antal
1614 380 222 47 sparbanker

231 439 163 37 vittnade
436 444 129 30 nästan
608 438 275 46 undantagslöst
925 450 55 22 om
1024 440 52 32 ett
1118 436 106 46 lifligt
1252 436 154 35 intresse
1433 435 56 35 för
1518 434 318 47 egnahemsidéens

231 492 258 48 befrämjande,
533 492 130 35 liksom
706 491 66 35 ock
814 492 121 33 därom
978 493 54 32 att
1074 489 270 46 sparbankerna
1382 488 12 34 i
1423 488 197 35 allmänhet
1647 488 111 34 redan
1786 499 51 21 nu

232 546 102 36 sökte
376 546 187 46 tillgodose
606 546 61 34 det
704 544 221 35 härutinnan
954 542 218 46 förefintliga
1200 541 261 35 lånebehofvet.
1521 541 158 34 Landets
1708 543 129 32 största

232 600 184 46 sparbank
447 598 238 46 (Stockholms
714 598 97 35 stads
840 596 193 47 sparbank)
1064 596 93 34 hade
1185 595 91 35 dock
1304 606 127 34 genom
1461 593 81 35 från
1571 593 172 47 gammalt
1766 592 71 47 gäl-

233 654 106 34 lande
380 652 270 36 bestimmelser
691 651 152 35 rörande
885 649 56 36 sin
983 648 166 47 utlåning
1186 648 94 36 varit
1308 647 213 36 förhindrad
1549 650 54 32 att
1631 647 119 34 lämna
1777 646 61 34 lån

233 710 73 32 mot
349 706 168 36 säkerhet
559 705 39 35 af
629 704 254 46 inteckningar
911 703 13 35 i
953 703 133 35 sådana
1113 701 224 47 fastigheter,
1370 713 74 23 som
1472 699 254 36 företrädesvis
1754 698 85 36 fölle

234 761 114 34 under
391 758 267 47 benämningen
696 770 91 35 egna
815 758 92 43 hem,
939 769 82 22 men
1049 756 93 35 hade
1170 768 50 22 nu
1248 767 128 34 genom
1406 753 155 47 ändring
1589 753 39 35 af
1654 753 63 35 sitt
1745 753 94 34 låne-

233 814 220 46 reglemente
495 811 196 47 undanröjt
733 812 98 34 detta
872 810 139 35 hinder.
1069 811 73 33 Det
1170 812 113 32 måste
1311 807 195 36 betecknas
1535 819 75 23 som
1639 819 45 22 en
1712 806 125 43 fördel,

226 879 66 23 om
330 866 114 48 jämte
486 866 61 34 det
588 864 160 47 kraftiga
777 865 89 42 stöd,
898 876 73 22 som
1001 863 40 35 af
1067 865 119 33 staten
1215 862 65 35 och
1310 861 108 35 äfven
1447 861 38 35 af
1512 861 215 34 kommuner
1755 860 84 34 läm-

234 920 112 35 nades
389 890 366 80 egnahemsbyggare,
800 916 270 47 sparbankerna
1111 915 13 35 i
1166 916 93 35 ökad
1301 915 89 46 grad
1418 914 128 35 ställde
1575 913 55 47 sig
1658 912 183 53 välvilliga

236 978 74 31 mot
338 974 44 34 de
410 972 202 44 lånebehof,
644 984 74 23 som
747 971 131 35 funnes
907 971 64 34 hos
1001 970 164 35 arbetare
1193 969 65 35 och
1287 971 76 33 små
1382 967 287 47 näringsidkare.
1719 959 122 43 Äfven

227 1028 80 35 den
336 1026 192 47 sparbank,
560 1038 76 23 som
666 1025 165 35 fasthölle
859 1024 147 35 fordran
1035 1026 46 44 på
1109 1023 246 46 betryggande
1385 995 168 61 säkerhet
1581 1021 66 35 och
1675 1020 167 47 gällande

237 1083 115 42 ränta,
398 1080 123 35 kunde
548 1084 86 42 göra
662 1078 146 48 mycket
836 1077 55 36 för
920 1078 44 34 de
992 1079 76 33 små
1096 1076 222 47 låntagarna.
1377 1075 57 34 En
1462 1073 376 48 penninginrättning,

238 1147 74 23 som
355 1134 200 36 förvaltade
598 1137 96 31 stora
727 1132 128 46 belopp
883 1134 89 32 utan
1001 1134 53 32 att
1081 1130 14 34 i
1123 1130 110 47 högre
1260 1130 90 46 grad
1378 1141 142 34 sporras
1548 1127 40 36 af
1613 1128 109 46 begär
1751 1126 91 36 efter

230 1191 82 33 stor
340 1188 108 43 vinst,
479 1187 123 34 kunde
630 1186 68 35 lätt
726 1185 129 36 frestas
883 1187 53 33 att
964 1184 188 46 föredraga
1181 1187 94 32 stora
1294 1182 171 36 låneaftal
1484 1183 82 34 med
1581 1180 262 49 jämförelsevis

239 1242 59 46 låg
339 1243 115 33 ränta.
513 1241 176 34 Stundom
730 1240 119 34 hände
891 1239 60 34 det
993 1238 78 44 ock,
1115 1240 54 33 att
1211 1236 207 48 hypoteken
1458 1235 121 36 blefve
1612 1235 40 35 af
1677 1236 60 34 det
1766 1234 77 46 slag

241 1294 234 47 (exempelvis
503 1293 142 47 aktier),
677 1305 74 23 som
780 1293 117 35 bättre
917 1292 164 46 lämpade
1101 1291 56 46 sig
1176 1290 54 36 för
1245 1288 594 48 affärspenningeinrättningarna.

241 1350 73 33 Det
343 1348 118 35 skulle
490 1347 58 35 väl
575 1347 127 34 kunna
729 1346 140 44 tänkas,
901 1347 53 33 att
982 1345 65 35 här
1076 1344 164 46 skäligen
1268 1344 111 35 borde
1398 1343 56 35 till
1474 1342 141 36 förmån
1630 1341 55 35 för
1705 1343 44 34 de
1768 1343 76 33 små

234 1406 210 42 accepteras
464 1413 45 23 en
538 1400 138 47 ökning
704 1399 40 35 af
768 1368 424 81 förvaltnivgsmödorna,
1223 1400 38 32 så
1289 1400 55 32 att
1371 1396 62 35 vid
1461 1396 251 35 utlämnandet
1731 1394 39 36 af
1786 1395 58 35 be-

242 1455 134 48 viljade
400 1455 60 34 lån
480 1454 179 35 företräde
687 1453 125 47 gåfves
840 1455 36 33 åt
994 1451 55 36 för
1078 1450 320 37 åstadkommande
1417 1450 40 35 af
1474 1462 91 34 egna
1584 1450 93 34 hem.
1722 1441 122 42 Äfven

242 1510 82 34 med
343 1508 85 36 fullt
447 1508 233 35 erkännande
695 1507 40 35 af
747 1510 53 32 att
815 1506 95 36 olika
929 1505 253 36 förhållanden
1196 1507 45 44 på
1256 1504 97 36 olika
1369 1504 134 47 platser
1518 1505 114 33 måste
1646 1502 13 35 i
1674 1501 72 37 viss
1761 1504 84 33 mån

236 1562 106 48 gifva
370 1575 46 23 en
444 1561 96 36 olika
568 1561 174 36 karaktär
770 1563 37 33 åt
835 1559 354 47 utlåningsrörelsen,
1221 1558 123 35 kunde
1373 1557 91 36 dock
1482 1558 82 34 med
1584 1556 79 36 skäl
1682 1559 161 44 antagas,

243 1619 53 33 att
337 1616 98 35 inom
477 1628 45 23 en
563 1615 59 35 del
666 1614 221 47 sparbanker
929 1613 177 47 åtskilligt
1135 1613 179 35 återstode
1342 1614 54 33 att
1423 1616 86 42 göra
1537 1610 13 35 i
1579 1610 267 36 ofvannämnda

243 1669 176 47 riktning.
479 1669 67 35 Om
588 1669 152 35 sålunda
781 1668 144 47 mycket
966 1666 123 36 blifvit
1131 1666 119 48 gjordt
1292 1666 66 35 och
1391 1665 178 35 måhända
1598 1676 98 23 mera
1724 1663 123 35 kunde

241 1729 106 41 göras
389 1723 40 35 af
468 1722 271 47 sparbankerna
781 1721 55 36 för
876 1720 282 47 tillgodoseende
1186 1719 38 35 af
1251 1720 44 34 de
1323 1721 76 33 små
1426 1719 232 46 låntagarnas
1686 1716 161 48 legitima

243 1776 195 36 lånebehof
464 1777 81 34 med
572 1775 214 47 inteckning
814 1775 65 35 och
907 1774 123 47 vanlig
1057 1774 136 46 borgen
1219 1785 75 23 som
1322 1773 118 46 grund
1469 1772 56 35 för
1549 1771 178 44 krediten,
1758 1773 89 33 åter-

243 1831 103 35 stode
386 1830 139 47 frågan,
557 1829 180 36 huruvida
766 1828 269 47 sparbankerna
1064 1827 118 35 skulle
1210 1826 172 36 särskildt
1410 1825 13 35 i
1451 1824 317 48 egnahemsidéens
1796 1823 52 36 in-

243 1887 115 33 tresse
399 1885 98 34 finna
525 1882 235 47 användning
788 1882 55 35 för
872 1883 70 34 den
971 1884 38 33 så
1037 1881 143 35 kallade
1208 1879 231 47 kooperativa
1467 1879 169 35 krediten
1664 1879 64 35 och
1758 1877 91 36 efter

245 1938 126 36 hvilka
399 1938 159 47 grunder
587 1938 99 34 detta
715 1936 116 36 skulle
860 1936 124 34 kunna
1013 1935 73 36 ske.
1127 1935 69 35 Att
1224 1932 367 48 sammanslutningar
1610 1932 13 35 i
1642 1931 207 47 föreningar

239 1992 74 35 och
354 1992 107 46 bolag
501 1991 14 35 i
556 1991 66 35 och
666 1990 55 36 för
762 1990 240 35 befordrande
1044 1988 39 36 af
1115 2000 266 35 gemensamma
1410 1986 234 36 ekonomiska
1672 1986 178 36 intressen

247 2045 107 36 äfven
396 2045 13 35 i
446 2058 50 22 nu
524 2044 276 47 ifrågavarande
827 2043 65 35 fall
919 2043 124 35 kunde
1070 2042 112 48 bjuda
1210 2041 189 36 afsevärda
1426 2040 167 44 fördelar,
1623 2040 80 35 lede
1731 2039 58 37 väl
1817 2039 30 47 ej

248 2098 139 36 tvifvel.
444 2099 87 35 Men
560 2099 45 34 de
633 2098 144 44 former,
808 2098 133 35 sådana
970 2095 366 47 sammanslutningar
1365 2095 123 34 kunde
1507 2094 145 35 komma
1671 2096 53 33 att
1744 2092 104 49 välja,

248 2153 208 46 grunderna
497 2152 55 35 för
595 2151 297 36 medlemmarnas
934 2150 168 35 inbördes
1136 2148 173 47 ställning
1336 2148 57 36 till
1417 2148 214 44 hvarandra,
1662 2146 190 36 solidarisk

248 2206 243 47 ansvarighet,
535 2206 202 47 begränsad
777 2204 181 48 personlig
1000 2202 242 48 ansvarighet,
1287 2202 205 46 aktiebolag
1527 2215 31 22 o.
1590 2213 26 24 s.
1648 2214 46 31 v.,
1725 2200 130 36 hvaraf

248 2259 393 48 sammanslutningens
669 2259 109 36 värde
806 2261 115 33 såsom
950 2257 297 46 kreditunderlag
1274 2259 79 33 utåt
1382 2255 233 48 påverkades,
1637 2257 113 33 måste
1768 2254 85 36 bero
