1920 2834
532 166 296 36 Statsutskottets
844 163 186 35 utlåtande
1049 162 54 33 Nr
1127 163 73 31 117.
1570 159 41 29 57

121 253 136 42 gärder,
277 263 75 21 som
370 248 181 35 medförde
570 246 216 41 rubbningar
805 245 11 32 i
833 244 273 33 kommunernas
1126 239 176 39 ekonomi,
1321 237 112 35 under
1453 235 154 35 rådande

120 296 245 35 förhållanden
380 294 109 34 borde
503 305 57 21 om
575 291 139 42 möjligt
728 289 187 38 undvikas,
929 287 81 33 ville
1026 282 387 46 departementschefen
1428 282 30 41 ej
1476 293 48 21 nu
1539 280 68 33 för-

122 342 87 34 orda
229 342 116 40 någon
366 338 149 42 ändring
535 349 45 21 av
601 335 111 34 sådan
733 332 182 40 innebörd,
935 343 81 22 men
1036 330 203 38 förutsatte,
1261 332 55 29 att
1336 327 126 41 frågan
1483 326 60 33 vid
1565 336 43 22 en

122 386 205 42 lämpligare
344 382 172 44 tidpunkt
534 382 92 41 ånyo
645 385 99 36 toges
762 378 111 33 under
891 375 244 44 omprövning.
1155 373 69 34 Vid
1244 372 127 34 sådant
1389 370 220 34 förhållande

123 432 129 40 ansåge
276 425 387 46 departementschefen
687 424 51 42 sig
761 423 30 41 ej
817 423 86 33 böra
926 433 48 21 nu
997 420 141 33 förorda
1161 419 117 41 någon
1302 416 136 34 ändrad
1462 415 148 41 ordning

123 476 55 33 för
195 473 225 42 redovisning
438 484 45 21 av
501 467 443 46 tjänstebostadsbidraget
963 466 80 33 eller
1061 465 117 41 någon
1197 461 212 43 utvidgning
1428 473 45 21 av
1493 463 117 30 rätten

123 521 54 33 till
200 520 129 33 sådant
351 518 135 41 bidrag.
508 513 289 44 Ånslagsmedlen
820 512 53 33 till
895 508 408 45 tjänstebostadsbidrag
1324 506 101 34 torde
1449 506 86 33 böra
1557 504 54 33 för

124 568 105 30 nästa
247 563 173 42 budgetår
437 560 168 43 uppföras
622 559 81 33 med
722 556 206 35 oförändrat
946 555 139 42 belopp,
1103 554 183 38 3,200,000
1305 551 139 34 kronor.
1463 550 148 33 Anmär-

123 610 65 33 kas
205 609 106 41 finge,
329 612 55 29 att
402 607 43 33 de
464 618 45 21 av
527 601 387 46 departementschefen
932 599 185 34 förordade
1136 595 381 44 besparingsåtgärder,
1537 606 74 21 som

124 653 183 35 medförde
335 650 210 43 indragning
574 661 44 21 av
647 647 255 41 lärartjänster,
932 643 190 35 inverkade
1152 643 47 42 på
1229 639 383 44 anslagsbelastningen

125 698 90 34 först
229 697 79 33 från
324 696 65 34 och
404 695 82 34 med
501 694 210 42 budgetåret
729 690 167 43 1941/42.

172 742 69 34 Vid
266 741 98 34 bifall
389 740 54 34 till
469 740 70 33 vad
565 737 148 34 sålunda
739 734 195 43 föreslagits
962 734 109 33 skulle
1097 730 232 35 förevarande
1355 729 122 42 anslag
1503 728 110 33 under

126 787 212 42 budgetåret
375 783 154 43 1940/41
567 787 176 38 upptagas
778 780 53 33 till
871 781 160 40 (950,000
1059 781 38 38 +
1125 778 180 38 1,690,000
1332 778 39 38 —
1399 776 145 37 180,000
1572 776 39 38 +

129 836 39 38 +
187 834 146 36 900,000
352 833 38 38 -+-
409 831 179 38 3,200,000
607 827 55 42 =)
680 827 183 38 6,920,000
878 824 140 33 kronor.

172 872 432 44 Riksräkenskapsverket
618 871 92 34 hade
725 869 192 35 emellertid
933 872 117 30 ansett
1065 867 41 33 de
1121 865 113 35 under
1247 864 233 34 förevarande
1495 862 120 42 anslag

128 920 207 35 redovisade
352 918 194 43 utgifterna
563 929 86 21 vara
667 928 46 21 av
731 916 38 32 så
786 914 93 34 olika
897 914 74 41 slag
988 912 65 33 och
1071 911 119 43 uppgå
1208 910 53 33 till
1280 910 37 33 så
1335 907 205 44 betydande
1557 907 57 33 be-

128 966 96 42 lopp,
242 969 55 29 att
315 976 42 21 en
375 962 216 43 uppdelning
609 973 45 21 av
672 960 159 41 anslaget
849 970 83 22 vore
949 956 178 44 påkallad.
1144 954 288 42 Redovisningen
1451 965 46 21 av
1516 952 99 33 dessa

129 1009 197 35 olikartade
352 1007 147 43 utgifter
524 1006 110 34 under
660 1010 54 28 ett
740 1004 121 41 anslag
887 1002 91 34 hade
1006 1005 90 30 även
1122 1013 41 21 ur
1190 996 427 44 redovisningssynpunkt

129 1054 155 35 medfört
301 1058 95 29 stora
414 1051 222 43 olägenheter
654 1050 99 33 såväl
770 1048 54 33 för
841 1047 288 42 länsstyrelserna
1148 1057 75 21 som
1241 1043 54 34 för
1313 1042 302 41 riksräkenskaps-

129 1099 136 34 verket.
285 1099 73 33 Det
377 1096 206 34 nuvarande
603 1093 354 42 redovisningssättet
977 1091 90 33 hade
1088 1089 119 35 därför
1227 1087 153 35 medfört
1402 1086 215 43 svårigheter

131 1149 55 28 att
215 1142 202 34 överblicka
445 1140 239 34 kostnaderna
714 1138 54 34 för
798 1139 41 32 de
868 1137 94 33 olika
992 1135 176 38 ändamål,
1198 1132 118 34 vartill
1347 1132 158 42 anslaget
1535 1142 82 22 vore

131 1188 153 34 anvisat.
306 1187 52 33 På
382 1186 113 42 grund
518 1185 111 33 härav
652 1183 82 33 ville
759 1179 385 45 departementschefen
1169 1178 141 34 förorda
1334 1189 43 21 en
1402 1175 216 44 uppdelning

133 1245 46 21 av
198 1232 158 42 anslaget
374 1232 46 41 på
439 1230 72 33 fem
529 1228 256 43 självständiga
804 1225 279 43 förslagsanslag.

178 1313 19 33 I
213 1312 222 34 motionerna
450 1310 32 34 I:
495 1312 44 32 97
556 1309 64 34 och
635 1309 52 33 II:
702 1310 66 31 113
784 1307 64 33 har
864 1305 136 35 anförts
1016 1305 107 34 bland
1141 1308 123 29 annat:

178 1383 263 41 Statsbidraget
463 1381 54 33 till
540 1379 204 44 byggnader
766 1378 55 33 för
843 1375 345 36 folkskoleväsendet
1211 1373 176 44 uppginge
1412 1373 131 42 årligen
1566 1371 54 34 till

133 1428 173 42 ofantliga
329 1438 167 23 summor.
518 1426 57 32 En
598 1423 204 43 betydande
826 1423 54 33 del
904 1434 46 21 av
974 1420 253 41 statsbidraget
1251 1419 127 41 avsåge
1402 1417 217 43 gymnastik-

133 1473 145 39 lokaler,
297 1472 96 33 vilka
413 1471 11 33 i
444 1469 192 35 allmänhet
656 1469 74 32 inte
749 1467 119 33 kunde
888 1465 181 43 utnyttjas
1090 1464 53 33 för
1165 1463 243 34 skoländamål
1429 1463 11 32 1
1461 1462 72 33 lika
1552 1461 69 41 hög

134 1518 87 43 grad
250 1529 75 22 som
353 1515 142 42 vanliga
523 1513 166 34 lärosalar
716 1533 47 4 —
791 1511 168 34 stundom
988 1509 179 34 användes
1198 1507 302 43 gymnastiksalen
1529 1506 92 33 blott

134 1563 110 41 några
261 1561 144 34 timmar
422 1560 11 33 i
451 1559 146 33 veckan.
615 1556 192 42 Samtidigt
825 1555 155 34 saknade
999 1554 67 33 den
1083 1553 165 41 frivilliga
1267 1546 355 52 gymnastikrörelsen

135 1606 77 34 ofta
227 1618 70 30 nog
311 1604 132 35 lokaler
458 1603 81 34 eller
555 1603 10 33 i
580 1602 99 41 varje
695 1601 61 33 fall
773 1599 297 42 ändamålsenliga
1086 1598 143 33 lokaler.
1246 1598 80 32 Den
1342 1595 166 43 frivilliga
1525 1607 97 30 gym-

134 1649 274 35 nastikrörelsen
422 1660 83 22 vore
520 1647 107 34 likväl
642 1659 43 20 en
701 1645 143 43 mycket
860 1643 244 43 betydelsefull
1120 1641 201 35 folkrörelse
1337 1640 54 34 för
1406 1640 217 33 folkhälsans

135 1695 167 42 höjande;
326 1694 77 33 dess
427 1691 220 35 medlemstal
671 1690 176 43 uppginge
870 1688 25 34 f.
918 1701 35 21 n.
976 1688 53 33 till
1053 1690 83 30 över
1161 1689 156 37 175,000.
1341 1686 66 33 Att
1432 1686 77 33 dess
1534 1696 89 22 sam-

135 1738 275 43 hällsgagneliga
432 1736 214 35 strävanden
667 1736 47 41 på
737 1735 63 33 allt
822 1737 72 30 sätt
915 1733 109 34 borde
1046 1732 147 41 stödjas,
1214 1730 164 43 utgjorde
1399 1728 149 35 förvisso
1571 1733 53 29 ett

137 1785 150 33 allmänt
303 1783 158 34 intresse.

183 1829 113 33 Desto
314 1839 97 21 mera
430 1825 333 42 anmärkningsvärt
781 1835 83 21 vore
883 1823 71 39 det,
973 1827 55 28 att
1048 1823 66 32 den
1133 1820 165 42 frivilliga
1316 1818 308 44 gymnastikrörel-

138 1885 61 21 sen
224 1873 47 42 på
297 1872 75 33 sina
397 1871 72 33 håll
496 1870 102 34 blivit
623 1869 117 33 nekad
767 1873 55 28 att
848 1867 167 33 använda
1041 1866 180 33 skolornas
1249 1863 296 43 gymnastiksalar
1571 1862 54 33 för

137 1915 380 45 gymnastikövningar
541 1915 79 32 med
645 1913 159 41 bygdens
828 1911 167 42 ungdom.
1020 1911 72 33 Det
1117 1921 83 21 vore
1226 1908 299 42 skolstyrelserna,
1551 1919 74 21 som

135 1962 110 33 rådde
273 1964 83 29 över
384 1959 267 38 skollokalerna,
679 1957 66 33 och
773 1961 76 29 mot
878 1956 100 32 deras
1007 1952 337 43 ställningstagande
1372 1952 127 33 funnes
1528 1951 101 41 ingen

140 2005 127 42 appell.
293 2004 196 34 Skolhusen
515 2014 82 21 vore
622 2001 192 33 emellertid
840 1998 176 44 uppförda
1042 1998 53 33 för
1121 1998 179 33 allmänna
1325 1996 113 33 medel
1465 1995 65 33 och
1556 1995 70 33 vad

139 2062 48 21 nu
218 2049 140 33 särskilt
387 2049 42 32 de
457 2047 219 33 kostsamma
705 2044 344 43 gymnastiksalarna
1078 2042 159 42 anginge,
1267 2041 107 33 borde
1405 2040 42 33 de
1477 2039 150 43 givetvis

139 2094 146 33 komma
303 2093 52 33 till
376 2093 38 32 så
433 2097 73 28 stor
526 2090 228 42 användning
773 2101 73 21 som
866 2088 139 42 möjligt
1024 2088 45 42 på
1090 2087 59 33 det
1169 2091 55 28 att
1245 2086 59 33 det
1323 2085 11 34 i
1354 2085 80 33 dem
1454 2084 173 42 nedlagda

144 2446 145 42 pliktigt
306 2451 54 27 att
379 2445 103 33 ställa
500 2445 50 41 sig
566 2444 51 32 till
637 2443 232 33 efterrättelse
888 2443 42 32 de
948 2440 227 36 föreskrifter,
1194 2453 74 19 som
1287 2440 118 32 kunde
1424 2439 94 32 hava
1537 2438 93 33 med-

142 2491 114 32 delats
283 2491 58 32 vid
368 2490 178 40 bidragets
575 2487 210 41 beviljande.
812 2488 72 31 Det
911 2498 82 21 vore
1019 2485 163 40 önskligt,
1210 2489 55 29 att
1288 2484 132 40 Kungl.
1447 2482 110 41 Maj:t
1583 2483 52 32 för
