<?xml version="1.0" encoding="UTF-8"?>
<alto xmlns="http://www.loc.gov/standards/alto/ns-v3#" xmlns:xlink="http://www.w3.org/1999/xlink" xmlns:xsi="http://www.w3.org/2001/XMLSchema-instance" xsi:schemaLocation="http://www.loc.gov/standards/alto/ns-v3# http://www.loc.gov/alto/v3/alto-3-0.xsd">
	<Description>
		<MeasurementUnit>pixel</MeasurementUnit>
		<sourceImageInformation>
			<fileName>/tmp/tess_zzf15v_c_input.PNG</fileName>
		</sourceImageInformation>
		<OCRProcessing ID="OCR_0">
			<ocrProcessingStep>
				<processingSoftware>
					<softwareName>tesseract 5.3.0</softwareName>
				</processingSoftware>
			</ocrProcessingStep>
		</OCRProcessing>
	</Description>
	<Layout>
		<Page WIDTH="1916" HEIGHT="2828" PHYSICAL_IMG_NR="0" ID="page_0">
			<PrintSpace HPOS="0" VPOS="0" WIDTH="1916" HEIGHT="2828">
				<ComposedBlock ID="cblock_0" HPOS="94" VPOS="1882" WIDTH="147" HEIGHT="25">
					<TextBlock ID="block_0" HPOS="94" VPOS="1882" WIDTH="147" HEIGHT="25">
						<TextLine ID="line_0" HPOS="94" VPOS="1882" WIDTH="147" HEIGHT="25">
							<String ID="string_0" HPOS="94" VPOS="1882" WIDTH="147" HEIGHT="25" WC="0.96" CONTENT="Utskottet."/>
						</TextLine>
					</TextBlock>
				</ComposedBlock>
				<ComposedBlock ID="cblock_1" HPOS="297" VPOS="173" WIDTH="1087" HEIGHT="35">
					<TextBlock ID="block_1" HPOS="297" VPOS="173" WIDTH="1087" HEIGHT="35">
						<TextLine ID="line_1" HPOS="297" VPOS="173" WIDTH="1087" HEIGHT="35">
							<String ID="string_1" HPOS="297" VPOS="175" WIDTH="41" HEIGHT="30" WC="0.96" CONTENT="18"/><SP WIDTH="377" VPOS="175" HPOS="338"/>
							<String ID="string_2" HPOS="715" VPOS="173" WIDTH="295" HEIGHT="35" WC="0.90" CONTENT="Statsutskottets"/><SP WIDTH="18" VPOS="173" HPOS="1010"/>
							<String ID="string_3" HPOS="1028" VPOS="174" WIDTH="186" HEIGHT="34" WC="0.95" CONTENT="utlåtande"/><SP WIDTH="19" VPOS="174" HPOS="1214"/>
							<String ID="string_4" HPOS="1233" VPOS="174" WIDTH="54" HEIGHT="33" WC="0.96" CONTENT="Nr"/><SP WIDTH="24" VPOS="174" HPOS="1287"/>
							<String ID="string_5" HPOS="1311" VPOS="175" WIDTH="73" HEIGHT="31" WC="0.94" CONTENT="117."/>
						</TextLine>
					</TextBlock>
				</ComposedBlock>
				<ComposedBlock ID="cblock_2" HPOS="297" VPOS="251" WIDTH="1491" HEIGHT="361">
					<TextBlock ID="block_2" HPOS="297" VPOS="251" WIDTH="1490" HEIGHT="96">
						<TextLine ID="line_2" HPOS="342" VPOS="251" WIDTH="1445" HEIGHT="43">
							<String ID="string_6" HPOS="342" VPOS="251" WIDTH="75" HEIGHT="34" WC="0.96" CONTENT="dels"/><SP WIDTH="19" VPOS="251" HPOS="417"/>
							<String ID="string_7" HPOS="436" VPOS="257" WIDTH="54" HEIGHT="28" WC="0.96" CONTENT="att"/><SP WIDTH="18" VPOS="257" HPOS="490"/>
							<String ID="string_8" HPOS="508" VPOS="252" WIDTH="184" HEIGHT="42" WC="0.93" CONTENT="möjlighet"/><SP WIDTH="19" VPOS="252" HPOS="692"/>
							<String ID="string_9" HPOS="711" VPOS="252" WIDTH="142" HEIGHT="34" WC="0.92" CONTENT="beredes"/><SP WIDTH="18" VPOS="252" HPOS="853"/>
							<String ID="string_10" HPOS="871" VPOS="251" WIDTH="55" HEIGHT="35" WC="0.96" CONTENT="för"/><SP WIDTH="17" VPOS="251" HPOS="926"/>
							<String ID="string_11" HPOS="943" VPOS="252" WIDTH="214" HEIGHT="34" WC="0.96" CONTENT="innehavare"/><SP WIDTH="19" VPOS="252" HPOS="1157"/>
							<String ID="string_12" HPOS="1176" VPOS="265" WIDTH="45" HEIGHT="21" WC="0.96" CONTENT="av"/><SP WIDTH="17" VPOS="265" HPOS="1221"/>
							<String ID="string_13" HPOS="1238" VPOS="252" WIDTH="174" HEIGHT="34" WC="0.93" CONTENT="ordinarie"/><SP WIDTH="19" VPOS="252" HPOS="1412"/>
							<String ID="string_14" HPOS="1431" VPOS="252" WIDTH="206" HEIGHT="42" WC="0.91" CONTENT="lärartjänst"/><SP WIDTH="18" VPOS="252" HPOS="1637"/>
							<String ID="string_15" HPOS="1655" VPOS="257" WIDTH="56" HEIGHT="29" WC="0.92" CONTENT="att"/><SP WIDTH="17" VPOS="257" HPOS="1711"/>
							<String ID="string_16" HPOS="1728" VPOS="251" WIDTH="59" HEIGHT="34" WC="0.92" CONTENT="fri-"/>
						</TextLine>
						<TextLine ID="line_3" HPOS="297" VPOS="304" WIDTH="1020" HEIGHT="43">
							<String ID="string_17" HPOS="297" VPOS="305" WIDTH="116" HEIGHT="42" WC="0.96" CONTENT="villigt"/><SP WIDTH="19" VPOS="305" HPOS="413"/>
							<String ID="string_18" HPOS="432" VPOS="309" WIDTH="159" HEIGHT="38" WC="0.96" CONTENT="mottaga"/><SP WIDTH="19" VPOS="309" HPOS="591"/>
							<String ID="string_19" HPOS="610" VPOS="304" WIDTH="237" HEIGHT="35" WC="0.92" CONTENT="förordnande"/><SP WIDTH="20" VPOS="304" HPOS="847"/>
							<String ID="string_20" HPOS="867" VPOS="306" WIDTH="21" HEIGHT="32" WC="0.92" CONTENT="å"/><SP WIDTH="20" VPOS="306" HPOS="888"/>
							<String ID="string_21" HPOS="908" VPOS="305" WIDTH="266" HEIGHT="34" WC="0.91" CONTENT="icke-ordinarie"/><SP WIDTH="20" VPOS="305" HPOS="1174"/>
							<String ID="string_22" HPOS="1194" VPOS="305" WIDTH="123" HEIGHT="42" WC="0.96" CONTENT="tjänst,"/>
						</TextLine>
					</TextBlock>
					<TextBlock ID="block_3" HPOS="297" VPOS="357" WIDTH="1491" HEIGHT="255">
						<TextLine ID="line_4" HPOS="342" VPOS="357" WIDTH="1444" HEIGHT="43">
							<String ID="string_23" HPOS="342" VPOS="357" WIDTH="75" HEIGHT="34" WC="0.95" CONTENT="dels"/><SP WIDTH="39" VPOS="357" HPOS="417"/>
							<String ID="string_24" HPOS="456" VPOS="358" WIDTH="63" HEIGHT="32" WC="0.96" CONTENT="ock"/><SP WIDTH="40" VPOS="358" HPOS="519"/>
							<String ID="string_25" HPOS="559" VPOS="362" WIDTH="56" HEIGHT="29" WC="0.96" CONTENT="att"/><SP WIDTH="28" VPOS="362" HPOS="615"/>
							<String ID="string_26" HPOS="643" VPOS="358" WIDTH="263" HEIGHT="33" WC="0.89" CONTENT="vederbörande"/><SP WIDTH="28" VPOS="358" HPOS="906"/>
							<String ID="string_27" HPOS="934" VPOS="358" WIDTH="371" HEIGHT="42" WC="0.89" CONTENT="folkskolinspektörer"/><SP WIDTH="29" VPOS="358" HPOS="1305"/>
							<String ID="string_28" HPOS="1334" VPOS="358" WIDTH="130" HEIGHT="33" WC="0.96" CONTENT="erhålla"/><SP WIDTH="28" VPOS="358" HPOS="1464"/>
							<String ID="string_29" HPOS="1492" VPOS="357" WIDTH="210" HEIGHT="43" WC="0.96" CONTENT="befogenhet"/><SP WIDTH="29" VPOS="357" HPOS="1702"/>
							<String ID="string_30" HPOS="1731" VPOS="362" WIDTH="55" HEIGHT="29" WC="0.96" CONTENT="att"/>
						</TextLine>
						<TextLine ID="line_5" HPOS="297" VPOS="410" WIDTH="1491" HEIGHT="43">
							<String ID="string_31" HPOS="297" VPOS="410" WIDTH="250" HEIGHT="43" WC="0.96" CONTENT="självständigt"/><SP WIDTH="37" VPOS="410" HPOS="547"/>
							<String ID="string_32" HPOS="584" VPOS="414" WIDTH="132" HEIGHT="39" WC="0.94" CONTENT="avgöra"/><SP WIDTH="34" VPOS="414" HPOS="716"/>
							<String ID="string_33" HPOS="750" VPOS="411" WIDTH="300" HEIGHT="42" WC="0.94" CONTENT="framställningar"/><SP WIDTH="34" VPOS="411" HPOS="1050"/>
							<String ID="string_34" HPOS="1084" VPOS="410" WIDTH="79" HEIGHT="34" WC="0.96" CONTENT="från"/><SP WIDTH="37" VPOS="410" HPOS="1163"/>
							<String ID="string_35" HPOS="1200" VPOS="411" WIDTH="221" HEIGHT="34" WC="0.96" CONTENT="skoldistrikt"/><SP WIDTH="24" VPOS="411" HPOS="1421"/>
							<String ID="string_36" HPOS="1445" VPOS="423" WIDTH="58" HEIGHT="21" WC="0.95" CONTENT="om"/><SP WIDTH="24" VPOS="423" HPOS="1503"/>
							<String ID="string_37" HPOS="1527" VPOS="410" WIDTH="158" HEIGHT="34" WC="0.95" CONTENT="befrielse"/><SP WIDTH="24" VPOS="410" HPOS="1685"/>
							<String ID="string_38" HPOS="1709" VPOS="410" WIDTH="79" HEIGHT="34" WC="0.97" CONTENT="från"/>
						</TextLine>
						<TextLine ID="line_6" HPOS="297" VPOS="463" WIDTH="1490" HEIGHT="43">
							<String ID="string_39" HPOS="297" VPOS="464" WIDTH="201" HEIGHT="42" WC="0.96" CONTENT="skyldighet"/><SP WIDTH="22" VPOS="464" HPOS="498"/>
							<String ID="string_40" HPOS="520" VPOS="468" WIDTH="55" HEIGHT="29" WC="0.96" CONTENT="att"/><SP WIDTH="22" VPOS="468" HPOS="575"/>
							<String ID="string_41" HPOS="597" VPOS="464" WIDTH="12" HEIGHT="33" WC="0.91" CONTENT="i"/><SP WIDTH="22" VPOS="464" HPOS="609"/>
							<String ID="string_42" HPOS="631" VPOS="464" WIDTH="93" HEIGHT="33" WC="0.96" CONTENT="vissa"/><SP WIDTH="21" VPOS="464" HPOS="724"/>
							<String ID="string_43" HPOS="745" VPOS="463" WIDTH="61" HEIGHT="34" WC="0.96" CONTENT="fall"/><SP WIDTH="24" VPOS="463" HPOS="806"/>
							<String ID="string_44" HPOS="830" VPOS="464" WIDTH="150" HEIGHT="33" WC="0.96" CONTENT="anställa"/><SP WIDTH="23" VPOS="464" HPOS="980"/>
							<String ID="string_45" HPOS="1003" VPOS="464" WIDTH="134" HEIGHT="34" WC="0.93" CONTENT="vikarie"/><SP WIDTH="22" VPOS="464" HPOS="1137"/>
							<String ID="string_46" HPOS="1159" VPOS="464" WIDTH="21" HEIGHT="33" WC="0.92" CONTENT="å"/><SP WIDTH="22" VPOS="464" HPOS="1180"/>
							<String ID="string_47" HPOS="1202" VPOS="463" WIDTH="207" HEIGHT="42" WC="0.91" CONTENT="lärartjänst"/><SP WIDTH="22" VPOS="463" HPOS="1409"/>
							<String ID="string_48" HPOS="1431" VPOS="468" WIDTH="92" HEIGHT="30" WC="0.96" CONTENT="samt"/><SP WIDTH="22" VPOS="468" HPOS="1523"/>
							<String ID="string_49" HPOS="1545" VPOS="476" WIDTH="59" HEIGHT="21" WC="0.96" CONTENT="om"/><SP WIDTH="23" VPOS="476" HPOS="1604"/>
							<String ID="string_50" HPOS="1627" VPOS="463" WIDTH="160" HEIGHT="34" WC="0.96" CONTENT="tillstånd"/>
						</TextLine>
						<TextLine ID="line_7" HPOS="297" VPOS="516" WIDTH="1490" HEIGHT="43">
							<String ID="string_51" HPOS="297" VPOS="521" WIDTH="57" HEIGHT="29" WC="0.96" CONTENT="att"/><SP WIDTH="20" VPOS="521" HPOS="354"/>
							<String ID="string_52" HPOS="374" VPOS="516" WIDTH="112" HEIGHT="34" WC="0.96" CONTENT="under"/><SP WIDTH="18" VPOS="516" HPOS="486"/>
							<String ID="string_53" HPOS="504" VPOS="516" WIDTH="104" HEIGHT="43" WC="0.96" CONTENT="högst"/><SP WIDTH="20" VPOS="516" HPOS="608"/>
							<String ID="string_54" HPOS="628" VPOS="521" WIDTH="54" HEIGHT="29" WC="0.96" CONTENT="ett"/><SP WIDTH="19" VPOS="521" HPOS="682"/>
							<String ID="string_55" HPOS="701" VPOS="517" WIDTH="91" HEIGHT="33" WC="0.95" CONTENT="läsår"/><SP WIDTH="20" VPOS="517" HPOS="792"/>
							<String ID="string_56" HPOS="812" VPOS="517" WIDTH="142" HEIGHT="33" WC="0.96" CONTENT="inställa"/><SP WIDTH="20" VPOS="517" HPOS="954"/>
							<String ID="string_57" HPOS="974" VPOS="517" WIDTH="296" HEIGHT="42" WC="0.96" CONTENT="undervisningen"/><SP WIDTH="21" VPOS="517" HPOS="1270"/>
							<String ID="string_58" HPOS="1291" VPOS="517" WIDTH="10" HEIGHT="33" WC="0.96" CONTENT="i"/><SP WIDTH="21" VPOS="517" HPOS="1301"/>
							<String ID="string_59" HPOS="1322" VPOS="517" WIDTH="71" HEIGHT="33" WC="0.96" CONTENT="viss"/><SP WIDTH="22" VPOS="517" HPOS="1393"/>
							<String ID="string_60" HPOS="1415" VPOS="516" WIDTH="97" HEIGHT="34" WC="0.96" CONTENT="skola"/><SP WIDTH="21" VPOS="516" HPOS="1512"/>
							<String ID="string_61" HPOS="1533" VPOS="517" WIDTH="81" HEIGHT="33" WC="0.93" CONTENT="eller"/><SP WIDTH="20" VPOS="517" HPOS="1614"/>
							<String ID="string_62" HPOS="1634" VPOS="517" WIDTH="153" HEIGHT="33" WC="0.92" CONTENT="lärarav-"/>
						</TextLine>
						<TextLine ID="line_8" HPOS="298" VPOS="568" WIDTH="1257" HEIGHT="44">
							<String ID="string_63" HPOS="298" VPOS="569" WIDTH="143" HEIGHT="42" WC="0.95" CONTENT="delning"/><SP WIDTH="17" VPOS="569" HPOS="441"/>
							<String ID="string_64" HPOS="458" VPOS="569" WIDTH="79" HEIGHT="34" WC="0.95" CONTENT="eller"/><SP WIDTH="17" VPOS="569" HPOS="537"/>
							<String ID="string_65" HPOS="554" VPOS="574" WIDTH="57" HEIGHT="29" WC="0.96" CONTENT="att"/><SP WIDTH="18" VPOS="574" HPOS="611"/>
							<String ID="string_66" HPOS="629" VPOS="568" WIDTH="168" HEIGHT="43" WC="0.96" CONTENT="tillfälligt"/><SP WIDTH="18" VPOS="568" HPOS="797"/>
							<String ID="string_67" HPOS="815" VPOS="569" WIDTH="167" HEIGHT="34" WC="0.93" CONTENT="förändra"/><SP WIDTH="19" VPOS="569" HPOS="982"/>
							<String ID="string_68" HPOS="1001" VPOS="568" WIDTH="215" HEIGHT="35" WC="0.92" CONTENT="skolformen"/><SP WIDTH="18" VPOS="568" HPOS="1216"/>
							<String ID="string_69" HPOS="1234" VPOS="569" WIDTH="60" HEIGHT="34" WC="0.96" CONTENT="vid"/><SP WIDTH="18" VPOS="569" HPOS="1294"/>
							<String ID="string_70" HPOS="1312" VPOS="570" WIDTH="117" HEIGHT="42" WC="0.96" CONTENT="någon"/><SP WIDTH="18" VPOS="570" HPOS="1429"/>
							<String ID="string_71" HPOS="1447" VPOS="569" WIDTH="108" HEIGHT="34" WC="0.96" CONTENT="skola."/>
						</TextLine>
					</TextBlock>
				</ComposedBlock>
				<ComposedBlock ID="cblock_3" HPOS="297" VPOS="666" WIDTH="1491" HEIGHT="202">
					<TextBlock ID="block_4" HPOS="297" VPOS="666" WIDTH="1491" HEIGHT="202">
						<TextLine ID="line_9" HPOS="344" VPOS="666" WIDTH="1444" HEIGHT="42">
							<String ID="string_72" HPOS="344" VPOS="666" WIDTH="401" HEIGHT="42" WC="0.91" CONTENT="Departementschefen"/><SP WIDTH="13" VPOS="666" HPOS="745"/>
							<String ID="string_73" HPOS="758" VPOS="666" WIDTH="65" HEIGHT="34" WC="0.96" CONTENT="har"/><SP WIDTH="16" VPOS="666" HPOS="823"/>
							<String ID="string_74" HPOS="839" VPOS="667" WIDTH="12" HEIGHT="33" WC="0.96" CONTENT="i"/><SP WIDTH="16" VPOS="667" HPOS="851"/>
							<String ID="string_75" HPOS="867" VPOS="666" WIDTH="189" HEIGHT="34" WC="0.96" CONTENT="huvudsak"/><SP WIDTH="17" VPOS="666" HPOS="1056"/>
							<String ID="string_76" HPOS="1073" VPOS="666" WIDTH="91" HEIGHT="34" WC="0.96" CONTENT="intet"/><SP WIDTH="17" VPOS="666" HPOS="1164"/>
							<String ID="string_77" HPOS="1181" VPOS="666" WIDTH="78" HEIGHT="34" WC="0.96" CONTENT="haft"/><SP WIDTH="19" VPOS="666" HPOS="1259"/>
							<String ID="string_78" HPOS="1278" VPOS="672" WIDTH="55" HEIGHT="28" WC="0.96" CONTENT="att"/><SP WIDTH="18" VPOS="672" HPOS="1333"/>
							<String ID="string_79" HPOS="1351" VPOS="667" WIDTH="113" HEIGHT="33" WC="0.96" CONTENT="erinra"/><SP WIDTH="17" VPOS="667" HPOS="1464"/>
							<String ID="string_80" HPOS="1481" VPOS="671" WIDTH="76" HEIGHT="29" WC="0.96" CONTENT="mot"/><SP WIDTH="17" VPOS="671" HPOS="1557"/>
							<String ID="string_81" HPOS="1574" VPOS="666" WIDTH="43" HEIGHT="33" WC="0.93" CONTENT="de"/><SP WIDTH="19" VPOS="666" HPOS="1617"/>
							<String ID="string_82" HPOS="1636" VPOS="666" WIDTH="152" HEIGHT="34" WC="0.91" CONTENT="sakkun-"/>
						</TextLine>
						<TextLine ID="line_10" HPOS="298" VPOS="719" WIDTH="1489" HEIGHT="43">
							<String ID="string_83" HPOS="298" VPOS="719" WIDTH="101" HEIGHT="42" WC="0.91" CONTENT="nigas"/><SP WIDTH="19" VPOS="719" HPOS="399"/>
							<String ID="string_84" HPOS="418" VPOS="719" WIDTH="137" HEIGHT="42" WC="0.95" CONTENT="förslag,"/><SP WIDTH="21" VPOS="719" HPOS="555"/>
							<String ID="string_85" HPOS="576" VPOS="719" WIDTH="98" HEIGHT="33" WC="0.96" CONTENT="vilka"/><SP WIDTH="20" VPOS="719" HPOS="674"/>
							<String ID="string_86" HPOS="694" VPOS="724" WIDTH="119" HEIGHT="37" WC="0.96" CONTENT="syntes"/><SP WIDTH="22" VPOS="724" HPOS="813"/>
							<String ID="string_87" HPOS="835" VPOS="720" WIDTH="135" HEIGHT="42" WC="0.96" CONTENT="ägnade"/><SP WIDTH="20" VPOS="720" HPOS="970"/>
							<String ID="string_88" HPOS="990" VPOS="724" WIDTH="55" HEIGHT="29" WC="0.95" CONTENT="att"/><SP WIDTH="18" VPOS="724" HPOS="1045"/>
							<String ID="string_89" HPOS="1063" VPOS="719" WIDTH="82" HEIGHT="43" WC="0.95" CONTENT="giva"/><SP WIDTH="21" VPOS="719" HPOS="1145"/>
							<String ID="string_90" HPOS="1166" VPOS="720" WIDTH="92" HEIGHT="32" WC="0.96" CONTENT="ökad"/><SP WIDTH="21" VPOS="720" HPOS="1258"/>
							<String ID="string_91" HPOS="1279" VPOS="719" WIDTH="108" HEIGHT="34" WC="0.96" CONTENT="effekt"/><SP WIDTH="21" VPOS="719" HPOS="1387"/>
							<String ID="string_92" HPOS="1408" VPOS="720" WIDTH="38" HEIGHT="32" WC="0.96" CONTENT="åt"/><SP WIDTH="21" VPOS="720" HPOS="1446"/>
							<String ID="string_93" HPOS="1467" VPOS="719" WIDTH="41" HEIGHT="33" WC="0.93" CONTENT="de"/><SP WIDTH="22" VPOS="719" HPOS="1508"/>
							<String ID="string_94" HPOS="1530" VPOS="719" WIDTH="257" HEIGHT="42" WC="0.91" CONTENT="besparingsåt-"/>
						</TextLine>
						<TextLine ID="line_11" HPOS="298" VPOS="772" WIDTH="1490" HEIGHT="43">
							<String ID="string_95" HPOS="298" VPOS="773" WIDTH="127" HEIGHT="42" WC="0.96" CONTENT="gärder"/><SP WIDTH="23" VPOS="773" HPOS="425"/>
							<String ID="string_96" HPOS="448" VPOS="773" WIDTH="94" HEIGHT="33" WC="0.92" CONTENT="inom"/><SP WIDTH="24" VPOS="773" HPOS="542"/>
							<String ID="string_97" HPOS="566" VPOS="772" WIDTH="357" HEIGHT="40" WC="0.92" CONTENT="folkskoleväsendet,"/><SP WIDTH="25" VPOS="772" HPOS="923"/>
							<String ID="string_98" HPOS="948" VPOS="785" WIDTH="74" HEIGHT="21" WC="0.92" CONTENT="som"/><SP WIDTH="26" VPOS="785" HPOS="1022"/>
							<String ID="string_99" HPOS="1048" VPOS="772" WIDTH="187" HEIGHT="34" WC="0.92" CONTENT="anbefallts"/><SP WIDTH="26" VPOS="772" HPOS="1235"/>
							<String ID="string_100" HPOS="1261" VPOS="784" WIDTH="126" HEIGHT="30" WC="0.95" CONTENT="genom"/><SP WIDTH="26" VPOS="784" HPOS="1387"/>
							<String ID="string_101" HPOS="1413" VPOS="772" WIDTH="131" HEIGHT="42" WC="0.96" CONTENT="Kungl."/><SP WIDTH="27" VPOS="772" HPOS="1544"/>
							<String ID="string_102" HPOS="1571" VPOS="772" WIDTH="128" HEIGHT="42" WC="0.93" CONTENT="Maj:ts"/><SP WIDTH="26" VPOS="772" HPOS="1699"/>
							<String ID="string_103" HPOS="1725" VPOS="773" WIDTH="63" HEIGHT="33" WC="0.92" CONTENT="cir-"/>
						</TextLine>
						<TextLine ID="line_12" HPOS="297" VPOS="825" WIDTH="725" HEIGHT="43">
							<String ID="string_104" HPOS="297" VPOS="825" WIDTH="105" HEIGHT="34" WC="0.92" CONTENT="kulär"/><SP WIDTH="18" VPOS="825" HPOS="402"/>
							<String ID="string_105" HPOS="420" VPOS="825" WIDTH="66" HEIGHT="34" WC="0.96" CONTENT="den"/><SP WIDTH="20" VPOS="825" HPOS="486"/>
							<String ID="string_106" HPOS="506" VPOS="829" WIDTH="15" HEIGHT="29" WC="0.96" CONTENT="1"/><SP WIDTH="20" VPOS="829" HPOS="521"/>
							<String ID="string_107" HPOS="541" VPOS="825" WIDTH="183" HEIGHT="34" WC="0.96" CONTENT="december"/><SP WIDTH="19" VPOS="825" HPOS="724"/>
							<String ID="string_108" HPOS="743" VPOS="829" WIDTH="87" HEIGHT="30" WC="0.96" CONTENT="1939"/><SP WIDTH="24" VPOS="829" HPOS="830"/>
							<String ID="string_109" HPOS="854" VPOS="827" WIDTH="56" HEIGHT="40" WC="0.96" CONTENT="(nr"/><SP WIDTH="18" VPOS="827" HPOS="910"/>
							<String ID="string_110" HPOS="928" VPOS="826" WIDTH="94" HEIGHT="42" WC="0.96" CONTENT="842)."/>
						</TextLine>
					</TextBlock>
				</ComposedBlock>
				<ComposedBlock ID="cblock_4" HPOS="294" VPOS="887" WIDTH="1495" HEIGHT="928">
					<TextBlock ID="block_5" HPOS="294" VPOS="887" WIDTH="1495" HEIGHT="928">
						<TextLine ID="line_13" HPOS="344" VPOS="887" WIDTH="1444" HEIGHT="43">
							<String ID="string_111" HPOS="344" VPOS="888" WIDTH="58" HEIGHT="33" WC="0.95" CONTENT="De"/><SP WIDTH="17" VPOS="888" HPOS="402"/>
							<String ID="string_112" HPOS="419" VPOS="887" WIDTH="207" HEIGHT="43" WC="0.95" CONTENT="ifrågasatta"/><SP WIDTH="16" VPOS="887" HPOS="626"/>
							<String ID="string_113" HPOS="642" VPOS="887" WIDTH="222" HEIGHT="43" WC="0.96" CONTENT="åtgärderna,"/><SP WIDTH="18" VPOS="887" HPOS="864"/>
							<String ID="string_114" HPOS="882" VPOS="888" WIDTH="95" HEIGHT="33" WC="0.96" CONTENT="vilka"/><SP WIDTH="19" VPOS="888" HPOS="977"/>
							<String ID="string_115" HPOS="996" VPOS="888" WIDTH="10" HEIGHT="33" WC="0.95" CONTENT="i"/><SP WIDTH="19" VPOS="888" HPOS="1006"/>
							<String ID="string_116" HPOS="1025" VPOS="888" WIDTH="63" HEIGHT="33" WC="0.96" CONTENT="allt"/><SP WIDTH="21" VPOS="888" HPOS="1088"/>
							<String ID="string_117" HPOS="1109" VPOS="887" WIDTH="189" HEIGHT="42" WC="0.91" CONTENT="väsentligt"/><SP WIDTH="19" VPOS="887" HPOS="1298"/>
							<String ID="string_118" HPOS="1317" VPOS="887" WIDTH="190" HEIGHT="42" WC="0.91" CONTENT="tillstyrkts"/><SP WIDTH="19" VPOS="887" HPOS="1507"/>
							<String ID="string_119" HPOS="1526" VPOS="887" WIDTH="11" HEIGHT="33" WC="0.96" CONTENT="i"/><SP WIDTH="20" VPOS="887" HPOS="1537"/>
							<String ID="string_120" HPOS="1557" VPOS="887" WIDTH="43" HEIGHT="33" WC="0.95" CONTENT="de"/><SP WIDTH="18" VPOS="887" HPOS="1600"/>
							<String ID="string_121" HPOS="1618" VPOS="887" WIDTH="104" HEIGHT="33" WC="0.96" CONTENT="flesta"/><SP WIDTH="20" VPOS="887" HPOS="1722"/>
							<String ID="string_122" HPOS="1742" VPOS="900" WIDTH="46" HEIGHT="20" WC="0.96" CONTENT="av"/>
						</TextLine>
						<TextLine ID="line_14" HPOS="299" VPOS="931" WIDTH="1488" HEIGHT="44">
							<String ID="string_123" HPOS="299" VPOS="932" WIDTH="43" HEIGHT="34" WC="0.96" CONTENT="de"/><SP WIDTH="18" VPOS="932" HPOS="342"/>
							<String ID="string_124" HPOS="360" VPOS="932" WIDTH="152" HEIGHT="43" WC="0.93" CONTENT="avgivna"/><SP WIDTH="16" VPOS="932" HPOS="512"/>
							<String ID="string_125" HPOS="528" VPOS="932" WIDTH="227" HEIGHT="42" WC="0.92" CONTENT="yttrandena,"/><SP WIDTH="18" VPOS="932" HPOS="755"/>
							<String ID="string_126" HPOS="773" VPOS="937" WIDTH="133" HEIGHT="37" WC="0.96" CONTENT="syntes,"/><SP WIDTH="17" VPOS="937" HPOS="906"/>
							<String ID="string_127" HPOS="923" VPOS="936" WIDTH="115" HEIGHT="38" WC="0.93" CONTENT="yttrar"/><SP WIDTH="19" VPOS="936" HPOS="1038"/>
							<String ID="string_128" HPOS="1057" VPOS="931" WIDTH="387" HEIGHT="43" WC="0.90" CONTENT="departementschefen"/><SP WIDTH="19" VPOS="931" HPOS="1444"/>
							<String ID="string_129" HPOS="1463" VPOS="931" WIDTH="131" HEIGHT="39" WC="0.96" CONTENT="vidare,"/><SP WIDTH="19" VPOS="931" HPOS="1594"/>
							<String ID="string_130" HPOS="1613" VPOS="931" WIDTH="11" HEIGHT="33" WC="0.93" CONTENT="i"/><SP WIDTH="19" VPOS="931" HPOS="1624"/>
							<String ID="string_131" HPOS="1643" VPOS="931" WIDTH="144" HEIGHT="33" WC="0.91" CONTENT="allmän-"/>
						</TextLine>
						<TextLine ID="line_15" HPOS="298" VPOS="975" WIDTH="1489" HEIGHT="43">
							<String ID="string_132" HPOS="298" VPOS="977" WIDTH="62" HEIGHT="33" WC="0.96" CONTENT="het"/><SP WIDTH="15" VPOS="977" HPOS="360"/>
							<String ID="string_133" HPOS="375" VPOS="989" WIDTH="86" HEIGHT="21" WC="0.96" CONTENT="vara"/><SP WIDTH="17" VPOS="989" HPOS="461"/>
							<String ID="string_134" HPOS="478" VPOS="989" WIDTH="45" HEIGHT="21" WC="0.96" CONTENT="av"/><SP WIDTH="15" VPOS="989" HPOS="523"/>
							<String ID="string_135" HPOS="538" VPOS="981" WIDTH="107" HEIGHT="28" WC="0.96" CONTENT="natur"/><SP WIDTH="18" VPOS="981" HPOS="645"/>
							<String ID="string_136" HPOS="663" VPOS="981" WIDTH="54" HEIGHT="29" WC="0.96" CONTENT="att"/><SP WIDTH="18" VPOS="981" HPOS="717"/>
							<String ID="string_137" HPOS="735" VPOS="977" WIDTH="85" HEIGHT="33" WC="0.93" CONTENT="böra"/><SP WIDTH="18" VPOS="977" HPOS="820"/>
							<String ID="string_138" HPOS="838" VPOS="976" WIDTH="190" HEIGHT="33" WC="0.91" CONTENT="ankomma"/><SP WIDTH="17" VPOS="976" HPOS="1028"/>
							<String ID="string_139" HPOS="1045" VPOS="977" WIDTH="47" HEIGHT="41" WC="0.96" CONTENT="på"/><SP WIDTH="18" VPOS="977" HPOS="1092"/>
							<String ID="string_140" HPOS="1110" VPOS="976" WIDTH="132" HEIGHT="42" WC="0.96" CONTENT="Kungl."/><SP WIDTH="17" VPOS="976" HPOS="1242"/>
							<String ID="string_141" HPOS="1259" VPOS="976" WIDTH="129" HEIGHT="41" WC="0.96" CONTENT="Maj:ts"/><SP WIDTH="18" VPOS="976" HPOS="1388"/>
							<String ID="string_142" HPOS="1406" VPOS="975" WIDTH="174" HEIGHT="43" WC="0.96" CONTENT="prövning"/><SP WIDTH="18" VPOS="975" HPOS="1580"/>
							<String ID="string_143" HPOS="1598" VPOS="975" WIDTH="65" HEIGHT="33" WC="0.93" CONTENT="och"/><SP WIDTH="20" VPOS="975" HPOS="1663"/>
							<String ID="string_144" HPOS="1683" VPOS="979" WIDTH="104" HEIGHT="38" WC="0.91" CONTENT="avgö-"/>
						</TextLine>
						<TextLine ID="line_16" HPOS="298" VPOS="1019" WIDTH="1490" HEIGHT="44">
							<String ID="string_145" HPOS="298" VPOS="1021" WIDTH="121" HEIGHT="33" WC="0.96" CONTENT="rande."/><SP WIDTH="20" VPOS="1021" HPOS="419"/>
							<String ID="string_146" HPOS="439" VPOS="1021" WIDTH="18" HEIGHT="33" WC="0.96" CONTENT="I"/><SP WIDTH="21" VPOS="1021" HPOS="457"/>
							<String ID="string_147" HPOS="478" VPOS="1021" WIDTH="98" HEIGHT="33" WC="0.96" CONTENT="detta"/><SP WIDTH="22" VPOS="1021" HPOS="576"/>
							<String ID="string_148" HPOS="598" VPOS="1021" WIDTH="257" HEIGHT="42" WC="0.95" CONTENT="sammanhang"/><SP WIDTH="20" VPOS="1021" HPOS="855"/>
							<String ID="string_149" HPOS="875" VPOS="1021" WIDTH="107" HEIGHT="33" WC="0.96" CONTENT="borde"/><SP WIDTH="23" VPOS="1021" HPOS="982"/>
							<String ID="string_150" HPOS="1005" VPOS="1021" WIDTH="193" HEIGHT="33" WC="0.96" CONTENT="emellertid"/><SP WIDTH="22" VPOS="1021" HPOS="1198"/>
							<String ID="string_151" HPOS="1220" VPOS="1021" WIDTH="42" HEIGHT="32" WC="0.93" CONTENT="de"/><SP WIDTH="22" VPOS="1021" HPOS="1262"/>
							<String ID="string_152" HPOS="1284" VPOS="1020" WIDTH="238" HEIGHT="42" WC="0.92" CONTENT="sakkunnigas"/><SP WIDTH="21" VPOS="1020" HPOS="1522"/>
							<String ID="string_153" HPOS="1543" VPOS="1019" WIDTH="130" HEIGHT="42" WC="0.95" CONTENT="förslag"/><SP WIDTH="18" VPOS="1019" HPOS="1673"/>
							<String ID="string_154" HPOS="1691" VPOS="1019" WIDTH="11" HEIGHT="33" WC="0.96" CONTENT="i"/><SP WIDTH="22" VPOS="1019" HPOS="1702"/>
							<String ID="string_155" HPOS="1724" VPOS="1021" WIDTH="64" HEIGHT="32" WC="0.96" CONTENT="två"/>
						</TextLine>
						<TextLine ID="line_17" HPOS="299" VPOS="1063" WIDTH="1490" HEIGHT="44">
							<String ID="string_156" HPOS="299" VPOS="1065" WIDTH="198" HEIGHT="34" WC="0.96" CONTENT="avseenden"/><SP WIDTH="16" VPOS="1065" HPOS="497"/>
							<String ID="string_157" HPOS="513" VPOS="1065" WIDTH="140" HEIGHT="34" WC="0.96" CONTENT="särskilt"/><SP WIDTH="15" VPOS="1065" HPOS="653"/>
							<String ID="string_158" HPOS="668" VPOS="1065" WIDTH="342" HEIGHT="42" WC="0.96" CONTENT="uppmärksammas,"/><SP WIDTH="16" VPOS="1065" HPOS="1010"/>
							<String ID="string_159" HPOS="1026" VPOS="1065" WIDTH="176" HEIGHT="42" WC="0.95" CONTENT="nämligen"/><SP WIDTH="17" VPOS="1065" HPOS="1202"/>
							<String ID="string_160" HPOS="1219" VPOS="1065" WIDTH="70" HEIGHT="32" WC="0.92" CONTENT="vad"/><SP WIDTH="17" VPOS="1065" HPOS="1289"/>
							<String ID="string_161" HPOS="1306" VPOS="1064" WIDTH="194" HEIGHT="33" WC="0.92" CONTENT="beträffade"/><SP WIDTH="18" VPOS="1064" HPOS="1500"/>
							<String ID="string_162" HPOS="1518" VPOS="1064" WIDTH="200" HEIGHT="42" WC="0.96" CONTENT="skyldighet"/><SP WIDTH="16" VPOS="1064" HPOS="1718"/>
							<String ID="string_163" HPOS="1734" VPOS="1063" WIDTH="55" HEIGHT="34" WC="0.96" CONTENT="för"/>
						</TextLine>
						<TextLine ID="line_18" HPOS="298" VPOS="1108" WIDTH="1490" HEIGHT="43">
							<String ID="string_164" HPOS="298" VPOS="1110" WIDTH="221" HEIGHT="33" WC="0.96" CONTENT="skoldistrikt"/><SP WIDTH="22" VPOS="1110" HPOS="519"/>
							<String ID="string_165" HPOS="541" VPOS="1114" WIDTH="67" HEIGHT="34" WC="0.96" CONTENT="att,"/><SP WIDTH="23" VPOS="1114" HPOS="608"/>
							<String ID="string_166" HPOS="631" VPOS="1110" WIDTH="46" HEIGHT="41" WC="0.96" CONTENT="på"/><SP WIDTH="25" VPOS="1110" HPOS="677"/>
							<String ID="string_167" HPOS="702" VPOS="1110" WIDTH="121" HEIGHT="32" WC="0.96" CONTENT="därom"/><SP WIDTH="25" VPOS="1110" HPOS="823"/>
							<String ID="string_168" HPOS="848" VPOS="1121" WIDTH="45" HEIGHT="21" WC="0.96" CONTENT="av"/><SP WIDTH="22" VPOS="1121" HPOS="893"/>
							<String ID="string_169" HPOS="915" VPOS="1109" WIDTH="262" HEIGHT="33" WC="0.93" CONTENT="vederbörande"/><SP WIDTH="23" VPOS="1109" HPOS="1177"/>
							<String ID="string_170" HPOS="1200" VPOS="1108" WIDTH="333" HEIGHT="42" WC="0.91" CONTENT="folkskolinspektör"/><SP WIDTH="24" VPOS="1108" HPOS="1533"/>
							<String ID="string_171" HPOS="1557" VPOS="1108" WIDTH="101" HEIGHT="42" WC="0.93" CONTENT="gjord"/><SP WIDTH="23" VPOS="1108" HPOS="1658"/>
							<String ID="string_172" HPOS="1681" VPOS="1108" WIDTH="107" HEIGHT="33" WC="0.67" CONTENT="fram-"/>
						</TextLine>
						<TextLine ID="line_19" HPOS="297" VPOS="1151" WIDTH="1491" HEIGHT="45">
							<String ID="string_173" HPOS="297" VPOS="1154" WIDTH="177" HEIGHT="42" WC="0.96" CONTENT="ställning,"/><SP WIDTH="20" VPOS="1154" HPOS="474"/>
							<String ID="string_174" HPOS="494" VPOS="1155" WIDTH="115" HEIGHT="32" WC="0.92" CONTENT="såsom"/><SP WIDTH="21" VPOS="1155" HPOS="609"/>
							<String ID="string_175" HPOS="630" VPOS="1153" WIDTH="266" HEIGHT="34" WC="0.91" CONTENT="icke-ordinarie"/><SP WIDTH="19" VPOS="1153" HPOS="896"/>
							<String ID="string_176" HPOS="915" VPOS="1154" WIDTH="111" HEIGHT="33" WC="0.96" CONTENT="lärare"/><SP WIDTH="19" VPOS="1154" HPOS="1026"/>
							<String ID="string_177" HPOS="1045" VPOS="1153" WIDTH="62" HEIGHT="33" WC="0.95" CONTENT="vid"/><SP WIDTH="20" VPOS="1153" HPOS="1107"/>
							<String ID="string_178" HPOS="1127" VPOS="1152" WIDTH="197" HEIGHT="34" WC="0.96" CONTENT="distriktets"/><SP WIDTH="21" VPOS="1152" HPOS="1324"/>
							<String ID="string_179" HPOS="1345" VPOS="1152" WIDTH="116" HEIGHT="34" WC="0.96" CONTENT="skolor"/><SP WIDTH="19" VPOS="1152" HPOS="1461"/>
							<String ID="string_180" HPOS="1480" VPOS="1151" WIDTH="151" HEIGHT="34" WC="0.93" CONTENT="anställa"/><SP WIDTH="19" VPOS="1151" HPOS="1631"/>
							<String ID="string_181" HPOS="1650" VPOS="1151" WIDTH="138" HEIGHT="34" WC="0.90" CONTENT="ordina-"/>
						</TextLine>
						<TextLine ID="line_20" HPOS="298" VPOS="1197" WIDTH="1490" HEIGHT="43">
							<String ID="string_182" HPOS="298" VPOS="1199" WIDTH="48" HEIGHT="33" WC="0.96" CONTENT="rie"/><SP WIDTH="22" VPOS="1199" HPOS="346"/>
							<String ID="string_183" HPOS="368" VPOS="1199" WIDTH="123" HEIGHT="39" WC="0.96" CONTENT="lärare,"/><SP WIDTH="21" VPOS="1199" HPOS="491"/>
							<String ID="string_184" HPOS="512" VPOS="1211" WIDTH="75" HEIGHT="21" WC="0.96" CONTENT="som"/><SP WIDTH="23" VPOS="1211" HPOS="587"/>
							<String ID="string_185" HPOS="610" VPOS="1199" WIDTH="173" HEIGHT="32" WC="0.91" CONTENT="innehade"/><SP WIDTH="22" VPOS="1199" HPOS="783"/>
							<String ID="string_186" HPOS="805" VPOS="1198" WIDTH="172" HEIGHT="42" WC="0.91" CONTENT="övertalig"/><SP WIDTH="21" VPOS="1198" HPOS="977"/>
							<String ID="string_187" HPOS="998" VPOS="1198" WIDTH="125" HEIGHT="42" WC="0.95" CONTENT="tjänst,"/><SP WIDTH="24" VPOS="1198" HPOS="1123"/>
							<String ID="string_188" HPOS="1147" VPOS="1203" WIDTH="92" HEIGHT="28" WC="0.95" CONTENT="samt"/><SP WIDTH="23" VPOS="1203" HPOS="1239"/>
							<String ID="string_189" HPOS="1262" VPOS="1210" WIDTH="58" HEIGHT="21" WC="0.92" CONTENT="om"/><SP WIDTH="22" VPOS="1210" HPOS="1320"/>
							<String ID="string_190" HPOS="1342" VPOS="1197" WIDTH="281" HEIGHT="33" WC="0.91" CONTENT="tillerkännande"/><SP WIDTH="24" VPOS="1197" HPOS="1623"/>
							<String ID="string_191" HPOS="1647" VPOS="1209" WIDTH="44" HEIGHT="21" WC="0.95" CONTENT="av"/><SP WIDTH="24" VPOS="1209" HPOS="1691"/>
							<String ID="string_192" HPOS="1715" VPOS="1200" WIDTH="73" HEIGHT="30" WC="0.95" CONTENT="rätt"/>
						</TextLine>
						<TextLine ID="line_21" HPOS="297" VPOS="1240" WIDTH="1491" HEIGHT="44">
							<String ID="string_193" HPOS="297" VPOS="1243" WIDTH="55" HEIGHT="33" WC="0.96" CONTENT="för"/><SP WIDTH="19" VPOS="1243" HPOS="352"/>
							<String ID="string_194" HPOS="371" VPOS="1243" WIDTH="110" HEIGHT="34" WC="0.95" CONTENT="sådan"/><SP WIDTH="18" VPOS="1243" HPOS="481"/>
							<String ID="string_195" HPOS="499" VPOS="1243" WIDTH="110" HEIGHT="33" WC="0.96" CONTENT="lärare"/><SP WIDTH="20" VPOS="1243" HPOS="609"/>
							<String ID="string_196" HPOS="629" VPOS="1248" WIDTH="55" HEIGHT="28" WC="0.96" CONTENT="att"/><SP WIDTH="19" VPOS="1248" HPOS="684"/>
							<String ID="string_197" HPOS="703" VPOS="1243" WIDTH="58" HEIGHT="33" WC="0.96" CONTENT="vid"/><SP WIDTH="19" VPOS="1243" HPOS="761"/>
							<String ID="string_198" HPOS="780" VPOS="1242" WIDTH="231" HEIGHT="42" WC="0.96" CONTENT="mottagande"/><SP WIDTH="20" VPOS="1242" HPOS="1011"/>
							<String ID="string_199" HPOS="1031" VPOS="1255" WIDTH="45" HEIGHT="20" WC="0.96" CONTENT="av"/><SP WIDTH="20" VPOS="1255" HPOS="1076"/>
							<String ID="string_200" HPOS="1096" VPOS="1242" WIDTH="236" HEIGHT="33" WC="0.93" CONTENT="förordnande"/><SP WIDTH="18" VPOS="1242" HPOS="1332"/>
							<String ID="string_201" HPOS="1350" VPOS="1243" WIDTH="20" HEIGHT="32" WC="0.92" CONTENT="å"/><SP WIDTH="20" VPOS="1243" HPOS="1370"/>
							<String ID="string_202" HPOS="1390" VPOS="1241" WIDTH="265" HEIGHT="34" WC="0.91" CONTENT="icke-ordinarie"/><SP WIDTH="19" VPOS="1241" HPOS="1655"/>
							<String ID="string_203" HPOS="1674" VPOS="1240" WIDTH="114" HEIGHT="42" WC="0.96" CONTENT="tjänst"/>
						</TextLine>
						<TextLine ID="line_22" HPOS="298" VPOS="1285" WIDTH="1489" HEIGHT="44">
							<String ID="string_204" HPOS="298" VPOS="1288" WIDTH="133" HEIGHT="33" WC="0.96" CONTENT="erhålla"/><SP WIDTH="17" VPOS="1288" HPOS="431"/>
							<String ID="string_205" HPOS="448" VPOS="1287" WIDTH="196" HEIGHT="42" WC="0.96" CONTENT="ersättning"/><SP WIDTH="16" VPOS="1287" HPOS="644"/>
							<String ID="string_206" HPOS="660" VPOS="1287" WIDTH="55" HEIGHT="33" WC="0.93" CONTENT="för"/><SP WIDTH="16" VPOS="1287" HPOS="715"/>
							<String ID="string_207" HPOS="731" VPOS="1299" WIDTH="86" HEIGHT="21" WC="0.91" CONTENT="rese-"/><SP WIDTH="19" VPOS="1299" HPOS="817"/>
							<String ID="string_208" HPOS="836" VPOS="1287" WIDTH="66" HEIGHT="33" WC="0.93" CONTENT="och"/><SP WIDTH="18" VPOS="1287" HPOS="902"/>
							<String ID="string_209" HPOS="920" VPOS="1286" WIDTH="392" HEIGHT="42" WC="0.89" CONTENT="flyttningskostnader."/><SP WIDTH="18" VPOS="1286" HPOS="1312"/>
							<String ID="string_210" HPOS="1330" VPOS="1287" WIDTH="55" HEIGHT="32" WC="0.93" CONTENT="De"/><SP WIDTH="20" VPOS="1287" HPOS="1385"/>
							<String ID="string_211" HPOS="1405" VPOS="1285" WIDTH="237" HEIGHT="42" WC="0.91" CONTENT="sakkunnigas"/><SP WIDTH="19" VPOS="1285" HPOS="1642"/>
							<String ID="string_212" HPOS="1661" VPOS="1285" WIDTH="126" HEIGHT="42" WC="0.91" CONTENT="ifråga-"/>
						</TextLine>
						<TextLine ID="line_23" HPOS="298" VPOS="1329" WIDTH="1489" HEIGHT="44">
							<String ID="string_213" HPOS="298" VPOS="1332" WIDTH="157" HEIGHT="33" WC="0.96" CONTENT="varande"/><SP WIDTH="15" VPOS="1332" HPOS="455"/>
							<String ID="string_214" HPOS="470" VPOS="1331" WIDTH="128" HEIGHT="42" WC="0.96" CONTENT="förslag"/><SP WIDTH="17" VPOS="1331" HPOS="598"/>
							<String ID="string_215" HPOS="615" VPOS="1336" WIDTH="119" HEIGHT="37" WC="0.95" CONTENT="syntes"/><SP WIDTH="17" VPOS="1336" HPOS="734"/>
							<String ID="string_216" HPOS="751" VPOS="1331" WIDTH="136" HEIGHT="42" WC="0.96" CONTENT="ägnade"/><SP WIDTH="18" VPOS="1331" HPOS="887"/>
							<String ID="string_217" HPOS="905" VPOS="1335" WIDTH="54" HEIGHT="29" WC="0.96" CONTENT="att"/><SP WIDTH="16" VPOS="1335" HPOS="959"/>
							<String ID="string_218" HPOS="975" VPOS="1330" WIDTH="159" HEIGHT="34" WC="0.96" CONTENT="medföra"/><SP WIDTH="17" VPOS="1330" HPOS="1134"/>
							<String ID="string_219" HPOS="1151" VPOS="1330" WIDTH="75" HEIGHT="34" WC="0.93" CONTENT="icke"/><SP WIDTH="18" VPOS="1330" HPOS="1226"/>
							<String ID="string_220" HPOS="1244" VPOS="1330" WIDTH="217" HEIGHT="42" WC="0.91" CONTENT="oväsentliga"/><SP WIDTH="18" VPOS="1330" HPOS="1461"/>
							<String ID="string_221" HPOS="1479" VPOS="1329" WIDTH="226" HEIGHT="43" WC="0.96" CONTENT="besparingar"/><SP WIDTH="16" VPOS="1329" HPOS="1705"/>
							<String ID="string_222" HPOS="1721" VPOS="1329" WIDTH="66" HEIGHT="34" WC="0.96" CONTENT="och"/>
						</TextLine>
						<TextLine ID="line_24" HPOS="297" VPOS="1373" WIDTH="1491" HEIGHT="45">
							<String ID="string_223" HPOS="297" VPOS="1376" WIDTH="211" HEIGHT="42" WC="0.92" CONTENT="tillstyrktes"/><SP WIDTH="20" VPOS="1376" HPOS="508"/>
							<String ID="string_224" HPOS="528" VPOS="1389" WIDTH="46" HEIGHT="20" WC="0.93" CONTENT="av"/><SP WIDTH="19" VPOS="1389" HPOS="574"/>
							<String ID="string_225" HPOS="593" VPOS="1375" WIDTH="399" HEIGHT="42" WC="0.90" CONTENT="departementschefen;"/><SP WIDTH="21" VPOS="1375" HPOS="992"/>
							<String ID="string_226" HPOS="1013" VPOS="1374" WIDTH="91" HEIGHT="34" WC="0.93" CONTENT="dock"/><SP WIDTH="18" VPOS="1374" HPOS="1104"/>
							<String ID="string_227" HPOS="1122" VPOS="1375" WIDTH="109" HEIGHT="33" WC="0.91" CONTENT="funne"/><SP WIDTH="19" VPOS="1375" HPOS="1231"/>
							<String ID="string_228" HPOS="1250" VPOS="1375" WIDTH="71" HEIGHT="32" WC="0.96" CONTENT="han"/><SP WIDTH="18" VPOS="1375" HPOS="1321"/>
							<String ID="string_229" HPOS="1339" VPOS="1375" WIDTH="62" HEIGHT="41" WC="0.96" CONTENT="sig,"/><SP WIDTH="20" VPOS="1375" HPOS="1401"/>
							<String ID="string_230" HPOS="1421" VPOS="1374" WIDTH="79" HEIGHT="33" WC="0.96" CONTENT="med"/><SP WIDTH="21" VPOS="1374" HPOS="1500"/>
							<String ID="string_231" HPOS="1521" VPOS="1373" WIDTH="200" HEIGHT="34" WC="0.96" CONTENT="beaktande"/><SP WIDTH="21" VPOS="1373" HPOS="1721"/>
							<String ID="string_232" HPOS="1742" VPOS="1386" WIDTH="46" HEIGHT="21" WC="0.96" CONTENT="av"/>
						</TextLine>
						<TextLine ID="line_25" HPOS="298" VPOS="1417" WIDTH="1491" HEIGHT="45">
							<String ID="string_233" HPOS="298" VPOS="1421" WIDTH="73" HEIGHT="33" WC="0.96" CONTENT="vad"/><SP WIDTH="27" VPOS="1421" HPOS="371"/>
							<String ID="string_234" HPOS="398" VPOS="1422" WIDTH="11" HEIGHT="32" WC="0.96" CONTENT="i"/><SP WIDTH="27" VPOS="1422" HPOS="409"/>
							<String ID="string_235" HPOS="436" VPOS="1421" WIDTH="84" HEIGHT="33" WC="0.96" CONTENT="flera"/><SP WIDTH="27" VPOS="1421" HPOS="520"/>
							<String ID="string_236" HPOS="547" VPOS="1420" WIDTH="193" HEIGHT="42" WC="0.96" CONTENT="yttranden"/><SP WIDTH="27" VPOS="1420" HPOS="740"/>
							<String ID="string_237" HPOS="767" VPOS="1420" WIDTH="165" HEIGHT="39" WC="0.96" CONTENT="uttalats,"/><SP WIDTH="27" VPOS="1420" HPOS="932"/>
							<String ID="string_238" HPOS="959" VPOS="1419" WIDTH="85" HEIGHT="34" WC="0.96" CONTENT="böra"/><SP WIDTH="27" VPOS="1419" HPOS="1044"/>
							<String ID="string_239" HPOS="1071" VPOS="1419" WIDTH="154" HEIGHT="39" WC="0.96" CONTENT="förorda,"/><SP WIDTH="27" VPOS="1419" HPOS="1225"/>
							<String ID="string_240" HPOS="1252" VPOS="1423" WIDTH="55" HEIGHT="28" WC="0.93" CONTENT="att"/><SP WIDTH="27" VPOS="1423" HPOS="1307"/>
							<String ID="string_241" HPOS="1334" VPOS="1418" WIDTH="351" HEIGHT="42" WC="0.92" CONTENT="flyttningsbidraget"/><SP WIDTH="26" VPOS="1418" HPOS="1685"/>
							<String ID="string_242" HPOS="1711" VPOS="1417" WIDTH="78" HEIGHT="34" WC="0.96" CONTENT="icke"/>
						</TextLine>
						<TextLine ID="line_26" HPOS="297" VPOS="1462" WIDTH="1490" HEIGHT="44">
							<String ID="string_243" HPOS="297" VPOS="1465" WIDTH="264" HEIGHT="34" WC="0.91" CONTENT="maximerades."/><SP WIDTH="19" VPOS="1465" HPOS="561"/>
							<String ID="string_244" HPOS="580" VPOS="1463" WIDTH="401" HEIGHT="43" WC="0.90" CONTENT="Departementschefen"/><SP WIDTH="17" VPOS="1463" HPOS="981"/>
							<String ID="string_245" HPOS="998" VPOS="1464" WIDTH="82" HEIGHT="32" WC="0.96" CONTENT="ville"/><SP WIDTH="19" VPOS="1464" HPOS="1080"/>
							<String ID="string_246" HPOS="1099" VPOS="1463" WIDTH="119" HEIGHT="33" WC="0.96" CONTENT="lämna"/><SP WIDTH="18" VPOS="1463" HPOS="1218"/>
							<String ID="string_247" HPOS="1236" VPOS="1466" WIDTH="119" HEIGHT="38" WC="0.96" CONTENT="öppet,"/><SP WIDTH="20" VPOS="1466" HPOS="1355"/>
							<String ID="string_248" HPOS="1375" VPOS="1462" WIDTH="175" HEIGHT="33" WC="0.93" CONTENT="huruvida"/><SP WIDTH="20" VPOS="1462" HPOS="1550"/>
							<String ID="string_249" HPOS="1570" VPOS="1462" WIDTH="217" HEIGHT="33" WC="0.92" CONTENT="skoldistrik-"/>
						</TextLine>
						<TextLine ID="line_27" HPOS="297" VPOS="1506" WIDTH="1490" HEIGHT="46">
							<String ID="string_250" HPOS="297" VPOS="1515" WIDTH="79" HEIGHT="28" WC="0.96" CONTENT="tens"/><SP WIDTH="20" VPOS="1515" HPOS="376"/>
							<String ID="string_251" HPOS="396" VPOS="1509" WIDTH="199" HEIGHT="43" WC="0.96" CONTENT="skyldighet"/><SP WIDTH="20" VPOS="1509" HPOS="595"/>
							<String ID="string_252" HPOS="615" VPOS="1514" WIDTH="55" HEIGHT="28" WC="0.96" CONTENT="att"/><SP WIDTH="18" VPOS="1514" HPOS="670"/>
							<String ID="string_253" HPOS="688" VPOS="1510" WIDTH="46" HEIGHT="41" WC="0.91" CONTENT="på"/><SP WIDTH="19" VPOS="1510" HPOS="734"/>
							<String ID="string_254" HPOS="753" VPOS="1507" WIDTH="266" HEIGHT="34" WC="0.91" CONTENT="icke-ordinarie"/><SP WIDTH="19" VPOS="1507" HPOS="1019"/>
							<String ID="string_255" HPOS="1038" VPOS="1507" WIDTH="244" HEIGHT="42" WC="0.95" CONTENT="lärartjänster"/><SP WIDTH="20" VPOS="1507" HPOS="1282"/>
							<String ID="string_256" HPOS="1302" VPOS="1511" WIDTH="161" HEIGHT="37" WC="0.96" CONTENT="mottaga"/><SP WIDTH="19" VPOS="1511" HPOS="1463"/>
							<String ID="string_257" HPOS="1482" VPOS="1506" WIDTH="194" HEIGHT="42" WC="0.93" CONTENT="övertaliga"/><SP WIDTH="21" VPOS="1506" HPOS="1676"/>
							<String ID="string_258" HPOS="1697" VPOS="1506" WIDTH="90" HEIGHT="33" WC="0.92" CONTENT="ordi-"/>
						</TextLine>
						<TextLine ID="line_28" HPOS="297" VPOS="1550" WIDTH="1489" HEIGHT="40">
							<String ID="string_259" HPOS="297" VPOS="1554" WIDTH="98" HEIGHT="33" WC="0.92" CONTENT="narie"/><SP WIDTH="17" VPOS="1554" HPOS="395"/>
							<String ID="string_260" HPOS="412" VPOS="1555" WIDTH="109" HEIGHT="32" WC="0.96" CONTENT="lärare"/><SP WIDTH="16" VPOS="1555" HPOS="521"/>
							<String ID="string_261" HPOS="537" VPOS="1553" WIDTH="109" HEIGHT="34" WC="0.96" CONTENT="borde"/><SP WIDTH="19" VPOS="1553" HPOS="646"/>
							<String ID="string_262" HPOS="665" VPOS="1565" WIDTH="81" HEIGHT="21" WC="0.96" CONTENT="avse"/><SP WIDTH="19" VPOS="1565" HPOS="746"/>
							<String ID="string_263" HPOS="765" VPOS="1552" WIDTH="128" HEIGHT="34" WC="0.96" CONTENT="endast"/><SP WIDTH="19" VPOS="1552" HPOS="893"/>
							<String ID="string_264" HPOS="912" VPOS="1552" WIDTH="131" HEIGHT="33" WC="0.96" CONTENT="sådana"/><SP WIDTH="19" VPOS="1552" HPOS="1043"/>
							<String ID="string_265" HPOS="1062" VPOS="1552" WIDTH="123" HEIGHT="38" WC="0.96" CONTENT="lärare,"/><SP WIDTH="21" VPOS="1552" HPOS="1185"/>
							<String ID="string_266" HPOS="1206" VPOS="1563" WIDTH="74" HEIGHT="21" WC="0.96" CONTENT="som"/><SP WIDTH="18" VPOS="1563" HPOS="1280"/>
							<String ID="string_267" HPOS="1298" VPOS="1551" WIDTH="173" HEIGHT="33" WC="0.96" CONTENT="innehade"/><SP WIDTH="20" VPOS="1551" HPOS="1471"/>
							<String ID="string_268" HPOS="1491" VPOS="1551" WIDTH="173" HEIGHT="33" WC="0.91" CONTENT="ordinarie"/><SP WIDTH="16" VPOS="1551" HPOS="1664"/>
							<String ID="string_269" HPOS="1680" VPOS="1550" WIDTH="106" HEIGHT="33" WC="0.89" CONTENT="lärar-"/>
						</TextLine>
						<TextLine ID="line_29" HPOS="298" VPOS="1594" WIDTH="1490" HEIGHT="46">
							<String ID="string_270" HPOS="298" VPOS="1599" WIDTH="115" HEIGHT="41" WC="0.95" CONTENT="tjänst"/><SP WIDTH="27" VPOS="1599" HPOS="413"/>
							<String ID="string_271" HPOS="440" VPOS="1598" WIDTH="94" HEIGHT="33" WC="0.95" CONTENT="inom"/><SP WIDTH="28" VPOS="1598" HPOS="534"/>
							<String ID="string_272" HPOS="562" VPOS="1597" WIDTH="263" HEIGHT="34" WC="0.93" CONTENT="vederbörande"/><SP WIDTH="28" VPOS="1597" HPOS="825"/>
							<String ID="string_273" HPOS="853" VPOS="1595" WIDTH="529" HEIGHT="43" WC="0.88" CONTENT="folkskolinspektionsområde,"/><SP WIDTH="30" VPOS="1595" HPOS="1382"/>
							<String ID="string_274" HPOS="1412" VPOS="1595" WIDTH="63" HEIGHT="33" WC="0.96" CONTENT="och"/><SP WIDTH="30" VPOS="1595" HPOS="1475"/>
							<String ID="string_275" HPOS="1505" VPOS="1607" WIDTH="57" HEIGHT="21" WC="0.96" CONTENT="om"/><SP WIDTH="30" VPOS="1607" HPOS="1562"/>
							<String ID="string_276" HPOS="1592" VPOS="1594" WIDTH="76" HEIGHT="34" WC="0.96" CONTENT="icke"/><SP WIDTH="30" VPOS="1594" HPOS="1668"/>
							<String ID="string_277" HPOS="1698" VPOS="1598" WIDTH="90" HEIGHT="30" WC="0.96" CONTENT="även"/>
						</TextLine>
						<TextLine ID="line_30" HPOS="298" VPOS="1639" WIDTH="1489" HEIGHT="46">
							<String ID="string_278" HPOS="298" VPOS="1642" WIDTH="210" HEIGHT="43" WC="0.96" CONTENT="exempelvis"/><SP WIDTH="19" VPOS="1642" HPOS="508"/>
							<String ID="string_279" HPOS="527" VPOS="1642" WIDTH="234" HEIGHT="41" WC="0.95" CONTENT="domkapitlet"/><SP WIDTH="19" VPOS="1642" HPOS="761"/>
							<String ID="string_280" HPOS="780" VPOS="1642" WIDTH="82" HEIGHT="32" WC="0.93" CONTENT="eller"/><SP WIDTH="20" VPOS="1642" HPOS="862"/>
							<String ID="string_281" HPOS="882" VPOS="1640" WIDTH="331" HEIGHT="42" WC="0.92" CONTENT="skolöverstyrelsen"/><SP WIDTH="20" VPOS="1640" HPOS="1213"/>
							<String ID="string_282" HPOS="1233" VPOS="1640" WIDTH="107" HEIGHT="33" WC="0.96" CONTENT="borde"/><SP WIDTH="19" VPOS="1640" HPOS="1340"/>
							<String ID="string_283" HPOS="1359" VPOS="1639" WIDTH="120" HEIGHT="33" WC="0.96" CONTENT="kunna"/><SP WIDTH="21" VPOS="1639" HPOS="1479"/>
							<String ID="string_284" HPOS="1500" VPOS="1639" WIDTH="142" HEIGHT="42" WC="0.92" CONTENT="påkalla"/><SP WIDTH="20" VPOS="1639" HPOS="1642"/>
							<String ID="string_285" HPOS="1662" VPOS="1639" WIDTH="125" HEIGHT="33" WC="0.92" CONTENT="anord-"/>
						</TextLine>
						<TextLine ID="line_31" HPOS="297" VPOS="1683" WIDTH="1491" HEIGHT="47">
							<String ID="string_286" HPOS="297" VPOS="1688" WIDTH="147" HEIGHT="42" WC="0.96" CONTENT="ningens"/><SP WIDTH="16" VPOS="1688" HPOS="444"/>
							<String ID="string_287" HPOS="460" VPOS="1686" WIDTH="233" HEIGHT="42" WC="0.96" CONTENT="tillämpning."/><SP WIDTH="17" VPOS="1686" HPOS="693"/>
							<String ID="string_288" HPOS="710" VPOS="1687" WIDTH="114" HEIGHT="32" WC="0.96" CONTENT="Dessa"/><SP WIDTH="17" VPOS="1687" HPOS="824"/>
							<String ID="string_289" HPOS="841" VPOS="1685" WIDTH="170" HEIGHT="42" WC="0.96" CONTENT="spörsmål"/><SP WIDTH="16" VPOS="1685" HPOS="1011"/>
							<String ID="string_290" HPOS="1027" VPOS="1684" WIDTH="101" HEIGHT="34" WC="0.96" CONTENT="torde"/><SP WIDTH="18" VPOS="1684" HPOS="1128"/>
							<String ID="string_291" HPOS="1146" VPOS="1684" WIDTH="36" HEIGHT="33" WC="0.96" CONTENT="få"/><SP WIDTH="18" VPOS="1684" HPOS="1182"/>
							<String ID="string_292" HPOS="1200" VPOS="1687" WIDTH="160" HEIGHT="30" WC="0.95" CONTENT="närmare"/><SP WIDTH="15" VPOS="1687" HPOS="1360"/>
							<String ID="string_293" HPOS="1375" VPOS="1687" WIDTH="204" HEIGHT="38" WC="0.96" CONTENT="övervägas."/><SP WIDTH="20" VPOS="1687" HPOS="1579"/>
							<String ID="string_294" HPOS="1599" VPOS="1684" WIDTH="72" HEIGHT="33" WC="0.96" CONTENT="Det"/><SP WIDTH="15" VPOS="1684" HPOS="1671"/>
							<String ID="string_295" HPOS="1686" VPOS="1683" WIDTH="102" HEIGHT="33" WC="0.96" CONTENT="torde"/>
						</TextLine>
						<TextLine ID="line_32" HPOS="294" VPOS="1726" WIDTH="1491" HEIGHT="47">
							<String ID="string_296" HPOS="294" VPOS="1732" WIDTH="36" HEIGHT="34" WC="0.92" CONTENT="få"/><SP WIDTH="18" VPOS="1732" HPOS="330"/>
							<String ID="string_297" HPOS="348" VPOS="1732" WIDTH="190" HEIGHT="33" WC="0.92" CONTENT="ankomma"/><SP WIDTH="16" VPOS="1732" HPOS="538"/>
							<String ID="string_298" HPOS="554" VPOS="1732" WIDTH="47" HEIGHT="41" WC="0.96" CONTENT="på"/><SP WIDTH="18" VPOS="1732" HPOS="601"/>
							<String ID="string_299" HPOS="619" VPOS="1730" WIDTH="132" HEIGHT="42" WC="0.96" CONTENT="Kungl."/><SP WIDTH="16" VPOS="1730" HPOS="751"/>
							<String ID="string_300" HPOS="767" VPOS="1729" WIDTH="114" HEIGHT="42" WC="0.96" CONTENT="Maj:t"/><SP WIDTH="17" VPOS="1729" HPOS="881"/>
							<String ID="string_301" HPOS="898" VPOS="1734" WIDTH="67" HEIGHT="35" WC="0.96" CONTENT="att,"/><SP WIDTH="15" VPOS="1734" HPOS="965"/>
							<String ID="string_302" HPOS="980" VPOS="1729" WIDTH="119" HEIGHT="33" WC="0.96" CONTENT="därest"/><SP WIDTH="16" VPOS="1729" HPOS="1099"/>
							<String ID="string_303" HPOS="1115" VPOS="1728" WIDTH="185" HEIGHT="42" WC="0.95" CONTENT="riksdagen"/><SP WIDTH="18" VPOS="1728" HPOS="1300"/>
							<String ID="string_304" HPOS="1318" VPOS="1728" WIDTH="76" HEIGHT="33" WC="0.96" CONTENT="icke"/><SP WIDTH="17" VPOS="1728" HPOS="1394"/>
							<String ID="string_305" HPOS="1411" VPOS="1727" WIDTH="219" HEIGHT="33" WC="0.96" CONTENT="framställde"/><SP WIDTH="17" VPOS="1727" HPOS="1630"/>
							<String ID="string_306" HPOS="1647" VPOS="1726" WIDTH="138" HEIGHT="35" WC="0.95" CONTENT="erinran"/>
						</TextLine>
						<TextLine ID="line_33" HPOS="297" VPOS="1772" WIDTH="1363" HEIGHT="43">
							<String ID="string_307" HPOS="297" VPOS="1781" WIDTH="77" HEIGHT="29" WC="0.96" CONTENT="mot"/><SP WIDTH="18" VPOS="1781" HPOS="374"/>
							<String ID="string_308" HPOS="392" VPOS="1776" WIDTH="70" HEIGHT="34" WC="0.96" CONTENT="vad"/><SP WIDTH="19" VPOS="1776" HPOS="462"/>
							<String ID="string_309" HPOS="481" VPOS="1775" WIDTH="147" HEIGHT="34" WC="0.96" CONTENT="sålunda"/><SP WIDTH="20" VPOS="1775" HPOS="628"/>
							<String ID="string_310" HPOS="648" VPOS="1775" WIDTH="145" HEIGHT="39" WC="0.96" CONTENT="anförts,"/><SP WIDTH="18" VPOS="1775" HPOS="793"/>
							<String ID="string_311" HPOS="811" VPOS="1774" WIDTH="144" HEIGHT="34" WC="0.96" CONTENT="utfärda"/><SP WIDTH="19" VPOS="1774" HPOS="955"/>
							<String ID="string_312" HPOS="974" VPOS="1774" WIDTH="224" HEIGHT="41" WC="0.96" CONTENT="erforderliga"/><SP WIDTH="19" VPOS="1774" HPOS="1198"/>
							<String ID="string_313" HPOS="1217" VPOS="1773" WIDTH="263" HEIGHT="33" WC="0.96" CONTENT="bestämmelser"/><SP WIDTH="18" VPOS="1773" HPOS="1480"/>
							<String ID="string_314" HPOS="1498" VPOS="1772" WIDTH="10" HEIGHT="33" WC="0.96" CONTENT="i"/><SP WIDTH="21" VPOS="1772" HPOS="1508"/>
							<String ID="string_315" HPOS="1529" VPOS="1776" WIDTH="131" HEIGHT="29" WC="0.96" CONTENT="ämnet."/>
						</TextLine>
					</TextBlock>
				</ComposedBlock>
				<ComposedBlock ID="cblock_5" HPOS="296" VPOS="1869" WIDTH="1492" HEIGHT="313">
					<TextBlock ID="block_6" HPOS="296" VPOS="1869" WIDTH="1492" HEIGHT="313">
						<TextLine ID="line_34" HPOS="343" VPOS="1869" WIDTH="1444" HEIGHT="47">
							<String ID="string_316" HPOS="343" VPOS="1874" WIDTH="57" HEIGHT="34" WC="0.96" CONTENT="De"/><SP WIDTH="18" VPOS="1874" HPOS="400"/>
							<String ID="string_317" HPOS="418" VPOS="1873" WIDTH="207" HEIGHT="43" WC="0.96" CONTENT="ifrågasatta"/><SP WIDTH="19" VPOS="1873" HPOS="625"/>
							<String ID="string_318" HPOS="644" VPOS="1872" WIDTH="210" HEIGHT="42" WC="0.96" CONTENT="åtgärderna"/><SP WIDTH="18" VPOS="1872" HPOS="854"/>
							<String ID="string_319" HPOS="872" VPOS="1871" WIDTH="53" HEIGHT="34" WC="0.97" CONTENT="för"/><SP WIDTH="19" VPOS="1871" HPOS="925"/>
							<String ID="string_320" HPOS="944" VPOS="1871" WIDTH="112" HEIGHT="33" WC="0.97" CONTENT="ökade"/><SP WIDTH="18" VPOS="1871" HPOS="1056"/>
							<String ID="string_321" HPOS="1074" VPOS="1870" WIDTH="221" HEIGHT="42" WC="0.96" CONTENT="möjligheter"/><SP WIDTH="19" VPOS="1870" HPOS="1295"/>
							<String ID="string_322" HPOS="1314" VPOS="1870" WIDTH="53" HEIGHT="33" WC="0.96" CONTENT="till"/><SP WIDTH="20" VPOS="1870" HPOS="1367"/>
							<String ID="string_323" HPOS="1387" VPOS="1869" WIDTH="208" HEIGHT="42" WC="0.96" CONTENT="indragning"/><SP WIDTH="21" VPOS="1869" HPOS="1595"/>
							<String ID="string_324" HPOS="1616" VPOS="1881" WIDTH="45" HEIGHT="21" WC="0.93" CONTENT="av"/><SP WIDTH="19" VPOS="1881" HPOS="1661"/>
							<String ID="string_325" HPOS="1680" VPOS="1869" WIDTH="107" HEIGHT="33" WC="0.92" CONTENT="lärar-"/>
						</TextLine>
						<TextLine ID="line_35" HPOS="296" VPOS="1921" WIDTH="1491" HEIGHT="48">
							<String ID="string_326" HPOS="296" VPOS="1928" WIDTH="153" HEIGHT="41" WC="0.95" CONTENT="tjänster"/><SP WIDTH="17" VPOS="1928" HPOS="449"/>
							<String ID="string_327" HPOS="466" VPOS="1927" WIDTH="10" HEIGHT="33" WC="0.95" CONTENT="i"/><SP WIDTH="18" VPOS="1927" HPOS="476"/>
							<String ID="string_328" HPOS="494" VPOS="1927" WIDTH="92" HEIGHT="33" WC="0.96" CONTENT="vissa"/><SP WIDTH="17" VPOS="1927" HPOS="586"/>
							<String ID="string_329" HPOS="603" VPOS="1925" WIDTH="74" HEIGHT="40" WC="0.96" CONTENT="fall,"/><SP WIDTH="16" VPOS="1925" HPOS="677"/>
							<String ID="string_330" HPOS="693" VPOS="1925" WIDTH="54" HEIGHT="33" WC="0.96" CONTENT="för"/><SP WIDTH="17" VPOS="1925" HPOS="747"/>
							<String ID="string_331" HPOS="764" VPOS="1925" WIDTH="97" HEIGHT="33" WC="0.92" CONTENT="vilka"/><SP WIDTH="18" VPOS="1925" HPOS="861"/>
							<String ID="string_332" HPOS="879" VPOS="1922" WIDTH="385" HEIGHT="44" WC="0.90" CONTENT="departementschefen"/><SP WIDTH="19" VPOS="1922" HPOS="1264"/>
							<String ID="string_333" HPOS="1283" VPOS="1922" WIDTH="189" HEIGHT="42" WC="0.96" CONTENT="redogjort,"/><SP WIDTH="18" VPOS="1922" HPOS="1472"/>
							<String ID="string_334" HPOS="1490" VPOS="1922" WIDTH="94" HEIGHT="33" WC="0.96" CONTENT="hava"/><SP WIDTH="19" VPOS="1922" HPOS="1584"/>
							<String ID="string_335" HPOS="1603" VPOS="1921" WIDTH="76" HEIGHT="34" WC="0.96" CONTENT="icke"/><SP WIDTH="19" VPOS="1921" HPOS="1679"/>
							<String ID="string_336" HPOS="1698" VPOS="1922" WIDTH="89" HEIGHT="41" WC="0.96" CONTENT="givit"/>
						</TextLine>
						<TextLine ID="line_36" HPOS="296" VPOS="1975" WIDTH="1490" HEIGHT="45">
							<String ID="string_337" HPOS="296" VPOS="1980" WIDTH="180" HEIGHT="34" WC="0.96" CONTENT="utskottet"/><SP WIDTH="21" VPOS="1980" HPOS="476"/>
							<String ID="string_338" HPOS="497" VPOS="1979" WIDTH="189" HEIGHT="41" WC="0.96" CONTENT="anledning"/><SP WIDTH="18" VPOS="1979" HPOS="686"/>
							<String ID="string_339" HPOS="704" VPOS="1978" WIDTH="52" HEIGHT="33" WC="0.95" CONTENT="till"/><SP WIDTH="21" VPOS="1978" HPOS="756"/>
							<String ID="string_340" HPOS="777" VPOS="1977" WIDTH="151" HEIGHT="34" WC="0.95" CONTENT="erinran."/><SP WIDTH="19" VPOS="1977" HPOS="928"/>
							<String ID="string_341" HPOS="947" VPOS="1976" WIDTH="188" HEIGHT="35" WC="0.96" CONTENT="Utskottet"/><SP WIDTH="20" VPOS="1976" HPOS="1135"/>
							<String ID="string_342" HPOS="1155" VPOS="1976" WIDTH="114" HEIGHT="33" WC="0.96" CONTENT="finner"/><SP WIDTH="21" VPOS="1976" HPOS="1269"/>
							<String ID="string_343" HPOS="1290" VPOS="1975" WIDTH="148" HEIGHT="34" WC="0.96" CONTENT="sålunda"/><SP WIDTH="21" VPOS="1975" HPOS="1438"/>
							<String ID="string_344" HPOS="1459" VPOS="1975" WIDTH="107" HEIGHT="33" WC="0.96" CONTENT="bland"/><SP WIDTH="22" VPOS="1975" HPOS="1566"/>
							<String ID="string_345" HPOS="1588" VPOS="1980" WIDTH="121" HEIGHT="34" WC="0.96" CONTENT="annat,"/><SP WIDTH="22" VPOS="1980" HPOS="1709"/>
							<String ID="string_346" HPOS="1731" VPOS="1979" WIDTH="55" HEIGHT="29" WC="0.96" CONTENT="att"/>
						</TextLine>
						<TextLine ID="line_37" HPOS="297" VPOS="2028" WIDTH="1491" HEIGHT="44">
							<String ID="string_347" HPOS="297" VPOS="2033" WIDTH="264" HEIGHT="34" WC="0.92" CONTENT="skoldistrikten"/><SP WIDTH="24" VPOS="2033" HPOS="561"/>
							<String ID="string_348" HPOS="585" VPOS="2032" WIDTH="87" HEIGHT="33" WC="0.96" CONTENT="böra"/><SP WIDTH="24" VPOS="2032" HPOS="672"/>
							<String ID="string_349" HPOS="696" VPOS="2043" WIDTH="85" HEIGHT="21" WC="0.96" CONTENT="vara"/><SP WIDTH="25" VPOS="2043" HPOS="781"/>
							<String ID="string_350" HPOS="806" VPOS="2030" WIDTH="161" HEIGHT="42" WC="0.96" CONTENT="skyldiga"/><SP WIDTH="25" VPOS="2030" HPOS="967"/>
							<String ID="string_351" HPOS="992" VPOS="2034" WIDTH="55" HEIGHT="29" WC="0.96" CONTENT="att"/><SP WIDTH="24" VPOS="2034" HPOS="1047"/>
							<String ID="string_352" HPOS="1071" VPOS="2030" WIDTH="116" HEIGHT="33" WC="0.93" CONTENT="såsom"/><SP WIDTH="25" VPOS="2030" HPOS="1187"/>
							<String ID="string_353" HPOS="1212" VPOS="2028" WIDTH="265" HEIGHT="34" WC="0.90" CONTENT="icke-ordinarie"/><SP WIDTH="22" VPOS="2028" HPOS="1477"/>
							<String ID="string_354" HPOS="1499" VPOS="2028" WIDTH="112" HEIGHT="33" WC="0.96" CONTENT="lärare"/><SP WIDTH="26" VPOS="2028" HPOS="1611"/>
							<String ID="string_355" HPOS="1637" VPOS="2028" WIDTH="151" HEIGHT="33" WC="0.96" CONTENT="anställa"/>
						</TextLine>
						<TextLine ID="line_38" HPOS="296" VPOS="2080" WIDTH="1491" HEIGHT="44">
							<String ID="string_356" HPOS="296" VPOS="2086" WIDTH="175" HEIGHT="34" WC="0.96" CONTENT="ordinarie"/><SP WIDTH="13" VPOS="2086" HPOS="471"/>
							<String ID="string_357" HPOS="484" VPOS="2086" WIDTH="121" HEIGHT="38" WC="0.96" CONTENT="lärare,"/><SP WIDTH="18" VPOS="2086" HPOS="605"/>
							<String ID="string_358" HPOS="623" VPOS="2097" WIDTH="76" HEIGHT="21" WC="0.93" CONTENT="som"/><SP WIDTH="16" VPOS="2097" HPOS="699"/>
							<String ID="string_359" HPOS="715" VPOS="2084" WIDTH="177" HEIGHT="33" WC="0.91" CONTENT="innehava"/><SP WIDTH="17" VPOS="2084" HPOS="892"/>
							<String ID="string_360" HPOS="909" VPOS="2082" WIDTH="171" HEIGHT="42" WC="0.91" CONTENT="övertalig"/><SP WIDTH="16" VPOS="2082" HPOS="1080"/>
							<String ID="string_361" HPOS="1096" VPOS="2082" WIDTH="125" HEIGHT="42" WC="0.96" CONTENT="tjänst,"/><SP WIDTH="18" VPOS="2082" HPOS="1221"/>
							<String ID="string_362" HPOS="1239" VPOS="2086" WIDTH="92" HEIGHT="29" WC="0.96" CONTENT="samt"/><SP WIDTH="19" VPOS="2086" HPOS="1331"/>
							<String ID="string_363" HPOS="1350" VPOS="2086" WIDTH="55" HEIGHT="28" WC="0.96" CONTENT="att"/><SP WIDTH="17" VPOS="2086" HPOS="1405"/>
							<String ID="string_364" HPOS="1422" VPOS="2081" WIDTH="131" HEIGHT="33" WC="0.96" CONTENT="sådana"/><SP WIDTH="18" VPOS="2081" HPOS="1553"/>
							<String ID="string_365" HPOS="1571" VPOS="2081" WIDTH="112" HEIGHT="33" WC="0.96" CONTENT="lärare"/><SP WIDTH="17" VPOS="2081" HPOS="1683"/>
							<String ID="string_366" HPOS="1700" VPOS="2080" WIDTH="87" HEIGHT="34" WC="0.97" CONTENT="böra"/>
						</TextLine>
						<TextLine ID="line_39" HPOS="297" VPOS="2134" WIDTH="1111" HEIGHT="48">
							<String ID="string_367" HPOS="297" VPOS="2143" WIDTH="67" HEIGHT="39" WC="0.96" CONTENT="äga"/><SP WIDTH="17" VPOS="2143" HPOS="364"/>
							<String ID="string_368" HPOS="381" VPOS="2143" WIDTH="73" HEIGHT="30" WC="0.96" CONTENT="rätt"/><SP WIDTH="16" VPOS="2143" HPOS="454"/>
							<String ID="string_369" HPOS="470" VPOS="2139" WIDTH="52" HEIGHT="33" WC="0.96" CONTENT="till"/><SP WIDTH="18" VPOS="2139" HPOS="522"/>
							<String ID="string_370" HPOS="540" VPOS="2137" WIDTH="196" HEIGHT="42" WC="0.96" CONTENT="ersättning"/><SP WIDTH="16" VPOS="2137" HPOS="736"/>
							<String ID="string_371" HPOS="752" VPOS="2137" WIDTH="56" HEIGHT="33" WC="0.93" CONTENT="för"/><SP WIDTH="17" VPOS="2137" HPOS="808"/>
							<String ID="string_372" HPOS="825" VPOS="2148" WIDTH="88" HEIGHT="21" WC="0.92" CONTENT="rese-"/><SP WIDTH="19" VPOS="2148" HPOS="913"/>
							<String ID="string_373" HPOS="932" VPOS="2135" WIDTH="65" HEIGHT="34" WC="0.93" CONTENT="och"/><SP WIDTH="17" VPOS="2135" HPOS="997"/>
							<String ID="string_374" HPOS="1014" VPOS="2134" WIDTH="394" HEIGHT="43" WC="0.90" CONTENT="flyttningskostnader."/>
						</TextLine>
					</TextBlock>
				</ComposedBlock>
				<ComposedBlock ID="cblock_6" HPOS="390" VPOS="2267" WIDTH="1302" HEIGHT="88">
					<TextBlock ID="block_7" HPOS="390" VPOS="2267" WIDTH="1302" HEIGHT="88">
						<TextLine ID="line_40" HPOS="390" VPOS="2267" WIDTH="1302" HEIGHT="46">
							<String ID="string_375" HPOS="390" VPOS="2273" WIDTH="33" HEIGHT="33" WC="0.83" CONTENT="4."/><SP WIDTH="23" VPOS="2273" HPOS="423"/>
							<String ID="string_376" HPOS="446" VPOS="2272" WIDTH="186" HEIGHT="41" WC="0.92" CONTENT="Uppskov"/><SP WIDTH="24" VPOS="2272" HPOS="632"/>
							<String ID="string_377" HPOS="656" VPOS="2271" WIDTH="87" HEIGHT="32" WC="0.96" CONTENT="med"/><SP WIDTH="22" VPOS="2271" HPOS="743"/>
							<String ID="string_378" HPOS="765" VPOS="2269" WIDTH="185" HEIGHT="34" WC="0.96" CONTENT="beslutad"/><SP WIDTH="23" VPOS="2269" HPOS="950"/>
							<String ID="string_379" HPOS="973" VPOS="2268" WIDTH="202" HEIGHT="41" WC="0.96" CONTENT="reglering"/><SP WIDTH="25" VPOS="2268" HPOS="1175"/>
							<String ID="string_380" HPOS="1200" VPOS="2277" WIDTH="48" HEIGHT="23" WC="0.96" CONTENT="av"/><SP WIDTH="24" VPOS="2277" HPOS="1248"/>
							<String ID="string_381" HPOS="1272" VPOS="2268" WIDTH="75" HEIGHT="31" WC="0.96" CONTENT="den"/><SP WIDTH="25" VPOS="2268" HPOS="1347"/>
							<String ID="string_382" HPOS="1372" VPOS="2267" WIDTH="125" HEIGHT="41" WC="0.93" CONTENT="årliga"/><SP WIDTH="23" VPOS="2267" HPOS="1497"/>
							<String ID="string_383" HPOS="1520" VPOS="2267" WIDTH="172" HEIGHT="32" WC="0.91" CONTENT="lästiden"/>
						</TextLine>
						<TextLine ID="line_41" HPOS="833" VPOS="2322" WIDTH="411" HEIGHT="33">
							<String ID="string_384" HPOS="833" VPOS="2324" WIDTH="14" HEIGHT="31" WC="0.96" CONTENT="i"/><SP WIDTH="24" VPOS="2324" HPOS="847"/>
							<String ID="string_385" HPOS="871" VPOS="2322" WIDTH="229" HEIGHT="33" WC="0.93" CONTENT="folkskolan"/><SP WIDTH="23" VPOS="2322" HPOS="1100"/>
							<String ID="string_386" HPOS="1123" VPOS="2330" WIDTH="49" HEIGHT="23" WC="0.90" CONTENT="m."/><SP WIDTH="24" VPOS="2330" HPOS="1172"/>
							<String ID="string_387" HPOS="1196" VPOS="2331" WIDTH="48" HEIGHT="22" WC="0.90" CONTENT="m."/>
						</TextLine>
					</TextBlock>
				</ComposedBlock>
				<ComposedBlock ID="cblock_7" HPOS="291" VPOS="2389" WIDTH="1491" HEIGHT="152">
					<TextBlock ID="block_8" HPOS="291" VPOS="2389" WIDTH="1491" HEIGHT="152">
						<TextLine ID="line_42" HPOS="343" VPOS="2389" WIDTH="1438" HEIGHT="48">
							<String ID="string_388" HPOS="343" VPOS="2401" WIDTH="88" HEIGHT="30" WC="0.96" CONTENT="1939"/><SP WIDTH="19" VPOS="2401" HPOS="431"/>
							<String ID="string_389" HPOS="450" VPOS="2397" WIDTH="54" HEIGHT="33" WC="0.96" CONTENT="års"/><SP WIDTH="17" VPOS="2397" HPOS="504"/>
							<String ID="string_390" HPOS="521" VPOS="2395" WIDTH="147" HEIGHT="42" WC="0.95" CONTENT="lagtima"/><SP WIDTH="17" VPOS="2395" HPOS="668"/>
							<String ID="string_391" HPOS="685" VPOS="2394" WIDTH="141" HEIGHT="42" WC="0.96" CONTENT="riksdag"/><SP WIDTH="17" VPOS="2394" HPOS="826"/>
							<String ID="string_392" HPOS="843" VPOS="2391" WIDTH="199" HEIGHT="35" WC="0.96" CONTENT="förklarade"/><SP WIDTH="19" VPOS="2391" HPOS="1042"/>
							<String ID="string_393" HPOS="1061" VPOS="2391" WIDTH="51" HEIGHT="42" WC="0.96" CONTENT="sig"/><SP WIDTH="17" VPOS="2391" HPOS="1112"/>
							<String ID="string_394" HPOS="1129" VPOS="2392" WIDTH="47" HEIGHT="42" WC="0.96" CONTENT="på"/><SP WIDTH="17" VPOS="2392" HPOS="1176"/>
							<String ID="string_395" HPOS="1193" VPOS="2390" WIDTH="130" HEIGHT="43" WC="0.96" CONTENT="förslag"/><SP WIDTH="18" VPOS="2390" HPOS="1323"/>
							<String ID="string_396" HPOS="1341" VPOS="2403" WIDTH="45" HEIGHT="20" WC="0.96" CONTENT="av"/><SP WIDTH="18" VPOS="2403" HPOS="1386"/>
							<String ID="string_397" HPOS="1404" VPOS="2390" WIDTH="132" HEIGHT="42" WC="0.95" CONTENT="Kungl."/><SP WIDTH="18" VPOS="2390" HPOS="1536"/>
							<String ID="string_398" HPOS="1554" VPOS="2389" WIDTH="113" HEIGHT="42" WC="0.93" CONTENT="Maj:t"/><SP WIDTH="21" VPOS="2389" HPOS="1667"/>
							<String ID="string_399" HPOS="1688" VPOS="2389" WIDTH="93" HEIGHT="42" WC="0.91" CONTENT="(pro-"/>
						</TextLine>
						<TextLine ID="line_43" HPOS="294" VPOS="2442" WIDTH="1486" HEIGHT="51">
							<String ID="string_400" HPOS="294" VPOS="2450" WIDTH="156" HEIGHT="43" WC="0.96" CONTENT="position"/><SP WIDTH="19" VPOS="2450" HPOS="450"/>
							<String ID="string_401" HPOS="469" VPOS="2462" WIDTH="40" HEIGHT="20" WC="0.96" CONTENT="nr"/><SP WIDTH="21" VPOS="2462" HPOS="509"/>
							<String ID="string_402" HPOS="530" VPOS="2448" WIDTH="78" HEIGHT="42" WC="0.96" CONTENT="149)"/><SP WIDTH="24" VPOS="2448" HPOS="608"/>
							<String ID="string_403" HPOS="632" VPOS="2447" WIDTH="76" HEIGHT="34" WC="0.96" CONTENT="icke"/><SP WIDTH="20" VPOS="2447" HPOS="708"/>
							<String ID="string_404" HPOS="728" VPOS="2447" WIDTH="94" HEIGHT="33" WC="0.96" CONTENT="hava"/><SP WIDTH="19" VPOS="2447" HPOS="822"/>
							<String ID="string_405" HPOS="841" VPOS="2447" WIDTH="109" HEIGHT="41" WC="0.96" CONTENT="något"/><SP WIDTH="21" VPOS="2447" HPOS="950"/>
							<String ID="string_406" HPOS="971" VPOS="2450" WIDTH="54" HEIGHT="28" WC="0.96" CONTENT="att"/><SP WIDTH="20" VPOS="2450" HPOS="1025"/>
							<String ID="string_407" HPOS="1045" VPOS="2444" WIDTH="114" HEIGHT="34" WC="0.96" CONTENT="erinra"/><SP WIDTH="20" VPOS="2444" HPOS="1159"/>
							<String ID="string_408" HPOS="1179" VPOS="2449" WIDTH="76" HEIGHT="28" WC="0.96" CONTENT="mot"/><SP WIDTH="21" VPOS="2449" HPOS="1255"/>
							<String ID="string_409" HPOS="1276" VPOS="2449" WIDTH="55" HEIGHT="28" WC="0.93" CONTENT="att"/><SP WIDTH="20" VPOS="2449" HPOS="1331"/>
							<String ID="string_410" HPOS="1351" VPOS="2443" WIDTH="150" HEIGHT="34" WC="0.91" CONTENT="lästiden"/><SP WIDTH="21" VPOS="2443" HPOS="1501"/>
							<String ID="string_411" HPOS="1522" VPOS="2443" WIDTH="61" HEIGHT="33" WC="0.93" CONTENT="vid"/><SP WIDTH="21" VPOS="2443" HPOS="1583"/>
							<String ID="string_412" HPOS="1604" VPOS="2442" WIDTH="89" HEIGHT="33" WC="0.92" CONTENT="folk-"/><SP WIDTH="21" VPOS="2442" HPOS="1693"/>
							<String ID="string_413" HPOS="1714" VPOS="2442" WIDTH="66" HEIGHT="34" WC="0.96" CONTENT="och"/>
						</TextLine>
						<TextLine ID="line_44" HPOS="291" VPOS="2495" WIDTH="1491" HEIGHT="46">
							<String ID="string_414" HPOS="291" VPOS="2503" WIDTH="194" HEIGHT="33" WC="0.91" CONTENT="småskolor"/><SP WIDTH="22" VPOS="2503" HPOS="485"/>
							<String ID="string_415" HPOS="507" VPOS="2501" WIDTH="78" HEIGHT="34" WC="0.96" CONTENT="från"/><SP WIDTH="24" VPOS="2501" HPOS="585"/>
							<String ID="string_416" HPOS="609" VPOS="2501" WIDTH="66" HEIGHT="33" WC="0.96" CONTENT="och"/><SP WIDTH="24" VPOS="2501" HPOS="675"/>
							<String ID="string_417" HPOS="699" VPOS="2500" WIDTH="80" HEIGHT="33" WC="0.96" CONTENT="med"/><SP WIDTH="24" VPOS="2500" HPOS="779"/>
							<String ID="string_418" HPOS="803" VPOS="2500" WIDTH="68" HEIGHT="33" WC="0.96" CONTENT="den"/><SP WIDTH="27" VPOS="2500" HPOS="871"/>
							<String ID="string_419" HPOS="898" VPOS="2503" WIDTH="15" HEIGHT="29" WC="0.95" CONTENT="1"/><SP WIDTH="26" VPOS="2503" HPOS="913"/>
							<String ID="string_420" HPOS="939" VPOS="2498" WIDTH="64" HEIGHT="43" WC="0.96" CONTENT="juli"/><SP WIDTH="25" VPOS="2498" HPOS="1003"/>
							<String ID="string_421" HPOS="1028" VPOS="2501" WIDTH="88" HEIGHT="30" WC="0.92" CONTENT="1940"/><SP WIDTH="24" VPOS="2501" HPOS="1116"/>
							<String ID="string_422" HPOS="1140" VPOS="2496" WIDTH="329" HEIGHT="34" WC="0.91" CONTENT="utsträcktes"/><SP WIDTH="24" VPOS="2496" HPOS="1469"/>
							<String ID="string_423" HPOS="1493" VPOS="2495" WIDTH="113" HEIGHT="33" WC="0.96" CONTENT="från"/><SP WIDTH="23" VPOS="2495" HPOS="1606"/>
							<String ID="string_424" HPOS="1629" VPOS="2495" WIDTH="153" HEIGHT="34" WC="0.96" CONTENT="minst"/>
						</TextLine>
					</TextBlock>
				</ComposedBlock>
			</PrintSpace>
		</Page>
	</Layout>
</alto>
