1924 2824
291 166 21 29 2
691 163 296 36 Statsutskottets
1011 166 185 34 utlåtande
1220 167 56 33 Nr
1298 170 72 31 117.

341 242 71 34 dels
432 242 55 35 till
507 242 208 35 Folkskolor
736 256 47 22 m.
806 256 58 22 m.:
887 244 133 44 Bidrag
1041 245 53 34 till
1117 246 167 43 avlöning
1305 248 38 33 åt
1365 247 324 37 föreståndarinnor
1713 250 65 35 och

294 295 210 35 biträdande
527 295 324 36 föreståndarinnor
874 298 59 34 vid
957 298 159 34 skolhem
1139 300 65 33 och
1228 300 240 44 arbetsstugor
1492 307 53 29 ett
1568 302 210 43 förslagsan-

295 349 73 42 slag
386 362 45 21 av
449 353 147 37 330,000
615 350 141 41 kronor;

341 403 70 34 dels
431 403 55 34 till
507 403 207 34 Folkskolor
736 416 47 22 m.
805 417 57 21 m.:
884 405 133 44 Bidrag
1038 406 53 35 till
1112 406 266 44 inackordering
1399 421 46 21 av
1467 409 164 35 skolbarn
1654 411 10 33 i
1687 411 91 34 skol-

294 455 92 41 hem,
401 456 239 43 arbetsstugor
656 458 82 34 eller
754 458 156 35 enskilda
926 459 82 33 hem
1024 464 52 30 ett
1092 459 271 45 förslagsanslag
1378 474 45 22 av
1441 465 177 37 1,150,000
1635 464 143 40 kronor;

340 509 70 34 dels
425 509 53 35 till
493 510 207 34 Folkskolor
714 523 47 21 m.
777 523 58 22 m.:
850 511 132 44 Bidrag
996 513 54 34 till
1065 513 228 35 anordnande
1308 527 44 21 av
1367 515 233 42 skolskjutsar
1616 516 54 34 för
1687 517 91 33 skol-

293 562 147 43 pliktiga
457 563 89 34 barn
564 567 53 31 ett
634 564 272 44 förslagsanslag
923 578 46 22 av
990 569 178 37 1,200,000
1187 567 142 40 kronor;

340 616 70 34 dels
427 616 54 35 till
498 616 207 35 Folkskolor
722 630 48 22 m.
789 630 57 22 m.:
864 618 133 44 Bidrag
1014 620 53 33 till
1085 620 401 43 undervisningslokaler
1504 635 46 21 m.
1569 635 46 21 m.
1635 628 54 30 ett
1707 623 70 34 för-

294 669 212 43 slagsanslag
526 683 46 22 av
591 674 180 37 7,200,000
792 671 140 41 kronor;

339 723 70 34 dels
428 723 53 35 till
542 724 234 35 Nomadskolor:
797 725 218 43 Avlöningar
1035 731 54 30 ett
1109 726 270 44 förslagsanslag
1400 741 45 21 av
1468 732 144 37 131,400
1633 730 143 40 kronor;

338 776 70 34 dels
431 777 54 33 till
507 776 393 44 Fortsättningsskolor:
923 779 134 44 Bidrag
1078 780 54 34 till
1154 780 167 44 avlöning
1343 782 38 33 åt
1402 782 112 34 lärare
1538 787 52 30 ett
1613 783 163 43 förslags-

292 829 120 43 anslag
430 842 45 22 av
493 833 180 37 4,750,000
691 831 143 41 kronor;

338 883 70 33 dels
431 883 54 35 till
507 883 393 44 Fortsättningsskolor:
924 885 134 43 Bidrag
1079 886 54 34 till
1156 887 262 43 centralisering
1442 901 45 22 av
1511 888 265 44 fortsättnings-

292 936 247 36 skolväsendet
560 942 52 31 ett
632 937 272 45 förslagsanslag
923 952 47 21 av
992 943 146 37 325,000
1159 940 142 41 kronor;

337 990 70 34 dels
425 990 66 34 ock
507 990 54 35 till
578 991 275 44 Dyrtidstillägg
869 993 38 34 åt
923 993 113 34 lärare
1053 993 60 34 vid
1131 993 93 35 vissa
1243 995 332 34 statsunderstödda
1593 995 181 35 undervis-

291 1043 114 43 nings-
424 1056 47 21 m.
490 1043 39 34 fl.
548 1044 171 34 anstalter
738 1049 54 30 ett
810 1045 272 44 förslagsanslag
1101 1059 44 21 av
1167 1050 178 37 1,120,000
1365 1048 141 35 kronor.

333 1131 202 35 Sedermera
558 1132 64 34 har
645 1132 134 43 Kungl.
803 1133 110 42 Maj:t
936 1134 11 33 i
971 1147 44 21 en
1040 1134 67 34 den
1131 1138 20 30 8
1174 1147 95 22 mars
1295 1138 86 31 1940
1407 1136 223 42 dagtecknad
1651 1149 127 31 propo-

288 1184 104 34 sition
420 1185 56 42 (nr
503 1186 94 42 155),
622 1186 112 33 under
760 1186 222 43 åberopande
1009 1199 46 21 av
1080 1187 61 34 vid
1163 1188 264 42 propositionen
1452 1189 100 42 fogat
1577 1190 130 43 utdrag
1733 1202 45 22 av

287 1237 385 44 statsrådsprotokollet
711 1242 85 30 över
833 1239 376 35 ecklesiastikärenden
1246 1240 55 34 för
1328 1253 135 22 samma
1491 1242 79 42 dag,
1597 1241 180 44 föreslagit

286 1290 184 43 riksdagen
493 1296 57 29 att

333 1347 30 30 1.
387 1356 40 21 ur
451 1344 430 43 personalförteckningen
907 1345 55 33 för
988 1345 421 36 folkskoleseminarierna
1436 1348 157 35 utesluta
1619 1348 158 42 följande

285 1397 110 33 under
418 1398 167 33 rubriken
609 1398 234 42 Tjänstemän
867 1400 20 32 å
912 1400 268 42 övergångsstat
1206 1405 183 38 upptagna
1413 1401 364 43 befattningshavare,

285 1450 173 42 nämligen
479 1454 15 29 1
516 1450 114 34 lektor
646 1451 11 34 i
674 1451 212 43 lönegraden
902 1452 31 34 A
947 1455 44 31 27
1010 1452 66 34 och
1095 1456 16 30 1
1131 1453 112 34 lärare
1261 1454 11 33 i
1289 1454 115 33 musik
1422 1454 10 33 i
1449 1454 211 42 lönegraden
1673 1455 31 33 A
1719 1458 55 36 21;

330 1505 31 31 2.
381 1503 189 42 godkänna
592 1516 45 21 av
656 1504 389 42 departementschefen
1066 1506 150 41 angiven
1238 1506 257 44 avlöningsstat
1514 1507 55 34 för
1588 1507 186 34 folkskole-

284 1555 259 41 seminarierna,
565 1561 55 29 att
642 1557 179 42 tillämpas
844 1557 69 34 tills
937 1557 122 35 vidare
1080 1557 78 34 från
1180 1559 66 33 och
1269 1559 80 33 med
1371 1559 211 43 budgetåret
1605 1560 169 43 1940/41;

332 1611 30 31 3.
386 1608 175 43 medgiva,
586 1614 55 29 att
665 1609 54 34 till
743 1610 136 33 läraren
903 1610 11 34 i
939 1610 320 42 trädgårdsskötsel
1283 1612 60 33 vid
1366 1611 376 36 folkskoleseminariet
1765 1612 11 34 i

286 1660 169 35 Karlstad
473 1662 138 34 Anders
629 1661 215 35 Gustafsson
861 1663 70 40 må,
948 1663 131 34 räknat
1096 1663 78 34 från
1193 1664 66 33 och
1276 1665 80 33 med
1376 1665 68 34 den
1464 1669 16 30 1
1501 1665 65 42 juli
1586 1669 99 38 1937,
1704 1666 72 34 tills

286 1713 129 43 vidare,
444 1715 38 33 så
511 1715 100 42 länge
640 1715 71 33 han
740 1715 146 34 innehar
914 1716 53 33 sin
995 1716 207 34 nuvarande
1230 1717 212 43 befattning,
1470 1719 86 41 utgå
1583 1718 193 43 personligt

285 1767 200 43 lönetillägg
509 1769 82 34 med
615 1772 64 31 300
703 1769 131 34 kronor
857 1768 53 35 för
934 1770 50 39 år;

331 1823 31 32 4.
390 1821 52 33 till
471 1821 400 35 Folkskoleseminarier:
898 1822 218 43 Avlöningar
1143 1823 55 34 för
1226 1824 210 43 budgetåret
1466 1825 153 43 1940/41
1651 1825 125 34 anvisa

285 1878 53 29 ett
358 1873 269 43 förslagsanslag
648 1887 45 21 av
715 1878 179 37 2,337,000
915 1876 143 41 kronor;

331 1930 30 30 5.
383 1926 51 34 till
456 1926 400 35 Folkskoleseminarier:
880 1928 261 35 Omkostnader
1162 1929 55 33 för
1238 1929 210 43 budgetåret
1472 1930 153 43 1940/41
1650 1931 125 34 anvisa

284 1984 53 28 ett
360 1978 269 44 förslagsanslag
652 1992 45 21 av
722 1984 146 36 238,000
890 1981 142 41 kronor;

329 2035 31 30 6.
399 2032 53 33 till
495 2032 399 35 Folkskoleseminarier:
937 2034 177 40 Materiel,
1155 2034 130 34 böcker
1325 2048 46 21 m.
1400 2048 48 22 m.
1477 2035 56 34 för
1562 2036 211 43 budgetåret

285 2084 151 42 1940/41
466 2085 124 34 anvisa
615 2090 52 29 ett
691 2087 359 42 reservationsanslag
1074 2099 45 22 av
1144 2090 124 37 50,000
1292 2088 139 40 kronor;

329 2140 31 31 7.
390 2138 51 33 till
473 2131 400 42 Folkskoleseminarier:
906 2139 199 43 Stipendier
1134 2139 54 35 för
1217 2141 211 42 budgetåret
1461 2142 152 43 1940/41
1648 2142 125 34 anvisa

283 2194 54 30 ett
359 2190 120 42 anslag
501 2203 46 21 av
571 2194 121 37 56,000
714 2192 142 40 kronor;

330 2246 31 30 8.
385 2243 189 42 godkänna
593 2256 44 21 av
656 2244 388 42 departementschefen
1065 2246 149 42 angiven
1235 2247 256 42 avlöningsstat
1512 2248 54 33 för
1584 2248 188 34 småskole-

285 2297 257 40 seminarierna,
558 2302 54 29 att
627 2298 179 43 tillämpas
822 2299 69 33 tills
906 2299 122 33 vidare
1043 2299 77 34 från
1136 2300 65 33 och
1217 2301 81 33 med
1315 2301 209 42 budgetåret
1543 2303 167 41 1940/41;

329 2354 30 30 9.
377 2351 52 33 till
448 2351 396 34 Småskoleseminarier:
862 2352 218 42 Avlöningar
1099 2352 53 34 för
1171 2353 210 43 budgetåret
1402 2354 152 43 1940/41
1577 2355 123 33 anvisa
1718 2359 54 29 ett

279 2402 270 44 förslagsanslag
573 2417 46 20 av
643 2408 147 37 534,400
814 2405 140 40 kronor;

329 2460 52 30 10.
400 2457 53 33 till
473 2457 395 35 Småskoleseminarier:
889 2458 261 34 Omkostnader
1169 2459 55 34 för
1243 2459 209 43 budgetåret
1472 2460 152 43 1940/41
1648 2461 124 33 anvisa

281 2513 53 29 ett
357 2508 269 45 förslagsanslag
649 2523 45 21 av
719 2514 123 36 66,000
865 2511 141 40 kronor;
