1924 2834
518 182 294 34 Statsutskottets
836 181 186 34 utlåtande
1047 182 53 32 Nr
1124 183 73 31 117.
1581 183 19 29 9

111 263 58 34 lan
197 263 101 34 dessa
326 262 92 34 båda
447 262 213 34 alternativa
687 264 162 39 utvägar.
877 262 59 33 Då
963 261 194 34 emellertid
1184 261 11 33 i
1222 260 205 34 nuvarande
1455 260 76 42 läge
1558 271 42 21 en

110 316 238 42 övervältring
369 328 45 21 av
433 315 147 43 utgifter
600 315 79 34 från
701 320 118 29 staten
839 315 52 34 till
912 315 257 33 kommunerna
1190 314 92 34 helst
1302 314 76 34 icke
1399 314 109 33 borde
1530 313 72 38 ske,

110 371 113 33 måste
242 370 56 33 för
317 369 232 40 närvarande,
570 370 115 33 såsom
705 369 134 42 jämväl
859 369 43 33 de
923 368 221 42 sakkunniga
1165 368 66 34 och
1251 367 153 34 flertalet
1425 368 10 33 i
1456 366 145 35 ärendet

109 424 112 33 hörda
245 423 246 43 myndigheter
515 423 182 40 förutsatt,
721 422 249 34 företrädesvis
996 422 60 34 det
1080 434 120 22 senare
1225 421 228 34 alternativet
1478 420 124 42 väljas.

156 477 189 34 Utskottet
369 477 64 33 har
457 477 77 33 icke
558 477 108 41 något
691 481 57 29 att
772 476 112 33 erinra
909 481 77 28 mot
1011 480 56 30 att
1091 488 43 21 en
1158 474 262 43 undersökning
1443 474 160 33 kommer

112 530 52 34 till
192 530 106 34 stånd
324 530 148 33 rörande
499 529 269 42 möjligheterna
795 534 55 28 att
874 540 126 31 genom
1029 529 115 42 någon
1170 527 240 43 förskjutning
1436 540 46 21 av
1506 527 95 33 kost-

112 582 330 42 nadsfördelningen
471 583 129 33 mellan
629 587 118 29 staten
776 582 65 33 och
868 582 258 33 kommunerna
1155 581 249 34 åstadkomma
1432 585 54 30 ett
1515 585 87 28 star-

111 636 83 34 kare
217 636 145 33 intresse
384 636 63 33 hos
472 635 43 34 de
538 647 120 22 senare
681 635 54 33 för
758 647 43 22 en
823 647 96 21 mera
942 634 207 34 ekonomisk
1171 634 249 42 planläggning
1443 646 46 21 av
1512 633 89 33 skol-

112 689 293 42 organisationen.
425 689 189 33 Utskottet
636 688 110 34 håller
767 687 193 35 emellertid
983 687 85 40 före,
1089 692 56 29 att
1167 688 68 33 den
1257 687 11 33 i
1289 692 90 29 stort
1402 691 72 29 sett
1496 686 107 34 ända-

112 742 257 42 målsenligaste
390 744 157 40 utvägen
570 746 56 29 att
647 741 249 34 åstadkomma
918 753 43 21 en
985 740 178 34 önskvärd
1185 739 280 43 rationalisering
1487 742 38 31 är
1548 743 55 29 att

113 796 84 33 söka
217 796 11 33 i
246 808 44 21 en
309 795 130 43 ökning
458 795 66 34 och
543 794 254 43 intensifiering
816 807 45 21 av
880 795 69 33 den
968 794 143 42 statliga
1129 793 167 43 tillsynen
1314 797 83 30 över
1416 792 186 34 folkskole-

113 849 181 34 väsendet.

156 903 57 33 De
232 901 379 43 besparingsåtgärder,
631 914 76 22 som
725 901 12 34 i
755 900 232 35 förevarande
1005 900 218 43 proposition
1243 899 207 43 föreslagits,
1471 902 59 31 äro
1550 898 52 34 till

112 968 43 21 en
174 955 56 34 del
251 960 55 29 att
326 954 148 34 hänföra
494 955 54 33 till
567 953 514 43 rationaliseringssträvanden
1100 966 82 21 men
1202 953 110 34 delvis
1332 956 90 31 även
1442 965 46 21 av
1507 964 96 22 mera

113 1007 152 44 tillfällig
282 1013 116 34 natur,
414 1007 156 34 avsedda
588 1012 56 29 att
660 1007 79 34 leda
757 1007 53 34 till
826 1006 238 43 besparingar,
1081 1019 76 21 som
1173 1006 12 34 i
1202 1005 155 35 rådande
1374 1006 77 41 läge
1469 1009 135 30 ansetts

113 1060 234 43 erforderliga.
375 1060 190 34 Utskottet
591 1060 65 34 har
682 1060 12 34 i
721 1059 111 35 likhet
858 1059 82 34 med
968 1057 387 44 departementschefen
1382 1058 77 34 icke
1486 1057 119 34 funnit

115 1114 189 42 anledning
318 1113 52 34 till
386 1113 139 33 erinran
541 1119 75 28 mot
634 1113 42 34 de
694 1113 177 33 allmänna
889 1113 174 41 riktlinjer
1079 1112 54 34 för
1150 1111 454 43 besparingssträvandena,

115 1180 75 21 som
218 1167 43 34 de
289 1167 220 42 sakkunniga
536 1166 178 43 framlagt.
742 1166 148 34 Särskilt
917 1165 265 43 betydelsefullt
1208 1177 102 30 synes
1339 1165 61 34 det
1427 1165 179 34 utskottet

113 1220 193 34 emellertid
329 1232 97 28 vara,
448 1224 57 30 att
528 1219 43 34 de
593 1219 237 43 pedagogiska
853 1218 257 43 betingelserna
1132 1217 56 35 för
1209 1217 296 43 undervisningen
1529 1217 75 34 icke

113 1285 96 22 mera
231 1273 179 33 kännbart
432 1272 201 41 försämras,
656 1271 148 35 framför
826 1271 63 35 allt
911 1271 78 35 icke
1011 1274 64 31 när
1097 1271 61 35 det
1180 1271 107 43 gäller
1309 1271 127 41 skolor,
1459 1283 76 21 som
1557 1282 47 21 nu

114 1326 121 34 arbeta
259 1326 111 33 under
392 1325 138 35 mindre
550 1337 234 31 gynnsamma
806 1324 257 41 förhållanden,
1085 1324 33 34 d.
1141 1337 34 21 v.
1199 1337 26 21 s.
1248 1324 12 34 i
1281 1323 148 35 främsta
1452 1327 153 30 rummet

113 1379 93 34 vissa
234 1379 346 42 landsbygdsskolor.
608 1379 144 33 Liksom
781 1377 388 43 departementschefen
1196 1377 114 33 finner
1337 1377 180 34 utskottet
1545 1376 60 34 det

115 1445 85 20 vara
221 1444 46 21 av
287 1432 88 40 vikt,
396 1437 56 28 att
471 1431 164 43 åtgärder
654 1431 76 34 icke
751 1431 174 42 vidtagas,
946 1443 76 21 som
1041 1431 121 32 kunna
1182 1430 79 33 leda
1281 1430 52 33 till
1353 1442 43 21 en
1416 1442 97 21 mera
1533 1441 71 21 om-

114 1484 164 35 fattande
298 1484 233 35 arbetslöshet
550 1484 108 34 bland
677 1484 94 33 olika
790 1484 255 41 lärargrupper.

158 1538 79 34 Vad
259 1536 388 44 departementschefen
668 1537 12 33 i
701 1536 117 42 övrigt
839 1536 11 34 i
870 1535 233 34 förevarande
1124 1534 257 43 sammanhang
1402 1534 119 34 anfört
1542 1534 64 34 har

115 1591 75 34 icke
214 1591 89 42 givit
328 1590 179 34 utskottet
532 1590 189 42 anledning
745 1589 53 34 till
823 1589 139 34 erinran
986 1588 82 34 eller
1091 1588 198 34 uttalande.

351 1724 32 32 2.
418 1724 230 40 Minskning
673 1732 49 24 av
746 1723 149 33 antalet
917 1722 453 42 parallellavdelningar.

701 1798 54 30 De
779 1798 242 38 sakkunniga.

162 1875 81 33 Den
266 1886 45 21 av
334 1874 42 33 de
398 1874 222 42 sakkunniga
642 1874 216 33 verkställda
880 1873 307 43 undersökningen
1209 1873 148 34 rörande
1380 1873 228 42 möjligheten

118 1932 55 29 att
186 1927 147 42 indraga
346 1927 245 41 lärartjänster
604 1927 64 33 har
682 1927 11 33 i
707 1926 149 34 främsta
870 1931 154 28 rummet
1039 1931 117 29 avsett
1207 1926 401 34 icke-ordinarie

117 1980 254 47 tjänster
417 1980 91 33 vid
555 1980 262 33 A-skolor
863 1979 11 33 i
922 1979 393 33 skoldistrikt
1362 1979 114 33 med
1523 1983 85 29 ett

118 2033 201 34 flertal
365 2032 679 44 parallellavdelningar.
1083 2032 316 42 Undersökningen
1418 2028 58 52 har
1498 2028 110 52 enligt

118 2087 42 34 de
184 2086 220 43 sakkunniga
428 2086 90 43 givit
540 2086 61 33 vid
627 2085 153 40 handen,
804 2090 54 30 att
882 2090 53 29 ett
960 2090 90 29 stort
1074 2086 97 33 antal
1196 2085 322 43 läraravdelningar
1542 2084 65 34 fin-

119 2153 59 21 nes
196 2140 80 34 med
294 2145 51 28 ett
362 2141 134 41 ganska
514 2140 97 42 ringa
628 2140 187 33 elevantal.

163 2202 123 42 Några
311 2202 10 33 i
347 2202 130 33 allmän
503 2201 213 42 författning
741 2201 105 42 givna
872 2201 264 34 bestämmelser
1162 2213 58 21 om
1248 2201 134 33 antalet
1409 2201 114 33 elever
1549 2213 61 30 per

119 2246 281 42 läraravdelning
417 2246 127 33 funnes
562 2246 87 34 icke.
667 2246 231 33 Föreskrifter
924 2246 3 32 i
946 2245 156 33 nämnda
1120 2245 199 33 hänseende
1337 2245 181 33 lämnades
1537 2245 9 33 i
1567 2246 42 32 de

119 2291 54 33 för
199 2290 186 33 distrikten
412 2290 162 42 gällande
600 2289 268 42 reglementena.
895 2289 359 41 Skolöverstyrelsens
1281 2289 120 42 planer
1429 2289 65 33 och
1522 2289 86 33 före-

119 2335 110 33 bilder
267 2334 52 33 till
358 2334 235 41 reglementen
634 2334 65 32 och
738 2333 110 33 andra
887 2333 263 33 bestämmelser
1177 2332 55 33 för
1259 2333 186 33 distrikten
1475 2334 134 40 angåve

119 2378 265 34 maximisiffran
403 2378 55 33 för
476 2378 213 33 elevantalet
708 2377 10 33 i
737 2377 191 33 folkskolor
948 2389 45 21 av
1012 2376 138 33 A-form
1168 2377 53 33 till
1241 2378 46 40 på
1307 2376 302 34 folkskolestadiet

120 2426 42 30 40
190 2423 65 33 och
282 2424 46 41 på
355 2422 305 33 småskolestadiet
687 2425 55 29 30.
769 2421 138 33 Endast
934 2420 257 42 undantagsvis
1218 2420 101 34 torde
1347 2420 89 34 dock
1465 2433 145 21 numera

120 2467 321 42 läraravdelningar
465 2466 46 33 ha
536 2471 52 28 ett
614 2467 38 32 så
677 2465 86 42 högt
788 2465 187 33 elevantal.
1002 2465 78 33 Den
1107 2469 118 29 senast
1251 2464 243 42 färdigställda
1520 2465 89 33 elev-

121 2511 213 40 statistiken,
362 2510 173 34 avseende
562 2510 236 33 vårterminen
827 2513 99 35 1936,
953 2509 162 33 utvisade
1142 2514 53 28 ett
1219 2509 164 33 medeltal
1410 2509 114 33 elever
1550 2521 60 30 per
