1910 2776
232 129 42 30 24
595 126 287 32 Statsutskottets
905 124 178 31 utlåtande
1104 132 43 20 nr
1167 123 19 29 9
1207 122 40 30 år
1270 122 83 29 1966

234 209 200 39 föreslagna
451 207 365 38 medelsanvisningen
838 205 89 29 skall
948 204 157 30 minskas
1126 202 80 30 med
1225 202 52 34 0,2
1299 201 88 39 milj.
1410 200 61 33 kr.,
1494 199 150 30 avsedda
1666 198 54 29 för

234 263 142 29 förvärv
393 271 41 21 av
451 261 165 39 billinjer.
635 261 52 29 Då
704 260 57 29 det
779 259 108 39 enligt
905 258 249 40 poststyrelsen
1173 257 71 30 inte
1262 257 71 29 kan
1352 256 175 33 bedömas,
1547 253 173 31 huruvida

234 316 106 39 något
360 315 124 30 sådant
504 314 139 29 förvärv
663 313 69 30 kan
752 313 48 29 bli
820 312 148 30 aktuellt
987 311 112 29 under
1118 310 57 30 det
1194 309 212 30 kommande
1426 307 215 40 budgetåret,
1662 316 59 20 an-

234 378 55 20 ser
309 368 169 29 utskottet
496 368 11 28 i
526 367 110 29 likhet
654 366 80 29 med
752 365 260 30 motionärerna
1030 366 50 27 att
1099 363 111 30 medel
1230 362 56 30 för
1304 361 199 30 ändamålet
1522 361 72 29 inte
1612 360 108 29 heller

234 422 63 29 bör
317 421 117 30 anslås
455 423 89 27 samt
564 420 192 39 tillstyrker
776 418 121 30 därför
917 417 217 30 motionerna
1155 416 11 29 i
1186 416 114 29 denna
1320 416 84 28 del.>

280 475 74 29 dels
376 474 64 30 ock
461 473 188 30 utskottets
670 471 212 31 hemställan
903 471 110 29 under
1035 470 24 29 I.
1080 470 77 29 bort
1179 469 45 29 ha
1245 468 157 39 följande
1424 467 145 39 lydelse:

592 526 44 29 »I.
655 528 49 27 att
721 524 188 39 riksdagen
927 524 66 33 må,
1012 524 11 28 i
1041 522 188 39 anledning
1246 531 43 20 av
1306 521 125 39 Kungl.
1449 520 125 39 Maj:ts
1592 519 130 38 förslag

547 581 90 28 samt
659 578 78 30 med
759 577 98 30 bifall
880 577 51 30 till
953 576 219 30 motionerna
1193 575 29 29 1:
1238 574 63 30 447
1324 575 64 29 och
1411 574 45 29 II:
1472 573 74 34 548,
1570 572 152 30 nämnda

543 631 173 30 motioner
734 630 105 31 såvitt
857 639 48 20 nu
924 630 37 29 är
981 630 9 29 i
1010 629 108 39 fråga,
1138 629 52 29 till
1208 627 153 30 Posthus
1381 636 45 19 m.
1440 635 45 20 m.
1506 626 55 29 för
1580 625 143 39 budget-

549 686 73 29 året
639 684 138 33 1966/67
793 683 122 30 anvisa
930 685 47 27 ett
992 681 353 39 investeringsanslag
1361 689 41 20 av
1420 680 38 29 12
1472 679 63 30 400
1550 678 62 30 000
1628 678 90 34 kr.;>»

278 794 37 33 3)
345 793 59 30 vid
418 792 157 41 punkten
593 793 19 28 3
634 791 237 34 (Televerkets
889 789 267 39 anslagsbehov)

281 852 37 31 a)
348 849 220 30 beträffande
591 848 218 30 motionerna
833 848 29 29 I:
881 847 60 30 179
963 847 65 29 och
1051 846 45 30 II:
1113 846 60 30 237
1198 855 42 20 av
1263 845 125 28 fröken
1411 843 212 35 Andersson,
1647 842 77 28 her-

238 912 57 21 rar
313 903 222 38 Strandberg,
554 902 158 29 Bohman
733 902 64 29 och
817 900 254 35 Nordstrandh,
1091 899 94 29 vilka
1204 900 114 28 ansett
1339 899 49 28 att

285 957 73 29 dels
381 957 55 29 det
457 956 120 39 stycke
597 956 12 28 i
630 955 188 30 utskottets
840 953 162 40 yttrande
1023 952 44 40 på
1089 962 26 20 s.
1140 951 48 34 12,
1211 960 76 21 som
1308 950 118 39 börjar
1448 949 78 30 med
1551 949 97 29 »Vad
1667 948 56 29 be-

239 1010 149 29 träffar»
414 1010 64 29 och
501 1010 112 28 slutar
636 1009 80 30 med
740 1006 372 39 »radioutredningens
1136 1005 163 39 förslag»,
1323 1004 79 29 bort
1424 1004 46 28 ha
1494 1002 157 39 följande
1675 1002 48 38 ly-

240 1064 110 29 delse:

288 1116 137 30 Under
448 1116 155 38 anslaget
627 1115 52 29 till
702 1114 207 39 Ersättning
931 1113 54 30 för
1007 1113 72 29 viss
1102 1110 417 31 rundradioverksamhet
1542 1117 102 21 anser
1668 1108 57 29 de-

236 1168 342 41 partementschefen
595 1168 111 30 medel
723 1168 86 29 böra
824 1167 173 30 beräknas
1015 1166 53 30 till
1085 1165 194 39 ersättning
1297 1164 55 30 för
1370 1162 356 31 skolradioverksam-

236 1223 69 33 het,
325 1222 112 30 radio-
455 1222 64 30 och
537 1221 297 30 TV-verksamhet
853 1220 12 29 i
883 1219 157 30 utlandet
1059 1220 91 28 samt
1168 1218 69 29 fria
1254 1217 247 30 radiolicenser
1521 1215 55 30 för
1595 1214 129 30 blinda.

236 1276 95 29 Även
356 1275 168 30 utskottet
548 1283 103 21 anser
674 1274 56 29 det
754 1274 184 29 motiverat
962 1274 50 28 att
1036 1271 79 30 med
1140 1270 227 31 skattemedel
1392 1269 102 30 täcka
1519 1268 206 30 televerkets

240 1329 193 30 kostnader
454 1328 53 29 för
531 1327 220 30 sistnämnda
773 1325 164 31 ändamål
960 1325 65 30 och
1047 1325 158 29 kommer
1229 1323 121 30 därför
1373 1322 188 29 framdeles
1584 1322 50 29 att
1657 1320 68 30 till-

237 1382 123 39 styrka
381 1384 51 28 att
452 1383 48 28 ett
520 1381 128 39 belopp
667 1390 42 20 av
731 1380 40 30 60
786 1380 63 29 000
872 1380 52 29 kr.
947 1379 139 29 anvisas
1108 1377 131 31 härför.
1261 1377 76 30 Vad
1359 1376 106 39 gäller
1487 1374 240 41 propaganda-

235 1435 270 30 verksamheten
523 1435 174 38 gentemot
715 1432 160 30 utlandet
892 1441 102 20 anser
1012 1431 170 30 utskottet
1200 1430 158 29 däremot
1375 1430 51 29 att
1444 1428 114 30 denna
1577 1427 61 29 bör
1657 1427 69 29 täc-

240 1489 65 29 kas
331 1497 44 21 av
400 1487 109 30 medel
535 1486 282 39 huvudsakligen
843 1485 112 30 under
979 1483 430 39 utrikesdepartementets
1436 1480 197 30 huvudtitel
1660 1479 65 30 och

237 1541 11 30 i
271 1541 68 30 den
363 1540 243 39 utsträckning
630 1540 39 30 så
689 1540 72 29 inte
785 1539 81 30 sker
888 1546 122 32 genom
1035 1536 232 31 licensmedel.
1291 1535 177 31 Utskottet
1492 1534 235 30 återkommer

239 1603 123 21 senare
382 1594 53 30 till
456 1593 123 40 frågan
599 1593 134 29 härom.
755 1591 242 31 Kostnaderna
1019 1590 56 30 för
1096 1588 445 32 skolradioverksamheten
1565 1586 161 39 slutligen

242 1656 105 31 synes
371 1647 72 29 helt
465 1647 85 29 böra
573 1646 124 30 täckas
718 1654 43 21 av
782 1644 235 30 licensmedel.
1041 1643 176 30 Utskottet
1241 1641 196 39 tillstyrker
1459 1639 120 30 därför
1604 1638 122 30 motio-

240 1709 111 21 nerna
366 1700 29 29 1:
414 1700 59 29 179
489 1700 64 30 och
569 1699 45 30 II:
630 1698 62 30 237
708 1699 10 29 i
734 1707 48 21 nu
798 1698 147 29 berörda
961 1697 125 30 delar.»

287 1753 74 30 dels
380 1753 65 30 ock
464 1753 190 29 utskottets
671 1751 213 30 hemställan
902 1750 112 30 under
1031 1750 39 29 V.
1090 1750 78 29 bort
1186 1749 47 29 ha
1252 1747 157 40 följande
1429 1746 146 40 lydelse:

599 1806 59 29 >V.
674 1807 50 28 att
739 1804 188 39 riksdagen
941 1803 68 34 må,
1025 1803 79 29 med
1119 1802 98 30 bifall
1234 1802 52 29 till
1301 1801 221 29 motionerna
1537 1800 29 29 I:
1585 1798 60 30 179
1661 1798 65 30 och

550 1858 46 30 II:
612 1858 73 34 237,
703 1857 105 30 såvitt
825 1866 48 21 nu
891 1857 39 29 är
947 1857 9 29 i
974 1856 108 39 fråga,
1101 1856 11 30 i
1130 1855 166 30 skrivelse
1314 1854 51 30 till
1384 1853 125 39 Kungl.
1527 1852 106 39 Maj:t
1651 1852 76 39 giva

551 1911 53 30 till
619 1911 117 29 känna
750 1910 67 30 vad
833 1910 170 30 utskottet
1018 1908 118 30 anfört
1151 1908 149 30 rörande
1316 1908 103 29 sättet
1436 1906 56 29 för
1505 1904 223 31 bestridande

551 1973 42 20 av
613 1963 205 31 televerkets
839 1962 188 30 kostnader
1048 1961 55 30 för
1122 1961 68 30 fria
1210 1960 325 40 ljudradiolicenser
1556 1958 35 30 åt
1610 1957 118 30 blinda

552 2017 166 29 ävensom
749 2014 447 32 skolradioverksamheten
1228 2015 91 27 samt
1350 2013 67 29 den
1448 2012 54 29 del
1533 2020 42 21 av
1605 2019 124 31 propa-

552 2068 384 41 gandaverksamheten
951 2069 175 38 gentemot
1141 2066 168 33 utlandet,
1326 2074 75 22 som
1417 2065 30 39 ej
1465 2064 120 30 täckes
1601 2073 41 20 av
1659 2063 70 29 sär-

551 2122 83 31 skilt
649 2122 121 39 anslag
785 2121 114 30 under
912 2120 112 40 tredje
1039 2119 260 34 huvudtiteln;>

283 2221 39 33 b)
352 2220 220 31 beträffande
594 2219 303 30 bilradiolicensen
919 2228 41 20 av
982 2218 124 29 fröken
1128 2217 211 35 Andersson,
1362 2216 120 29 herrar
1503 2214 223 38 Strandberg,

239 2275 161 29 Bohman
424 2274 64 30 och
509 2272 254 37 Nordstrandh,
786 2272 96 30 vilka
904 2273 113 28 ansett
1040 2273 51 28 att
1114 2270 169 29 utskottet
1307 2269 76 29 bort
1406 2268 177 40 tillstyrka
1606 2266 122 31 motio-

242 2337 111 21 nerna
371 2329 28 29 1:
418 2328 59 29 116
495 2328 64 29 och
578 2327 45 29 II:
643 2326 58 30 155
721 2328 90 28 samt
829 2327 51 28 att
898 2324 119 31 därför

289 2381 74 30 dels
382 2381 57 30 det
456 2381 118 39 stycke
591 2380 13 29 i
621 2379 189 31 utskottets
827 2377 162 41 yttrande
1007 2377 45 39 på
1070 2386 26 20 s.
1118 2377 48 33 12,
1185 2385 75 21 som
1278 2375 121 39 börjar
1416 2375 79 29 med
1515 2374 61 39 »>Ej
1597 2373 128 30 heller»

242 2435 65 29 och
328 2434 111 31 slutar
458 2434 76 30 med
557 2443 60 20 »ca
636 2434 19 29 6
674 2432 88 39 milj.
782 2432 86 34 kr.>,
888 2431 77 30 bort
984 2431 49 30 ha
1049 2430 156 40 följande
1225 2429 151 40 lydelse:
