2216 2606
358 145 18 30 2
585 142 118 31 Andra
727 141 202 31 kammarens
951 141 112 37 första
1091 139 167 40 tillfälliga
1283 139 134 31 utskotts
1440 139 167 31 utlåtande
1631 139 53 30 Nr
1708 140 29 30 2.

358 233 333 46 samhällsgrupper
733 232 65 35 och
827 231 170 36 inverkar
1026 230 207 35 förfinande
1263 232 45 44 på
1337 229 224 36 känslolivet.
1620 228 110 47 Varje
1759 232 90 43 steg,
1881 240 73 24 som

358 287 73 35 kan
459 289 103 43 tagas
591 285 57 35 till
676 287 53 33 ett
756 285 200 48 främjande
985 297 44 23 av
1058 283 267 47 sångkonstens.
1354 282 123 48 odling
1505 285 61 32 ute
1596 282 110 35 bland
1734 281 126 44 folket,
1891 282 64 35 bör

358 340 121 35 därför
507 340 47 34 ha
581 341 73 33 rätt
684 341 52 33 att
764 338 161 46 påräkna
953 337 301 37 statsmakternas
1284 337 228 46 bevågenhet
1541 335 68 35 och
1629 336 89 35 stöd.
1767 335 189 36 Utskottet

359 393 132 35 önskar
519 391 203 36 emellertid
751 391 198 44 framhålla,
981 394 52 32 att
1061 389 132 47 nödiga
1221 389 184 47 garantier
1434 390 85 34 böra
1549 389 132 46 skapas
1703 388 54 35 för
1777 392 53 31 att
1850 391 104 33 stats-

358 446 167 47 bidraget
566 445 81 36 icke
689 444 233 36 missbrukas.
979 443 107 35 Vissa
1125 442 219 48 betingelser
1372 443 86 35 böra
1486 442 122 35 därför
1637 441 121 36 ställas
1787 441 56 35 för
1872 442 82 35 dess

359 500 218 35 erhållande.
636 498 167 36 Kontroll
836 503 84 30 över
952 498 43 34 de
1024 497 337 35 statsunderstödda
1390 496 172 35 körernas
1591 494 230 36 verksamhet
1849 495 65 34 bör
1943 494 12 35 i

358 556 119 44 någon
506 553 90 34 form
628 553 187 35 anordnas.
873 549 132 37 Likaså
1033 550 65 35 bör
1126 548 465 48 redovisningsskyldighet
1621 547 230 36 föreskrivas.

466 606 85 35 Med
594 606 177 35 avseende
799 607 45 43 på
874 604 137 46 frågan,
1042 603 13 35 i
1084 603 123 36 vilken
1235 602 219 47 omfattning
1483 603 103 34 dessa
1616 614 27 22 s.
1674 601 35 35 k.
1741 600 213 47 hembygds-

360 660 106 35 körer
507 659 87 35 eller
637 659 80 34 med
759 658 78 34 dem
881 656 178 36 likartade
1089 656 367 46 sammanslutningar
1484 656 87 34 böra
1600 666 103 24 anses
1731 654 225 46 berättigade

359 712 57 36 till
463 711 231 47 statsbidrag,
739 723 104 23 anser
884 710 188 44 utskottet,
1103 713 53 32 att
1184 709 119 47 dylikt
1332 709 128 46 bidrag
1487 708 13 35 i
1529 708 152 35 främsta
1708 711 155 31 rummet
1893 708 63 35 bör

361 769 88 44 utgå
481 765 56 36 till
565 766 135 35 sådana
727 765 118 43 körer,
876 776 74 23 som
980 769 61 30 äro
1070 763 251 47 organiserade
1353 763 55 35 för
1437 762 231 36 verksamhet
1696 761 95 35 inom
1809 762 53 34 ett
1882 760 73 36 vid-

361 820 201 35 sträcktare
590 819 155 35 område.

467 874 51 34 På
545 873 120 47 grund
694 884 43 23 av
766 872 69 35 vad
863 883 91 24 ovan
983 870 215 35 framhållits
1227 870 54 34 får
1309 869 177 36 utskottet
1515 868 201 43 hemställa,

895 981 52 31 att
985 978 112 34 andra
1135 978 219 42 kammaren,
1395 976 81 34 med
1504 974 104 36 bifall
1636 974 56 36 till
1721 974 235 35 förevarande

789 1030 145 44 motion,
976 1031 55 34 för
1068 1030 58 34 sin
1158 1031 58 33 del
1245 1032 110 32 måtte
1384 1029 149 43 besluta,
1565 1031 54 32 att
1647 1027 195 47 riksdagen
1871 1026 86 36 ville

789 1083 13 35 i
830 1083 175 36 skrivelse
1033 1082 57 36 till
1118 1082 135 47 Kungl.
1274 1081 108 48 Maj:t
1401 1081 199 43 hemställa,
1624 1084 52 31 att
1695 1081 135 45 Kungl.
1853 1079 106 48 Maj:t

790 1139 110 33 måtte
928 1137 72 35 låta
1028 1136 138 43 utreda,
1196 1135 181 36 huruvida
1405 1135 65 35 och
1499 1137 46 43 på
1562 1134 98 36 vilka
1678 1133 132 37 villkor
1829 1134 129 34 under-

790 1191 80 35 stöd
899 1192 57 33 må
984 1190 125 35 kunna
1138 1201 43 24 av
1210 1188 207 36 statsmedel
1444 1188 152 35 beredas
1625 1199 27 23 s.
1683 1187 36 34 k.
1746 1187 212 46 hembygds-

790 1244 107 35 körer
934 1244 80 34 med
1042 1242 148 47 uppgift
1218 1247 52 30 att
1298 1242 111 35 bland
1437 1241 125 44 folket,
1594 1240 146 36 särskilt
1767 1242 47 44 på
1842 1241 116 34 lands-

791 1298 157 46 bygden,
966 1297 111 35 vårda
1106 1297 66 34 och
1201 1295 261 36 vidmakthålla
1489 1294 171 35 intresset
1680 1294 54 34 för
1753 1305 204 35 gemensam

792 1353 90 44 sång
923 1351 64 34 och
1025 1349 174 35 kärleken
1226 1349 58 35 till
1313 1351 134 45 sången
1476 1351 92 33 samt
1597 1347 156 35 därefter
1783 1346 57 35 till
1868 1346 91 35 riks-

793 1405 117 45 dagen
952 1403 185 35 inkomma
1179 1403 80 34 med
1302 1403 61 34 det
1390 1402 145 46 förslag,
1567 1400 121 36 vartill
1715 1399 244 47 utredningen

792 1457 73 35 kan
894 1457 143 34 komma
1066 1459 54 32 att
1150 1456 194 35 föranleda.

474 1565 208 37 Stockholm
713 1565 69 34 den
813 1566 46 32 22
892 1563 160 35 februari
1085 1565 111 33 1918.

934 1671 50 34 På
1013 1669 197 35 utskottets
1239 1674 153 41 vägnar:

923 1776 209 36 ARTHUR
1160 1776 249 35 ENGBERG.

474 2002 64 30 Vid
573 2000 284 38 slutbehandlingen
891 2009 36 19 av
951 1998 194 30 förevarande
1167 1998 106 29 ärende
1290 1997 38 30 ha
1353 1998 140 29 närvarit:
1517 1997 100 30 herrar
1640 1997 140 39 Hngberg,
1809 1997 154 38 Berggren,

368 2047 146 35 Bliasson,
545 2046 101 35 Welin,
670 2045 128 36 Eklund,
828 2044 162 37 Gustafson
1017 2043 9 29 i
1057 2042 183 38 Kasenberg,
1268 2043 161 37 Söderberg,
1457 2043 146 28 Svensson
1628 2042 8 28 i
1660 2042 170 38 Eggelstad,
1857 2043 105 29 Swart-

368 2092 62 37 ling
453 2091 54 30 och
530 2091 146 37 Jungnell.

787 2365 170 30 Stockholm,
979 2366 30 24 O.
1032 2364 29 25 L.
1083 2363 164 27 Svanbäcks
1267 2362 192 33 boktryckeri,
1482 2362 73 26 1918.
