<?xml version="1.0" encoding="UTF-8"?>
<alto xmlns="http://www.loc.gov/standards/alto/ns-v3#" xmlns:xlink="http://www.w3.org/1999/xlink" xmlns:xsi="http://www.w3.org/2001/XMLSchema-instance" xsi:schemaLocation="http://www.loc.gov/standards/alto/ns-v3# http://www.loc.gov/alto/v3/alto-3-0.xsd">
	<Description>
		<MeasurementUnit>pixel</MeasurementUnit>
		<sourceImageInformation>
			<fileName>/tmp/tess_c8j_zcg1_input.PNG</fileName>
		</sourceImageInformation>
		<OCRProcessing ID="OCR_0">
			<ocrProcessingStep>
				<processingSoftware>
					<softwareName>tesseract 5.3.0</softwareName>
				</processingSoftware>
			</ocrProcessingStep>
		</OCRProcessing>
	</Description>
	<Layout>
		<Page WIDTH="1900" HEIGHT="2844" PHYSICAL_IMG_NR="0" ID="page_0">
			<PrintSpace HPOS="0" VPOS="0" WIDTH="1900" HEIGHT="2844">
				<ComposedBlock ID="cblock_0" HPOS="265" VPOS="138" WIDTH="1063" HEIGHT="37">
					<TextBlock ID="block_0" HPOS="265" VPOS="138" WIDTH="1063" HEIGHT="37">
						<TextLine ID="line_0" HPOS="265" VPOS="138" WIDTH="1063" HEIGHT="37">
							<String ID="string_0" HPOS="265" VPOS="145" WIDTH="41" HEIGHT="30" WC="0.96" CONTENT="34"/><SP WIDTH="406" VPOS="145" HPOS="306"/>
							<String ID="string_1" HPOS="712" VPOS="140" WIDTH="259" HEIGHT="30" WC="0.90" CONTENT="Statsutskottets"/><SP WIDTH="24" VPOS="140" HPOS="971"/>
							<String ID="string_2" HPOS="995" VPOS="139" WIDTH="163" HEIGHT="29" WC="0.87" CONTENT="utlitande"/><SP WIDTH="25" VPOS="139" HPOS="1158"/>
							<String ID="string_3" HPOS="1183" VPOS="138" WIDTH="47" HEIGHT="29" WC="0.96" CONTENT="Nr"/><SP WIDTH="29" VPOS="138" HPOS="1230"/>
							<String ID="string_4" HPOS="1259" VPOS="142" WIDTH="17" HEIGHT="26" WC="0.85" CONTENT="9"/><SP WIDTH="16" VPOS="142" HPOS="1276"/>
							<String ID="string_5" HPOS="1292" VPOS="142" WIDTH="36" HEIGHT="25" WC="0.85" CONTENT="A."/>
						</TextLine>
					</TextBlock>
				</ComposedBlock>
				<ComposedBlock ID="cblock_1" HPOS="269" VPOS="221" WIDTH="1507" HEIGHT="510">
					<TextBlock ID="block_1" HPOS="269" VPOS="221" WIDTH="1504" HEIGHT="172">
						<TextLine ID="line_1" HPOS="269" VPOS="221" WIDTH="1504" HEIGHT="41">
							<String ID="string_6" HPOS="269" VPOS="231" WIDTH="54" HEIGHT="31" WC="0.96" CONTENT="för"/><SP WIDTH="19" VPOS="231" HPOS="323"/>
							<String ID="string_7" HPOS="342" VPOS="229" WIDTH="208" HEIGHT="32" WC="0.96" CONTENT="närvarande"/><SP WIDTH="19" VPOS="229" HPOS="550"/>
							<String ID="string_8" HPOS="569" VPOS="228" WIDTH="114" HEIGHT="32" WC="0.96" CONTENT="kunna"/><SP WIDTH="19" VPOS="228" HPOS="683"/>
							<String ID="string_9" HPOS="702" VPOS="228" WIDTH="146" HEIGHT="31" WC="0.96" CONTENT="förutses"/><SP WIDTH="20" VPOS="228" HPOS="848"/>
							<String ID="string_10" HPOS="868" VPOS="226" WIDTH="79" HEIGHT="32" WC="0.96" CONTENT="eller"/><SP WIDTH="20" VPOS="226" HPOS="947"/>
							<String ID="string_11" HPOS="967" VPOS="225" WIDTH="197" HEIGHT="33" WC="0.95" CONTENT="lokaliseras"/><SP WIDTH="21" VPOS="225" HPOS="1164"/>
							<String ID="string_12" HPOS="1185" VPOS="224" WIDTH="80" HEIGHT="32" WC="0.96" CONTENT="eller"/><SP WIDTH="19" VPOS="224" HPOS="1265"/>
							<String ID="string_13" HPOS="1284" VPOS="222" WIDTH="216" HEIGHT="34" WC="0.96" CONTENT="beträffande"/><SP WIDTH="20" VPOS="222" HPOS="1500"/>
							<String ID="string_14" HPOS="1520" VPOS="222" WIDTH="94" HEIGHT="32" WC="0.96" CONTENT="vilka"/><SP WIDTH="22" VPOS="222" HPOS="1614"/>
							<String ID="string_15" HPOS="1636" VPOS="221" WIDTH="137" HEIGHT="38" WC="0.96" CONTENT="färdiga"/>
						</TextLine>
						<TextLine ID="line_2" HPOS="269" VPOS="263" WIDTH="1504" HEIGHT="48">
							<String ID="string_16" HPOS="269" VPOS="273" WIDTH="116" HEIGHT="38" WC="0.96" CONTENT="planer"/><SP WIDTH="20" VPOS="273" HPOS="385"/>
							<String ID="string_17" HPOS="405" VPOS="276" WIDTH="89" HEIGHT="27" WC="0.96" CONTENT="ännu"/><SP WIDTH="19" VPOS="276" HPOS="494"/>
							<String ID="string_18" HPOS="513" VPOS="271" WIDTH="30" HEIGHT="38" WC="0.93" CONTENT="ej"/><SP WIDTH="23" VPOS="271" HPOS="543"/>
							<String ID="string_19" HPOS="566" VPOS="270" WIDTH="196" HEIGHT="38" WC="0.92" CONTENT="förefinnas,"/><SP WIDTH="21" VPOS="270" HPOS="762"/>
							<String ID="string_20" HPOS="783" VPOS="269" WIDTH="163" HEIGHT="32" WC="0.96" CONTENT="beräknas"/><SP WIDTH="21" VPOS="269" HPOS="946"/>
							<String ID="string_21" HPOS="967" VPOS="267" WIDTH="218" HEIGHT="38" WC="0.96" CONTENT="erforderligt"/><SP WIDTH="20" VPOS="267" HPOS="1185"/>
							<String ID="string_22" HPOS="1205" VPOS="270" WIDTH="48" HEIGHT="28" WC="0.96" CONTENT="ett"/><SP WIDTH="19" VPOS="270" HPOS="1253"/>
							<String ID="string_23" HPOS="1272" VPOS="266" WIDTH="120" HEIGHT="38" WC="0.95" CONTENT="belopp"/><SP WIDTH="22" VPOS="266" HPOS="1392"/>
							<String ID="string_24" HPOS="1414" VPOS="277" WIDTH="43" HEIGHT="20" WC="0.93" CONTENT="av"/><SP WIDTH="22" VPOS="277" HPOS="1457"/>
							<String ID="string_25" HPOS="1479" VPOS="265" WIDTH="140" HEIGHT="37" WC="0.89" CONTENT="560,000"/><SP WIDTH="21" VPOS="265" HPOS="1619"/>
							<String ID="string_26" HPOS="1640" VPOS="263" WIDTH="133" HEIGHT="32" WC="0.96" CONTENT="kronor."/>
						</TextLine>
						<TextLine ID="line_3" HPOS="270" VPOS="305" WIDTH="1503" HEIGHT="45">
							<String ID="string_27" HPOS="270" VPOS="315" WIDTH="130" HEIGHT="32" WC="0.96" CONTENT="Härtill"/><SP WIDTH="13" VPOS="315" HPOS="400"/>
							<String ID="string_28" HPOS="413" VPOS="314" WIDTH="148" HEIGHT="32" WC="0.96" CONTENT="kommer"/><SP WIDTH="16" VPOS="314" HPOS="561"/>
							<String ID="string_29" HPOS="577" VPOS="313" WIDTH="55" HEIGHT="32" WC="0.96" CONTENT="det"/><SP WIDTH="14" VPOS="313" HPOS="632"/>
							<String ID="string_30" HPOS="646" VPOS="312" WIDTH="118" HEIGHT="38" WC="0.96" CONTENT="belopp"/><SP WIDTH="18" VPOS="312" HPOS="764"/>
							<String ID="string_31" HPOS="782" VPOS="323" WIDTH="42" HEIGHT="20" WC="0.96" CONTENT="av"/><SP WIDTH="16" VPOS="323" HPOS="824"/>
							<String ID="string_32" HPOS="840" VPOS="310" WIDTH="152" HEIGHT="38" WC="0.93" CONTENT="omkring"/><SP WIDTH="17" VPOS="310" HPOS="992"/>
							<String ID="string_33" HPOS="1009" VPOS="310" WIDTH="141" HEIGHT="38" WC="0.92" CONTENT="800,000"/><SP WIDTH="16" VPOS="310" HPOS="1150"/>
							<String ID="string_34" HPOS="1166" VPOS="309" WIDTH="131" HEIGHT="38" WC="0.96" CONTENT="kronor,"/><SP WIDTH="18" VPOS="309" HPOS="1297"/>
							<String ID="string_35" HPOS="1315" VPOS="319" WIDTH="69" HEIGHT="21" WC="0.93" CONTENT="som"/><SP WIDTH="16" VPOS="319" HPOS="1384"/>
							<String ID="string_36" HPOS="1400" VPOS="307" WIDTH="121" HEIGHT="32" WC="0.91" CONTENT="kräves"/><SP WIDTH="18" VPOS="307" HPOS="1521"/>
							<String ID="string_37" HPOS="1539" VPOS="306" WIDTH="55" HEIGHT="32" WC="0.96" CONTENT="för"/><SP WIDTH="15" VPOS="306" HPOS="1594"/>
							<String ID="string_38" HPOS="1609" VPOS="305" WIDTH="164" HEIGHT="33" WC="0.96" CONTENT="täckande"/>
						</TextLine>
						<TextLine ID="line_4" HPOS="272" VPOS="350" WIDTH="1216" HEIGHT="43">
							<String ID="string_39" HPOS="272" VPOS="370" WIDTH="41" HEIGHT="20" WC="0.96" CONTENT="av"/><SP WIDTH="23" VPOS="370" HPOS="313"/>
							<String ID="string_40" HPOS="336" VPOS="357" WIDTH="162" HEIGHT="32" WC="0.93" CONTENT="beräknat"/><SP WIDTH="22" VPOS="357" HPOS="498"/>
							<String ID="string_41" HPOS="520" VPOS="353" WIDTH="398" HEIGHT="40" WC="0.91" CONTENT="anslagsöverskridande"/><SP WIDTH="21" VPOS="353" HPOS="918"/>
							<String ID="string_42" HPOS="939" VPOS="353" WIDTH="106" HEIGHT="32" WC="0.96" CONTENT="under"/><SP WIDTH="22" VPOS="353" HPOS="1045"/>
							<String ID="string_43" HPOS="1067" VPOS="351" WIDTH="223" HEIGHT="32" WC="0.96" CONTENT="innevarande"/><SP WIDTH="22" VPOS="351" HPOS="1290"/>
							<String ID="string_44" HPOS="1312" VPOS="350" WIDTH="176" HEIGHT="37" WC="0.95" CONTENT="budgetår."/>
						</TextLine>
					</TextBlock>
					<TextBlock ID="block_2" HPOS="271" VPOS="389" WIDTH="1505" HEIGHT="342">
						<TextLine ID="line_5" HPOS="315" VPOS="389" WIDTH="1459" HEIGHT="45">
							<String ID="string_45" HPOS="315" VPOS="399" WIDTH="53" HEIGHT="32" WC="0.96" CONTENT="Då"/><SP WIDTH="24" VPOS="399" HPOS="368"/>
							<String ID="string_46" HPOS="392" VPOS="399" WIDTH="140" HEIGHT="32" WC="0.96" CONTENT="behovet"/><SP WIDTH="24" VPOS="399" HPOS="532"/>
							<String ID="string_47" HPOS="556" VPOS="409" WIDTH="42" HEIGHT="21" WC="0.96" CONTENT="av"/><SP WIDTH="25" VPOS="409" HPOS="598"/>
							<String ID="string_48" HPOS="623" VPOS="396" WIDTH="161" HEIGHT="33" WC="0.96" CONTENT="elektrisk"/><SP WIDTH="23" VPOS="396" HPOS="784"/>
							<String ID="string_49" HPOS="807" VPOS="395" WIDTH="98" HEIGHT="32" WC="0.96" CONTENT="kraft"/><SP WIDTH="22" VPOS="395" HPOS="905"/>
							<String ID="string_50" HPOS="927" VPOS="394" WIDTH="265" HEIGHT="40" WC="0.96" CONTENT="uppenbarligen"/><SP WIDTH="25" VPOS="394" HPOS="1192"/>
							<String ID="string_51" HPOS="1217" VPOS="398" WIDTH="38" HEIGHT="27" WC="0.96" CONTENT="är"/><SP WIDTH="26" VPOS="398" HPOS="1255"/>
							<String ID="string_52" HPOS="1281" VPOS="395" WIDTH="84" HEIGHT="29" WC="0.96" CONTENT="statt"/><SP WIDTH="23" VPOS="395" HPOS="1365"/>
							<String ID="string_53" HPOS="1388" VPOS="392" WIDTH="12" HEIGHT="31" WC="0.96" CONTENT="i"/><SP WIDTH="26" VPOS="392" HPOS="1400"/>
							<String ID="string_54" HPOS="1426" VPOS="391" WIDTH="113" HEIGHT="38" WC="0.96" CONTENT="stadig"/><SP WIDTH="26" VPOS="391" HPOS="1539"/>
							<String ID="string_55" HPOS="1565" VPOS="390" WIDTH="124" HEIGHT="38" WC="0.96" CONTENT="ökning"/><SP WIDTH="25" VPOS="390" HPOS="1689"/>
							<String ID="string_56" HPOS="1714" VPOS="389" WIDTH="60" HEIGHT="32" WC="0.96" CONTENT="och"/>
						</TextLine>
						<TextLine ID="line_6" HPOS="271" VPOS="431" WIDTH="1503" HEIGHT="48">
							<String ID="string_57" HPOS="271" VPOS="443" WIDTH="42" HEIGHT="31" WC="0.96" CONTENT="då"/><SP WIDTH="23" VPOS="443" HPOS="313"/>
							<String ID="string_58" HPOS="336" VPOS="442" WIDTH="55" HEIGHT="32" WC="0.96" CONTENT="det"/><SP WIDTH="22" VPOS="442" HPOS="391"/>
							<String ID="string_59" HPOS="413" VPOS="452" WIDTH="98" HEIGHT="27" WC="0.96" CONTENT="synes"/><SP WIDTH="22" VPOS="452" HPOS="511"/>
							<String ID="string_60" HPOS="533" VPOS="439" WIDTH="187" HEIGHT="39" WC="0.96" CONTENT="angeläget,"/><SP WIDTH="23" VPOS="439" HPOS="720"/>
							<String ID="string_61" HPOS="743" VPOS="442" WIDTH="51" HEIGHT="28" WC="0.93" CONTENT="att"/><SP WIDTH="21" VPOS="442" HPOS="794"/>
							<String ID="string_62" HPOS="815" VPOS="436" WIDTH="367" HEIGHT="38" WC="0.91" CONTENT="vattenfallsstyrelsen"/><SP WIDTH="23" VPOS="436" HPOS="1182"/>
							<String ID="string_63" HPOS="1205" VPOS="435" WIDTH="54" HEIGHT="32" WC="0.96" CONTENT="för"/><SP WIDTH="23" VPOS="435" HPOS="1259"/>
							<String ID="string_64" HPOS="1282" VPOS="438" WIDTH="50" HEIGHT="29" WC="0.96" CONTENT="att"/><SP WIDTH="20" VPOS="438" HPOS="1332"/>
							<String ID="string_65" HPOS="1352" VPOS="434" WIDTH="114" HEIGHT="32" WC="0.95" CONTENT="kunna"/><SP WIDTH="22" VPOS="434" HPOS="1466"/>
							<String ID="string_66" HPOS="1488" VPOS="434" WIDTH="12" HEIGHT="31" WC="0.91" CONTENT="i"/><SP WIDTH="23" VPOS="434" HPOS="1500"/>
							<String ID="string_67" HPOS="1523" VPOS="433" WIDTH="50" HEIGHT="32" WC="0.96" CONTENT="tid"/><SP WIDTH="24" VPOS="433" HPOS="1573"/>
							<String ID="string_68" HPOS="1597" VPOS="431" WIDTH="177" HEIGHT="39" WC="0.96" CONTENT="tillgodose"/>
						</TextLine>
						<TextLine ID="line_7" HPOS="272" VPOS="474" WIDTH="1502" HEIGHT="46">
							<String ID="string_69" HPOS="272" VPOS="483" WIDTH="252" HEIGHT="33" WC="0.96" CONTENT="framträdande"/><SP WIDTH="23" VPOS="483" HPOS="524"/>
							<String ID="string_70" HPOS="547" VPOS="481" WIDTH="211" HEIGHT="39" WC="0.96" CONTENT="efterfrågan"/><SP WIDTH="22" VPOS="481" HPOS="758"/>
							<String ID="string_71" HPOS="780" VPOS="481" WIDTH="44" HEIGHT="38" WC="0.96" CONTENT="på"/><SP WIDTH="21" VPOS="481" HPOS="824"/>
							<String ID="string_72" HPOS="845" VPOS="480" WIDTH="97" HEIGHT="32" WC="0.96" CONTENT="kraft"/><SP WIDTH="21" VPOS="480" HPOS="942"/>
							<String ID="string_73" HPOS="963" VPOS="479" WIDTH="62" HEIGHT="32" WC="0.96" CONTENT="har"/><SP WIDTH="23" VPOS="479" HPOS="1025"/>
							<String ID="string_74" HPOS="1048" VPOS="478" WIDTH="206" HEIGHT="37" WC="0.92" CONTENT="tillräckliga"/><SP WIDTH="24" VPOS="478" HPOS="1254"/>
							<String ID="string_75" HPOS="1278" VPOS="475" WIDTH="245" HEIGHT="39" WC="0.90" CONTENT="anslagsmedel"/><SP WIDTH="23" VPOS="475" HPOS="1523"/>
							<String ID="string_76" HPOS="1546" VPOS="475" WIDTH="54" HEIGHT="32" WC="0.96" CONTENT="till"/><SP WIDTH="25" VPOS="475" HPOS="1600"/>
							<String ID="string_77" HPOS="1625" VPOS="474" WIDTH="59" HEIGHT="32" WC="0.93" CONTENT="sitt"/><SP WIDTH="24" VPOS="474" HPOS="1684"/>
							<String ID="string_78" HPOS="1708" VPOS="474" WIDTH="66" HEIGHT="31" WC="0.92" CONTENT="för-"/>
						</TextLine>
						<TextLine ID="line_8" HPOS="272" VPOS="517" WIDTH="1503" HEIGHT="48">
							<String ID="string_79" HPOS="272" VPOS="526" WIDTH="145" HEIGHT="39" WC="0.91" CONTENT="fogande"/><SP WIDTH="41" VPOS="526" HPOS="417"/>
							<String ID="string_80" HPOS="458" VPOS="526" WIDTH="55" HEIGHT="31" WC="0.96" CONTENT="för"/><SP WIDTH="40" VPOS="526" HPOS="513"/>
							<String ID="string_81" HPOS="553" VPOS="524" WIDTH="221" HEIGHT="37" WC="0.93" CONTENT="erforderliga"/><SP WIDTH="30" VPOS="524" HPOS="774"/>
							<String ID="string_82" HPOS="804" VPOS="522" WIDTH="287" HEIGHT="39" WC="0.92" CONTENT="nyanläggnings-"/><SP WIDTH="31" VPOS="522" HPOS="1091"/>
							<String ID="string_83" HPOS="1122" VPOS="520" WIDTH="60" HEIGHT="32" WC="0.93" CONTENT="och"/><SP WIDTH="30" VPOS="520" HPOS="1182"/>
							<String ID="string_84" HPOS="1212" VPOS="517" WIDTH="415" HEIGHT="40" WC="0.89" CONTENT="kompletteringsarbeten"/><SP WIDTH="31" VPOS="517" HPOS="1627"/>
							<String ID="string_85" HPOS="1658" VPOS="528" WIDTH="42" HEIGHT="20" WC="0.96" CONTENT="av"/><SP WIDTH="31" VPOS="528" HPOS="1700"/>
							<String ID="string_86" HPOS="1731" VPOS="527" WIDTH="44" HEIGHT="20" WC="0.96" CONTENT="nu"/>
						</TextLine>
						<TextLine ID="line_9" HPOS="272" VPOS="558" WIDTH="1503" HEIGHT="49">
							<String ID="string_87" HPOS="272" VPOS="568" WIDTH="261" HEIGHT="39" WC="0.95" CONTENT="ifrågavarande"/><SP WIDTH="21" VPOS="568" HPOS="533"/>
							<String ID="string_88" HPOS="554" VPOS="571" WIDTH="64" HEIGHT="35" WC="0.96" CONTENT="art,"/><SP WIDTH="21" VPOS="571" HPOS="618"/>
							<String ID="string_89" HPOS="639" VPOS="567" WIDTH="61" HEIGHT="32" WC="0.96" CONTENT="har"/><SP WIDTH="20" VPOS="567" HPOS="700"/>
							<String ID="string_90" HPOS="720" VPOS="566" WIDTH="59" HEIGHT="38" WC="0.96" CONTENT="jag"/><SP WIDTH="22" VPOS="566" HPOS="779"/>
							<String ID="string_91" HPOS="801" VPOS="568" WIDTH="109" HEIGHT="29" WC="0.96" CONTENT="ansett"/><SP WIDTH="20" VPOS="568" HPOS="910"/>
							<String ID="string_92" HPOS="930" VPOS="565" WIDTH="70" HEIGHT="37" WC="0.96" CONTENT="mig"/><SP WIDTH="21" VPOS="565" HPOS="1000"/>
							<String ID="string_93" HPOS="1021" VPOS="564" WIDTH="81" HEIGHT="32" WC="0.96" CONTENT="böra"/><SP WIDTH="21" VPOS="564" HPOS="1102"/>
							<String ID="string_94" HPOS="1123" VPOS="561" WIDTH="176" HEIGHT="39" WC="0.96" CONTENT="tillstyrka"/><SP WIDTH="22" VPOS="561" HPOS="1299"/>
							<String ID="string_95" HPOS="1321" VPOS="573" WIDTH="39" HEIGHT="20" WC="0.95" CONTENT="en"/><SP WIDTH="23" VPOS="573" HPOS="1360"/>
							<String ID="string_96" HPOS="1383" VPOS="559" WIDTH="162" HEIGHT="33" WC="0.93" CONTENT="avsevärd"/><SP WIDTH="22" VPOS="559" HPOS="1545"/>
							<String ID="string_97" HPOS="1567" VPOS="558" WIDTH="208" HEIGHT="38" WC="0.89" CONTENT="anslagshöj-"/>
						</TextLine>
						<TextLine ID="line_10" HPOS="272" VPOS="600" WIDTH="1503" HEIGHT="50">
							<String ID="string_98" HPOS="272" VPOS="613" WIDTH="81" HEIGHT="37" WC="0.96" CONTENT="ning"/><SP WIDTH="17" VPOS="613" HPOS="353"/>
							<String ID="string_99" HPOS="370" VPOS="611" WIDTH="54" HEIGHT="33" WC="0.95" CONTENT="till"/><SP WIDTH="18" VPOS="611" HPOS="424"/>
							<String ID="string_100" HPOS="442" VPOS="609" WIDTH="220" HEIGHT="34" WC="0.96" CONTENT="förevarande"/><SP WIDTH="19" VPOS="609" HPOS="662"/>
							<String ID="string_101" HPOS="681" VPOS="608" WIDTH="155" HEIGHT="33" WC="0.96" CONTENT="ändamål"/><SP WIDTH="19" VPOS="608" HPOS="836"/>
							<String ID="string_102" HPOS="855" VPOS="607" WIDTH="53" HEIGHT="32" WC="0.96" CONTENT="för"/><SP WIDTH="17" VPOS="607" HPOS="908"/>
							<String ID="string_103" HPOS="925" VPOS="604" WIDTH="274" HEIGHT="35" WC="0.96" CONTENT="nästkommande"/><SP WIDTH="18" VPOS="604" HPOS="1199"/>
							<String ID="string_104" HPOS="1217" VPOS="604" WIDTH="176" HEIGHT="37" WC="0.96" CONTENT="budgetår."/><SP WIDTH="42" VPOS="604" HPOS="1393"/>
							<String ID="string_105" HPOS="1435" VPOS="602" WIDTH="53" HEIGHT="31" WC="0.92" CONTENT="En"/><SP WIDTH="19" VPOS="602" HPOS="1488"/>
							<String ID="string_106" HPOS="1507" VPOS="601" WIDTH="175" HEIGHT="39" WC="0.93" CONTENT="jämkning"/><SP WIDTH="18" VPOS="601" HPOS="1682"/>
							<String ID="string_107" HPOS="1700" VPOS="600" WIDTH="75" HEIGHT="31" WC="0.91" CONTENT="ned-"/>
						</TextLine>
						<TextLine ID="line_11" HPOS="272" VPOS="641" WIDTH="1504" HEIGHT="47">
							<String ID="string_108" HPOS="272" VPOS="656" WIDTH="35" HEIGHT="31" WC="0.96" CONTENT="åt"/><SP WIDTH="20" VPOS="656" HPOS="307"/>
							<String ID="string_109" HPOS="327" VPOS="667" WIDTH="42" HEIGHT="20" WC="0.96" CONTENT="av"/><SP WIDTH="20" VPOS="667" HPOS="369"/>
							<String ID="string_110" HPOS="389" VPOS="654" WIDTH="55" HEIGHT="32" WC="0.96" CONTENT="det"/><SP WIDTH="18" VPOS="654" HPOS="444"/>
							<String ID="string_111" HPOS="462" VPOS="657" WIDTH="82" HEIGHT="28" WC="0.93" CONTENT="utav"/><SP WIDTH="20" VPOS="657" HPOS="544"/>
							<String ID="string_112" HPOS="564" VPOS="650" WIDTH="365" HEIGHT="38" WC="0.91" CONTENT="vattenfallsstyrelsen"/><SP WIDTH="20" VPOS="650" HPOS="929"/>
							<String ID="string_113" HPOS="949" VPOS="648" WIDTH="148" HEIGHT="38" WC="0.93" CONTENT="begärda"/><SP WIDTH="21" VPOS="648" HPOS="1097"/>
							<String ID="string_114" HPOS="1118" VPOS="646" WIDTH="292" HEIGHT="38" WC="0.91" CONTENT="anslagsbeloppet"/><SP WIDTH="20" VPOS="646" HPOS="1410"/>
							<String ID="string_115" HPOS="1430" VPOS="644" WIDTH="55" HEIGHT="32" WC="0.93" CONTENT="till"/><SP WIDTH="22" VPOS="644" HPOS="1485"/>
							<String ID="string_116" HPOS="1507" VPOS="644" WIDTH="173" HEIGHT="39" WC="0.91" CONTENT="3,000,000"/><SP WIDTH="21" VPOS="644" HPOS="1680"/>
							<String ID="string_117" HPOS="1701" VPOS="641" WIDTH="75" HEIGHT="32" WC="0.92" CONTENT="kro-"/>
						</TextLine>
						<TextLine ID="line_12" HPOS="272" VPOS="693" WIDTH="553" HEIGHT="38">
							<String ID="string_118" HPOS="272" VPOS="709" WIDTH="60" HEIGHT="20" WC="0.96" CONTENT="nor"/><SP WIDTH="22" VPOS="709" HPOS="332"/>
							<String ID="string_119" HPOS="354" VPOS="697" WIDTH="87" HEIGHT="32" WC="0.96" CONTENT="lärer"/><SP WIDTH="23" VPOS="697" HPOS="441"/>
							<String ID="string_120" HPOS="464" VPOS="695" WIDTH="85" HEIGHT="33" WC="0.96" CONTENT="dock"/><SP WIDTH="22" VPOS="695" HPOS="549"/>
							<String ID="string_121" HPOS="571" VPOS="706" WIDTH="83" HEIGHT="21" WC="0.95" CONTENT="vara"/><SP WIDTH="21" VPOS="706" HPOS="654"/>
							<String ID="string_122" HPOS="675" VPOS="693" WIDTH="150" HEIGHT="38" WC="0.96" CONTENT="möjlig.»"/>
						</TextLine>
					</TextBlock>
				</ComposedBlock>
				<ComposedBlock ID="cblock_2" HPOS="85" VPOS="786" WIDTH="1692" HEIGHT="85">
					<TextBlock ID="block_3" HPOS="88" VPOS="786" WIDTH="1689" HEIGHT="81">
						<TextLine ID="line_13" HPOS="88" VPOS="786" WIDTH="1689" HEIGHT="73">
							<String ID="string_123" HPOS="88" VPOS="798" WIDTH="70" HEIGHT="61" WC="0.0" CONTENT="ÅH"/><SP WIDTH="160" VPOS="798" HPOS="158"/>
							<String ID="string_124" HPOS="318" VPOS="798" WIDTH="75" HEIGHT="32" WC="0.92" CONTENT="Med"/><SP WIDTH="17" VPOS="798" HPOS="393"/>
							<String ID="string_125" HPOS="410" VPOS="796" WIDTH="240" HEIGHT="39" WC="0.90" CONTENT="tillstyrkande"/><SP WIDTH="17" VPOS="796" HPOS="650"/>
							<String ID="string_126" HPOS="667" VPOS="807" WIDTH="40" HEIGHT="20" WC="0.96" CONTENT="av"/><SP WIDTH="18" VPOS="807" HPOS="707"/>
							<String ID="string_127" HPOS="725" VPOS="794" WIDTH="128" HEIGHT="38" WC="0.93" CONTENT="Kungl."/><SP WIDTH="18" VPOS="794" HPOS="853"/>
							<String ID="string_128" HPOS="871" VPOS="793" WIDTH="118" HEIGHT="37" WC="0.96" CONTENT="Maj:ts"/><SP WIDTH="19" VPOS="793" HPOS="989"/>
							<String ID="string_129" HPOS="1008" VPOS="791" WIDTH="217" HEIGHT="32" WC="0.96" CONTENT="förevarande"/><SP WIDTH="19" VPOS="791" HPOS="1225"/>
							<String ID="string_130" HPOS="1244" VPOS="789" WIDTH="131" HEIGHT="37" WC="0.96" CONTENT="förslag"/><SP WIDTH="17" VPOS="789" HPOS="1375"/>
							<String ID="string_131" HPOS="1392" VPOS="787" WIDTH="193" HEIGHT="33" WC="0.96" CONTENT="hemställer"/><SP WIDTH="17" VPOS="787" HPOS="1585"/>
							<String ID="string_132" HPOS="1602" VPOS="786" WIDTH="175" HEIGHT="36" WC="0.96" CONTENT="utskottet,"/>
						</TextLine>
						<TextLine ID="line_14" HPOS="85" VPOS="838" WIDTH="147" HEIGHT="33">
							<String ID="string_133" HPOS="85" VPOS="838" WIDTH="22" HEIGHT="33" WC="0.38" CONTENT="Yy"/><SP WIDTH="29" VPOS="838" HPOS="107"/>
							<String ID="string_134" HPOS="136" VPOS="840" WIDTH="96" HEIGHT="18" WC="0.95" CONTENT="rande."/>
						</TextLine>
					</TextBlock>
				</ComposedBlock>
				<ComposedBlock ID="cblock_3" HPOS="585" VPOS="868" WIDTH="1194" HEIGHT="153">
					<TextBlock ID="block_4" HPOS="585" VPOS="868" WIDTH="1194" HEIGHT="153">
						<TextLine ID="line_15" HPOS="630" VPOS="868" WIDTH="1148" HEIGHT="48">
							<String ID="string_135" HPOS="630" VPOS="883" WIDTH="50" HEIGHT="29" WC="0.96" CONTENT="att"/><SP WIDTH="22" VPOS="883" HPOS="680"/>
							<String ID="string_136" HPOS="702" VPOS="878" WIDTH="179" HEIGHT="38" WC="0.96" CONTENT="riksdagen"/><SP WIDTH="21" VPOS="878" HPOS="881"/>
							<String ID="string_137" HPOS="902" VPOS="878" WIDTH="54" HEIGHT="31" WC="0.95" CONTENT="må"/><SP WIDTH="21" VPOS="878" HPOS="956"/>
							<String ID="string_138" HPOS="977" VPOS="876" WIDTH="54" HEIGHT="33" WC="0.92" CONTENT="till"/><SP WIDTH="23" VPOS="876" HPOS="1031"/>
							<String ID="string_139" HPOS="1054" VPOS="873" WIDTH="484" HEIGHT="38" WC="0.90" CONTENT="distributionsanläggningar"/><SP WIDTH="21" VPOS="873" HPOS="1538"/>
							<String ID="string_140" HPOS="1559" VPOS="871" WIDTH="61" HEIGHT="31" WC="0.96" CONTENT="och"/><SP WIDTH="23" VPOS="871" HPOS="1620"/>
							<String ID="string_141" HPOS="1643" VPOS="868" WIDTH="135" HEIGHT="34" WC="0.96" CONTENT="därmed"/>
						</TextLine>
						<TextLine ID="line_16" HPOS="585" VPOS="920" WIDTH="1194" HEIGHT="47">
							<String ID="string_142" HPOS="585" VPOS="928" WIDTH="324" HEIGHT="39" WC="0.96" CONTENT="sammanhängande"/><SP WIDTH="20" VPOS="928" HPOS="909"/>
							<String ID="string_143" HPOS="929" VPOS="928" WIDTH="135" HEIGHT="31" WC="0.96" CONTENT="arbeten"/><SP WIDTH="20" VPOS="928" HPOS="1064"/>
							<String ID="string_144" HPOS="1084" VPOS="926" WIDTH="57" HEIGHT="32" WC="0.96" CONTENT="vid"/><SP WIDTH="20" VPOS="926" HPOS="1141"/>
							<String ID="string_145" HPOS="1161" VPOS="928" WIDTH="127" HEIGHT="29" WC="0.96" CONTENT="statens"/><SP WIDTH="22" VPOS="928" HPOS="1288"/>
							<String ID="string_146" HPOS="1310" VPOS="923" WIDTH="175" HEIGHT="38" WC="0.96" CONTENT="kraftverk"/><SP WIDTH="22" VPOS="923" HPOS="1485"/>
							<String ID="string_147" HPOS="1507" VPOS="922" WIDTH="54" HEIGHT="31" WC="0.96" CONTENT="för"/><SP WIDTH="19" VPOS="922" HPOS="1561"/>
							<String ID="string_148" HPOS="1580" VPOS="920" WIDTH="199" HEIGHT="39" WC="0.96" CONTENT="budgetåret"/>
						</TextLine>
						<TextLine ID="line_17" HPOS="587" VPOS="971" WIDTH="1191" HEIGHT="50">
							<String ID="string_149" HPOS="587" VPOS="979" WIDTH="181" HEIGHT="42" WC="0.91" CONTENT="1930/1931"/><SP WIDTH="28" VPOS="979" HPOS="768"/>
							<String ID="string_150" HPOS="796" VPOS="979" WIDTH="117" HEIGHT="32" WC="0.96" CONTENT="anvisa"/><SP WIDTH="25" VPOS="979" HPOS="913"/>
							<String ID="string_151" HPOS="938" VPOS="982" WIDTH="47" HEIGHT="28" WC="0.93" CONTENT="ett"/><SP WIDTH="27" VPOS="982" HPOS="985"/>
							<String ID="string_152" HPOS="1012" VPOS="974" WIDTH="341" HEIGHT="38" WC="0.90" CONTENT="reservationsanslag"/><SP WIDTH="27" VPOS="974" HPOS="1353"/>
							<String ID="string_153" HPOS="1380" VPOS="986" WIDTH="40" HEIGHT="20" WC="0.96" CONTENT="av"/><SP WIDTH="27" VPOS="986" HPOS="1420"/>
							<String ID="string_154" HPOS="1447" VPOS="972" WIDTH="174" HEIGHT="39" WC="0.89" CONTENT="3,000,000"/><SP WIDTH="26" VPOS="972" HPOS="1621"/>
							<String ID="string_155" HPOS="1647" VPOS="971" WIDTH="131" HEIGHT="31" WC="0.96" CONTENT="kronor."/>
						</TextLine>
					</TextBlock>
				</ComposedBlock>
				<ComposedBlock ID="cblock_4" HPOS="276" VPOS="1071" WIDTH="1502" HEIGHT="102">
					<TextBlock ID="block_5" HPOS="276" VPOS="1071" WIDTH="1502" HEIGHT="102">
						<TextLine ID="line_18" HPOS="330" VPOS="1071" WIDTH="1448" HEIGHT="45">
							<String ID="string_156" HPOS="330" VPOS="1083" WIDTH="224" HEIGHT="33" WC="0.96" CONTENT="Beträffande"/><SP WIDTH="20" VPOS="1083" HPOS="554"/>
							<String ID="string_157" HPOS="574" VPOS="1085" WIDTH="102" HEIGHT="29" WC="0.96" CONTENT="sättet"/><SP WIDTH="19" VPOS="1085" HPOS="676"/>
							<String ID="string_158" HPOS="695" VPOS="1081" WIDTH="53" HEIGHT="31" WC="0.96" CONTENT="för"/><SP WIDTH="18" VPOS="1081" HPOS="748"/>
							<String ID="string_159" HPOS="766" VPOS="1079" WIDTH="183" HEIGHT="33" WC="0.96" CONTENT="beredande"/><SP WIDTH="20" VPOS="1079" HPOS="949"/>
							<String ID="string_160" HPOS="969" VPOS="1091" WIDTH="41" HEIGHT="19" WC="0.96" CONTENT="av"/><SP WIDTH="20" VPOS="1091" HPOS="1010"/>
							<String ID="string_161" HPOS="1030" VPOS="1077" WIDTH="161" HEIGHT="37" WC="0.96" CONTENT="täckning"/><SP WIDTH="20" VPOS="1077" HPOS="1191"/>
							<String ID="string_162" HPOS="1211" VPOS="1076" WIDTH="53" HEIGHT="31" WC="0.96" CONTENT="för"/><SP WIDTH="21" VPOS="1076" HPOS="1264"/>
							<String ID="string_163" HPOS="1285" VPOS="1075" WIDTH="38" HEIGHT="32" WC="0.96" CONTENT="de"/><SP WIDTH="20" VPOS="1075" HPOS="1323"/>
							<String ID="string_164" HPOS="1343" VPOS="1075" WIDTH="61" HEIGHT="31" WC="0.96" CONTENT="här"/><SP WIDTH="19" VPOS="1075" HPOS="1404"/>
							<String ID="string_165" HPOS="1423" VPOS="1085" WIDTH="84" HEIGHT="20" WC="0.96" CONTENT="ovan"/><SP WIDTH="21" VPOS="1085" HPOS="1507"/>
							<String ID="string_166" HPOS="1528" VPOS="1071" WIDTH="176" HEIGHT="39" WC="0.93" CONTENT="tillstyrka"/><SP WIDTH="20" VPOS="1071" HPOS="1704"/>
							<String ID="string_167" HPOS="1724" VPOS="1082" WIDTH="54" HEIGHT="20" WC="0.91" CONTENT="an-"/>
						</TextLine>
						<TextLine ID="line_19" HPOS="276" VPOS="1122" WIDTH="1417" HEIGHT="51">
							<String ID="string_168" HPOS="276" VPOS="1136" WIDTH="115" HEIGHT="37" WC="0.96" CONTENT="slagen"/><SP WIDTH="20" VPOS="1136" HPOS="391"/>
							<String ID="string_169" HPOS="411" VPOS="1134" WIDTH="149" HEIGHT="32" WC="0.96" CONTENT="kommer"/><SP WIDTH="20" VPOS="1134" HPOS="560"/>
							<String ID="string_170" HPOS="580" VPOS="1132" WIDTH="164" HEIGHT="32" WC="0.96" CONTENT="utskottet"/><SP WIDTH="20" VPOS="1132" HPOS="744"/>
							<String ID="string_171" HPOS="764" VPOS="1135" WIDTH="51" HEIGHT="27" WC="0.93" CONTENT="att"/><SP WIDTH="21" VPOS="1135" HPOS="815"/>
							<String ID="string_172" HPOS="836" VPOS="1129" WIDTH="179" HEIGHT="32" WC="0.90" CONTENT="framdeles"/><SP WIDTH="22" VPOS="1129" HPOS="1015"/>
							<String ID="string_173" HPOS="1037" VPOS="1128" WIDTH="105" HEIGHT="31" WC="0.96" CONTENT="under"/><SP WIDTH="22" VPOS="1128" HPOS="1142"/>
							<String ID="string_174" HPOS="1164" VPOS="1126" WIDTH="180" HEIGHT="37" WC="0.96" CONTENT="riksdagen"/><SP WIDTH="22" VPOS="1126" HPOS="1344"/>
							<String ID="string_175" HPOS="1366" VPOS="1124" WIDTH="123" HEIGHT="38" WC="0.91" CONTENT="avgiva"/><SP WIDTH="21" VPOS="1124" HPOS="1489"/>
							<String ID="string_176" HPOS="1510" VPOS="1122" WIDTH="183" HEIGHT="32" WC="0.96" CONTENT="utlåtande."/>
						</TextLine>
					</TextBlock>
				</ComposedBlock>
				<ComposedBlock ID="cblock_5" HPOS="323" VPOS="1222" WIDTH="622" HEIGHT="35">
					<TextBlock ID="block_6" HPOS="323" VPOS="1222" WIDTH="622" HEIGHT="35">
						<TextLine ID="line_20" HPOS="323" VPOS="1222" WIDTH="622" HEIGHT="35">
							<String ID="string_177" HPOS="323" VPOS="1224" WIDTH="191" HEIGHT="33" WC="0.96" CONTENT="Stockholm"/><SP WIDTH="22" VPOS="1224" HPOS="514"/>
							<String ID="string_178" HPOS="536" VPOS="1225" WIDTH="60" HEIGHT="31" WC="0.95" CONTENT="den"/><SP WIDTH="24" VPOS="1225" HPOS="596"/>
							<String ID="string_179" HPOS="620" VPOS="1225" WIDTH="37" HEIGHT="30" WC="0.96" CONTENT="11"/><SP WIDTH="24" VPOS="1225" HPOS="657"/>
							<String ID="string_180" HPOS="681" VPOS="1223" WIDTH="148" HEIGHT="31" WC="0.95" CONTENT="februari"/><SP WIDTH="22" VPOS="1223" HPOS="829"/>
							<String ID="string_181" HPOS="851" VPOS="1222" WIDTH="94" HEIGHT="31" WC="0.96" CONTENT="1930."/>
						</TextLine>
					</TextBlock>
				</ComposedBlock>
				<ComposedBlock ID="cblock_6" HPOS="770" VPOS="1328" WIDTH="514" HEIGHT="36">
					<TextBlock ID="block_7" HPOS="770" VPOS="1328" WIDTH="514" HEIGHT="36">
						<TextLine ID="line_21" HPOS="770" VPOS="1328" WIDTH="514" HEIGHT="36">
							<String ID="string_182" HPOS="770" VPOS="1331" WIDTH="47" HEIGHT="31" WC="0.93" CONTENT="På"/><SP WIDTH="30" VPOS="1331" HPOS="817"/>
							<String ID="string_183" HPOS="847" VPOS="1328" WIDTH="267" HEIGHT="33" WC="0.92" CONTENT="statsutskottets"/><SP WIDTH="26" VPOS="1328" HPOS="1114"/>
							<String ID="string_184" HPOS="1140" VPOS="1331" WIDTH="144" HEIGHT="33" WC="0.96" CONTENT="vägnar:"/>
						</TextLine>
					</TextBlock>
				</ComposedBlock>
				<ComposedBlock ID="cblock_7" HPOS="793" VPOS="1426" WIDTH="474" HEIGHT="37">
					<TextBlock ID="block_8" HPOS="793" VPOS="1426" WIDTH="474" HEIGHT="37">
						<TextLine ID="line_22" HPOS="793" VPOS="1426" WIDTH="474" HEIGHT="37">
							<String ID="string_185" HPOS="793" VPOS="1430" WIDTH="33" HEIGHT="33" WC="0.90" CONTENT="S."/><SP WIDTH="23" VPOS="1430" HPOS="826"/>
							<String ID="string_186" HPOS="849" VPOS="1430" WIDTH="44" HEIGHT="32" WC="0.89" CONTENT="H."/><SP WIDTH="22" VPOS="1430" HPOS="893"/>
							<String ID="string_187" HPOS="915" VPOS="1426" WIDTH="352" HEIGHT="34" WC="0.90" CONTENT="KVARNZELIUS."/>
						</TextLine>
					</TextBlock>
				</ComposedBlock>
				<ComposedBlock ID="cblock_8" HPOS="363" VPOS="1774" WIDTH="1281" HEIGHT="40">
					<TextBlock ID="block_9" HPOS="363" VPOS="1774" WIDTH="1281" HEIGHT="40">
						<TextLine ID="line_23" HPOS="363" VPOS="1774" WIDTH="1281" HEIGHT="40">
							<String ID="string_188" HPOS="363" VPOS="1786" WIDTH="62" HEIGHT="28" WC="0.96" CONTENT="Vid"/><SP WIDTH="23" VPOS="1786" HPOS="425"/>
							<String ID="string_189" HPOS="448" VPOS="1784" WIDTH="197" HEIGHT="29" WC="0.93" CONTENT="förestående"/><SP WIDTH="22" VPOS="1784" HPOS="645"/>
							<String ID="string_190" HPOS="667" VPOS="1782" WIDTH="128" HEIGHT="28" WC="0.92" CONTENT="ärendes"/><SP WIDTH="22" VPOS="1782" HPOS="795"/>
							<String ID="string_191" HPOS="817" VPOS="1779" WIDTH="259" HEIGHT="33" WC="0.90" CONTENT="slutbehandling"/><SP WIDTH="24" VPOS="1779" HPOS="1076"/>
							<String ID="string_192" HPOS="1100" VPOS="1778" WIDTH="84" HEIGHT="28" WC="0.96" CONTENT="inom"/><SP WIDTH="23" VPOS="1778" HPOS="1184"/>
							<String ID="string_193" HPOS="1207" VPOS="1776" WIDTH="154" HEIGHT="28" WC="0.96" CONTENT="utskottet"/><SP WIDTH="23" VPOS="1776" HPOS="1361"/>
							<String ID="string_194" HPOS="1384" VPOS="1775" WIDTH="79" HEIGHT="28" WC="0.93" CONTENT="hava"/><SP WIDTH="23" VPOS="1775" HPOS="1463"/>
							<String ID="string_195" HPOS="1486" VPOS="1774" WIDTH="158" HEIGHT="28" WC="0.92" CONTENT="närvarit:"/>
						</TextLine>
					</TextBlock>
				</ComposedBlock>
				<ComposedBlock ID="cblock_9" HPOS="283" VPOS="1830" WIDTH="1505" HEIGHT="131">
					<TextBlock ID="block_10" HPOS="283" VPOS="1830" WIDTH="1505" HEIGHT="131">
						<TextLine ID="line_24" HPOS="323" VPOS="1830" WIDTH="1465" HEIGHT="42">
							<String ID="string_196" HPOS="323" VPOS="1844" WIDTH="73" HEIGHT="28" WC="0.96" CONTENT="från"/><SP WIDTH="19" VPOS="1844" HPOS="396"/>
							<String ID="string_197" HPOS="415" VPOS="1844" WIDTH="149" HEIGHT="28" WC="0.96" CONTENT="första"/><SP WIDTH="19" VPOS="1844" HPOS="564"/>
							<String ID="string_198" HPOS="583" VPOS="1842" WIDTH="192" HEIGHT="28" WC="0.92" CONTENT="kammaren:"/><SP WIDTH="20" VPOS="1842" HPOS="775"/>
							<String ID="string_199" HPOS="795" VPOS="1839" WIDTH="109" HEIGHT="28" WC="0.93" CONTENT="herrar"/><SP WIDTH="17" VPOS="1839" HPOS="904"/>
							<String ID="string_200" HPOS="921" VPOS="1838" WIDTH="32" HEIGHT="29" WC="0.58" CONTENT="S."/><SP WIDTH="18" VPOS="1838" HPOS="953"/>
							<String ID="string_201" HPOS="971" VPOS="1838" WIDTH="43" HEIGHT="28" WC="0.92" CONTENT="H."/><SP WIDTH="21" VPOS="1838" HPOS="1014"/>
							<String ID="string_202" HPOS="1035" VPOS="1834" WIDTH="218" HEIGHT="33" WC="0.87" CONTENT="Kvarnzelius,"/><SP WIDTH="19" VPOS="1834" HPOS="1253"/>
							<String ID="string_203" HPOS="1272" VPOS="1835" WIDTH="36" HEIGHT="28" WC="0.91" CONTENT="A."/><SP WIDTH="22" VPOS="1835" HPOS="1308"/>
							<String ID="string_204" HPOS="1330" VPOS="1834" WIDTH="32" HEIGHT="28" WC="0.89" CONTENT="C."/><SP WIDTH="19" VPOS="1834" HPOS="1362"/>
							<String ID="string_205" HPOS="1381" VPOS="1832" WIDTH="165" HEIGHT="33" WC="0.93" CONTENT="Lindblad,"/><SP WIDTH="17" VPOS="1832" HPOS="1546"/>
							<String ID="string_206" HPOS="1563" VPOS="1831" WIDTH="31" HEIGHT="28" WC="0.87" CONTENT="J."/><SP WIDTH="18" VPOS="1831" HPOS="1594"/>
							<String ID="string_207" HPOS="1612" VPOS="1831" WIDTH="32" HEIGHT="28" WC="0.72" CONTENT="L."/><SP WIDTH="22" VPOS="1831" HPOS="1644"/>
							<String ID="string_208" HPOS="1666" VPOS="1830" WIDTH="122" HEIGHT="31" WC="0.80" CONTENT="Widell,"/>
						</TextLine>
						<TextLine ID="line_25" HPOS="285" VPOS="1872" WIDTH="1501" HEIGHT="48">
							<String ID="string_209" HPOS="285" VPOS="1887" WIDTH="33" HEIGHT="28" WC="0.84" CONTENT="O."/><SP WIDTH="22" VPOS="1887" HPOS="318"/>
							<String ID="string_210" HPOS="340" VPOS="1886" WIDTH="176" HEIGHT="34" WC="0.93" CONTENT="Bergqvist,"/><SP WIDTH="19" VPOS="1886" HPOS="516"/>
							<String ID="string_211" HPOS="535" VPOS="1884" WIDTH="31" HEIGHT="29" WC="0.92" CONTENT="J."/><SP WIDTH="21" VPOS="1884" HPOS="566"/>
							<String ID="string_212" HPOS="587" VPOS="1884" WIDTH="127" HEIGHT="29" WC="0.96" CONTENT="Nilsson"/><SP WIDTH="26" VPOS="1884" HPOS="714"/>
							<String ID="string_213" HPOS="740" VPOS="1883" WIDTH="5" HEIGHT="27" WC="0.96" CONTENT="i"/><SP WIDTH="20" VPOS="1883" HPOS="745"/>
							<String ID="string_214" HPOS="765" VPOS="1882" WIDTH="127" HEIGHT="33" WC="0.93" CONTENT="Malmö,"/><SP WIDTH="21" VPOS="1882" HPOS="892"/>
							<String ID="string_215" HPOS="913" VPOS="1881" WIDTH="33" HEIGHT="28" WC="0.91" CONTENT="C."/><SP WIDTH="19" VPOS="1881" HPOS="946"/>
							<String ID="string_216" HPOS="965" VPOS="1880" WIDTH="35" HEIGHT="28" WC="0.92" CONTENT="P."/><SP WIDTH="25" VPOS="1880" HPOS="1000"/>
							<String ID="string_217" HPOS="1025" VPOS="1879" WIDTH="32" HEIGHT="27" WC="0.92" CONTENT="V."/><SP WIDTH="23" VPOS="1879" HPOS="1057"/>
							<String ID="string_218" HPOS="1080" VPOS="1878" WIDTH="128" HEIGHT="29" WC="0.95" CONTENT="Nilsson"/><SP WIDTH="20" VPOS="1878" HPOS="1208"/>
							<String ID="string_219" HPOS="1228" VPOS="1878" WIDTH="10" HEIGHT="27" WC="0.96" CONTENT="i"/><SP WIDTH="22" VPOS="1878" HPOS="1238"/>
							<String ID="string_220" HPOS="1260" VPOS="1876" WIDTH="153" HEIGHT="33" WC="0.91" CONTENT="Gränebo,"/><SP WIDTH="21" VPOS="1876" HPOS="1413"/>
							<String ID="string_221" HPOS="1434" VPOS="1874" WIDTH="40" HEIGHT="29" WC="0.90" CONTENT="K."/><SP WIDTH="24" VPOS="1874" HPOS="1474"/>
							<String ID="string_222" HPOS="1498" VPOS="1874" WIDTH="34" HEIGHT="28" WC="0.92" CONTENT="V."/><SP WIDTH="21" VPOS="1874" HPOS="1532"/>
							<String ID="string_223" HPOS="1553" VPOS="1873" WIDTH="120" HEIGHT="34" WC="0.87" CONTENT="Rydén,"/><SP WIDTH="19" VPOS="1873" HPOS="1673"/>
							<String ID="string_224" HPOS="1692" VPOS="1873" WIDTH="37" HEIGHT="27" WC="0.88" CONTENT="E."/><SP WIDTH="21" VPOS="1873" HPOS="1729"/>
							<String ID="string_225" HPOS="1750" VPOS="1872" WIDTH="36" HEIGHT="27" WC="0.88" CONTENT="A."/>
						</TextLine>
						<TextLine ID="line_26" HPOS="283" VPOS="1915" WIDTH="1425" HEIGHT="46">
							<String ID="string_226" HPOS="283" VPOS="1928" WIDTH="145" HEIGHT="33" WC="0.91" CONTENT="Lundell,"/><SP WIDTH="20" VPOS="1928" HPOS="428"/>
							<String ID="string_227" HPOS="448" VPOS="1928" WIDTH="33" HEIGHT="28" WC="0.91" CONTENT="C."/><SP WIDTH="22" VPOS="1928" HPOS="481"/>
							<String ID="string_228" HPOS="503" VPOS="1927" WIDTH="26" HEIGHT="29" WC="0.96" CONTENT="I."/><SP WIDTH="22" VPOS="1927" HPOS="529"/>
							<String ID="string_229" HPOS="551" VPOS="1925" WIDTH="154" HEIGHT="36" WC="0.93" CONTENT="Asplund,"/><SP WIDTH="21" VPOS="1925" HPOS="705"/>
							<String ID="string_230" HPOS="726" VPOS="1924" WIDTH="32" HEIGHT="29" WC="0.87" CONTENT="C."/><SP WIDTH="23" VPOS="1924" HPOS="758"/>
							<String ID="string_231" HPOS="781" VPOS="1924" WIDTH="36" HEIGHT="28" WC="0.92" CONTENT="G."/><SP WIDTH="24" VPOS="1924" HPOS="817"/>
							<String ID="string_232" HPOS="841" VPOS="1923" WIDTH="33" HEIGHT="28" WC="0.88" CONTENT="V."/><SP WIDTH="22" VPOS="1923" HPOS="874"/>
							<String ID="string_233" HPOS="896" VPOS="1920" WIDTH="267" HEIGHT="34" WC="0.93" CONTENT="Hammarskjöld,"/><SP WIDTH="18" VPOS="1920" HPOS="1163"/>
							<String ID="string_234" HPOS="1181" VPOS="1919" WIDTH="31" HEIGHT="28" WC="0.92" CONTENT="J."/><SP WIDTH="23" VPOS="1919" HPOS="1212"/>
							<String ID="string_235" HPOS="1235" VPOS="1919" WIDTH="35" HEIGHT="28" WC="0.55" CONTENT="G-."/><SP WIDTH="23" VPOS="1919" HPOS="1270"/>
							<String ID="string_236" HPOS="1293" VPOS="1918" WIDTH="111" HEIGHT="28" WC="0.92" CONTENT="Walles"/><SP WIDTH="21" VPOS="1918" HPOS="1404"/>
							<String ID="string_237" HPOS="1425" VPOS="1916" WIDTH="57" HEIGHT="29" WC="0.93" CONTENT="och"/><SP WIDTH="21" VPOS="1916" HPOS="1482"/>
							<String ID="string_238" HPOS="1503" VPOS="1917" WIDTH="37" HEIGHT="27" WC="0.92" CONTENT="D."/><SP WIDTH="22" VPOS="1917" HPOS="1540"/>
							<String ID="string_239" HPOS="1562" VPOS="1915" WIDTH="146" HEIGHT="33" WC="0.96" CONTENT="Hansén;"/>
						</TextLine>
					</TextBlock>
				</ComposedBlock>
				<ComposedBlock ID="cblock_10" HPOS="284" VPOS="1972" WIDTH="1504" HEIGHT="176">
					<TextBlock ID="block_11" HPOS="284" VPOS="1972" WIDTH="1504" HEIGHT="176">
						<TextLine ID="line_27" HPOS="324" VPOS="1972" WIDTH="1463" HEIGHT="44">
							<String ID="string_240" HPOS="324" VPOS="1987" WIDTH="73" HEIGHT="29" WC="0.96" CONTENT="från"/><SP WIDTH="49" VPOS="1987" HPOS="397"/>
							<String ID="string_241" HPOS="446" VPOS="1986" WIDTH="110" HEIGHT="28" WC="0.90" CONTENT="andra"/><SP WIDTH="19" VPOS="1986" HPOS="556"/>
							<String ID="string_242" HPOS="575" VPOS="1985" WIDTH="194" HEIGHT="27" WC="0.96" CONTENT="kammaren:"/><SP WIDTH="22" VPOS="1985" HPOS="769"/>
							<String ID="string_243" HPOS="791" VPOS="1982" WIDTH="109" HEIGHT="28" WC="0.93" CONTENT="herrar"/><SP WIDTH="19" VPOS="1982" HPOS="900"/>
							<String ID="string_244" HPOS="919" VPOS="1981" WIDTH="37" HEIGHT="28" WC="0.89" CONTENT="A."/><SP WIDTH="21" VPOS="1981" HPOS="956"/>
							<String ID="string_245" HPOS="977" VPOS="1979" WIDTH="165" HEIGHT="28" WC="0.96" CONTENT="Anderson"/><SP WIDTH="21" VPOS="1979" HPOS="1142"/>
							<String ID="string_246" HPOS="1163" VPOS="1979" WIDTH="10" HEIGHT="27" WC="0.93" CONTENT="i"/><SP WIDTH="19" VPOS="1979" HPOS="1173"/>
							<String ID="string_247" HPOS="1192" VPOS="1977" WIDTH="146" HEIGHT="34" WC="0.89" CONTENT="Råstock,"/><SP WIDTH="21" VPOS="1977" HPOS="1338"/>
							<String ID="string_248" HPOS="1359" VPOS="1977" WIDTH="35" HEIGHT="28" WC="0.91" CONTENT="P."/><SP WIDTH="22" VPOS="1977" HPOS="1394"/>
							<String ID="string_249" HPOS="1416" VPOS="1975" WIDTH="129" HEIGHT="29" WC="0.96" CONTENT="Nilsson"/><SP WIDTH="19" VPOS="1975" HPOS="1545"/>
							<String ID="string_250" HPOS="1564" VPOS="1976" WIDTH="13" HEIGHT="26" WC="0.93" CONTENT="i"/><SP WIDTH="21" VPOS="1976" HPOS="1577"/>
							<String ID="string_251" HPOS="1598" VPOS="1974" WIDTH="136" HEIGHT="33" WC="0.91" CONTENT="Bonarp,"/><SP WIDTH="22" VPOS="1974" HPOS="1734"/>
							<String ID="string_252" HPOS="1756" VPOS="1972" WIDTH="31" HEIGHT="28" WC="0.0" CONTENT="S."/>
						</TextLine>
						<TextLine ID="line_28" HPOS="284" VPOS="2015" WIDTH="1504" HEIGHT="48">
							<String ID="string_253" HPOS="284" VPOS="2030" WIDTH="174" HEIGHT="33" WC="0.96" CONTENT="Bengtsson"/><SP WIDTH="18" VPOS="2030" HPOS="458"/>
							<String ID="string_254" HPOS="476" VPOS="2030" WIDTH="12" HEIGHT="27" WC="0.93" CONTENT="i"/><SP WIDTH="18" VPOS="2030" HPOS="488"/>
							<String ID="string_255" HPOS="506" VPOS="2028" WIDTH="122" HEIGHT="33" WC="0.90" CONTENT="Norup,"/><SP WIDTH="22" VPOS="2028" HPOS="628"/>
							<String ID="string_256" HPOS="650" VPOS="2026" WIDTH="33" HEIGHT="29" WC="0.47" CONTENT="0."/><SP WIDTH="22" VPOS="2026" HPOS="683"/>
							<String ID="string_257" HPOS="705" VPOS="2025" WIDTH="110" HEIGHT="29" WC="0.96" CONTENT="Olsson"/><SP WIDTH="19" VPOS="2025" HPOS="815"/>
							<String ID="string_258" HPOS="834" VPOS="2025" WIDTH="10" HEIGHT="27" WC="0.93" CONTENT="i"/><SP WIDTH="19" VPOS="2025" HPOS="844"/>
							<String ID="string_259" HPOS="863" VPOS="2022" WIDTH="294" HEIGHT="33" WC="0.91" CONTENT="Kullenbergstorp,"/><SP WIDTH="19" VPOS="2022" HPOS="1157"/>
							<String ID="string_260" HPOS="1176" VPOS="2021" WIDTH="34" HEIGHT="27" WC="0.92" CONTENT="P."/><SP WIDTH="20" VPOS="2021" HPOS="1210"/>
							<String ID="string_261" HPOS="1230" VPOS="2019" WIDTH="41" HEIGHT="28" WC="0.92" CONTENT="M."/><SP WIDTH="22" VPOS="2019" HPOS="1271"/>
							<String ID="string_262" HPOS="1293" VPOS="2018" WIDTH="111" HEIGHT="29" WC="0.96" CONTENT="Olsson"/><SP WIDTH="19" VPOS="2018" HPOS="1404"/>
							<String ID="string_263" HPOS="1423" VPOS="2019" WIDTH="10" HEIGHT="27" WC="0.93" CONTENT="i"/><SP WIDTH="19" VPOS="2019" HPOS="1433"/>
							<String ID="string_264" HPOS="1452" VPOS="2017" WIDTH="165" HEIGHT="33" WC="0.91" CONTENT="Blädinge,"/><SP WIDTH="19" VPOS="2017" HPOS="1617"/>
							<String ID="string_265" HPOS="1636" VPOS="2016" WIDTH="30" HEIGHT="28" WC="0.92" CONTENT="J."/><SP WIDTH="21" VPOS="2016" HPOS="1666"/>
							<String ID="string_266" HPOS="1687" VPOS="2015" WIDTH="101" HEIGHT="33" WC="0.91" CONTENT="Olofs-"/>
						</TextLine>
						<TextLine ID="line_29" HPOS="284" VPOS="2057" WIDTH="1504" HEIGHT="48">
							<String ID="string_267" HPOS="284" VPOS="2082" WIDTH="56" HEIGHT="18" WC="0.96" CONTENT="son"/><SP WIDTH="17" VPOS="2082" HPOS="340"/>
							<String ID="string_268" HPOS="357" VPOS="2074" WIDTH="11" HEIGHT="26" WC="0.93" CONTENT="i"/><SP WIDTH="16" VPOS="2074" HPOS="368"/>
							<String ID="string_269" HPOS="384" VPOS="2071" WIDTH="165" HEIGHT="34" WC="0.91" CONTENT="Digernäs,"/><SP WIDTH="20" VPOS="2071" HPOS="549"/>
							<String ID="string_270" HPOS="569" VPOS="2069" WIDTH="34" HEIGHT="28" WC="0.85" CONTENT="O."/><SP WIDTH="18" VPOS="2069" HPOS="603"/>
							<String ID="string_271" HPOS="621" VPOS="2068" WIDTH="126" HEIGHT="28" WC="0.96" CONTENT="Nilsson"/><SP WIDTH="18" VPOS="2068" HPOS="747"/>
							<String ID="string_272" HPOS="765" VPOS="2067" WIDTH="10" HEIGHT="27" WC="0.96" CONTENT="i"/><SP WIDTH="18" VPOS="2067" HPOS="775"/>
							<String ID="string_273" HPOS="793" VPOS="2064" WIDTH="123" HEIGHT="34" WC="0.93" CONTENT="Örebro,"/><SP WIDTH="18" VPOS="2064" HPOS="916"/>
							<String ID="string_274" HPOS="934" VPOS="2064" WIDTH="30" HEIGHT="28" WC="0.88" CONTENT="S."/><SP WIDTH="18" VPOS="2064" HPOS="964"/>
							<String ID="string_275" HPOS="982" VPOS="2064" WIDTH="135" HEIGHT="28" WC="0.76" CONTENT="Persson"/><SP WIDTH="17" VPOS="2064" HPOS="1117"/>
							<String ID="string_276" HPOS="1134" VPOS="2063" WIDTH="10" HEIGHT="27" WC="0.93" CONTENT="i"/><SP WIDTH="19" VPOS="2063" HPOS="1144"/>
							<String ID="string_277" HPOS="1163" VPOS="2061" WIDTH="140" HEIGHT="34" WC="0.89" CONTENT="Fritorp,"/><SP WIDTH="18" VPOS="2061" HPOS="1303"/>
							<String ID="string_278" HPOS="1321" VPOS="2060" WIDTH="35" HEIGHT="28" WC="0.83" CONTENT="E."/><SP WIDTH="20" VPOS="2060" HPOS="1356"/>
							<String ID="string_279" HPOS="1376" VPOS="2060" WIDTH="35" HEIGHT="28" WC="0.91" CONTENT="G."/><SP WIDTH="18" VPOS="2060" HPOS="1411"/>
							<String ID="string_280" HPOS="1429" VPOS="2060" WIDTH="36" HEIGHT="28" WC="0.91" CONTENT="E."/><SP WIDTH="17" VPOS="2060" HPOS="1465"/>
							<String ID="string_281" HPOS="1482" VPOS="2059" WIDTH="152" HEIGHT="28" WC="0.96" CONTENT="Eriksson"/><SP WIDTH="19" VPOS="2059" HPOS="1634"/>
							<String ID="string_282" HPOS="1653" VPOS="2059" WIDTH="10" HEIGHT="26" WC="0.93" CONTENT="i"/><SP WIDTH="18" VPOS="2059" HPOS="1663"/>
							<String ID="string_283" HPOS="1681" VPOS="2057" WIDTH="107" HEIGHT="28" WC="0.92" CONTENT="Stock-"/>
						</TextLine>
						<TextLine ID="line_30" HPOS="285" VPOS="2102" WIDTH="1100" HEIGHT="46">
							<String ID="string_284" HPOS="285" VPOS="2114" WIDTH="93" HEIGHT="34" WC="0.93" CONTENT="holm,"/><SP WIDTH="25" VPOS="2114" HPOS="378"/>
							<String ID="string_285" HPOS="403" VPOS="2112" WIDTH="33" HEIGHT="29" WC="0.82" CONTENT="O."/><SP WIDTH="23" VPOS="2112" HPOS="436"/>
							<String ID="string_286" HPOS="459" VPOS="2111" WIDTH="180" HEIGHT="29" WC="0.96" CONTENT="Andersson"/><SP WIDTH="23" VPOS="2111" HPOS="639"/>
							<String ID="string_287" HPOS="662" VPOS="2111" WIDTH="9" HEIGHT="27" WC="0.96" CONTENT="i"/><SP WIDTH="22" VPOS="2111" HPOS="671"/>
							<String ID="string_288" HPOS="693" VPOS="2109" WIDTH="98" HEIGHT="32" WC="0.93" CONTENT="Höör,"/><SP WIDTH="23" VPOS="2109" HPOS="791"/>
							<String ID="string_289" HPOS="814" VPOS="2109" WIDTH="35" HEIGHT="26" WC="0.91" CONTENT="A."/><SP WIDTH="23" VPOS="2109" HPOS="849"/>
							<String ID="string_290" HPOS="872" VPOS="2106" WIDTH="124" HEIGHT="29" WC="0.91" CONTENT="Norsell"/><SP WIDTH="23" VPOS="2106" HPOS="996"/>
							<String ID="string_291" HPOS="1019" VPOS="2105" WIDTH="56" HEIGHT="28" WC="0.93" CONTENT="och"/><SP WIDTH="24" VPOS="2105" HPOS="1075"/>
							<String ID="string_292" HPOS="1099" VPOS="2105" WIDTH="35" HEIGHT="28" WC="0.91" CONTENT="F."/><SP WIDTH="27" VPOS="2105" HPOS="1134"/>
							<String ID="string_293" HPOS="1161" VPOS="2103" WIDTH="33" HEIGHT="29" WC="0.91" CONTENT="V."/><SP WIDTH="25" VPOS="2103" HPOS="1194"/>
							<String ID="string_294" HPOS="1219" VPOS="2102" WIDTH="166" HEIGHT="29" WC="0.90" CONTENT="Sandwall."/>
						</TextLine>
					</TextBlock>
				</ComposedBlock>
			</PrintSpace>
		</Page>
	</Layout>
</alto>
