2242 2628
767 200 216 29 Sammansatta
1004 200 90 28 Stats-
1118 200 51 28 och
1190 200 214 37 Lagutskottets
1431 199 155 29 Utlåtande
1609 199 58 29 N:o
1692 199 27 30 7.

936 275 185 37 huruvida
1159 276 79 35 icke
1275 275 83 36 från
1393 275 236 48 tiligängliga
1663 274 133 37 fonder
1822 274 133 48 bidrag
1981 274 64 37 må

834 327 130 35 kunna
1001 327 141 35 lemnas
1183 326 56 35 till
1274 326 165 46 aflöning
1473 325 38 36 åt
1544 326 271 45 presterskapet
1850 326 11 35 i
1898 324 46 36 de
1969 324 76 37 för-

836 378 210 44 samlingar,
1073 389 79 23 som
1180 377 104 46 eljest
1309 377 120 35 skulle
1456 375 106 37 deraf
1587 376 160 45 oskäligt
1772 376 195 45 betungas;

937 426 186 37 huruvida
1163 440 45 23 en
1244 427 208 47 utjemning
1487 427 12 35 i
1531 427 73 36 viss
1631 426 86 36 mån
1745 425 40 37 af
1809 426 233 44 olikheterna

835 479 56 34 uti
922 478 289 47 presterskapets
1238 478 164 45 aflöning
1428 478 103 34 inom
1558 477 99 35 olika
1683 476 261 46 församlingar
1971 476 70 36 och

835 528 265 48 tjenstegrader
1140 527 62 36 må
1239 528 129 35 kunna
1403 540 66 34 ega
1505 540 94 32 rum,
1635 526 39 36 så
1709 532 54 30 att
1789 527 127 46 hvarje
1941 532 104 41 prest

835 578 62 36 må
924 579 140 36 erhålla
1090 578 199 45 anständig
1315 578 196 47 bergning;

937 628 184 36 huruvida
1139 629 82 36 icke
1239 629 97 35 vissa
1350 628 360 36 komministraturer
1723 627 91 36 böra
1828 627 70 36 och
1912 627 130 35 kunna

835 679 175 47 indragas
1046 680 69 34 och
1143 679 118 35 andra
1286 678 215 37 förvandlas
1528 679 59 35 till
1613 678 429 48 pastorsbeställningar;

936 729 185 37 huruvida
1161 743 45 22 en
1246 729 340 46 sammanslagning
1625 727 42 37 af
1704 735 137 29 smärre
1876 733 166 43 pastorat

836 779 60 36 må
924 781 127 34 kunna
1077 793 68 35 ega
1171 793 100 32 rum;

936 830 188 36 huruvida
1158 831 79 35 icke
1273 829 258 48 afkastningen
1563 828 41 36 af
1627 829 289 46 presterskapets
1943 829 99 35 löne-

835 880 294 48 regleringsfond
1171 881 70 35 och
1281 880 45 36 de
1365 880 253 36 ecklesiastika
1657 879 224 36 boställenas
1918 879 127 47 skogs-

835 931 91 36 fond
954 932 68 35 bör
1048 932 12 34 i
1086 938 118 29 större
1231 930 225 48 omfattning
1483 938 45 28 än
1555 930 132 35 hittills
1714 935 103 40 tagas
1844 931 13 34 i
1880 929 162 47 anspråk

836 981 58 36 för
920 982 287 46 presterskapets
1235 981 176 45 aflöning;

938 1031 185 36 huruvida
1144 1033 80 34 icke
1242 1031 200 36 förändrad
1462 1030 162 47 ordning
1640 1029 59 37 för
1716 1030 326 46 prestboställenas

836 1082 284 47 utarrendering
1146 1083 70 35 bör
1241 1082 158 45 stadgas,
1426 1081 84 36 med
1537 1080 73 36 fäst
1636 1079 172 38 afseende
1834 1080 125 47 derpå,
1988 1086 54 29 att

836 1133 205 35 boställena
1066 1132 62 35 må
1153 1133 61 35 väl
1233 1131 130 36 häfdas
1382 1137 96 30 samt
1495 1131 102 36 såväl
1615 1130 328 47 församlingarnas
1961 1143 80 23 som

836 1183 287 47 presterskapets
1151 1183 105 35 bästa
1282 1182 229 45 tillgodoses;

939 1237 55 31 2:0
1014 1240 51 27 att
1083 1233 12 35 i
1110 1232 191 36 skrifvelse
1319 1233 57 35 till
1394 1232 132 46 Kongl.
1546 1231 102 46 Maj:t
1661 1230 159 46 anhålla,
1836 1237 55 30 att
1908 1231 135 46 Kongl.

836 1283 103 47 Maj:t
964 1284 139 35 täcktes
1130 1284 12 34 i
1170 1283 268 45 sammanhang
1466 1282 83 37 med
1576 1282 114 36 ofvan
1715 1282 186 36 omtalade
1918 1282 124 35 utred-

836 1335 92 44 ning
963 1333 108 36 äfven
1107 1334 77 35 låta
1228 1334 200 35 verkställa
1466 1332 201 47 utredning
1715 1332 189 46 angående
1953 1333 90 47 möj-

836 1384 162 46 ligheten
1018 1383 40 36 af
1070 1384 70 35 och
1154 1389 110 30 sättet
1279 1383 59 37 för
1356 1383 211 37 beredande
1581 1384 41 35 af
1633 1387 155 44 pension
1809 1384 37 35 åt
1864 1384 46 36 de
1927 1388 117 41 prest-

836 1442 96 36 män,
973 1447 78 23 som
1091 1433 41 37 af
1164 1434 102 36 ålder
1300 1435 89 35 eller
1424 1434 172 46 sjukdom
1630 1437 29 45 ej
1693 1434 120 39 förmå
1839 1434 202 45 behörigen

836 1484 199 48 uppehålla
1061 1486 79 34 sina
1164 1485 151 48 tjenster
1334 1490 95 30 samt
1447 1484 160 38 derefter
1624 1486 59 37 för
1701 1486 210 46 Riksdagen
1929 1484 114 36 fram-

836 1536 110 47 lägga
973 1535 44 37 de
1044 1534 149 48 förslag,
1220 1536 151 35 hvartill
1398 1535 249 48 utredningen
1676 1538 74 35 kan
1777 1535 208 44 föranleda;

939 1589 56 33 3:o
1032 1593 51 28 att
1114 1587 108 34 ställa
1253 1586 57 35 till
1337 1585 134 48 Kongl.
1497 1586 120 47 Maj:ts
1644 1587 220 47 förfogande
1891 1592 53 30 ett
1969 1585 76 36 för-

837 1637 227 46 slagsanslag
1104 1635 41 36 af
1184 1638 127 36 10,000
1353 1637 138 35 kronor
1525 1637 58 36 till
1619 1637 236 37 bestridande
1882 1636 40 37 af
1945 1637 99 35 kost-

837 1686 164 36 naderna
1027 1687 57 35 för
1111 1687 68 35 här
1206 1685 113 37 ofvan
1347 1686 247 37 omförmälda
1621 1689 260 45 utredningar;

939 1742 55 30 4:0
1022 1744 51 28 att
1106 1737 99 36 hvad
1234 1737 12 35 i
1273 1737 127 35 herrar
1427 1737 268 48 Treffenbergs,
1722 1739 219 36 Danielsons
1973 1737 69 36 och

835 1786 155 37 friherre
1028 1800 73 23 von
1142 1787 208 48 Knorrings
1386 1788 183 36 motioner
1603 1790 139 47 yrkats,
1768 1789 148 36 utöfver
1943 1787 98 37 hvad

838 1838 178 36 utskottet
1050 1838 75 35 här
1154 1837 113 37 ofvan
1303 1838 181 42 hemstält,
1517 1839 80 36 icke
1624 1840 114 36 måtte
1765 1839 41 37 af
1828 1839 213 47 Riksdagen

837 1887 156 37 bifallas.

534 1970 217 38 Stockholm
779 1971 70 37 den
882 1977 14 31 1
928 1974 94 47 april
1052 1975 106 34 1897.

812 2055 53 37 På
891 2056 63 36 det
981 2063 263 29 sammansatta
1270 2057 197 36 utskottets
1494 2064 154 41 vägnar:

996 2139 247 38 GOTTFRID
1272 2139 206 38 BILLING.

899 2305 151 31 Stockholm,
1068 2306 56 24 Ivar
1142 2306 170 31 Heeggströms
1330 2306 164 32 boktryckeri,
1514 2307 72 24 1897.
