1892 2840
333 184 17 29 6
716 180 294 33 Statsutskottets
1041 180 188 31 utlåtande
1261 180 52 31 Nr
1337 178 50 32 13.

288 267 215 37 malgraden,
527 268 73 34 har,
625 268 114 30 såsom
772 277 44 20 av
839 266 381 35 statsrådsprotokollet
1244 265 164 36 framgår,
1433 266 115 30 denna
1572 265 103 36 fråga
1699 267 90 30 även

288 320 95 31 varit
406 319 146 31 föremål
576 319 54 31 för
653 318 136 36 Kungl.
813 318 119 36 Maj:ts
955 314 188 40 prövning.

331 372 99 31 Efter
453 372 52 30 att
529 371 91 30 hava
645 371 134 30 erinrat
803 380 65 25 om,
901 371 53 29 att
978 369 133 36 förslag
1135 369 11 30 i
1170 368 111 32 sådan
1304 369 163 36 riktning
1491 369 188 31 framlades
1703 369 86 36 jäm-

289 424 58 30 väl
372 422 60 32 vid
457 423 83 30 1924
563 424 56 29 års
645 422 143 36 riksdag
813 423 11 29 i
849 431 41 21 en
915 422 96 30 inom
1035 421 108 31 andra
1167 421 205 30 kammaren
1384 420 105 31 väckt
1503 421 143 35 motion,
1661 430 43 21 nr
1716 420 72 36 112,

288 477 91 29 samt
402 476 51 30 att
478 474 188 37 riksdagen
702 474 11 30 i
749 473 156 36 enlighet
938 473 78 30 med
1040 473 278 30 statsutskottets
1341 472 211 32 hemställan
1575 472 122 37 avslog
1721 482 69 22 mo-

288 528 129 35 tionen,
442 527 63 30 har
529 525 379 38 departementschefen
931 524 216 32 beträffande
1171 524 115 31 denna
1310 524 99 35 fråga
1433 525 118 30 anfört
1574 524 173 36 följande:

334 579 233 36 »Spörsmålet
590 588 56 21 om
670 577 216 37 uppförande
910 578 21 29 å
954 577 268 35 övergångsstat
1256 586 45 20 av
1330 575 40 31 de
1393 576 251 36 befattningar,
1669 585 122 22 varom

287 632 99 36 fråga
421 632 49 34 är,
505 630 96 31 torde
629 630 76 30 icke
740 629 122 31 vidare
885 629 123 31 kunna
1036 638 99 21 anses
1159 638 86 20 vara
1269 627 150 32 aktuellt
1442 627 215 32 beträffande
1681 627 109 31 andra

287 682 243 36 befattningar
554 684 45 28 än
623 681 89 36 dem,
734 691 74 21 som
824 681 75 31 icke
917 681 140 30 komma
1072 681 51 30 att
1140 679 179 31 definitivt
1335 679 192 37 uppflyttas
1545 680 11 30 i
1573 679 105 36 högre
1700 679 92 31 löne-

289 735 97 36 grad.
432 734 69 30 Till
535 733 77 31 stöd
647 733 54 31 för
723 735 51 29 ett
798 733 114 36 dylikt
943 732 217 36 uppförande
1188 732 75 35 har,
1292 732 112 30 såsom
1431 732 95 30 förut
1553 732 152 36 nämnts,
1733 740 59 22 an-

288 787 99 35 förts,
422 786 51 31 att
512 785 40 31 de
587 784 251 32 förutvarande
869 784 501 36 andragradstjänstemännen
1403 783 60 31 vid
1487 784 224 35 övergången
1734 783 58 31 till

289 838 57 31 det
379 847 70 27 nya
484 838 244 35 lönesystemet
763 837 62 30 och
860 836 60 31 vid
956 836 276 35 tillämpningen
1267 845 44 20 av
1344 834 40 31 de
1416 834 151 31 ändrade
1591 834 201 36 grunderna

288 890 54 31 för
385 888 313 38 dyrtidstilläggen
733 889 12 30 i
780 890 128 34 många
952 888 64 31 fall
1052 888 12 30 i
1097 887 247 36 verkligheten
1387 887 75 31 icke
1497 887 144 30 erhållit
1675 887 117 36 någon

289 942 267 36 kompensation
580 941 54 30 för
657 941 66 30 den
749 941 10 30 i
784 940 167 31 samband
976 939 77 31 med
1077 939 303 37 löneregleringen
1401 939 221 30 föreskrivna
1639 938 153 37 förläng-

289 994 132 36 ningen
444 1003 44 21 av
512 992 225 32 arbetstiden.
783 992 64 31 Att
870 993 38 30 så
931 994 38 28 är
993 992 100 31 fallet
1116 991 95 31 torde
1228 991 63 31 ock
1308 1000 85 21 vara
1409 990 229 36 obestridligt.
1667 990 127 36 Enligt

290 1045 162 37 gällande
491 1044 547 36 dyrtidstilläggsbestämmelser
1071 1046 80 33 äger
1186 1043 210 36 visserligen
1430 1041 362 37 befattningshavare,

289 1107 73 21 som
386 1096 156 36 åtnjuter
565 1096 58 31 lön
636 1096 112 35 enligt
765 1095 39 31 de
821 1096 53 30 för
890 1095 226 36 nyreglerade
1133 1095 85 30 verk
1235 1094 167 36 stadgade
1418 1093 164 37 grunder,
1598 1095 62 35 att,
1678 1093 116 31 därest

290 1148 278 32 löneinkomsten
601 1148 107 36 jämte
744 1147 268 37 dyrtidstillägg
1047 1147 223 35 understiger
1305 1146 68 31 vad
1407 1156 74 21 som
1516 1146 113 31 skulle
1657 1145 137 37 utgjort

288 1200 395 36 befattningshavarens
718 1199 234 31 löneinkomst
987 1200 155 29 närmast
1177 1199 73 30 före
1285 1199 223 35 övergången
1542 1198 58 30 till
1635 1197 66 31 den
1725 1207 70 27 nya

290 1253 193 30 lönestaten
506 1252 109 36 jämte
638 1251 266 37 dyrtidstillägg
929 1251 85 31 därå
1036 1251 113 36 enligt
1173 1250 39 31 de
1238 1250 54 31 för
1315 1249 198 36 oreglerade
1530 1249 84 31 verk
1631 1248 163 37 gällande

289 1304 317 35 bestämmelserna,
641 1303 140 37 åtnjuta
816 1303 211 36 gottgörelse
1061 1302 117 32 härför
1203 1303 11 30 i
1239 1302 92 30 form
1359 1312 44 20 av
1428 1301 192 36 personligt
1644 1301 151 36 dyrtids-

290 1356 138 36 tillägg.
474 1355 134 31 Sådant
642 1355 196 36 personligt
873 1354 268 37 dyrtidstillägg
1176 1355 57 29 må
1268 1353 194 31 emellertid
1493 1363 45 21 av
1562 1353 232 35 befattnings-

290 1408 154 30 havaren
479 1407 269 37 tillgodonjutas
782 1407 149 30 allenast
955 1407 11 29 i
991 1406 65 31 den
1089 1407 81 29 mån
1194 1406 71 30 han
1290 1406 75 30 icke
1388 1414 126 27 genom
1537 1404 258 36 avlöningsför-

291 1459 159 37 höjning,
491 1468 82 21 vare
608 1459 53 36 sig
703 1459 11 30 i
749 1468 131 21 samma
921 1458 111 36 tjänst
1071 1458 83 30 eller
1196 1458 89 30 efter
1325 1457 224 36 förflyttning
1584 1456 56 31 till
1675 1465 120 22 annan

291 1511 210 36 befattning,
536 1510 142 31 erhållit
713 1520 43 21 en
789 1510 246 35 löneinkomst,
1059 1519 73 21 som
1155 1509 108 36 jämte
1289 1508 264 37 dyrtidstillägg
1576 1509 138 35 uppgår
1738 1507 55 31 till

293 1562 66 32 den
383 1563 162 35 inkomst,
569 1562 70 31 han
663 1562 61 31 vid
749 1561 245 32 motsvarande
1018 1561 166 36 tidpunkt
1208 1561 115 30 skulle
1346 1561 92 30 hava
1461 1560 159 36 åtnjutit,
1645 1570 56 21 om
1725 1559 71 31 han

291 1615 45 31 då
360 1615 176 30 kvarstått
559 1613 76 32 med
660 1613 66 31 den
749 1614 182 36 avlöning,
956 1614 71 30 han
1051 1613 160 31 innehaft
1235 1613 74 30 före
1324 1613 225 35 övergången
1569 1612 57 30 till
1643 1611 67 31 den
1726 1621 71 26 nya

291 1666 195 32 lönestaten
518 1666 64 31 och
610 1665 85 31 därå
723 1666 169 35 uppburit
916 1664 268 37 dyrtidstillägg
1209 1665 114 36 enligt
1346 1664 39 31 de
1410 1664 54 31 för
1487 1663 199 37 oreglerade
1711 1663 85 31 verk

292 1718 162 37 gällande
479 1718 317 31 bestämmelserna.
842 1717 17 30 I
883 1718 96 30 vissa
1003 1717 65 30 fall
1092 1717 69 30 kan
1186 1716 150 31 sålunda
1359 1716 154 35 inträffa,
1538 1717 51 29 att
1612 1725 43 21 en
1671 1714 125 32 befatt-

291 1770 247 36 ningshavare,
577 1769 214 31 tillhörande
829 1768 252 32 förutvarande
1118 1768 110 31 andra
1257 1767 271 36 normalgraden
1551 1767 63 31 och
1637 1766 78 31 med
1738 1776 59 21 av-

292 1822 123 36 löning
453 1821 114 36 enligt
601 1820 56 31 det
693 1831 70 26 nya
797 1821 429 36 avlöningsreglementet,
1262 1820 151 30 erhåller
1447 1820 98 36 lägre
1572 1819 59 31 lön
1666 1821 46 28 än
1742 1828 55 21 om

292 1874 70 30 han
401 1873 176 31 kvarstått
611 1873 20 30 å
667 1872 155 36 gammal
856 1873 70 29 stat
961 1872 62 31 och
1058 1872 66 30 fått
1156 1872 143 36 åtnjuta
1341 1871 39 31 de
1417 1871 267 35 löneförmåner,
1720 1879 75 22 som

290 1925 208 31 tillkommit
533 1924 109 31 sådan
676 1923 361 37 befattningshavare.
1082 1923 71 35 Jag
1188 1923 64 30 har
1286 1922 195 31 emellertid
1509 1922 86 31 efter
1618 1923 177 35 noggrant

291 1976 244 38 övervägande
562 1986 45 20 av
637 1975 228 31 förevarande
889 1974 171 37 spörsmål
1084 1974 72 31 dels
1180 1974 78 31 med
1283 1974 137 37 hänsyn
1443 1974 58 31 till
1525 1974 207 36 riksdagens
1761 1974 37 30 så

292 2029 147 37 nyligen
467 2027 131 32 fattade
624 2027 115 31 beslut
763 2037 56 21 om
843 2027 40 31 de
906 2026 250 31 förutvarande
1179 2026 523 36 andragradstjänstemännens
1726 2025 72 36 pla-

292 2082 120 35 cering
430 2081 11 30 i
458 2079 179 37 lönegrad,
662 2079 73 31 dels
759 2079 63 31 ock
839 2079 11 30 i
867 2078 229 32 betraktande
1120 2088 44 20 av
1178 2078 40 31 de
1235 2078 186 35 förmåner,
1438 2088 110 21 varav
1564 2077 234 36 befattnings-

292 2134 129 30 havare
444 2132 61 31 vid
529 2130 227 38 nyreglerade
780 2130 86 31 verk
882 2131 12 30 i
910 2131 120 36 övrigt
1051 2130 147 31 kommit
1216 2130 12 31 i
1244 2129 211 36 åtnjutande
1478 2129 61 31 vid
1573 2129 225 36 övergången

293 2187 20 29 å
338 2185 55 30 det
428 2194 70 27 nya
527 2184 256 35 lönesystemet,
812 2182 121 31 funnit
957 2183 73 35 mig
1056 2182 74 31 icke
1154 2182 83 31 böra
1262 2181 209 37 ifrågasätta
1495 2191 43 21 en
1561 2181 201 35 anordning
1788 2181 10 29 i

293 2247 49 21 nu
366 2236 154 36 angiven
543 2235 172 36 riktning.
761 2234 220 31 Framhållas
1006 2234 57 30 må
1086 2234 62 31 ock
1172 2233 40 32 de
1236 2234 267 35 konsekvenser,
1527 2242 74 22 som
1624 2234 49 29 ett
1695 2231 102 32 bifall

294 2289 58 31 till
376 2287 56 32 det
455 2286 149 32 sålunda
628 2287 127 30 väckta
779 2286 167 36 förslaget
969 2286 114 31 skulle
1106 2285 121 31 kunna
1252 2285 184 31 medföra.>

337 2340 71 31 Till
444 2339 66 31 den
534 2337 230 37 ståndpunkt,
789 2337 379 37 departementschefen
1192 2336 149 32 sålunda
1365 2337 147 31 kommit
1539 2337 11 30 i
1567 2334 232 33 förevarande

296 2392 112 35 fråga,
433 2391 62 30 har
520 2390 171 31 utskottet
715 2390 121 31 funnit
860 2390 54 36 sig
938 2390 85 31 böra
1046 2390 82 36 giva
1153 2389 55 31 sin
1225 2389 220 36 anslutning,
1464 2389 63 31 och
1543 2388 68 31 kan
1628 2387 170 31 utskottet

299 2444 105 31 alltså
428 2442 74 32 icke
527 2442 138 31 biträda
689 2442 236 31 motionärens
950 2441 143 36 förslag.

340 2494 280 32 Vidkommande
660 2494 170 35 slutligen
870 2493 39 31 de
950 2503 43 21 av
1036 2493 134 35 Kungl.
1206 2492 103 36 Maj:t
1348 2492 200 37 föreslagna
1587 2491 213 36 Öövergångs-
