1888 2842
333 145 41 32 32
650 147 397 35 Jordbruksutskottets
1069 149 189 33 utlåtande
1280 151 52 32 Nr
1356 151 53 32 76.

430 225 149 39 (Kungl.
600 226 130 38 Maj:ts
752 226 162 39 förslag.)
1231 228 218 37 (Utskottets
1468 231 162 38 förslag.)

1086 297 113 31 lunda
1217 298 71 31 kan
1308 298 94 33 hava
1422 302 55 30 att
1496 311 46 21 av
1563 301 229 34 tillträdaren

1086 349 136 36 fordra.

596 427 39 30 29
652 425 31 37 $.
1395 432 40 30 30
1454 430 30 37 $.

594 479 39 30 30
652 476 32 38 $.
1028 494 34 11 =
1396 484 39 30 31
1454 482 30 38 $.

596 531 37 30 31
653 529 31 37 $.
1029 547 33 10 =
1392 536 40 30 32
1451 534 30 37 $.

592 583 39 30 32
650 581 31 37 $.
1029 598 33 12 =
1395 589 39 29 33
1453 587 31 37 $.

594 635 39 29 33
652 633 31 37 $.
1029 651 33 11 =
1396 640 39 30 34
1454 638 31 37 $.

595 687 39 29 34
653 684 31 38 $.
1029 703 33 11 =
1397 693 39 29 35
1453 690 31 37 $.

596 739 39 29 35
652 736 32 38 $.
1029 755 33 11 =
1395 745 40 29 36
1454 742 30 37 $.

595 791 39 29 36
653 788 31 37 $.
1030 807 32 11 =
1396 796 40 29 37
1454 794 31 37 $.

596 843 38 29 37
653 841 31 37 $.
1029 859 34 11 =
1393 848 40 29 38
1452 846 30 37 $.

593 894 38 30 38
650 892 31 38 $.
1029 912 33 11 =
1395 900 40 29 39
1454 898 29 37 $.

594 947 39 29 39
652 944 32 37 $.
1029 964 33 11 =
1396 951 39 30 40
1454 949 31 38 $.

595 998 39 30 40
652 996 32 37 $.
1030 1016 33 11 =
1397 1003 39 30 41
1454 1001 31 37 $.

597 1049 37 30 41
653 1048 31 37 $.
1030 1069 32 11 =
1395 1055 40 30 42
1454 1053 31 37 $.

596 1101 39 30 42
654 1100 30 37 $.
1029 1121 33 11 =
1393 1107 40 29 43
1452 1105 30 37 $.

593 1154 38 29 43
650 1152 31 37 $.
1029 1174 33 10 =
1391 1158 40 30 44
1449 1157 30 37 $.
1500 1157 60 37 (Se
1578 1169 93 22 ovan
1690 1161 38 31 43
1745 1159 46 38 $.)

594 1206 38 29 44
651 1204 32 37 $.
1029 1226 32 11 =
1395 1211 40 30 45
1453 1210 31 36 $.

593 1258 39 29 45
651 1256 31 37 $.
1028 1277 32 13 =
1397 1263 39 30 46
1453 1261 31 37 $.

594 1309 39 30 46
650 1308 31 36 $.
1028 1330 32 10 =
1395 1315 40 29 47
1454 1314 30 36 $.

592 1361 38 30 47
650 1360 30 37 $.
1027 1381 33 12 =
1396 1367 40 30 48
1454 1365 30 37 $.

801 1623 479 44 Övergångsbestämmelser.

326 1711 127 32 Denna
473 1712 210 39 förordning
703 1715 102 37 skall,
823 1716 114 32 under
957 1717 235 38 iakttagande
1212 1730 47 21 av
1278 1719 71 32 vad
1367 1720 119 32 nedan
1504 1721 156 38 stadgas,
1680 1721 111 32 lända

286 1762 58 32 till
365 1763 242 33 efterrättelse
629 1765 86 31 från
735 1767 65 31 och
821 1768 81 32 med
924 1768 69 33 den
1011 1770 19 30 1
1052 1770 147 36 januari
1222 1771 87 32 1935.

326 1813 32 37 1)
382 1814 134 33 Finnes
544 1817 241 38 erforderligt,
814 1820 54 30 att
897 1820 285 37 överflyttandet
1212 1822 58 31 till
1299 1823 308 37 domänstyrelsen
1636 1825 66 31 och
1730 1825 57 31 do-

286 1867 361 32 mänintendenterna
674 1879 47 21 av
749 1870 319 37 länsstyrelsernas
1095 1873 208 39 befattning
1329 1875 82 31 med
1439 1876 156 31 kronans
1625 1878 162 30 utarren-

286 1918 129 32 derade
438 1919 364 37 jordbruksdomäner
827 1924 104 36 tager
955 1924 57 30 sin
1035 1924 130 37 början
1191 1926 77 31 före
1293 1926 68 31 den
1383 1928 20 30 1
1427 1927 146 37 januari
1598 1929 79 31 1935
1700 1929 87 31 eller

286 1970 163 32 avslutas
475 1971 92 31 efter
592 1971 113 38 sagda
732 1973 78 37 dag,
837 1975 59 30 må
923 1974 135 38 Kungl.
1084 1976 112 37 Maj:t
1224 1977 122 32 därom
1374 1979 179 32 förordna.

324 2019 32 38 2)
380 2021 80 32 Har
481 2023 13 31 i
515 2024 173 31 avseende
708 2025 22 30 å
750 2026 278 38 utarrendering
1050 2038 46 21 av
1117 2028 369 38 Jordbruksegendom
1506 2031 75 32 före
1604 2032 69 32 den
1695 2034 19 30 1
1735 2033 52 37 ja-

285 2074 105 30 nuari
408 2074 81 32 1935
508 2075 200 31 utarbetats
726 2077 244 38 vederbörligt
989 2079 134 38 förslag
1142 2080 89 31 eller
1251 2081 103 37 eljest
1374 2082 176 38 vidtagits
1569 2094 99 21 mera
1686 2085 100 36 ingå-

285 2125 88 32 ende
391 2125 215 38 förarbeten,
626 2128 59 30 må
706 2130 91 30 även
817 2129 92 31 efter
930 2131 156 31 nämnda
1104 2131 70 38 dag
1193 2132 238 33 därförinnan
1451 2135 166 36 gällande
1634 2136 152 31 bestäm-

284 2177 128 31 melser
460 2178 86 31 eller
581 2179 191 37 tillämpad
796 2181 155 38 ordning
975 2182 122 32 kunna
1123 2183 63 32 vid
1212 2185 322 39 utarrenderingen
1561 2187 118 38 följas,
1706 2188 81 32 med

284 2228 235 39 iakttagande
542 2230 113 32 likväl
678 2233 54 30 att
755 2232 301 37 länsstyrelserna
1075 2235 33 36 ej
1131 2235 125 32 vidare
1279 2237 100 31 skola
1399 2238 96 31 hava
1513 2239 120 37 någon
1655 2240 130 32 befatt-

285 2280 87 38 ning
401 2281 81 32 med
510 2283 321 38 utarrenderingen
859 2294 48 22 av
933 2284 423 38 jordbruksdomänerna.

324 2331 31 37 3)
377 2332 271 40 Förordningen
668 2335 94 31 skall
782 2335 76 32 icke
878 2337 114 31 verka
1010 2337 181 38 rubbning
1212 2339 12 31 i
1246 2339 43 32 de
1309 2340 276 39 bestämmelser,
1604 2343 101 33 vilka
1724 2344 62 32 vid

284 2383 77 33 dess
386 2385 292 32 ikraftträdande
701 2389 70 34 äga
793 2388 258 37 tillämplighet
1076 2389 230 33 beträffande
1332 2392 238 33 därförinnan
1595 2394 191 34 tillkomna

283 2437 413 38 arrendeförhållanden,
720 2438 13 31 i
758 2439 123 32 vidare
907 2440 86 31 mån
1017 2442 46 30 än
1087 2451 76 22 som
1188 2442 201 33 föranledes
1415 2444 74 32 dels
1513 2456 46 21 av
1584 2446 59 32 det
1665 2448 14 31 i
1701 2449 39 30 12
1765 2446 19 37 $
