2221 2667
721 201 230 30 Statsutskottets
972 202 149 29 utlåtande
1144 202 48 29 Nr
1215 203 49 29 33.
1794 202 15 29 i

909 684 68 42 Nr
1009 685 88 42 383.

822 842 106 27 Ankom
946 843 42 26 till
1005 843 163 34 Riksdagens
1186 842 86 27 kansli
1289 843 51 26 den
1358 843 16 26 2
1391 843 67 33 april
1477 842 67 28 1912
1561 843 38 27 kl.
1617 843 14 26 1
1650 852 23 17 e.
1691 853 34 16 m.

408 982 209 48 Utlåtande,
645 982 14 36 i
685 982 197 50 anledning
909 982 47 49 af
978 982 133 49 Kungl.
1140 982 128 49 Maj:ts
1294 983 14 35 i
1331 982 206 50 punkterna
1565 983 71 37 176
1661 983 62 37 och
1743 983 69 36 177

601 1051 116 36 under
735 1050 143 37 åttonde
896 1050 240 49 hufvudiiteln
1155 1051 47 49 af
1212 1051 457 48 statsverkspropositionen
1681 1051 132 48 gjorda

593 1117 330 50 framställningar
950 1131 54 24 om
1033 1118 130 49 anslag
1191 1118 56 36 till
1273 1118 300 37 naturhistoriska
1593 1119 218 36 riksmuseet.

1506 1184 75 49 (2:a
1607 1184 104 48 Afd.)

976 1299 64 34 1:0.

301 1399 17 35 I
351 1398 157 49 punkten
545 1398 70 36 176
647 1398 118 36 under
793 1398 153 36 åttonde
973 1397 254 37 hufvudtiteln
1255 1397 39 37 af
1319 1398 71 36 den
1417 1399 59 35 till
1503 1399 209 48 Riksdagen
1741 1398 71 37 den
1832 1405 203 44 Skådesamling

201 1452 46 34 13
285 1450 150 47 januari
473 1450 96 35 1912
599 1448 134 37 aflåtna
759 1450 279 47 propositionen
1066 1449 189 49 angående
1283 1450 235 36 statsverkets
1546 1450 170 35 tillstånd
1743 1450 68 36 och
1840 1441 44 59 för
1903 1442 131 58 maturiä-

196 1499 120 39 behof
348 1501 67 35 har
447 1500 137 49 Kungl.
614 1499 106 49 Maj:t
748 1499 189 49 föreslagit
962 1499 212 50 Riksdagen
1201 1505 53 31 att
1281 1499 57 37 för
1364 1501 112 48 inköp
1505 1500 68 36 och
1601 1502 211 47 montering
1831 1514 111 21 museets
1962 1514 73 36 ento-

199 1551 41 36 af
263 1551 167 45 föremål,
460 1550 149 37 afsedda
638 1552 58 35 till
724 1551 272 48 skådesamling
1021 1550 60 37 för
1107 1551 312 36 naturhistoriska
1446 1552 238 36 riksmuseets
1708 1557 104 31 ento-
1858 1545 148 58 mygsiska

199 1603 207 47 mologiska
445 1601 203 50 afdelning,
689 1602 137 47 bevilja
866 1607 54 31 ett
960 1603 127 47 anslag
1126 1601 40 36 af
1206 1604 133 43 10,000
1375 1603 136 36 kronor
1538 1603 68 35 och
1634 1602 107 36 däraf
1765 1606 47 45 på
1976 1599 16 11 ”

200 1658 107 31 extra
333 1657 73 32 stat
433 1652 58 37 för
519 1656 39 33 år
587 1654 96 35 1913
712 1654 125 35 anvisa
865 1654 109 43 5,000
1002 1653 146 36 kronor.

303 1703 236 37 Beträffande
580 1704 251 48 utredningen
869 1705 13 34 i
923 1704 152 35 ärendet
1112 1705 138 35 tillåter
1282 1705 57 48 sig
1366 1705 181 36 utskottet
1575 1705 153 36 hänvisa
1754 1706 58 34 till

200 1755 65 36 det
283 1754 62 37 vid
364 1756 481 47 statsverkspropositionen
864 1754 133 48 fogade
1016 1755 401 48 statsrådsprotokollet
1436 1755 104 37 öfver
1561 1757 249 35 ecklesiastik-

201 1805 163 36 ärenden
393 1817 139 25 samma
560 1806 72 48 dag
658 1803 84 48 (sid.
772 1805 224 43 485—487).

303 1907 54 36 På
383 1907 123 48 grund
532 1906 41 37 af
597 1907 97 36 hvad
721 1907 58 35 till
807 1907 82 36 stöd
916 1905 57 38 för
1001 1906 322 49 framställningen
1350 1908 13 35 i
1392 1907 151 37 ärendet
1562 1906 249 46 förekommit,

199 1956 60 38 får
299 1958 183 36 utskottet
520 1958 205 43 hemställa,

709 2013 55 31 att
807 2008 207 48 Riksdagen
1058 2011 60 33 må
1162 2007 58 37 för
1255 2009 112 48 inköp
1409 2009 68 36 och
1522 2010 211 47 montering
1778 2008 39 37 af

607 2059 166 45 föremål,
816 2058 150 37 afsedda
1005 2060 58 35 till
1104 2059 273 49 skådesamling
1413 2058 58 38 för
1504 2059 310 37 naturhistoriska

607 2111 240 35 riksmuseets
880 2110 292 48 entomologiska
1212 2109 202 50 afdelning,
1443 2111 137 47 bevilja
1607 2115 53 32 ett
1688 2112 127 48 anslag

608 2160 40 36 af
681 2162 133 44 10,000
850 2162 135 35 kronor
1021 2161 69 36 och
1125 2160 109 37 däraf
1257 2164 47 45 på
1331 2167 105 30 extra
1464 2166 72 31 stat
1563 2160 59 37 för
1649 2165 39 32 år
1718 2164 94 34 1913

608 2213 126 36 anvisa
762 2213 109 44 5,000
899 2212 146 36 kronor.

311 2270 114 39 Bihang
448 2271 43 28 till
513 2270 182 39 Riksdagens
710 2270 147 38 protokoll
879 2271 85 28 1912.
1009 2271 18 27 6
1049 2270 80 32 saml.
1175 2271 39 29 30
1235 2270 74 37 höft.
1351 2268 62 40 (Nr
1436 2270 60 39 33)
1716 2277 13 25 1
