1918 2850
119 1597 92 25 Andra

83 1634 162 23 kammarens

120 1668 90 23 beslut.

102 1754 129 23 Utskottet.

287 201 19 30 2
506 202 104 28 Första
634 202 174 27 kammarens
831 201 111 28 andra
965 202 153 36 tillfälliga
1139 202 120 27 utskotts
1281 200 147 28 utlåtande
1450 201 49 27 Nr
1522 199 46 29 II.

340 277 97 31 Efter
460 276 57 32 det
540 276 233 32 ovanberörda
788 275 322 42 riksdagsskrivelse
1127 275 147 40 avlåtits,
1289 275 86 31 hava
1389 274 172 32 lättnader
1576 273 209 42 genomförts

285 328 11 31 i
319 328 93 40 fråga
435 338 54 21 om
514 327 240 41 elektrifiering
776 338 40 20 av
838 326 324 42 kronoegendomar,
1187 337 74 20 som
1279 327 52 30 stå
1346 325 108 31 under
1470 324 316 42 domänstyrelsens

285 378 215 41 förvaltning.
547 378 176 41 Styrelsen
746 377 62 31 har
831 377 143 32 sålunda
996 377 130 31 kunnat
1148 376 164 42 medgiva,
1337 378 48 29 att
1406 376 75 31 från
1497 375 287 41 kronoegendom,

285 440 76 21 vars
384 428 205 32 innehavare
612 429 52 30 för
687 428 209 42 egendomen
920 428 109 41 ingått
1052 438 73 21 som
1149 427 145 31 medlem
1318 427 11 31 i
1352 426 164 32 elektrisk
1532 425 253 32 distributions-

285 480 164 41 förening,
483 480 90 41 finge
607 478 77 32 med
717 478 247 42 nyttjanderätt
987 479 158 41 upplåtas
1168 478 95 30 mark
1285 478 52 31 för
1358 476 259 41 framdragande
1650 488 40 19 av
1723 477 63 30 för-

286 530 165 41 eningens
474 530 179 40 ledningar
670 531 79 30 över
772 530 229 40 egendomens
1025 529 10 31 i
1059 529 157 30 arrendet
1239 528 166 41 ingående
1428 527 140 32 område
1590 529 44 39 på
1657 537 129 21 samma

284 581 130 38 villkor,
440 591 74 20 som
538 580 114 41 övriga
674 580 188 31 ledamöter
883 580 11 30 i
917 579 200 41 föreningen
1140 579 159 41 godkänt.
1334 578 51 31 Av
1399 577 386 41 vattenfallsstyrelsens

285 631 158 41 yttrande
467 630 63 31 och
555 630 106 41 enligt
682 630 64 31 vad
769 630 168 31 utskottet
956 629 12 31 i
985 629 110 41 övrigt
1117 629 167 31 inhämtat
1306 629 152 41 framgår,
1481 630 50 29 att
1547 629 238 30 motsvarande

285 681 170 31 lättnader
484 681 74 31 icke
581 681 208 41 genomförts
812 680 12 31 i
846 680 93 41 fråga
962 691 54 20 om
1042 680 238 31 ecklesiastika
1301 680 179 31 boställen.
1527 679 53 31 De
1604 679 80 38 skäl,
1710 690 73 20 som

285 731 57 31 vid
374 731 255 41 behandlingen
663 742 40 20 av
737 731 233 31 ovanberörda
996 730 330 41 riksdagsmotioner
1353 730 129 31 anförts
1506 729 53 32 för
1580 729 171 31 lättnader
1773 729 11 31 i

286 781 167 32 avseende
477 783 19 29 å
519 781 241 41 elektrifiering
782 792 40 20 av
845 780 323 42 kronoegendomar,
1193 780 116 31 kunna
1332 780 133 31 anföras
1487 780 125 41 jämväl
1634 780 52 31 för
1702 781 83 30 mot-

286 832 165 32 svarande
475 831 253 42 förfaringssätt
750 831 11 31 i
784 831 92 41 fråga
899 842 53 20 om
978 831 42 31 de
1044 831 237 31 ecklesiastika
1303 830 200 38 boställena,
1529 830 64 31 och
1616 830 169 31 utskottet

286 882 60 31 har
369 882 114 31 därför
506 883 114 30 ansett
643 881 51 42 sig
715 882 84 31 böra
821 881 125 31 föreslå
969 881 156 41 åtgärder
1147 881 11 31 1
1182 881 122 31 sådant
1328 881 95 41 syfte.

337 933 75 31 Vad
446 934 104 39 angår
583 932 231 31 motionärens
847 931 151 42 yrkande
1033 942 53 20 om
1120 931 184 42 lindrigare
1331 931 124 32 former
1477 931 54 31 för
1554 930 155 32 tillstånd
1732 931 52 31 till

285 982 259 42 framdragande
568 994 40 20 av
631 982 182 31 elektriska
835 982 187 41 ledningar,
1046 981 62 32 har
1131 982 176 38 utskottet,
1331 984 82 29 utan
1436 983 51 29 att
1502 981 81 42 vilja
1597 981 188 32 framställa

285 1035 103 39 något
410 1033 160 42 yrkande,
595 1035 113 29 ansett
730 1033 52 41 sig
804 1033 115 31 kunna
940 1033 205 41 ifrågasätta,
1169 1032 169 31 huruvida
1357 1032 72 31 icke
1446 1033 112 40 någon
1575 1032 208 41 myndighet,

286 1086 22 29 t.
333 1094 49 20 ex.
407 1084 125 41 Kungl.
557 1083 116 42 Maj:ts
706 1083 361 41 befallningshavande
1100 1083 11 31 i
1144 1082 254 32 vederbörande
1431 1083 66 38 län,
1527 1082 109 32 skulle
1669 1083 116 31 kunna

285 1134 222 31 tillerkännas
530 1134 206 41 befogenhet
758 1136 50 29 att
830 1134 52 31 för
905 1133 168 32 särskilda
1095 1133 58 31 fall
1175 1134 113 31 lämna
1311 1133 227 42 provisoriskt
1561 1133 154 31 tillstånd
1731 1133 53 31 till

285 1184 259 42 framdragande
568 1195 40 20 av
631 1183 161 32 elektrisk
814 1184 140 41 ledning
976 1184 12 30 i
1011 1183 164 32 avvaktan
1198 1186 44 39 på
1265 1184 169 31 ansökans
1452 1183 139 42 slutliga
1606 1183 177 42 prövning.

338 1234 81 32 Med
453 1234 205 41 hänvisning
691 1234 52 31 till
777 1234 57 31 det
856 1234 142 31 anförda
1019 1234 51 31 får
1092 1234 169 31 utskottet
1283 1234 188 38 hemställa,
1496 1236 51 29 att
1569 1234 104 31 andra
1695 1234 89 31 kam-

284 1296 116 20 maren
433 1286 105 30 måtte
571 1285 53 31 för
651 1284 53 32 sin
727 1284 55 32 del
804 1284 143 38 besluta,
976 1286 49 29 att
1055 1284 181 41 riksdagen
1260 1284 78 32 ville
1360 1284 12 31 i
1395 1284 164 31 skrivelse
1583 1284 52 31 till
1657 1284 125 42 Kungl.

285 1336 97 40 Maj:t
414 1335 190 38 hemställa,
640 1335 57 31 det
729 1335 130 31 täcktes
890 1335 126 41 Kungl.
1042 1335 95 41 Maj:t
1170 1335 136 41 vidtaga
1328 1335 155 41 åtgärder
1509 1334 12 31 1
1546 1335 95 41 syfte,
1666 1337 49 29 att
1741 1335 43 31 de

284 1386 178 38 lättnader,
480 1396 74 21 som
570 1385 209 42 genomförts
802 1385 11 31 i
836 1385 93 42 fråga
951 1396 55 20 om
1030 1385 243 41 elektrifiering
1288 1397 40 20 av
1344 1385 108 31 under
1468 1385 316 42 domänstyrelsens

284 1436 206 41 förvaltning
530 1436 141 32 stående
705 1435 212 42 egendomar,
952 1437 105 30 måtte
1091 1436 191 31 utsträckas
1316 1438 83 29 även
1431 1436 54 31 till
1523 1435 105 32 andra
1664 1436 120 31 krono-

285 1486 214 42 egendomar,
525 1487 137 31 särskilt
685 1486 236 32 ecklesiastika
943 1486 201 32 boställen.»

338 1589 197 32 Utskottets
559 1589 202 32 hemställan
784 1589 78 31 blev
884 1599 40 20 av
947 1588 106 31 andra
1075 1588 194 31 kammaren
1293 1588 148 38 bifallen,
1464 1589 147 31 varefter
1632 1589 152 32 beslutet

286 1639 137 41 delgavs
435 1640 108 31 första
556 1639 203 38 kammaren,
773 1650 74 20 som
860 1639 157 31 hänvisat
1033 1638 140 32 ärendet
1189 1638 53 32 till
1259 1638 61 32 sitt
1335 1638 104 32 andra
1455 1638 168 42 tillfälliga
1640 1639 141 32 utskott.

337 1750 18 30 I
377 1749 185 42 anledning
584 1749 103 31 härav
709 1750 50 30 får
781 1749 169 31 utskottet
973 1749 129 31 anföra:

338 1800 179 31 Utskottet
551 1800 199 31 instämmer
775 1800 11 32 1
810 1800 64 31 vad
897 1799 105 31 andra
1025 1799 213 31 kammarens
1262 1799 132 31 utskott
1416 1800 114 31 anfört
1554 1800 63 31 och
1639 1800 50 31 får
1712 1800 71 31 där-

284 1851 53 30 för
359 1850 188 38 hemställa,

607 1902 49 30 att
678 1901 106 31 första
806 1900 195 31 kammaren
1024 1901 105 30 måtte
1151 1899 135 32 biträda
1308 1900 104 31 andra
1434 1900 213 32 kammarens
1663 1901 11 31 i
1691 1902 92 30 ären-

554 1950 58 32 det
634 1951 127 31 fattade
784 1950 122 32 beslut.

338 2009 198 32 Stockholm
561 2009 66 31 den
651 2010 18 30 2
692 2009 65 41 maj
783 2009 89 31 1924.

827 2102 49 31 På
897 2101 188 33 utskottets
1108 2104 138 39 vägnar:

816 2177 41 32 N.
881 2177 31 31 J.
936 2177 37 31 F.
998 2177 254 32 ALMKVIST.

338 2386 206 28 Närvarande
577 2386 55 27 vid
666 2386 147 27 ärendets
843 2385 263 36 slutbehandling
1128 2386 10 26 i
1161 2385 174 41 utskottet:
1371 2382 108 32 herrar
1502 2387 152 34 Almkvist,
1678 2388 103 34 Rooth,

284 2428 93 33 Julin,
405 2428 158 34 Bondeson,
587 2427 163 29 Andersson
773 2427 34 28 P.
832 2428 10 26 i
865 2427 111 35 Arbrå,
1000 2427 128 34 Nilsson,
1151 2426 37 29 N.
1214 2428 34 27 A.
1273 2428 9 26 i
1307 2427 144 29 Östrabo.
