2202 2640
155 1230 132 25 Städerna
305 1232 46 23 och

155 1265 192 33 väghållnings-

194 1302 120 24 besväret.

424 112 44 45 26
843 116 343 32 Jordbruksutskottets
1209 116 165 32 utlåtande
1396 118 50 30 Nr
1470 118 49 31 68.

384 194 104 47 talet,
536 193 68 37 och
651 195 11 34 i
707 196 202 35 Frankrike
955 194 205 36 inskränka
1206 194 45 36 de
1302 194 62 48 sig
1408 194 58 36 till
1512 195 116 36 sällan
1676 196 311 36 förekommande

383 245 344 49 passageavgifter,
770 245 164 36 avsedda
975 245 56 36 till
1073 246 135 48 bidrag
1249 246 57 35 för
1350 246 233 36 betäckande
1612 260 47 22 av
1688 246 210 38 kostnaden
1929 247 58 36 för

384 297 251 48 borttagande
677 310 46 23 av
753 297 130 36 branta
910 297 148 36 backar.
1118 297 78 36 Den
1220 298 122 44 finska
1370 298 192 48 väglagen
1592 298 195 48 medgiver
1814 299 171 36 tillstånd

384 348 57 35 till
481 348 247 49 upptagande
765 362 44 22 av
841 353 102 43 väg-
964 348 71 36 och
1062 349 235 49 broavgifter
1325 349 135 36 endast
1489 351 57 34 för
1574 349 153 36 särskilt
1754 350 232 37 kostsamma

384 404 93 44 väg-
506 400 72 36 och
606 399 305 50 brobyggnader.

514 451 17 36 I
574 451 93 49 följd
709 465 46 22 av
801 452 305 36 motortrafikens
1149 452 143 36 snabba
1328 452 223 49 utveckling
1578 453 12 35 i
1619 466 134 23 senare
1781 452 53 36 tid
1862 453 82 47 har,
1974 455 11 35 i

384 503 206 48 synnerhet
631 504 11 35 i
685 503 45 36 de
772 510 99 29 stora
905 503 277 47 kulturlanden,
1209 503 506 50 automobilbeskattningen
1743 504 160 36 kommit
1932 512 52 30 att

383 554 104 49 spela
529 568 46 23 en
617 568 103 23 mera
760 555 213 48 betydande
1011 555 80 36 roll.
1148 555 158 36 Skatten
1342 560 40 31 är
1409 556 12 35 i
1452 557 187 44 Tyskland
1666 556 90 49 lagd
1784 558 124 34 såsom
1938 570 46 23 en

381 619 68 23 ren
478 607 222 35 statslicens.
744 606 17 36 I
790 608 186 45 England,
1006 606 66 36 där
1091 607 152 36 skatten
1263 606 163 37 drabbar
1445 607 82 36 icke
1547 607 95 37 blott
1660 613 324 43 motorvagnarna

381 662 92 31 utan
515 662 95 32 även
651 658 194 47 bensinen,
887 658 104 36 delas
1032 658 215 37 inkomsten
1288 659 139 36 mellan
1470 660 239 48 grevskapen
1750 659 69 36 och
1857 664 126 32 staten

382 711 52 42 så,
470 715 53 30 att
565 709 45 36 de
652 710 100 35 förra
793 710 142 35 erhålla
974 723 66 23 var
1077 709 65 37 sitt
1169 710 76 36 fixa
1273 710 150 49 belopp,
1453 710 167 37 varefter
1647 711 233 36 överskottet
1908 712 74 35 till-

381 761 107 36 faller
532 766 123 32 staten
701 761 70 36 och
813 761 221 48 disponeras
1077 762 55 35 till
1166 762 73 36 den
1281 763 166 35 centrala
1489 775 29 23 s.
1562 762 34 36 k.
1640 762 343 49 vägförbättrings-

383 812 150 36 fonden.
589 813 17 35 I
646 814 206 35 Frankrike
885 816 113 45 utgår
1025 813 114 36 licens
1168 827 80 23 som
1279 827 46 23 en
1355 814 251 47 obligatorisk
1633 814 231 47 statsavgift,
1894 828 88 22 men

380 863 276 37 kommunerna
694 864 97 36 hava
823 870 73 31 rätt
925 869 55 31 att
1009 871 168 42 upptaga
1205 879 47 23 en
1280 870 104 32 extra
1411 865 167 47 bilskatt,
1603 878 81 23 som
1714 866 95 36 dock
1836 866 12 35 i
1877 861 132 53 regel”

381 915 33 49 ej
445 915 56 36 får
529 915 218 37 överskrida
775 917 47 35 50
850 922 157 43 procent
1035 929 46 23 av
1109 917 256 36 siatsskatten.

510 967 194 49 Avgiften,
735 968 287 48 proportionellt
1051 968 88 36 eller
1166 969 235 48 progressivt
1429 968 186 49 graderad
1644 969 96 36 efter
1763 981 218 35 vagnarnas

381 1018 102 36 antal
511 1019 239 46 hästkrafter,
780 1019 161 37 drabbar
969 1019 303 49 huvudsakligen
1299 1020 399 49 personautomobiler.
1746 1020 17 36 I
1786 1021 194 48 Tyskland

381 1074 64 31 äro
474 1070 96 36 dock
600 1071 82 36 från
711 1071 149 36 skatten
889 1071 169 48 fritagna
1086 1071 139 36 sådana
1253 1085 156 35 vagnar,
1439 1085 81 23 som
1550 1072 193 36 användas
1771 1072 54 36 till
1848 1072 132 48 yrkes-

381 1122 143 47 mässig
561 1122 202 36 befordran
805 1127 78 31 mot
921 1123 133 47 avgift.
1109 1122 229 37 Lastfordon
1366 1129 65 31 äro
1461 1124 181 48 antingen
1670 1124 78 36 helt
1776 1124 83 46 fria,
1889 1123 91 37 eller

380 1173 113 36 också
522 1174 236 48 (Frankrike)
787 1173 144 37 betalas
960 1175 59 35 för
1047 1173 83 37 dem
1160 1175 132 36 endast
1312 1175 88 36 halv
1429 1175 133 48 avgift.

509 1225 17 35 I
567 1225 186 38 avseende
794 1228 20 33 å
842 1226 197 36 städernas
1068 1227 182 48 ställning
1278 1227 56 35 till
1362 1227 260 47 vägväsendet
1651 1240 113 36 synes
1792 1228 100 48 gälla
1921 1230 58 33 så-

379 1289 80 23 som
490 1277 138 36 allmän
661 1278 117 48 regel,
812 1283 54 30 att
902 1278 108 48 varje
1039 1278 83 35 stad
1150 1283 116 43 utgör
1294 1283 88 43 eget
1411 1278 154 36 distrikt
1593 1279 59 36 för
1679 1284 120 43 vägar
1827 1292 48 22 av
1904 1279 73 36 den

378 1328 114 47 klass,
534 1329 12 35 i
587 1329 184 36 avseende
799 1331 87 33 varå
909 1329 539 50 väghållningsskyldigheten
1477 1331 11 35 i
1517 1330 205 36 allmänhet
1749 1331 126 35 tillhör
1903 1331 75 47 pri-

378 1380 356 36 märkommunerna
762 1381 87 36 eller
877 1380 111 47 eljest
1007 1380 45 37 de
1071 1381 123 48 lägsta
1216 1381 477 49 väghållningsdistrikten.
1737 1382 241 36 Beträffande

377 1437 119 42 vägar
538 1445 46 23 av
625 1432 120 48 högre
785 1432 99 36 klass
927 1437 103 31 möta
1070 1433 100 36 olika
1199 1433 269 36 förhållanden.
1525 1433 16 35 I
1569 1435 120 44 Norge
1717 1439 26 30 t.
1774 1446 68 35 ex.,
1873 1434 104 36 såväl

377 1496 81 23 som
500 1484 12 35 i
550 1485 175 45 Finland,
754 1484 131 48 intaga
913 1484 177 36 städerna
1117 1498 145 23 samma
1290 1485 183 48 ställning
1501 1498 81 23 som
1611 1485 70 37 hos
1710 1498 61 23 oss
1800 1485 71 37 och
1900 1485 77 36 del-

376 1540 89 44 taga
503 1535 157 36 sålunda
702 1536 32 49 ej
765 1536 12 35 i
804 1535 285 49 landsbygdens
1116 1536 261 49 väghållning.
1433 1537 134 48 Enligt
1596 1537 69 37 den
1697 1537 167 48 mening,
1895 1550 81 23 som

376 1586 118 37 under
534 1587 198 48 pågående
775 1587 152 36 arbeten
970 1588 58 35 för
1066 1601 51 36 ny
1157 1588 324 49 väglagstiftning
1522 1601 111 36 synes
1661 1589 97 36 hava
1785 1589 104 49 gjort
1917 1589 60 47 sig

376 1638 176 48 gällande
586 1639 103 35 inom
718 1639 120 36 finska
865 1639 219 48 lantdagen,
1122 1640 121 36 skulle
1271 1645 96 31 även
1394 1640 12 35 i
1435 1640 176 36 städerna
1651 1646 156 42 utgöras
1835 1640 141 36 allmän

374 1690 181 48 vägskatt
596 1690 57 36 till
701 1691 84 36 hela
831 1690 146 36 landets
1023 1696 205 43 vägväsen.
1290 1691 166 36 Därmed
1502 1692 219 49 förknippas
1768 1692 207 36 emellertid

376 1741 142 36 tanken
555 1744 49 47 på
646 1755 47 24 en
734 1742 252 49 omläggning
1028 1756 45 22 av
1115 1743 195 36 städernas
1339 1756 96 35 egen
1476 1748 92 43 väg-
1609 1744 69 36 och
1706 1743 270 49 gatuhållning

375 1792 155 48 därhän,
571 1798 55 31 att
668 1793 103 37 detta
808 1793 133 37 besvär
982 1794 200 37 framdeles
1225 1795 95 35 skall
1347 1795 12 35 i
1387 1795 344 49 lagstiftningsväg
1763 1795 136 36 ordnas
1927 1798 47 46 på

375 1857 143 23 samma
546 1850 73 31 sätt
648 1858 82 23 som
758 1845 220 48 ifrågasatts
1001 1846 228 36 beträffande
1249 1846 293 49 landsvägarna,
1564 1847 34 36 d.
1620 1861 35 21 v.
1677 1860 29 23 s.
1728 1846 178 38 bekostas
1927 1860 47 22 av

374 1902 135 30 staten.
555 1896 17 36 I
601 1898 191 35 Danmark
819 1897 109 36 råder
956 1897 63 36 det
1046 1898 267 48 egendomliga
1345 1898 247 47 förhållande,
1623 1904 54 31 att
1704 1899 102 36 vissa
1824 1901 48 47 på
1901 1898 73 36 den

375 1947 189 37 allmänna
592 1948 495 49 landsvägsförteckningen
1128 1958 196 41 upptagna
1353 1963 27 22 s.
1402 1950 35 35 k.
1459 1950 312 49 landsvägsgator
1790 1950 184 49 (»Lande-

375 1999 255 49 vejsgader»),
682 2003 123 33 såsom
855 2001 213 47 utgörande
1113 2001 295 48 landsvägarnas
1456 2002 249 48 fortsättning
1750 2007 88 32 över
1884 2002 89 50 köp-

375 2051 195 37 städernas
611 2052 137 47 grund,
791 2065 122 32 anses,
943 2052 118 36 ehuru
1090 2053 186 48 ingående
1305 2054 11 35 i
1345 2053 195 36 städernas
1568 2059 248 43 gatusystem,
1846 2056 127 33 såsom

375 2102 103 36 delar
503 2116 46 22 av
577 2103 277 49 landsvägarna
883 2104 71 35 och
982 2104 119 36 hållas
1130 2118 46 22 av
1204 2104 283 37 vederbörande
1517 2111 77 30 amt
1622 2105 71 36 och
1721 2105 83 36 stad
1832 2105 12 36 i
1874 2105 98 36 före-

375 2154 95 48 ning
511 2155 84 36 med
630 2155 12 35 i
670 2155 103 48 regel
800 2155 76 36 lika
906 2155 217 48 fördelning
1151 2169 47 23 av
1227 2156 211 36 kostnaden
1469 2157 135 36 mellan
1633 2157 71 36 den
1733 2170 28 22 s.
1791 2157 32 36 k.
1856 2163 116 30 amts-
