2206 2640
686 128 344 31 Jordbruksutskottets
1053 127 162 32 utlåtande
1240 128 51 31 Nr
1315 129 50 30 68.
1740 130 40 31 23

223 204 89 36 dera
355 218 45 22 av
442 205 108 36 dessa
592 209 85 42 sätt,
720 218 85 22 men
844 205 365 48 kommunstyrelsen
1239 207 85 45 kan,
1355 211 68 31 när
1451 206 373 48 omständigheterna

222 257 75 34 tala
338 255 138 46 därför,
519 261 94 31 även
652 256 168 36 utfordra
864 257 126 35 arbete
1031 257 39 35 in
1112 263 140 31 natura.
1309 258 244 36 Underhållet
1586 258 162 37 fördelas
1777 259 46 35 då

222 319 138 36 genom
402 307 233 48 vägdelning
676 307 135 37 mellan
854 308 250 36 kommunens
1145 309 375 49 hartkornsbrukare,
1563 310 131 36 därvid
1728 311 95 36 dock

222 358 133 36 endast
382 358 57 48 de,
470 372 80 23 som
580 359 97 35 hava
705 364 53 31 ett
786 359 184 36 tunnland
1000 360 180 36 hartkorn
1208 361 90 36 eller
1326 361 169 47 däröver,
1525 361 164 36 tilldelas
1709 362 113 48 själv-

222 409 177 49 ständiga
440 411 199 47 väglotter.
696 410 55 36 De
793 411 154 47 övrigas
988 412 249 47 prestationer
1278 413 165 47 regleras
1471 426 139 35 genom
1638 413 184 36 särskilda

221 460 293 48 bestämmelser,
544 461 100 36 olika
674 461 244 37 allteftersom
947 462 283 37 vederbörande
1259 464 181 47 parceller
1468 465 143 47 utlagts
1632 464 81 36 före
1733 465 89 36 eller

220 512 96 36 efter
344 513 71 35 den
444 512 176 48 gällande
648 513 294 47 vägdelningen.

350 564 54 36 De
448 564 188 35 allmänna
677 564 281 48 landsvägarna
998 565 11 35 1
1038 566 165 35 Finland
1231 566 239 36 underhållas
1499 567 38 35 in
1565 572 133 30 natura
1726 567 95 36 efter

221 614 243 49 vägdelning,
494 627 86 23 men
607 615 104 48 varje
741 615 423 49 väghållningsdistrikt
1192 621 42 31 är
1262 616 176 49 obetaget
1466 622 55 31 att
1544 618 154 48 upplåta
1718 618 103 36 detta

220 665 195 37 underhåll
443 666 79 36 helt
550 666 88 36 eller
658 666 118 36 delvis
795 669 48 47 på
863 667 250 49 entreprenad
1134 668 91 36 eller
1244 668 168 36 anordna
1433 669 254 48 fullgörandet
1707 669 113 36 därav

219 720 49 45 på
310 722 113 31 annat
464 717 177 49 lämpligt
681 723 88 39 sätt;
809 718 96 36 dock
934 718 95 36 skall
1056 719 161 36 beslutet
1245 720 130 36 härom
1404 720 251 37 underställas
1684 734 136 36 guver-

219 773 137 32 nörens
376 769 228 48 avgörande.
639 769 55 36 De
713 783 76 35 nya
809 770 357 49 väglagsförslagen
1186 772 125 47 åsyfta
1329 772 252 48 upphävande
1601 786 47 22 av
1668 779 152 30 natura-

219 820 312 48 vägunderhållet
572 821 69 36 och
683 834 46 23 en
766 822 140 35 allmän
944 822 247 48 obligatorisk
1228 826 198 45 övergång
1462 823 55 36 till
1554 824 265 48 entreprenad-

219 877 195 43 systemet.
444 872 146 36 Härvid
605 873 133 36 tänker
758 886 87 22 man
866 873 61 48 sig
946 886 46 22 en
1013 873 114 36 sådan
1148 874 158 48 delning
1325 888 47 22 av
1393 875 425 48 entreprenadlotterna,

220 928 54 31 att
288 924 105 47 varje
407 923 206 49 jordägare
634 924 94 36 skall
748 925 102 35 finna
869 924 147 37 tillfälle
1036 931 63 40 att,
1121 938 60 23 om
1202 925 77 36 han
1299 928 40 34 så
1359 926 151 46 önskar,
1532 927 133 48 inropa
1684 927 135 36 under-

218 975 112 36 hållet
359 989 46 22 av
438 978 127 46 någon
593 976 79 35 lott.

348 1027 17 35 I
392 1028 177 44 England
601 1032 40 30 är
668 1033 317 43 naturasystemet
1013 1028 116 37 sedan
1156 1028 114 49 länge
1299 1029 127 36 okänt.
1483 1029 247 37 Underhållet
1758 1031 61 36 be-

218 1078 119 48 sörjes
378 1078 66 36 där
476 1081 48 45 på
553 1079 246 49 entreprenad
828 1080 89 35 eller
945 1092 137 36 genom
1112 1080 74 37 fast
1214 1081 163 36 anställd
1406 1082 186 48 personal,
1623 1081 195 37 däribland

220 1130 153 35 särskilt
399 1130 212 48 vägvakter
640 1130 259 48 (sectionmen,
928 1131 206 50 roadmen).

345 1181 17 35 I
392 1182 197 47 Tyskland,
623 1178 175 41 Österrike
827 1183 70 36 och
926 1185 204 36 Frankrike
1157 1189 155 44 utgöres
1340 1185 314 48 vägunderhållet
1683 1186 135 37 visser-

216 1233 103 48 ligen
360 1235 41 34 så
429 1239 84 42 gott
554 1247 80 23 som
678 1234 156 36 allmänt
874 1248 140 35 genom
1051 1236 211 48 vägvakter
1290 1236 248 49 (Einräumer,
1569 1238 248 47 cantonniers,

216 1284 151 50 voyers)
410 1298 86 22 men
533 1286 181 48 jämsides
756 1286 153 36 därmed
951 1287 136 36 anlitas
1114 1288 12 35 i
1153 1287 100 37 vissa
1295 1288 103 36 delar
1440 1302 46 22 av
1526 1289 194 48 Tyskland
1748 1290 70 36 och

218 1335 203 48 Österrike,
453 1350 86 23 men
567 1338 11 35 i
607 1337 204 49 synnerhet
834 1338 12 35 i
874 1337 220 48 Frankrike,
1122 1344 54 31 ett
1205 1340 103 48 slags
1337 1342 317 47 naturasystem.!
1704 1341 115 36 Detta

216 1390 71 45 går
306 1388 210 36 emellertid
546 1389 133 36 endast
707 1395 41 30 ut
774 1392 60 46 på,
865 1395 53 30 att
946 1390 83 35 från
1057 1390 284 37 vederbörande
1368 1392 450 49 väghållningsskyldiga

218 1439 129 36 kunna
387 1440 191 36 utfordras
621 1440 237 49 dagsverken
896 1441 70 36 och
1007 1442 146 36 körslor
1195 1442 164 48 (»Hand-
1400 1443 77 36 und
1508 1442 308 50 Spanndienst»),

216 1490 304 50 huvudsakligen
550 1492 58 36 för
636 1492 293 37 framskaffande
957 1507 47 22 av
1036 1494 397 49 väglagningsämnen
1461 1495 70 36 och
1559 1495 12 36 i
1600 1496 126 48 övrigt
1760 1496 58 37 för

214 1542 145 37 biträde
388 1545 38 34 åt
454 1544 260 48 vägvakterna
741 1544 86 36 med
856 1545 186 36 avseende
1071 1548 20 33 å
1111 1547 142 35 sådana
1280 1546 167 47 arbeten,
1478 1560 80 23 som
1588 1547 82 37 icke
1691 1548 126 36 kunna

216 1608 46 22 av
303 1595 83 36 dem
426 1596 118 48 själva
571 1596 234 36 medhinnas.
862 1596 244 50 Vägdelning
1133 1600 51 44 så,
1211 1603 55 31 att
1293 1597 45 37 de
1366 1598 450 51 väghållningsskyldiga

215 1645 188 38 ombetros
450 1653 54 30 att
545 1647 270 49 självständigt
846 1648 124 36 utföra
1011 1650 235 36 underhållet
1274 1663 47 22 av
1348 1663 68 23 var
1443 1650 58 36 sin
1531 1651 158 48 väglott,
1718 1651 98 37 före-

214 1698 181 47 kommer,
425 1701 41 33 så
494 1699 72 36 vitt
594 1699 295 37 kommissionen
917 1700 145 37 kunnat
1089 1701 113 47 finna,
1231 1701 84 37 icke
1340 1702 256 48 någonstädes
1615 1709 104 30 utom
1739 1704 12 35 i
1771 1704 45 36 de

213 1749 298 38 skandinaviska
538 1751 147 36 landen.

344 1802 238 37 Beträffande
627 1803 374 49 vägbeskattningen
1047 1809 39 31 är
1132 1804 62 37 det
1236 1810 54 31 ett
1335 1806 364 49 anmärkningsvärt
1740 1807 74 36 för-

216 1853 186 48 hållande,
434 1859 54 31 att
516 1854 123 37 denna
666 1854 260 50 beskattning,
956 1856 11 35 i
997 1855 72 37 den
1097 1859 87 33 mån
1213 1856 72 36 den
1310 1857 130 36 träffar
1459 1858 126 36 lokala
1605 1858 210 49 samfällig-

214 1904 117 48 heter,
375 1906 200 36 mestadels
616 1911 41 31 är
698 1906 142 37 ordnad
868 1908 93 36 efter
989 1907 151 37 alldeles
1169 1922 144 23 samma
1341 1909 170 48 grunder
1538 1923 80 23 som
1647 1910 73 37 den
1748 1911 65 36 all-

213 1961 136 32 männa
389 1957 528 50 kommunalbeskattningen.
973 1959 109 37 Hava
1123 1960 200 37 distrikten
1350 1965 97 32 även
1475 1962 117 36 andra
1620 1962 194 49 uppgifter

212 2012 48 32 än
301 2010 270 48 vägväsendet,
609 2011 91 47 ingå
737 2011 525 48 väghållningskostnaderna
1290 2012 79 36 ofta
1396 2019 91 30 utan
1516 2014 127 36 vidare
1671 2015 12 35 i
1703 2014 109 37 deras

213 2060 191 37 allmänna
432 2061 244 37 kommunala
703 2062 199 48 budgeter,
932 2063 71 36 och
1032 2063 46 36 då
1106 2064 56 36 till
1191 2064 93 48 följd
1304 2064 117 36 härav
1439 2065 373 50 vägbeskattningen

316 2190 9 14 !
361 2189 12 26 I
401 2189 54 27 den
473 2199 86 26 nyare
579 2190 277 36 väglagstiftningen,
876 2201 60 17 som
956 2191 116 27 kommit
1091 2191 42 27 till
1153 2191 84 27 stånd
1258 2192 40 26 för
1317 2193 75 26 vissa
1411 2194 162 35 preussiska
1593 2194 151 35 provinser,
1765 2200 46 22 äro

211 2233 328 35 naturaprestationerna
557 2233 42 27 för
618 2234 191 36 vägväsendet
827 2235 58 26 helt
904 2235 172 27 avskaffade.

299 2277 127 42 Bihang
449 2278 48 31 till
521 2279 184 41 riksdagens
727 2280 154 41 protokoll
904 2280 95 31 1915.
1047 2281 41 30 10
1112 2281 88 30 saml.
1247 2281 42 31 40
1312 2281 78 40 häft.
1436 2282 68 41 (Nr
1527 2283 66 37 68)
1749 2284 19 30 4

1856 1814 170 32 Fägbeskatt-

1888 1850 105 31 ningen.
