1886 2818
493 161 123 31 Första
634 160 239 37 lagutskottets
892 159 175 31 utlåtande
1084 168 44 21 nr
1146 158 49 30 12.
1560 149 36 30 17

138 249 51 30 De
205 247 259 31 bestämmelser
481 255 76 21 som
576 245 58 39 jag
651 244 121 31 hittills
792 247 112 27 ansett
922 243 70 36 mig
1006 243 87 30 böra
1111 240 128 32 föreslå
1259 240 98 31 torde
1373 240 85 30 böra
1476 239 124 36 utgöra

95 300 39 30 10
153 300 19 37 8
191 299 9 30 i
221 300 38 29 18
280 299 79 35 kap.
380 297 50 32 De
448 297 91 30 olika
556 295 412 32 straffbestämmelserna
987 294 98 29 torde
1102 293 86 30 böra
1207 294 169 34 upptagas
1395 291 11 30 i
1427 289 172 32 särskilda

93 351 143 37 stycken
260 347 193 42 (moment),
471 357 76 21 som
568 347 58 31 vid
645 346 196 31 ådömande
861 355 42 21 av
922 344 103 31 straff
1042 345 121 29 kunna
1184 342 168 36 åberopas
1370 345 75 28 vart
1463 341 56 30 för
1536 340 62 37 sig.

137 428 14 29 I
172 426 92 31 vissa
284 425 186 37 yttranden
491 425 65 29 har
577 423 166 37 påyrkats
766 425 58 33 att,
847 421 12 30 i
880 420 137 37 analogi
1038 420 81 30 med
1139 419 69 30 vad
1232 428 75 21 som
1329 417 104 36 enligt
1458 418 38 29 18
1518 417 80 35 kap.

91 478 20 30 9
130 478 18 37 8
168 477 105 37 gäller
293 486 58 21 om
369 474 249 32 heterosexuell
636 473 108 36 otukt,
767 482 42 21 en
827 470 347 33 straffbestämmelse
1190 469 107 31 borde
1316 467 176 32 meddelas
1510 466 88 37 jäm-

92 528 56 30 väl
173 527 11 30 i
209 526 97 37 fråga
330 536 59 20 om
414 524 236 32 homosexuell
675 524 99 30 otukt
798 523 81 30 med
903 523 67 29 den
994 531 75 21 som
1095 522 39 29 är
1169 518 277 37 sinnessjuk
1482 517 118 31 eller

90 577 267 32 sinnesslö.
386 575 238 36 Beredningen
640 575 66 30 har
723 574 77 30 icke
815 573 12 30 i
848 573 57 33 sitt
922 572 129 37 förslag
1068 570 158 38 upptagit
1242 569 104 37 något
1365 568 123 33 sådant
1507 567 92 32 stad-

92 629 111 37 gande
225 637 79 22 men
326 629 75 35 har,
425 627 11 30 i
458 626 200 36 anslutning
679 625 50 30 till
758 625 38 30 18
820 625 79 35 kap.
924 625 19 29 6
969 624 18 37 $
1011 624 18 30 2
1053 632 117 26 mom.,
1193 620 176 37 föreslagit
1391 623 47 27 ett
1460 618 141 32 särskilt

91 679 191 37 stadgande
303 688 58 21 om
384 677 103 31 straff
508 677 55 30 för
586 675 205 32 funktionär
814 674 45 37 på
881 674 110 31 sådan
1012 672 190 37 inrättning
1226 681 75 21 som
1324 672 63 29 där
1411 679 107 26 avses,
1541 678 59 22 om

91 730 72 31 han
185 731 83 29 övar
291 729 100 31 otukt
412 728 79 31 med
511 727 46 37 på
579 726 235 36 inrättningen
839 725 140 36 intagen
1000 732 127 28 person
1151 732 42 21 av
1215 731 135 22 samma
1372 722 80 29 kön.
1475 719 124 32 Bered-

90 781 129 36 ningen
239 781 64 29 har
326 782 112 28 ansett
458 782 48 27 att
526 786 125 29 genom
675 780 46 27 ett
740 776 112 36 dylikt
873 774 177 32 straffbud
1072 773 171 37 skapades
1264 771 198 37 tillräckligt
1481 769 118 32 straff-

91 832 115 36 skydd
231 832 87 29 även
345 833 73 27 mot
443 827 237 33 homosexuell
707 827 99 30 otukt
831 827 80 29 med
937 824 198 37 sinnessjuk
1162 824 81 30 eller
1269 822 168 32 sinnesslö
1463 830 136 28 person.

137 877 94 35 Även
252 890 57 21 om
329 880 147 31 behovet
494 889 44 21 av
560 878 141 31 särskilt
720 876 219 38 straffskydd
962 880 73 27 mot
1054 874 237 32 homosexuell
1312 873 99 32 otukt
1430 872 80 31 med
1530 872 69 30 sin-

90 932 167 37 nessjuka
275 932 82 30 eller
375 931 190 31 sinnesslöa
583 938 165 28 personer
765 928 103 31 såvitt
885 937 83 20 man
987 936 48 21 nu
1054 927 71 29 kan
1141 926 148 30 bedöma
1311 924 75 30 icke
1405 925 38 29 är
1461 918 140 45 särskilt

91 982 274 35 framträdande,
393 990 100 28 synes
516 981 57 31 det
595 980 107 30 likväl
723 978 212 37 principiellt
956 977 182 31 motiverat
1162 979 50 27 att
1234 975 128 31 bereda
1385 975 78 30 dem
1486 973 115 38 skydd

92 1037 74 28 mot
184 1032 258 32 homosexuella
463 1031 227 31 närmanden.
711 1029 53 31 Då
783 1030 42 30 de
845 1029 77 31 icke
940 1028 110 36 själva
1070 1028 119 30 kunna
1210 1030 144 32 antagas
1373 1025 46 31 ha
1438 1024 94 32 kraft
1550 1026 51 28 att

92 1085 119 31 avvisa
237 1083 268 36 vederbörande,
535 1082 100 31 torde
660 1091 43 21 en
733 1079 348 33 straffbestämmelse
1108 1087 84 22 vara
1218 1076 47 38 på
1294 1076 54 32 sin
1372 1076 100 36 plats.
1502 1074 98 31 Stad-

91 1137 115 36 gande
220 1137 123 29 härom
358 1144 101 28 synes
475 1133 188 37 lämpligen
680 1133 85 30 böra
781 1133 171 34 upptagas
969 1130 111 30 under
1095 1138 42 22 en
1155 1138 45 28 ny
1216 1127 175 38 paragraf,
1408 1125 193 32 betecknad

96 1187 39 31 10
159 1197 22 21 a
203 1187 29 37 8.
255 1186 144 31 Straffet
422 1185 96 31 torde
538 1185 87 30 böra
647 1184 122 36 utgöra
793 1182 155 36 fängelse
968 1181 83 30 eller
1073 1180 221 31 straffarbete
1314 1179 12 30 i
1347 1178 101 36 högst
1469 1175 59 33 två
1551 1175 48 32 år.

138 1239 13 30 I
174 1247 134 22 samma
330 1236 164 38 paragraf
515 1236 98 30 torde
635 1236 86 29 även
742 1234 86 30 böra
850 1233 134 36 intagas
1007 1233 56 29 det
1086 1241 44 21 av
1150 1230 233 36 beredningen
1404 1228 197 36 föreslagna

92 1293 74 27 mot
187 1290 39 29 18
246 1289 79 35 kap.
347 1289 20 29 6
390 1288 18 37 8
430 1289 18 29 2
469 1296 104 21 mom.
595 1285 171 31 svarande
786 1284 204 36 stadgandet
1010 1292 58 21 om
1088 1281 114 37 straff,
1225 1281 115 30 därest
1360 1279 90 31 vissa
1470 1278 130 31 funk-

92 1340 214 31 tionärer
332 1339 83 36 göra
441 1337 49 37 sig
519 1336 160 37 skyldiga
703 1335 51 30 till
779 1335 101 30 otukt
906 1333 81 31 med
1011 1341 165 28 personer
1201 1341 75 21 som
1302 1332 61 29 äro
1388 1329 142 37 intagna
1555 1327 46 38 på

92 1390 137 33 anstalt,

137 1439 53 32 Då
212 1440 132 30 varken
371 1440 39 29 18
432 1439 79 34 kap.
536 1438 19 30 6
579 1437 19 37 8
622 1438 19 29 2
665 1445 104 21 mom.
795 1435 82 30 eller
902 1435 20 30 9
946 1434 18 37 8
986 1432 194 31 innehåller
1203 1431 103 31 straff
1329 1431 55 30 för
1406 1430 120 31 försök
1550 1429 51 31 till

91 1490 250 32 heterosexuell
367 1489 100 30 otukt
489 1487 11 31 i
525 1488 63 30 där
614 1486 149 36 angivna
788 1485 73 36 fall,
885 1485 99 30 torde
1008 1484 57 30 det
1088 1483 77 30 icke
1188 1482 86 31 böra
1298 1482 142 30 komma
1462 1480 12 30 i
1501 1479 100 37 fråga

92 1545 50 28 att
178 1541 12 30 i
228 1540 229 31 förevarande
495 1538 256 35 sammanhang
789 1536 122 36 stadga
947 1534 103 31 straff
1088 1533 56 31 för
1183 1533 120 30 försök
1329 1532 51 30 till
1407 1531 91 31 brott
1525 1540 76 21 som

92 1601 99 22 avses
229 1591 12 30 i
277 1592 67 30 den
379 1599 70 27 nya
487 1590 38 30 10
551 1598 21 21 a
601 1589 29 36 8.
681 1588 100 30 Detta
819 1587 38 30 är
894 1595 41 21 ur
964 1585 109 30 andra
1098 1584 216 37 synpunkter
1338 1583 76 30 icke
1439 1582 71 30 helt
1535 1581 65 30 till-

92 1642 276 32 fredsställande.
410 1639 135 37 Frågan
573 1648 58 21 om
661 1637 272 31 straffbarheten
963 1635 58 31 vid
1049 1635 120 30 försök
1198 1634 50 30 till
1278 1633 93 31 brott
1399 1642 75 21 som
1502 1641 99 21 avses

92 1694 12 30 i
119 1692 230 32 förevarande
365 1691 129 36 kapitel
509 1690 12 30 i
536 1689 206 36 strafflagen
758 1688 97 30 torde
872 1686 188 31 emellertid
1079 1686 96 30 inom
1191 1685 78 30 kort
1286 1685 142 29 komma
1444 1686 49 28 att
1507 1682 94 31 bliva

93 1742 147 33 föremål
261 1743 55 30 för
337 1746 47 27 ett
405 1741 162 36 enhetligt
586 1739 220 31 bedömande
826 1738 11 30 i
858 1737 172 31 samband
1052 1737 81 30 med
1153 1745 43 21 en
1215 1733 240 37 omarbetning
1477 1743 43 21 av
1541 1734 60 29 ka-

92 1794 99 37 pitlet
207 1794 11 30 i
239 1794 76 30 dess
333 1793 125 30 helhet.

138 1885 64 30 Det
222 1885 38 29 är
279 1884 99 36 givet,
399 1885 48 27 att
463 1880 258 32 homosexuella
741 1879 209 36 handlingar
970 1887 75 21 som
1065 1877 78 31 såra
1174 1877 185 30 allmän
1388 1875 214 36 ordning

94 1946 21 21 oc
161 1936 23 30 h
216 1933 367 37 anständighet
625 1932 75 30 icke
719 1932 120 29 kunna
860 1931 172 33 tolereras,
1054 1930 87 29 även
1161 1938 57 21 om
1239 1929 55 30 det
1315 1927 30 36 ej
1368 1928 39 29 är
1426 1926 98 37 fråga
1544 1935 58 21 om

94 1985 37 31 så
144 1986 60 30 lan
232 1985 99 30 otukt
357 1994 75 20 som
460 1983 130 36 åsyftas
617 1982 80 29 med
723 1981 93 30 förut
846 1990 42 21 av
916 1980 69 35 mig
1014 1979 186 30 förordade
1227 1977 221 36 straffregler.
1478 1976 123 31 Bered-

94 2037 127 35 ningen
240 2036 62 29 har
322 2035 79 30 med
420 2035 136 35 hänsyn
576 2032 114 31 därtill
708 2032 10 29 i
739 2032 57 30 sitt
815 2031 129 36 förslag
964 2030 49 30 till
1031 2029 147 36 ändring
1197 2038 41 21 av
1262 2029 38 30 18
1318 2028 79 36 kap.
1421 2029 37 29 10
1478 2028 18 37 8
1514 2037 87 27 upp-

94 2091 31 26 tu
141 2087 36 36 sit
201 2089 45 27 ett
270 2086 138 30 särskilt
432 2084 187 36 stadgande
642 2093 57 20 om
719 2082 104 30 straff
842 2082 55 30 för
918 2082 65 29 den
1004 2090 75 21 som
1101 2079 20 31 å
1144 2080 128 30 allmän
1293 2079 88 36 plats
1403 2079 81 30 eller
1506 2078 97 38 eljest

93 2136 38 31 så
149 2140 49 28 att
219 2137 128 30 allmän
368 2135 184 36 förargelse
572 2134 71 30 kan
661 2134 140 29 komma
824 2133 106 30 därav
951 2133 83 29 övar
1053 2131 99 30 otukt
1172 2130 78 30 med
1271 2139 116 21 annan
1408 2139 41 20 av
1467 2137 135 22 samma

95 2189 70 30 kön
181 2189 82 30 eller
279 2189 79 30 med
374 2188 61 29 ord
450 2187 82 30 eller
545 2185 123 31 åtbörd
682 2185 163 35 inbjuder
859 2193 114 21 annan
988 2192 42 21 av
1042 2192 137 21 samma
1193 2181 68 30 kön
1277 2180 49 31 till
1339 2180 98 30 otukt
1451 2179 78 30 med
1541 2179 62 36 sig.

96 2238 15 31 I
130 2238 98 37 fråga
247 2248 55 21 om
323 2238 150 31 sexuella
491 2236 217 31 närmanden
728 2235 150 36 föreslog
896 2234 105 30 redan
1021 2234 64 30 den
1106 2242 25 21 s.
1152 2233 32 29 k.
1204 2230 399 38 reglementeringskom-

97 2290 121 30 mittén
235 2290 9 29 i
262 2289 56 31 sitt
334 2288 37 31 år
393 2289 82 29 1910
491 2287 145 36 avgivna
653 2286 221 30 betänkande
888 2294 43 20 en
947 2283 344 32 straffbestämmelse
1310 2281 55 30 för
1380 2281 64 30 den
1461 2289 75 21 som
1550 2288 55 27 ge-

98 2350 83 21 nom
198 2340 72 36 ord,
289 2340 120 29 tecken
426 2339 82 29 eller
522 2346 118 22 annan
659 2337 155 35 gärning,
833 2334 45 37 på
895 2336 66 29 sätt
976 2343 76 21 som
1071 2342 79 21 vore
1166 2334 103 34 ägnat
1285 2334 48 29 att
1349 2331 108 30 väcka
1474 2330 132 31 allmän

101 2391 196 35 förargelse,
318 2388 238 38 uppfordrade
574 2388 82 30 eller
675 2386 141 37 inbjöde
835 2386 50 29 till
907 2385 107 30 otukt.
1035 2384 175 35 Förslaget
1231 2381 201 31 föranledde
1451 2381 76 30 icke
1546 2379 59 32 nå-

97 2445 59 33 got
174 2440 190 36 stadgande
386 2439 11 30 i
417 2440 124 35 ämnet,
563 2438 52 31 till
635 2446 102 28 synes
758 2435 210 36 väsentligen
988 2444 43 21 av
1051 2434 65 30 den
1137 2433 232 35 anledningen
1388 2435 49 27 att
1456 2432 148 30 bestäm-

134 2507 109 30 Bihang
255 2505 41 26 till
307 2505 166 30 riksdagens
485 2503 146 32 protokoll
643 2503 74 24 1944.
743 2502 15 23 9
771 2501 75 23 saml.
874 2501 14 23 1
903 2500 55 23 avd.
979 2500 39 23 Nr
1030 2501 39 21 12.
1560 2494 15 24 2
