1884 2812
272 152 38 30 16
667 155 123 31 Första
808 156 239 36 lagutskottets
1065 155 176 32 utlåtande
1258 166 43 20 nr
1320 156 49 31 12.

273 239 141 35 belägga
437 240 89 29 även
548 239 65 30 den
638 248 73 21 som
735 241 80 29 med
838 238 224 37 användning
1087 249 41 20 av
1151 239 194 31 berusande
1368 239 111 30 medel
1504 238 132 31 förmår
1659 248 119 22 annan

273 289 50 30 till
348 289 236 30 homosexuell
608 290 98 29 otukt
730 290 91 34 eller,
846 289 87 30 efter
957 292 50 27 att
1033 290 46 30 ha
1103 290 129 30 använt
1257 290 202 30 bedövande
1485 290 111 30 medel
1621 293 72 27 mot
1717 300 60 21 an-

274 348 80 28 nan,
379 340 59 35 gör
464 339 50 36 sig
541 339 134 37 skyldig
700 339 50 31 till
777 340 235 30 homosexuell
1039 340 97 29 otukt
1162 341 80 29 med
1268 341 139 30 honom.
1436 339 199 38 Tillräcklig
1661 341 116 30 anled-

274 390 82 36 ning
382 392 49 28 att
457 389 58 30 vid
544 389 98 31 sidan
667 399 42 21 av
737 390 95 30 förut
858 390 149 36 angivna
1036 390 362 31 straffbestämmelser
1425 393 153 34 upptaga
1607 391 171 31 särskilda

273 440 259 30 bestämmelser
558 441 54 29 för
638 450 47 20 nu
711 439 150 37 angivna
887 441 61 30 fall
974 441 98 30 torde
1098 441 188 32 emellertid
1313 441 74 31 icke
1414 441 175 36 föreligga.
1617 441 160 31 Använd-

273 490 83 37 ning
377 500 41 21 av
439 491 204 30 bedövande
661 491 112 30 medel
795 492 98 30 torde
913 492 120 29 kunna
1058 491 180 30 föranleda
1263 491 103 31 straff
1386 491 105 37 enligt
1516 492 39 30 15
1578 492 78 36 kap.
1682 493 41 29 22
1748 492 29 37 8.

317 566 74 31 Vad
411 565 154 31 härefter
587 565 105 37 angår
722 560 397 38 strafflatituden
1151 567 54 30 för
1228 568 42 29 de
1292 568 257 30 homosexuella
1572 568 207 36 handlingar

272 626 77 22 som
366 617 104 36 enligt
490 618 67 30 vad
577 617 57 37 jag
652 627 47 20 nu
717 618 118 30 anfört
852 618 84 30 böra
953 618 160 36 beläggas
1130 618 80 30 med
1227 618 105 31 straff
1351 618 98 31 torde
1469 618 57 30 för
1542 619 237 30 homosexuell

273 668 100 30 otukt
395 669 79 30 med
500 668 67 30 den
593 677 73 21 som
690 668 31 36 ej
743 668 81 36 fyllt
850 669 38 29 15
914 667 39 31 år
976 669 86 30 böra
1085 670 11 29 i
1119 669 84 30 nära
1229 669 198 36 anslutning
1453 668 51 30 till
1528 669 250 37 beredningens

270 712 133 43 förslag
428 719 138 36 stadgas
592 719 221 31 straffarbete
839 720 10 30 i
878 719 100 36 högst
1008 720 78 36 fyra
1112 719 38 31 år
1175 720 83 29 eller
1282 720 161 36 fängelse.
1474 719 303 31 Straffmaximum

274 770 158 30 kommer
434 765 22 47 i
482 769 41 31 så
546 770 62 30 fall
629 773 50 28 att
700 770 246 30 sammanfalla
967 770 81 30 med
1070 770 192 31 maximum
1284 771 11 29 i
1318 771 39 30 18
1379 771 78 36 kap.
1481 771 20 30 8
1525 771 18 37 8
1565 780 74 21 som
1660 771 118 30 straff-

275 819 156 36 belägger
453 820 248 29 heterosexuell
724 820 100 29 otukt
847 820 79 29 med
949 820 67 29 den
1040 829 74 20 som
1135 820 29 38 ej
1189 820 78 36 fyllt
1291 821 39 29 15
1351 819 47 32 år.
1423 821 13 29 I
1458 820 100 37 fråga
1580 830 56 20 om
1657 822 119 29 homo-

274 871 129 30 sexuell
428 871 100 31 otukt
553 871 79 30 med
655 871 67 30 den
746 880 75 22 som
846 871 78 37 fyllt
950 872 39 30 15
1015 881 79 21 men
1120 871 30 39 ej
1181 873 39 29 18
1245 871 40 31 år
1307 872 96 31 torde
1427 881 84 21 vara
1538 872 167 36 tillfyllest
1728 874 51 28 att

274 922 120 36 stadga
416 922 225 30 straffarbete
663 923 11 29 i
697 922 101 36 högst
822 921 57 31 två
903 921 37 32 år
964 923 85 30 eller
1072 923 160 35 fängelse.
1260 923 66 35 Att,
1351 922 116 30 såsom
1490 923 182 29 hovrätten
1698 923 81 30 över

274 971 114 32 Skåne
407 973 68 30 och
496 973 164 36 Blekinge
681 972 189 37 ifrågasatt,
895 973 117 31 införa
1034 973 179 36 möjlighet
1234 973 52 31 till
1308 973 294 36 straffskärpning
1627 974 57 30 vid
1708 973 70 30 för-

273 1023 170 31 svårande
468 1023 294 37 omständigheter
786 1033 100 28 synes
914 1025 174 35 knappast
1113 1024 227 36 erforderligt.
1366 1024 227 30 Beträffande
1620 1024 160 36 slutligen

274 1074 235 31 homosexuell
529 1075 99 30 otukt
644 1076 79 29 med
740 1075 66 30 den
821 1084 75 21 som
914 1075 79 36 fyllt
1013 1076 38 29 18
1069 1074 38 31 år
1122 1076 97 29 torde
1232 1075 138 30 straffet
1386 1075 55 30 för
1457 1075 43 30 de
1515 1075 71 36 fall,
1606 1073 45 32 då
1668 1074 111 30 sådan

273 1126 100 29 otukt
395 1125 105 37 enligt
524 1126 68 30 vad
615 1125 94 30 förut
734 1128 92 34 sagts
851 1126 88 30 skall
961 1135 83 21 vara
1069 1125 286 37 kriminaliserad,
1382 1126 85 30 böra
1492 1126 210 30 bestämmas
1727 1125 51 33 till

273 1176 11 30 i
305 1176 108 31 första
432 1176 98 31 hand
547 1176 154 36 fängelse
722 1177 66 30 och
809 1178 11 29 i
839 1177 110 30 andra
967 1177 96 31 hand
1082 1176 221 31 straffarbete
1321 1177 11 29 i
1351 1177 99 36 högst
1469 1175 58 32 två
1546 1175 47 31 år.

318 1250 120 32 Såsom
462 1252 96 31 förut
580 1252 137 30 nämnts
741 1253 88 29 skall
852 1252 105 36 enligt
979 1252 250 36 beredningens
1252 1253 129 35 förslag
1405 1252 104 31 straff
1532 1252 136 30 inträda
1692 1253 86 29 även

274 1302 55 31 för
355 1303 65 30 den
446 1312 76 21 som
552 1303 136 29 »söker»
718 1302 117 31 förmå
860 1312 116 21 annan
1003 1312 43 21 av
1072 1312 133 21 samma
1231 1304 71 29 kön
1328 1303 51 30 till
1404 1303 100 30 otukt
1529 1305 78 30 med
1634 1302 58 37 sig,
1721 1311 57 21 om

273 1353 68 30 den
367 1353 107 30 andre
499 1354 40 29 är
564 1354 109 29 under
703 1354 38 29 18
769 1352 38 31 år
834 1354 80 30 eller
941 1363 58 20 om
1026 1354 70 29 han
1122 1353 166 37 utnyttjat
1316 1354 65 29 den
1408 1354 125 29 andres
1561 1353 218 30 oerfarenhet

274 1402 80 30 eller
378 1403 171 30 beroende
573 1402 161 37 ställning
757 1403 66 30 och
846 1404 110 29 denne
980 1405 38 28 är
1041 1404 109 29 under
1174 1404 39 29 21
1238 1403 49 31 år.
1312 1404 236 36 Beredningen
1573 1403 103 37 avsåg
1700 1405 78 29 här-

273 1453 79 30 med
375 1456 47 28 att
445 1453 247 36 straffbelägga
715 1455 88 29 även
836 1453 173 31 försök
1042 1453 49 31 till
1116 1454 190 30 förförelse.
1332 1454 94 30 Efter
1450 1455 56 29 det
1529 1454 250 37 beredningens

274 1504 129 36 förslag
427 1504 180 36 framlagts
632 1505 45 29 ha
702 1513 123 28 genom
853 1504 81 30 1942
960 1503 56 32 års
1042 1504 213 37 lagstiftning
1280 1505 122 30 införts
1429 1515 68 29 nya
1522 1506 176 30 allmänna
1722 1506 56 30 be-

275 1555 213 29 stämmelser
518 1564 58 20 om
604 1554 332 36 förutsättningarna
967 1556 55 29 för
1050 1558 48 27 att
1127 1555 125 30 straffa
1282 1555 128 35 försök,
1442 1555 94 31 vilka
1565 1556 174 36 upptagits
1768 1555 10 30 i

274 1605 19 29 3
316 1604 79 36 kap.
422 1605 38 30 13
485 1605 18 36 8
528 1604 212 36 strafflagen:
766 1604 114 36 Enligt
902 1605 101 30 dessa
1024 1606 259 29 bestämmelser
1305 1607 113 35 gäller,
1443 1609 49 27 att
1516 1605 44 32 då
1583 1605 113 37 någon
1720 1605 58 38 på-

274 1653 114 37 börjat
411 1655 201 30 utförandet
636 1665 42 21 av
703 1655 83 30 visst
811 1656 91 29 brott
925 1658 85 28 utan
1036 1658 49 28 att
1110 1657 90 29 detta
1226 1656 147 30 kommit
1398 1656 50 30 till
1473 1657 210 36 fullbordan,
1708 1657 69 30 han

275 1706 87 29 skall
389 1704 11 30 i
427 1707 41 29 de
497 1706 62 30 fall
588 1706 98 35 lagen
713 1707 144 29 utsätter
885 1706 143 31 straffas
1057 1706 53 30 för
1137 1706 120 30 försök
1286 1706 49 30 till
1363 1707 135 36 brottet,
1529 1706 144 31 såframt
1701 1707 77 30 fara

275 1755 163 36 förelegat
461 1758 51 28 att
535 1755 210 37 handlingen
769 1756 110 30 skulle
901 1757 76 29 leda
1001 1757 51 30 till
1075 1757 141 30 brottets
1242 1757 200 31 fullbordan
1466 1758 81 31 eller
1571 1757 107 31 sådan
1702 1757 78 31 fara

274 1806 122 30 endast
427 1805 45 38 på
504 1806 112 36 grund
648 1816 42 20 av
722 1806 171 36 tillfälliga
925 1807 292 36 omständigheter
1250 1808 88 30 varit
1369 1809 181 29 utesluten.
1584 1808 109 31 Straff
1725 1809 55 30 för

274 1856 119 30 försök
416 1857 89 30 skall
529 1856 41 38 ej,
595 1859 94 27 utom
712 1856 11 30 i
746 1857 62 29 fall
831 1866 119 21 varom
973 1857 139 31 särskilt
1135 1859 38 29 är
1195 1859 144 36 stådgat,
1364 1858 143 30 ådömas
1533 1859 65 29 den
1621 1868 74 21 som
1720 1859 58 30 fri-

274 1905 108 36 villigt
410 1914 124 28 genom
565 1909 49 27 att
644 1907 144 36 avbryta
818 1907 206 37 gärningens
1055 1908 184 30 utförande
1268 1910 82 29 eller
1380 1909 204 30 annorledes
1615 1909 164 31 föranlett

274 1959 50 27 att
347 1957 124 30 brottet
495 1957 31 37 ej
553 1957 217 30 fullbordats.
797 1957 142 31 Straffet
964 1958 55 30 för
1043 1959 118 29 försök
1186 1960 88 29 skall
1299 1959 11 29 i
1334 1960 89 35 regel
1448 1960 106 30 sättas
1578 1961 109 29 under
1712 1960 67 30 vad

274 2005 97 37 eljest
393 2006 20 31 å
437 2007 190 37 gärningen
651 2007 86 38 följa
762 2009 87 29 bort.

318 2058 64 29 Det
400 2058 96 30 torde
515 2058 37 31 få
570 2068 98 21 anses
684 2059 165 30 uteslutet
866 2063 48 26 att
932 2059 11 30 i
961 2058 100 38 fråga
1082 2069 56 21 om
1156 2061 236 29 homosexuell
1410 2062 100 29 otukt
1531 2060 114 31 införa
1664 2060 116 36 någon

273 2108 148 30 särskild
441 2109 169 36 reglering
630 2119 41 20 av
689 2109 144 31 brottets
854 2109 228 31 straffbarhet
1101 2110 44 36 på
1164 2110 272 31 försöksstadiet.
1465 2112 7 29 I
1493 2112 92 29 detta
1606 2120 173 21 samman-

273 2158 93 37 hang
385 2168 100 27 synes
503 2159 121 30 därför
641 2160 120 30 endast
777 2160 86 30 böra
880 2164 169 32 upptagas
1069 2161 188 35 stadgande
1274 2165 49 26 att
1340 2161 119 31 försök
1475 2162 52 29 till
1544 2162 236 30 homosexuell

273 2210 109 35 otukt,
400 2219 74 21 som
492 2210 106 36 enligt
616 2211 66 29 vad
699 2210 95 30 förut
810 2214 90 32 sagts
919 2211 90 30 skall
1026 2220 82 21 vara
1125 2211 287 38 kriminaliserad,
1431 2212 143 30 straffas
1592 2212 103 36 enligt
1711 2212 69 31 vad

274 2269 75 21 som
368 2260 208 31 föreskrives
594 2260 11 30 i
625 2261 19 30 3
663 2262 79 34 kap.
764 2260 211 37 Härigenom
996 2261 119 30 vinnes
1134 2261 106 31 också
1260 2271 43 21 en
1321 2262 166 36 betydligt
1506 2272 95 21 mera
1621 2263 160 30 bestämd

274 2310 232 37 avgränsning
523 2320 43 21 av
582 2311 41 30 de
639 2311 190 30 straffbara
846 2311 395 36 försökshandlingarna
1260 2313 45 29 än
1322 2313 103 35 enligt
1441 2313 251 36 beredningens
1710 2314 69 30 för-

274 2360 82 36 slag.
377 2362 63 29 Det
461 2361 98 30 torde
578 2361 56 30 vid
652 2360 125 31 sådant
794 2360 221 32 förhållande
1033 2362 85 37 icke,
1137 2363 80 29 med
1237 2363 137 35 hänsyn
1392 2363 51 29 till
1462 2363 42 30 de
1526 2363 254 37 invändningar

274 2420 75 21 som
371 2410 10 30 1
401 2414 46 27 ett
469 2421 64 26 par
554 2412 183 36 yttranden
757 2415 85 26 rests
864 2415 73 27 mot
956 2412 250 36 beredningens
1228 2412 130 37 förslag
1378 2412 45 37 på
1443 2423 48 21 nu
1513 2414 267 36 ifrågavarande

274 2461 120 37 punkt,
416 2462 96 29 möta
533 2462 273 36 betänkligheter
829 2465 48 27 att
900 2462 120 36 stadga
1043 2462 102 30 straff
1169 2464 87 29 även
1279 2463 54 30 för
1355 2464 272 32 försöksstadiet.
