2182 2618
379 188 118 36 Andra
520 188 203 37 kammarens
740 190 143 43 fjärde
906 189 173 45 tillfälliga
1101 192 141 34 utskotts
1263 190 171 36 utlåtande
1457 194 53 32 Nr
1534 198 25 28 1.
1711 195 17 31 7

267 278 17 36 I
325 278 47 37 de
412 278 123 38 under
575 281 166 45 bayerska
767 279 346 38 trafikministeriet
1139 280 168 50 lydande
1335 281 144 37 verken
1507 281 164 38 erhåller
1698 282 74 37 den

165 329 191 48 personal,
397 342 83 24 som
520 330 84 37 icke
647 335 41 32 är
715 336 197 44 upptagen
942 334 21 34 å
990 331 192 37 ordinarie
1211 337 87 42 stat,
1327 332 84 37 från
1440 335 21 34 3
1489 332 58 36 till
1586 336 9 33 7
1625 333 147 49 dagars

166 385 197 32 semester.
429 380 179 37 Härifrån
650 382 244 48 undantagas
933 381 116 38 likväl
1090 382 60 46 de,
1191 382 103 37 vilka
1335 386 57 33 stå
1419 383 123 36 under
1568 386 120 34 första
1715 389 58 31 ut-

165 428 187 51 bildning,
381 431 71 37 och
479 431 193 49 personal,
701 446 81 23 som
812 432 83 37 icke
923 432 69 37 har
1021 432 70 37 full
1110 432 262 50 tjänstgöring
1389 433 64 37 vid
1473 434 297 49 förvaltningen.

163 480 85 37 Den
275 482 191 47 personal,
495 481 128 38 vilken
651 488 42 31 är
720 483 261 37 underkastad
1008 483 225 37 »Allmänna
1261 483 322 48 bestämmelser»,
1612 485 35 37 d.
1676 499 34 23 v.
1740 499 29 23 8.

165 530 214 49 arbetarna,
420 532 148 37 lämnas
606 539 186 31 semester
819 536 98 34 3—5
941 533 121 49 dagar
1089 533 194 38 beroende
1311 538 48 45 på
1383 535 70 36 hur
1481 534 114 50 länge
1623 536 47 36 de
1697 535 74 37 till-

165 581 87 37 hört
280 582 513 50 arbetarepensionskassan.
846 584 244 37 Förmännen
1119 584 145 38 erhålla
1293 598 46 24 en
1366 585 141 37 veckas
1537 591 197 32 semester.

266 632 72 37 Vid
389 635 255 46 Wärtembergs
679 634 212 49 järnvägar
931 635 125 49 gäller
1096 635 122 50 enligt
1246 649 46 23 en
1323 636 226 50 förordning
1577 650 47 24 av
1648 637 75 36 den
1752 639 20 35 9

164 697 102 23 mars
307 686 109 46 1912,
458 690 54 31 att
540 685 188 47 arbetare,
756 685 103 37 vilka
883 691 64 31 äro
976 685 300 50 stadigvarande
1305 687 229 49 sysselsatta
1561 688 55 36 uti
1643 688 130 36 trafik-

164 734 307 50 förvaltningens
500 735 245 37 omedelbara
772 736 118 49 tjänst
918 735 238 47 (städerskor
1183 737 122 37 under
1325 738 280 49 förutsättning
1620 752 46 23 av
1683 739 92 48 dag-

164 784 55 49 lig
246 784 287 50 tjänstgöring),
561 786 145 37 erhålla
735 787 98 36 efter
859 792 59 31 tre
947 787 185 49 tjänsteår
1153 790 21 34 3
1200 788 121 49 dagar
1336 788 72 37 och
1425 789 99 36 efter
1541 789 58 48 sju
1615 789 161 49 tjänste-

165 838 40 33 år
245 838 23 34 4
304 836 133 49 dagar,
478 837 98 36 efter
612 837 53 37 tio
695 841 40 33 år
763 839 20 35 6
812 838 122 48 dagar
961 838 71 36 och
1062 838 99 37 efter
1187 838 191 49 tjugufem
1408 842 52 44 år,
1489 839 98 38 dock
1614 840 162 49 tidigast

164 886 63 36 vid
256 887 47 36 50
332 890 60 33 års
421 887 116 47 ålder,
569 889 45 35 10
642 888 142 49 dagars
813 889 99 48 årlig
940 894 201 31 semester:

265 936 72 37 Vid
365 940 144 35 Badens
532 938 210 49 järnvägar
769 939 145 36 erhålla
942 939 175 37 arbetare

465 989 87 36 med
607 991 21 33 3
655 989 186 49 tjänsteår
869 990 116 48 högst
1038 993 21 33 3
1088 990 142 49 dagars
1259 995 185 32 semester

504 1052 14 18 >
586 1040 46 36 10
735 1053 13 18 »
920 1053 13 18 »
1037 1042 21 34 5
1163 1054 13 18 »
1342 1054 13 18 »

504 1103 13 18 >
584 1091 48 35 20
736 1104 12 18 »
917 1104 13 18 »
1034 1093 22 34 8
1343 1104 13 18 »

504 1153 13 18 >
584 1143 47 34 925
735 1154 13 18 »
918 1155 13 17 >
1012 1143 46 35 10
1162 1155 13 18 »
1341 1154 13 19 >

504 1203 13 19 >»
583 1193 48 35 30
734 1205 14 18 >
919 1205 12 18 »
1012 1194 45 34 12
1162 1205 13 18 »
1341 1205 13 18 >

504 1254 13 18 >
585 1244 46 34 35
737 1255 13 18 »
921 1255 13 18 >
1013 1244 48 34 24
1165 1255 13 19 >
1344 1255 13 16 »

264 1291 17 36 I
322 1293 134 34 Hessen
494 1291 168 37 tilldelas
702 1293 205 36 arbetarna
942 1291 64 37 vid
1037 1292 468 49 järnvägsverkstäderna
1532 1293 11 36 i
1570 1293 202 47 Dirschau,

163 1341 248 48 Königsberg
451 1342 70 36 och
562 1342 175 37 Dresden
781 1343 98 36 efter
921 1343 75 36 fem
1030 1343 186 47 tjänsteår
1244 1345 21 34 3
1286 1344 120 48 dagar
1433 1343 71 37 och
1532 1344 97 36 efter
1657 1343 52 37 tio
1734 1347 40 33 år

164 1393 20 34 5
223 1391 131 49 dagar,
383 1392 9 35 1
422 1392 159 49 Leipzig
609 1393 165 37 erhållas
802 1393 11 36 i
841 1393 239 37 sietnämnda
1109 1393 66 36 fall
1206 1396 20 34 6
1255 1393 11 36 i
1291 1394 128 36 stället
1446 1395 59 36 för
1533 1396 21 34 5
1583 1394 133 48 dagar.
1755 1395 18 35 I

163 1442 289 37 ammunitions-
492 1443 73 37 och
602 1443 318 49 gevärsfabriken
960 1443 12 37 i
999 1444 174 37 Dresden
1203 1444 38 37 få
1265 1445 203 36 arbetarna
1496 1445 99 36 efter
1623 1445 58 47 sju
1711 1448 60 33 års

161 1492 120 48 tjänst
308 1495 22 34 4
354 1493 122 49 dagar
503 1494 72 36 och
598 1494 100 37 efter
725 1495 52 36 tio
806 1498 60 33 års
887 1497 21 34 5
930 1494 132 49 dagar.
1116 1495 74 37 Vid
1207 1495 567 49 statsverkstäderna
1597 1488 15 60 i
1638 1488 139 60 Danzig

162 1542 143 37 erhålla
334 1544 203 36 arbetarna
565 1545 98 36 efter
691 1545 58 49 sju
779 1549 41 33 år
846 1548 23 33 4
898 1545 121 49 dagar
1043 1545 71 37 och
1138 1546 99 36 efter
1263 1545 52 37 tio
1339 1549 40 33 år
1408 1548 20 34 6
1457 1546 132 49 dagar.
1631 1546 142 37 Vidare

161 1592 166 38 tilldelas
357 1600 185 31 semester
570 1598 37 34 åt
635 1596 203 36 arbetarna
865 1595 64 37 vid
957 1596 47 36 de
1019 1596 158 49 statliga
1193 1596 241 49 bergverken
1454 1594 197 52 (Amberg,
1666 1597 103 36 Frei-

162 1642 111 50 berg)
302 1644 71 37 och
401 1645 47 36 de
477 1645 165 38 militära
668 1646 278 37 verkstäderna
973 1646 11 36 i
1010 1645 181 50 Spandau
1222 1660 47 23 m.
1298 1647 24 36 fl

263 1695 17 35 I
322 1697 151 35 Sachsen
513 1696 49 36 ha
603 1696 137 37 endast
775 1696 176 37 arbetare
979 1697 122 35 under
1130 1696 397 49 civildepartementet
1558 1699 45 34 14
1631 1697 141 48 dagars

163 1751 186 30 semester
388 1750 99 32 samt
527 1746 224 37 städerskor
788 1747 71 36 och
892 1746 223 48 hustjänare
1144 1749 21 33 3
1195 1747 122 48 dagar
1344 1747 100 37 efter
1472 1753 55 31 ett
1555 1750 61 34 års
1639 1747 132 48 tjänst.

161 1794 373 50 Järnvägsarbetare
573 1797 87 36 med
702 1797 77 37 fem
820 1800 60 33 års
908 1796 200 49 tjänstetid
1137 1797 146 37 erhålla
1311 1799 21 34 3
1361 1797 121 49 dagar
1510 1797 71 37 och
1609 1798 47 36 de
1686 1798 85 36 med

161 1845 53 35 tio
243 1848 60 34 års
331 1846 199 48 tjänstetid
560 1847 144 37 erhålla
733 1849 21 34 5
782 1847 142 49 dagars
952 1852 199 32 semester.

263 1895 135 38 Denna
421 1897 259 49 redogörelse,
711 1898 291 37 sammanställd
1032 1898 87 37 med
1147 1898 74 37 vad
1251 1912 80 23 som
1362 1898 146 37 anförts
1522 1898 164 37 rörande
1703 1901 67 34 vår

162 1959 99 35 egen
299 1947 347 50 statsförvaltning,
687 1949 109 36 torde
824 1962 92 23 vara
945 1949 127 48 ägnad
1101 1954 55 31 att
1183 1949 176 37 verifiera
1387 1949 65 36 det
1479 1949 164 49 tidigare
1671 1955 99 31 utta-

161 1995 86 37 lade
276 1997 203 37 omdömet.

262 2046 74 37 Det
363 2052 41 31 är
432 2047 215 37 emellertid
675 2048 135 48 gifvet,
839 2053 56 31 att
922 2048 75 36 den
1026 2049 167 35 svenska
1221 2053 126 32 staten
1375 2048 84 37 icke
1487 2048 75 37 kan
1579 2049 94 36 eller
1700 2049 69 37 bör

161 2096 254 49 undandraga
452 2097 61 48 sig
554 2103 55 31 att
650 2103 173 43 upptaga
865 2098 106 36 detta
1012 2103 110 31 ämne
1163 2098 57 36 till
1248 2098 190 48 ingående
1466 2098 302 50 undersökning.

161 2146 131 36 Redan
317 2160 50 22 nu
397 2148 192 47 föreligga
617 2148 331 48 framställningar
976 2161 61 23 om
1067 2148 219 36 beredande
1311 2161 46 24 av
1373 2154 185 31 semester
1570 2148 57 36 till
1644 2162 127 23 exem-

161 2196 63 49 pel
254 2197 81 36 från
364 2197 275 49 tygarbetarna
667 2198 64 36 vid
761 2197 243 38 Stockholms
1032 2198 214 48 tygstation
1276 2197 162 49 (januari
1470 2198 109 46 1912)
1608 2199 71 36 och
1708 2199 62 36 vid

162 2248 47 35 de
250 2246 341 50 överläggningar,
633 2248 103 37 vilka
777 2249 173 48 försiggå
974 2248 63 37 vid
1066 2248 250 48 driftverken,
1345 2249 69 36 har
1442 2249 328 49 semesterfrågan
