1880 2818
512 169 314 31 Bankoutskottets
847 168 180 31 utlåtande
1046 178 42 20 nr
1107 168 52 30 43.
1576 166 19 30 5

264 254 165 31 Gällande
448 254 142 39 lydelse.
1087 252 210 40 Föreslagen
1318 250 139 42 lydelse.

792 312 41 30 26
854 312 28 37 8.

129 374 13 29 I
160 373 101 40 fråga
278 383 56 20 om
352 373 41 30 de
410 373 12 30 i
438 372 20 30 4
478 372 28 37 $,
525 372 19 30 6
565 372 15 37 8
600 372 110 30 första
729 373 90 37 styc-
903 371 14 29 I
935 371 101 39 fråga
1053 380 56 20 om
1126 371 42 29 de
1186 370 11 30 i
1214 369 21 30 4
1254 369 28 38 8,
1300 369 19 30 6
1339 369 15 38 8
1373 370 114 30 första
1505 372 89 37 styc-

85 425 58 30 ket
168 424 66 30 och
260 424 16 30 7
305 423 16 38 8
346 423 204 31 meddelade
575 423 127 30 förbud
728 420 90 32 skall
859 422 58 30 ket
943 422 66 30 och
1035 421 16 30 7
1079 421 16 37 8
1121 420 204 31 meddelade
1349 421 129 30 förbud
1504 418 89 32 skall

85 476 65 30 vad
173 475 11 30 i
206 475 252 40 förordningen
482 474 67 30 den
573 474 20 29 3
614 482 95 21 mars
733 473 85 29 1916
858 473 66 30 vad
929 467 17 52 i
967 472 160 40 gällande
1143 472 254 40 författningar
1413 481 56 20 om
1487 471 107 40 straff

86 535 55 21 om
180 526 108 40 straff
324 525 57 40 för
417 524 127 40 olovlig
584 523 236 41 varuutförsel
858 524 56 39 för
938 523 127 40 olovlig
1088 522 238 41 varuutförsel
1348 521 83 31 eller
1455 523 141 29 varuin-

85 586 46 20 m.
151 586 46 20 m.
219 576 64 30 och
306 576 97 40 lagen
425 576 67 30 den
514 576 20 29 8
554 575 80 40 juni
655 575 85 29 1923
761 583 56 21 om
858 574 110 40 försel
984 575 40 29 är
1041 574 138 40 stadgat
1196 573 179 40 angående
1394 572 118 41 beslag
1529 572 65 31 och

86 627 106 40 straff
213 627 59 41 för
294 626 124 40 olovlig
443 626 234 40 varuinförsel
699 626 41 30 är
761 634 57 21 om
859 624 119 41 tillsyn
1000 626 63 38 äga
1083 624 247 30 motsvarande
1349 623 242 40 tillämpning;

89 678 115 39 beslag
233 678 64 29 och
328 677 117 39 tillsyn
474 677 139 39 stadgat
641 677 63 39 äga
732 677 90 29 mot-
861 676 89 29 dock
976 677 50 28 att
1052 675 265 39 undersökning
1341 675 19 29 å
1384 683 129 31 person
1537 673 58 30 må

90 728 170 31 svarande
289 727 239 41 tillämpning;
560 727 89 30 dock
678 727 50 29 att
758 734 65 21 un-
861 727 20 29 å
898 728 54 28 ort
971 726 66 30 och
1054 726 12 29 i
1083 726 67 29 den
1168 725 160 39 ordning,
1348 734 74 21 som
1441 725 12 29 i
1470 725 126 30 nämn-

89 779 214 39 dersökning
326 778 20 31 å
368 787 128 31 person
520 778 59 30 må
602 778 19 30 å
643 780 54 28 ort
721 777 65 30 och
810 776 11 30 i
861 777 43 30 da
940 776 254 41 författningar
1232 776 149 39 stadgas,
1417 776 178 38 företagas

89 830 66 30 den
175 828 161 41 ordning,
359 838 73 21 som
454 829 11 29 i
486 828 108 40 sagda
614 828 208 40 förordning
862 827 157 30 närhelst
1045 827 189 39 anledning
1258 826 117 31 därtill
1398 825 197 40 föreligger.

90 880 63 31 och
185 879 57 40 lag
274 880 149 39 stadgas,
456 880 177 39 företagas
665 878 157 31 närhelst

90 931 190 38 anledning
304 930 117 30 därtill
446 930 196 40 föreligger.

132 981 71 30 Där
224 981 57 30 det
301 998 44 4 —
361 998 45 4 —
422 998 45 4 —
486 981 219 40 postverkets
724 979 97 30 vård.
873 972 14 53 —
905 979 72 30 Där
998 979 57 30 det
1074 996 44 4 —
1134 996 45 4 —
1196 995 46 4 —
1260 978 218 41 postverkets
1498 976 96 31 vård.

133 1090 123 30 Denna
278 1090 207 39 förordning
506 1090 118 30 träder
645 1090 11 30 i
677 1090 98 30 kraft
798 1090 109 39 dagen
930 1089 90 30 efter
1042 1088 77 35 den,
1142 1088 46 30 då
1210 1087 252 40 förordningen
1486 1086 106 41 enligt

90 1141 84 30 därå
193 1141 183 30 meddelad
394 1140 140 41 uppgift
553 1140 190 30 utkommit
762 1140 81 30 från
861 1140 136 39 trycket
1017 1139 11 30 i
1049 1139 132 30 Svensk
1200 1137 393 40 författningssamling.

137 1300 13 29 I
169 1299 170 31 samband
357 1301 77 29 med
452 1300 230 30 förevarande
698 1300 219 40 proposition
934 1300 65 29 har
1018 1300 169 29 utskottet
1204 1299 54 29 till
1276 1298 213 39 behandling
1505 1298 90 30 före-

93 1350 76 30 haft
192 1350 58 30 två
272 1349 224 40 likalydande
519 1350 182 37 motioner,
724 1350 124 31 väckta
873 1350 66 29 den
962 1359 65 21 ena
1051 1350 93 29 inom
1170 1349 112 30 första
1303 1349 207 30 kammaren
1532 1357 64 21 un-

95 1400 59 31 der
180 1409 42 21 nr
247 1400 64 30 310
341 1410 41 20 av
406 1400 82 30 herr
513 1400 273 31 Mannerskantz
813 1401 63 29 och
901 1400 67 29 den
995 1400 110 30 andra
1129 1400 97 29 inom
1252 1399 108 30 andra
1386 1400 209 29 kammaren

95 1451 110 29 under
227 1460 43 20 nr
293 1449 61 30 397
378 1460 41 21 av
442 1450 82 30 herr
545 1449 163 30 Edström
732 1450 110 39 jämte
865 1451 51 29 tre
939 1460 43 20 av
1004 1450 226 29 kammarens
1253 1449 117 39 övriga
1393 1449 202 30 ledamöter.

95 1502 13 28 I
128 1502 101 29 dessa
250 1501 172 29 motioner
440 1500 213 34 hemställes,
675 1502 50 28 att
743 1500 189 39 riksdagen
953 1499 109 30 måtte
1083 1499 95 31 avslå
1198 1499 273 40 propositionen.

138 1600 227 30 Beträffande
389 1600 253 39 motiveringen
667 1600 55 30 för
747 1600 245 30 ovannämnda
1018 1599 130 40 förslag
1176 1599 55 30 får
1255 1600 169 30 utskottet
1449 1599 147 30 hänvisa

96 1652 51 29 till
166 1651 263 40 propositionen
449 1650 66 30 och
533 1650 178 30 motionen
732 1650 28 29 1:
778 1649 73 30 310.

626 1775 221 34 Utskottets
871 1775 196 43 yttrande.

140 1871 70 30 Mot
233 1871 165 39 förslaget
419 1873 50 28 att
491 1871 221 39 valutalagen
735 1872 9 29 i
768 1871 54 29 sin
842 1871 203 30 nuvarande
1071 1871 129 38 lydelse
1224 1870 111 30 skulle
1357 1869 132 30 erhålla
1512 1870 85 29 fort-

99 1923 67 28 satt
190 1920 157 40 giltighet
370 1921 111 28 under
504 1920 97 29 tiden
623 1920 66 29 den
714 1920 15 28 1
755 1919 67 39 juli
847 1919 196 29 1949—den
1067 1919 40 29 30
1130 1919 79 39 juni
1235 1918 83 30 1950
1341 1918 64 30 har
1428 1917 172 31 utskottet

98 1972 86 29 intet
202 1973 51 28 att
271 1970 125 30 erinra.
415 1970 178 30 Utskottet
611 1970 54 29 får
683 1970 122 29 därför
823 1969 176 39 tillstyrka
1019 1969 97 29 bifall
1135 1969 53 29 till
1207 1969 263 39 propositionen
1490 1969 11 29 i
1520 1969 82 29 den-

98 2031 45 21 na
163 2021 66 30 del.

142 2073 75 29 Vad
236 2073 154 29 härefter
411 2072 108 39 angår
542 2073 40 29 de
603 2073 198 38 föreslagna
823 2072 236 39 ändringarna
1079 2072 11 29 i
1110 2071 383 38 valutaförordningen,
1513 2070 86 30 böra

99 2123 101 29 dessa
220 2132 54 21 ses
294 2125 72 27 mot
385 2123 231 38 bakgrunden
637 2132 41 20 av
697 2125 60 32 att,
779 2123 78 29 med
878 2123 65 28 den
964 2122 180 39 knapphet
1164 2122 10 29 i
1195 2121 305 39 valutatillgångar
1526 2130 73 20 som

100 2182 47 20 nu
172 2173 112 33 råder,
311 2173 99 30 dessa
436 2173 11 29 i
473 2173 112 29 första
609 2173 93 29 hand
728 2172 111 30 måste
865 2181 195 20 reserveras
1085 2172 54 29 för
1167 2171 130 30 sådana
1325 2171 173 34 ändamål,
1527 2180 73 20 som

100 2223 180 38 tillgodose
305 2221 272 31 folkhushållets
600 2222 182 29 intressen.
806 2222 199 29 Tendenser
1029 2221 52 29 till
1106 2220 222 40 spekulation
1351 2224 72 27 mot
1452 2221 149 29 svenska

102 2272 134 30 kronan
260 2273 45 29 ha
329 2273 109 28 under
463 2272 67 29 den
556 2275 134 26 senaste
716 2272 96 29 tiden
836 2271 190 34 framträtt,
1051 2271 92 30 vilka
1168 2271 90 29 varit
1283 2271 131 38 ägnade
1439 2273 50 27 att
1515 2273 87 26 mot-

101 2323 104 29 verka
225 2322 430 38 valutamyndigheternas
677 2322 210 28 strävanden
908 2322 50 29 att
979 2321 162 37 hemtaga
1161 2320 155 38 intjänta
1336 2321 189 29 utländska
1546 2330 57 19 va-

101 2373 101 28 lutor.
230 2370 94 30 även
350 2380 41 20 av
416 2372 111 29 andra
558 2371 74 29 skäl
658 2371 63 29 har
748 2380 42 20 en
817 2371 146 38 översyn
989 2380 43 20 av
1057 2370 384 38 valutalagstiftningen
1469 2372 133 27 ansetts

101 2422 175 40 påkallad,
299 2421 64 29 och
384 2421 9 29 i
415 2421 262 39 propositionen
699 2421 65 28 har
787 2419 196 39 föreslagits
1005 2420 70 29 viss
1099 2420 193 38 skärpning
1313 2429 41 20 av
1375 2420 41 29 de
1438 2420 10 29 i
1470 2419 133 30 valuta-

102 2472 250 37 förordningen
378 2471 165 38 stadgade
568 2470 343 39 inskränkningarna
937 2470 9 29 i
972 2469 159 30 enskilda
1155 2478 185 31 personers
1365 2470 68 29 rätt
1459 2471 50 28 att
1535 2470 68 29 för-
