1890 2786
462 166 117 29 Andra
598 162 246 41 lagutskottets
865 158 178 31 utlåtande
1063 167 42 21 nr
1122 157 42 29 44
1181 156 40 30 år
1240 155 84 30 1966
1593 150 39 29 87

151 251 109 29 under
285 248 132 31 sådana
441 246 129 30 former
594 246 50 29 att
667 253 42 20 en
732 241 157 37 objektiv
912 240 64 30 och
1000 238 80 30 från
1106 232 454 38 rättssäkerhetssynpunkt
1582 231 55 28 be-

149 302 191 38 tryggande
360 299 186 37 utredning
566 298 132 29 säkras.
720 294 215 30 Kommittén
956 291 148 30 föreslår
1124 299 41 21 en
1185 287 190 38 uttrycklig
1394 284 244 32 bestämmelse

150 366 55 20 om
221 357 70 28 rätt
306 355 55 29 för
376 353 177 38 patienten
569 353 50 28 att
632 351 11 29 i
658 349 128 30 ärende
800 348 64 29 hos
879 345 177 31 nämnden
1072 344 108 30 anlita
1195 342 135 30 biträde
1345 341 82 29 eller
1442 338 195 30 företrädas

151 419 41 20 av
215 408 141 31 ombud.
381 407 92 29 Krav
496 405 43 37 på
564 403 173 31 särskilda
761 400 286 31 kvalifikationer
1070 398 64 29 hos
1158 396 134 30 biträde
1316 395 83 29 eller
1422 392 127 31 ombud
1574 391 64 29 har

151 463 70 30 inte
237 464 133 28 ansetts
384 460 85 30 böra
483 457 204 39 uppställas.
703 456 141 29 Biträde
859 454 82 30 eller
956 452 141 34 ombud,
1113 460 74 21 som
1202 449 94 30 visar
1311 446 230 37 oskicklighet
1557 446 81 28 eller

149 514 183 31 oförstånd
353 514 83 29 eller
457 521 75 21 som
552 511 101 39 eljest
673 509 141 30 befinns
835 506 175 40 olämplig,
1033 505 62 29 bör
1115 504 90 29 dock
1225 503 122 29 kunna
1368 500 146 31 avvisas.
1536 499 104 29 Kom-

153 569 123 30 mittén
301 567 149 30 föreslår
474 566 126 32 vidare,
627 566 50 28 att
701 562 179 36 offentligt
905 560 134 30 biträde
1066 558 88 30 skall
1180 557 121 29 kunna
1327 554 185 30 förordnas
1538 553 35 29 åt
1597 561 41 20 en

152 622 143 37 patient,
320 630 57 20 om
401 620 56 29 det
480 619 128 29 behövs
632 618 54 28 för
711 618 50 27 att
784 615 177 30 tillvarata
983 613 90 30 hans
1096 612 80 29 rätt.
1201 609 179 31 Särskilda
1403 606 235 37 behörighets-

153 676 110 36 regler
276 675 55 29 för
346 674 125 29 sådant
483 671 134 31 biträde
631 671 63 29 har
708 671 72 28 inte
794 669 132 29 ansetts
940 665 238 38 erforderliga.

197 731 217 31 Kommittén
440 730 170 33 förordar,
636 730 51 28 att
712 728 67 29 den
805 725 200 31 informella
1030 720 431 40 handläggningsordning
1488 727 73 22 som
1589 719 51 27 ut-

152 786 136 30 vecklat
310 785 50 36 sig
380 784 57 29 vid
458 784 40 29 de
518 782 115 30 lokala
654 781 218 30 nämnderna
894 780 9 29 i
925 779 62 30 allt
1006 776 186 37 väsentligt
1212 774 170 30 bibehålls
1403 773 64 30 och
1488 774 50 27 att
1559 780 81 20 man

153 839 43 37 på
216 839 62 30 allt
298 839 70 29 sätt
387 836 170 30 undviker
577 837 50 28 att
647 834 221 30 förfarandet
887 832 55 30 får
961 841 43 21 en
1023 827 369 40 rättegångsliknande
1412 826 127 37 prägel.
1560 825 81 28 För-

153 892 214 36 handlingen
383 891 62 29 bör
461 891 9 29 i
486 889 135 39 princip
636 897 83 21 vara
736 887 159 36 muntlig.
911 887 66 29 Det
992 885 62 29 bör
1070 884 89 30 dock
1173 892 83 20 vara
1273 881 138 37 möjligt
1426 882 50 27 att
1491 879 150 35 åberopa

154 945 170 37 skriftligt
341 944 159 30 material
518 944 84 28 utan
620 944 50 28 att
687 942 95 29 detta
800 939 241 36 ovillkorligen
1060 938 149 29 behöver
1226 936 158 29 föredras
1401 934 56 28 vid
1476 932 166 30 förhand-

155 999 125 39 lingen.
297 998 85 29 Häri
398 998 106 36 ligger
520 1005 41 21 en
577 995 70 30 viss
663 995 76 29 fara
757 994 54 29 för
828 994 66 29 den
910 991 175 31 enskildes
1102 989 254 31 rättssäkerhet
1372 997 78 20 men
1467 987 57 29 det
1540 994 101 28 synes

155 1052 106 37 enligt
284 1050 210 31 kommittén
517 1059 82 20 vara
623 1059 41 20 en
689 1046 204 37 oundviklig
918 1045 220 30 konsekvens
1162 1053 41 20 av
1228 1041 284 36 sekretesslagen,
1536 1038 106 37 enligt

152 1104 116 30 vilken
287 1113 82 20 man
387 1104 70 29 kan
475 1104 104 38 vägra
597 1103 50 28 att
664 1101 119 30 lämna
802 1102 38 27 ut
858 1099 210 38 handlingar
1088 1106 74 21 som
1181 1105 98 21 avser
1298 1095 132 39 någons
1448 1092 193 40 intagning,

153 1158 84 29 vård
253 1157 83 30 eller
351 1156 212 39 behandling
579 1155 43 39 på
638 1154 131 31 anstalt
785 1153 83 30 eller
884 1152 196 39 inrättning
1094 1150 83 30 eller
1193 1150 102 39 eljest
1311 1148 132 39 någons
1459 1146 85 30 vård
1561 1145 82 30 eller

151 1211 214 39 behandling
382 1220 42 20 av
441 1209 129 34 läkare,
588 1217 57 21 om
663 1208 57 30 det
738 1207 96 29 finns
853 1205 189 39 anledning
1060 1206 127 37 antaga
1204 1205 50 28 att
1274 1201 198 31 ändamålet
1489 1199 80 31 med
1586 1199 56 29 be-

152 1265 214 39 handlingen
388 1264 82 29 eller
490 1262 130 30 vården
641 1262 159 29 kommer
822 1262 50 28 att
894 1258 198 31 motverkas
1115 1257 83 30 eller
1219 1256 132 39 någons
1373 1253 196 41 personliga
1592 1252 52 29 sä-

153 1318 122 30 kerhet
295 1318 109 29 sättas
423 1318 11 28 i
454 1317 75 29 fara
549 1324 123 31 genom
692 1316 51 28 att
761 1313 259 39 handlingarna
1039 1311 188 29 utlämnas.
1248 1308 279 40 Olägenheterna
1545 1305 98 30 torde

154 1372 10 29 i
188 1371 188 30 huvudsak
400 1371 121 29 kunna
545 1369 211 32 elimineras,
782 1376 58 20 om
863 1366 180 40 patienten
1068 1365 65 29 har
1156 1362 135 31 biträde
1316 1362 83 29 eller
1424 1359 131 31 ombud
1580 1358 64 30 och

153 1424 112 30 denne
283 1424 56 30 får
355 1426 35 27 ta
408 1423 54 30 del
479 1432 42 20 av
537 1421 269 39 handlingarna.

199 1477 283 39 Förhandlingen
505 1475 57 30 vid
586 1475 92 32 lokal
704 1473 133 31 nämnd
861 1473 71 33 bör,
958 1471 79 30 med
1060 1471 138 38 hänsyn
1223 1469 51 29 till
1300 1470 50 28 att
1375 1467 62 30 där
1461 1461 184 49 regelmäs-

155 1532 66 39 sigt
246 1530 192 30 behandlas
465 1529 190 40 grannlaga
679 1527 200 40 personliga
904 1524 256 33 förhållanden,
1188 1522 106 39 enligt
1321 1520 228 30 kommitténs
1576 1527 70 20 me-

155 1585 84 39 ning
263 1585 72 29 inte
361 1593 82 20 vara
468 1582 171 39 offentlig.
664 1581 122 39 Någon
813 1578 191 40 uttrycklig
1028 1576 244 31 bestämmelse
1298 1575 121 29 därom
1446 1582 102 21 anses
1573 1572 72 29 inte

157 1637 215 39 erforderlig.
398 1637 65 29 Det
489 1636 62 29 bör
576 1635 88 30 dock
690 1634 72 30 inte
789 1633 168 39 föreligga
982 1631 105 39 något
1112 1629 127 30 hinder
1264 1630 51 28 att
1340 1628 70 29 viss
1437 1634 127 32 person
1591 1625 54 29 får

155 1692 69 29 rätt
247 1693 51 29 att
321 1691 149 29 närvara
493 1689 56 30 vid
575 1687 280 39 förhandlingen,
880 1695 58 21 om
962 1685 57 29 det
1042 1684 96 30 finns
1164 1681 173 31 särskilda
1362 1681 75 30 skäl
1463 1680 54 29 för
1541 1679 104 29 detta.

156 1744 215 30 Kommittén
397 1743 147 30 föreslår
568 1742 117 30 vidare
711 1743 50 28 att
787 1740 67 29 den
879 1738 203 30 nuvarande
1108 1736 227 40 möjligheten
1361 1736 51 28 att
1437 1732 210 31 föranstalta

156 1807 57 21 om
230 1797 252 31 vittnesförhör
499 1796 57 30 vid
575 1794 150 30 domstol
745 1794 126 29 ersätts
891 1792 78 30 med
989 1800 42 20 en
1050 1789 243 31 bestämmelse
1312 1797 58 20 om
1388 1789 50 28 att
1457 1786 122 30 förhör
1595 1785 51 29 in-

157 1852 54 28 för
229 1850 178 30 nämnden
425 1850 88 29 skall
531 1849 121 29 kunna
669 1847 177 30 anordnas
865 1845 79 30 med
961 1853 175 31 personer,
1156 1852 75 20 som
1248 1842 70 29 kan
1337 1842 99 29 antas
1454 1840 45 29 ha
1516 1839 132 29 känne-

157 1905 81 29 dom
254 1913 58 20 om
328 1902 297 39 omständigheter
643 1910 42 20 av
700 1899 176 40 betydelse
895 1899 55 29 för
967 1897 197 30 nämndens
1181 1895 182 40 prövning.
1380 1894 74 28 Den
1473 1901 75 21 som
1565 1891 82 29 hörs

157 1958 94 29 inför
272 1956 179 30 nämnden
472 1954 146 31 föreslås
640 1954 35 29 få
698 1953 69 29 rätt
789 1952 52 30 till
864 1951 195 38 ersättning
1080 1959 43 20 av
1143 1948 179 31 allmänna
1345 1946 110 30 medel
1477 1945 107 39 enligt
1606 1944 41 30 de

158 2011 152 39 grunder
328 2019 75 20 som
419 2009 106 39 gäller
542 2008 54 29 för
612 2006 194 39 ersättning
822 2006 52 29 till
892 2005 144 29 vittnen.
1054 2003 120 39 Någon
1191 2000 196 39 ovillkorlig
1403 1999 70 29 rätt
1490 1998 54 30 för
1561 1997 88 40 pati-

158 2066 102 28 enten
279 2064 83 29 eller
380 2071 118 22 annan
516 2063 50 28 att
584 2060 168 40 påfordra
771 2059 120 30 förhör
910 2058 62 29 bör
991 2057 106 39 enligt
1116 2054 210 31 kommittén
1345 2054 71 29 inte
1435 2052 129 29 finnas.
1583 2051 66 29 Det

158 2117 62 29 bör
236 2117 190 30 ankomma
442 2115 44 39 på
503 2114 177 30 nämnden
697 2115 51 28 att
765 2113 11 28 i
793 2112 97 39 varje
908 2110 143 30 särskilt
1068 2109 61 30 fall
1147 2109 107 39 pröva
1271 2116 57 20 om
1346 2105 209 39 tillräckliga
1573 2103 75 31 skäl

160 2171 95 29 finns
278 2169 130 30 därför.
431 2169 51 28 En
503 2167 149 39 begäran
674 2175 58 20 om
753 2165 121 29 förhör
896 2164 61 29 bör
979 2163 89 29 dock
1089 2163 72 28 inte
1182 2160 114 31 avslås
1318 2161 107 29 annat
1447 2159 44 28 än
1513 2167 58 20 om
1592 2157 58 29 det

160 2224 68 29 kan
248 2224 101 29 antas
369 2224 50 27 att
439 2221 155 29 förhöret
613 2220 160 28 kommer
792 2220 50 28 att
863 2217 110 30 sakna
993 2215 186 39 betydelse.
1198 2213 78 30 Med
1296 2213 137 38 hänsyn
1454 2211 51 30 till
1526 2210 124 29 önske-

160 2276 105 29 målet
285 2284 57 20 om
362 2284 43 20 en
426 2274 37 29 så
484 2273 144 29 formlös
649 2269 432 41 handläggningsordning
1102 2276 76 21 som
1199 2266 137 39 möjligt
1356 2265 64 29 har
1441 2262 208 31 kommittén

161 2328 118 29 funnit
298 2326 237 40 övervägande
556 2325 75 29 skäl
652 2325 71 29 tala
745 2324 55 29 för
819 2325 50 28 att
890 2322 165 29 förhören
1076 2320 90 30 hålls
1188 2321 84 27 utan
1294 2317 142 39 edgång.

208 2381 115 36 Enligt
354 2379 225 30 kommitténs
608 2378 217 29 bedömande
856 2376 66 29 kan
954 2375 56 29 det
1039 2376 84 27 utan
1154 2371 183 37 olägenhet
1367 2370 218 29 överlämnas
1615 2368 34 29 åt

163 2434 176 29 nämnden
359 2435 50 28 att
427 2432 144 33 besluta,
591 2441 55 19 om
666 2431 177 36 patienten
864 2428 87 30 skall
972 2428 44 28 ha
1035 2428 69 27 rätt
1123 2427 50 28 att
1191 2426 149 28 närvara
1359 2423 55 29 vid
1434 2423 120 28 förhör
1573 2421 76 29 med

165 2497 114 19 annan
300 2495 136 28 person.
456 2485 133 36 Frågan
610 2484 61 29 bör
691 2483 164 29 bedömas
876 2482 74 28 med
972 2480 140 35 ledning
1132 2488 40 20 av
1192 2477 292 35 sekretesslagens
1504 2475 147 28 bestäm-
