<?xml version="1.0" encoding="UTF-8"?>
<alto xmlns="http://www.loc.gov/standards/alto/ns-v3#" xmlns:xlink="http://www.w3.org/1999/xlink" xmlns:xsi="http://www.w3.org/2001/XMLSchema-instance" xsi:schemaLocation="http://www.loc.gov/standards/alto/ns-v3# http://www.loc.gov/alto/v3/alto-3-0.xsd">
	<Description>
		<MeasurementUnit>pixel</MeasurementUnit>
		<sourceImageInformation>
			<fileName>/tmp/tess_3poli3fk_input.PNG</fileName>
		</sourceImageInformation>
		<OCRProcessing ID="OCR_0">
			<ocrProcessingStep>
				<processingSoftware>
					<softwareName>tesseract 5.3.0</softwareName>
				</processingSoftware>
			</ocrProcessingStep>
		</OCRProcessing>
	</Description>
	<Layout>
		<Page WIDTH="1876" HEIGHT="2782" PHYSICAL_IMG_NR="0" ID="page_0">
			<PrintSpace HPOS="0" VPOS="0" WIDTH="1876" HEIGHT="2782">
				<ComposedBlock ID="cblock_0" HPOS="442" VPOS="208" WIDTH="1175" HEIGHT="41">
					<TextBlock ID="block_0" HPOS="442" VPOS="208" WIDTH="1175" HEIGHT="41">
						<TextLine ID="line_0" HPOS="442" VPOS="208" WIDTH="1175" HEIGHT="41">
							<String ID="string_0" HPOS="442" VPOS="209" WIDTH="120" HEIGHT="31" WC="0.92" CONTENT="Andra"/><SP WIDTH="18" VPOS="209" HPOS="562"/>
							<String ID="string_1" HPOS="580" VPOS="209" WIDTH="246" HEIGHT="40" WC="0.90" CONTENT="lagutskottets"/><SP WIDTH="20" VPOS="209" HPOS="826"/>
							<String ID="string_2" HPOS="846" VPOS="209" WIDTH="180" HEIGHT="31" WC="0.96" CONTENT="utlåtande"/><SP WIDTH="17" VPOS="209" HPOS="1026"/>
							<String ID="string_3" HPOS="1043" VPOS="218" WIDTH="44" HEIGHT="22" WC="0.96" CONTENT="nr"/><SP WIDTH="17" VPOS="218" HPOS="1087"/>
							<String ID="string_4" HPOS="1104" VPOS="209" WIDTH="42" HEIGHT="30" WC="0.96" CONTENT="44"/><SP WIDTH="17" VPOS="209" HPOS="1146"/>
							<String ID="string_5" HPOS="1163" VPOS="208" WIDTH="40" HEIGHT="31" WC="0.95" CONTENT="år"/><SP WIDTH="19" VPOS="208" HPOS="1203"/>
							<String ID="string_6" HPOS="1222" VPOS="209" WIDTH="85" HEIGHT="30" WC="0.96" CONTENT="1966"/><SP WIDTH="270" VPOS="209" HPOS="1307"/>
							<String ID="string_7" HPOS="1577" VPOS="208" WIDTH="40" HEIGHT="31" WC="0.96" CONTENT="21"/>
						</TextLine>
					</TextBlock>
				</ComposedBlock>
				<ComposedBlock ID="cblock_1" HPOS="403" VPOS="768" WIDTH="940" HEIGHT="97">
					<TextBlock ID="block_1" HPOS="403" VPOS="768" WIDTH="940" HEIGHT="97">
						<TextLine ID="line_1" HPOS="403" VPOS="768" WIDTH="940" HEIGHT="44">
							<String ID="string_8" HPOS="403" VPOS="770" WIDTH="171" HEIGHT="42" WC="0.95" CONTENT="angående"/><SP WIDTH="16" VPOS="770" HPOS="574"/>
							<String ID="string_9" HPOS="590" VPOS="770" WIDTH="139" HEIGHT="41" WC="0.96" CONTENT="ändring"/><SP WIDTH="15" VPOS="770" HPOS="729"/>
							<String ID="string_10" HPOS="744" VPOS="770" WIDTH="11" HEIGHT="30" WC="0.96" CONTENT="i"/><SP WIDTH="16" VPOS="770" HPOS="755"/>
							<String ID="string_11" HPOS="771" VPOS="769" WIDTH="98" HEIGHT="42" WC="0.96" CONTENT="lagen"/><SP WIDTH="16" VPOS="769" HPOS="869"/>
							<String ID="string_12" HPOS="885" VPOS="770" WIDTH="64" HEIGHT="31" WC="0.96" CONTENT="den"/><SP WIDTH="15" VPOS="770" HPOS="949"/>
							<String ID="string_13" HPOS="964" VPOS="769" WIDTH="20" HEIGHT="31" WC="0.96" CONTENT="6"/><SP WIDTH="16" VPOS="769" HPOS="984"/>
							<String ID="string_14" HPOS="1000" VPOS="769" WIDTH="69" HEIGHT="41" WC="0.96" CONTENT="maj"/><SP WIDTH="18" VPOS="769" HPOS="1069"/>
							<String ID="string_15" HPOS="1087" VPOS="768" WIDTH="85" HEIGHT="32" WC="0.96" CONTENT="1964"/><SP WIDTH="17" VPOS="768" HPOS="1172"/>
							<String ID="string_16" HPOS="1189" VPOS="770" WIDTH="57" HEIGHT="42" WC="0.96" CONTENT="(nr"/><SP WIDTH="16" VPOS="770" HPOS="1246"/>
							<String ID="string_17" HPOS="1262" VPOS="768" WIDTH="81" HEIGHT="44" WC="0.92" CONTENT="541)"/>
						</TextLine>
						<TextLine ID="line_2" HPOS="566" VPOS="822" WIDTH="619" HEIGHT="43">
							<String ID="string_18" HPOS="566" VPOS="835" WIDTH="57" HEIGHT="20" WC="0.96" CONTENT="om"/><SP WIDTH="16" VPOS="835" HPOS="623"/>
							<String ID="string_19" HPOS="639" VPOS="823" WIDTH="201" HEIGHT="42" WC="0.96" CONTENT="behandling"/><SP WIDTH="14" VPOS="823" HPOS="840"/>
							<String ID="string_20" HPOS="854" VPOS="824" WIDTH="11" HEIGHT="30" WC="0.93" CONTENT="i"/><SP WIDTH="15" VPOS="824" HPOS="865"/>
							<String ID="string_21" HPOS="880" VPOS="822" WIDTH="305" HEIGHT="43" WC="0.91" CONTENT="fångvårdsanstalt"/>
						</TextLine>
					</TextBlock>
				</ComposedBlock>
				<ComposedBlock ID="cblock_2" HPOS="128" VPOS="901" WIDTH="1491" HEIGHT="149">
					<TextBlock ID="block_2" HPOS="128" VPOS="901" WIDTH="1491" HEIGHT="149">
						<TextLine ID="line_3" HPOS="175" VPOS="901" WIDTH="1444" HEIGHT="41">
							<String ID="string_22" HPOS="175" VPOS="905" WIDTH="209" HEIGHT="37" WC="0.96" CONTENT="Härigenom"/><SP WIDTH="23" VPOS="905" HPOS="384"/>
							<String ID="string_23" HPOS="407" VPOS="904" WIDTH="197" HEIGHT="35" WC="0.96" CONTENT="förordnas,"/><SP WIDTH="22" VPOS="904" HPOS="604"/>
							<String ID="string_24" HPOS="626" VPOS="906" WIDTH="51" HEIGHT="29" WC="0.96" CONTENT="att"/><SP WIDTH="20" VPOS="906" HPOS="677"/>
							<String ID="string_25" HPOS="697" VPOS="904" WIDTH="53" HEIGHT="35" WC="0.96" CONTENT="27,"/><SP WIDTH="20" VPOS="904" HPOS="750"/>
							<String ID="string_26" HPOS="770" VPOS="904" WIDTH="38" HEIGHT="30" WC="0.96" CONTENT="41"/><SP WIDTH="23" VPOS="904" HPOS="808"/>
							<String ID="string_27" HPOS="831" VPOS="904" WIDTH="66" HEIGHT="30" WC="0.96" CONTENT="och"/><SP WIDTH="19" VPOS="904" HPOS="897"/>
							<String ID="string_28" HPOS="916" VPOS="904" WIDTH="39" HEIGHT="30" WC="0.96" CONTENT="81"/><SP WIDTH="25" VPOS="904" HPOS="955"/>
							<String ID="string_29" HPOS="980" VPOS="903" WIDTH="38" HEIGHT="38" WC="0.68" CONTENT="$$"/><SP WIDTH="22" VPOS="903" HPOS="1018"/>
							<String ID="string_30" HPOS="1040" VPOS="904" WIDTH="100" HEIGHT="37" WC="0.95" CONTENT="lagen"/><SP WIDTH="20" VPOS="904" HPOS="1140"/>
							<String ID="string_31" HPOS="1160" VPOS="904" WIDTH="67" HEIGHT="29" WC="0.96" CONTENT="den"/><SP WIDTH="20" VPOS="904" HPOS="1227"/>
							<String ID="string_32" HPOS="1247" VPOS="903" WIDTH="20" HEIGHT="30" WC="0.96" CONTENT="6"/><SP WIDTH="19" VPOS="903" HPOS="1267"/>
							<String ID="string_33" HPOS="1286" VPOS="902" WIDTH="71" HEIGHT="37" WC="0.96" CONTENT="maj"/><SP WIDTH="25" VPOS="902" HPOS="1357"/>
							<String ID="string_34" HPOS="1382" VPOS="902" WIDTH="84" HEIGHT="30" WC="0.96" CONTENT="1964"/><SP WIDTH="20" VPOS="902" HPOS="1466"/>
							<String ID="string_35" HPOS="1486" VPOS="911" WIDTH="56" HEIGHT="22" WC="0.93" CONTENT="om"/><SP WIDTH="20" VPOS="911" HPOS="1542"/>
							<String ID="string_36" HPOS="1562" VPOS="901" WIDTH="57" HEIGHT="30" WC="0.92" CONTENT="be-"/>
						</TextLine>
						<TextLine ID="line_4" HPOS="130" VPOS="956" WIDTH="1489" HEIGHT="40">
							<String ID="string_37" HPOS="130" VPOS="958" WIDTH="169" HEIGHT="38" WC="0.96" CONTENT="handling"/><SP WIDTH="21" VPOS="958" HPOS="299"/>
							<String ID="string_38" HPOS="320" VPOS="958" WIDTH="11" HEIGHT="29" WC="0.93" CONTENT="i"/><SP WIDTH="21" VPOS="958" HPOS="331"/>
							<String ID="string_39" HPOS="352" VPOS="958" WIDTH="323" HEIGHT="38" WC="0.92" CONTENT="fångvårdsanstalt"/><SP WIDTH="19" VPOS="958" HPOS="675"/>
							<String ID="string_40" HPOS="694" VPOS="958" WIDTH="99" HEIGHT="30" WC="0.96" CONTENT="skola"/><SP WIDTH="20" VPOS="958" HPOS="793"/>
							<String ID="string_41" HPOS="813" VPOS="957" WIDTH="133" HEIGHT="30" WC="0.96" CONTENT="erhålla"/><SP WIDTH="21" VPOS="957" HPOS="946"/>
							<String ID="string_42" HPOS="967" VPOS="957" WIDTH="134" HEIGHT="30" WC="0.96" CONTENT="ändrad"/><SP WIDTH="21" VPOS="957" HPOS="1101"/>
							<String ID="string_43" HPOS="1122" VPOS="957" WIDTH="129" HEIGHT="37" WC="0.96" CONTENT="lydelse"/><SP WIDTH="20" VPOS="957" HPOS="1251"/>
							<String ID="string_44" HPOS="1271" VPOS="956" WIDTH="45" HEIGHT="37" WC="0.96" CONTENT="på"/><SP WIDTH="19" VPOS="956" HPOS="1316"/>
							<String ID="string_45" HPOS="1335" VPOS="957" WIDTH="69" HEIGHT="29" WC="0.96" CONTENT="sätt"/><SP WIDTH="20" VPOS="957" HPOS="1404"/>
							<String ID="string_46" HPOS="1424" VPOS="956" WIDTH="115" HEIGHT="29" WC="0.92" CONTENT="nedan"/><SP WIDTH="21" VPOS="956" HPOS="1539"/>
							<String ID="string_47" HPOS="1560" VPOS="964" WIDTH="59" HEIGHT="21" WC="0.92" CONTENT="an-"/>
						</TextLine>
						<TextLine ID="line_5" HPOS="128" VPOS="1012" WIDTH="104" HEIGHT="38">
							<String ID="string_48" HPOS="128" VPOS="1012" WIDTH="104" HEIGHT="38" WC="0.96" CONTENT="gives."/>
						</TextLine>
					</TextBlock>
				</ComposedBlock>
				<ComposedBlock ID="cblock_3" HPOS="130" VPOS="1098" WIDTH="1492" HEIGHT="630">
					<TextBlock ID="block_3" HPOS="289" VPOS="1098" WIDTH="1168" HEIGHT="100">
						<TextLine ID="line_6" HPOS="289" VPOS="1098" WIDTH="1168" HEIGHT="39">
							<String ID="string_49" HPOS="289" VPOS="1101" WIDTH="226" HEIGHT="33" WC="0.96" CONTENT="(Nuvarande"/><SP WIDTH="21" VPOS="1101" HPOS="515"/>
							<String ID="string_50" HPOS="536" VPOS="1100" WIDTH="148" HEIGHT="37" WC="0.94" CONTENT="lydelse)"/><SP WIDTH="378" VPOS="1100" HPOS="684"/>
							<String ID="string_51" HPOS="1062" VPOS="1098" WIDTH="227" HEIGHT="36" WC="0.92" CONTENT="(Föreslagen"/><SP WIDTH="21" VPOS="1098" HPOS="1289"/>
							<String ID="string_52" HPOS="1310" VPOS="1098" WIDTH="147" HEIGHT="37" WC="0.95" CONTENT="lydelse)"/>
						</TextLine>
						<TextLine ID="line_7" HPOS="828" VPOS="1161" WIDTH="89" HEIGHT="37">
							<String ID="string_53" HPOS="828" VPOS="1161" WIDTH="40" HEIGHT="30" WC="0.63" CONTENT="27"/><SP WIDTH="21" VPOS="1161" HPOS="868"/>
							<String ID="string_54" HPOS="889" VPOS="1161" WIDTH="28" HEIGHT="37" WC="0.63" CONTENT="8."/>
						</TextLine>
					</TextBlock>
					<TextBlock ID="block_4" HPOS="130" VPOS="1212" WIDTH="1491" HEIGHT="252">
						<TextLine ID="line_8" HPOS="175" VPOS="1212" WIDTH="1445" HEIGHT="42">
							<String ID="string_55" HPOS="175" VPOS="1216" WIDTH="156" HEIGHT="37" WC="0.91" CONTENT="Sjuknar"/><SP WIDTH="19" VPOS="1216" HPOS="331"/>
							<String ID="string_56" HPOS="350" VPOS="1217" WIDTH="152" HEIGHT="37" WC="0.96" CONTENT="intagen,"/><SP WIDTH="20" VPOS="1217" HPOS="502"/>
							<String ID="string_57" HPOS="522" VPOS="1216" WIDTH="89" HEIGHT="30" WC="0.96" CONTENT="skall"/><SP WIDTH="20" VPOS="1216" HPOS="611"/>
							<String ID="string_58" HPOS="631" VPOS="1216" WIDTH="70" HEIGHT="29" WC="0.96" CONTENT="han"/><SP WIDTH="19" VPOS="1216" HPOS="701"/>
							<String ID="string_59" HPOS="720" VPOS="1215" WIDTH="126" HEIGHT="30" WC="0.96" CONTENT="vårdas"/><SP WIDTH="102" VPOS="1215" HPOS="846"/>
							<String ID="string_60" HPOS="948" VPOS="1214" WIDTH="156" HEIGHT="37" WC="0.92" CONTENT="Sjuknar"/><SP WIDTH="18" VPOS="1214" HPOS="1104"/>
							<String ID="string_61" HPOS="1122" VPOS="1214" WIDTH="153" HEIGHT="37" WC="0.96" CONTENT="intagen,"/><SP WIDTH="21" VPOS="1214" HPOS="1275"/>
							<String ID="string_62" HPOS="1296" VPOS="1213" WIDTH="89" HEIGHT="30" WC="0.96" CONTENT="skall"/><SP WIDTH="19" VPOS="1213" HPOS="1385"/>
							<String ID="string_63" HPOS="1404" VPOS="1213" WIDTH="71" HEIGHT="30" WC="0.96" CONTENT="han"/><SP WIDTH="19" VPOS="1213" HPOS="1475"/>
							<String ID="string_64" HPOS="1494" VPOS="1212" WIDTH="126" HEIGHT="30" WC="0.96" CONTENT="vårdas"/>
						</TextLine>
						<TextLine ID="line_9" HPOS="130" VPOS="1266" WIDTH="1491" HEIGHT="42">
							<String ID="string_65" HPOS="130" VPOS="1270" WIDTH="108" HEIGHT="38" WC="0.96" CONTENT="enligt"/><SP WIDTH="21" VPOS="1270" HPOS="238"/>
							<String ID="string_66" HPOS="259" VPOS="1270" WIDTH="227" HEIGHT="37" WC="0.96" CONTENT="anvisningar"/><SP WIDTH="20" VPOS="1270" HPOS="486"/>
							<String ID="string_67" HPOS="506" VPOS="1279" WIDTH="42" HEIGHT="20" WC="0.96" CONTENT="av"/><SP WIDTH="21" VPOS="1279" HPOS="548"/>
							<String ID="string_68" HPOS="569" VPOS="1269" WIDTH="118" HEIGHT="30" WC="0.96" CONTENT="läkare"/><SP WIDTH="21" VPOS="1269" HPOS="687"/>
							<String ID="string_69" HPOS="708" VPOS="1269" WIDTH="57" HEIGHT="29" WC="0.93" CONTENT="vid"/><SP WIDTH="23" VPOS="1269" HPOS="765"/>
							<String ID="string_70" HPOS="788" VPOS="1278" WIDTH="59" HEIGHT="20" WC="0.91" CONTENT="an-"/><SP WIDTH="55" VPOS="1278" HPOS="847"/>
							<String ID="string_71" HPOS="902" VPOS="1268" WIDTH="109" HEIGHT="37" WC="0.87" CONTENT="enligt"/><SP WIDTH="22" VPOS="1268" HPOS="1011"/>
							<String ID="string_72" HPOS="1033" VPOS="1267" WIDTH="227" HEIGHT="37" WC="0.96" CONTENT="anvisningar"/><SP WIDTH="20" VPOS="1267" HPOS="1260"/>
							<String ID="string_73" HPOS="1280" VPOS="1276" WIDTH="42" HEIGHT="21" WC="0.96" CONTENT="av"/><SP WIDTH="20" VPOS="1276" HPOS="1322"/>
							<String ID="string_74" HPOS="1342" VPOS="1267" WIDTH="118" HEIGHT="29" WC="0.96" CONTENT="läkare"/><SP WIDTH="22" VPOS="1267" HPOS="1460"/>
							<String ID="string_75" HPOS="1482" VPOS="1266" WIDTH="57" HEIGHT="30" WC="0.93" CONTENT="vid"/><SP WIDTH="22" VPOS="1266" HPOS="1539"/>
							<String ID="string_76" HPOS="1561" VPOS="1275" WIDTH="60" HEIGHT="20" WC="0.92" CONTENT="an-"/>
						</TextLine>
						<TextLine ID="line_10" HPOS="131" VPOS="1321" WIDTH="911" HEIGHT="38">
							<String ID="string_77" HPOS="131" VPOS="1324" WIDTH="138" HEIGHT="30" WC="0.89" CONTENT="stalten."/><SP WIDTH="35" VPOS="1324" HPOS="269"/>
							<String ID="string_78" HPOS="304" VPOS="1323" WIDTH="188" HEIGHT="36" WC="0.90" CONTENT="Angående"/><SP WIDTH="37" VPOS="1323" HPOS="492"/>
							<String ID="string_79" HPOS="529" VPOS="1322" WIDTH="229" HEIGHT="37" WC="0.89" CONTENT="överförande"/><SP WIDTH="37" VPOS="1322" HPOS="758"/>
							<String ID="string_80" HPOS="795" VPOS="1321" WIDTH="53" HEIGHT="30" WC="0.92" CONTENT="till"/><SP WIDTH="55" VPOS="1321" HPOS="848"/>
							<String ID="string_81" HPOS="903" VPOS="1322" WIDTH="139" HEIGHT="30" WC="0.58" CONTENT="stalten."/>
						</TextLine>
						<TextLine ID="line_11" HPOS="130" VPOS="1375" WIDTH="717" HEIGHT="38">
							<String ID="string_82" HPOS="130" VPOS="1376" WIDTH="394" HEIGHT="37" WC="0.91" CONTENT="sinnessjukavdelning"/><SP WIDTH="32" VPOS="1376" HPOS="524"/>
							<String ID="string_83" HPOS="556" VPOS="1376" WIDTH="57" HEIGHT="36" WC="0.96" CONTENT="för"/><SP WIDTH="34" VPOS="1376" HPOS="613"/>
							<String ID="string_84" HPOS="647" VPOS="1375" WIDTH="84" HEIGHT="30" WC="0.96" CONTENT="vård"/><SP WIDTH="33" VPOS="1375" HPOS="731"/>
							<String ID="string_85" HPOS="764" VPOS="1375" WIDTH="83" HEIGHT="30" WC="0.96" CONTENT="eller"/>
						</TextLine>
						<TextLine ID="line_12" HPOS="130" VPOS="1428" WIDTH="609" HEIGHT="36">
							<String ID="string_86" HPOS="130" VPOS="1429" WIDTH="221" HEIGHT="31" WC="0.94" CONTENT="observation"/><SP WIDTH="20" VPOS="1429" HPOS="351"/>
							<String ID="string_87" HPOS="371" VPOS="1430" WIDTH="39" HEIGHT="29" WC="0.96" CONTENT="är"/><SP WIDTH="18" VPOS="1430" HPOS="410"/>
							<String ID="string_88" HPOS="428" VPOS="1428" WIDTH="145" HEIGHT="31" WC="0.96" CONTENT="särskilt"/><SP WIDTH="19" VPOS="1428" HPOS="573"/>
							<String ID="string_89" HPOS="592" VPOS="1429" WIDTH="147" HEIGHT="35" WC="0.96" CONTENT="stadgat."/>
						</TextLine>
					</TextBlock>
					<TextBlock ID="block_5" HPOS="174" VPOS="1480" WIDTH="965" HEIGHT="39">
						<TextLine ID="line_13" HPOS="174" VPOS="1480" WIDTH="965" HEIGHT="39">
							<String ID="string_90" HPOS="174" VPOS="1483" WIDTH="68" HEIGHT="30" WC="0.96" CONTENT="För"/><SP WIDTH="16" VPOS="1483" HPOS="242"/>
							<String ID="string_91" HPOS="258" VPOS="1482" WIDTH="264" HEIGHT="37" WC="0.87" CONTENT="undersökning"/><SP WIDTH="36" VPOS="1482" HPOS="522"/>
							<String ID="string_92" HPOS="558" VPOS="1499" WIDTH="23" HEIGHT="4" WC="0.87" CONTENT="—"/><SP WIDTH="28" VPOS="1499" HPOS="581"/>
							<String ID="string_93" HPOS="609" VPOS="1499" WIDTH="30" HEIGHT="4" WC="0.86" CONTENT="—"/><SP WIDTH="28" VPOS="1499" HPOS="639"/>
							<String ID="string_94" HPOS="667" VPOS="1499" WIDTH="29" HEIGHT="3" WC="0.85" CONTENT="—"/><SP WIDTH="26" VPOS="1499" HPOS="696"/>
							<String ID="string_95" HPOS="722" VPOS="1499" WIDTH="29" HEIGHT="3" WC="0.70" CONTENT="—"/><SP WIDTH="25" VPOS="1499" HPOS="751"/>
							<String ID="string_96" HPOS="776" VPOS="1498" WIDTH="33" HEIGHT="4" WC="0.70" CONTENT="—"/><SP WIDTH="25" VPOS="1498" HPOS="809"/>
							<String ID="string_97" HPOS="834" VPOS="1498" WIDTH="34" HEIGHT="3" WC="0.81" CONTENT="—"/><SP WIDTH="16" VPOS="1498" HPOS="868"/>
							<String ID="string_98" HPOS="884" VPOS="1480" WIDTH="143" HEIGHT="37" WC="0.96" CONTENT="lämplig"/><SP WIDTH="16" VPOS="1480" HPOS="1027"/>
							<String ID="string_99" HPOS="1043" VPOS="1480" WIDTH="96" HEIGHT="30" WC="0.96" CONTENT="vård."/>
						</TextLine>
					</TextBlock>
					<TextBlock ID="block_6" HPOS="174" VPOS="1533" WIDTH="931" HEIGHT="33">
						<TextLine ID="line_14" HPOS="174" VPOS="1533" WIDTH="931" HEIGHT="33">
							<String ID="string_100" HPOS="174" VPOS="1537" WIDTH="71" HEIGHT="29" WC="0.95" CONTENT="När"/><SP WIDTH="15" VPOS="1537" HPOS="245"/>
							<String ID="string_101" HPOS="260" VPOS="1537" WIDTH="58" HEIGHT="29" WC="0.92" CONTENT="det"/><SP WIDTH="41" VPOS="1537" HPOS="318"/>
							<String ID="string_102" HPOS="359" VPOS="1553" WIDTH="18" HEIGHT="3" WC="0.65" CONTENT="—"/><SP WIDTH="32" VPOS="1553" HPOS="377"/>
							<String ID="string_103" HPOS="409" VPOS="1553" WIDTH="27" HEIGHT="3" WC="0.65" CONTENT="—"/><SP WIDTH="28" VPOS="1553" HPOS="436"/>
							<String ID="string_104" HPOS="464" VPOS="1553" WIDTH="30" HEIGHT="3" WC="0.82" CONTENT="—"/><SP WIDTH="28" VPOS="1553" HPOS="494"/>
							<String ID="string_105" HPOS="522" VPOS="1552" WIDTH="28" HEIGHT="4" WC="0.72" CONTENT="—"/><SP WIDTH="27" VPOS="1552" HPOS="550"/>
							<String ID="string_106" HPOS="577" VPOS="1552" WIDTH="28" HEIGHT="4" WC="0.50" CONTENT="—"/><SP WIDTH="27" VPOS="1552" HPOS="605"/>
							<String ID="string_107" HPOS="632" VPOS="1551" WIDTH="36" HEIGHT="4" WC="0.50" CONTENT="—"/><SP WIDTH="15" VPOS="1551" HPOS="668"/>
							<String ID="string_108" HPOS="683" VPOS="1534" WIDTH="173" HEIGHT="30" WC="0.96" CONTENT="särskilda"/><SP WIDTH="17" VPOS="1534" HPOS="856"/>
							<String ID="string_109" HPOS="873" VPOS="1533" WIDTH="232" HEIGHT="30" WC="0.96" CONTENT="föreskrifter."/>
						</TextLine>
					</TextBlock>
					<TextBlock ID="block_7" HPOS="902" VPOS="1584" WIDTH="720" HEIGHT="144">
						<TextLine ID="line_15" HPOS="948" VPOS="1584" WIDTH="673" HEIGHT="38">
							<String ID="string_110" HPOS="948" VPOS="1586" WIDTH="66" HEIGHT="30" WC="0.96" CONTENT="Om"/><SP WIDTH="26" VPOS="1586" HPOS="1014"/>
							<String ID="string_111" HPOS="1040" VPOS="1585" WIDTH="194" HEIGHT="31" WC="0.95" CONTENT="beredande"/><SP WIDTH="25" VPOS="1585" HPOS="1234"/>
							<String ID="string_112" HPOS="1259" VPOS="1594" WIDTH="42" HEIGHT="21" WC="0.96" CONTENT="av"/><SP WIDTH="25" VPOS="1594" HPOS="1301"/>
							<String ID="string_113" HPOS="1326" VPOS="1585" WIDTH="115" HEIGHT="30" WC="0.92" CONTENT="sluten"/><SP WIDTH="23" VPOS="1585" HPOS="1441"/>
							<String ID="string_114" HPOS="1464" VPOS="1584" WIDTH="157" HEIGHT="38" WC="0.91" CONTENT="psykiat-"/>
						</TextLine>
						<TextLine ID="line_16" HPOS="902" VPOS="1638" WIDTH="720" HEIGHT="37">
							<String ID="string_115" HPOS="902" VPOS="1640" WIDTH="74" HEIGHT="30" WC="0.95" CONTENT="risk"/><SP WIDTH="28" VPOS="1640" HPOS="976"/>
							<String ID="string_116" HPOS="1004" VPOS="1639" WIDTH="86" HEIGHT="30" WC="0.95" CONTENT="vård"/><SP WIDTH="27" VPOS="1639" HPOS="1090"/>
							<String ID="string_117" HPOS="1117" VPOS="1639" WIDTH="10" HEIGHT="29" WC="0.85" CONTENT="i"/><SP WIDTH="27" VPOS="1639" HPOS="1127"/>
							<String ID="string_118" HPOS="1154" VPOS="1639" WIDTH="92" HEIGHT="30" WC="0.96" CONTENT="vissa"/><SP WIDTH="26" VPOS="1639" HPOS="1246"/>
							<String ID="string_119" HPOS="1272" VPOS="1638" WIDTH="65" HEIGHT="37" WC="0.95" CONTENT="fall"/><SP WIDTH="26" VPOS="1638" HPOS="1337"/>
							<String ID="string_120" HPOS="1363" VPOS="1638" WIDTH="177" HEIGHT="30" WC="0.89" CONTENT="meddelas"/><SP WIDTH="28" VPOS="1638" HPOS="1540"/>
							<String ID="string_121" HPOS="1568" VPOS="1638" WIDTH="54" HEIGHT="30" WC="0.89" CONTENT="be-"/>
						</TextLine>
						<TextLine ID="line_17" HPOS="903" VPOS="1692" WIDTH="492" HEIGHT="36">
							<String ID="string_122" HPOS="903" VPOS="1693" WIDTH="221" HEIGHT="31" WC="0.91" CONTENT="stämmelser"/><SP WIDTH="15" VPOS="1693" HPOS="1124"/>
							<String ID="string_123" HPOS="1139" VPOS="1692" WIDTH="10" HEIGHT="30" WC="0.88" CONTENT="i"/><SP WIDTH="14" VPOS="1692" HPOS="1149"/>
							<String ID="string_124" HPOS="1163" VPOS="1692" WIDTH="153" HEIGHT="30" WC="0.96" CONTENT="särskild"/><SP WIDTH="15" VPOS="1692" HPOS="1316"/>
							<String ID="string_125" HPOS="1331" VPOS="1692" WIDTH="64" HEIGHT="36" WC="0.96" CONTENT="lag."/>
						</TextLine>
					</TextBlock>
				</ComposedBlock>
				<ComposedBlock ID="cblock_4" HPOS="175" VPOS="1746" WIDTH="1447" HEIGHT="190">
					<TextBlock ID="block_8" HPOS="175" VPOS="1746" WIDTH="1447" HEIGHT="190">
						<TextLine ID="line_18" HPOS="175" VPOS="1746" WIDTH="900" HEIGHT="37">
							<String ID="string_126" HPOS="175" VPOS="1749" WIDTH="64" HEIGHT="29" WC="0.96" CONTENT="Tid"/><SP WIDTH="18" VPOS="1749" HPOS="239"/>
							<String ID="string_127" HPOS="257" VPOS="1749" WIDTH="175" HEIGHT="30" WC="0.88" CONTENT="varunder"/><SP WIDTH="37" VPOS="1749" HPOS="432"/>
							<String ID="string_128" HPOS="469" VPOS="1766" WIDTH="22" HEIGHT="3" WC="0.88" CONTENT="—"/><SP WIDTH="28" VPOS="1766" HPOS="491"/>
							<String ID="string_129" HPOS="519" VPOS="1766" WIDTH="32" HEIGHT="3" WC="0.81" CONTENT="—"/><SP WIDTH="27" VPOS="1766" HPOS="551"/>
							<String ID="string_130" HPOS="578" VPOS="1765" WIDTH="31" HEIGHT="4" WC="0.75" CONTENT="—"/><SP WIDTH="23" VPOS="1765" HPOS="609"/>
							<String ID="string_131" HPOS="632" VPOS="1765" WIDTH="32" HEIGHT="4" WC="0.78" CONTENT="—"/><SP WIDTH="30" VPOS="1765" HPOS="664"/>
							<String ID="string_132" HPOS="694" VPOS="1765" WIDTH="32" HEIGHT="4" WC="0.79" CONTENT="—"/><SP WIDTH="27" VPOS="1765" HPOS="726"/>
							<String ID="string_133" HPOS="753" VPOS="1765" WIDTH="33" HEIGHT="3" WC="0.79" CONTENT="—"/><SP WIDTH="17" VPOS="1765" HPOS="786"/>
							<String ID="string_134" HPOS="803" VPOS="1747" WIDTH="75" HEIGHT="30" WC="0.96" CONTENT="skäl"/><SP WIDTH="18" VPOS="1747" HPOS="878"/>
							<String ID="string_135" HPOS="896" VPOS="1746" WIDTH="179" HEIGHT="37" WC="0.96" CONTENT="föreligga."/>
						</TextLine>
						<TextLine ID="line_19" HPOS="830" VPOS="1835" WIDTH="90" HEIGHT="37">
							<String ID="string_136" HPOS="830" VPOS="1836" WIDTH="38" HEIGHT="29" WC="0.94" CONTENT="41"/><SP WIDTH="24" VPOS="1836" HPOS="868"/>
							<String ID="string_137" HPOS="892" VPOS="1835" WIDTH="28" HEIGHT="37" WC="0.81" CONTENT="8."/>
						</TextLine>
						<TextLine ID="line_20" HPOS="176" VPOS="1895" WIDTH="1446" HEIGHT="41">
							<String ID="string_138" HPOS="176" VPOS="1900" WIDTH="45" HEIGHT="29" WC="0.96" CONTENT="Är"/><SP WIDTH="16" VPOS="1900" HPOS="221"/>
							<String ID="string_139" HPOS="237" VPOS="1900" WIDTH="140" HEIGHT="36" WC="0.96" CONTENT="intagen"/><SP WIDTH="17" VPOS="1900" HPOS="377"/>
							<String ID="string_140" HPOS="394" VPOS="1899" WIDTH="83" HEIGHT="37" WC="0.96" CONTENT="sjuk"/><SP WIDTH="15" VPOS="1899" HPOS="477"/>
							<String ID="string_141" HPOS="492" VPOS="1900" WIDTH="65" HEIGHT="28" WC="0.96" CONTENT="när"/><SP WIDTH="15" VPOS="1900" HPOS="557"/>
							<String ID="string_142" HPOS="572" VPOS="1899" WIDTH="70" HEIGHT="29" WC="0.96" CONTENT="han"/><SP WIDTH="17" VPOS="1899" HPOS="642"/>
							<String ID="string_143" HPOS="659" VPOS="1898" WIDTH="87" HEIGHT="30" WC="0.92" CONTENT="skall"/><SP WIDTH="19" VPOS="1898" HPOS="746"/>
							<String ID="string_144" HPOS="765" VPOS="1898" WIDTH="84" HEIGHT="29" WC="0.92" CONTENT="läm-"/><SP WIDTH="99" VPOS="1898" HPOS="849"/>
							<String ID="string_145" HPOS="948" VPOS="1896" WIDTH="45" HEIGHT="29" WC="0.96" CONTENT="Är"/><SP WIDTH="16" VPOS="1896" HPOS="993"/>
							<String ID="string_146" HPOS="1009" VPOS="1897" WIDTH="141" HEIGHT="36" WC="0.96" CONTENT="intagen"/><SP WIDTH="17" VPOS="1897" HPOS="1150"/>
							<String ID="string_147" HPOS="1167" VPOS="1895" WIDTH="83" HEIGHT="37" WC="0.96" CONTENT="sjuk"/><SP WIDTH="16" VPOS="1895" HPOS="1250"/>
							<String ID="string_148" HPOS="1266" VPOS="1896" WIDTH="64" HEIGHT="28" WC="0.96" CONTENT="när"/><SP WIDTH="15" VPOS="1896" HPOS="1330"/>
							<String ID="string_149" HPOS="1345" VPOS="1895" WIDTH="69" HEIGHT="29" WC="0.96" CONTENT="han"/><SP WIDTH="18" VPOS="1895" HPOS="1414"/>
							<String ID="string_150" HPOS="1432" VPOS="1895" WIDTH="88" HEIGHT="29" WC="0.93" CONTENT="skall"/><SP WIDTH="18" VPOS="1895" HPOS="1520"/>
							<String ID="string_151" HPOS="1538" VPOS="1895" WIDTH="84" HEIGHT="29" WC="0.92" CONTENT="läm-"/>
						</TextLine>
					</TextBlock>
				</ComposedBlock>
				<ComposedBlock ID="cblock_5" HPOS="132" VPOS="1948" WIDTH="1492" HEIGHT="410">
					<TextBlock ID="block_9" HPOS="132" VPOS="1948" WIDTH="1492" HEIGHT="247">
						<TextLine ID="line_21" HPOS="133" VPOS="1948" WIDTH="1489" HEIGHT="38">
							<String ID="string_152" HPOS="133" VPOS="1962" WIDTH="45" HEIGHT="21" WC="0.95" CONTENT="na"/><SP WIDTH="27" VPOS="1962" HPOS="178"/>
							<String ID="string_153" HPOS="205" VPOS="1953" WIDTH="186" HEIGHT="33" WC="0.96" CONTENT="anstalten,"/><SP WIDTH="25" VPOS="1953" HPOS="391"/>
							<String ID="string_154" HPOS="416" VPOS="1952" WIDTH="58" HEIGHT="30" WC="0.96" CONTENT="må"/><SP WIDTH="24" VPOS="1952" HPOS="474"/>
							<String ID="string_155" HPOS="498" VPOS="1952" WIDTH="82" HEIGHT="34" WC="0.95" CONTENT="han,"/><SP WIDTH="26" VPOS="1952" HPOS="580"/>
							<String ID="string_156" HPOS="606" VPOS="1961" WIDTH="55" HEIGHT="20" WC="0.96" CONTENT="om"/><SP WIDTH="26" VPOS="1961" HPOS="661"/>
							<String ID="string_157" HPOS="687" VPOS="1952" WIDTH="57" HEIGHT="29" WC="0.96" CONTENT="det"/><SP WIDTH="26" VPOS="1952" HPOS="744"/>
							<String ID="string_158" HPOS="770" VPOS="1951" WIDTH="78" HEIGHT="29" WC="0.96" CONTENT="med"/><SP WIDTH="55" VPOS="1951" HPOS="848"/>
							<String ID="string_159" HPOS="903" VPOS="1959" WIDTH="45" HEIGHT="20" WC="0.94" CONTENT="na"/><SP WIDTH="27" VPOS="1959" HPOS="948"/>
							<String ID="string_160" HPOS="975" VPOS="1949" WIDTH="187" HEIGHT="34" WC="0.95" CONTENT="anstalten,"/><SP WIDTH="27" VPOS="1949" HPOS="1162"/>
							<String ID="string_161" HPOS="1189" VPOS="1948" WIDTH="58" HEIGHT="30" WC="0.95" CONTENT="må"/><SP WIDTH="25" VPOS="1948" HPOS="1247"/>
							<String ID="string_162" HPOS="1272" VPOS="1948" WIDTH="81" HEIGHT="34" WC="0.95" CONTENT="han,"/><SP WIDTH="27" VPOS="1948" HPOS="1353"/>
							<String ID="string_163" HPOS="1380" VPOS="1957" WIDTH="54" HEIGHT="20" WC="0.96" CONTENT="om"/><SP WIDTH="28" VPOS="1957" HPOS="1434"/>
							<String ID="string_164" HPOS="1462" VPOS="1949" WIDTH="57" HEIGHT="28" WC="0.96" CONTENT="det"/><SP WIDTH="25" VPOS="1949" HPOS="1519"/>
							<String ID="string_165" HPOS="1544" VPOS="1948" WIDTH="78" HEIGHT="29" WC="0.96" CONTENT="med"/>
						</TextLine>
						<TextLine ID="line_22" HPOS="132" VPOS="2001" WIDTH="1490" HEIGHT="42">
							<String ID="string_166" HPOS="132" VPOS="2007" WIDTH="138" HEIGHT="36" WC="0.96" CONTENT="hänsyn"/><SP WIDTH="19" VPOS="2007" HPOS="270"/>
							<String ID="string_167" HPOS="289" VPOS="2006" WIDTH="52" HEIGHT="30" WC="0.96" CONTENT="till"/><SP WIDTH="19" VPOS="2006" HPOS="341"/>
							<String ID="string_168" HPOS="360" VPOS="2005" WIDTH="345" HEIGHT="37" WC="0.95" CONTENT="omständigheterna"/><SP WIDTH="18" VPOS="2005" HPOS="705"/>
							<String ID="string_169" HPOS="723" VPOS="2005" WIDTH="126" HEIGHT="36" WC="0.95" CONTENT="prövas"/><SP WIDTH="55" VPOS="2005" HPOS="849"/>
							<String ID="string_170" HPOS="904" VPOS="2003" WIDTH="138" HEIGHT="37" WC="0.87" CONTENT="hänsyn"/><SP WIDTH="20" VPOS="2003" HPOS="1042"/>
							<String ID="string_171" HPOS="1062" VPOS="2002" WIDTH="51" HEIGHT="30" WC="0.95" CONTENT="till"/><SP WIDTH="20" VPOS="2002" HPOS="1113"/>
							<String ID="string_172" HPOS="1133" VPOS="2001" WIDTH="345" HEIGHT="37" WC="0.95" CONTENT="omständigheterna"/><SP WIDTH="18" VPOS="2001" HPOS="1478"/>
							<String ID="string_173" HPOS="1496" VPOS="2001" WIDTH="126" HEIGHT="36" WC="0.96" CONTENT="prövas"/>
						</TextLine>
						<TextLine ID="line_23" HPOS="133" VPOS="2054" WIDTH="1490" HEIGHT="42">
							<String ID="string_174" HPOS="133" VPOS="2059" WIDTH="139" HEIGHT="37" WC="0.96" CONTENT="skäligt,"/><SP WIDTH="29" VPOS="2059" HPOS="272"/>
							<String ID="string_175" HPOS="301" VPOS="2060" WIDTH="11" HEIGHT="28" WC="0.96" CONTENT="i"/><SP WIDTH="29" VPOS="2060" HPOS="312"/>
							<String ID="string_176" HPOS="341" VPOS="2059" WIDTH="175" HEIGHT="29" WC="0.96" CONTENT="anstalten"/><SP WIDTH="29" VPOS="2059" HPOS="516"/>
							<String ID="string_177" HPOS="545" VPOS="2058" WIDTH="133" HEIGHT="30" WC="0.96" CONTENT="erhålla"/><SP WIDTH="29" VPOS="2058" HPOS="678"/>
							<String ID="string_178" HPOS="707" VPOS="2057" WIDTH="143" HEIGHT="30" WC="0.96" CONTENT="fortsatt"/><SP WIDTH="53" VPOS="2057" HPOS="850"/>
							<String ID="string_179" HPOS="903" VPOS="2056" WIDTH="139" HEIGHT="36" WC="0.95" CONTENT="skäligt,"/><SP WIDTH="30" VPOS="2056" HPOS="1042"/>
							<String ID="string_180" HPOS="1072" VPOS="2056" WIDTH="10" HEIGHT="29" WC="0.96" CONTENT="i"/><SP WIDTH="31" VPOS="2056" HPOS="1082"/>
							<String ID="string_181" HPOS="1113" VPOS="2055" WIDTH="176" HEIGHT="30" WC="0.95" CONTENT="anstalten"/><SP WIDTH="29" VPOS="2055" HPOS="1289"/>
							<String ID="string_182" HPOS="1318" VPOS="2054" WIDTH="132" HEIGHT="30" WC="0.96" CONTENT="erhålla"/><SP WIDTH="30" VPOS="2054" HPOS="1450"/>
							<String ID="string_183" HPOS="1480" VPOS="2054" WIDTH="143" HEIGHT="29" WC="0.95" CONTENT="fortsatt"/>
						</TextLine>
						<TextLine ID="line_24" HPOS="133" VPOS="2107" WIDTH="1491" HEIGHT="42">
							<String ID="string_184" HPOS="133" VPOS="2112" WIDTH="181" HEIGHT="37" WC="0.96" CONTENT="sjukvård,"/><SP WIDTH="20" VPOS="2112" HPOS="314"/>
							<String ID="string_185" HPOS="334" VPOS="2112" WIDTH="167" HEIGHT="29" WC="0.96" CONTENT="bekostad"/><SP WIDTH="22" VPOS="2112" HPOS="501"/>
							<String ID="string_186" HPOS="523" VPOS="2121" WIDTH="41" HEIGHT="20" WC="0.96" CONTENT="av"/><SP WIDTH="19" VPOS="2121" HPOS="564"/>
							<String ID="string_187" HPOS="583" VPOS="2111" WIDTH="178" HEIGHT="30" WC="0.93" CONTENT="allmänna"/><SP WIDTH="20" VPOS="2111" HPOS="761"/>
							<String ID="string_188" HPOS="781" VPOS="2119" WIDTH="69" HEIGHT="20" WC="0.92" CONTENT="me-"/><SP WIDTH="55" VPOS="2119" HPOS="850"/>
							<String ID="string_189" HPOS="905" VPOS="2109" WIDTH="182" HEIGHT="36" WC="0.89" CONTENT="sjukvård,"/><SP WIDTH="19" VPOS="2109" HPOS="1087"/>
							<String ID="string_190" HPOS="1106" VPOS="2108" WIDTH="169" HEIGHT="29" WC="0.96" CONTENT="bekostad"/><SP WIDTH="20" VPOS="2108" HPOS="1275"/>
							<String ID="string_191" HPOS="1295" VPOS="2117" WIDTH="42" HEIGHT="20" WC="0.96" CONTENT="av"/><SP WIDTH="20" VPOS="2117" HPOS="1337"/>
							<String ID="string_192" HPOS="1357" VPOS="2107" WIDTH="178" HEIGHT="30" WC="0.93" CONTENT="allmänna"/><SP WIDTH="19" VPOS="2107" HPOS="1535"/>
							<String ID="string_193" HPOS="1554" VPOS="2115" WIDTH="70" HEIGHT="21" WC="0.92" CONTENT="me-"/>
						</TextLine>
						<TextLine ID="line_25" HPOS="133" VPOS="2163" WIDTH="837" HEIGHT="32">
							<String ID="string_194" HPOS="133" VPOS="2166" WIDTH="65" HEIGHT="29" WC="0.96" CONTENT="del."/><SP WIDTH="20" VPOS="2166" HPOS="198"/>
							<String ID="string_195" HPOS="218" VPOS="2165" WIDTH="65" HEIGHT="30" WC="0.95" CONTENT="Om"/><SP WIDTH="21" VPOS="2165" HPOS="283"/>
							<String ID="string_196" HPOS="304" VPOS="2165" WIDTH="193" HEIGHT="30" WC="0.96" CONTENT="beredande"/><SP WIDTH="19" VPOS="2165" HPOS="497"/>
							<String ID="string_197" HPOS="516" VPOS="2173" WIDTH="41" HEIGHT="21" WC="0.96" CONTENT="av"/><SP WIDTH="20" VPOS="2173" HPOS="557"/>
							<String ID="string_198" HPOS="577" VPOS="2164" WIDTH="85" HEIGHT="29" WC="0.93" CONTENT="vård"/><SP WIDTH="17" VPOS="2164" HPOS="662"/>
							<String ID="string_199" HPOS="679" VPOS="2164" WIDTH="19" HEIGHT="29" WC="0.90" CONTENT="å"/><SP WIDTH="18" VPOS="2164" HPOS="698"/>
							<String ID="string_200" HPOS="716" VPOS="2163" WIDTH="134" HEIGHT="31" WC="0.91" CONTENT="sinnes-"/><SP WIDTH="26" VPOS="2163" HPOS="850"/>
							<String ID="string_201" HPOS="876" VPOS="2159" WIDTH="12" HEIGHT="46" WC="0.37" CONTENT="="/><SP WIDTH="17" VPOS="2159" HPOS="888"/>
							<String ID="string_202" HPOS="905" VPOS="2163" WIDTH="65" HEIGHT="29" WC="0.81" CONTENT="del."/>
						</TextLine>
					</TextBlock>
					<TextBlock ID="block_10" HPOS="133" VPOS="2216" WIDTH="716" HEIGHT="38">
						<TextLine ID="line_26" HPOS="133" VPOS="2216" WIDTH="716" HEIGHT="38">
							<String ID="string_203" HPOS="133" VPOS="2218" WIDTH="154" HEIGHT="36" WC="0.96" CONTENT="sjukhus"/><SP WIDTH="24" VPOS="2218" HPOS="287"/>
							<String ID="string_204" HPOS="311" VPOS="2218" WIDTH="35" HEIGHT="29" WC="0.96" CONTENT="åt"/><SP WIDTH="26" VPOS="2218" HPOS="346"/>
							<String ID="string_205" HPOS="372" VPOS="2217" WIDTH="150" HEIGHT="36" WC="0.96" CONTENT="intagen,"/><SP WIDTH="24" VPOS="2217" HPOS="522"/>
							<String ID="string_206" HPOS="546" VPOS="2225" WIDTH="75" HEIGHT="22" WC="0.96" CONTENT="som"/><SP WIDTH="23" VPOS="2225" HPOS="621"/>
							<String ID="string_207" HPOS="644" VPOS="2217" WIDTH="39" HEIGHT="29" WC="0.96" CONTENT="är"/><SP WIDTH="23" VPOS="2217" HPOS="683"/>
							<String ID="string_208" HPOS="706" VPOS="2216" WIDTH="10" HEIGHT="29" WC="0.96" CONTENT="i"/><SP WIDTH="23" VPOS="2216" HPOS="716"/>
							<String ID="string_209" HPOS="739" VPOS="2216" WIDTH="110" HEIGHT="29" WC="0.96" CONTENT="behov"/>
						</TextLine>
					</TextBlock>
					<TextBlock ID="block_11" HPOS="133" VPOS="2269" WIDTH="716" HEIGHT="36">
						<TextLine ID="line_27" HPOS="133" VPOS="2269" WIDTH="716" HEIGHT="36">
							<String ID="string_210" HPOS="133" VPOS="2271" WIDTH="107" HEIGHT="29" WC="0.96" CONTENT="därav"/><SP WIDTH="17" VPOS="2271" HPOS="240"/>
							<String ID="string_211" HPOS="257" VPOS="2271" WIDTH="65" HEIGHT="28" WC="0.96" CONTENT="när"/><SP WIDTH="14" VPOS="2271" HPOS="322"/>
							<String ID="string_212" HPOS="336" VPOS="2271" WIDTH="69" HEIGHT="29" WC="0.95" CONTENT="han"/><SP WIDTH="18" VPOS="2271" HPOS="405"/>
							<String ID="string_213" HPOS="423" VPOS="2270" WIDTH="91" HEIGHT="30" WC="0.95" CONTENT="skall"/><SP WIDTH="16" VPOS="2270" HPOS="514"/>
							<String ID="string_214" HPOS="530" VPOS="2269" WIDTH="118" HEIGHT="29" WC="0.96" CONTENT="lämna"/><SP WIDTH="15" VPOS="2269" HPOS="648"/>
							<String ID="string_215" HPOS="663" VPOS="2269" WIDTH="186" HEIGHT="36" WC="0.95" CONTENT="anstalten,"/>
						</TextLine>
					</TextBlock>
					<TextBlock ID="block_12" HPOS="133" VPOS="2323" WIDTH="364" HEIGHT="35">
						<TextLine ID="line_28" HPOS="133" VPOS="2323" WIDTH="364" HEIGHT="35">
							<String ID="string_216" HPOS="133" VPOS="2325" WIDTH="39" HEIGHT="27" WC="0.96" CONTENT="är"/><SP WIDTH="16" VPOS="2325" HPOS="172"/>
							<String ID="string_217" HPOS="188" VPOS="2323" WIDTH="144" HEIGHT="30" WC="0.96" CONTENT="särskilt"/><SP WIDTH="18" VPOS="2323" HPOS="332"/>
							<String ID="string_218" HPOS="350" VPOS="2323" WIDTH="147" HEIGHT="35" WC="0.96" CONTENT="stadgat."/>
						</TextLine>
					</TextBlock>
				</ComposedBlock>
				<ComposedBlock ID="cblock_6" HPOS="133" VPOS="2408" WIDTH="1491" HEIGHT="154">
					<TextBlock ID="block_13" HPOS="133" VPOS="2408" WIDTH="1491" HEIGHT="154">
						<TextLine ID="line_29" HPOS="831" VPOS="2408" WIDTH="89" HEIGHT="36">
							<String ID="string_219" HPOS="831" VPOS="2409" WIDTH="38" HEIGHT="29" WC="0.94" CONTENT="81"/><SP WIDTH="24" VPOS="2409" HPOS="869"/>
							<String ID="string_220" HPOS="893" VPOS="2408" WIDTH="27" HEIGHT="36" WC="0.86" CONTENT="8."/>
						</TextLine>
						<TextLine ID="line_30" HPOS="179" VPOS="2467" WIDTH="1444" HEIGHT="41">
							<String ID="string_221" HPOS="179" VPOS="2474" WIDTH="73" HEIGHT="28" WC="0.96" CONTENT="Den"/><SP WIDTH="16" VPOS="2474" HPOS="252"/>
							<String ID="string_222" HPOS="268" VPOS="2481" WIDTH="74" HEIGHT="21" WC="0.96" CONTENT="som"/><SP WIDTH="16" VPOS="2481" HPOS="342"/>
							<String ID="string_223" HPOS="358" VPOS="2472" WIDTH="7" HEIGHT="29" WC="0.95" CONTENT="i"/><SP WIDTH="16" VPOS="2472" HPOS="365"/>
							<String ID="string_224" HPOS="381" VPOS="2474" WIDTH="107" HEIGHT="28" WC="0.96" CONTENT="annat"/><SP WIDTH="14" VPOS="2474" HPOS="488"/>
							<String ID="string_225" HPOS="502" VPOS="2472" WIDTH="66" HEIGHT="36" WC="0.96" CONTENT="fall"/><SP WIDTH="13" VPOS="2472" HPOS="568"/>
							<String ID="string_226" HPOS="581" VPOS="2472" WIDTH="44" HEIGHT="29" WC="0.96" CONTENT="än"/><SP WIDTH="14" VPOS="2472" HPOS="625"/>
							<String ID="string_227" HPOS="639" VPOS="2480" WIDTH="74" HEIGHT="21" WC="0.95" CONTENT="som"/><SP WIDTH="16" VPOS="2480" HPOS="713"/>
							<String ID="string_228" HPOS="729" VPOS="2470" WIDTH="122" HEIGHT="31" WC="0.95" CONTENT="avses"/><SP WIDTH="-18" VPOS="2470" HPOS="851"/>
							<String ID="string_229" HPOS="833" VPOS="2466" WIDTH="21" HEIGHT="46" WC="0.95" CONTENT="i"/><SP WIDTH="89" VPOS="2466" HPOS="854"/>
							<String ID="string_230" HPOS="943" VPOS="2471" WIDTH="73" HEIGHT="27" WC="0.96" CONTENT="Den"/><SP WIDTH="16" VPOS="2471" HPOS="1016"/>
							<String ID="string_231" HPOS="1032" VPOS="2478" WIDTH="74" HEIGHT="20" WC="0.96" CONTENT="som"/><SP WIDTH="15" VPOS="2478" HPOS="1106"/>
							<String ID="string_232" HPOS="1121" VPOS="2468" WIDTH="171" HEIGHT="36" WC="0.96" CONTENT="olovligen"/><SP WIDTH="16" VPOS="2468" HPOS="1292"/>
							<String ID="string_233" HPOS="1308" VPOS="2467" WIDTH="49" HEIGHT="29" WC="0.96" CONTENT="till"/><SP WIDTH="16" VPOS="2467" HPOS="1357"/>
							<String ID="string_234" HPOS="1373" VPOS="2467" WIDTH="140" HEIGHT="36" WC="0.93" CONTENT="intagen"/><SP WIDTH="15" VPOS="2467" HPOS="1513"/>
							<String ID="string_235" HPOS="1528" VPOS="2467" WIDTH="95" HEIGHT="29" WC="0.92" CONTENT="över-"/>
						</TextLine>
						<TextLine ID="line_31" HPOS="133" VPOS="2520" WIDTH="1491" HEIGHT="42">
							<String ID="string_236" HPOS="133" VPOS="2528" WIDTH="43" HEIGHT="28" WC="0.95" CONTENT="53"/><SP WIDTH="18" VPOS="2528" HPOS="176"/>
							<String ID="string_237" HPOS="194" VPOS="2526" WIDTH="15" HEIGHT="36" WC="0.85" CONTENT="8"/><SP WIDTH="16" VPOS="2526" HPOS="209"/>
							<String ID="string_238" HPOS="225" VPOS="2525" WIDTH="307" HEIGHT="36" WC="0.92" CONTENT="sinnessjuklagen"/><SP WIDTH="16" VPOS="2525" HPOS="532"/>
							<String ID="string_239" HPOS="548" VPOS="2524" WIDTH="169" HEIGHT="37" WC="0.96" CONTENT="olovligen"/><SP WIDTH="16" VPOS="2524" HPOS="717"/>
							<String ID="string_240" HPOS="733" VPOS="2524" WIDTH="51" HEIGHT="29" WC="0.90" CONTENT="till"/><SP WIDTH="17" VPOS="2524" HPOS="784"/>
							<String ID="string_241" HPOS="801" VPOS="2524" WIDTH="50" HEIGHT="29" WC="0.90" CONTENT="in-"/><SP WIDTH="56" VPOS="2524" HPOS="851"/>
							<String ID="string_242" HPOS="907" VPOS="2523" WIDTH="137" HEIGHT="29" WC="0.83" CONTENT="lämnar"/><SP WIDTH="19" VPOS="2523" HPOS="1044"/>
							<String ID="string_243" HPOS="1063" VPOS="2522" WIDTH="84" HEIGHT="29" WC="0.95" CONTENT="eller"/><SP WIDTH="21" VPOS="2522" HPOS="1147"/>
							<String ID="string_244" HPOS="1168" VPOS="2521" WIDTH="159" HEIGHT="29" WC="0.96" CONTENT="försöker"/><SP WIDTH="20" VPOS="2521" HPOS="1327"/>
							<String ID="string_245" HPOS="1347" VPOS="2520" WIDTH="200" HEIGHT="29" WC="0.93" CONTENT="överlämna"/><SP WIDTH="21" VPOS="2520" HPOS="1547"/>
							<String ID="string_246" HPOS="1568" VPOS="2529" WIDTH="56" HEIGHT="20" WC="0.90" CONTENT="va-"/>
						</TextLine>
					</TextBlock>
				</ComposedBlock>
			</PrintSpace>
		</Page>
	</Layout>
</alto>
