1890 2784
507 175 119 30 Andra
645 173 246 40 lagutskottets
911 170 180 31 utlåtande
1109 179 44 21 nr
1170 169 41 30 44
1228 169 40 30 år
1287 168 84 29 1966
1643 164 38 30 79

196 257 374 36 försöksutskrivning.
595 255 92 30 Även
712 254 94 30 tiden
831 253 54 29 för
909 253 66 28 den
999 251 166 30 fortsatta
1189 246 409 36 försöksutskrivningen
1622 244 63 30 bör

195 313 188 37 begränsas
404 311 52 30 till
477 310 101 37 högst
599 318 57 21 sex
678 308 176 30 månader.
875 305 119 38 Någon
1015 303 235 39 begränsning
1271 311 41 20 av
1333 302 65 29 den
1421 298 264 37 sammanlagda

199 366 60 35 tid,
287 365 174 30 varunder
488 373 42 20 en
559 363 134 37 patient
721 361 87 30 skall
839 360 119 29 kunna
985 367 84 20 vara
1097 356 181 31 utskriven
1306 355 43 37 på
1378 353 131 34 försök,
1537 351 147 31 föreslås

198 419 157 29 däremot
368 419 81 28 inte.

242 472 91 30 Även
358 472 64 28 när
447 471 57 29 det
528 469 109 38 gäller
661 467 223 37 utskrivning
909 466 43 37 på
979 465 120 30 försök
1125 465 64 28 har
1213 461 228 31 kommitténs
1467 459 218 40 synpunkter

194 524 172 40 godtagits
391 533 42 20 av
457 523 56 29 det
537 520 239 41 övervägande
801 519 130 31 antalet
956 518 313 30 remissinstanser.
1296 512 386 42 Sinnessjuknämnden

196 578 118 30 ställer
329 577 51 40 sig
394 576 90 31 dock
498 575 128 31 kritisk
640 575 53 30 till
708 573 227 30 kommitténs
951 571 219 40 ståndpunkt
1186 572 50 28 att
1252 569 108 30 sådan
1376 567 222 38 utskrivning
1613 566 72 29 inte

198 632 61 29 bör
275 631 218 30 förekomma
507 631 109 28 annat
630 629 45 29 än
690 628 43 29 då
748 627 173 30 särskilda
937 626 75 30 skäl
1028 625 69 29 kan
1113 624 179 36 åberopas.
1307 621 201 30 Nämndens
1523 618 163 38 entydiga

198 684 200 31 erfarenhet
418 685 38 28 är
476 685 51 28 att
548 681 222 37 utskrivning
789 680 44 37 på
854 680 120 29 försök
995 679 101 36 utgör
1116 679 48 28 ett
1186 676 221 38 synnerligen
1427 673 190 30 värdefullt
1637 672 50 29 in-

196 739 173 29 strument
390 737 55 29 för
464 736 197 39 patientens
682 733 215 41 anpassning
916 733 52 29 till
990 732 41 29 de
1052 731 55 30 för
1128 731 131 29 honom
1279 729 73 30 ofta
1373 726 224 42 påfrestande
1620 725 69 30 för-

195 791 210 30 hållandena
428 790 12 29 i
463 789 196 30 samhället.
682 787 183 30 Nämnden
889 785 203 31 hemställer
1115 784 120 30 därför
1259 784 50 29 att
1333 782 109 30 sådan
1466 779 223 39 utskrivning

200 846 86 28 även
306 846 10 29 i
336 843 274 37 fortsättningen
631 842 55 30 får
706 841 174 38 utnyttjas
902 849 74 21 som
996 841 49 28 ett
1064 838 154 31 normalt
1237 838 213 29 instrument
1469 834 56 30 för
1545 841 143 28 anpass-

200 899 84 36 ning
309 898 51 30 till
388 898 81 30 livet
495 896 145 30 utanför
667 895 196 38 sjukhuset.
890 890 458 34 Justitiekanslersämbetet
1374 889 116 29 finner
1516 888 58 29 det
1599 881 89 47 otill-

201 951 270 30 fredsställande
498 952 50 28 att
575 949 220 30 eftervården
822 958 42 20 av
890 948 41 30 de
958 945 337 34 försöksutskrivna,
1323 952 74 21 som
1424 942 70 29 kan
1520 940 168 30 innebära

200 1007 196 37 betydande
423 1003 438 36 frihetsinskränkningar,
888 1001 136 29 lämnas
1053 999 36 30 så
1116 1001 74 35 gott
1216 1006 74 21 som
1317 996 72 30 helt
1415 994 189 38 oreglerad.
1630 993 59 30 Ut-

198 1059 181 39 skrivning
399 1058 46 40 på
464 1057 121 30 försök
606 1057 159 29 kommer
785 1055 11 30 i
818 1054 99 40 fråga
937 1052 248 31 företrädesvis
1208 1051 54 30 för
1283 1050 172 40 patienter
1476 1057 75 21 som
1572 1046 117 40 begått

201 1113 102 30 brott.
320 1112 175 30 Eftersom
510 1112 42 30 de
566 1109 280 39 lagöverträdare
861 1117 73 21 som
950 1106 221 31 överlämnas
1185 1105 52 30 till
1253 1100 303 39 mentalsjukvård
1571 1101 10 29 i
1595 1100 95 37 prin-

201 1166 55 37 cip
271 1166 71 30 inte
357 1165 62 30 bör
433 1165 142 29 komma
590 1164 11 29 i
617 1164 114 29 sämre
747 1161 165 37 ställning
928 1161 44 29 än
988 1160 41 29 de
1044 1168 75 21 som
1135 1157 248 31 omhändertas
1399 1156 94 29 inom
1509 1149 181 46 kriminal-

201 1219 141 35 vården,
358 1219 63 29 bör
437 1217 243 38 skyldigheten
697 1217 50 29 att
763 1214 215 31 underkasta
994 1213 51 37 sig
1062 1212 173 30 särskilda
1252 1209 222 31 föreskrifter
1489 1208 64 30 och
1571 1208 50 29 att
1637 1206 54 31 stå

203 1273 111 29 under
338 1271 119 38 tillsyn
483 1272 151 36 regleras
659 1271 11 29 i
695 1270 110 36 lagen.
830 1267 317 31 Bestämmelserna
1171 1265 62 30 bör
1257 1264 122 30 kunna
1404 1262 173 30 utformas
1603 1260 88 30 efter

202 1327 155 28 mönster
374 1334 42 21 av
433 1325 78 29 dem
529 1333 74 21 som
623 1323 96 30 finns
737 1324 10 29 i
764 1321 241 31 brottsbalken
1022 1319 224 31 beträffande
1262 1317 192 36 villkorligt
1470 1315 161 37 frigivna.

248 1379 65 29 För
332 1386 84 29 egen
436 1378 54 30 del
510 1377 157 31 ansluter
686 1377 58 36 jag
765 1376 69 39 mig
853 1377 10 28 i
882 1374 186 30 huvudsak
1088 1373 51 30 till
1161 1371 227 31 kommitténs
1408 1369 140 36 förslag.
1570 1367 121 30 Såsom

204 1431 208 30 kommittén
433 1430 197 30 framhållit
651 1439 102 28 synes
775 1428 222 36 utskrivning
1018 1426 43 40 på
1084 1425 121 31 försök
1225 1425 45 29 ha
1293 1424 53 30 sin
1368 1424 127 30 största
1516 1421 176 37 betydelse

201 1484 64 29 när
289 1484 56 29 det
369 1483 107 40 gäller
500 1482 194 30 kriminellt
717 1480 177 31 belastade
918 1480 183 40 patienter.
1127 1478 94 30 Även
1245 1477 100 39 eljest
1370 1476 108 34 torde,
1503 1476 10 28 i
1539 1474 152 39 enlighet

202 1537 79 29 med
296 1536 66 30 vad
377 1536 59 40 jag
452 1535 146 40 tidigare
616 1535 127 34 anfört,
762 1534 221 38 utskrivning
999 1532 45 40 på
1061 1532 122 30 försök
1198 1531 10 30 i
1224 1531 93 29 vissa
1334 1529 61 30 fall
1413 1529 121 29 kunna
1550 1537 85 20 vara
1650 1536 43 20 av

202 1589 116 30 värde.
343 1589 59 30 Att
426 1589 83 39 göra
533 1588 223 39 utskrivning
781 1587 45 39 på
850 1586 121 30 försök
995 1585 53 30 till
1073 1587 48 28 ett
1147 1583 151 31 normalt
1322 1583 113 38 inslag
1459 1582 11 29 i
1494 1580 131 31 vården
1651 1589 42 20 av

202 1643 162 40 psykiskt
389 1642 105 40 sjuka
518 1642 117 29 finner
659 1641 60 39 jag
743 1640 89 30 dock
856 1640 71 29 inte
952 1639 169 39 lämpligt.
1147 1637 250 30 Avvikelserna
1421 1635 80 30 från
1525 1634 67 30 vad
1618 1642 74 21 som

203 1697 106 39 gäller
333 1696 54 29 för
410 1695 195 40 kroppsligt
629 1694 106 40 sjuka
757 1694 173 39 patienter
952 1692 63 29 bör
1038 1691 108 39 enligt
1168 1690 74 30 min
1266 1689 227 40 uppfattning
1516 1688 70 29 inte
1610 1695 83 21 vara

203 1750 66 29 fler
288 1751 43 28 än
351 1758 74 21 som
444 1749 38 29 är
501 1748 137 30 absolut
658 1746 260 40 oundgängligt.
937 1746 65 38 Jag
1021 1744 161 30 förordar
1202 1743 118 30 därför
1340 1743 10 29 i
1369 1741 110 30 likhet
1498 1740 79 30 med
1596 1740 98 29 kom-

203 1803 122 29 mittén
347 1804 50 28 att
417 1802 56 30 det
494 1801 89 30 skall
605 1800 167 39 föreligga
793 1798 173 31 särskilda
987 1798 75 29 skäl
1085 1797 55 29 för
1160 1799 50 27 att
1230 1805 42 20 en
1293 1795 133 40 patient
1447 1794 89 30 skall
1558 1793 135 29 skrivas

202 1858 38 27 ut
258 1856 44 39 på
320 1855 131 30 försök.

250 1908 121 31 Såsom
397 1907 209 30 kommittén
634 1906 179 39 föreslagit
839 1905 63 29 bör
929 1904 56 29 det
1012 1904 72 29 inte
1112 1902 118 30 finnas
1257 1901 104 39 något
1389 1900 153 30 formellt
1569 1898 125 30 hinder

205 1964 51 29 att
273 1962 161 30 använda
452 1961 108 30 sådan
580 1959 222 37 utskrivning
820 1960 86 28 även
925 1966 55 21 om
1000 1957 178 36 patienten
1197 1954 87 31 skall
1304 1953 171 30 återföras
1494 1952 51 30 till
1565 1951 130 30 anstalt

208 2025 41 19 av
263 2015 104 37 något
381 2015 83 37 slag.

250 2067 228 39 Utskrivning
497 2066 44 39 på
561 2066 121 29 försök
702 2065 78 29 från
802 2065 113 29 sluten
935 2062 216 41 psykiatrisk
1171 2061 85 30 vård
1275 2061 38 29 är
1333 2062 48 29 ett
1400 2060 54 29 led
1474 2060 11 28 i
1504 2058 130 30 vården
1654 2066 42 21 av

207 2120 66 30 den
297 2120 102 39 sjuke
423 2120 64 29 och
510 2119 62 29 bör
596 2118 107 40 enligt
727 2118 73 29 min
825 2116 226 40 uppfattning
1075 2116 71 28 inte
1171 2115 51 29 till
1248 2114 59 29 sitt
1331 2112 154 30 innehåll
1510 2111 151 39 regleras
1685 2110 11 29 i

207 2174 115 29 vidare
344 2172 82 30 mån
448 2172 44 29 än
513 2171 130 30 vården
665 2171 11 29 i
698 2171 120 38 övrigt,
841 2179 56 20 om
920 2169 56 29 det
998 2168 71 29 inte
1110 2168 38 28 är
1170 2166 279 39 oundgängligen
1471 2164 224 38 nödvändigt.

207 2226 91 29 Även
319 2235 56 20 om
397 2225 55 30 det
472 2225 11 29 i
503 2225 69 29 viss
595 2223 243 38 utsträckning
859 2222 70 29 kan
950 2221 117 30 finnas
1089 2221 58 38 fog
1167 2220 55 29 för
1242 2228 41 20 en
1303 2218 203 39 jämförelse
1527 2216 79 30 med
1627 2216 70 29 kri-

209 2278 241 30 minalvården
478 2277 62 29 bör
569 2276 89 29 dock
686 2275 267 39 parallelliteten
982 2273 77 29 med
1090 2273 114 28 denna
1233 2271 105 38 enligt
1368 2270 72 29 min
1470 2268 227 40 uppfattning

207 2332 71 28 inte
297 2330 237 30 överbetonas.
553 2330 64 38 Jag
637 2328 153 30 biträder
809 2327 119 29 därför
949 2325 227 30 kommitténs
1197 2324 129 38 förslag
1346 2325 49 27 att
1416 2322 40 29 de
1476 2321 222 30 föreskrifter

209 2393 74 20 som
306 2383 88 30 skall
417 2383 120 28 kunna
560 2381 177 29 meddelas
760 2380 10 29 i
794 2379 169 29 samband
986 2377 79 30 med
1089 2377 222 37 utskrivning
1333 2375 44 40 på
1400 2375 121 29 försök
1543 2374 70 29 inte
1635 2373 63 29 bör

208 2437 160 28 närmare
391 2436 151 38 regleras
566 2435 10 29 i
600 2434 110 39 lagen.
734 2433 71 29 Mol
828 2432 65 29 vad
917 2430 209 30 kommittén
1151 2428 203 30 motivledes
1378 2428 126 29 uttalat
1528 2436 56 20 om
1610 2426 88 29 före-

210 2490 208 28 skriflernas
441 2487 152 30 innehåll
616 2487 63 28 har
702 2485 112 39 någon
837 2484 107 29 kritik
967 2484 70 29 inte
1060 2483 125 29 riktats
1208 2482 62 29 och
1292 2481 59 39 jag
1372 2481 68 28 kan
1463 2480 53 29 för
1538 2487 83 31 egen
1644 2479 53 29 del
