<?xml version="1.0" encoding="UTF-8"?>
<alto xmlns="http://www.loc.gov/standards/alto/ns-v3#" xmlns:xlink="http://www.w3.org/1999/xlink" xmlns:xsi="http://www.w3.org/2001/XMLSchema-instance" xsi:schemaLocation="http://www.loc.gov/standards/alto/ns-v3# http://www.loc.gov/alto/v3/alto-3-0.xsd">
	<Description>
		<MeasurementUnit>pixel</MeasurementUnit>
		<sourceImageInformation>
			<fileName>/tmp/tess_6s7jwwqo_input.PNG</fileName>
		</sourceImageInformation>
		<OCRProcessing ID="OCR_0">
			<ocrProcessingStep>
				<processingSoftware>
					<softwareName>tesseract 5.3.0</softwareName>
				</processingSoftware>
			</ocrProcessingStep>
		</OCRProcessing>
	</Description>
	<Layout>
		<Page WIDTH="2190" HEIGHT="2618" PHYSICAL_IMG_NR="0" ID="page_0">
			<PrintSpace HPOS="0" VPOS="0" WIDTH="2190" HEIGHT="2618">
				<ComposedBlock ID="cblock_0" HPOS="693" VPOS="212" WIDTH="1094" HEIGHT="32">
					<TextBlock ID="block_0" HPOS="693" VPOS="212" WIDTH="1094" HEIGHT="32">
						<TextLine ID="line_0" HPOS="693" VPOS="212" WIDTH="1094" HEIGHT="32">
							<String ID="string_0" HPOS="693" VPOS="212" WIDTH="254" HEIGHT="32" WC="0.57" CONTENT="Statsutskoltets"/><SP WIDTH="22" VPOS="212" HPOS="947"/>
							<String ID="string_1" HPOS="969" VPOS="212" WIDTH="165" HEIGHT="32" WC="0.95" CONTENT="memorial"/><SP WIDTH="22" VPOS="212" HPOS="1134"/>
							<String ID="string_2" HPOS="1156" VPOS="213" WIDTH="52" HEIGHT="31" WC="0.94" CONTENT="Nr"/><SP WIDTH="21" VPOS="213" HPOS="1208"/>
							<String ID="string_3" HPOS="1229" VPOS="215" WIDTH="74" HEIGHT="29" WC="0.96" CONTENT="216."/><SP WIDTH="474" VPOS="215" HPOS="1303"/>
							<String ID="string_4" HPOS="1777" VPOS="214" WIDTH="10" HEIGHT="29" WC="0.66" CONTENT="1"/>
						</TextLine>
					</TextBlock>
				</ComposedBlock>
				<ComposedBlock ID="cblock_1" HPOS="712" VPOS="613" WIDTH="1076" HEIGHT="161">
					<TextBlock ID="block_1" HPOS="712" VPOS="613" WIDTH="1076" HEIGHT="161">
						<TextLine ID="line_1" HPOS="893" VPOS="613" WIDTH="196" HEIGHT="40">
							<String ID="string_5" HPOS="893" VPOS="613" WIDTH="67" HEIGHT="39" WC="0.96" CONTENT="Nr"/><SP WIDTH="29" VPOS="613" HPOS="960"/>
							<String ID="string_6" HPOS="989" VPOS="614" WIDTH="100" HEIGHT="39" WC="0.95" CONTENT="216."/>
						</TextLine>
						<TextLine ID="line_2" HPOS="712" VPOS="737" WIDTH="1076" HEIGHT="37">
							<String ID="string_7" HPOS="712" VPOS="737" WIDTH="125" HEIGHT="28" WC="0.96" CONTENT="Ankom"/><SP WIDTH="24" VPOS="737" HPOS="837"/>
							<String ID="string_8" HPOS="861" VPOS="737" WIDTH="49" HEIGHT="28" WC="0.96" CONTENT="till"/><SP WIDTH="23" VPOS="737" HPOS="910"/>
							<String ID="string_9" HPOS="933" VPOS="737" WIDTH="187" HEIGHT="37" WC="0.96" CONTENT="riksdagens"/><SP WIDTH="24" VPOS="737" HPOS="1120"/>
							<String ID="string_10" HPOS="1144" VPOS="737" WIDTH="105" HEIGHT="28" WC="0.96" CONTENT="kansli"/><SP WIDTH="24" VPOS="737" HPOS="1249"/>
							<String ID="string_11" HPOS="1273" VPOS="737" WIDTH="61" HEIGHT="28" WC="0.96" CONTENT="den"/><SP WIDTH="27" VPOS="737" HPOS="1334"/>
							<String ID="string_12" HPOS="1361" VPOS="737" WIDTH="36" HEIGHT="27" WC="0.96" CONTENT="10"/><SP WIDTH="23" VPOS="737" HPOS="1397"/>
							<String ID="string_13" HPOS="1420" VPOS="737" WIDTH="70" HEIGHT="37" WC="0.96" CONTENT="juni"/><SP WIDTH="27" VPOS="737" HPOS="1490"/>
							<String ID="string_14" HPOS="1517" VPOS="737" WIDTH="76" HEIGHT="28" WC="0.96" CONTENT="1921"/><SP WIDTH="26" VPOS="737" HPOS="1593"/>
							<String ID="string_15" HPOS="1619" VPOS="738" WIDTH="41" HEIGHT="28" WC="0.95" CONTENT="kl."/><SP WIDTH="28" VPOS="738" HPOS="1660"/>
							<String ID="string_16" HPOS="1688" VPOS="738" WIDTH="37" HEIGHT="28" WC="0.93" CONTENT="12"/><SP WIDTH="24" VPOS="738" HPOS="1725"/>
							<String ID="string_17" HPOS="1749" VPOS="747" WIDTH="39" HEIGHT="19" WC="0.90" CONTENT="m."/>
						</TextLine>
					</TextBlock>
				</ComposedBlock>
				<ComposedBlock ID="cblock_2" HPOS="500" VPOS="846" WIDTH="1291" HEIGHT="228">
					<TextBlock ID="block_2" HPOS="500" VPOS="846" WIDTH="1291" HEIGHT="228">
						<TextLine ID="line_3" HPOS="500" VPOS="846" WIDTH="1291" HEIGHT="49">
							<String ID="string_18" HPOS="500" VPOS="846" WIDTH="193" HEIGHT="36" WC="0.68" CONTENT="Memorial"/><SP WIDTH="14" VPOS="846" HPOS="693"/>
							<String ID="string_19" HPOS="707" VPOS="846" WIDTH="14" HEIGHT="35" WC="0.86" CONTENT="i"/><SP WIDTH="14" VPOS="846" HPOS="721"/>
							<String ID="string_20" HPOS="735" VPOS="846" WIDTH="194" HEIGHT="48" WC="0.95" CONTENT="anledning"/><SP WIDTH="15" VPOS="846" HPOS="929"/>
							<String ID="string_21" HPOS="944" VPOS="859" WIDTH="44" HEIGHT="23" WC="0.93" CONTENT="av"/><SP WIDTH="12" VPOS="859" HPOS="988"/>
							<String ID="string_22" HPOS="1000" VPOS="846" WIDTH="207" HEIGHT="37" WC="0.92" CONTENT="kamrarnes"/><SP WIDTH="14" VPOS="846" HPOS="1207"/>
							<String ID="string_23" HPOS="1221" VPOS="846" WIDTH="208" HEIGHT="49" WC="0.96" CONTENT="skiljaktiga"/><SP WIDTH="15" VPOS="846" HPOS="1429"/>
							<String ID="string_24" HPOS="1444" VPOS="846" WIDTH="111" HEIGHT="36" WC="0.96" CONTENT="beslut"/><SP WIDTH="15" VPOS="846" HPOS="1555"/>
							<String ID="string_25" HPOS="1570" VPOS="847" WIDTH="221" HEIGHT="48" WC="0.96" CONTENT="beträffande"/>
						</TextLine>
						<TextLine ID="line_4" HPOS="591" VPOS="906" WIDTH="1199" HEIGHT="49">
							<String ID="string_26" HPOS="591" VPOS="906" WIDTH="266" HEIGHT="36" WC="0.91" CONTENT="statsutskottets"/><SP WIDTH="13" VPOS="906" HPOS="857"/>
							<String ID="string_27" HPOS="870" VPOS="907" WIDTH="144" HEIGHT="48" WC="0.96" CONTENT="förslag"/><SP WIDTH="21" VPOS="907" HPOS="1014"/>
							<String ID="string_28" HPOS="1035" VPOS="907" WIDTH="55" HEIGHT="35" WC="0.93" CONTENT="till"/><SP WIDTH="19" VPOS="907" HPOS="1090"/>
							<String ID="string_29" HPOS="1109" VPOS="907" WIDTH="352" HEIGHT="48" WC="0.88" CONTENT="sammanjämkning"/><SP WIDTH="19" VPOS="907" HPOS="1461"/>
							<String ID="string_30" HPOS="1480" VPOS="907" WIDTH="132" HEIGHT="36" WC="0.93" CONTENT="mellan"/><SP WIDTH="16" VPOS="907" HPOS="1612"/>
							<String ID="string_31" HPOS="1628" VPOS="907" WIDTH="162" HEIGHT="36" WC="0.91" CONTENT="kamrar-"/>
						</TextLine>
						<TextLine ID="line_5" HPOS="591" VPOS="965" WIDTH="1200" HEIGHT="50">
							<String ID="string_32" HPOS="591" VPOS="978" WIDTH="59" HEIGHT="24" WC="0.93" CONTENT="nes"/><SP WIDTH="40" VPOS="978" HPOS="650"/>
							<String ID="string_33" HPOS="690" VPOS="965" WIDTH="153" HEIGHT="49" WC="0.89" CONTENT="stridiga"/><SP WIDTH="41" VPOS="965" HPOS="843"/>
							<String ID="string_34" HPOS="884" VPOS="966" WIDTH="112" HEIGHT="36" WC="0.95" CONTENT="beslut"/><SP WIDTH="35" VPOS="966" HPOS="996"/>
							<String ID="string_35" HPOS="1031" VPOS="968" WIDTH="14" HEIGHT="34" WC="0.96" CONTENT="i"/><SP WIDTH="26" VPOS="968" HPOS="1045"/>
							<String ID="string_36" HPOS="1071" VPOS="967" WIDTH="118" HEIGHT="48" WC="0.96" CONTENT="fråga"/><SP WIDTH="38" VPOS="967" HPOS="1189"/>
							<String ID="string_37" HPOS="1227" VPOS="979" WIDTH="55" HEIGHT="23" WC="0.95" CONTENT="om"/><SP WIDTH="28" VPOS="979" HPOS="1282"/>
							<String ID="string_38" HPOS="1310" VPOS="966" WIDTH="128" HEIGHT="49" WC="0.95" CONTENT="anslag"/><SP WIDTH="21" VPOS="966" HPOS="1438"/>
							<String ID="string_39" HPOS="1459" VPOS="966" WIDTH="64" HEIGHT="48" WC="0.93" CONTENT="för"/><SP WIDTH="27" VPOS="966" HPOS="1523"/>
							<String ID="string_40" HPOS="1550" VPOS="968" WIDTH="241" HEIGHT="36" WC="0.91" CONTENT="barnmorske-"/>
						</TextLine>
						<TextLine ID="line_6" HPOS="590" VPOS="1025" WIDTH="311" HEIGHT="49">
							<String ID="string_41" HPOS="590" VPOS="1025" WIDTH="311" HEIGHT="49" WC="0.95" CONTENT="undervisningen."/>
						</TextLine>
					</TextBlock>
				</ComposedBlock>
				<ComposedBlock ID="cblock_3" HPOS="1487" VPOS="1078" WIDTH="200" HEIGHT="50">
					<TextBlock ID="block_3" HPOS="1487" VPOS="1078" WIDTH="200" HEIGHT="50">
						<TextLine ID="line_7" HPOS="1487" VPOS="1078" WIDTH="200" HEIGHT="50">
							<String ID="string_42" HPOS="1487" VPOS="1080" WIDTH="71" HEIGHT="42" WC="0.91" CONTENT="(3:e"/><SP WIDTH="28" VPOS="1080" HPOS="1558"/>
							<String ID="string_43" HPOS="1586" VPOS="1078" WIDTH="101" HEIGHT="50" WC="0.95" CONTENT="avd.)"/>
						</TextLine>
					</TextBlock>
				</ComposedBlock>
				<ComposedBlock ID="cblock_4" HPOS="193" VPOS="1180" WIDTH="1600" HEIGHT="1248">
					<TextBlock ID="block_4" HPOS="193" VPOS="1180" WIDTH="1598" HEIGHT="206">
						<TextLine ID="line_8" HPOS="296" VPOS="1180" WIDTH="1495" HEIGHT="51">
							<String ID="string_44" HPOS="296" VPOS="1180" WIDTH="18" HEIGHT="36" WC="0.94" CONTENT="I"/><SP WIDTH="40" VPOS="1180" HPOS="314"/>
							<String ID="string_45" HPOS="354" VPOS="1193" WIDTH="47" HEIGHT="23" WC="0.96" CONTENT="en"/><SP WIDTH="41" VPOS="1193" HPOS="401"/>
							<String ID="string_46" HPOS="442" VPOS="1180" WIDTH="72" HEIGHT="37" WC="0.96" CONTENT="den"/><SP WIDTH="40" VPOS="1180" HPOS="514"/>
							<String ID="string_47" HPOS="554" VPOS="1182" WIDTH="24" HEIGHT="34" WC="0.95" CONTENT="4"/><SP WIDTH="37" VPOS="1182" HPOS="578"/>
							<String ID="string_48" HPOS="615" VPOS="1180" WIDTH="162" HEIGHT="51" WC="0.95" CONTENT="februari"/><SP WIDTH="40" VPOS="1180" HPOS="777"/>
							<String ID="string_49" HPOS="817" VPOS="1182" WIDTH="96" HEIGHT="35" WC="0.92" CONTENT="1921"/><SP WIDTH="40" VPOS="1182" HPOS="913"/>
							<String ID="string_50" HPOS="953" VPOS="1181" WIDTH="239" HEIGHT="49" WC="0.92" CONTENT="dagtecknad"/><SP WIDTH="37" VPOS="1181" HPOS="1192"/>
							<String ID="string_51" HPOS="1229" VPOS="1182" WIDTH="244" HEIGHT="49" WC="0.95" CONTENT="proposition,"/><SP WIDTH="29" VPOS="1182" HPOS="1473"/>
							<String ID="string_52" HPOS="1502" VPOS="1196" WIDTH="44" HEIGHT="22" WC="0.96" CONTENT="nr"/><SP WIDTH="28" VPOS="1196" HPOS="1546"/>
							<String ID="string_53" HPOS="1574" VPOS="1184" WIDTH="60" HEIGHT="46" WC="0.95" CONTENT="65,"/><SP WIDTH="30" VPOS="1184" HPOS="1634"/>
							<String ID="string_54" HPOS="1664" VPOS="1183" WIDTH="127" HEIGHT="37" WC="0.96" CONTENT="vilken"/>
						</TextLine>
						<TextLine ID="line_9" HPOS="194" VPOS="1232" WIDTH="1595" HEIGHT="52">
							<String ID="string_55" HPOS="194" VPOS="1232" WIDTH="193" HEIGHT="37" WC="0.96" CONTENT="hänvisats"/><SP WIDTH="28" VPOS="1232" HPOS="387"/>
							<String ID="string_56" HPOS="415" VPOS="1232" WIDTH="57" HEIGHT="36" WC="0.93" CONTENT="till"/><SP WIDTH="28" VPOS="1232" HPOS="472"/>
							<String ID="string_57" HPOS="500" VPOS="1232" WIDTH="301" HEIGHT="37" WC="0.91" CONTENT="statsutskottets"/><SP WIDTH="28" VPOS="1232" HPOS="801"/>
							<String ID="string_58" HPOS="829" VPOS="1233" WIDTH="270" HEIGHT="37" WC="0.96" CONTENT="förberedande"/><SP WIDTH="28" VPOS="1233" HPOS="1099"/>
							<String ID="string_59" HPOS="1127" VPOS="1233" WIDTH="242" HEIGHT="50" WC="0.96" CONTENT="behandling,"/><SP WIDTH="25" VPOS="1233" HPOS="1369"/>
							<String ID="string_60" HPOS="1394" VPOS="1234" WIDTH="95" HEIGHT="36" WC="0.96" CONTENT="hade"/><SP WIDTH="19" VPOS="1234" HPOS="1489"/>
							<String ID="string_61" HPOS="1508" VPOS="1234" WIDTH="141" HEIGHT="49" WC="0.96" CONTENT="Kungl."/><SP WIDTH="21" VPOS="1234" HPOS="1649"/>
							<String ID="string_62" HPOS="1670" VPOS="1235" WIDTH="119" HEIGHT="49" WC="0.96" CONTENT="Maj:t,"/>
						</TextLine>
						<TextLine ID="line_10" HPOS="193" VPOS="1283" WIDTH="1598" HEIGHT="52">
							<String ID="string_63" HPOS="193" VPOS="1283" WIDTH="119" HEIGHT="37" WC="0.95" CONTENT="under"/><SP WIDTH="41" VPOS="1283" HPOS="312"/>
							<String ID="string_64" HPOS="353" VPOS="1284" WIDTH="235" HEIGHT="49" WC="0.96" CONTENT="åberopande"/><SP WIDTH="41" VPOS="1284" HPOS="588"/>
							<String ID="string_65" HPOS="629" VPOS="1298" WIDTH="47" HEIGHT="22" WC="0.93" CONTENT="av"/><SP WIDTH="31" VPOS="1298" HPOS="676"/>
							<String ID="string_66" HPOS="707" VPOS="1284" WIDTH="121" HEIGHT="49" WC="0.92" CONTENT="bilagt"/><SP WIDTH="32" VPOS="1284" HPOS="828"/>
							<String ID="string_67" HPOS="860" VPOS="1284" WIDTH="138" HEIGHT="50" WC="0.95" CONTENT="utdrag"/><SP WIDTH="28" VPOS="1284" HPOS="998"/>
							<String ID="string_68" HPOS="1026" VPOS="1298" WIDTH="46" HEIGHT="23" WC="0.92" CONTENT="av"/><SP WIDTH="30" VPOS="1298" HPOS="1072"/>
							<String ID="string_69" HPOS="1102" VPOS="1285" WIDTH="412" HEIGHT="50" WC="0.91" CONTENT="statsrådsprotokollet"/><SP WIDTH="28" VPOS="1285" HPOS="1514"/>
							<String ID="string_70" HPOS="1542" VPOS="1291" WIDTH="90" HEIGHT="32" WC="0.93" CONTENT="över"/><SP WIDTH="28" VPOS="1291" HPOS="1632"/>
							<String ID="string_71" HPOS="1660" VPOS="1287" WIDTH="131" HEIGHT="36" WC="0.92" CONTENT="social-"/>
						</TextLine>
						<TextLine ID="line_11" HPOS="195" VPOS="1335" WIDTH="1068" HEIGHT="51">
							<String ID="string_72" HPOS="195" VPOS="1335" WIDTH="161" HEIGHT="37" WC="0.96" CONTENT="ärenden"/><SP WIDTH="27" VPOS="1335" HPOS="356"/>
							<String ID="string_73" HPOS="383" VPOS="1336" WIDTH="58" HEIGHT="36" WC="0.96" CONTENT="för"/><SP WIDTH="27" VPOS="1336" HPOS="441"/>
							<String ID="string_74" HPOS="468" VPOS="1349" WIDTH="142" HEIGHT="23" WC="0.96" CONTENT="samma"/><SP WIDTH="28" VPOS="1349" HPOS="610"/>
							<String ID="string_75" HPOS="638" VPOS="1336" WIDTH="86" HEIGHT="48" WC="0.96" CONTENT="dag,"/><SP WIDTH="30" VPOS="1336" HPOS="724"/>
							<String ID="string_76" HPOS="754" VPOS="1336" WIDTH="194" HEIGHT="49" WC="0.96" CONTENT="föreslagit"/><SP WIDTH="27" VPOS="1336" HPOS="948"/>
							<String ID="string_77" HPOS="975" VPOS="1337" WIDTH="204" HEIGHT="49" WC="0.96" CONTENT="riksdagen"/><SP WIDTH="29" VPOS="1337" HPOS="1179"/>
							<String ID="string_78" HPOS="1208" VPOS="1343" WIDTH="55" HEIGHT="30" WC="0.96" CONTENT="att"/>
						</TextLine>
					</TextBlock>
					<TextBlock ID="block_5" HPOS="193" VPOS="1387" WIDTH="1599" HEIGHT="155">
						<TextLine ID="line_12" HPOS="278" VPOS="1387" WIDTH="1513" HEIGHT="50">
							<String ID="string_79" HPOS="278" VPOS="1388" WIDTH="94" HEIGHT="36" WC="0.73" CONTENT="&quot;dels"/><SP WIDTH="39" VPOS="1388" HPOS="372"/>
							<String ID="string_80" HPOS="411" VPOS="1387" WIDTH="90" HEIGHT="49" WC="0.96" CONTENT="höja"/><SP WIDTH="27" VPOS="1387" HPOS="501"/>
							<String ID="string_81" HPOS="528" VPOS="1388" WIDTH="62" HEIGHT="35" WC="0.96" CONTENT="det"/><SP WIDTH="26" VPOS="1388" HPOS="590"/>
							<String ID="string_82" HPOS="616" VPOS="1387" WIDTH="119" HEIGHT="37" WC="0.96" CONTENT="under"/><SP WIDTH="28" VPOS="1387" HPOS="735"/>
							<String ID="string_83" HPOS="763" VPOS="1387" WIDTH="176" HEIGHT="37" WC="0.93" CONTENT="rubriken"/><SP WIDTH="28" VPOS="1387" HPOS="939"/>
							<String ID="string_84" HPOS="967" VPOS="1388" WIDTH="590" HEIGHT="49" WC="0.89" CONTENT="»Barnmorskeundervisningen"/><SP WIDTH="28" VPOS="1388" HPOS="1557"/>
							<String ID="string_85" HPOS="1585" VPOS="1390" WIDTH="70" HEIGHT="36" WC="0.93" CONTENT="och"/><SP WIDTH="28" VPOS="1390" HPOS="1655"/>
							<String ID="string_86" HPOS="1683" VPOS="1390" WIDTH="108" HEIGHT="36" WC="0.92" CONTENT="barn-"/>
						</TextLine>
						<TextLine ID="line_13" HPOS="193" VPOS="1438" WIDTH="1599" HEIGHT="53">
							<String ID="string_87" HPOS="193" VPOS="1438" WIDTH="256" HEIGHT="38" WC="0.80" CONTENT="bördshusen»"/><SP WIDTH="40" VPOS="1438" HPOS="449"/>
							<String ID="string_88" HPOS="489" VPOS="1444" WIDTH="196" HEIGHT="44" WC="0.96" CONTENT="upptagna"/><SP WIDTH="41" VPOS="1444" HPOS="685"/>
							<String ID="string_89" HPOS="726" VPOS="1439" WIDTH="186" HEIGHT="37" WC="0.95" CONTENT="ordinarie"/><SP WIDTH="42" VPOS="1439" HPOS="912"/>
							<String ID="string_90" HPOS="954" VPOS="1441" WIDTH="131" HEIGHT="48" WC="0.95" CONTENT="anslag"/><SP WIDTH="27" VPOS="1441" HPOS="1085"/>
							<String ID="string_91" HPOS="1112" VPOS="1440" WIDTH="85" HEIGHT="37" WC="0.93" CONTENT="med"/><SP WIDTH="30" VPOS="1440" HPOS="1197"/>
							<String ID="string_92" HPOS="1227" VPOS="1442" WIDTH="136" HEIGHT="45" WC="0.92" CONTENT="34,023"/><SP WIDTH="29" VPOS="1442" HPOS="1363"/>
							<String ID="string_93" HPOS="1392" VPOS="1441" WIDTH="149" HEIGHT="48" WC="0.96" CONTENT="kronor,"/><SP WIDTH="28" VPOS="1441" HPOS="1541"/>
							<String ID="string_94" HPOS="1569" VPOS="1442" WIDTH="223" HEIGHT="49" WC="0.96" CONTENT="varigenom"/>
						</TextLine>
						<TextLine ID="line_14" HPOS="195" VPOS="1490" WIDTH="1596" HEIGHT="52">
							<String ID="string_95" HPOS="195" VPOS="1504" WIDTH="143" HEIGHT="24" WC="0.96" CONTENT="samma"/><SP WIDTH="27" VPOS="1504" HPOS="338"/>
							<String ID="string_96" HPOS="365" VPOS="1490" WIDTH="145" HEIGHT="50" WC="0.96" CONTENT="anslag,"/><SP WIDTH="29" VPOS="1490" HPOS="510"/>
							<String ID="string_97" HPOS="539" VPOS="1504" WIDTH="50" HEIGHT="23" WC="0.92" CONTENT="nu"/><SP WIDTH="29" VPOS="1504" HPOS="589"/>
							<String ID="string_98" HPOS="618" VPOS="1492" WIDTH="139" HEIGHT="47" WC="0.92" CONTENT="38,680"/><SP WIDTH="28" VPOS="1492" HPOS="757"/>
							<String ID="string_99" HPOS="785" VPOS="1491" WIDTH="149" HEIGHT="49" WC="0.96" CONTENT="kronor,"/><SP WIDTH="30" VPOS="1491" HPOS="934"/>
							<String ID="string_100" HPOS="964" VPOS="1492" WIDTH="170" HEIGHT="37" WC="0.95" CONTENT="kommer"/><SP WIDTH="27" VPOS="1492" HPOS="1134"/>
							<String ID="string_101" HPOS="1161" VPOS="1498" WIDTH="56" HEIGHT="30" WC="0.95" CONTENT="att"/><SP WIDTH="28" VPOS="1498" HPOS="1217"/>
							<String ID="string_102" HPOS="1245" VPOS="1495" WIDTH="127" HEIGHT="47" WC="0.96" CONTENT="uppgå"/><SP WIDTH="26" VPOS="1495" HPOS="1372"/>
							<String ID="string_103" HPOS="1398" VPOS="1493" WIDTH="58" HEIGHT="36" WC="0.93" CONTENT="till"/><SP WIDTH="22" VPOS="1493" HPOS="1456"/>
							<String ID="string_104" HPOS="1478" VPOS="1494" WIDTH="136" HEIGHT="46" WC="0.91" CONTENT="72,703"/><SP WIDTH="21" VPOS="1494" HPOS="1614"/>
							<String ID="string_105" HPOS="1635" VPOS="1494" WIDTH="156" HEIGHT="45" WC="0.96" CONTENT="kronor;"/>
						</TextLine>
					</TextBlock>
					<TextBlock ID="block_6" HPOS="195" VPOS="1543" WIDTH="1597" HEIGHT="258">
						<TextLine ID="line_15" HPOS="286" VPOS="1543" WIDTH="1505" HEIGHT="51">
							<String ID="string_106" HPOS="286" VPOS="1544" WIDTH="86" HEIGHT="46" WC="0.79" CONTENT="dels"/><SP WIDTH="27" VPOS="1544" HPOS="372"/>
							<String ID="string_107" HPOS="399" VPOS="1546" WIDTH="20" HEIGHT="33" WC="0.91" CONTENT="å"/><SP WIDTH="29" VPOS="1546" HPOS="419"/>
							<String ID="string_108" HPOS="448" VPOS="1543" WIDTH="231" HEIGHT="49" WC="0.91" CONTENT="tilläggsstat"/><SP WIDTH="27" VPOS="1543" HPOS="679"/>
							<String ID="string_109" HPOS="706" VPOS="1543" WIDTH="59" HEIGHT="38" WC="0.96" CONTENT="för"/><SP WIDTH="27" VPOS="1543" HPOS="765"/>
							<String ID="string_110" HPOS="792" VPOS="1546" WIDTH="41" HEIGHT="34" WC="0.96" CONTENT="år"/><SP WIDTH="22" VPOS="1546" HPOS="833"/>
							<String ID="string_111" HPOS="855" VPOS="1546" WIDTH="96" HEIGHT="35" WC="0.96" CONTENT="1921"/><SP WIDTH="22" VPOS="1546" HPOS="951"/>
							<String ID="string_112" HPOS="973" VPOS="1544" WIDTH="140" HEIGHT="49" WC="0.96" CONTENT="bevilja"/><SP WIDTH="18" VPOS="1544" HPOS="1113"/>
							<String ID="string_113" HPOS="1131" VPOS="1549" WIDTH="53" HEIGHT="32" WC="0.93" CONTENT="ett"/><SP WIDTH="19" VPOS="1549" HPOS="1184"/>
							<String ID="string_114" HPOS="1203" VPOS="1544" WIDTH="308" HEIGHT="50" WC="0.91" CONTENT="förslagsanslag,"/><SP WIDTH="20" VPOS="1544" HPOS="1511"/>
							<String ID="string_115" HPOS="1531" VPOS="1545" WIDTH="126" HEIGHT="49" WC="0.93" CONTENT="högst,"/><SP WIDTH="22" VPOS="1545" HPOS="1657"/>
							<String ID="string_116" HPOS="1679" VPOS="1548" WIDTH="112" HEIGHT="46" WC="0.92" CONTENT="3,000"/>
						</TextLine>
						<TextLine ID="line_16" HPOS="195" VPOS="1595" WIDTH="1596" HEIGHT="48">
							<String ID="string_117" HPOS="195" VPOS="1595" WIDTH="149" HEIGHT="48" WC="0.96" CONTENT="kronor,"/><SP WIDTH="42" VPOS="1595" HPOS="344"/>
							<String ID="string_118" HPOS="386" VPOS="1595" WIDTH="114" HEIGHT="36" WC="0.96" CONTENT="därav"/><SP WIDTH="33" VPOS="1595" HPOS="500"/>
							<String ID="string_119" HPOS="533" VPOS="1596" WIDTH="73" HEIGHT="36" WC="0.92" CONTENT="500"/><SP WIDTH="33" VPOS="1596" HPOS="606"/>
							<String ID="string_120" HPOS="639" VPOS="1595" WIDTH="138" HEIGHT="37" WC="0.96" CONTENT="kronor"/><SP WIDTH="31" VPOS="1595" HPOS="777"/>
							<String ID="string_121" HPOS="808" VPOS="1595" WIDTH="56" HEIGHT="36" WC="0.96" CONTENT="till"/><SP WIDTH="36" VPOS="1595" HPOS="864"/>
							<String ID="string_122" HPOS="900" VPOS="1596" WIDTH="156" HEIGHT="37" WC="0.92" CONTENT="vardera"/><SP WIDTH="32" VPOS="1596" HPOS="1056"/>
							<String ID="string_123" HPOS="1088" VPOS="1595" WIDTH="516" HEIGHT="39" WC="0.91" CONTENT="barnmorskeläroanstalten"/><SP WIDTH="33" VPOS="1595" HPOS="1604"/>
							<String ID="string_124" HPOS="1637" VPOS="1598" WIDTH="58" HEIGHT="36" WC="0.93" CONTENT="för"/><SP WIDTH="32" VPOS="1598" HPOS="1695"/>
							<String ID="string_125" HPOS="1727" VPOS="1612" WIDTH="64" HEIGHT="22" WC="0.91" CONTENT="an-"/>
						</TextLine>
						<TextLine ID="line_17" HPOS="195" VPOS="1646" WIDTH="1597" HEIGHT="51">
							<String ID="string_126" HPOS="195" VPOS="1646" WIDTH="193" HEIGHT="37" WC="0.92" CONTENT="skaffande"/><SP WIDTH="19" VPOS="1646" HPOS="388"/>
							<String ID="string_127" HPOS="407" VPOS="1647" WIDTH="70" HEIGHT="36" WC="0.93" CONTENT="och"/><SP WIDTH="18" VPOS="1647" HPOS="477"/>
							<String ID="string_128" HPOS="495" VPOS="1646" WIDTH="345" HEIGHT="38" WC="0.91" CONTENT="vidmakthållande"/><SP WIDTH="18" VPOS="1646" HPOS="840"/>
							<String ID="string_129" HPOS="858" VPOS="1661" WIDTH="48" HEIGHT="23" WC="0.93" CONTENT="av"/><SP WIDTH="18" VPOS="1661" HPOS="906"/>
							<String ID="string_130" HPOS="924" VPOS="1647" WIDTH="463" HEIGHT="50" WC="0.89" CONTENT="undervisningsmateriel"/><SP WIDTH="20" VPOS="1647" HPOS="1387"/>
							<String ID="string_131" HPOS="1407" VPOS="1655" WIDTH="95" HEIGHT="30" WC="0.93" CONTENT="samt"/><SP WIDTH="21" VPOS="1655" HPOS="1502"/>
							<String ID="string_132" HPOS="1523" VPOS="1651" WIDTH="112" HEIGHT="46" WC="0.92" CONTENT="2,000"/><SP WIDTH="18" VPOS="1651" HPOS="1635"/>
							<String ID="string_133" HPOS="1653" VPOS="1650" WIDTH="139" HEIGHT="37" WC="0.96" CONTENT="kronor"/>
						</TextLine>
						<TextLine ID="line_18" HPOS="195" VPOS="1698" WIDTH="1596" HEIGHT="52">
							<String ID="string_134" HPOS="195" VPOS="1699" WIDTH="58" HEIGHT="36" WC="0.93" CONTENT="till"/><SP WIDTH="20" VPOS="1699" HPOS="253"/>
							<String ID="string_135" HPOS="273" VPOS="1698" WIDTH="318" HEIGHT="50" WC="0.90" CONTENT="fullständigande"/><SP WIDTH="19" VPOS="1698" HPOS="591"/>
							<String ID="string_136" HPOS="610" VPOS="1712" WIDTH="46" HEIGHT="23" WC="0.96" CONTENT="av"/><SP WIDTH="21" VPOS="1712" HPOS="656"/>
							<String ID="string_137" HPOS="677" VPOS="1699" WIDTH="71" HEIGHT="37" WC="0.95" CONTENT="den"/><SP WIDTH="20" VPOS="1699" HPOS="748"/>
							<String ID="string_138" HPOS="768" VPOS="1699" WIDTH="55" HEIGHT="37" WC="0.93" CONTENT="till"/><SP WIDTH="19" VPOS="1699" HPOS="823"/>
							<String ID="string_139" HPOS="842" VPOS="1699" WIDTH="515" HEIGHT="39" WC="0.91" CONTENT="barnmorskeläroanstalten"/><SP WIDTH="18" VPOS="1699" HPOS="1357"/>
							<String ID="string_140" HPOS="1375" VPOS="1700" WIDTH="13" HEIGHT="36" WC="0.96" CONTENT="i"/><SP WIDTH="21" VPOS="1700" HPOS="1388"/>
							<String ID="string_141" HPOS="1409" VPOS="1700" WIDTH="196" HEIGHT="50" WC="0.96" CONTENT="Göteborg"/><SP WIDTH="19" VPOS="1700" HPOS="1605"/>
							<String ID="string_142" HPOS="1624" VPOS="1702" WIDTH="167" HEIGHT="37" WC="0.96" CONTENT="hörande"/>
						</TextLine>
						<TextLine ID="line_19" HPOS="195" VPOS="1750" WIDTH="947" HEIGHT="51">
							<String ID="string_143" HPOS="195" VPOS="1750" WIDTH="206" HEIGHT="37" WC="0.92" CONTENT="lärosalens"/><SP WIDTH="27" VPOS="1750" HPOS="401"/>
							<String ID="string_144" HPOS="428" VPOS="1750" WIDTH="213" HEIGHT="49" WC="0.96" CONTENT="möblering"/><SP WIDTH="27" VPOS="1750" HPOS="641"/>
							<String ID="string_145" HPOS="668" VPOS="1751" WIDTH="69" HEIGHT="36" WC="0.96" CONTENT="och"/><SP WIDTH="28" VPOS="1751" HPOS="737"/>
							<String ID="string_146" HPOS="765" VPOS="1752" WIDTH="220" HEIGHT="49" WC="0.91" CONTENT="utrustning"/><SP WIDTH="28" VPOS="1752" HPOS="985"/>
							<String ID="string_147" HPOS="1013" VPOS="1766" WIDTH="47" HEIGHT="22" WC="0.91" CONTENT="m."/><SP WIDTH="21" VPOS="1766" HPOS="1060"/>
							<String ID="string_148" HPOS="1081" VPOS="1766" WIDTH="61" HEIGHT="32" WC="0.92" CONTENT="m.;"/>
						</TextLine>
					</TextBlock>
					<TextBlock ID="block_7" HPOS="195" VPOS="1802" WIDTH="1597" HEIGHT="103">
						<TextLine ID="line_20" HPOS="299" VPOS="1802" WIDTH="1493" HEIGHT="51">
							<String ID="string_149" HPOS="299" VPOS="1803" WIDTH="73" HEIGHT="36" WC="0.96" CONTENT="dels"/><SP WIDTH="28" VPOS="1803" HPOS="372"/>
							<String ID="string_150" HPOS="400" VPOS="1803" WIDTH="62" HEIGHT="37" WC="0.95" CONTENT="ock"/><SP WIDTH="26" VPOS="1803" HPOS="462"/>
							<String ID="string_151" HPOS="488" VPOS="1802" WIDTH="56" HEIGHT="37" WC="0.95" CONTENT="till"/><SP WIDTH="28" VPOS="1802" HPOS="544"/>
							<String ID="string_152" HPOS="572" VPOS="1803" WIDTH="241" HEIGHT="37" WC="0.96" CONTENT="anordnande"/><SP WIDTH="27" VPOS="1803" HPOS="813"/>
							<String ID="string_153" HPOS="840" VPOS="1817" WIDTH="49" HEIGHT="35" WC="0.93" CONTENT="av"/><SP WIDTH="27" VPOS="1817" HPOS="889"/>
							<String ID="string_154" HPOS="916" VPOS="1804" WIDTH="354" HEIGHT="49" WC="0.92" CONTENT="repetitionskurser"/><SP WIDTH="18" VPOS="1804" HPOS="1270"/>
							<String ID="string_155" HPOS="1288" VPOS="1804" WIDTH="58" HEIGHT="37" WC="0.96" CONTENT="för"/><SP WIDTH="19" VPOS="1804" HPOS="1346"/>
							<String ID="string_156" HPOS="1365" VPOS="1803" WIDTH="264" HEIGHT="38" WC="0.92" CONTENT="barnmorskor"/><SP WIDTH="19" VPOS="1803" HPOS="1629"/>
							<String ID="string_157" HPOS="1648" VPOS="1808" WIDTH="20" HEIGHT="33" WC="0.92" CONTENT="å"/><SP WIDTH="20" VPOS="1808" HPOS="1668"/>
							<String ID="string_158" HPOS="1688" VPOS="1811" WIDTH="104" HEIGHT="31" WC="0.96" CONTENT="extra"/>
						</TextLine>
						<TextLine ID="line_21" HPOS="195" VPOS="1854" WIDTH="1440" HEIGHT="51">
							<String ID="string_159" HPOS="195" VPOS="1859" WIDTH="75" HEIGHT="32" WC="0.96" CONTENT="stat"/><SP WIDTH="28" VPOS="1859" HPOS="270"/>
							<String ID="string_160" HPOS="298" VPOS="1854" WIDTH="57" HEIGHT="37" WC="0.96" CONTENT="för"/><SP WIDTH="28" VPOS="1854" HPOS="355"/>
							<String ID="string_161" HPOS="383" VPOS="1857" WIDTH="40" HEIGHT="34" WC="0.97" CONTENT="år"/><SP WIDTH="30" VPOS="1857" HPOS="423"/>
							<String ID="string_162" HPOS="453" VPOS="1857" WIDTH="96" HEIGHT="34" WC="0.96" CONTENT="1922"/><SP WIDTH="30" VPOS="1857" HPOS="549"/>
							<String ID="string_163" HPOS="579" VPOS="1855" WIDTH="139" HEIGHT="49" WC="0.96" CONTENT="bevilja"/><SP WIDTH="28" VPOS="1855" HPOS="718"/>
							<String ID="string_164" HPOS="746" VPOS="1860" WIDTH="53" HEIGHT="31" WC="0.93" CONTENT="ett"/><SP WIDTH="28" VPOS="1860" HPOS="799"/>
							<String ID="string_165" HPOS="827" VPOS="1855" WIDTH="309" HEIGHT="50" WC="0.91" CONTENT="förslagsanslag,"/><SP WIDTH="29" VPOS="1855" HPOS="1136"/>
							<String ID="string_166" HPOS="1165" VPOS="1857" WIDTH="125" HEIGHT="47" WC="0.93" CONTENT="högst,"/><SP WIDTH="32" VPOS="1857" HPOS="1290"/>
							<String ID="string_167" HPOS="1322" VPOS="1857" WIDTH="137" HEIGHT="47" WC="0.92" CONTENT="15,500"/><SP WIDTH="28" VPOS="1857" HPOS="1459"/>
							<String ID="string_168" HPOS="1487" VPOS="1856" WIDTH="148" HEIGHT="37" WC="0.96" CONTENT="kronor."/>
						</TextLine>
					</TextBlock>
					<TextBlock ID="block_8" HPOS="194" VPOS="1906" WIDTH="1599" HEIGHT="522">
						<TextLine ID="line_22" HPOS="298" VPOS="1906" WIDTH="1494" HEIGHT="51">
							<String ID="string_169" HPOS="298" VPOS="1906" WIDTH="17" HEIGHT="36" WC="0.96" CONTENT="I"/><SP WIDTH="20" VPOS="1906" HPOS="315"/>
							<String ID="string_170" HPOS="335" VPOS="1906" WIDTH="274" HEIGHT="50" WC="0.96" CONTENT="sammanhang"/><SP WIDTH="18" VPOS="1906" HPOS="609"/>
							<String ID="string_171" HPOS="627" VPOS="1907" WIDTH="85" HEIGHT="36" WC="0.96" CONTENT="med"/><SP WIDTH="20" VPOS="1907" HPOS="712"/>
							<String ID="string_172" HPOS="732" VPOS="1908" WIDTH="245" HEIGHT="36" WC="0.96" CONTENT="förevarande"/><SP WIDTH="18" VPOS="1908" HPOS="977"/>
							<String ID="string_173" HPOS="995" VPOS="1908" WIDTH="233" HEIGHT="49" WC="0.96" CONTENT="proposition"/><SP WIDTH="19" VPOS="1908" HPOS="1228"/>
							<String ID="string_174" HPOS="1247" VPOS="1908" WIDTH="96" HEIGHT="37" WC="0.96" CONTENT="hade"/><SP WIDTH="14" VPOS="1908" HPOS="1343"/>
							<String ID="string_175" HPOS="1357" VPOS="1908" WIDTH="182" HEIGHT="37" WC="0.96" CONTENT="utskottet"/><SP WIDTH="13" VPOS="1908" HPOS="1539"/>
							<String ID="string_176" HPOS="1552" VPOS="1909" WIDTH="56" HEIGHT="36" WC="0.93" CONTENT="till"/><SP WIDTH="19" VPOS="1909" HPOS="1608"/>
							<String ID="string_177" HPOS="1627" VPOS="1909" WIDTH="165" HEIGHT="36" WC="0.91" CONTENT="behand-"/>
						</TextLine>
						<TextLine ID="line_23" HPOS="195" VPOS="1958" WIDTH="1597" HEIGHT="51">
							<String ID="string_178" HPOS="195" VPOS="1958" WIDTH="83" HEIGHT="49" WC="0.93" CONTENT="ling"/><SP WIDTH="27" VPOS="1958" HPOS="278"/>
							<String ID="string_179" HPOS="305" VPOS="1958" WIDTH="160" HEIGHT="37" WC="0.90" CONTENT="förehaft"/><SP WIDTH="28" VPOS="1958" HPOS="465"/>
							<String ID="string_180" HPOS="493" VPOS="1960" WIDTH="74" HEIGHT="36" WC="0.96" CONTENT="dels"/><SP WIDTH="27" VPOS="1960" HPOS="567"/>
							<String ID="string_181" HPOS="594" VPOS="1962" WIDTH="64" HEIGHT="34" WC="0.97" CONTENT="två"/><SP WIDTH="28" VPOS="1962" HPOS="658"/>
							<String ID="string_182" HPOS="686" VPOS="1959" WIDTH="77" HEIGHT="36" WC="0.96" CONTENT="lika"/><SP WIDTH="27" VPOS="1959" HPOS="763"/>
							<String ID="string_183" HPOS="790" VPOS="1959" WIDTH="163" HEIGHT="49" WC="0.96" CONTENT="lydande"/><SP WIDTH="27" VPOS="1959" HPOS="953"/>
							<String ID="string_184" HPOS="980" VPOS="1960" WIDTH="194" HEIGHT="49" WC="0.96" CONTENT="motioner,"/><SP WIDTH="29" VPOS="1960" HPOS="1174"/>
							<String ID="string_185" HPOS="1203" VPOS="1960" WIDTH="137" HEIGHT="37" WC="0.96" CONTENT="väckta"/><SP WIDTH="28" VPOS="1960" HPOS="1340"/>
							<String ID="string_186" HPOS="1368" VPOS="1961" WIDTH="71" HEIGHT="36" WC="0.96" CONTENT="den"/><SP WIDTH="24" VPOS="1961" HPOS="1439"/>
							<String ID="string_187" HPOS="1463" VPOS="1974" WIDTH="69" HEIGHT="23" WC="0.96" CONTENT="ena"/><SP WIDTH="19" VPOS="1974" HPOS="1532"/>
							<String ID="string_188" HPOS="1551" VPOS="1961" WIDTH="103" HEIGHT="37" WC="0.96" CONTENT="inom"/><SP WIDTH="21" VPOS="1961" HPOS="1654"/>
							<String ID="string_189" HPOS="1675" VPOS="1962" WIDTH="117" HEIGHT="36" WC="0.96" CONTENT="första"/>
						</TextLine>
						<TextLine ID="line_24" HPOS="195" VPOS="2010" WIDTH="1596" HEIGHT="51">
							<String ID="string_190" HPOS="195" VPOS="2010" WIDTH="218" HEIGHT="37" WC="0.95" CONTENT="kammaren"/><SP WIDTH="28" VPOS="2010" HPOS="413"/>
							<String ID="string_191" HPOS="441" VPOS="2024" WIDTH="47" HEIGHT="23" WC="0.96" CONTENT="av"/><SP WIDTH="26" VPOS="2024" HPOS="488"/>
							<String ID="string_192" HPOS="514" VPOS="2011" WIDTH="84" HEIGHT="36" WC="0.93" CONTENT="herr"/><SP WIDTH="27" VPOS="2011" HPOS="598"/>
							<String ID="string_193" HPOS="625" VPOS="2012" WIDTH="50" HEIGHT="36" WC="0.88" CONTENT="H."/><SP WIDTH="21" VPOS="2012" HPOS="675"/>
							<String ID="string_194" HPOS="696" VPOS="2012" WIDTH="163" HEIGHT="49" WC="0.92" CONTENT="Rogberg"/><SP WIDTH="20" VPOS="2012" HPOS="859"/>
							<String ID="string_195" HPOS="879" VPOS="2011" WIDTH="59" HEIGHT="49" WC="0.96" CONTENT="(nr"/><SP WIDTH="21" VPOS="2011" HPOS="938"/>
							<String ID="string_196" HPOS="959" VPOS="2011" WIDTH="86" HEIGHT="50" WC="0.95" CONTENT="164)"/><SP WIDTH="29" VPOS="2011" HPOS="1045"/>
							<String ID="string_197" HPOS="1074" VPOS="2012" WIDTH="69" HEIGHT="36" WC="0.96" CONTENT="och"/><SP WIDTH="29" VPOS="2012" HPOS="1143"/>
							<String ID="string_198" HPOS="1172" VPOS="2012" WIDTH="72" HEIGHT="37" WC="0.96" CONTENT="den"/><SP WIDTH="29" VPOS="2012" HPOS="1244"/>
							<String ID="string_199" HPOS="1273" VPOS="2012" WIDTH="115" HEIGHT="37" WC="0.96" CONTENT="andra"/><SP WIDTH="26" VPOS="2012" HPOS="1388"/>
							<String ID="string_200" HPOS="1414" VPOS="2012" WIDTH="102" HEIGHT="37" WC="0.96" CONTENT="inom"/><SP WIDTH="28" VPOS="2012" HPOS="1516"/>
							<String ID="string_201" HPOS="1544" VPOS="2013" WIDTH="117" HEIGHT="37" WC="0.93" CONTENT="andra"/><SP WIDTH="26" VPOS="2013" HPOS="1661"/>
							<String ID="string_202" HPOS="1687" VPOS="2013" WIDTH="104" HEIGHT="37" WC="0.92" CONTENT="kam-"/>
						</TextLine>
						<TextLine ID="line_25" HPOS="195" VPOS="2062" WIDTH="1597" HEIGHT="51">
							<String ID="string_203" HPOS="195" VPOS="2075" WIDTH="128" HEIGHT="24" WC="0.96" CONTENT="maren"/><SP WIDTH="29" VPOS="2075" HPOS="323"/>
							<String ID="string_204" HPOS="352" VPOS="2076" WIDTH="46" HEIGHT="23" WC="0.96" CONTENT="av"/><SP WIDTH="27" VPOS="2076" HPOS="398"/>
							<String ID="string_205" HPOS="425" VPOS="2062" WIDTH="86" HEIGHT="38" WC="0.93" CONTENT="herr"/><SP WIDTH="26" VPOS="2062" HPOS="511"/>
							<String ID="string_206" HPOS="537" VPOS="2063" WIDTH="42" HEIGHT="36" WC="0.83" CONTENT="F."/><SP WIDTH="20" VPOS="2063" HPOS="579"/>
							<String ID="string_207" HPOS="599" VPOS="2063" WIDTH="114" HEIGHT="36" WC="0.96" CONTENT="Block"/><SP WIDTH="21" VPOS="2063" HPOS="713"/>
							<String ID="string_208" HPOS="734" VPOS="2063" WIDTH="57" HEIGHT="49" WC="0.96" CONTENT="(nr"/><SP WIDTH="19" VPOS="2063" HPOS="791"/>
							<String ID="string_209" HPOS="810" VPOS="2063" WIDTH="102" HEIGHT="48" WC="0.96" CONTENT="258),"/><SP WIDTH="28" VPOS="2063" HPOS="912"/>
							<String ID="string_210" HPOS="940" VPOS="2064" WIDTH="78" HEIGHT="36" WC="0.93" CONTENT="vari"/><SP WIDTH="28" VPOS="2064" HPOS="1018"/>
							<String ID="string_211" HPOS="1046" VPOS="2064" WIDTH="220" HEIGHT="47" WC="0.91" CONTENT="hemställts,"/><SP WIDTH="29" VPOS="2064" HPOS="1266"/>
							<String ID="string_212" HPOS="1295" VPOS="2070" WIDTH="54" HEIGHT="30" WC="0.96" CONTENT="att"/><SP WIDTH="27" VPOS="2070" HPOS="1349"/>
							<String ID="string_213" HPOS="1376" VPOS="2064" WIDTH="202" HEIGHT="49" WC="0.96" CONTENT="riksdagen"/><SP WIDTH="29" VPOS="2064" HPOS="1578"/>
							<String ID="string_214" HPOS="1607" VPOS="2065" WIDTH="64" HEIGHT="36" WC="0.93" CONTENT="vid"/><SP WIDTH="20" VPOS="2065" HPOS="1671"/>
							<String ID="string_215" HPOS="1691" VPOS="2066" WIDTH="101" HEIGHT="36" WC="0.92" CONTENT="med-"/>
						</TextLine>
						<TextLine ID="line_26" HPOS="195" VPOS="2113" WIDTH="1596" HEIGHT="53">
							<String ID="string_216" HPOS="195" VPOS="2113" WIDTH="157" HEIGHT="38" WC="0.96" CONTENT="delande"/><SP WIDTH="40" VPOS="2113" HPOS="352"/>
							<String ID="string_217" HPOS="392" VPOS="2127" WIDTH="47" HEIGHT="23" WC="0.96" CONTENT="av"/><SP WIDTH="41" VPOS="2127" HPOS="439"/>
							<String ID="string_218" HPOS="480" VPOS="2115" WIDTH="133" HEIGHT="49" WC="0.95" CONTENT="anslag"/><SP WIDTH="41" VPOS="2115" HPOS="613"/>
							<String ID="string_219" HPOS="654" VPOS="2115" WIDTH="58" HEIGHT="36" WC="0.91" CONTENT="för"/><SP WIDTH="40" VPOS="2115" HPOS="712"/>
							<String ID="string_220" HPOS="752" VPOS="2115" WIDTH="570" HEIGHT="50" WC="0.91" CONTENT="barnmorskeundervisningen"/><SP WIDTH="27" VPOS="2115" HPOS="1322"/>
							<String ID="string_221" HPOS="1349" VPOS="2117" WIDTH="117" HEIGHT="48" WC="0.96" CONTENT="enligt"/><SP WIDTH="26" VPOS="2117" HPOS="1466"/>
							<String ID="string_222" HPOS="1492" VPOS="2116" WIDTH="142" HEIGHT="50" WC="0.95" CONTENT="Kungl."/><SP WIDTH="29" VPOS="2116" HPOS="1634"/>
							<String ID="string_223" HPOS="1663" VPOS="2117" WIDTH="128" HEIGHT="49" WC="0.96" CONTENT="Maj:ts"/>
						</TextLine>
						<TextLine ID="line_27" HPOS="194" VPOS="2165" WIDTH="1598" HEIGHT="52">
							<String ID="string_224" HPOS="194" VPOS="2165" WIDTH="237" HEIGHT="50" WC="0.96" CONTENT="proposition"/><SP WIDTH="41" VPOS="2165" HPOS="431"/>
							<String ID="string_225" HPOS="472" VPOS="2169" WIDTH="115" HEIGHT="34" WC="0.95" CONTENT="måtte"/><SP WIDTH="39" VPOS="2169" HPOS="587"/>
							<String ID="string_226" HPOS="626" VPOS="2167" WIDTH="229" HEIGHT="37" WC="0.91" CONTENT="beträffande"/><SP WIDTH="37" VPOS="2167" HPOS="855"/>
							<String ID="string_227" HPOS="892" VPOS="2168" WIDTH="201" HEIGHT="36" WC="0.91" CONTENT="lärotidens"/><SP WIDTH="40" VPOS="2168" HPOS="1093"/>
							<String ID="string_228" HPOS="1133" VPOS="2167" WIDTH="116" HEIGHT="50" WC="0.96" CONTENT="längd"/><SP WIDTH="40" VPOS="2167" HPOS="1249"/>
							<String ID="string_229" HPOS="1289" VPOS="2168" WIDTH="119" HEIGHT="36" WC="0.87" CONTENT="uttala"/><SP WIDTH="41" VPOS="2168" HPOS="1408"/>
							<String ID="string_230" HPOS="1449" VPOS="2169" WIDTH="60" HEIGHT="48" WC="0.96" CONTENT="sig"/><SP WIDTH="26" VPOS="2169" HPOS="1509"/>
							<String ID="string_231" HPOS="1535" VPOS="2169" WIDTH="58" HEIGHT="36" WC="0.96" CONTENT="för"/><SP WIDTH="28" VPOS="2169" HPOS="1593"/>
							<String ID="string_232" HPOS="1621" VPOS="2174" WIDTH="54" HEIGHT="31" WC="0.93" CONTENT="att"/><SP WIDTH="28" VPOS="2174" HPOS="1675"/>
							<String ID="string_233" HPOS="1703" VPOS="2169" WIDTH="89" HEIGHT="37" WC="0.92" CONTENT="den-"/>
						</TextLine>
						<TextLine ID="line_28" HPOS="196" VPOS="2218" WIDTH="1596" HEIGHT="52">
							<String ID="string_234" HPOS="196" VPOS="2231" WIDTH="143" HEIGHT="24" WC="0.95" CONTENT="samma"/><SP WIDTH="40" VPOS="2231" HPOS="339"/>
							<String ID="string_235" HPOS="379" VPOS="2218" WIDTH="91" HEIGHT="37" WC="0.92" CONTENT="ökas"/><SP WIDTH="29" VPOS="2218" HPOS="470"/>
							<String ID="string_236" HPOS="499" VPOS="2219" WIDTH="82" HEIGHT="36" WC="0.95" CONTENT="från"/><SP WIDTH="28" VPOS="2219" HPOS="581"/>
							<String ID="string_237" HPOS="609" VPOS="2223" WIDTH="54" HEIGHT="32" WC="0.96" CONTENT="ett"/><SP WIDTH="28" VPOS="2223" HPOS="663"/>
							<String ID="string_238" HPOS="691" VPOS="2221" WIDTH="40" HEIGHT="35" WC="0.96" CONTENT="år"/><SP WIDTH="26" VPOS="2221" HPOS="731"/>
							<String ID="string_239" HPOS="757" VPOS="2219" WIDTH="56" HEIGHT="37" WC="0.96" CONTENT="till"/><SP WIDTH="27" VPOS="2219" HPOS="813"/>
							<String ID="string_240" HPOS="840" VPOS="2224" WIDTH="54" HEIGHT="32" WC="0.96" CONTENT="ett"/><SP WIDTH="27" VPOS="2224" HPOS="894"/>
							<String ID="string_241" HPOS="921" VPOS="2220" WIDTH="70" HEIGHT="36" WC="0.96" CONTENT="och"/><SP WIDTH="29" VPOS="2220" HPOS="991"/>
							<String ID="string_242" HPOS="1020" VPOS="2226" WIDTH="52" HEIGHT="30" WC="0.96" CONTENT="ett"/><SP WIDTH="28" VPOS="2226" HPOS="1072"/>
							<String ID="string_243" HPOS="1100" VPOS="2220" WIDTH="106" HEIGHT="36" WC="0.96" CONTENT="halvt"/><SP WIDTH="27" VPOS="2220" HPOS="1206"/>
							<String ID="string_244" HPOS="1233" VPOS="2223" WIDTH="41" HEIGHT="33" WC="0.96" CONTENT="år"/><SP WIDTH="26" VPOS="2223" HPOS="1274"/>
							<String ID="string_245" HPOS="1300" VPOS="2221" WIDTH="12" HEIGHT="35" WC="0.96" CONTENT="i"/><SP WIDTH="28" VPOS="2221" HPOS="1312"/>
							<String ID="string_246" HPOS="1340" VPOS="2220" WIDTH="123" HEIGHT="37" WC="0.96" CONTENT="stället"/><SP WIDTH="29" VPOS="2220" HPOS="1463"/>
							<String ID="string_247" HPOS="1492" VPOS="2220" WIDTH="57" HEIGHT="37" WC="0.96" CONTENT="för"/><SP WIDTH="27" VPOS="2220" HPOS="1549"/>
							<String ID="string_248" HPOS="1576" VPOS="2234" WIDTH="47" HEIGHT="23" WC="0.96" CONTENT="av"/><SP WIDTH="28" VPOS="2234" HPOS="1623"/>
							<String ID="string_249" HPOS="1651" VPOS="2221" WIDTH="141" HEIGHT="49" WC="0.96" CONTENT="Kungl."/>
						</TextLine>
						<TextLine ID="line_29" HPOS="195" VPOS="2270" WIDTH="1598" HEIGHT="50">
							<String ID="string_250" HPOS="195" VPOS="2270" WIDTH="109" HEIGHT="49" WC="0.94" CONTENT="Maj:t"/><SP WIDTH="40" VPOS="2270" HPOS="304"/>
							<String ID="string_251" HPOS="344" VPOS="2270" WIDTH="217" HEIGHT="50" WC="0.96" CONTENT="föreslagna"/><SP WIDTH="38" VPOS="2270" HPOS="561"/>
							<String ID="string_252" HPOS="599" VPOS="2273" WIDTH="64" HEIGHT="35" WC="0.95" CONTENT="två"/><SP WIDTH="42" VPOS="2273" HPOS="663"/>
							<String ID="string_253" HPOS="705" VPOS="2273" WIDTH="51" HEIGHT="46" WC="0.96" CONTENT="år,"/><SP WIDTH="29" VPOS="2273" HPOS="756"/>
							<String ID="string_254" HPOS="785" VPOS="2272" WIDTH="74" HEIGHT="36" WC="0.96" CONTENT="dels"/><SP WIDTH="41" VPOS="2272" HPOS="859"/>
							<String ID="string_255" HPOS="900" VPOS="2273" WIDTH="62" HEIGHT="36" WC="0.96" CONTENT="ock"/><SP WIDTH="39" VPOS="2273" HPOS="962"/>
							<String ID="string_256" HPOS="1001" VPOS="2285" WIDTH="46" HEIGHT="24" WC="0.96" CONTENT="en"/><SP WIDTH="28" VPOS="2285" HPOS="1047"/>
							<String ID="string_257" HPOS="1075" VPOS="2272" WIDTH="101" HEIGHT="37" WC="0.96" CONTENT="inom"/><SP WIDTH="30" VPOS="2272" HPOS="1176"/>
							<String ID="string_258" HPOS="1206" VPOS="2272" WIDTH="116" HEIGHT="37" WC="0.96" CONTENT="andra"/><SP WIDTH="27" VPOS="2272" HPOS="1322"/>
							<String ID="string_259" HPOS="1349" VPOS="2273" WIDTH="215" HEIGHT="36" WC="0.96" CONTENT="kammaren"/><SP WIDTH="28" VPOS="2273" HPOS="1564"/>
							<String ID="string_260" HPOS="1592" VPOS="2286" WIDTH="46" HEIGHT="24" WC="0.95" CONTENT="av"/><SP WIDTH="29" VPOS="2286" HPOS="1638"/>
							<String ID="string_261" HPOS="1667" VPOS="2273" WIDTH="126" HEIGHT="37" WC="0.95" CONTENT="herrar"/>
						</TextLine>
						<TextLine ID="line_30" HPOS="195" VPOS="2323" WIDTH="1597" HEIGHT="51">
							<String ID="string_262" HPOS="195" VPOS="2323" WIDTH="41" HEIGHT="36" WC="0.78" CONTENT="F."/><SP WIDTH="30" VPOS="2323" HPOS="236"/>
							<String ID="string_263" HPOS="266" VPOS="2323" WIDTH="144" HEIGHT="49" WC="0.8" CONTENT="Kaiser"/><SP WIDTH="40" VPOS="2323" HPOS="410"/>
							<String ID="string_264" HPOS="450" VPOS="2323" WIDTH="70" HEIGHT="37" WC="0.93" CONTENT="och"/><SP WIDTH="41" VPOS="2323" HPOS="520"/>
							<String ID="string_265" HPOS="561" VPOS="2325" WIDTH="42" HEIGHT="35" WC="0.89" CONTENT="A."/><SP WIDTH="36" VPOS="2325" HPOS="603"/>
							<String ID="string_266" HPOS="639" VPOS="2323" WIDTH="197" HEIGHT="51" WC="0.96" CONTENT="Gustafson"/><SP WIDTH="32" VPOS="2323" HPOS="836"/>
							<String ID="string_267" HPOS="868" VPOS="2324" WIDTH="20" HEIGHT="36" WC="0.91" CONTENT="i"/><SP WIDTH="38" VPOS="2324" HPOS="888"/>
							<String ID="string_268" HPOS="926" VPOS="2324" WIDTH="222" HEIGHT="49" WC="0.91" CONTENT="Kasenberg"/><SP WIDTH="36" VPOS="2324" HPOS="1148"/>
							<String ID="string_269" HPOS="1184" VPOS="2325" WIDTH="112" HEIGHT="36" WC="0.96" CONTENT="väckt"/><SP WIDTH="27" VPOS="2325" HPOS="1296"/>
							<String ID="string_270" HPOS="1323" VPOS="2325" WIDTH="143" HEIGHT="36" WC="0.95" CONTENT="motion"/><SP WIDTH="30" VPOS="2325" HPOS="1466"/>
							<String ID="string_271" HPOS="1496" VPOS="2324" WIDTH="58" HEIGHT="50" WC="0.96" CONTENT="(nr"/><SP WIDTH="29" VPOS="2324" HPOS="1554"/>
							<String ID="string_272" HPOS="1583" VPOS="2324" WIDTH="100" HEIGHT="49" WC="0.96" CONTENT="259),"/><SP WIDTH="30" VPOS="2324" HPOS="1683"/>
							<String ID="string_273" HPOS="1713" VPOS="2325" WIDTH="79" HEIGHT="37" WC="0.96" CONTENT="vari"/>
						</TextLine>
						<TextLine ID="line_31" HPOS="204" VPOS="2383" WIDTH="1502" HEIGHT="45">
							<String ID="string_274" HPOS="204" VPOS="2425" WIDTH="4" HEIGHT="3" WC="0.13" CONTENT="—"/><SP WIDTH="30" VPOS="2425" HPOS="208"/>
							<String ID="string_275" HPOS="238" VPOS="2383" WIDTH="116" HEIGHT="38" WC="0.84" CONTENT="Bihang"/><SP WIDTH="23" VPOS="2383" HPOS="354"/>
							<String ID="string_276" HPOS="377" VPOS="2385" WIDTH="46" HEIGHT="28" WC="0.96" CONTENT="till"/><SP WIDTH="23" VPOS="2385" HPOS="423"/>
							<String ID="string_277" HPOS="446" VPOS="2385" WIDTH="166" HEIGHT="36" WC="0.96" CONTENT="riksdagens"/><SP WIDTH="18" VPOS="2385" HPOS="612"/>
							<String ID="string_278" HPOS="630" VPOS="2386" WIDTH="146" HEIGHT="36" WC="0.96" CONTENT="protokoll"/><SP WIDTH="24" VPOS="2386" HPOS="776"/>
							<String ID="string_279" HPOS="800" VPOS="2386" WIDTH="89" HEIGHT="29" WC="0.96" CONTENT="1921."/><SP WIDTH="40" VPOS="2386" HPOS="889"/>
							<String ID="string_280" HPOS="929" VPOS="2387" WIDTH="19" HEIGHT="27" WC="0.95" CONTENT="6"/><SP WIDTH="22" VPOS="2387" HPOS="948"/>
							<String ID="string_281" HPOS="970" VPOS="2387" WIDTH="81" HEIGHT="28" WC="0.96" CONTENT="saml."/><SP WIDTH="41" VPOS="2387" HPOS="1051"/>
							<String ID="string_282" HPOS="1092" VPOS="2388" WIDTH="39" HEIGHT="26" WC="0.91" CONTENT="90"/><SP WIDTH="22" VPOS="2388" HPOS="1131"/>
							<String ID="string_283" HPOS="1153" VPOS="2387" WIDTH="73" HEIGHT="35" WC="0.83" CONTENT="häft."/><SP WIDTH="46" VPOS="2387" HPOS="1226"/>
							<String ID="string_284" HPOS="1272" VPOS="2387" WIDTH="61" HEIGHT="37" WC="0.94" CONTENT="(Nr"/><SP WIDTH="22" VPOS="2387" HPOS="1333"/>
							<String ID="string_285" HPOS="1355" VPOS="2387" WIDTH="87" HEIGHT="33" WC="0.89" CONTENT="216)"/><SP WIDTH="174" VPOS="2387" HPOS="1442"/>
							<String ID="string_286" HPOS="1616" VPOS="2395" WIDTH="53" HEIGHT="19" WC="0.95" CONTENT="1362"/><SP WIDTH="12" VPOS="2395" HPOS="1669"/>
							<String ID="string_287" HPOS="1681" VPOS="2395" WIDTH="25" HEIGHT="19" WC="0.95" CONTENT="21"/>
						</TextLine>
					</TextBlock>
				</ComposedBlock>
			</PrintSpace>
		</Page>
	</Layout>
</alto>
