1852 2770
232 174 38 30 12
573 174 286 30 Statsutskottets
885 175 178 29 utlåtande
1089 185 42 19 nr
1155 176 41 29 85
1222 176 39 29 år
1288 176 84 29 1959

273 253 68 30 För
361 255 50 28 att
433 254 206 30 säkerställa
660 256 49 28 att
731 255 280 39 uppbyggnaden
1032 265 41 20 av
1093 255 523 40 civilförsvarsorganisationen
1639 255 81 31 sker

229 306 230 40 planmässigt
488 316 103 21 anser
620 308 232 38 utredningen
881 308 213 39 nödvändigt
1125 310 50 28 att
1203 308 303 39 organisationens
1536 309 143 39 omfång
1707 309 13 29 i

228 360 188 39 personellt
446 361 65 29 och
541 361 186 30 materiellt
757 360 198 31 hänseende
986 361 190 30 fastställes
1208 371 42 20 av
1281 362 284 29 statsmakterna.
1597 363 122 29 Denna

230 413 235 40 uppfattning,
482 423 75 21 som
573 415 94 29 delas
683 424 41 20 av
740 414 152 30 flertalet
907 415 312 34 remissinstanser,
1234 416 164 28 biträdes.
1415 416 132 29 Endast
1562 417 44 38 på
1622 416 95 29 detta

230 467 69 29 sätt
316 476 100 29 synes
433 468 57 29 det
507 468 385 38 departementschefen
909 468 137 39 möjligt
1064 470 49 28 att
1131 468 35 29 få
1183 468 205 39 erforderlig
1406 469 131 29 fasthet
1553 469 11 29 i
1581 469 136 39 organi-

229 519 168 30 sationen.
423 521 53 29 En
501 520 55 29 del
581 520 301 30 remissinstanser
907 522 64 29 har
996 522 11 28 i
1032 521 94 29 detta
1153 522 255 39 sammanhang
1434 522 205 34 framhållit,
1666 523 50 28 att

229 573 283 39 organisationen
534 573 71 30 inte
627 574 61 29 bör
711 582 124 31 genom
860 574 291 30 statsmakternas
1174 574 114 30 beslut
1311 575 124 29 bindas
1459 575 38 29 så
1520 577 51 27 att
1593 584 44 20 en
1660 584 60 20 an-

227 626 168 39 passning
417 627 52 28 till
492 627 243 39 utvecklingen
759 627 186 30 försvåras.
968 628 78 29 Med
1068 628 188 38 anledning
1278 629 109 28 härav
1408 629 130 28 uttalar
1560 629 158 39 departe-

228 679 251 35 mentschefen,
506 683 49 27 att
580 681 88 29 hans
693 681 115 28 avsikt
832 681 87 29 blott
944 682 48 34 är,
1018 683 50 28 att
1092 691 120 19 ramen
1239 681 54 29 för
1318 681 283 39 organisationen
1627 681 89 30 skall

227 732 118 39 läggas
364 733 69 29 fast
451 734 65 28 och
536 733 176 30 allmänna
731 734 177 39 riktlinjer
927 734 199 40 uppdragas
1146 734 53 30 för
1218 734 303 39 organisationens
1540 735 176 39 uppbygg-

227 785 80 35 nad,
326 786 150 30 varefter
495 786 58 30 det
572 787 53 29 får
644 787 190 30 ankomma
853 787 45 39 på
916 787 529 39 civilförsvarsmyndigheterna
1465 789 50 28 att
1533 788 96 29 inom
1649 788 66 29 den

228 838 199 31 fastställda
445 848 122 21 ramen
586 840 63 29 och
669 840 107 39 enligt
797 840 40 29 de
858 841 160 29 närmare
1040 840 220 30 föreskrifter
1281 850 75 20 som
1375 842 70 28 kan
1466 841 177 29 erfordras
1664 843 52 27 ut-

228 891 114 31 forma
363 892 282 39 organisationen
666 893 44 39 på
733 893 351 39 ändamålsenligaste
1108 895 77 28 sätt.
1208 894 53 28 En
1283 894 109 29 sådan
1413 894 149 39 ordning
1584 896 38 27 är
1645 895 71 28 sär-

228 945 84 29 skilt
332 945 198 41 nödvändig
550 955 57 25 nu,
628 947 63 28 när
712 947 41 29 de
774 946 198 39 föreslagna
992 947 298 38 organisatoriska
1311 947 193 39 nyheterna
1524 948 95 28 ännu
1640 947 76 29 icke

227 998 99 29 blivit
345 998 202 40 tillräckligt
565 1000 160 38 prövade.

272 1051 115 30 Under
419 1052 385 39 remissbehandlingen
836 1053 64 29 har
932 1052 341 34 överbefälhavaren,
1307 1053 412 39 civilförsvarsstyrelsen

227 1105 65 29 och
320 1105 153 39 Sveriges
500 1105 392 30 civilförsvarsförbund
918 1106 127 34 anfört,
1073 1108 50 28 att
1149 1106 41 30 de
1228 1106 144 34 tider,
1435 1115 104 20 inom
1576 1106 139 30 vilka

226 1158 387 30 civilförsvaret
649 1159 128 29 skall
812 1159 160 29 kunna
1006 1160 172 38 intaga
1214 1159 138 30 olika
1387 1159 328 40 beredskaps-

226 1211 179 39 grader
429 1212 107 29 också
549 1212 62 30 bör
625 1212 204 30 fastställas.
844 1213 64 30 Det
923 1214 37 28 är
975 1213 106 39 enligt
1096 1213 405 39 departementschefens
1516 1214 141 38 mening
1672 1222 43 20 en

225 1264 111 40 viktig
352 1265 97 39 fråga
467 1275 75 20 som
558 1266 64 29 här
638 1266 104 38 tagits
759 1275 81 30 upp.
858 1266 12 29 I
889 1266 126 30 sakens
1032 1268 104 28 natur
1152 1266 117 39 ligger,
1287 1268 50 28 att
1354 1266 271 30 civilförsvarets
1642 1276 73 19 mo-

225 1318 394 40 biliseringsberedskap
633 1319 62 29 bör
710 1328 101 20 svara
825 1321 71 27 mot
910 1320 238 39 beredskapen
1164 1320 54 29 för
1231 1319 77 30 vårt
1322 1319 207 30 luftförsvar
1543 1320 93 33 eller,
1651 1320 64 28 när

225 1370 59 31 det
301 1371 105 39 gäller
424 1372 518 38 utrymningsorganisationen,
959 1382 84 20 vara
1062 1374 94 28 ännu
1174 1373 117 38 högre.
1311 1373 201 29 Emellertid
1531 1373 184 38 föreligger

226 1423 24 30 f.
270 1433 32 21 n.
321 1424 75 30 icke
414 1425 203 39 tillräckligt
636 1425 168 39 underlag
824 1425 53 30 för
895 1435 43 20 en
955 1426 211 39 bedömning
1185 1436 42 20 av
1244 1426 95 30 vilka
1356 1426 260 30 konsekvenser
1635 1426 79 29 med

226 1477 168 29 avseende
414 1478 44 39 på
477 1478 68 29 den
565 1487 67 30 nya
651 1478 283 38 organisationen
956 1488 74 20 som
1049 1480 48 28 ett
1119 1479 243 29 fastställande
1382 1488 41 20 av
1442 1479 273 39 mobiliserings-

225 1530 240 40 beredskapen
483 1531 111 29 skulle
612 1531 45 29 få.
675 1532 77 28 Med
770 1532 137 38 hänsyn
923 1531 119 30 härtill
1060 1532 97 29 torde
1174 1532 57 29 det
1248 1532 71 30 tills
1336 1532 117 29 vidare
1472 1532 35 29 få
1524 1533 189 28 ankomma

225 1583 45 40 på
297 1584 407 39 civilförsvarsstyrelsen
732 1586 50 28 att
809 1585 158 29 meddela
994 1585 221 30 föreskrifter
1242 1586 148 29 rörande
1417 1586 89 29 tider
1535 1585 54 30 för
1617 1593 97 31 orga-

226 1636 153 40 nisering
400 1646 41 20 av
461 1637 94 30 olika
576 1638 71 39 slag
667 1647 41 20 av
728 1638 153 29 enheter.
903 1639 146 29 Strävan
1068 1639 61 28 bör
1150 1639 122 29 därvid
1293 1638 143 39 givetvis
1456 1648 83 20 vara
1559 1640 50 28 att
1630 1639 83 29 ernå

225 1699 44 20 en
289 1690 37 29 så
344 1691 65 38 hög
427 1691 205 39 beredskap,
653 1700 73 20 som
746 1691 41 29 de
807 1692 57 28 vid
882 1691 96 39 varje
997 1692 166 39 tidpunkt
1183 1691 216 40 förefintliga
1417 1692 233 39 tillgångarna
1669 1692 44 40 på

224 1743 158 29 materiel
402 1744 65 29 och
488 1744 156 29 utbildad
665 1745 162 38 personal
849 1745 149 38 medger.
1020 1745 123 29 Därest
1165 1745 172 29 särskilda
1358 1745 161 39 åtgärder
1540 1754 101 21 anses
1663 1754 51 20 er-

224 1796 188 40 forderliga
429 1797 55 29 för
501 1799 50 28 att
567 1797 180 39 nöjaktiga
764 1798 305 39 beredskapstider
1086 1798 87 29 skall
1191 1799 121 28 kunna
1329 1798 268 40 upprätthållas,
1614 1798 98 29 torde

225 1849 410 40 civilförsvarsstyrelsen
652 1850 44 29 ha
716 1853 50 27 att
784 1851 78 39 inge
881 1851 130 39 förslag
1029 1851 122 29 härom
1170 1852 11 28 i
1199 1851 117 39 vanlig
1334 1851 159 39 ordning.

270 1903 166 38 Slutligen
464 1905 170 37 upptages
661 1904 11 28 i
698 1904 95 29 detta
822 1905 254 38 sammanhang
1104 1905 106 30 också
1238 1904 123 39 frågan
1389 1914 56 20 om
1484 1905 229 29 civilför-

225 1956 611 39 svarsorganisationens
874 1958 284 39 beväpning.

269 2009 52 28 En
347 2009 53 29 del
426 2009 313 34 remissinstanser,
767 2009 149 31 framför
943 2010 62 30 allt
1031 2011 331 29 överbefälhavaren
1388 2011 64 29 och
1479 2011 237 29 civilbefälha-

223 2070 119 25 varna,
367 2062 63 29 har
455 2062 179 30 kritiserat
659 2063 252 38 utredningens
938 2063 227 40 ståndpunkt,
1192 2065 50 28 att
1267 2063 254 30 civilförsvaret
1546 2064 61 30 bör
1632 2073 83 20 vara

223 2124 44 20 en
292 2115 201 39 obeväpnad
519 2116 248 38 organisation.
794 2116 129 30 Därvid
948 2117 64 29 har
1038 2127 82 19 man
1147 2116 142 31 särskilt
1315 2117 204 34 framhållit,
1546 2119 50 28 att
1622 2117 94 30 civil-

225 2168 188 30 försvarets
444 2169 143 29 enheter
617 2170 63 28 och
711 2170 10 28 i
754 2169 189 39 synnerhet
973 2170 402 39 undsättningskårerna
1406 2171 73 29 ofta
1510 2170 76 30 icke
1617 2171 97 29 torde

223 2221 122 30 kunna
365 2221 73 30 lösa
460 2222 76 29 sina
558 2222 186 39 uppgifter,
767 2232 57 20 om
846 2223 41 29 de
908 2222 75 30 icke
1004 2223 185 39 beväpnas,
1212 2223 165 30 eftersom
1400 2224 153 30 militära
1575 2225 140 39 styrkor

223 2274 76 29 icke
322 2275 70 28 kan
415 2275 140 29 avdelas
579 2275 54 29 för
657 2278 49 27 att
730 2276 199 39 ombesörja
953 2276 147 39 skyddet
1124 2286 42 20 av
1188 2276 430 31 civilförsvarsenheterna
1642 2280 73 27 mot

224 2327 300 30 femtekolonnare
549 2329 64 29 och
637 2328 247 31 luftlandsatta
908 2328 146 30 fiender.

268 2381 67 29 För
350 2389 82 30 egen
448 2382 54 28 del
518 2382 144 29 betonar
677 2382 397 39 departementschefen,
1091 2385 49 27 att
1156 2383 253 30 civilförsvaret
1425 2385 38 28 är
1479 2385 63 28 och
1560 2384 153 39 alltjämt

224 2434 90 29 skall
329 2443 82 21 vara
426 2444 42 19 en
483 2434 79 29 civil
578 2436 248 37 organisation,
844 2445 73 20 som
935 2436 36 29 så
987 2436 95 38 långt
1098 2436 138 39 möjligt
1251 2437 62 29 bör
1329 2445 57 30 ges
1402 2446 42 19 en
1460 2439 76 27 rent
1551 2437 162 29 humani-

223 2487 56 29 tär
292 2487 205 39 inriktning.
512 2488 82 29 Man
608 2488 61 30 bör
684 2488 177 39 nämligen
877 2489 79 29 från
971 2489 236 39 folkrättsliga
1223 2490 218 39 synpunkter
1457 2490 84 29 söka
1558 2491 154 29 undvika
