2196 2618
386 181 42 31 20
882 184 255 33 Statsutskottets
1158 187 169 32 utlåtande
1349 189 54 30 Nr
1423 192 20 27 4
1456 190 39 31 A.

386 266 218 37 nuvarande
632 266 224 50 befattning.
911 269 291 48 Ifrågavarande
1229 270 236 52 lönetillägg,
1485 274 118 37 vilket
1630 276 204 49 lämpligen
1855 285 127 43 syntes

385 317 128 36 kunna
552 321 92 45 utgå
685 319 81 36 från
807 320 385 50 avlöningsanslaget,
1234 323 68 36 lar
1343 326 194 49 upptagits
1569 327 57 36 till
1657 330 70 34 135
1757 329 138 37 kronor
1922 345 59 22 om

386 371 90 45 året,
510 369 124 37 därest
675 370 199 49 Bergqvist
901 372 12 36 i
941 373 58 36 sin
1027 374 191 50 egenskap
1247 389 46 22 av
1322 376 116 37 förste
1466 377 253 39 vaktmästare
1747 381 163 48 åtnjuter
1937 383 45 36 fri

384 420 146 45 bostad,
573 434 87 23 men
701 423 107 48 eljest
849 424 55 35 till
946 425 73 36 300
1051 425 140 37 kronor
1218 440 61 23 om
1308 430 89 34 året.
1453 429 279 51 Lönetillägget
1759 432 68 37 har
1853 433 128 38 vidare

385 477 141 31 ansetts
554 473 91 36 böra
672 477 92 46 utgå
791 475 115 36 redan
934 476 82 36 från
1045 477 71 36 och
1144 478 83 36 med
1256 479 254 38 innevarande
1539 484 50 33 år.

486 576 193 36 Utskottet
719 577 67 36 har
826 583 121 31 ansett
988 579 60 49 sig
1089 580 91 36 böra
1208 581 198 50 tillstyrka,
1444 588 54 31 att
1526 598 51 22 nu
1606 586 162 36 nämnda
1796 588 184 37 särskilda

381 632 132 42 poster
536 628 222 37 hädanefter
785 629 182 38 beräknas
996 631 118 36 under
1142 633 384 50 avlöningsanslaget.

808 761 399 35 Fältveterinärkårens
1235 767 321 39 omorganisation.

482 841 295 49 Ifrågavarande
806 844 141 37 ärende
976 845 67 36 har
1072 847 96 36 varit
1196 847 156 37 föremål
1381 849 60 36 för
1467 849 237 51 behandling
1727 865 46 23 av
1792 854 185 36 särskilda

378 891 103 37 inom
509 894 558 50 lantförsvarsdepartementet
1094 898 208 37 tillkallade
1332 900 250 53 sakkunniga,
1614 903 100 37 vilka
1738 904 11 36 i
1769 906 207 36 november

382 945 97 35 1916
522 945 235 37 överlämnat
798 947 65 36 sitt
903 948 193 37 utlåtande
1139 950 69 37 och
1252 951 144 49 förslag
1436 954 162 37 rörande
1628 955 348 38 militärveterinär-

377 996 206 37 väsendets
612 999 324 47 omorganisation
964 1001 11 35 i
1004 1001 95 36 fred.
1157 1001 181 49 Orsaken,
1369 1005 126 35 varför
1523 1007 187 36 särskilda
1739 1008 237 49 sakkunniga

377 1047 207 49 tillkallats,
626 1063 68 22 var
722 1055 179 43 närmast,
931 1057 55 31 att
1013 1053 120 36 under
1161 1056 87 34 åren
1279 1057 253 35 1908—1914
1560 1057 11 35 i
1601 1059 176 36 medeltal
1806 1065 91 31 nära
1927 1063 47 34 20

377 1105 161 42 procent
580 1113 46 23 av
667 1101 707 51 bataljonsveterinärbeställningarna
1420 1108 70 36 och
1535 1114 93 31 nära
1675 1123 77 34 nog
1797 1112 177 48 samtliga

376 1150 800 54 fältveterinärstipendiatbeställningarna
1191 1158 96 35 varit
1302 1158 165 37 vakanta
1487 1160 71 36 och
1578 1166 56 31 att
1654 1162 122 36 denna
1797 1164 177 48 ständiga

376 1202 97 37 brist
513 1206 49 45 på
604 1204 372 39 militärveterinärer
1017 1208 87 36 med
1145 1209 91 48 lång
1262 1210 197 48 tjänstetid
1489 1212 207 37 inverkade
1726 1215 247 49 synnerligen

376 1254 273 50 ofördelaktigt
677 1259 48 46 på
753 1258 336 38 veterinärvården
1116 1261 63 35 vid
1208 1262 338 48 truppförbanden.

479 1296 101 47 Över
622 1307 47 36 de
711 1309 258 50 sakkunnigas
1007 1312 281 49 framställning
1316 1314 96 36 hava
1441 1315 216 37 sedermera
1686 1317 184 37 särskilda
1897 1324 76 43 ytt-

373 1358 146 36 randen
547 1358 207 39 infordrats
783 1361 84 36 från
896 1363 386 49 arméförvaltningen
1305 1366 121 49 jämte
1455 1372 55 30 ett
1539 1367 126 37 flertal
1685 1369 160 37 militära
1867 1384 105 35 myn-

374 1408 176 50 digheter
577 1423 48 23 m.
656 1411 36 35 fl.

476 1461 73 36 Det
578 1475 47 22 av
654 1462 140 49 Kungl.
824 1464 107 48 Maj:t
953 1465 68 36 här
1048 1466 211 50 framlagda
1282 1468 187 49 förslaget
1488 1483 111 23 avser
1617 1472 103 35 såväl
1736 1485 45 23 en
1798 1469 174 58 omorga-

374 1512 124 37 sation
528 1526 80 23 som
638 1527 46 23 en
712 1513 283 52 lönereglering
1023 1517 60 36 för
1110 1519 379 38 fältveterinärkåren
1516 1522 12 36 i
1557 1522 89 36 dess
1675 1523 138 37 helhet.

639 1634 79 36 Den
746 1636 157 35 centrala
932 1636 188 49 ledningen
1149 1651 44 23 av
1221 1639 487 39 militärveterinärväsendet.

474 1708 149 49 Högsta
664 1710 208 49 ledningen
914 1725 47 23 av
998 1713 516 40 militärveterinärväsendet
1542 1718 229 37 tillkommer
1798 1721 58 36 för
1884 1726 84 32 när-

370 1761 167 36 varande
580 1762 410 50 arméförvaltningens
1020 1766 378 49 sjukvårdsstyrelse.
1454 1769 55 36 De
1538 1771 212 36 veterinära
1777 1773 192 37 ärendena

370 1811 241 50 handläggas
657 1816 21 33 å
723 1815 407 49 sjukvårdsstyrelsens
1177 1818 364 51 fältveterinärbyrå.
1607 1821 102 38 Chef
1746 1824 57 36 för
1844 1825 124 37 denna

369 1863 95 48 byrå
492 1869 42 31 är
561 1864 323 49 fältveterinären,
913 1868 128 36 vilken
1061 1869 225 50 föredrager
1304 1871 47 37 de
1371 1873 214 36 veterinära
1605 1875 198 37 ärendena.
1847 1876 121 37 Dessa

368 1921 165 43 avgöras
574 1930 48 23 av
663 1918 387 47 generalfältläkaren
1092 1924 125 33 såsom
1259 1923 411 49 sjukvårdsstyrelsens
1711 1928 96 42 chef,
1840 1928 12 35 i
1895 1928 72 37 den

369 1969 84 34 mån
483 1968 212 36 ärendenas
723 1971 218 47 avgörande
969 1973 31 47 ej
1022 1972 230 38 tillkommer
1272 1976 410 49 arméförvaltningens
1702 1979 151 48 plenum
1875 1980 92 37 eller

368 2018 393 50 sjukvårdsstyrelsen
789 2022 12 36 i
829 2022 175 50 förening
1044 2025 84 36 med
1168 2038 46 23 en
1243 2026 91 36 eller
1361 2026 91 37 flera
1480 2042 46 22 av
1554 2030 411 50 arméförvaltningens

368 2069 267 50 departement
663 2072 92 37 eller
784 2074 81 47 ock,
895 2075 94 37 efter
1007 2076 405 48 generalfältläkarens
1432 2079 297 51 bestämmande,
1747 2083 219 37 ankommer

368 2124 21 33 å
417 2122 323 39 fältveterinären.

471 2174 52 36 De
540 2175 269 50 sakkunniga,
838 2177 103 38 vilka
968 2178 82 37 icke
1079 2185 127 32 ansett
1234 2181 534 40 militärveterinärväsendets
1798 2186 166 37 centrala

365 2224 161 51 ledning
566 2228 86 36 med
694 2229 218 37 nuvarande
953 2231 259 47 organisation
1252 2233 175 49 lämpligt
1456 2235 155 48 ordnad,
1640 2236 98 37 hade
1766 2236 198 51 föreslagit

365 2277 230 49 utbrytande
624 2292 46 24 av
700 2280 382 51 fältveterinärbyrån
1107 2297 43 22 ur
1170 2285 408 49 arméförvaltningens
1599 2288 364 50 sjukvårdsstyrelse
