2234 2622
719 193 260 32 Statsutskottets
1005 195 172 31 utlåtande
1204 196 53 31 Nr
1283 198 20 28 4
1319 197 39 30 A.
1798 196 44 32 57

245 273 220 44 materielen
493 274 68 36 har
590 274 63 37 det
683 275 58 36 för
769 274 214 38 ändamålet
1011 275 218 37 beräknade
1258 276 176 49 beloppet
1461 281 144 32 ansetts
1638 277 206 49 lämpligen

247 326 91 36 böra
367 325 165 37 fördelas
562 331 55 31 att
644 329 92 45 utgå
764 326 119 37 under
911 326 131 49 loppet
1069 341 47 22 av
1144 328 85 48 fyra
1257 331 52 33 år.

348 378 208 46 Utskottet,
587 390 81 23 som
697 391 113 23 anser
839 378 60 48 sig
929 379 89 35 böra
1047 379 191 48 tillstyrka
1258 385 54 30 att
1332 380 121 35 medel
1473 380 58 35 för
1551 380 293 48 ifrågavarande

244 428 176 37 ändamål
447 428 160 49 beviljas
636 432 49 45 på
715 429 157 36 sålunda
900 430 209 47 föreslaget
1138 435 87 42 sätt,
1256 430 219 37 hemställer
1504 431 120 47 alltså,

748 536 57 31 att
840 531 209 47 riksdagen
1079 535 59 33 må
1169 532 59 36 för
1256 534 232 46 anskaffning
1517 547 44 22 av
1591 535 171 47 överdrag
1792 535 54 35 till

637 582 107 47 filtar
772 582 139 49 bevilja
939 589 54 29 ett
1022 584 134 46 anslag
1184 596 47 23 av
1260 585 163 45 880,000
1452 584 140 36 kronor
1612 590 97 30 samt
1729 586 116 35 därav

645 636 20 33 å
694 639 106 30 extra
828 639 74 30 stat
930 634 58 36 för
1016 637 40 33 år
1086 637 96 33 1919
1213 638 127 33 såsom
1368 636 394 49 reservationsanslag
1782 649 63 23 an-

643 683 81 38 visa
753 689 55 32 ett
836 685 139 49 belopp
1004 699 47 23 av
1080 688 165 45 220,000
1274 686 151 37 kronor.

348 785 100 49 40:0)
468 786 130 37 Under
617 787 121 49 punkt
757 789 49 35 40
825 801 47 23 av
892 789 125 36 denna
1037 789 212 36 huvudtitel
1270 789 68 36 har
1359 789 139 49 Kungl.
1520 790 107 48 Maj:t
1647 791 199 48 föreslagit

244 838 206 47 riksdagen
479 843 55 31 att
561 838 57 36 till
646 839 232 49 förhyrande
906 853 47 23 av
982 841 426 47 sjötransportmateriel
1436 842 58 36 för
1517 842 239 36 Karlskrona
1776 843 69 36 och

247 889 208 36 Vaxholms
492 890 474 49 grenadjärregementens
994 892 187 48 övningar
1209 895 21 33 å
1258 898 106 31 extra
1393 897 74 32 stat
1495 893 58 36 för
1582 896 41 33 år
1653 896 98 34 1919
1781 907 63 23 an-

244 941 84 36 visa
356 946 53 31 ett
437 941 316 49 förslagsanslag,
781 942 128 49 högst,
942 945 162 45 100,000
1133 943 155 37 kronor.

348 992 268 49 Utredningen
656 993 162 37 rörande
860 994 125 37 denna
1026 995 121 48 punkt
1184 995 204 36 återfinnes
1418 998 20 33 å
1466 995 69 36 sid.
1568 997 201 36 190—193
1800 1010 44 23 av

245 1044 429 49 statsrådsprotokollet.

350 1146 125 38 Sedan
505 1150 40 34 år
571 1149 97 36 1906
697 1148 98 37 hava
824 1162 46 23 av
898 1149 143 49 Kungl.
1063 1149 105 49 Maj:t
1187 1149 169 37 anvisats
1375 1150 251 50 erforderliga
1646 1152 200 48 årsanslag

245 1199 57 36 till
330 1199 245 37 bestridande
604 1213 47 22 av
678 1200 209 36 kostnader
916 1200 60 37 för
1005 1201 229 49 förhyrning
1261 1215 47 23 av
1337 1201 425 50 sjötransportmateriel
1787 1203 58 37 för

246 1251 237 36 Karlskrona
511 1251 71 36 och
611 1251 209 37 Vaxholms
847 1252 479 49 grenadjärregementens
1354 1254 196 48 övningar.
1796 1297 4 3 |

349 1302 130 37 Under
521 1305 40 34 år
604 1305 96 34 1917
743 1304 202 49 uppgingo
987 1305 110 36 dessa
1139 1305 207 36 kostnader
1386 1305 57 36 till
1477 1307 112 46 2,000
1619 1306 140 37 kronor
1786 1307 59 36 för

244 1354 236 40 Karlskrona
508 1355 429 48 grenadjärregemente
962 1356 71 36 och
1054 1358 137 46 67,926
1212 1357 143 36 kronor
1375 1357 58 36 för
1452 1356 209 38 Vaxholms
1681 1358 163 48 grenad-

238 1406 298 48 Järregemente.
592 1407 68 35 Att
687 1407 258 36 kostnaderna
973 1408 61 36 för
1061 1409 64 35 det
1153 1421 134 24 senare
1315 1409 319 48 truppförbandet
1655 1409 110 37 ställa
1784 1410 62 49 sig

246 1460 41 33 så
315 1462 177 32 avsevärt
523 1458 154 48 mycket
705 1458 120 49 högre
854 1463 48 32 än
931 1459 59 37 för
1018 1459 63 37 det
1108 1460 103 36 förra
1240 1465 42 31 är
1310 1465 55 31 att
1393 1460 91 37 söka
1511 1460 53 37 uti
1583 1466 261 44 regementets

246 1509 544 49 förläggningsförhållanden.

349 1561 56 36 Då
421 1561 164 37 behovet
604 1575 48 23 av
671 1562 167 49 tillgång
856 1565 48 46 på
924 1562 428 50 sjötransportmateriel
1367 1563 59 37 för
1440 1564 292 48 ifrågavarande
1748 1565 97 37 båda

245 1613 298 49 truppförbands
571 1613 187 50 övningar
786 1619 41 31 är
856 1627 48 23 av
932 1614 297 49 stadigvarande
1258 1620 123 40 natur,
1411 1621 130 43 syntes
1567 1616 64 37 det
1649 1617 85 36 icke
1754 1630 91 23 vara

245 1664 184 49 förenligt
474 1665 83 37 med
604 1678 47 23 en
693 1665 77 49 god
812 1666 189 48 ekonomi,
1045 1672 56 31 att
1143 1668 104 35 detta
1288 1667 297 37 materielbehov
1626 1669 59 36 för
1728 1669 115 36 fram-

245 1716 104 37 tiden
388 1716 163 50 alltjämt
578 1717 276 49 tillgodosåges
882 1732 142 35 genom
1053 1719 241 49 förhyrning.
1351 1718 89 38 Som
1468 1719 209 37 emellertid
1706 1726 54 31 ett
1788 1734 56 23 er-

247 1769 175 36 sättande
451 1783 46 22 av
526 1769 73 36 den
627 1769 185 49 förhyrda
840 1770 219 37 materielen
1088 1771 84 36 med
1201 1771 59 36 för
1279 1771 166 36 kronans
1464 1771 165 50 räkning
1648 1772 197 38 anskaffad

245 1820 118 36 sådan
405 1821 122 36 skulle
559 1821 118 36 under
704 1835 50 22 nu
783 1821 167 37 rådande
980 1822 125 49 dyrtid
1134 1823 171 36 medföra
1333 1822 164 50 oskäligt
1525 1824 100 49 höga
1654 1827 191 46 engångs-

245 1872 219 48 kostriader,
506 1873 68 36 har
614 1872 65 37 det
706 1873 194 37 befunnits
928 1874 239 49 nödvändigt
1195 1880 54 31 att
1277 1880 99 31 ännu
1404 1878 125 46 någon
1558 1876 56 36 tid
1643 1876 127 49 fortgå
1797 1879 48 47 på

244 1924 76 36 den
348 1924 136 37 hittills
512 1924 164 37 anlitade
705 1929 137 43 vägen.

348 1976 75 36 För
459 1979 40 33 år
543 1978 96 35 1919
678 1977 47 37 ha
753 1977 258 37 kostnaderna
1039 1978 58 36 för
1123 1978 289 49 ifrågavarande
1441 1979 173 37 ändamål
1642 1980 203 37 beräknats

245 2027 59 36 till
347 2029 163 45 100,000
552 2028 153 37 kronor.
761 2028 89 38 Som
877 2030 422 49 intendenturanslaget
1326 2031 84 36 icke
1439 2031 128 37 vidare
1596 2031 146 37 lämnar
1770 2032 74 36 till-

245 2082 107 45 gång
379 2079 57 37 till
464 2080 111 37 dessa
595 2080 226 38 kostnaders
840 2081 202 49 gäldande,
1058 2082 69 36 har
1146 2087 55 31 ett
1221 2082 154 37 särskilt
1394 2083 135 49 anslag
1547 2083 130 37 härför
1697 2089 147 31 ansetts

246 2131 93 36 böra
367 2131 169 37 beredas.

350 2183 56 36 Då
447 2184 64 36 det
552 2184 230 36 åtminstone
824 2185 62 36 för
926 2185 235 37 närvarande
1189 2185 83 37 icke
1301 2199 112 36 synes
1442 2186 150 49 möjligt
1621 2192 55 31 att
1703 2200 139 36 genom

245 2247 49 23 en
323 2235 251 50 omläggning
603 2250 46 22 av
677 2241 115 32 sättet
820 2236 58 37 för
907 2237 46 36 de
986 2237 63 36 vid
1077 2237 210 37 Vaxholms
1306 2238 427 49 grenadjärregemente
1753 2239 91 36 nöd-

247 2287 165 49 vändiga
441 2288 318 49 sjötransporters
787 2288 203 37 utförande
1014 2289 263 37 åstadkomma
1297 2303 47 23 en
1363 2290 221 50 minskning
1602 2291 12 36 i
1632 2291 212 49 utgifterna

351 2349 116 37 Biheng
491 2350 45 28 till
556 2350 169 36 riksdagens
743 2351 147 36 protokoll
914 2352 90 28 1918.
1051 2353 19 26 6
1091 2352 83 28 saml.
1220 2353 20 27 4
1259 2352 17 28 A
1299 2353 74 35 häft.
1418 2351 59 38 (Nr
1498 2353 19 28 4
1535 2352 48 36 A)
1783 2354 19 27 8

1886 798 165 29 Förbyrande

1881 840 31 14 av
1935 832 122 29 sjötrans-

1881 867 175 28 portmateriel

1863 902 40 21 för
1913 899 156 25 Karlskrona

1863 935 49 22 och
1930 934 138 24 Vaxholms

1864 969 204 29 grenadjärrege-

1881 1006 115 20 mentens
2015 1005 42 21 öv-

1919 1038 96 29 ningar.

1915 1080 94 46 [40.]

1890 1159 148 22 Utskottets

1897 1193 141 23 utlåtande.
