1908 2810
290 189 20 30 6
709 185 295 35 Statsutskottets
1018 185 187 34 utlåtande
1220 185 55 34 Nr
1291 187 53 31 86.

289 265 409 44 fyravåningsbyggnad,
719 265 118 33 vartill
859 264 110 34 skulle
989 264 99 43 fogas
1110 277 42 21 en
1174 264 105 42 flygel
1301 265 12 33 i
1333 269 53 30 tre
1407 264 181 42 våningar.
1610 263 170 43 Nybygg-

291 319 117 34 naden
428 319 108 33 skulle
555 319 176 42 inrymma
750 318 428 42 barnbördsavdelningar
1196 331 46 21 m.
1261 330 47 21 m.

336 390 430 42 Byggnadsprogrammet
792 389 65 33 har
884 388 183 43 uppgjorts
1095 401 45 21 av
1167 388 261 34 vederbörande
1454 387 326 42 universitetsmyn-

292 434 159 43 digheter
475 435 65 33 och
567 434 194 33 sedermera
788 434 186 42 granskats
1001 446 44 21 av
1074 435 89 38 1940
1188 434 55 32 års
1268 432 104 34 civila
1400 432 381 43 byggnadsutredning,

291 491 77 21 som
387 478 177 42 föreslagit
586 479 93 32 vissa
700 478 249 41 beskärningar
969 478 65 33 och
1053 477 247 42 förenklingar,
1321 476 202 43 varigenom
1542 476 81 33 med
1643 476 138 42 hänsyn

290 523 54 33 till
375 523 4 33 i
401 535 92 21 mars
518 526 85 30 1941
630 522 153 34 rådande
806 522 149 42 prisläge
978 526 135 29 ansetts
1135 522 121 33 kunna
1280 533 120 30 sparas
1422 521 11 33 i
1455 526 83 28 runt
1560 521 51 33 tal
1635 524 145 36 650,000

290 567 131 34 kronor
438 567 10 33 i
465 567 375 42 byggnadskostnader
857 566 55 34 för
929 567 59 33 det
1005 566 190 34 allmänna.
1212 566 72 33 Det
1301 578 45 21 av
1364 565 417 43 byggnadsutredningen

289 611 187 34 förordade
497 611 179 42 förslaget,
698 611 110 34 vilket
829 610 177 43 godtagits
1029 623 46 21 av
1097 609 518 43 universitetsmyndigheterna
1637 609 65 33 och
1724 609 56 33 de-

290 655 356 43 partementschefen,
670 656 63 33 har
755 655 364 34 kostnadsberäknats
1144 655 53 33 till
1220 655 11 33 i
1255 659 84 28 runt
1362 654 51 33 tal
1437 656 182 37 2,300,000
1643 653 138 38 kronor,

291 701 120 33 vartill
449 700 109 33 skulle
595 700 144 33 komma
776 699 194 34 kostnader
1005 699 55 33 för
1086 699 214 42 utrustning,
1327 698 200 34 beräknade
1553 698 54 33 till
1636 701 144 37 390,000

290 744 131 34 kronor
438 745 46 41 på
501 744 175 42 grundval
696 756 44 21 av
758 744 182 42 prisnivån
958 744 11 33 i
990 743 140 42 augusti
1150 746 98 31 1939.

341 788 154 42 Uppsala
515 789 77 33 läns
613 788 176 42 landsting
811 788 65 33 har
896 788 54 33 för
970 788 52 34 sin
1044 788 54 33 del
1119 788 11 33 i
1151 787 197 42 september
1370 790 85 30 1939
1476 787 53 33 till
1551 786 230 34 förevarande

291 833 166 34 ändamål
482 833 141 33 anvisat
649 836 177 36 1,437,500
851 833 140 39 kronor,
1014 831 251 34 motsvarande
1287 831 136 34 hälften
1447 843 44 21 av
1518 831 43 33 de
1585 831 46 33 då
1654 831 51 33 till
1730 831 50 33 in-

291 878 84 33 alles
403 880 179 37 2,485,000
609 877 129 33 kronor
765 876 201 34 beräknade
993 876 197 42 byggnads-
1218 876 65 33 och
1309 875 472 42 utrustningskostnaderna.

291 922 74 34 Det
387 921 166 34 anvisade
575 922 164 41 beloppet
761 921 111 33 skulle
893 921 114 33 såsom
1030 920 156 42 brukligt
1207 921 84 41 utgå
1313 921 115 32 såsom
1449 918 181 35 räntefritt
1650 920 58 32 lån
1728 919 53 33 till

291 966 244 33 universitetet
557 966 113 33 under
689 965 256 42 förutsättning
965 970 54 28 att
1039 964 186 34 enahanda
1246 964 127 42 belopp
1393 964 140 33 komme
1555 968 55 29 att
1631 976 45 21 av
1696 964 85 33 riks-

292 1010 114 42 dagen
428 1010 147 42 beviljas
598 1009 55 34 för
674 1009 202 34 ändamålet
895 1014 96 29 samt
1013 1013 78 30 »att
1112 1008 54 35 för
1188 1008 227 43 byggnadens
1437 1007 219 43 påbörjande
1677 1007 104 34 erfor-

292 1055 127 41 derligt
455 1054 127 42 belopp
620 1059 170 37 upptoges
826 1054 47 42 på
909 1054 144 33 riksstat
1078 1053 82 33 eller
1183 1053 286 42 beredskapsstat
1493 1052 56 34 för
1574 1052 208 42 budgetåret

295 1099 190 42 1940/41».

337 1204 400 43 Departementschefen
754 1205 66 32 har
837 1204 55 34 för
910 1216 84 30 egen
1013 1204 55 33 del
1089 1204 117 34 anfört
1225 1204 10 34 i
1253 1203 190 34 huvudsak
1459 1203 169 42 följande:

336 1276 58 33 Av
416 1275 66 34 den
503 1275 237 42 föreliggande
760 1274 233 42 utredningen
1014 1274 205 42 framginge,
1241 1279 55 29 att
1318 1274 152 33 behovet
1491 1286 45 21 av
1558 1285 73 31 nya
1652 1273 130 34 lokaler

290 1320 56 34 för
363 1320 292 33 kvinnokliniken
673 1319 59 33 vid
751 1319 228 33 akademiska
997 1319 186 41 sjukhuset
1199 1319 10 33 i
1227 1318 160 42 Uppsala
1404 1330 82 21 vore
1502 1318 145 43 mycket
1664 1321 117 39 träng-

293 1365 102 33 ande.
423 1363 399 43 Departementschefen
848 1363 92 33 hade
966 1363 104 33 blivit
1096 1363 194 42 övertygad
1317 1375 58 21 om
1402 1362 310 42 nödvändigheten
1738 1374 44 21 av

292 1409 137 33 snabba
452 1409 64 33 och
539 1408 297 42 genomgripande
859 1407 163 42 åtgärder
1044 1407 55 33 för
1123 1412 54 29 att
1202 1407 167 42 avhjälpa
1392 1407 43 33 de
1457 1407 206 33 nuvarande
1685 1407 97 33 miss-

291 1453 278 34 förhållandena.
594 1453 60 33 Då
677 1457 51 29 ett
752 1452 163 42 uppskov
938 1452 80 33 med
1044 1452 101 33 detta
1168 1450 319 44 byggnadsföretag
1509 1451 77 34 icke
1610 1463 82 21 vore
1715 1451 67 33 till-

292 1498 141 42 rådligt,
455 1498 107 33 borde
585 1497 113 34 medel
720 1497 54 34 för
797 1497 203 33 ändamålet
1022 1496 141 34 anvisas
1185 1496 11 33 i
1218 1496 109 33 sådan
1351 1495 158 42 ordning,
1533 1500 56 29 att
1610 1495 172 43 företaget

290 1542 121 34 kunde
430 1542 79 33 med
530 1542 61 33 det
610 1546 156 29 snaraste
785 1541 218 42 igångsättas
1021 1541 67 33 och
1108 1545 88 28 utan
1215 1540 167 42 dröjsmål
1400 1540 205 34 fullbordas.

339 1586 399 43 Departementschefen
765 1585 205 43 tillstyrkte,
998 1589 55 29 att
1079 1585 216 42 nybyggnad
1323 1584 55 34 för
1405 1584 202 42 sjukhusets
1635 1584 147 34 kvinno-

291 1631 114 33 klinik
429 1631 109 33 skulle
562 1630 169 42 uppföras
754 1630 11 33 i
789 1629 237 42 huvudsaklig
1049 1629 347 34 överensstämmelse
1420 1629 80 33 med
1525 1629 60 33 det
1610 1641 45 21 av
1680 1629 102 33 civila

292 1675 419 43 byggnadsutredningen
732 1674 196 42 framlagda
949 1673 176 42 förslaget.

337 1720 252 33 Kostnaderna
609 1719 55 33 för
684 1718 232 34 anskaffande
938 1731 44 20 av
1003 1718 222 42 erforderliga
1245 1717 213 34 inventarier
1478 1718 91 33 hade
1590 1718 46 42 på
1657 1718 52 33 sin
1729 1717 53 33 tid

292 1764 191 34 beräknats
503 1764 53 33 till
579 1767 145 36 390,000
744 1763 141 33 kronor.
906 1763 86 33 Med
1014 1763 139 41 hänsyn
1174 1763 52 32 till
1248 1762 43 33 de
1312 1762 276 42 prisstegringar,
1609 1774 75 21 som
1706 1761 75 34 där-

292 1808 90 34 efter
402 1808 173 40 inträffat,
597 1808 101 33 torde
720 1807 98 34 dessa
839 1807 192 33 kostnader
1052 1818 147 22 numera
1220 1806 84 34 böra
1326 1806 212 42 uppskattas
1561 1806 54 33 till
1637 1810 144 36 600,000

290 1853 142 33 kronor.
455 1853 92 33 Från
570 1852 173 33 klinikens
767 1851 204 34 överläkare
993 1851 92 33 hade
1109 1850 384 43 departementschefen
1516 1851 191 33 emellertid
1732 1851 49 33 in-

292 1897 153 39 hämtat,
472 1902 54 28 att
552 1896 239 34 kostnaderna
817 1896 82 33 med
925 1895 231 43 iakttagande
1182 1908 44 20 av
1253 1899 130 30 största
1410 1895 286 34 återhållsamhet
1722 1895 59 33 vid

292 1940 468 42 inventarieanskaffningen
781 1940 101 33 torde
901 1940 121 33 kunna
1042 1940 61 33 vid
1122 1939 234 34 oförändrade
1374 1939 107 42 priser
1500 1939 211 42 nedbringas
1729 1939 53 33 till

293 1989 147 75 SAK
469 1986 140 39 kronor,
639 1985 80 33 med
748 1985 111 33 vilket
888 1985 127 42 belopp
1045 1983 386 43 departementschefen
1461 1984 128 42 ansåge
1619 1984 50 42 sig
1697 1984 86 33 böra

293 2042 123 22 räkna.

338 2075 57 33 De
427 2073 266 42 sammanlagda
723 2073 240 33 kostnaderna
994 2073 120 33 kunde
1136 2073 101 33 alltså
1258 2072 173 34 beräknas
1453 2073 52 33 till
1531 2073 194 42 (2,300,000
1742 2075 38 38 +

295 2122 38 38 +
351 2122 145 36 550,000
512 2119 54 42 =)
592 2121 179 37 2,850,000
791 2118 141 40 kronor,
952 2117 110 34 vilket
1082 2117 128 42 belopp
1230 2117 109 33 skulle
1360 2117 70 33 lika
1450 2117 94 34 delas
1564 2117 128 33 mellan
1713 2121 68 30 sta-

291 2168 62 29 ten
373 2164 66 33 och
459 2163 158 43 Uppsala
636 2164 76 32 läns
731 2163 190 41 landsting.
942 2162 142 34 Statens
1106 2161 102 34 andel
1227 2162 11 33 i
1256 2161 238 35 kostnaderna
1514 2162 102 33 bleve
1636 2160 146 34 sålunda

293 2211 179 37 1,425,000
493 2208 142 39 kronor,
657 2207 110 34 vilket
788 2207 128 42 belopp
939 2212 89 29 trots
1052 2207 43 33 de
1117 2206 202 42 betydande
1340 2206 312 42 prisstegringarna
1675 2206 108 41 något

292 2253 209 41 understege
523 2252 61 34 det
608 2264 46 21 av
677 2251 518 43 universitetsmyndigheterna
1219 2251 263 42 ursprungligen
1507 2250 141 34 äskade.

338 2297 58 33 Av
413 2302 132 28 statens
563 2297 103 33 andel
682 2296 10 33 i
709 2296 197 42 byggnads-
923 2295 64 34 och
1003 2295 459 42 utrustningskostnaderna
1477 2295 55 33 för
1546 2295 235 33 kvinnoklini-

291 2341 71 33 ken
388 2341 106 33 borde
518 2341 55 33 för
597 2344 103 30 nästa
724 2340 174 42 budgetår
922 2340 139 33 anvisas
1087 2343 144 36 500,000
1255 2340 140 33 kronor.
1420 2340 57 33 Då
1503 2351 44 21 av
1572 2339 210 42 landstings-

293 2385 114 34 medel
428 2391 52 28 ett
500 2385 250 34 motsvarande
770 2385 129 42 belopp
919 2384 100 34 torde
1037 2384 146 33 komma
1203 2389 54 28 att
1278 2384 55 33 stå
1352 2384 53 33 till
1426 2383 217 43 förfogande,
1664 2388 118 38 syntes

293 2429 160 42 anslaget
475 2442 87 21 vara
584 2429 204 42 tillräckligt
811 2429 56 33 för
890 2434 55 28 att
968 2429 107 33 täcka
1099 2428 43 33 de
1166 2428 383 43 byggnadskostnader,
1574 2440 75 21 som
1673 2427 110 34 under

292 2477 106 31 nästa
414 2473 172 42 budgetår
601 2473 101 35 torde
718 2473 145 34 komma
881 2478 56 28 att
952 2473 132 42 gäldas.
1102 2473 130 34 Därest
1247 2472 214 43 landstinget
1478 2473 81 33 med
1575 2473 139 42 hänsyn
1729 2472 53 33 till

293 2518 262 42 utformningen
578 2531 46 20 av
647 2518 62 33 sitt
731 2519 37 32 år
791 2521 88 30 1939
901 2517 138 34 fattade
1060 2517 117 34 beslut
1198 2517 10 33 i
1231 2521 119 29 ämnet
1373 2517 108 33 skulle
1503 2517 100 33 finna
1626 2517 51 41 sig
1698 2516 83 33 nöd-

296 2563 104 33 sakat
422 2562 91 34 fatta
535 2568 84 37 nytt
641 2562 125 40 beslut,
788 2563 102 33 torde
911 2562 132 41 Kungl.
1065 2561 112 41 Maj:t
1199 2562 85 33 böra
1307 2565 65 39 äga
1396 2561 87 33 efter
1505 2560 148 34 särskild
1678 2563 102 39 pröv-
