2194 2620
683 208 254 32 Statsutskottets
962 205 166 32 utlåtande
1155 205 53 30 Nr
1233 206 75 29 215.
1775 196 20 30 5

197 307 85 24 som
311 294 146 36 hittills
487 293 151 36 ansetts
667 290 143 48 skälig,
840 289 75 36 har
944 288 67 36 det
1039 285 277 50 procentuella
1334 284 190 47 tillägget
1552 282 98 35 satts
1679 279 63 36 till
1772 280 21 34 7

198 350 168 46 procent
389 347 113 47 lägre
531 350 51 31 än
612 345 67 36 det
706 342 239 49 procenttal,
976 353 85 24 som
1089 341 226 35 motsvarar
1345 333 103 50 ”"/100
1477 348 51 23 av
1548 333 245 49 grundtalet.

305 401 78 35 För
424 399 246 36 innehavare
699 409 51 23 av
779 395 241 49 prästerliga
1048 392 271 38 emeoritilöner
1348 389 130 37 skulle
1508 386 287 49 dyrtidstilläg-

199 456 69 46 get
296 453 129 36 under
453 450 312 50 ifrågavarande
794 447 301 38 ecklesiastikår
1123 445 101 48 utgå
1252 444 102 36 efter
1383 441 188 49 glidande
1591 440 112 36 skala
1722 439 75 36 och

200 511 102 32 även
330 507 14 35 i
373 506 134 47 övrigt
535 505 100 35 efter
672 504 5 35 i
704 501 213 37 huvudsak
946 499 212 37 enahanda
1178 497 189 49 grunder,
1389 507 85 24 som
1494 493 304 37 kunnakomma

199 561 62 35 att
288 558 219 36 fastställas
537 557 61 36 för
626 558 152 34 statens
806 554 258 48 pensionärer
1093 552 61 35 för
1181 551 112 35 tiden
1322 549 90 36 från
1441 548 77 36 den
1546 548 17 33 1
1586 546 73 47 juli
1682 546 113 34 1921.

306 611 313 48 Dyrtidstillägg
648 609 128 36 skulle
803 607 102 47 utgå
931 605 151 49 jämväl
1112 604 24 35 å
1164 603 181 47 tillfällig
1368 599 335 46 löneförbättring
1724 597 75 36 och

202 662 484 50 kontraktsprostarvode.

306 718 142 48 Enligt
475 717 78 36 vad
582 712 439 52 departementschefen
1050 711 167 48 angivit,
1238 710 160 35 lämnar
1421 705 279 51 kyrkofonden
1719 704 78 36 till-

201 773 109 48 gång
338 772 66 36 till
431 770 253 37 bestridande
713 781 51 23 av
792 768 48 36 de
869 766 169 48 utgifter
1065 776 142 24 varom
1234 776 58 23 nu
1320 766 45 32 är
1394 761 124 48 fråga.

309 852 79 37 Vid
416 850 238 37 utmätande
683 861 50 23 av
762 846 301 50 dyrtidstillägg
1092 844 62 36 för
1174 841 343 39 ecklesiastikåret
1540 839 257 37 1920—1921

202 906 43 35 åt
272 905 245 36 innehavare
546 916 51 23 av
624 901 241 49 prästerliga
892 899 275 46 befattningar
1195 898 124 35 sattes
1347 894 231 49 grunderna
1605 892 60 36 för
1689 892 113 36 detta

202 958 303 48 dyrtidstillägg
542 957 14 35 i
593 956 172 36 relation
801 954 63 35 till
891 952 79 37 vad
998 951 429 47 statstjänstemännen
1455 947 14 35 i
1498 945 303 49 dyrtidstillägg

202 1012 182 48 uppburo
424 1011 61 36 för
518 1009 111 37 tiden
660 1011 18 33 1
708 1008 74 49 juli
814 1006 207 37 1920—30
1048 1004 88 49 juni
1168 1004 111 35 1921.
1337 1001 61 36 De
1427 1013 50 23 av
1505 999 151 47 Kungl.
1687 998 116 47 Maj:t

202 1066 14 35 i
252 1065 246 49 proposition
535 1075 49 24 nr
622 1064 75 35 326
732 1061 229 46 föreslagna
988 1057 232 49 grunderna
1248 1055 62 37 för
1338 1053 301 50 dyrtidstillägg
1668 1052 43 36 åt
1736 1052 65 35 be-

203 1118 348 48 fattningshavare
588 1117 13 35 i
639 1117 152 35 statens
826 1115 125 47 tjänst
986 1116 68 33 äro
1087 1110 173 37 avsedda
1288 1110 63 35 att
1378 1108 204 47 tillämpas
1610 1106 90 36 från
1727 1104 76 37 och

203 1172 94 37 med
334 1173 78 35 den
444 1174 16 33 1
492 1171 73 48 juli
601 1171 112 42 1921,
744 1168 75 37 och
846 1167 168 36 innebär
1042 1167 13 35 i
1084 1164 236 47 anslutning
1347 1161 140 37 härtill
1514 1160 193 47 förslaget
1735 1171 66 23 an-

205 1226 155 48 gående
402 1224 301 48 dyrtidstillägg
738 1222 43 36 åt
808 1221 243 36 innehavare
1080 1231 51 23 av
1159 1217 241 49 prästerliga
1426 1214 286 47 befattningar,
1742 1213 62 35 att

205 1280 48 36 de
294 1291 83 36 nya
411 1278 229 48 grunderna
667 1276 61 36 för
757 1274 221 37 sistnämda
1006 1271 306 50 dyrtidstillägg
1340 1269 113 36 skola
1480 1268 205 47 tillämpas
1713 1265 91 37 från

205 1333 77 36 och
308 1332 94 36 med
430 1332 78 36 den
539 1332 17 34 1
587 1330 82 47 maj
703 1330 113 35 1921.

312 1385 61 36 De
415 1397 50 23 av
508 1384 149 47 Kungl:
701 1382 116 47 Maj:t
858 1380 62 36 för
960 1381 152 34 statens
1150 1375 399 48 befattningshavare
1577 1373 229 47 föreslagna

207 1439 231 48 grunderna
479 1437 61 36 för
582 1435 302 49 dyrtidstillägg
924 1433 107 36 hava
1070 1431 118 37 blivit
1229 1442 51 24 av
1316 1429 199 36 utskottet
1552 1427 206 48 godtagna
1791 1425 14 36 i

206 1492 195 37 avseende
444 1491 24 36 å
505 1490 77 37 den
619 1489 66 37 del
722 1501 50 24 av
809 1485 309 50 ifrågavarande
1156 1483 187 50 grunder,
1374 1494 86 25 som
1496 1481 74 36 har
1601 1479 204 49 betydelse

206 1547 62 36 för
304 1544 325 38 bestämmandet
666 1555 50 24 av
754 1540 346 50 dyrtidstillägget
1137 1538 44 36 åt
1216 1536 245 38 innehavare
1490 1547 50 24 av
1568 1533 238 50 prästerliga

206 1599 287 47 befattningar.
551 1597 209 37 Utskottet
787 1595 74 36 har
888 1594 68 36 vid
983 1593 144 36 sådant
1150 1590 251 38 förhållande
1419 1589 89 37 icke
1527 1588 135 36 funnit
1679 1587 128 47 något

208 1655 62 35 att
298 1653 135 36 erinra
460 1652 87 36 mot
575 1651 48 36 de
652 1662 51 24 av
732 1645 441 52 departementschefen
1190 1646 25 48 i
1243 1657 56 23 nu
1326 1642 264 38 förevarande
1609 1640 197 38 avseende

208 1707 230 47 föreslagna
466 1704 239 49 grunderna.

315 1758 323 39 Vidkommande
681 1757 68 36 det
789 1756 15 36 i
845 1753 276 39 ovanberörda
1152 1752 156 37 motion
1337 1750 141 50 gjorda
1506 1749 199 49 yrkandet
1732 1748 75 36 har

208 1813 202 37 utskottet
450 1813 89 36 icke
581 1811 136 36 funnit
745 1810 88 36 skäl
861 1809 199 47 föreligga
1089 1808 61 35 att
1178 1806 146 47 frångå
1351 1805 78 37 den
1457 1803 172 37 relation
1656 1803 14 36 i
1698 1813 107 25 avse-

209 1867 101 37 ende
339 1867 25 36 å
390 1864 425 49 heräkningsgrunder
842 1862 62 37 för
932 1860 313 50 dyrtidstillägg,
1277 1871 86 25 som
1390 1858 201 36 tillförene
1611 1856 198 48 förelegat

209 1921 153 36 mellan
405 1919 428 48 statstjänstemännen
874 1916 24 36 å
926 1928 75 24 ena
1029 1914 113 37 sidan
1171 1913 76 37 och
1274 1912 242 49 prästerliga
1543 1910 263 47 befattnings-

209 1975 152 36 havare
404 1973 24 37 å
469 1974 78 36 den
585 1972 136 43 andra,
753 1970 75 38 och
856 1970 74 36 har
957 1969 200 36 utskottet
1184 1966 256 49 följaktligen
1467 1965 89 36 icke
1584 1964 135 37 funnit
1747 1963 61 47 sig

210 2029 99 36 böra
337 2027 207 48 tillstyrka
570 2026 218 36 motionen.

317 2081 210 37 Utskottet
553 2079 234 37 hemställer
815 2077 130 44 alltså,

745 2160 62 35 att
847 2157 226 47 riksdagen,
1117 2155 14 36 i
1167 2154 219 48 anledning
1415 2165 50 24 av
1493 2152 151 48 Kungl.
1674 2151 136 47 Maj:ts

638 2212 264 37 förevarande
931 2209 246 50 proposition
1205 2209 107 36 samt
1338 2207 94 37 med
1460 2206 140 47 avslag
1628 2205 24 36 å
1669 2205 141 36 herrar

639 2266 219 37 Pehrssons
886 2265 75 37 och
988 2262 226 39 Wallerius”
1252 2260 276 38 ovanberörda
1555 2259 165 44 motion,
1742 2258 68 36 må

212 2330 134 40 Bihang
372 2329 50 32 till
445 2329 190 40 riksdagens
654 2327 154 42 protokoll
832 2330 95 28 1921.
976 2329 20 28 6
1019 2325 89 32 saml.
1157 2327 42 29 89
1224 2323 82 41 häft.
1355 2321 68 41 (Nr
1446 2314 202 52 214—215.)
1790 2320 19 31 2

1846 841 161 26 Utskottets

1855 876 140 34 yttrande.
