1914 2802
508 166 396 36 Jordbruksutskottets
931 171 188 34 utlåtande
1146 174 53 32 Nr
1222 175 50 31 40.
1575 181 17 29 1

812 400 57 39 Nr
897 400 62 40 40.

635 507 107 23 Ankom
764 508 42 23 till
827 509 161 32 riksdagens
1007 511 89 24 kansli
1117 512 53 23 den
1194 514 29 22 16
1243 515 70 29 april
1338 517 69 27 1926,
1429 517 34 23 kl.
1491 519 6 22 4
1518 526 20 16 e.
1560 527 36 15 m.

237 576 193 33 Utlåtande
454 580 13 30 i
490 580 192 38 anledning
705 592 44 22 av
772 584 128 32 väckta
924 587 173 31 motioner
1113 597 57 22 om
1187 590 208 32 överlåtelse
1413 593 55 31 till
1484 593 148 33 Kalmar

435 633 80 30 stad
541 642 45 22 av
609 635 95 30 vissa
740 636 98 31 delar
860 647 45 21 av
929 639 66 30 den
1019 640 57 34 för
1098 640 107 37 högre
1228 642 180 33 allmänna
1432 645 199 33 läroverket

435 685 181 31 därstädes
639 688 163 31 använda
825 689 223 37 fastigheten.

1408 749 63 36 (2:a
1494 750 90 37 avd.)

167 828 18 30 I
208 830 61 29 två
293 830 94 30 inom
412 831 182 37 riksdagen
619 834 133 35 väckta,
777 835 56 30 till
848 836 347 35 jordbruksutskottet
1211 840 184 33 hänvisade
1411 840 218 46 likalydande

120 881 179 36 motioner,
334 883 175 37 nämligen
541 895 43 20 nr
616 887 18 29 4
667 886 11 31 i
703 887 105 31 första
832 888 200 32 kammaren
1055 901 44 20 av
1123 891 80 31 herr
1224 893 257 35 Jeansson"
1427 889 54 48 och
1505 907 42 21 nr
1572 898 18 30 7
1616 899 10 30 i

119 933 109 31 andra
262 934 200 32 kammaren
496 947 44 20 av
574 937 80 31 herr
689 938 125 32 Olsson
847 941 10 29 i
890 941 147 31 Kalmar
1060 943 62 30 har
1145 944 203 38 hemställts,
1372 949 49 29 att
1444 949 180 36 riksdagen

122 985 82 31 ville
229 986 54 31 för
305 987 55 30 sin
383 987 55 31 del
461 989 116 30 lämna
601 990 138 37 förnyat
762 992 227 36 medgivande
1012 995 54 30 till
1089 996 197 32 överlåtelse
1310 999 53 30 till
1387 999 146 32 Kalmar
1549 1003 74 30 stad

118 1047 46 21 av
198 1039 128 30 statens
361 1039 54 31 del
450 1040 12 30 i
497 1041 392 39 läroverksfastigheten,
913 1046 76 30 med
1013 1047 127 31 villkor
1162 1050 51 29 att
1236 1050 117 31 staden
1376 1051 171 33 förbinder
1569 1055 53 35 sig

118 1090 102 30 ställa
255 1091 54 30 till
349 1092 209 32 läroverkets
592 1094 202 37 disposition
829 1096 61 31 och
914 1097 52 31 för
989 1099 185 31 framtiden
1198 1101 262 33 tillhandahålla
1482 1105 140 36 fullgott

119 1142 244 32 läroverkshus
387 1145 77 31 med
487 1147 250 35 gymnastiksal
760 1148 61 31 och
845 1149 137 37 lekplan
1005 1154 90 29 samt
1118 1152 118 32 bostad
1260 1154 83 31 eller
1365 1156 12 30 i
1393 1156 138 38 behörig
1548 1159 74 30 ord-

117 1195 86 36 ning
238 1196 152 32 bestämd
424 1197 291 40 hyresersättning
750 1201 37 31 åt
820 1202 122 36 rektor,
965 1203 122 32 därvid
1111 1205 83 31 dock
1218 1206 114 32 staden
1356 1208 59 31 bör
1435 1205 185 46 berättigas

114 1248 53 29 att
201 1248 109 31 under
349 1250 40 30 40
424 1251 38 30 år
496 1251 152 36 uppbära
683 1253 234 32 inkomsterna
950 1266 44 20 av
1029 1257 207 32 läroverkets
1265 1260 254 36 byggnadsfond
1543 1265 76 30 med

115 1299 195 36 skyldighet
344 1301 53 30 för
431 1303 117 30 staden
575 1306 52 28 att
650 1304 148 32 bestrida
822 1306 39 31 de
884 1308 153 36 utgifter,
1061 1319 72 21 som
1157 1311 108 35 enligt
1288 1312 295 34 bestämmelserna
1607 1317 12 30 i

115 1351 322 38 läroverksstadgan
462 1355 93 30 skola
579 1357 83 35 utgå
685 1368 42 19 ur
750 1359 149 30 nämnda
922 1360 89 31 fond.

160 1404 218 32 Beträffande
402 1407 253 37 motiveringen
679 1409 54 31 får
756 1411 164 31 utskottet
942 1412 145 32 hänvisa
1111 1415 52 30 till
1188 1417 221 31 motionerna.

158 1499 18 30 I
209 1501 209 35 proposition
455 1504 53 35 (nr
544 1503 74 37 194)
654 1505 55 30 till
743 1506 84 30 1910
851 1508 56 29 års
931 1508 136 37 riksdag
1090 1510 145 37 föreslog
1259 1511 129 37 Kungl.
1412 1513 100 37 Maj:t
1535 1516 83 31 riks-

115 1551 110 36 dagen
250 1553 173 36 medgiva,
447 1555 49 30 att
518 1555 65 31 den
606 1556 53 31 del
682 1567 43 20 av
748 1557 66 32 den
838 1559 55 30 för
915 1560 102 36 högre
1039 1562 177 31 allmänna
1240 1564 189 32 läroverket
1445 1566 11 30 i
1473 1567 145 32 Kalmar

113 1613 48 20 nu
184 1605 161 30 använda
373 1606 61 30 och
457 1617 44 20 av
526 1608 168 31 tomterna
717 1620 42 20 nr
783 1610 73 36 328,
881 1611 74 37 329,
979 1613 73 36 330,
1077 1614 73 36 331,
1175 1615 72 35 332,
1270 1616 62 30 333
1356 1617 61 30 och
1442 1618 61 31 334
1528 1624 89 27 samt

114 1655 103 31 halva
240 1658 132 30 tomten
395 1668 43 20 nr
461 1658 62 31 335
548 1660 12 30 i
583 1670 101 21 norra
706 1662 177 32 kvarteret
897 1674 45 20 av
957 1665 189 32 stadsdelen
1163 1667 260 33 Kvarnholmen
1439 1666 176 47 bestående

113 1707 217 38 fastigheten,
365 1710 118 31 vilken
518 1712 72 30 icke
625 1714 104 30 redan
763 1715 118 31 tillhör
915 1716 145 32 Kalmar
1094 1719 83 36 stad,
1206 1720 90 37 finge
1319 1724 74 30 med
1417 1724 199 36 äganderätt

110 1760 172 32 överlåtas
318 1762 54 30 till
407 1763 118 31 staden
559 1765 109 30 under
695 1766 139 37 villkor,
857 1770 52 29 att
931 1769 116 31 staden
1072 1771 55 30 till
1150 1772 222 37 domkapitlet
1394 1776 11 30 i
1429 1776 107 31 stiftet
1559 1787 56 20 av-

112 1811 160 32 lämnade
304 1814 155 37 skriftlig
492 1816 203 32 förbindelse
728 1820 49 29 att
805 1820 108 36 enligt
937 1821 142 37 ritning,
1104 1824 115 31 vilken
1243 1826 102 32 blivit
1368 1828 12 30 i
1403 1829 212 36 vederbörlig

112 1865 147 35 ordning
291 1866 182 37 fastställd,
506 1868 93 31 inom
632 1870 60 36 tid,
725 1881 71 21 som
829 1882 44 20 av
905 1873 130 37 Kungl.
1059 1875 100 37 Maj:t
1182 1877 195 39 bestämdes,
1402 1882 142 35 uppföra
1567 1892 47 27 ny

111 1918 159 37 byggnad
302 1919 55 31 för
391 1920 105 36 högre
530 1921 175 32 allmänna
739 1924 192 32 läroverket
964 1927 11 30 i
1010 1927 146 32 Kalmar
1179 1932 160 30 ävensom
1362 1935 50 28 att
1436 1933 52 31 för
1511 1934 101 31 fram-

108 1971 93 31 tiden
239 1971 264 32 tillhandahålla
544 1974 141 36 fullgott
719 1976 238 32 läroverkshus
988 1980 76 30 med
1099 1984 247 33 gymnastiksal
1381 1985 60 30 och
1476 1986 134 35 lekplan

108 2025 92 28 samt
223 2023 117 31 bostad
363 2024 83 31 eller
468 2025 13 30 i
505 2025 141 37 behörig
669 2027 146 37 ordning
836 2028 152 33 bestämd
1005 2031 289 40 hyresersättning
1310 2037 35 30 åt
1362 2037 119 31 rektor.
1513 2038 97 32 Riks-

107 2075 111 36 dagen
243 2075 99 32 biföll
366 2076 131 37 Kungl.
522 2077 116 37 Maj:ts
661 2079 226 33 förenämnda
911 2083 135 37 förslag.

150 2180 18 30 I
201 2180 85 32 brev
318 2181 64 32 den
415 2183 18 30 8
458 2183 173 32 december
655 2185 83 31 1911
765 2185 189 33 bestämdes
977 2188 102 37 tiden,
1103 2189 42 32 då
1169 2191 54 31 det
1246 2202 68 26 nya
1338 2193 273 34 läroverkshuset

106 2232 112 31 skulle
243 2243 83 21 vara
349 2235 138 36 uppfört
510 2236 53 30 till
585 2237 104 31 slutet
711 2248 46 20 av
779 2239 39 29 år
842 2239 94 31 1921.
983 2240 126 32 Genom
1133 2243 186 32 sedermera
1335 2246 104 35 givna
1456 2247 153 32 tillstånd

105 2284 63 30 har
200 2284 110 31 denna
338 2286 50 30 tid
416 2288 183 30 utsträckts
622 2289 55 30 till
701 2290 85 30 1926
809 2291 57 30 års
889 2293 140 35 utgång.
1075 2294 127 31 Genom
1226 2297 147 31 nämnda
1397 2298 81 30 brev
1501 2299 64 31 den
1590 2301 18 29 8

108 2335 173 32 december
314 2338 83 30 1911
431 2339 64 30 har
526 2340 114 30 tillika
663 2341 194 37 medgivits,
880 2344 51 30 att
955 2344 232 33 inkomsterna
1209 2358 44 19 av
1277 2348 205 33 läroverkets
1505 2351 103 36 bygg-

109 2387 169 32 nadsfond
312 2391 56 29 må
396 2391 109 30 under
528 2392 40 29 40
591 2393 49 35 år,
664 2393 124 31 räknat
810 2394 78 31 från
911 2396 73 30 året
1006 2397 85 31 efter
1113 2398 55 31 det
1191 2400 115 31 staden
1329 2397 279 45 tillhandahåller

105 2440 78 35 nytt
209 2440 252 38 läroverkshus,
485 2444 215 31 överlämnas
724 2445 55 31 till
803 2446 118 31 staden
945 2448 76 31 med
1037 2449 183 37 åliggande
1235 2452 53 30 för
1303 2453 115 31 staden
1434 2456 49 29 att
1499 2455 108 30 under

102 2501 132 21 samma
268 2493 50 31 tid
352 2494 73 31 icke
448 2495 85 31 blott
556 2495 147 37 fullgöra
727 2498 69 30 viss
820 2499 205 32 omförmäld
1049 2501 372 40 byggnadsskyldighet
1444 2509 86 28 samt
1555 2507 50 31 be-

103 2553 109 31 Bihang
229 2556 40 24 till
285 2556 166 30 riksdagens
468 2559 141 27 protokoll
626 2560 76 25 1926.
744 2562 32 23 10
795 2564 80 22 saml.
915 2564 31 24 12
967 2565 68 30 häft.
1072 2561 54 29 (Nr
1148 2565 121 30 40—43)
1556 2568 11 24 1

1674 1527 67 23 1910
1763 1528 43 23 års

1681 1562 120 30 riksdags

1694 1597 88 23 beslut.

1633 2207 93 30 Kungl.
1743 2208 92 30 Maj:ts

1642 2241 82 24 beslut
1743 2243 49 22 den
1809 2244 18 21 &

1668 2277 128 23 december

1690 2312 72 22 1911.
