1902 2840
309 179 104 30 Andra
433 179 201 29 kammarens
654 176 107 32 andra
783 180 156 35 tillfälliga
960 179 134 29 utskotts
1116 179 160 29 utlåtande
1298 179 44 29 Nr
1363 178 28 28 5.
1580 179 14 29 1

789 470 64 40 Nr
879 475 34 35 5.

638 581 112 26 Ankom
768 581 44 26 till
829 581 169 32 riksdagens
1013 580 94 26 kansli
1124 580 56 26 den
1197 580 35 25 30
1248 579 75 34 april
1342 580 66 25 1935
1427 579 38 26 kl.
1485 580 13 24 1
1517 586 23 18 e.
1558 586 37 17 m.

303 671 117 31 Andra
444 671 223 31 kammarens
693 671 156 31 andra
875 671 172 39 tillfälliga
1073 671 148 31 utskotts
1248 670 189 38 utlåtande,
1461 679 43 21 nr
1529 671 31 37 5,
1587 671 11 28 i

502 734 187 39 anledning
708 744 43 21 av
771 734 102 31 väckt
892 735 132 30 motion
1042 733 179 40 angående
1241 733 183 38 införande
1443 742 42 21 av
1505 732 92 40 skyl-

502 796 117 39 dighet
637 797 55 37 för
711 797 210 30 innehavare
939 806 43 21 av
1001 796 364 40 apoteksprivilegium
1383 799 50 27 att
1452 795 58 31 vid
1529 796 68 29 viss

501 859 95 31 ålder
614 859 88 40 avgå
720 860 80 31 med
819 861 155 38 pension.

146 968 14 29 I
182 977 43 21 en
244 967 97 31 inom
361 967 203 40 riksdagens
584 968 109 30 andra
714 968 180 30 kammare
914 968 112 35 väckt,
1047 967 51 31 till
1119 968 78 30 dess
1218 967 111 30 andra
1350 965 172 40 tillfälliga
1544 969 52 27 ut-

104 1021 92 31 skott
223 1021 171 31 hänvisad
420 1021 144 36 motion,
593 1031 40 21 nr
660 1022 75 36 481,
764 1022 64 30 har
855 1022 78 30 herr
963 1020 128 40 Osberg
1119 1020 186 40 föreslagit,
1335 1023 50 28 att
1411 1020 186 38 riksdagen

103 1074 106 32 måtte
225 1076 135 30 besluta
377 1076 11 30 i
405 1075 164 31 skrivelse
585 1075 52 31 till
654 1075 125 40 Kungl.
799 1075 100 39 Maj:t
916 1074 150 37 anhålla,
1085 1078 49 27 att
1151 1075 211 30 innehavare
1379 1083 42 21 av
1438 1074 158 39 apoteks-

103 1129 218 39 privilegium
340 1128 106 32 måtte
465 1129 172 30 förklaras
657 1138 83 22 vara
760 1129 136 39 skyldig
916 1128 87 40 avgå
1022 1129 80 30 med
1121 1128 146 40 pension
1286 1127 80 32 från
1385 1128 58 30 sitt
1462 1127 134 40 privile-

102 1182 96 40 glum
215 1183 58 31 vid
290 1183 110 39 fyllda
417 1184 42 30 65
477 1182 49 32 år.

147 1246 14 30 I
182 1245 100 41 fråga
302 1256 58 21 om
380 1245 250 40 motiveringen
651 1245 55 31 får
725 1246 168 30 utskottet
912 1246 146 30 hänvisa
1079 1245 51 31 till
1151 1245 188 31 motionen.

148 1303 90 36 Över
262 1308 178 31 motionen
463 1309 65 30 har
552 1309 167 30 utskottet
748 1308 6 31 i
778 1308 143 40 behörig
945 1308 148 39 ordning
1117 1307 174 31 inhämtat
1314 1306 179 32 utlåtande
1517 1305 79 32 från

104 1362 353 40 medicinalstyrelsen
481 1363 165 30 ävensom
669 1362 110 31 berett
802 1361 359 41 Apotekarsocieteten
1185 1362 67 30 och
1276 1361 154 39 Sveriges
1456 1360 140 31 Farma-

104 1416 230 31 cevtförbund
351 1416 135 31 tillfälle
503 1419 50 27 att
570 1416 181 30 inkomma
769 1416 80 30 med
866 1415 185 40 yttranden
1074 1414 48 40 (se
1139 1415 63 30 Bil.
1221 1414 128 40 A—C).

147 1523 68 30 För
234 1531 85 31 egen
339 1523 55 30 del
414 1522 55 31 får
490 1522 165 31 utskottet
674 1522 126 31 anföra
819 1521 169 40 följande:

147 1586 57 30 Att
225 1585 212 31 innehavare
458 1594 43 21 av
524 1594 42 21 en
589 1583 38 32 så
648 1584 212 31 ansvarsfull
880 1585 67 30 och
968 1584 108 40 viktig
1096 1583 196 40 befattning
1315 1593 76 22 som
1411 1583 187 40 apotekare

106 1639 108 31 under
237 1639 80 31 hela
341 1639 94 30 tiden
459 1638 56 31 för
540 1638 53 31 sin
617 1638 303 39 ämbetsutövning
944 1637 158 31 befinner
1128 1637 51 40 sig
1204 1637 58 31 vid
1287 1637 65 31 full
1377 1636 131 40 själslig
1532 1636 66 31 och

105 1693 110 39 fysisk
235 1693 97 39 vigör
352 1693 38 30 är
410 1695 48 28 ett
477 1691 214 40 obestridligt
711 1691 312 31 samhällsintresse
1041 1701 43 21 av
1105 1691 31 39 ej
1157 1691 100 39 ringa
1277 1690 83 31 vikt.
1394 1690 79 31 Med
1495 1690 103 31 tanke

104 1746 44 40 på
173 1747 67 30 den
264 1746 142 40 ojämna
430 1745 241 40 fördelningen
695 1755 43 21 av
762 1745 238 31 inkomsterna
1023 1745 66 31 och
1113 1745 43 30 de
1180 1745 145 30 därmed
1351 1744 246 31 sammanhän-

105 1800 112 39 gande
235 1799 383 32 arbetsförhållandena
636 1798 183 40 föreligger
838 1798 191 40 säkerligen
1048 1798 84 31 visst
1150 1798 60 39 fog
1228 1798 55 30 för
1302 1797 159 40 åtgärder
1479 1797 11 30 i
1510 1797 89 39 syfte

105 1857 50 27 att
179 1855 128 29 ersätta
333 1853 95 31 äldre
453 1852 210 31 arbetskraft
688 1852 81 31 med
793 1860 108 31 yngre
926 1851 120 37 sådan,
1072 1851 211 31 åtminstone
1309 1851 221 31 beträffande
1556 1851 43 30 de

106 1907 144 36 mindre,
270 1906 73 31 ofta
362 1906 168 31 isolerade
549 1906 171 39 apoteken
738 1904 46 41 på
802 1905 249 39 landsbygden.
1083 1905 67 30 Till
1169 1905 68 30 vad
1256 1904 218 31 motionären
1493 1904 106 31 fram-

106 1959 99 32 hållit
231 1960 10 30 i
268 1959 99 40 fråga
393 1969 58 21 om
477 1959 42 30 de
546 1958 230 31 obefordrade
803 1958 95 30 äldre
923 1958 292 30 farmacevternas
1242 1958 86 30 krav
1355 1957 45 40 på
1427 1960 50 28 att
1504 1957 96 31 inom

107 2014 114 39 rimlig
237 2014 51 31 tid
304 2012 130 32 erhålla
450 2012 188 31 befordran
655 2012 51 30 till
723 2014 75 36 eget
813 2012 126 39 apotek
956 2012 71 29 kan
1043 2012 165 29 utskottet
1226 2011 77 39 giva
1320 2010 53 31 sin
1390 2009 210 39 anslutning.

151 2072 117 31 Under
297 2082 119 22 senare
445 2072 39 32 år
512 2073 64 31 har
605 2073 190 31 emellertid
824 2083 42 21 en
895 2073 216 31 omfattande
1140 2072 186 40 utredning
1354 2072 96 31 inom
1479 2072 120 31 social-

106 2125 271 40 departementet
398 2126 128 40 pågått,
549 2136 74 21 som
642 2127 46 30 bl.
709 2137 30 20 a.
761 2127 185 30 innefattat
966 2136 43 21 en
1029 2126 168 40 reglering
1218 2136 43 21 av
1282 2126 42 31 de
1344 2125 255 36 förhållanden,

108 2178 106 40 varpå
237 2179 218 31 motionären
479 2180 85 39 tagit
588 2180 97 30 sikte.
721 2180 143 39 Förslag
888 2180 51 30 till
961 2180 186 39 riksdagen
1170 2180 11 29 i
1205 2179 188 40 anledning
1417 2189 43 20 av
1486 2180 114 30 denna

108 2232 184 40 utredning
315 2233 72 31 lära
411 2242 83 21 vara
518 2236 50 28 att
591 2236 129 28 emotse
744 2233 95 31 inom
863 2233 67 30 den
953 2234 160 29 närmare
1137 2232 198 31 framtiden.

152 2294 121 31 Ehuru
299 2294 177 31 motionen
501 2294 106 39 enligt
631 2295 184 30 utskottets
841 2294 141 39 mening
1008 2294 31 39 ej
1067 2295 128 30 saknar
1220 2294 85 30 visst
1329 2294 68 39 fog,
1424 2303 102 21 anser
1551 2294 50 39 sig

109 2347 175 36 utskottet,
303 2357 75 21 som
394 2346 101 40 utgår
512 2347 80 30 från
609 2350 49 28 att
675 2348 43 30 de
735 2347 113 30 skilda
866 2347 177 36 intressen,
1062 2356 75 21 som
1154 2347 141 30 beröras
1314 2356 42 21 av
1374 2346 134 40 frågan,
1527 2347 75 30 före

109 2400 277 39 framläggandet
409 2410 43 21 av
476 2400 233 31 omförmälda
733 2400 130 39 förslag
886 2400 143 31 beredas
1052 2399 135 31 tillfälle
1210 2402 49 28 att
1283 2400 78 39 giva
1384 2400 139 39 uttryck
1548 2399 55 31 för

109 2453 75 31 sina
211 2454 226 39 synpunkter,
464 2453 76 31 icke
565 2454 84 30 böra
674 2453 11 30 i
711 2462 49 22 nu
785 2453 227 30 förevarande
1038 2453 254 39 sammanhang
1319 2452 141 31 förorda
1487 2452 115 40 någon

108 2506 122 40 åtgärd
249 2506 79 31 från
347 2507 203 39 riksdagens
569 2506 84 31 sida.

152 2569 121 35 Bihang
292 2570 46 27 till
355 2569 182 35 riksdagens
555 2569 158 34 protokoll
733 2569 85 28 1935.
840 2569 35 27 13
893 2569 87 27 saml.
999 2569 18 27 2
1036 2568 69 28 avd.
1124 2567 44 29 Nr
1186 2568 88 28 5—6.

1625 965 155 27 Motionen.

1623 1314 158 25 Yttranden

1671 1350 67 25 över

1625 1386 157 24 motionen.

1629 1527 152 26 Utskottet.
