2226 2662
462 120 112 30 Andra
598 119 197 31 kammarens
817 119 101 41 fjärde
941 117 168 43 tillfälliga
1131 118 132 31 utskotts
1286 118 161 31 utlåtande
1469 117 54 32 N7
1544 119 53 30 14.
1746 118 40 32 45

218 209 149 36 tillfälle
411 210 60 34 till
516 213 53 31 ett
613 208 127 49 längre
780 207 140 47 gående
960 207 219 48 ingripande
1207 208 12 34 i
1247 206 97 50 syfte
1372 212 53 31 att
1452 207 195 49 tillgodose
1675 208 31 47 ej
1736 208 94 35 blott

218 260 252 50 nyssnämnda
496 260 88 35 krav
612 264 100 40 utan,
742 259 61 35 vid
831 258 106 36 sidan
965 259 119 44 därav,
1114 265 90 29 även
1233 258 60 36 det
1322 259 209 36 samhällets
1558 259 165 45 intresse,
1752 272 77 22 som

219 313 115 35 riktar
373 311 57 49 sig
469 314 47 45 på
555 315 54 31 att
636 309 251 37 arbetsfreden
919 311 13 34 i
960 311 208 47 möjligaste
1195 311 257 48 utsträckning
1477 310 148 36 bevaras
1654 310 68 36 och
1750 310 80 36 icke

218 369 195 42 äventyras
452 364 13 34 i
505 362 265 48 sammanhang
810 361 84 36 med
934 361 70 36 den
1045 362 136 35 mellan
1209 362 249 48 arbetsgivare
1486 361 67 36 och
1582 361 248 49 arbetstagare

218 414 107 36 förda
364 414 158 48 kampen
562 426 60 23 om
664 413 252 36 arbetslönens
944 413 148 35 storlek.
1146 412 223 36 Vilkendera
1396 426 44 23 av
1467 413 105 35 dessa
1598 419 123 42 vägar,
1751 425 78 23 som

219 466 68 34 bör
314 465 239 35 tillerkännas
585 463 213 47 företrädet,
831 463 102 36 torde
960 476 86 23 vara
1073 476 73 35 nog
1174 466 39 32 så
1238 464 184 47 vanskligt
1449 468 54 31 att
1530 470 149 41 avgöra;
1700 463 130 48 frågan

221 516 126 36 därom
391 515 107 36 beror
541 516 161 47 givetvis
742 514 13 35 i
794 515 74 48 hög
907 514 87 49 grad
1024 527 44 23 av
1095 519 83 31 rent
1204 514 121 36 lokala
1352 513 172 37 faktorer.
1579 514 85 36 Men
1690 515 14 35 i
1730 515 100 46 varje

220 566 66 37 fall
314 567 66 36 bör
408 567 61 35 det
497 566 291 48 uppenbarligen
824 567 29 45 ej
885 565 266 48 ifrågakomma
1178 571 64 38 att,
1271 565 46 36 då
1344 578 84 22 man
1456 566 141 35 skrider
1623 566 57 35 till
1708 579 45 22 en
1773 570 57 31 ut-

220 618 158 48 redning
416 619 13 34 i
456 623 134 38 ämnet,
620 620 45 45 på
692 616 157 36 förhand
877 617 149 36 avskära
1053 616 61 36 det
1142 629 67 23 ena
1237 617 89 35 eller
1353 617 114 35 andra
1495 618 233 34 alternativet
1764 617 66 35 och

221 669 152 36 därmed
399 669 135 35 beröva
561 668 57 48 sig
645 668 282 48 möjligheterna
955 668 56 35 till
1039 673 52 31 ett
1119 668 164 48 allsidigt
1303 667 270 37 skärskådande
1592 681 43 22 av
1654 668 63 35 det
1735 667 95 37 före-

220 720 173 49 liggande
424 720 215 48 problemet.

356 770 110 37 Givet
494 778 51 37 är,
574 776 53 30 att
654 772 13 33 i
695 783 44 22 en
767 769 148 48 allsidig
942 770 277 48 undersökning
1246 783 44 22 av
1307 769 130 47 frågan
1457 773 119 33 såsom
1596 775 52 30 ett
1667 775 164 31 moment

222 836 44 22 av
306 823 192 48 synnerlig
537 822 78 35 vikt
643 828 90 28 även
761 822 106 47 ingår
895 826 53 30 att
976 821 109 44 tillse,
1114 821 123 35 vilken
1264 821 176 35 inverkan
1468 826 51 30 ett
1545 822 220 48 ingripande
1789 834 43 23 av

222 875 66 35 här
326 872 281 50 ifrågavarande
648 877 56 31 art
743 872 71 36 kan
855 872 178 36 beräknas
1072 872 92 36 hava
1196 875 46 45 på
1269 872 44 36 de
1342 872 111 36 därav
1480 872 155 36 berörda
1661 873 171 46 närings-

223 938 190 35 grenarna.
473 924 157 36 Särskilt
670 922 56 37 får
759 923 63 36 vid
855 922 382 49 utredningsarbetets
1264 923 223 36 bedrivande
1514 923 32 47 ej
1577 922 155 37 förbises
1762 923 70 35 den

222 977 12 34 i
265 975 251 48 lönepolitiskt
548 974 207 36 hänseende
782 977 103 33 svåra
913 974 184 48 ställning,
1127 987 78 22 som
1232 975 144 46 intages
1404 977 20 32 å
1451 987 67 22 ena
1544 974 105 35 sidan
1677 987 44 22 av
1747 977 86 32 våra

222 1027 306 48 exportnäringar
568 1030 95 31 samt
703 1028 20 32 å
755 1025 112 36 andra
894 1024 103 36 sidan
1026 1038 42 23 av
1096 1025 44 35 de
1167 1025 192 35 inhemska
1384 1025 214 44 industrier,
1626 1038 78 22 som
1731 1026 101 34 inom

222 1077 125 36 landet
379 1078 47 34 ha
466 1082 53 30 att
559 1079 101 32 utstå
700 1076 230 36 konkurrens
970 1076 84 34 med
1095 1076 196 35 utländska
1330 1076 219 35 industriers
1586 1076 59 34 till
1685 1074 148 50 Sverige

223 1128 247 48 importerade
510 1140 117 23 varor.
677 1127 72 35 Det
783 1134 40 28 är
850 1127 158 48 möjligt,
1036 1132 54 31 att
1118 1139 45 23 en
1186 1128 177 35 eventuell
1393 1126 236 49 lagstiftning
1655 1127 13 35 i
1695 1126 138 36 sådana

224 1179 64 35 fall
329 1180 32 46 ej
404 1180 71 34 kan
516 1179 87 35 eller
642 1178 68 35 bör
749 1179 147 34 komma
936 1178 56 34 till
1020 1177 107 36 stånd
1153 1183 111 30 annat
1292 1184 45 29 än
1365 1181 45 44 på
1437 1177 70 36 den
1534 1178 300 35 internationella

226 1230 400 36 överenskommelsens
652 1236 70 41 väg
750 1230 11 34 i
789 1229 164 48 enlighet
980 1228 84 36 med
1091 1229 45 36 de
1163 1228 249 49 grundsatser,
1443 1241 77 23 som
1548 1229 12 35 i
1579 1228 255 36 motsvarande

226 1280 64 36 fall
318 1281 114 35 redan
459 1281 202 47 tillämpats
688 1279 63 37 vid
778 1279 71 36 den
877 1283 46 45 på
949 1280 161 35 initiativ
1137 1292 43 24 av
1207 1279 298 36 Internationella
1533 1279 216 48 föreningen
1776 1279 59 36 för

226 1332 209 48 lagstadgat
476 1330 264 50 arbetarskydd
781 1330 237 48 genomförda
1057 1332 298 34 internationella
1391 1330 443 49 arbetarskyddslagstift-

225 1384 150 45 ningen.
429 1382 169 37 Nämnda
625 1381 172 49 förening
825 1388 114 42 ägnar
966 1383 66 34 ock
1060 1382 61 35 det
1148 1395 51 22 nu
1226 1381 276 48 ifrågavarande
1526 1383 217 46 spörsmålet
1763 1382 71 35 den

227 1438 92 32 mest
355 1433 180 49 ingående
576 1433 336 48 uppmärksamhet,
953 1433 68 35 och
1054 1433 103 35 torde
1191 1432 70 36 den
1289 1432 213 49 ifrågasatta
1530 1434 152 35 svenska
1709 1432 126 36 utred-

226 1485 137 48 ningen
404 1486 125 34 kunna
570 1484 126 36 hämta
736 1484 163 46 åtskillig
926 1484 225 48 vägledning
1177 1484 13 35 i
1217 1483 235 49 föreningens
1480 1484 152 36 arbeten
1660 1487 47 45 på
1735 1484 101 35 detta

228 1535 159 36 område.

360 1585 124 37 Såsom
527 1586 267 46 inledningsvis
823 1584 229 46 framhållits,
1080 1586 67 34 har
1174 1585 70 36 den
1271 1585 155 36 berörda
1453 1585 194 36 utländska
1673 1585 162 48 lagstift-

226 1638 139 46 ningen
393 1635 115 37 oftast
530 1639 130 46 utgått
687 1636 84 36 från
797 1636 157 36 behovet
981 1649 45 24 av
1055 1636 178 36 särskilda
1260 1636 171 48 åtgärder
1449 1637 57 35 till
1525 1636 310 36 hemindustriens

225 1687 227 49 reglerande.
519 1685 110 38 Åven
669 1688 12 34 i
714 1686 104 49 fråga
845 1700 59 22 om
932 1690 80 33 vårt
1039 1687 88 35 land
1154 1687 104 35 torde
1285 1687 125 36 kunna
1437 1692 160 44 antagas,
1627 1692 53 31 att
1707 1686 129 50 frågan

227 1751 59 22 om
328 1738 293 36 önskvärdheten
661 1751 44 22 av
732 1751 46 22 en
805 1738 104 49 dylik
940 1739 185 47 reglering
1151 1738 67 35 bör
1246 1739 148 34 särskilt
1420 1738 235 36 undersökas.
1710 1737 125 37 Såsom

228 1790 273 34 motionärerna
532 1789 169 48 påpekat,
734 1791 111 45 pågår
873 1787 57 37 för
956 1788 227 37 närvarande
1211 1790 116 45 enligt
1354 1788 134 49 Kungl.
1517 1788 122 48 Maj:ts
1667 1788 171 49 uppdrag

228 1852 44 23 en
310 1839 340 49 specialutredning
690 1839 187 46 angående
909 1839 69 35 den
1007 1840 154 35 svenska
1188 1839 305 36 hemindustrien.
1546 1840 128 35 Denna
1702 1839 134 36 under-

229 1891 156 47 sökning
425 1903 103 23 avser
568 1895 54 31 att
648 1903 45 35 ge
722 1903 44 23 en
795 1890 145 48 allsidig
968 1890 199 48 utredning
1193 1904 42 22 av
1263 1890 62 36 det
1351 1891 320 36 hemindustriella
1698 1891 140 35 arbetet

228 1943 12 33 i
285 1940 157 49 Sverige,
487 1940 83 37 dess
615 1940 199 37 förekomst
855 1941 67 35 och
963 1941 241 48 utbredning,
1245 1948 170 29 ävensom
1457 1954 43 23 av
1539 1941 298 37 hemarbetarnes

229 1991 133 36 sociala
407 1992 67 36 och
516 1992 236 36 ekonomiska
796 1991 266 37 förhållanden.
1126 1992 78 36 Den
1244 2005 52 23 nu
1336 1991 215 50 ifrågasatta
1591 1992 247 49 utredningen

230 2043 105 35 torde
363 2044 10 34 i
403 2042 104 49 fråga
534 2055 59 23 om
626 2042 295 37 hemindustrien
952 2045 13 33 i
992 2044 65 34 allt
1083 2044 196 47 väsentligt
1306 2045 124 34 kunna
1456 2044 163 48 grundas
1646 2047 47 45 på
1720 2044 119 35 denna

230 2095 167 34 officiella
428 2094 297 48 undersöknings
753 2095 166 35 material
946 2094 67 36 och
1041 2095 166 43 resultat,
1236 2095 68 35 och
1331 2094 106 36 torde
1465 2095 61 36 det
1553 2094 125 37 därför
1705 2108 132 22 sanno-

229 2145 70 35 likt
326 2158 85 22 vara
437 2145 184 48 lämpligt,
650 2150 55 30 att
731 2145 249 48 utredningen
1007 2145 12 35 i
1047 2145 160 36 nämnda
1234 2145 178 36 avseende
1430 2146 98 48 finge
1548 2147 62 35 ske
1628 2147 13 35 i
1661 2145 177 37 samband

232 2195 83 36 med
343 2195 70 36 den
442 2195 187 48 pågående
658 2195 399 48 hemarbetsenquéten.
