2223 2671
451 109 39 31 32
652 109 112 30 Andra
787 108 194 31 kammarens
1003 108 97 41 fjärde
1123 106 162 44 tillfälliga
1309 107 127 31 utskotts
1459 107 160 31 utlåtande
1643 106 53 32 Nr
1717 107 52 30 14.

411 199 247 49 organisation
680 199 88 36 eller
788 197 477 49 arbetsgivarorganisation
1284 204 113 42 pröva
1416 197 67 36 och
1495 197 196 50 fastställa
1710 198 42 35 de
1773 197 114 49 lägsta
1912 198 104 42 löner,

411 264 79 23 som
522 250 36 36 få
585 256 202 43 cmottagas
815 250 67 35 och
909 251 102 47 givas
1039 250 12 34 i
1077 250 93 35 visst
1196 250 89 48 yrke
1313 250 89 35 eller
1429 248 229 36 beträffande
1686 250 94 35 vissa
1811 250 135 35 klasser
1973 263 44 22 av

410 303 177 35 arbetare.
635 301 61 36 Ett
722 302 199 48 väsentligt
950 301 90 48 drag
1067 308 40 28 är
1126 301 186 46 slutligen,
1334 305 52 31 att
1404 300 69 37 vad
1493 313 77 23 som
1589 300 154 36 sålunda
1762 300 192 36 fastställts
1974 314 43 23 av

410 353 222 38 lönenämnd
671 354 67 35 har
777 366 140 23 samma
956 352 100 36 kraft
1084 353 67 35 och
1177 353 136 35 verkan
1341 365 77 23 som
1447 352 253 36 bestämmelse
1726 353 13 34 1
1767 365 45 23 en
1842 353 59 48 lag
1929 353 89 36 eller

410 406 168 37 domstols
612 407 137 46 utslag;
779 405 117 35 vadan
924 404 98 36 brott
1049 409 76 30 mot
1152 404 242 35 lönenämnds
1422 403 228 47 stadganden
1678 417 59 22 om
1766 404 252 36 minimilöner

410 457 143 37 straffas
587 457 84 35 med
698 457 104 35 böter
830 457 88 34 eller
946 455 162 49 fängelse
1137 456 88 35 eller
1253 455 132 36 förlust
1413 468 42 23 av
1483 460 73 30 rätt
1583 455 56 35 till
1667 456 108 47 yrkes
1803 455 214 36 utövande.»

545 508 52 36 De
624 515 109 42 typer
760 521 44 23 av
823 507 434 49 lagstiftningsåtgärder
1277 507 57 35 till
1354 508 98 34 vilka
1470 507 275 35 motionärerna
1764 507 66 35 här
1849 506 168 45 referera,

411 568 62 29 äro
515 574 44 22 av
591 563 62 32 två
680 560 97 35 olika
805 538 92 69 slag:
927 562 20 32 å
974 572 68 22 ena
1040 538 132 56 sidan
1201 572 44 22 en
1272 557 248 50 lagstiftning,
1550 570 77 24 som
1655 561 67 32 når
1749 559 112 35 målet
1889 559 128 44 direkt,

410 613 188 45 nämligen
625 624 132 36 genom
786 616 53 30 att
858 588 168 71 påbjuda
1053 610 223 35 inrättandet
1303 623 43 22 av
1375 622 26 23 s.
1431 610 32 34 k.
1486 582 277 79 slönenämnder
1766 624 13 19 >
1807 610 84 35 med
1919 588 100 57 makt

410 664 67 35 och
506 640 209 72 skyldighet
744 667 53 31 att
824 662 203 35 bestämma
1054 662 130 48 lagligt
1210 661 131 48 giltiga
1370 661 258 44 minirmilöner,
1655 662 67 35 och
1741 664 21 32 å
1781 661 114 35 andra
1914 661 104 36 sidan

410 727 45 22 en
496 714 160 34 indirekt
695 712 211 36 förfarande
946 691 248 69 lagstiftning,
1211 692 134 55 vilken
1372 712 198 47 möjliggör
1596 717 53 29 att
1676 713 130 46 lagligt
1833 712 186 35 bindande

410 764 489 37 minimilönbestämmelser
940 762 199 37 fastställas
1180 775 44 23 av
1256 762 345 50 »skiljedomstolar>,
1630 741 103 57 vilka
1756 742 153 67 fungera
1939 767 80 31 ute-

411 816 168 36 slutande
609 815 58 36 för
699 820 53 31 att
780 816 84 34 slita
890 820 108 30 rätts-
1026 815 67 35 och
1119 814 286 36 intressetvister
1431 815 133 34 mellan
1593 814 166 35 arbetare
1786 791 67 58 och
1882 814 137 36 arbets-

410 869 125 47 givare
562 871 95 31 samt
684 865 57 37 för
768 871 53 30 att
849 866 154 36 sålunda
1030 865 131 36 hindra
1188 867 89 34 eller
1304 865 142 36 minska
1474 866 154 46 strejker
1655 865 65 36 och
1748 866 201 35 lockouter.

544 916 253 50 Lagstiftning
823 930 44 23 av
895 917 71 36 den
995 916 100 37 förra
1120 921 126 45 typen,
1271 917 116 46 enligt
1406 916 124 36 vilken
1548 916 265 36 lönenämnder
1831 923 68 42 äga
1918 916 100 50 skyl-

412 970 127 48 dighet
566 950 52 55 att
645 948 182 57 fastställa
853 970 130 47 lagligt
1010 968 183 36 bindande
1221 944 261 75 minimilöner,
1511 967 226 37 förefinnes
1725 943 20 76 i
1761 947 169 56 Viktoria
1949 968 68 35 och

412 999 112 58 Ne
551 1021 219 36 australiska
797 998 113 58 SET
938 999 93 56 ST
1049 1020 12 35 i
1081 1019 166 49 England
1267 1017 122 49 (lagen
1409 1032 59 22 om
1487 1019 264 36 lönenämnder
1768 1019 66 35 och
1856 1020 163 34 minimi-

410 1074 103 35 löner
558 1086 42 22 av
641 1075 39 33 år
723 1073 93 35 1909
859 1076 94 32 samt
993 1072 108 47 lagen
1141 1084 59 23 om
1229 1071 251 35 minimilöner
1507 1070 58 36 för
1593 1070 385 47 underjordsarbetare
2007 1072 11 34 i

412 1125 301 47 stenkolsgruvor
741 1136 43 23 av
811 1126 40 33 år
881 1120 123 47 1912).
1031 1099 278 75 "Lagstiftning
1336 1135 44 22 av
1408 1122 70 36 den
1506 1134 128 23 senare
1660 1127 127 43 typen,
1816 1122 116 46 enligt
1950 1122 68 35 vil-

412 1176 70 34 ken
510 1175 307 46 skiljedomstolar
845 1181 67 39 äga
938 1179 73 30 rätt
1039 1179 52 29 att
1119 1173 179 35 fastställa
1325 1174 249 34 minimilöner
1601 1173 84 35 med
1711 1174 95 46 legal
1833 1173 183 47 giltighet,

411 1226 118 35 finnes
563 1225 6 36 i
596 1224 81 50 Nya
702 1224 159 37 Zeeland
888 1224 66 36 och
982 1224 211 37 Australien
1221 1227 95 33 samt
1342 1225 12 33 i
1383 1223 150 36 Kanada
1560 1221 124 49 (lagen
1712 1236 43 23 av
1781 1226 40 32 år
1843 1224 93 35 1907
1957 1235 60 23 om

412 1276 179 48 frivilliga
617 1274 290 46 lönenämnder).

547 1327 97 36 Nära
671 1327 189 35 besläktad
885 1326 83 36 med
988 1326 70 36 den
1077 1327 185 34 allmänna
1280 1324 513 49 minimilönelagstiftningen
1815 1332 61 28 äro
1895 1324 123 36 vidare

411 1379 102 48 lagar
540 1378 66 36 och
633 1377 214 49 lagförslag,
877 1390 78 23 som
983 1377 166 48 speciellt
1175 1377 155 35 inriktat
1358 1377 56 47 sig
1440 1379 46 44 på
1513 1355 61 56 det
1601 1354 322 57 hemindustriella
1942 1388 77 23 om-

412 1409 114 56 rådet.
580 1429 67 36 Hit
677 1429 65 35 hör
768 1428 155 36 sålunda
951 1428 70 35 den
1049 1429 107 48 tyska
1182 1428 107 47 lagen
1308 1440 44 23 av
1371 1430 41 33 år
1433 1429 92 34 1911
1547 1427 189 48 angående
1755 1426 265 36 hemindustri-

413 1481 63 35 ellt
515 1480 124 36 arbete
678 1484 95 31 samt
800 1481 96 34 vissa
923 1478 157 44 franska,
1109 1453 175 78 belgiska,
1313 1479 108 48 tyska
1447 1478 67 36 och
1543 1458 238 56 österrikiska
1808 1477 138 48 förslag
1973 1481 46 44 på

412 1532 100 35 detta
539 1531 159 43 område,
727 1530 58 36 för
813 1531 101 35 vilka
940 1537 169 29 närmare
1138 1507 195 71 redogöres
1360 1530 13 34 i
1401 1530 197 35 motionen.

546 1582 55 35 Då
641 1582 272 35 motionärerna
953 1581 209 47 beledsagat
1201 1581 267 46 motiveringen
1496 1580 57 35 till
1581 1580 63 35 sitt
1671 1579 164 49 yrkande
1862 1579 84 35 med
1975 1592 43 22 en

413 1633 156 36 särskild
609 1633 225 48 hänvisning
872 1633 57 34 till
970 1632 44 36 de
1054 1632 171 47 engelska
1264 1633 151 46 lagarna
1442 1634 46 45 på
1516 1631 99 36 detta
1642 1630 160 44 område,
1831 1643 106 23 anser
1963 1630 57 48 sig

414 1684 180 36 utskottet
630 1684 65 35 här
734 1683 89 36 böra
850 1686 123 46 återge
1000 1683 69 36 vad
1096 1684 11 34 i
1135 1683 189 35 motionen
1351 1681 145 37 anföres
1523 1695 60 23 om
1611 1682 104 36 dessa
1742 1687 135 30 tvenne
1905 1683 112 45 lagar.

412 1735 274 36 Motionärerna
712 1735 124 35 lämna
863 1735 125 34 härom
1018 1733 162 48 följande
1208 1734 239 47 redogörelse.

547 1786 97 35 »Den
672 1785 148 49 mycket
848 1785 181 36 omtalade
1057 1785 172 48 engelska
1260 1785 118 35 Trade
1397 1784 145 36 Boards
1561 1783 81 40 Act,
1664 1784 107 44 1909,
1792 1796 77 23 som
1890 1782 130 37 trädde

412 1839 13 34 i
452 1836 99 36 kraft
579 1837 72 35 den
681 1839 16 33 1
725 1837 147 47 januari
903 1838 107 42 1910,
1041 1843 85 40 äger
1152 1831 236 71 tillämpning
1414 1838 46 45 på
1485 1836 127 48 yrken,
1633 1839 191 44 upptagna
1849 1835 13 34 i
1889 1847 46 23 en
1963 1835 56 34 till

414 1889 213 34 densamma
667 1887 110 48 fogad
813 1888 132 47 bilaga,
988 1866 95 56 samt
1123 1890 46 44 på
1205 1888 103 56 varje
1336 1892 112 29 annat
1474 1887 101 47 yrke,
1605 1885 58 36 för
1692 1886 114 34 vilket
1833 1885 119 35 Board
1981 1884 41 36 of

414 1939 119 35 Trade
574 1913 404 74 (handelsministerict)
1019 1940 46 46 på
1105 1943 71 30 sätt
1202 1938 13 35 i
1242 1939 107 46 lagen
1377 1944 166 28 närmare
1570 1938 150 46 angives
1744 1934 168 37 utfärdat
1939 1949 80 34 pro-

412 1990 156 36 visorisk
596 1989 190 36 föreskrift
815 1987 36 48 (a
877 1989 223 48 provisional
1128 1985 120 49 order)
1277 2001 59 23 om
1365 1988 81 36 dess
1465 1962 249 78 tillämpande.
1762 1987 79 36 Den
1860 1986 160 36 nämnda

413 2041 146 47 bilagan
600 2046 133 42 upptar
774 2039 162 48 följande
976 2041 127 48 yrken,
1145 2039 57 36 för
1242 2040 98 34 vilka
1378 2040 106 47 lagen
1524 2038 227 35 omedelbart
1792 2039 91 34 skall
1910 2038 107 47 gälla.

417 2089 36 47 1)
489 2072 430 55 Skrädderiverksamhet
960 2104 44 22 en
1031 2104 86 35 gros
1144 2091 57 35 för
1228 2069 254 79 färdiggjorda
1509 2089 68 36 och
1604 2089 58 36 för
1688 2088 180 36 beställda
1894 2067 126 57 kläder

415 2147 95 31 samt
532 2142 101 47 varje
652 2155 120 23 annan
791 2116 433 77 skrädderiverksamhet,
1244 2143 13 33 i
1276 2142 122 35 vilken
1417 2140 117 36 Board
1553 2139 41 37 of
1611 2139 118 36 Trade
1749 2152 107 23 anser
1874 2144 53 31 att
1945 2140 74 35 till-

414 2192 479 48 verkningsförhållandena
933 2200 61 28 äro
1022 2192 173 36 liknande
1217 2170 89 58 dem
1334 2193 12 33 i
1374 2191 448 37 konfektionsindustrien
1850 2203 45 22 en
1922 2203 95 35 gros.
