2225 2661
451 114 114 33 Andra
588 116 194 34 kammarens
804 120 98 41 fjärde
925 121 163 43 tillfälliga
1111 124 126 32 utskotts
1260 126 161 33 utlåtande
1443 128 54 32 Nr
1517 132 52 29 14.
1726 135 39 30 41

200 206 107 43 typer
338 203 92 36 hava
457 204 12 35 i
497 205 81 36 dess
607 208 105 34 ställe
741 207 197 46 framträtt,
968 211 68 35 och
1064 215 283 37 statsmakterna
1372 218 117 47 själva
1516 220 139 49 nödgas
1684 223 121 36 undan

198 251 59 36 tör
297 254 126 36 undan
464 257 89 47 taga
588 257 12 35 i
636 260 250 46 övervägande
926 263 231 48 samhällelig
1195 268 185 49 reglering
1419 270 12 34 i
1472 283 44 23 en
1558 272 88 36 eller
1687 287 120 24 annan

198 302 98 38 form
325 318 45 22 av
398 305 45 37 de
471 307 237 38 ekonomiska
735 309 271 40 företeelserna.

333 356 131 48 Någon
492 359 391 50 undantagsställning
910 365 12 34 i
946 364 99 37 detta
1064 368 177 36 avseende
1260 369 125 37 kunna
1403 372 400 41 arbetsförhållandena

196 406 80 46 icke
309 413 127 31 väntas
463 410 138 47 intaga,
631 412 65 35 och
722 412 44 36 de
792 415 127 45 intaga
947 417 11 33 i
985 416 114 46 själva
1127 420 125 35 verket
1280 421 114 35 heller
1421 424 79 34 icke
1528 428 122 44 någon
1678 428 123 35 sådan.

195 455 112 37 Aven
338 461 47 45 på
416 459 98 35 detta
545 462 149 35 område
722 463 93 36 hava
842 463 276 40 förhållandena
1148 471 181 35 utvecklat
1358 473 56 48 sig
1442 473 149 46 därhän,
1616 482 54 30 att
1697 491 106 36 orga-

194 508 148 35 niserad
382 511 214 36 samverkan
630 515 20 33 å
668 520 117 40 ömse
818 516 99 36 sidor
942 518 13 34 i
983 523 76 30 stor
1086 521 257 49 utsträckning
1370 523 193 49 begränsat
1592 526 210 39 frikonkur-

194 570 150 25 rensens
371 561 231 48 verkningar.
657 562 112 38 Åven
797 565 64 36 här
888 568 93 35 lärer
1008 570 193 36 samhället
1228 571 79 37 icke
1336 574 124 36 kunna
1484 577 124 49 undgå
1627 584 53 30 att
1698 580 103 48 börja

194 609 148 48 ingripa
369 613 213 46 reglerande
611 617 46 44 på
684 616 98 35 vissa
809 618 141 47 viktiga
977 621 169 46 punkter.

327 661 61 36 Ett
420 663 128 35 sådant
575 664 220 49 ingripande
825 680 106 36 synes
958 671 180 36 utskottet
1166 673 210 50 välbefogat
1402 678 13 33 i
1443 676 104 50 fråga
1574 692 59 23 om
1661 681 137 36 arbets-

191 711 128 36 lönens
361 713 207 36 minimum.
634 716 71 35 Det
745 721 114 33 måste
900 733 105 23 anses
1045 723 100 47 ligga
1176 724 12 34 i
1215 725 209 37 samhällets
1452 734 82 43 eget
1561 730 154 37 intresse
1743 739 55 30 att

192 760 190 39 förhindra
427 765 251 37 arbetslönens
718 768 280 49 nedsjunkande
1038 773 117 37 under
1195 788 45 23 en
1278 778 73 35 viss
1393 779 267 49 minimigräns.
1727 784 71 36 Det

190 813 126 36 kräves
348 816 174 48 ostridigt
553 830 45 22 en
631 818 74 36 viss
732 821 326 37 levnadsstandard
1086 824 58 36 för
1172 831 53 30 att
1252 828 191 36 arbetaren
1471 831 92 35 skall
1590 833 125 36 kunna
1742 835 54 35 bi-

190 863 143 37 behålla
374 866 56 35 sin
471 867 318 51 arbetsduglighet
829 872 68 36 och
936 873 13 35 i
985 876 121 47 övrigt
1133 876 131 37 bevara
1291 880 79 34 sina
1397 880 293 39 kvalifikationer
1718 898 77 23 som

188 914 130 50 duglig
344 917 251 49 medborgare.
649 921 66 35 Att
742 920 190 47 fastställa,
961 927 250 47 upprätthålla
1239 929 67 36 och
1335 931 124 36 undan
1487 931 57 37 för
1567 934 124 37 undan
1711 936 85 48 höja

187 965 119 36 denna
343 969 324 37 minimistandard
693 972 119 36 finner
838 976 180 35 utskottet
1045 990 85 23 vara
1158 992 44 22 en
1230 982 199 47 angelägen
1458 984 334 51 samhällsuppgift.

319 1017 234 39 Beträffande
581 1021 70 36 den
679 1024 134 36 verkan
841 1025 428 52 lagstiftningsåtgärder
1296 1045 44 22 av
1363 1046 50 22 nu
1433 1033 279 50 ifrågavarande
1732 1038 61 36 be-

186 1067 206 38 skaffenhet
420 1071 126 36 kunna
573 1072 47 35 ha
648 1076 45 44 på
721 1075 293 47 produktionens
1044 1081 212 48 utveckling
1282 1082 117 37 håller
1426 1086 180 36 utskottet
1630 1086 88 46 före,
1739 1095 53 30 att

184 1123 52 31 ett
263 1120 114 47 legalt
404 1125 116 45 tvång
547 1121 58 37 för
632 1125 240 48 näringslivet
900 1133 52 30 att
975 1130 114 35 räkna
1107 1132 84 35 med
1209 1133 96 35 vissa
1322 1135 119 47 lägsta
1459 1137 200 37 lönesatser
1678 1139 113 37 bland

183 1169 490 47 produktionskostnaderna
699 1176 13 34 i
740 1176 62 36 det
829 1177 81 36 hela
937 1179 66 35 bör
1030 1182 110 34 verka
1168 1182 195 38 hälsosamt
1390 1187 66 34 och
1484 1187 181 49 befrämja
1683 1191 107 35 önsk-

183 1220 111 36 värda
338 1223 221 37 strävanden
606 1230 53 30 att
702 1226 122 37 införa
867 1229 113 47 högre
1020 1232 125 35 teknik
1186 1234 67 35 och
1294 1235 120 36 bättre
1454 1239 251 47 organisation
1746 1255 44 23 av

181 1269 202 51 företagen.

315 1323 126 36 Redan
481 1338 51 22 nu
573 1327 179 36 erkänner
791 1330 191 37 samhället
1010 1332 163 38 formellt
1199 1348 132 35 genom
1365 1337 260 50 fattigvården,
1654 1347 53 31 att
1736 1349 51 30 ett

178 1373 92 35 visst
310 1375 196 35 minimum
544 1389 44 23 av
621 1378 385 51 existensbetingelser
1032 1387 115 33 måste
1171 1387 238 38 tillerkännas
1437 1391 211 37 samhällets
1677 1400 110 30 samt-

178 1423 76 48 liga
295 1425 248 37 medlemmar.
610 1428 15 35 I
667 1434 118 32 större
827 1432 224 48 omfattning
1090 1436 66 35 och
1190 1437 12 35 i
1229 1439 192 48 värdigare
1449 1440 138 37 former
1615 1456 101 24 avses
1740 1446 45 46 ju

179 1479 53 31 att
272 1476 197 48 tillgodose
505 1478 127 36 kravet
663 1483 47 45 på
737 1486 53 31 ett
818 1483 360 39 existensminimum
1207 1487 57 37 för
1291 1489 95 46 dem,
1414 1492 115 36 vilkas
1556 1494 139 36 krafter
1722 1503 62 29 äro

178 1523 236 48 förbrukade,
442 1541 133 35 genom
603 1530 177 50 förslaget
807 1546 59 23 om
895 1534 69 36 den
992 1537 185 36 allmänna
1203 1540 227 38 ålderdoms-
1455 1544 67 35 och
1541 1545 244 37 invaliditets-

176 1575 270 50 försäkringen.
514 1579 70 36 För
625 1583 209 36 samhällets
873 1585 144 36 välfärd
1055 1601 85 23 vore
1181 1590 61 35 det
1283 1593 205 35 emellertid
1521 1608 43 22 av
1592 1603 45 28 än
1667 1602 116 31 större

175 1626 110 37 värde
326 1633 53 30 att
410 1631 250 47 upprätthålla
688 1646 44 23 en
761 1634 112 37 sådan
901 1637 319 39 minimistandard
1247 1640 57 37 för
1329 1644 241 45 lönarbetare,
1600 1652 52 30 att
1679 1647 103 37 deras

174 1678 283 48 nedsjunkande
484 1682 58 35 till
570 1682 280 51 fattighjälpens
878 1688 86 35 nivå
987 1688 212 49 därigenom
1219 1692 103 36 bleve
1341 1693 198 51 förebyggt
1558 1698 67 34 och
1645 1699 137 36 arbets-

174 1727 192 50 förmågan
394 1731 128 48 längre
548 1733 116 37 hölles
693 1749 97 35 uppe
817 1750 91 23 ovan
937 1739 274 39 invaliditetens
1237 1751 120 40 gräns.

308 1780 436 52 Minimibetingelsernas
776 1794 70 41 väg
873 1787 57 37 för
953 1789 202 48 ingalunda
1182 1798 42 31 ut
1250 1794 12 35 i
1291 1795 61 36 det
1380 1797 152 36 okända.
1587 1798 16 36 I
1630 1799 45 36 de
1702 1800 79 36 kol-

172 1830 137 36 lektiva
342 1834 143 34 avtalen
518 1835 134 35 mellan
679 1837 181 36 arbetare-
887 1840 67 35 och
982 1841 587 52 arbetsgivareorganisationerna
1596 1857 40 28 är
1662 1850 119 37 denna

171 1887 71 42 väg
268 1882 111 36 redan
406 1883 166 37 beträdd.
627 1886 70 37 Det
724 1895 40 28 är
790 1890 79 35 icke
896 1891 114 46 själva
1039 1893 254 38 minimilönen
1322 1904 88 29 utan
1438 1898 82 36 dess
1547 1900 120 48 legala
1691 1901 89 37 fast-

172 1932 178 36 ställande
379 1934 67 35 och
488 1938 334 46 upprätthållande,
853 1953 76 23 som
957 1949 41 28 är
1025 1943 61 36 det
1114 1957 71 36 nya
1218 1951 115 43 steget
1360 1951 46 45 på
1434 1949 99 36 detta
1561 1952 148 36 område
1736 1966 43 23 av

172 1982 302 49 socialpolitiken.

305 2033 71 36 För
403 2040 53 30 att
484 2049 44 23 en
557 2037 112 36 sådan
696 2040 218 49 lagstadgad
941 2045 186 48 reglering
1154 2060 44 22 av
1226 2047 44 36 de
1297 2050 117 48 lägsta
1432 2051 150 36 lönerna
1600 2066 51 22 nu
1670 2061 105 39 göres

167 2082 58 36 till
273 2083 152 38 föremål
466 2085 58 37 för
563 2090 185 48 allvarligt
779 2094 251 47 övervägande
1058 2109 44 23 av
1130 2100 283 36 statsmakterna
1439 2103 84 44 tala,
1552 2109 128 31 utöver
1706 2106 70 35 vad

167 2132 102 37 förut
310 2135 150 46 anförts,
503 2138 88 36 flera
622 2142 177 35 särskilda
831 2144 88 35 skäl.
973 2145 69 35 För
1069 2152 97 31 stora
1193 2162 161 36 grupper
1380 2165 44 22 av
1451 2154 228 37 lönarbetare
1707 2157 67 34 och

207 2197 132 44 Bihang
363 2200 47 31 till
432 2200 191 44 Riksdagens
639 2205 159 40 protokoll
819 2207 93 31 1913.
956 2209 42 30 13
1019 2210 89 31 saml.
1155 2212 20 30 4
1198 2214 69 30 avd.
1311 2215 40 30 14
1374 2215 82 43 häft.
1482 2217 67 37 (Nr
1569 2219 65 38 14)
1714 2221 17 30 6
