2207 2692
732 164 279 30 Stats-Utskottets
1039 165 168 29 Utlåtande
1230 166 57 29 N:o
1309 166 49 29 31.

225 252 91 35 boet
374 257 96 31 samt
517 257 66 38 att,
629 256 99 44 uppå
779 251 648 38 Kammaradvokatfiskalsembetets
1486 254 181 49 yrkande,
1719 253 119 37 Södra

228 302 166 37 Wadsbo
423 302 221 46 häradsrätt,
674 303 158 36 emedan
862 306 121 46 någon
1014 303 168 48 arfvinge
1211 303 94 37 efter
1331 303 110 37 Hahn
1469 306 165 36 hvarken
1663 305 57 36 vid
1746 305 89 36 hans

230 353 173 37 frånfälle
436 355 202 47 veterligen
678 353 142 37 funnits
854 355 88 35 eller
976 355 220 44 sedermera,
1229 356 120 36 ehuru
1378 357 218 47 kungörelse
1626 370 59 23 om
1714 356 119 37 arfvet

226 405 95 37 efter
361 406 139 35 honom
544 406 10 34 1i
596 405 239 48 vederbörlig
863 406 159 47 ordning
1050 406 111 42 skett,
1190 408 100 35 inom
1319 408 83 47 laga
1430 408 52 36 tid
1512 409 57 46 sig
1598 409 151 43 anmält,
1777 409 55 35 till

226 456 89 47 följd
345 456 133 35 hvaraf
505 456 130 36 Hahns
664 456 269 36 efterlemnade
963 457 184 46 egendom
1178 462 115 31 måste
1317 459 9 33 i
1344 459 383 36 öfverensstämmelse
1751 460 80 34 med

227 508 60 48 lag
316 510 123 33 såsom
470 506 174 37 dana-arf
669 506 147 36 tillfalla
844 507 161 44 Kronan,
1033 520 136 35 genom
1197 510 123 46 utslag
1348 509 71 37 den
1438 512 44 34 30
1503 510 204 36 December
1739 512 88 33 1871

227 558 183 36 förklarat
439 557 132 48 Kongl.
601 558 103 49 Maj:t
734 558 68 36 och
831 557 150 38 Kronan
997 559 213 49 berättigad
1241 566 53 29 att
1324 561 170 48 uppbära
1515 561 71 36 den
1610 560 89 38 Olof
1711 561 122 46 Hahn,

229 614 47 44 på
316 609 126 49 grund
484 609 39 36 af
561 609 184 48 giftorätt,
788 610 191 48 tillhöriga
1012 610 110 36 andel
1151 610 39 36 af
1213 612 96 35 boet.
1364 612 124 48 Enligt
1516 612 97 36 hvad
1640 612 195 36 Utskottet

227 661 130 36 vidare
388 660 181 36 inhemtat
598 661 66 35 har
691 660 282 48 ifrågavarande
1003 661 179 45 dana-arf,
1212 676 92 31 som,
1334 662 93 37 efter
1449 664 98 35 hvad
1563 663 269 48 handlingarne

229 712 133 43 utvisa,
405 712 146 47 utgjort
593 714 73 34 464
707 711 90 37 R:dr
831 714 43 34 65
913 719 74 38 öre,
1017 713 116 35 under
1161 713 97 36 Mars
1286 714 133 36 månad
1449 717 95 34 1872
1573 714 121 36 blifvit
1734 715 99 36 leve-

228 763 127 36 reradt
397 763 55 35 till
496 762 232 49 Skaraborgs
771 764 80 34 läns
905 765 152 43 ränteri,
1104 764 190 37 hvarefter
1339 764 494 38 Kammaradvokatfiskalen

230 814 121 36 under
380 813 281 49 derpåföljande
689 814 71 48 Maj
799 816 175 47 uppburit
1003 816 139 35 honom
1172 816 89 36 derå
1289 817 282 36 tillkommande
1597 819 122 35 tertial
1747 818 85 36 med

230 868 69 34 154
327 864 93 37 R:dr
449 867 45 34 88
524 873 72 28 öre.

359 916 56 35 På
442 917 123 47 grund
595 915 39 37 af
658 916 98 36 hvad
785 917 155 36 sålunda
968 916 238 38 förekommit
1235 919 65 35 och
1331 919 44 36 då
1404 932 133 35 genom
1565 920 188 36 motionen
1773 920 58 35 bi-

225 967 140 48 fogade
395 968 106 48 intyg
529 967 38 36 af
591 968 282 36 vederbörande
903 969 323 47 pastorsembeten
1256 971 68 35 och
1352 971 371 36 kommunalnämnds
1745 970 85 36 ord-

226 1018 158 36 förande
428 1026 40 27 är
508 1018 136 36 vordet
685 1020 132 47 styrkt,
854 1025 54 29 att
943 1020 44 35 de
1019 1033 189 34 personer,
1236 1022 56 34 till
1322 1022 144 35 hvilkas
1494 1021 144 37 förmån
1666 1020 164 48 eftergift

228 1069 39 36 af
305 1069 157 35 berörda
491 1069 172 36 dana-arf
687 1069 122 36 blifvit
838 1070 153 47 begärd,
1019 1072 151 35 befinna
1198 1072 56 45 sig
1282 1073 11 34 i
1321 1072 153 47 torftiga
1504 1072 326 48 omständigheter,

226 1118 57 37 får
324 1119 206 45 Utskottet,
572 1122 10 33 i
624 1119 385 38 öfverensstämmelse
1045 1122 86 35 med
1165 1122 44 35 de
1240 1123 145 48 åsigter,
1414 1136 76 23 som
1520 1124 62 35 vid
1611 1124 89 36 flera
1729 1122 99 37 före-

228 1171 146 47 gående
403 1171 194 48 riksdagar
627 1172 53 35 uti
709 1172 184 36 likartade
921 1172 65 36 fall
1014 1173 100 47 gjort
1141 1174 56 46 sig
1224 1174 181 47 gällande,
1434 1175 204 43 hemställa,

565 1220 36 48 a)
631 1228 53 30 att
726 1222 214 48 Riksdagen
968 1223 84 36 ville
1094 1223 57 36 för
1184 1225 57 34 sin
1287 1224 59 37 del
1387 1224 235 37 efterskänka
1656 1225 173 36 Kronans

630 1274 175 36 behållna
834 1274 108 36 andel
971 1273 39 37 af
1035 1274 235 37 dana-arfvet
1298 1274 91 38 efter
1417 1275 99 37 förre
1546 1277 167 35 soldaten
1743 1274 91 38 Olof

633 1324 110 36 Hahn
783 1325 57 35 till
881 1324 143 37 förmån
1063 1324 57 37 för
1161 1326 136 36 dennes
1333 1328 138 47 jemvaäl
1505 1328 138 36 aflidna
1675 1327 153 36 hustrus

635 1375 201 48 arfvingar,
878 1377 117 35 enkan
1035 1376 169 37 Annicka
1244 1378 273 47 Andersdotter
1550 1380 12 34 i
1595 1378 232 44 Holmestad,

630 1427 81 35 Nils
751 1428 212 35 Andersson
993 1428 9 35 i
1031 1427 154 37 Tomten
1221 1429 120 36 under
1368 1428 179 49 Ågården
1576 1430 154 48 Kjestad
1759 1430 67 35 och

634 1477 97 49 Maja
758 1477 105 38 Stina
890 1478 221 37 Jonsdotter
1139 1483 20 32 å
1188 1479 244 38 Grönmåssen
1460 1481 164 46 Vedum;

230 1529 170 42 hvarom,
430 1531 10 35 i
472 1530 175 36 händelse
676 1528 39 37 af
739 1529 232 47 Riksdagens
999 1529 116 45 bifall,

564 1579 42 47 b)
637 1580 239 48 underdånig
891 1581 193 37 skrifvelse
1105 1582 57 35 till
1178 1581 134 49 Kongl.
1333 1582 102 43 Maj:t
1456 1584 106 35 torde
1582 1584 91 35 böra
1689 1584 136 35 aflåtas.

365 1687 70 33 2:o.
488 1684 97 36 Herr
617 1682 52 36 W.
698 1681 95 36 Falk
821 1682 66 36 har
914 1683 56 35 uti
999 1695 57 31 en,
1084 1683 213 36 äfvenledes
1325 1685 100 35 inom
1454 1685 230 48 Riksdagens
1699 1684 129 36 Andra

229 1737 201 36 Kammare
459 1735 112 36 väckt
603 1733 145 36 motion
790 1732 85 46 (N:o
907 1731 86 47 118)
1021 1733 202 48 föreslagit,
1252 1741 53 30 att
1334 1734 167 37 Kronans
1528 1742 74 29 rätt
1631 1736 54 35 till
1715 1736 110 35 dana-

230 1787 60 36 arf
315 1786 97 36 efter
440 1786 147 45 aflidna,
615 1783 114 48 ogifta
758 1782 186 38 Christina
973 1783 213 37 Strömblad
1207 1789 113 32 måtte
1349 1786 217 48 eftergifvas
1594 1787 55 34 till
1679 1786 146 36 förmån

229 1838 56 36 för
329 1836 230 49 slöjdskolan
606 1836 8 35 i
651 1835 130 42 Falun,
826 1835 86 36 med
944 1835 121 36 vilkor
1106 1842 55 29 att
1193 1836 149 36 medlen
1389 1837 150 35 tillades
1581 1837 73 36 den
1708 1837 118 36 under

230 1888 210 37 skolrådets
469 1889 9 34 i
508 1887 117 36 Falun
652 1886 228 48 förvaltning
911 1886 152 36 stående
1104 1886 101 45 fond,
1234 1888 152 36 hvilken
1415 1888 138 36 bildats
1583 1887 39 37 af
1646 1894 53 30 ett
1727 1887 100 37 förut

231 1940 233 37 efterskänkt
495 1937 177 37 dana-arf
697 1937 66 35 och
792 1937 130 36 hvaraf
955 1937 130 36 endast
1124 1939 117 47 årliga
1269 1944 132 31 räntan
1428 1940 99 47 finge
1557 1939 185 36 användas
1770 1940 56 34 till

228 1990 259 48 befrämjande
516 1988 40 37 af
581 1990 63 35 det
671 1988 84 36 med
783 1988 230 48 slöjdskolan
1042 1988 152 37 afsedda
1221 1989 182 36 ändamål.

363 2041 53 36 Af
441 2046 53 31 ett
522 2041 193 36 motionen
743 2038 171 50 bifogadt
943 2040 105 48 intyg
1076 2039 39 36 af
1137 2041 279 48 borgmästaren
1445 2042 11 34 i
1484 2041 117 36 Falun
1630 2041 194 43 inhemtas,

228 2099 54 30 att
310 2093 63 36 vid
403 2092 70 36 den
504 2092 97 36 efter
630 2091 187 37 Christina
845 2090 214 37 Strömblad
1088 2091 123 36 hållna
1238 2093 305 47 bouppteckning
1571 2094 138 35 hennes
1730 2093 95 36 enda

229 2144 169 48 arfvinge
428 2149 141 30 ansetts
597 2156 89 23 vara
714 2142 287 47 syskonbarnet,
1035 2145 47 45 på
1111 2143 119 35 okänd
1261 2149 58 30 ort
1346 2144 170 36 vistande
1547 2143 116 49 ogifta
1691 2144 131 35 Hanna

227 2195 116 37 Maria
382 2194 215 48 Malmgren,
639 2193 150 36 hvilken
832 2192 153 37 oaktadt
1024 2193 245 49 kungörelser
1310 2208 56 22 om
1403 2195 62 36 det
1500 2195 120 37 henne
1648 2194 173 37 tillfallna

310 2254 65 28 Bih.
400 2255 39 27 till
461 2254 97 28 Biksd.
583 2254 75 27 Prot.
681 2252 82 28 1873.
807 2252 18 27 4
848 2252 86 28 Saml.
979 2253 17 26 1
1020 2250 71 37 Afd.
1136 2252 34 28 19
1193 2253 79 36 Höft.
1763 2253 17 29 3
