2222 2618
455 202 116 33 Andra
594 204 202 32 kammarens
811 204 140 41 fjärde
975 205 169 42 tillfälliga
1166 207 133 31 utskotts
1321 207 167 32 utlåtande
1510 208 53 31 Nr
1586 211 29 29 5.
1803 208 38 32 15

349 286 65 33 Om
449 287 94 32 detta
575 288 254 42 förfaringssätt
852 289 29 42 ej
907 289 110 32 skulle
1040 290 33 31 få
1095 290 181 39 användas,
1301 293 83 29 utan
1406 291 12 31 i
1442 292 115 31 stället
1580 294 49 29 ett
1652 294 109 30 större
1785 304 55 31 ny-

241 328 298 42 byggnadsarbete
573 332 19 29 å
624 330 140 33 flottans
791 342 80 21 varv
894 332 111 31 skulle
1029 332 113 32 drivas
1165 333 78 31 med
1266 333 170 32 företräde
1459 334 140 32 framför
1620 335 219 37 underhålls-,

241 372 230 41 utrustnings-
493 372 64 31 och
580 373 358 41 reparationsarbeten
962 374 83 32 eller
1067 375 58 31 vid
1148 375 98 31 sidan
1270 386 41 20 av
1333 376 65 31 och
1421 378 83 29 utan
1520 376 134 42 hänsyn
1671 377 52 31 till
1739 377 102 32 dessa

240 414 152 38 arbeten,
428 414 111 32 skulle
573 415 94 31 detta
698 416 102 31 verka
827 416 112 31 direkt
961 416 228 32 nedsättande
1212 419 44 40 på
1278 420 134 29 varvets
1435 419 153 41 förmåga
1610 421 50 29 att
1682 420 81 40 fylla
1786 420 54 32 sin

241 455 255 43 huvuduppgift
529 459 49 29 att
611 457 90 31 hålla
734 458 67 31 den
834 458 150 41 flytande
1008 459 196 32 materielen
1227 460 58 31 vid
1307 460 124 41 högsta
1453 461 140 41 möjliga
1616 461 223 33 stridsbered-

241 497 85 42 skap
360 498 65 32 och
448 499 12 31 i
483 499 123 31 sådant
632 500 58 31 fall
712 511 80 20 vore
816 500 119 31 landet
957 512 92 20 mera
1071 502 133 41 betjänt
1226 502 79 31 med
1327 505 51 28 att
1400 504 49 30 ett
1472 503 110 42 dylikt
1605 504 235 41 nybyggnads-

239 540 118 32 arbete
380 541 156 31 utfördes
559 542 58 31 vid
640 542 135 31 enskild
797 543 169 31 verkstad.

345 586 53 28 Av
431 584 230 31 ovanstående
695 585 97 30 torde
825 585 129 41 framgå
987 587 50 29 att
1070 585 30 42 ej
1135 586 144 31 allenast
1301 586 301 42 huvuduppgiften
1625 588 52 31 för
1699 588 140 32 flottans

240 635 80 21 varv
352 626 38 30 är
417 636 40 21 av
479 626 127 31 militär
628 628 102 30 natur
752 629 83 29 utan
858 629 84 30 även
965 629 58 36 att,
1049 628 138 31 särskilt
1209 628 212 32 beträffande
1444 632 117 29 varvet
1582 630 12 31 i
1617 630 222 40 Karlskrona,

239 667 489 42 nybyggnadsverksamheten
762 671 108 29 måste
904 670 237 32 underordnas
1165 671 80 31 dess
1268 671 147 31 militära
1437 672 137 41 uppgift
1597 674 114 30 såsom
1734 673 105 32 mobi-

239 709 291 42 liseringsstation
552 711 53 31 för
629 711 65 31 den
717 711 12 31 i
751 711 106 41 tjänst
880 712 148 31 varande
1050 712 150 42 flytande
1224 713 207 32 materielen.
1477 714 83 31 Med
1583 715 256 41 nödvändighet

238 751 100 32 torde
361 752 105 32 härav
488 753 81 41 följa
592 755 50 30 att
663 756 135 29 varvets
820 754 144 41 ledning
986 756 108 30 måste
1117 766 79 20 vara
1219 755 127 31 militär
1369 756 64 31 och
1457 756 29 42 ej
1512 756 86 32 civil.

343 878 200 32 Motionens
566 879 152 31 innehåll
740 880 90 31 visar
854 881 192 31 emellertid
1069 883 49 29 att
1141 881 58 31 det
1215 882 30 40 ej
1263 882 146 31 allenast
1424 884 37 29 är
1476 882 212 32 beträffande
1704 886 134 29 varvets

237 920 263 43 huvuduppgift,
536 932 74 21 som
644 922 253 32 motionärerna
929 923 87 31 hava
1048 924 115 41 anlagt
1196 935 42 19 en
1261 924 125 41 oriktig
1409 925 184 41 synpunkt,
1618 927 82 29 utan
1723 928 49 29 att
1796 926 42 31 de

236 964 85 29 även
344 962 12 31 i
379 974 43 20 en
456 963 56 31 del
534 964 106 31 andra
663 965 193 31 avseenden
879 965 29 40 ej
933 965 86 31 hava
1042 976 42 20 en
1108 965 109 41 saklig
1238 967 222 41 uppfattning
1482 978 41 20 av
1545 967 151 32 rådande
1717 968 120 32 förhål-

236 1004 125 32 landen
384 1005 213 32 beträffande
621 1006 251 42 örlogsvarvets
895 1007 141 41 ledning
1058 1008 64 31 och
1146 1007 90 32 drift.

341 1047 120 42 Enligt
483 1048 272 33 motionärernas
777 1050 222 41 uppfattning
1022 1049 109 32 skulle
1149 1050 257 41 planmässighet
1417 1051 54 31 och
1486 1051 203 41 sparsamhet
1703 1051 11 32 i
1730 1063 109 21 varvs-

234 1089 128 31 driften
396 1090 30 41 ej
461 1090 115 31 kunna
609 1091 146 32 erhållas
778 1092 78 31 med
879 1092 67 31 den
968 1092 197 31 nuvarande
1187 1092 146 32 militära
1356 1093 287 41 organisationen,
1667 1105 77 20 men
1767 1095 71 31 där-

235 1134 93 29 emot
360 1132 93 32 bliva
486 1144 42 20 en
561 1133 86 41 följd
680 1144 41 20 av
754 1136 49 29 att
830 1136 134 29 varvets
988 1134 276 32 administration
1288 1135 143 32 ställdes
1454 1135 110 32 under
1586 1136 79 31 civil
1687 1136 149 42 ledning.

236 1174 118 31 Skälet
387 1174 116 32 härför
536 1175 139 41 angives
708 1187 80 20 vara
810 1178 49 29 att
882 1177 67 30 den
972 1177 196 31 nuvarande
1191 1177 182 40 ledningen
1397 1178 30 40 ej
1451 1178 12 31 i
1485 1178 109 31 första
1615 1178 93 32 hand
1730 1180 37 30 är
1789 1182 48 28 ut-

235 1216 118 31 bildad
386 1216 54 31 för
473 1218 49 29 att
555 1218 144 30 förvalta
721 1220 50 29 ett
792 1221 81 29 stort
894 1219 144 31 modernt
1059 1219 279 40 industriföretag.
1385 1219 122 32 Såsom
1531 1231 40 20 av
1594 1220 59 31 det
1675 1231 85 21 ovan
1784 1233 54 19 an-

235 1258 98 31 förda
354 1259 99 30 torde
477 1259 136 41 framgå,
637 1259 62 31 har
722 1262 49 29 ett
792 1260 141 31 flottans
956 1272 79 19 varv
1057 1261 73 31 helt
1152 1272 111 20 annan
1286 1262 138 40 uppgift
1446 1263 42 30 än
1512 1264 49 29 ett
1577 1264 88 29 stort
1680 1263 158 31 modernt

234 1300 284 42 industriföretag
551 1301 64 31 och
649 1312 42 20 en
721 1302 280 41 planmässighet,
1027 1313 73 21 som
1123 1303 62 31 har
1208 1304 213 40 sparsamhet
1443 1304 54 31 till
1520 1304 208 42 huvudsyfte
1750 1305 87 31 låter

235 1342 54 40 sig
321 1342 72 31 helt
427 1343 114 31 enkelt
574 1343 28 41 ej
638 1344 119 31 förena
784 1345 78 30 med
885 1344 113 31 denna
1020 1345 144 41 uppgift.
1211 1345 45 32 Så
1278 1347 22 29 t.
1325 1357 50 20 ex.
1400 1346 111 31 skulle
1533 1346 271 42 planmässighet
1825 1348 12 30 i

234 1384 219 32 underhållet
485 1385 115 31 fordra
633 1387 50 30 att
712 1387 154 40 fartygen
888 1386 12 31 i
923 1387 158 31 bestämd
1115 1387 146 41 ordning
1293 1388 109 31 under
1435 1388 200 42 erforderlig
1664 1388 51 32 tid
1738 1389 98 32 bleve

234 1426 212 42 tillgängliga
478 1429 44 39 på
555 1430 124 35 varvet,
713 1430 38 29 så
784 1431 49 29 att
866 1429 133 31 arbetet
1031 1429 115 32 kunde
1173 1430 108 40 jämnt
1303 1430 150 32 fördelas
1476 1432 73 30 året
1572 1442 65 20 om.
1681 1431 83 31 Men
1787 1434 50 29 ett

236 1469 123 31 sådant
382 1469 177 32 ordnande
582 1481 41 20 av
645 1470 173 42 fartygens
842 1471 293 41 sjöexpeditioner
1157 1472 86 31 låter
1266 1472 52 41 sig
1341 1472 29 41 ej
1395 1473 118 31 förena
1535 1473 79 31 med
1636 1473 138 31 fordran
1791 1476 44 39 på

233 1511 142 31 flottans
399 1511 300 43 stridsberedskap
723 1513 64 31 och
810 1514 225 40 personalens
1059 1514 126 41 övning
1207 1516 88 29 samt
1311 1514 107 42 ligger
1434 1515 53 31 för
1503 1515 110 41 övrigt
1628 1516 208 42 fullkomligt

233 1555 96 29 utom
362 1554 305 42 varvsledningens
700 1555 268 32 bestämmande.
1014 1556 126 31 Vidare
1175 1556 110 32 skulle
1319 1568 41 20 en
1394 1557 272 42 planmässighet
1699 1558 51 31 uti
1779 1570 56 30 ny-

233 1595 312 41 byggnadsarbetet
577 1597 123 38 fordra,
725 1600 49 29 att
808 1597 93 32 detta
925 1598 29 41 ej
978 1599 89 40 finge
1089 1600 84 29 röna
1196 1599 160 31 störande
1378 1599 163 32 inverkan
1565 1611 40 20 av
1627 1600 209 32 underhålls-

234 1638 171 38 arbetena,
440 1649 77 21 men
552 1650 74 20 som
661 1650 86 20 ovan
778 1639 151 41 påvisats
964 1641 110 30 skulle
1097 1641 94 30 detta
1218 1641 161 37 medföra,
1404 1643 50 29 att
1476 1642 359 41 nybyggnadsarbetet

233 1679 135 32 komme
402 1682 50 29 att
484 1681 101 30 verka
618 1681 227 32 nedsättande
879 1684 44 38 på
946 1684 133 29 varvets
1101 1682 151 41 förmåga
1275 1685 49 28 att
1342 1683 87 41 fylla
1452 1684 75 30 sina
1549 1684 181 40 viktigaste
1753 1696 82 30 upp-

232 1721 101 40 gifter
368 1724 89 29 samt
490 1722 227 41 omintetgöra
749 1724 73 40 just
855 1723 66 31 den
955 1724 118 36 fördel,
1110 1735 73 20 som
1218 1725 232 41 örlogsvarvet
1483 1725 108 31 borde
1614 1726 87 30 hava
1723 1737 40 20 av
1786 1729 49 29 att

233 1763 97 31 driva
361 1764 442 41 nybyggnadsverksamhet
836 1766 57 30 vid
928 1765 99 31 sidan
1061 1777 40 19 av
1127 1766 209 32 underhålls-
1360 1767 64 30 och
1447 1768 386 40 reparationsarbetena.

233 1805 74 31 Vad
341 1806 260 40 sparsamheten
624 1807 11 30 i
659 1807 109 41 övrigt
800 1807 163 32 beträffar
985 1809 36 29 är
1044 1808 58 31 det
1125 1810 49 29 ett
1196 1808 206 42 fullkomligt
1424 1809 69 31 löst
1516 1809 64 31 och
1604 1810 155 31 obevisat
1781 1812 54 39 på-

233 1848 142 31 stående
409 1850 50 38 att
492 1849 66 31 den
581 1849 109 31 under
713 1849 78 32 civil
814 1850 276 32 administration
1114 1850 109 32 skulle
1246 1851 116 30 kunna
1385 1851 113 32 drivas
1521 1852 116 40 längre
1660 1853 43 30 än
1725 1852 110 32 under

232 1889 134 31 militär.
412 1891 96 31 Aven
532 1902 41 20 en
597 1891 77 31 civil
696 1892 140 41 ledning
860 1892 109 31 skulle
992 1903 80 20 vara
1094 1892 139 32 bunden
1249 1904 40 19 av
1305 1893 43 31 de
1364 1893 126 32 former
1506 1894 64 31 och
1585 1894 247 42 förordningar,

233 1942 74 21 som
330 1932 132 41 reglera
484 1933 266 42 hushållningen
774 1934 64 31 och
861 1934 264 42 redovisningen
1149 1946 39 20 av
1212 1937 131 30 statens
1367 1936 120 35 medel,
1502 1936 64 31 och
1591 1947 74 20 som
1688 1936 145 32 tillkom-

233 1974 62 30 mit
317 1974 52 31 för
391 1976 50 29 att
463 1975 74 31 från
561 1976 58 30 det
641 1976 189 31 allmännas
855 1976 75 31 sida
952 1977 209 31 kontrollera
1184 1979 49 29 att
1256 1977 102 31 dessa
1380 1978 112 31 medel
1515 1978 117 31 skötas
1649 1979 78 30 med
1744 1989 89 30 spar-

233 2015 134 32 samhet
401 2016 64 31 och
499 2018 169 36 omtanke,
704 2020 37 29 så
774 2020 50 28 att
858 2018 66 31 den
958 2018 179 41 möjlighet
1170 2019 53 30 till
1257 2019 234 41 besparingar,
1515 2031 73 20 som
1612 2021 67 30 den
1701 2020 133 40 privata

232 2057 228 32 varvsdriften
483 2069 122 29 genom
629 2059 100 31 friare
752 2059 130 31 händer
905 2060 11 30 i
940 2060 110 40 dylikt
1073 2060 168 31 avseende
1264 2060 11 31 i
1298 2061 93 30 vissa
1413 2061 219 32 hänseenden
1659 2062 65 30 kan
1747 2062 86 31 hava

232 2098 11 31 i
265 2099 196 39 jämförelse
495 2100 77 31 med
596 2102 121 37 staten,
743 2101 109 31 skulle
876 2113 41 19 en
942 2101 77 31 civil
1042 2102 239 41 varvsledning
1308 2102 69 31 lika
1399 2102 76 31 litet
1499 2114 73 20 som
1597 2103 66 31 den
1687 2103 146 32 militära

232 2140 115 31 kunna
370 2141 158 40 påräkna.

336 2182 78 31 Den
448 2183 97 31 civila
578 2183 184 41 ledningen
795 2184 57 31 vid
886 2186 50 29 ett
958 2185 126 31 enskilt
1107 2196 78 20 varv
1207 2186 98 30 torde
1328 2196 69 30 nog
1419 2185 115 31 kunna
1557 2188 89 29 sätta
1669 2197 163 30 sparsam-

231 2224 257 42 hetshänsynen
523 2225 57 31 vid
602 2226 179 31 arbetenas
805 2226 180 31 utförande
1008 2227 11 30 i
1042 2228 141 30 främsta
1205 2229 147 29 rummet
1375 2228 51 30 för
1449 2229 170 30 ernående
1643 2239 40 20 av
1706 2231 126 29 största

232 2266 138 40 möjliga
403 2267 169 40 förtjänst,
597 2279 77 19 men
698 2268 52 31 för
773 2270 49 29 ett
845 2269 197 39 örlogsvarv
1065 2270 97 30 torde
1186 2271 127 29 största
1335 2269 115 31 vikten
1474 2270 84 31 böra
1581 2271 114 39 läggas
1719 2273 43 39 på
1786 2283 46 19 ar-

232 2309 140 30 betenas
408 2309 109 31 solida
550 2310 189 38 utförande,
774 2310 193 41 varigenom
992 2311 431 32 underhållskostnaderna
1447 2312 152 32 minskas
1623 2313 63 30 och
1710 2313 10 30 i
1743 2313 89 41 ling-

230 2350 67 31 den
321 2350 66 32 den
412 2353 127 29 största
562 2352 255 40 sparsamheten
843 2355 108 29 ernås.
