2260 2622
441 224 40 36 22
825 215 359 42 Bevillningsutskottets
1207 211 210 37 Betänkande
1441 212 59 34 N:o
1524 211 27 30 I.

998 361 398 42 Reservationer:

531 473 62 37 vid
615 474 167 46 punkten
814 470 70 49 1:0)

534 561 41 37 af
598 560 90 36 herr
716 558 189 37 Fredholm
935 568 82 24 som
1045 553 142 42 anfört:

539 612 34 37 »I
613 612 65 37 det
718 608 241 39 betänkande
1002 606 73 50 (n:o
1118 604 75 49 14),
1235 615 78 25 som
1351 597 422 50 bevillningsutskottet
1801 593 109 50 afgaf
1934 592 65 37 vid

408 667 98 35 1899
549 668 57 33 års
646 662 158 49 riksdag
843 659 86 38 med
971 657 175 38 afseende
1181 659 20 33 å
1230 654 46 37 då
1316 653 199 48 ifrågasatt
1548 648 188 38 tullfrihet
1763 647 59 44 för
1850 645 150 37 omalen

406 717 111 49 majs,
559 715 200 51 påvisades
799 716 48 47 på
888 716 54 33 ett
975 707 278 51 öfvertygande
1282 710 74 32 sätt
1384 705 47 36 de
1459 704 13 35 i
1501 705 139 45 många
1667 698 248 38 hänseenden
1945 696 54 37 af-

408 768 161 39 sevärda
608 766 166 38 fördelar
808 765 56 36 för
887 760 406 52 jordbruksnäringen,
1322 770 79 23 som
1432 761 56 31 ett
1515 754 176 47 billigare
1720 751 79 50 pris
1827 752 48 47 på
1904 749 97 49 majs

409 820 120 38 skulle
570 820 59 36 för
671 819 124 36 denna
834 815 140 49 näring
1008 812 180 46 medföra,
1219 811 12 39 1
1259 809 49 39 all
1334 807 209 51 synnerhet
1570 805 64 36 vid
1662 800 339 51 kreatursuppföd-

407 873 98 49 ning
542 871 69 37 och
652 867 340 52 fläskproduktion.
1048 865 79 36 Mot
1169 867 56 36 att
1252 861 139 40 bereda
1419 860 65 36 det
1512 857 166 38 svenska
1703 853 226 51 jordbruket
1954 852 48 39 de

410 931 104 31 stora
541 922 173 47 fördelar,
745 934 81 24 som
852 920 59 36 för
940 919 105 36 detta
1073 915 122 38 skulle
1224 913 135 41 vinnas
1387 924 141 36 genom
1556 914 56 32 att
1632 913 96 45 göra
1749 906 147 48 majsen
1914 903 88 37 tull-

411 977 61 47 fri,
515 980 99 32 reste
655 974 62 48 sig
758 971 95 38 dock
887 975 55 32 ett
970 968 133 38 hinder
1130 968 12 36 i
1166 967 46 36 de
1241 964 250 49 svårigheter,
1520 975 81 23 som
1630 959 223 48 derigenom
1881 955 123 38 skulle

411 1029 60 36 för
511 1027 100 40 vissa
651 1024 214 38 landsdelar
904 1024 140 47 uppstå
1071 1020 63 36 vid
1163 1017 212 48 afsättning
1403 1016 42 43 af
1469 1013 139 50 potatis
1636 1011 60 42 till
1723 1009 280 40 brännerierna.

413 1081 53 36 Af
490 1080 148 46 hänsyn
667 1076 126 38 dertill
821 1077 119 45 ansåg
968 1073 60 48 sig
1055 1071 185 38 utskottet
1268 1069 46 36 då
1341 1067 82 40 icke
1453 1066 93 39 böra
1573 1064 153 39 förorda
1755 1076 46 23 en
1829 1060 176 39 fullstän-

414 1132 67 48 dig
508 1129 196 47 tullfrihet,
733 1133 91 31 utan
853 1126 135 37 endast
1016 1137 48 23 en
1091 1120 249 48 nedsättning
1365 1119 13 36 i
1407 1116 219 50 majstullen
1653 1116 85 35 från
1759 1116 83 46 3,70
1865 1112 142 36 kronor

413 1184 59 37 till
503 1185 21 34 2
553 1183 141 35 kronor
735 1193 66 36 per
845 1179 71 35 100
954 1176 196 48 kilogram.
1209 1172 147 37 Genom
1383 1168 250 50 vidtagandet
1662 1166 43 36 af
1730 1179 46 23 en
1806 1165 116 36 sådan
1951 1166 55 33 åt-

415 1235 97 50 gärd
552 1232 122 41 skulle
704 1245 87 24 man
818 1230 130 38 kunna
975 1227 127 47 vinna,
1132 1225 120 45 ehuru
1279 1223 12 36 i
1319 1236 48 27 en
1391 1219 177 45 minskad
1590 1217 109 50 grad,
1729 1217 45 36 de
1804 1216 86 37 med
1917 1214 89 41 tull-

415 1287 165 40 friheten
621 1281 290 44 eftersträfvade
945 1278 225 46 fördelarne,
1204 1281 93 35 utan
1324 1279 56 40 att
1408 1272 222 49 derigenom
1659 1270 59 40 för
1746 1267 263 49 afsättningen

417 1340 43 36 af
496 1337 141 50 potatis
674 1336 60 37 till
761 1332 269 40 brännerierna
1058 1328 268 44 framkallades
1352 1328 122 46 några
1502 1322 248 49 svårigheter.
1806 1320 114 36 Detta
1947 1322 60 34 ut-

419 1392 167 36 skottets
613 1388 149 48 förslag
789 1385 79 38 blef
892 1382 212 39 emellertid
1133 1382 34 48 ej
1199 1380 41 36 af
1263 1378 222 48 Riksdagen
1514 1379 167 45 antaget.

546 1441 74 37 Vid
665 1439 152 38 förlidet
857 1440 60 33 års
959 1434 156 49 riksdag
1154 1432 156 37 väcktes
1350 1430 139 48 frågan
1530 1441 60 22 om
1631 1424 189 38 tullfrihet
1860 1426 20 33 å
1915 1423 96 48 majs

420 1498 113 48 ånyo,
575 1493 70 49 och
688 1492 47 36 då
762 1486 420 50 bevillningsutskottet
1209 1484 12 36 i
1249 1483 66 38 sitt
1354 1478 238 43 betänkande
1637 1490 63 24 n:o
1746 1478 45 34 14
1824 1474 188 49 afstyrkte

420 1546 206 49 motionen,
668 1543 100 37 tillät
802 1542 70 48 jag
913 1539 81 49 mig
1037 1542 54 33 att
1117 1537 13 36 i
1159 1550 48 23 en
1244 1533 236 41 reservation
1507 1529 150 48 föreslå,
1686 1533 78 32 »att
1791 1526 221 49 Riksdagen

420 1600 14 36 i
462 1596 199 45 skrifvelse
702 1595 60 37 till
801 1593 218 46 Konungen
1052 1587 199 50 behagade
1279 1584 161 48 anhålla,
1469 1584 65 37 det
1562 1580 138 49 Kongl.
1729 1579 108 49 Maj:t
1863 1578 150 37 täcktes

421 1651 147 46 utreda,
597 1662 62 27 om
686 1647 83 37 icke
797 1645 45 37 de
869 1643 147 47 hinder,
1047 1655 81 23 som
1151 1639 204 38 förefinnas
1384 1641 80 32 mot
1492 1640 55 32 att
1574 1634 177 47 borttaga
1779 1630 90 38 eller
1896 1630 116 47 högst

422 1701 207 49 väsentligt
670 1699 176 37 nedsätta
887 1694 121 38 tullen
1036 1697 20 33 å
1084 1693 109 49 majs,
1232 1690 118 38 skulle
1378 1689 132 36 kunna
1536 1684 269 49 undanrödjas,
1834 1681 180 38 särskildt

423 1754 102 37 hvad
565 1747 428 50 bränvinsbränningen
1032 1744 191 47 beträffar,
1264 1755 139 37 genom
1445 1738 141 45 ändrad
1613 1735 258 51 lagstiftning,
1901 1733 71 38 och
2003 1733 12 35 i

425 1807 136 40 sådant
587 1804 67 40 fall
683 1802 59 48 till
769 1800 220 48 Riksdagen
1016 1798 195 37 inkomma
1236 1794 83 40 med
1338 1792 147 49 förslag
1505 1804 59 29 om
1584 1790 75 36 den
1679 1787 164 48 ändring
1862 1786 12 36 i
1893 1785 121 37 tullen

426 1862 21 36 å
476 1858 108 49 majs,
613 1869 83 28 som
726 1854 39 37 af
790 1851 257 49 utredningen
1073 1849 76 41 kan
1177 1846 253 42 föranledas.»

555 1909 73 36 För
657 1903 305 41 framställandet
989 1902 41 37 af
1054 1915 45 23 en
1128 1899 117 38 sådan
1274 1896 176 39 anhållan
1479 1898 119 45 ansåg
1620 1893 72 49 jag
1721 1891 73 37 alla
1813 1889 83 38 skäl
1915 1888 100 37 före-

426 1962 121 49 ligga,
589 1958 81 39 dels
698 1959 13 36 i
738 1955 251 40 betraktande
1027 1953 40 37 af
1105 1953 156 48 frågans
1302 1954 101 33 stora
1437 1947 82 49 vigt
1547 1946 58 37 för
1634 1945 64 37 det
1723 1942 163 38 svenska
1909 1940 107 48 jord-

426 2014 151 47 bruket,
606 2011 82 37 dels
717 2009 85 37 med
821 2007 209 46 anledning
1049 2005 40 37 af
1101 2009 55 32 att
1171 2008 56 33 ett
1237 2000 468 52 jordbruksdepartement
1720 1994 157 51 nyligen
1890 1991 127 38 blifvit

427 2064 194 47 inrättadt,
664 2062 155 37 hvarför
847 2060 71 49 jag
944 2057 80 38 höll
1057 2056 93 48 före,
1182 2060 54 32 att
1263 2054 63 37 det
1353 2051 123 39 skulle
1503 2064 88 24 vara
1620 2049 105 37 detta
1753 2047 265 48 departement

428 2117 241 38 kärkommet
712 2118 55 33 att
795 2111 299 47 omhändertaga
1121 2106 256 49 utredningen
1406 2104 42 37 af
1473 2103 122 37 denna
1624 2102 120 47 fråga.
1799 2095 219 50 Riksdagen

429 2183 70 23 var
541 2168 96 36 dock
681 2166 41 37 af
760 2178 47 24 en
848 2176 128 25 annan
1004 2160 165 48 mening,
1200 2158 70 37 och
1296 2158 13 36 i
1337 2158 46 36 de
1412 2153 304 52 förhoppningar
1739 2151 69 49 jag
1835 2153 98 32 satte
1959 2146 59 37 till

427 2219 512 52 jordbruksdepartementet
966 2214 13 36 i
1007 2213 104 37 detta
1138 2209 215 39 hänseende
1382 2209 69 36 har
1475 2208 71 48 jag
1573 2203 193 49 misstagit
1794 2200 89 50 mig.

560 2271 132 38 Under
721 2269 138 37 sådana
886 2265 261 40 förhållanden
1174 2263 76 37 kan
1273 2262 80 49 jag,
1384 2260 47 36 då
1459 2259 133 48 frågan
1612 2259 99 46 ånyo
1732 2252 124 39 blifvit
1876 2252 144 48 dragen

431 2325 122 37 under
594 2322 238 48 Riksdagens
859 2318 193 53 pröfning,
1081 2316 33 51 ej
1146 2319 118 33 annat
1290 2318 48 32 än
1367 2315 98 46 ånyo
1494 2310 160 38 omfatta
1681 2307 73 38 den
1781 2302 239 47 hemställan,
