2170 2628
617 206 367 44 Bevillningsutskottets
1008 210 209 33 Betänkande
1238 211 60 32 N:o
1320 214 26 30 1.
1688 214 39 30 23

173 293 80 26 som
285 279 100 42 1899
411 287 61 34 års
500 285 381 54 bevillningsutskott
909 285 134 52 gjorde
1072 288 59 37 till
1159 302 146 25 samma
1334 293 60 35 års
1416 290 183 51 Riksdag,
1621 293 71 36 och
1710 293 59 37 får

167 335 73 49 jag
280 333 159 40 sålunda
466 337 156 49 föreslå,
654 343 57 32 att
739 339 221 50 Riksdagen
988 341 84 36 med
1101 341 128 50 afslag
1257 345 20 33 å
1305 343 210 37 utskottets
1543 344 225 38 hemställan

173 387 93 37 ville
289 387 164 50 beskata,

697 482 57 32 att
792 477 204 38 tullsatsen
1038 479 60 37 för
1125 481 149 37 omalen
1304 482 96 49 majs
1429 485 116 35 måtte
1574 483 193 38 nedsättas

569 528 59 36 till
657 530 21 35 2
708 529 142 37 kronor
877 530 61 37 för
969 532 71 35 100
1068 531 226 50 kilogram.»

303 613 40 37 af
366 614 91 36 herr
479 615 35 35 J.
543 614 160 43 Bromée,
732 623 80 30 som
841 617 142 37 anfört:

300 665 73 37 »På
402 667 56 35 ett
486 666 278 51 öfvertygande
793 673 75 32 sätt
896 669 70 37 har
993 669 64 37 det
1084 670 106 52 flera
1205 674 147 47 gånger
1379 673 181 49 påvisats,
1588 675 55 36 att
1662 675 102 37 bort-

170 717 168 48 tagande
380 718 42 36 af
460 718 123 38 tullet
643 722 20 34 på
692 720 96 49 majs
817 720 122 38 skulle
969 721 12 36 i
1010 724 138 47 många
1176 723 246 38 hänseenden
1450 725 172 38 medföra
1650 727 115 49 högst

172 769 214 50 väsentliga
420 770 166 37 fördelar
613 733 60 75 för
697 767 407 55 jordbruksnäringen,
1133 774 12 36 i
1175 775 63 36 det
1266 781 55 31 att
1349 777 416 51 kreatursuppfödning

172 820 72 37 och
274 817 181 41 särskildt
482 823 326 49 fläskproduktion
840 823 198 40 äfvensom
1065 826 284 49 produktionen
1378 829 42 37 af
1445 834 78 44 ägg
1552 830 120 38 skulle
1700 831 63 38 be-

171 872 160 49 fordras,
361 887 61 23 om
446 875 282 48 jordbräkatne
755 870 126 43 kunde
909 877 60 36 för
996 877 127 50 billigt
1150 879 81 49 pris
1259 880 144 37 erhålla
1431 881 164 49 tillgång
1623 883 60 36 till
1710 889 54 31 ett

170 927 41 34 så
238 926 168 36 närande
434 926 222 38 foderämne
686 941 81 23 som
797 929 105 51 majs.
944 928 186 38 Särskildt
1148 931 200 48 påvisades
1367 932 112 37 dessa
1499 934 264 38 förhållanden

169 976 12 36 i
209 971 443 56 bevillningsutskottets
684 979 200 38 utlåtande
909 994 62 23 n:o
1002 979 46 39 14
1077 982 65 37 vid
1174 984 96 36 1899
1300 987 59 34 års
1383 985 166 49 riksdag.
1580 986 75 37 Vid
1673 987 91 37 flera

170 1028 200 50 riksdagar
397 1030 116 37 hafva
541 1031 114 37 också
683 1031 126 38 derför
837 1032 189 38 motioner
1053 1034 135 37 väckts
1204 1048 59 23 om
1279 1036 253 50 borttagande
1549 1038 41 37 af
1603 1039 120 37 tullen
1743 1043 20 33 å

169 1080 150 38 omalen
347 1082 109 49 majs,
487 1095 87 25 men
602 1083 222 50 Riksdagen
851 1085 69 36 har
947 1084 156 51 afslagit
1118 1086 47 37 de
1185 1087 137 37 väckta
1342 1090 237 36 motionerna
1599 1091 162 37 hufvud-

169 1132 176 50 sakligen
374 1135 42 36 af
438 1135 64 36 det
530 1135 95 48 skäl,
656 1141 56 31 att
742 1149 85 24 man
855 1137 157 48 fruktat,
1042 1143 55 31 att
1123 1139 328 51 potatisodlingen
1474 1142 122 37 skulle
1613 1143 147 49 skadas,

169 1198 61 23 om
258 1185 118 38 tullen
404 1189 48 45 på
481 1187 96 49 majs
604 1188 209 49 borttoges.
869 1188 77 37 För
974 1195 56 30 att
1058 1191 259 49 omintetgöra
1346 1193 72 37 den
1447 1194 176 37 fruktade
1650 1195 110 37 skad-

169 1236 79 49 liga
287 1237 185 37 inverkan
513 1241 48 47 på
602 1240 337 49 potatisodlingen,
978 1254 80 23 som
1088 1242 239 48 majstullens
1355 1245 254 49 borttagande
1639 1247 121 37 skulle

170 1288 271 49 åstadkomma,
471 1290 68 36 har
564 1291 133 48 yrkats
726 1292 137 36 förbud
890 1292 60 37 för
977 1293 271 38 brännerierna
1277 1300 54 32 att
1360 1296 147 37 bränna
1535 1298 161 37 bränvin
1725 1300 40 35 af

170 1340 107 49 majs,
306 1351 87 27 men
422 1342 58 48 de,
511 1355 79 23 som
618 1342 109 37 hållit
755 1346 47 47 på
831 1344 241 49 majstullens
1102 1345 273 49 bibehållande,
1405 1348 115 37 hafva
1546 1349 83 37 icke
1644 1350 117 38 heller

169 1392 101 37 velat
310 1400 89 29 vara
439 1394 85 36 med
566 1407 60 24 om
668 1395 104 37 detta
812 1395 137 37 förbud
983 1396 57 37 till
1069 1397 124 49 skydd
1227 1398 58 37 för
1312 1401 334 49 potatisodlingen.
1702 1403 57 37 Då

168 1457 51 23 nu
260 1445 199 49 missnöjet
500 1446 84 36 med
622 1446 121 38 tullen
771 1450 47 46 på
846 1448 96 49 majs
971 1446 234 40 fortfarande
1236 1455 41 32 är
1314 1457 97 31 stort
1444 1453 69 36 och
1548 1454 57 48 då,
1640 1454 120 50 enligt

167 1496 101 36 hvad
307 1497 46 37 hr
393 1497 41 36 L.
478 1493 183 42 Eriksson
702 1499 12 36 i
743 1499 101 37 Bäck
872 1499 13 36 i
913 1500 59 36 sin
999 1500 59 37 till
1087 1501 126 38 denna
1241 1503 173 50 Riksdag
1443 1504 144 50 afgifna
1615 1507 143 36 motion

162 1547 144 49 Jemväl
340 1550 163 49 påvisat,
537 1563 254 36 ogynnsamma
819 1551 265 39 förhållanden
1113 1554 11 36 i
1155 1554 177 38 afseende
1362 1558 21 34 å
1410 1556 118 37 rikets
1556 1564 137 43 export
1721 1559 41 36 af

168 1600 178 37 särskildt
387 1601 85 37 kött
513 1602 71 36 och
624 1602 97 55 fläsk
759 1608 98 32 samt
885 1604 154 37 kreatur
1066 1606 250 49 uppkommit,
1345 1608 68 37 har
1435 1608 71 49 jag
1533 1615 139 43 ansett,
1702 1616 55 31 att

166 1651 121 38 tullen
314 1656 48 46 på
387 1653 151 37 omalen
566 1655 96 48 majs
690 1655 115 36 borde
834 1656 207 49 borttagas.

269 1704 56 36 Då
367 1705 209 37 emellertid
616 1706 188 36 utskottet
843 1707 85 37 icke
964 1708 139 36 skänkt
1132 1709 67 36 sitt
1228 1710 205 37 understöd
1462 1714 37 33 åt
1526 1712 124 37 denna
1679 1714 77 36 min

165 1756 251 49 uppfattning
445 1756 69 37 och
543 1757 83 36 icke
654 1757 119 37 heller
801 1757 102 38 velat
932 1758 144 38 biträda
1099 1773 90 24 vare
1219 1761 60 48 sig
1309 1762 224 38 framstälda
1558 1764 198 48 yrkanden

166 1820 61 23 om
255 1808 137 37 tullens
421 1805 260 53 nedsättning,
711 1806 91 40 eller
830 1815 56 31 att
914 1808 219 52 Riksdagen
1161 1812 12 36 i
1193 1813 199 37 skrifvelse
1412 1814 58 36 till
1490 1815 138 49 Kongl.
1650 1816 107 49 Maj:t

166 1858 168 38 anhåller
358 1873 61 23 om
439 1853 219 56 utredning,
679 1860 185 38 huruvida
884 1861 83 38 icke
987 1863 160 37 hindren
1167 1864 60 36 för
1246 1865 239 49 majstullens
1506 1867 249 49 borttagande

166 1910 119 37 skulle
323 1911 131 38 kunna
491 1912 257 49 undanrödjas
785 1927 142 35 genom
963 1915 142 36 ändrad
1133 1915 247 51 lagstiftning
1408 1918 61 36 för
1496 1919 258 37 bränvinstill-

164 1962 253 50 verkningen,
457 1967 40 33 så
533 1964 124 37 finner
680 1965 71 49 jag
778 1966 79 48 mig
884 1966 212 37 föranlåten
1126 1972 68 43 att,
1225 1969 84 36 med
1337 1970 175 48 yrkande
1541 1984 59 23 om
1631 1972 125 49 afslag

165 2016 20 33 å
213 2015 206 37 utskottets
448 2015 228 37 hemställan
706 2016 69 36 och
804 2017 108 36 bifall
940 2017 58 36 till
1026 2018 86 37 herr
1140 2019 208 38 Erikssons
1372 2022 155 47 motion,
1557 2023 150 46 föreslå,

690 2107 56 31 att
774 2102 221 50 Riksdagen
1026 2104 85 36 ville
1135 2104 149 37 besluta
1308 2106 252 48 borttagande
1581 2107 41 36 af
1637 2107 115 37 tullen

560 2156 48 45 på
638 2153 148 37 omalen
814 2154 136 49 majs»;

291 2237 42 36 af
357 2236 87 37 herr
471 2240 140 35 Brodin
641 2253 79 23 som
751 2241 141 36 anfört:
1679 2276 6 12 :

292 2288 100 36 »Allt
420 2290 117 36 sedan
564 2290 67 37 här
659 2291 11 36 i
698 2291 127 37 landet
838 2292 66 36 tull
929 2295 141 34 åsattes
1091 2294 96 47 majs
1208 2293 68 36 och
1297 2295 259 49 synnerligast
1576 2296 95 36 ofter
1690 2296 63 36 det

163 2339 218 38 densamma
422 2344 41 33 år
494 2344 94 34 1895
619 2343 134 49 höjdes
781 2344 57 36 till
872 2345 217 36 nuvarande
1118 2345 150 49 belopp,
1297 2346 68 36 har
1394 2347 145 48 frågan,
1569 2347 183 37 huruvida
