1882 2838
436 179 395 36 Bevillningsutskottets
852 178 218 31 betänkande
1089 178 49 31 Nr
1166 179 49 29 28.
1541 172 40 31 89

205 264 142 37 (Kungl.
373 263 119 37 Maj:ts
515 262 158 39 förslag.)
1015 262 208 35 (Utskottets
1244 261 159 39 förslag.)

69 323 111 30 relsen
198 323 164 30 ävensom
383 321 214 38 polischefen
616 323 11 30 i
645 324 99 28 orten
763 320 37 32 så
819 321 65 30 ock
906 320 340 31 kommunalnämnd
1267 320 54 30 för
1340 319 82 31 visst
1442 319 136 31 tillfälle

71 373 166 38 förbjuda
259 372 251 38 försäljningen
532 373 82 30 eller
635 372 194 31 föreskriva
853 371 225 37 erforderliga
1101 370 294 38 inskränkningar
1418 370 79 31 med
1521 379 57 21 av-

71 426 124 30 seende
215 423 21 33 å
257 425 214 30 densamma.

776 501 40 30 22
841 500 29 37 8.

115 578 52 31 Då
190 578 77 37 krig
290 578 81 30 eller
392 577 199 31 omedelbar
615 576 173 37 krigsfara
811 575 100 32 råder
936 575 38 32 så
999 576 64 30 ock
1088 574 45 32 då
1156 576 227 30 arbetslöshet
1406 576 80 30 eller
1511 575 69 31 nöd

71 629 8 30 i
103 630 109 30 större
232 628 209 37 omfattning
461 627 192 37 föreligger,
674 626 59 32 må
756 627 203 36 Konungen,
980 627 63 30 där
1064 625 37 32 så
1125 628 124 36 prövas
1271 626 128 36 nödigt,
1421 626 159 30 meddela

69 679 129 31 förbud
215 682 73 28 mot
306 679 211 31 bedrivande
533 688 43 21 av
593 677 238 37 detaljhandel
847 678 82 30 eller
944 677 194 31 föreskriva
1156 676 224 37 erforderliga
1396 676 182 31 inskränk-

71 730 123 37 ningar
216 730 86 30 däri.
346 730 15 30 I
381 729 63 31 fall
466 738 120 21 varom
610 738 47 21 nu
681 729 39 30 är
741 731 73 33 sagt
836 726 59 32 må
913 728 65 30 ock
1001 726 124 32 sådant
1145 726 246 37 förordnande,
1415 728 85 29 även
1522 735 58 22 om

70 781 56 30 det
154 780 32 37 ej
213 781 71 30 kan
308 789 99 22 anses
437 779 217 37 erforderligt
679 778 56 31 för
759 778 209 37 ordningens
992 776 317 39 upprätthållande,
1337 778 175 30 meddelas
1537 787 43 21 av

71 832 254 36 länsstyrelsen,
350 831 63 30 där
438 830 192 37 Konungen
655 830 57 30 det
736 829 174 37 medgivit.

760 998 19 29 4
802 997 97 30 KAP.

642 1105 67 31 Om
734 1106 278 39 utminutering.

789 1193 70 36 18.

117 1270 255 37 Utminutering
401 1279 43 22 av
468 1270 208 36 rusdrycker
701 1268 58 31 må
787 1270 63 35 äga
876 1278 79 21 rum
980 1269 146 30 allenast
1152 1268 51 30 till
1229 1268 66 30 den
1321 1268 115 30 vilken
1461 1277 42 21 av
1528 1276 52 28 sy-

71 1321 225 36 stembolaget
319 1320 10 31 i
351 1321 56 30 det
429 1318 399 38 detaljhandelsområde
851 1329 74 21 som
948 1318 166 32 omfattar
1138 1319 88 30 hans
1250 1317 330 38 kyrkobokförings-

71 1375 53 27 ort
147 1370 293 37 (hemortsbolag)
465 1370 136 31 erhållit
623 1369 156 32 tillstånd
801 1373 49 27 att
876 1370 129 37 inköpa
1029 1368 131 32 sådana
1185 1369 156 37 drycker.

117 1422 67 30 För
204 1422 67 30 den
287 1430 74 21 som
383 1421 31 37 ej
436 1422 38 29 är
493 1420 267 37 kyrkobokförd
782 1420 95 30 inom
897 1420 88 30 riket
1006 1420 38 29 är
1064 1419 265 37 systembolaget
1350 1418 9 30 i
1381 1418 201 31 Stockholm

71 1475 49 28 att
141 1482 83 21 anse
245 1471 114 31 såsom
381 1472 267 36 hemortsbolag.

412 1556 73 36 28.
1179 1554 72 37 28.

119 1614 171 31 Tillstånd
309 1617 49 28 att
375 1615 129 36 inköpa
523 1614 209 37 rusdrycker
751 1612 57 32 må
893 1612 169 32 Tillstånd
1082 1616 49 27 att
1149 1613 129 37 inköpa
1296 1612 208 36 rusdrycker
1523 1609 58 32 må

74 1666 77 30 icke
169 1666 176 30 meddelas
364 1666 66 30 den
450 1675 74 20 som
542 1665 32 37 ej
596 1664 79 38 fyllt
696 1665 113 36 tjugu-
849 1664 75 31 icke
944 1664 176 30 meddelas
1139 1664 68 30 den
1226 1673 74 21 som
1319 1662 33 37 ej
1370 1663 79 36 fyllt
1469 1663 112 36 tjugu-

74 1716 71 38 fem
171 1716 53 37 år;
249 1716 89 30 dock
363 1716 68 37 må,
458 1725 55 21 om
538 1715 173 31 särskilda
734 1715 76 30 skäl
848 1718 48 27 ett
915 1714 47 32 år.

74 1766 116 30 därtill
205 1768 71 36 äro,
288 1766 154 31 tillstånd
457 1766 176 31 meddelas
650 1766 67 30 den
734 1774 74 22 som

73 1817 80 38 fullt
175 1818 147 36 tjuguett
344 1817 39 30 år
406 1826 78 21 men
509 1818 32 36 ej
564 1817 173 38 tjugufem
760 1816 47 31 år.

795 1909 71 35 38.

118 1984 75 30 Kan
215 1984 56 30 det
293 1993 41 21 av
356 1983 147 31 särskild
524 1983 187 37 anledning
733 1983 149 35 befaras,
906 1985 49 27 att
976 1982 106 37 inköp
1105 1991 43 21 av
1171 1981 207 37 rusdrycker
1399 1981 87 29 skall
1511 1980 71 30 län-

73 2035 44 31 da
143 2035 52 30 till
220 2035 109 30 skada
354 2034 56 31 för
435 2035 154 36 köparen
614 2035 82 30 eller
721 2043 128 27 annan,
874 2033 58 31 må
956 2033 107 36 inköp
1087 2032 32 37 ej
1144 2032 176 37 medgivas
1346 2032 81 31 eller
1449 2031 64 31 ock
1540 2030 42 31 de

72 2085 295 37 inskränkningar
390 2085 10 30 i
424 2085 150 37 inköpen
598 2085 138 37 stadgas
759 2084 92 31 vilka
876 2084 117 30 finnas
1017 2083 193 37 påkallade.

118 2136 174 36 Prövning
319 2135 173 31 huruvida
523 2135 95 37 dylik
648 2134 121 37 åtgärd
797 2135 63 30 bör
887 2134 172 36 företagas
1088 2135 88 29 skall
1207 2133 138 31 särskilt
1373 2134 63 35 äga
1466 2142 77 21 rum
1572 2132 9 30 i

72 2185 99 37 fråga
193 2195 71 21 om:

117 2237 66 29 den
204 2245 75 21 som
301 2236 88 30 varit
408 2234 146 32 föremål
578 2235 55 30 för
653 2235 121 37 åtgärd
795 2235 104 36 enligt
919 2235 302 36 alkoholistlagen;

118 2285 66 30 den
208 2295 73 20 som
303 2284 140 31 vårdats
467 2285 54 30 för
543 2284 160 31 delirium
726 2288 149 26 tremens
898 2285 80 29 eller
1000 2293 117 21 annan
1143 2283 162 37 sjukdom
1329 2292 73 21 som
1426 2282 155 37 uppstått

73 2345 124 28 genom
221 2336 89 30 bruk
335 2346 43 20 av
402 2336 274 36 alkoholhaltiga
700 2336 160 36 drycker;

118 2387 66 30 den
209 2396 74 21 som
307 2385 90 37 gjort
421 2386 49 36 sig
497 2385 135 37 skyldig
656 2386 49 29 till
732 2385 227 36 straffbelagd
982 2385 167 35 handling
1175 2385 65 30 och
1265 2384 122 30 därvid
1413 2384 87 30 varit
1524 2382 58 38 på-

72 2436 130 31 verkad
224 2444 43 22 av
287 2435 271 37 alkoholhaltiga
579 2435 148 37 drycker
747 2435 80 30 eller
847 2444 75 21 som
943 2434 97 37 eljest
1060 2434 88 30 varit
1171 2434 193 30 överlastad
1385 2442 41 21 av
1449 2432 130 31 sådana

72 2488 161 37 drycker;
