1886 2826
297 172 18 30 2
646 178 393 38 Bevillningsutskottets
1064 179 219 32 betänkande
1307 180 50 33 Nr
1376 181 50 30 28.

346 261 20 30 2
390 270 105 22 mom.
536 256 152 37 Ämbets-
714 263 83 30 eller
818 261 210 38 tjänsteman
1050 281 44 4 —
1113 281 45 4 —
1177 281 46 5 —
1243 266 68 29 rätt
1328 264 51 31 till
1404 265 95 36 dylik
1520 265 221 38 tillverkning
1764 267 45 30 än

302 312 277 37 centralbolaget.

347 362 21 30 3
384 372 105 21 mom.
515 362 84 38 Den,
618 373 74 21 som
709 363 31 38 ej
756 364 69 31 kan
843 373 81 22 vara
942 365 294 37 styrelseledamot
1253 366 10 30 i
1281 367 112 36 bolag,
1415 375 75 22 som
1509 367 9 30 i
1540 367 14 30 I
1574 376 104 21 mom.
1700 377 107 26 avses,

303 412 56 31 må
381 413 31 37 ej
432 413 141 31 bedriva
591 414 237 37 utskänkning
850 415 65 30 och
937 416 31 37 ej
992 415 106 31 heller
1115 425 84 21 vara
1222 417 295 36 styrelseledamot
1539 417 10 30 i
1574 417 132 38 företag
1730 419 79 30 med

303 462 246 39 huvudsakligt
578 464 88 37 syfte
693 468 49 29 att
769 465 141 31 bedriva
937 466 247 37 utskänkning,
1215 476 76 21 som
1317 476 48 22 nu
1392 470 101 34 sagts.

345 514 21 29 4
387 523 104 22 mom.
521 515 361 37 »Kontrollstyrelsen»
911 517 136 36 utbytes
1072 520 72 28 mot
1174 517 295 38 »länsstyrelsen>.

984 635 19 29 2
1029 633 96 31 KAP.

1020 719 14 29 1
1062 718 29 38 8.

346 781 226 32 Partihandel
595 783 98 31 inom
718 783 92 31 riket
833 784 80 31 med
936 784 212 37 rusdrycker
1171 784 69 38 må,
1266 786 63 30 där
1354 785 99 38 fråga
1475 785 31 38 ej
1531 787 39 30 är
1591 796 57 21 om
1670 787 136 38 försälj-

301 832 91 38 ning,
409 842 76 22 som
504 834 11 30 i
534 834 19 30 6
573 833 18 38 $
613 835 87 36 sägs,
717 834 159 31 bedrivas
891 835 145 32 allenast
1055 845 42 21 av
1116 839 47 28 ett
1183 836 56 31 för
1254 836 198 32 ändamålet
1471 837 110 31 bildat
1600 838 206 38 aktiebolag,

301 892 75 22 som
396 893 43 21 av
462 883 191 38 Konungen
675 884 138 33 erhållit
835 885 154 32 tillstånd
1013 886 50 31 till
1089 885 109 32 sådan
1221 887 128 31 handel
1371 887 281 38 (centralbolag).

345 932 220 40 Försäljning
588 935 54 30 för
662 940 123 32 export
805 936 56 31 må
882 936 158 32 bedrivas
1057 937 145 31 allenast
1223 947 43 21 av
1286 938 269 37 centralbolaget
1575 942 90 28 samt
1681 940 126 31 tillver-

301 984 92 37 kare,
410 994 74 22 som
502 995 98 22 avses
616 986 11 30 i
643 986 20 31 6
681 986 31 37 8.

889 1072 30 36 2,
939 1072 31 36 3,
991 1072 19 30 5
1029 1072 65 31 och
1115 1072 19 31 6
1155 1072 53 38 88.

348 1127 415 39 »Partihandelsbolaget>
793 1130 126 31 ändras
940 1130 52 31 till
1021 1131 317 37 »centralbolaget»>.

1017 1216 17 29 7
1061 1214 29 38 8.

344 1260 115 38 Utgår.

1015 1349 20 30 9
1060 1349 29 37 8.

343 1404 68 31 För
426 1405 84 31 visst
527 1405 72 37 fall,
616 1404 115 32 såsom
747 1405 45 32 då
810 1405 98 38 fråga
926 1408 38 30 är
982 1416 57 21 om
1057 1407 209 39 försäljning
1281 1408 56 31 för
1354 1409 202 31 konkursbo
1573 1410 81 31 eller
1671 1410 133 31 dödsbo

298 1455 81 31 eller
401 1456 65 30 där
493 1456 169 31 särskilda
682 1457 293 36 omständigheter
1000 1457 97 37 eljest
1122 1458 176 38 föreligga,
1327 1459 56 32 må
1408 1463 85 28 utan
1518 1460 124 32 hinder
1668 1470 43 22 av
1736 1462 69 30 vad

298 1505 8 30 i
333 1505 114 32 denna
473 1505 204 40 förordning
704 1507 138 37 stadgas
867 1508 209 37 rusdrycker
1102 1507 163 38 försäljas
1292 1510 50 31 till
1370 1511 268 37 centralbolaget
1665 1511 140 38 jämlikt

298 1556 41 32 de
360 1556 227 38 föreskrifter,
610 1566 73 22 som
707 1558 189 31 meddelats
918 1567 43 22 av
985 1559 336 38 Kontrollstyrelsen.

1005 1644 39 29 10
1070 1644 28 37 3.

343 1700 16 29 1
380 1709 105 22 mom.
527 1700 219 38 Rusdrycker
766 1700 56 32 må
835 1701 50 30 till
904 1701 88 32 riket
1010 1701 131 32 införas
1161 1703 87 32 blott
1268 1713 42 21 av
1330 1705 277 37 centralbolaget.

975 1820 20 30 3
1021 1820 95 30 KAP.

1015 1887 71 38 18.

340 1933 114 37 Utgår.

1011 2022 74 37 28.

339 2077 78 32 Rätt
443 2077 51 32 till
522 2078 248 38 utminutering
798 2080 210 31 tillkommer
1034 2081 144 31 allenast
1209 2083 277 37 centralbolaget.

1010 2165 20 30 3
1055 2165 29 37 8.

338 2219 254 39 Utminutering
611 2239 45 4 —
675 2239 45 4 —
740 2238 45 4 —
805 2221 173 31 invånare.

338 2269 273 40 Centralbolaget
626 2273 89 36 äger,
737 2273 79 31 med
835 2274 221 36 iakttagande
1078 2284 42 21 av
1140 2275 263 32 föreskrifterna
1423 2277 9 30 i
1453 2276 109 32 första
1578 2278 142 37 stycket,
1742 2279 56 31 be-

292 2321 89 31 sluta
400 2322 177 38 angående
600 2323 430 38 utminuteringsställenas
1056 2326 93 29 antal
1173 2326 66 30 och
1263 2326 227 38 förläggning.

1008 2409 19 30 4
1053 2409 29 37 8.

335 2462 273 41 Centralbolaget
627 2465 56 32 må
707 2483 45 5 —
773 2484 44 4 —
836 2484 44 4 —
901 2466 257 38 utminutering.
