1880 2826
294 168 58 30 124
456 174 392 37 Bevillningsutskottets
873 175 218 32 betänkande
1115 177 49 31 Nr
1189 179 49 29 28.
1283 177 334 32 Reservationer.

294 258 154 30 naderna
473 257 53 32 för
548 268 41 21 en
612 267 82 28 gren
718 268 41 21 av
781 261 151 30 rörelsen
955 261 36 30 få
1011 262 131 31 belasta
1166 272 43 21 en
1231 272 116 22 annan
1372 273 92 27 gren.
1512 265 13 30 1
1551 265 108 37 själva
1683 267 116 31 verket

296 308 108 30 skulle
424 308 42 31 de
484 310 121 35 gäster,
625 319 73 21 som
718 310 75 30 icke
811 310 129 31 förtära
962 312 85 36 sprit
1067 313 81 30 eller
1166 313 67 37 vin,
1253 314 36 30 få
1309 314 105 31 delvis
1434 315 113 31 betala
1566 316 232 31 kostnaderna

295 357 53 31 för
365 359 279 37 utskänkningen
661 360 51 30 till
730 361 116 36 övriga
864 362 122 36 gäster.

338 409 48 29 Av
408 409 56 31 det
485 409 264 38 siffermaterial,
771 421 75 21 som
869 411 80 32 stått
969 413 53 30 till
1042 414 181 31 utskottets
1244 415 215 37 förfogande,
1482 416 64 30 har
1568 416 105 31 också
1693 417 104 31 fram-

294 458 80 36 gått,
405 461 49 28 att
486 459 222 37 möjligheten
735 461 50 31 till
815 462 265 37 kompensation
1110 473 42 21 av
1181 465 390 37 utskänkningsvinsten
1601 475 124 29 genom
1754 478 44 21 en

294 508 190 32 förändrad
506 510 223 38 prissättning
752 521 41 21 av
818 516 115 28 maten
957 513 109 31 måste
1088 514 174 32 betraktas
1287 516 111 31 såsom
1424 517 53 32 för
1502 517 145 32 flertalet
1669 522 127 27 restau-

293 568 122 28 ranger
441 561 179 30 utesluten.
670 562 49 30 Av
744 566 304 34 restaurangernas
1074 565 126 32 rörelse
1227 568 99 35 utgör
1353 567 250 38 försäljningen
1629 579 43 21 av
1698 570 99 36 sprit-

294 609 146 37 drycker
458 611 65 30 och
546 612 153 31 starkare
720 613 95 30 viner
834 623 55 21 c:a
909 611 42 33 !/3
971 624 41 21 av
1032 616 65 29 den
1118 617 106 30 totala
1243 617 268 37 omsättningen,
1531 620 65 29 och
1618 619 44 31 då
1681 620 117 37 Övriga

293 668 122 28 grenar
440 670 43 21 av
509 662 149 31 rörelsen
682 663 206 37 näppeligen
915 664 71 31 tåla
1012 665 113 37 någon
1152 667 93 31 ökad
1270 667 194 38 belastning
1490 669 10 29 i
1527 669 271 36 prishänseende

292 710 51 30 lär
367 720 42 21 en
432 712 411 38 kostnadsöverflyttning
866 715 75 30 icke
965 716 118 30 kunna
1107 717 154 37 vidtagas
1284 720 84 28 utan
1391 720 149 35 menliga
1564 719 231 32 återverknin-

292 768 60 29 gar
381 761 46 36 på
458 762 284 32 besöksfrekvens
771 766 64 29 och
863 766 222 37 omsättning.
1137 767 54 31 En
1220 768 205 38 indragning
1457 779 41 21 av
1529 771 266 37 utskänknings-

293 811 133 31 vinsten
443 811 54 31 för
515 814 97 29 dessa
628 816 256 36 restaurangers
902 816 270 33 vidkommande
1190 818 108 31 måste
1315 819 118 31 därför
1452 820 142 31 komma
1611 824 49 28 att
1677 824 119 34 utgöra

293 864 45 28 ett
364 862 124 31 hinder
516 863 52 31 för
596 866 383 36 restaurangväsendets
1008 867 158 32 fortsatta
1195 869 205 37 utveckling,
1428 870 71 31 lika
1527 871 190 37 betänkligt
1743 872 55 31 för

292 912 66 31 den
378 914 201 30 nuvarande
600 917 430 35 restaurangstandardens
1053 919 305 35 upprätthållande
1382 930 75 20 som
1478 921 54 31 för
1551 922 68 30 den
1641 922 74 30 däri
1737 932 59 20 an-

292 963 123 30 ställda
440 965 222 35 personalens
686 966 167 37 befogade
877 967 85 30 krav
988 968 45 36 på
1056 972 99 33 trygg
1180 971 65 29 och
1272 971 109 36 skälig
1409 972 164 30 utkomst.
1621 972 41 37 Ej
1691 973 106 30 heller

290 1014 96 29 torde
416 1014 120 31 kunna
568 1015 185 37 förväntas,
785 1020 49 27 att
867 1017 98 32 dessa
997 1018 134 32 mindre
1162 1021 195 30 önskvärda
1391 1022 255 31 konsekvenser
1677 1024 119 29 kunna

292 1063 142 31 mildras
474 1065 200 36 därigenom
716 1070 49 28 att
804 1067 251 38 indragningen
1098 1069 169 38 företages
1311 1072 108 30 under
1461 1083 42 20 en
1545 1073 117 36 längre
1701 1075 94 29 Ööver-

289 1113 168 37 gångstid.
503 1115 117 31 Redan
645 1118 79 30 med
748 1117 144 32 beslutet
914 1128 58 21 om
996 1119 335 39 vinstavvecklingen
1353 1122 212 31 tillkommer
1588 1127 47 27 ett
1656 1125 139 29 osäker-

291 1164 241 37 hetsmoment,
556 1176 73 21 som
653 1167 109 31 måste
786 1169 104 30 verka
912 1170 154 30 oroande
1088 1172 65 29 och
1180 1171 178 31 föranleda
1383 1173 67 30 alla
1475 1173 10 30 i
1508 1174 167 36 näringen
1700 1174 94 31 arbe-

291 1215 103 30 tande
410 1215 83 31 eller
510 1216 226 32 intresserade
756 1222 58 33 att,
836 1218 36 31 så
892 1220 62 30 vitt
973 1220 143 37 möjligt,
1137 1221 203 32 säkerställa
1358 1222 50 37 sig
1429 1227 72 27 mot
1520 1234 42 20 en
1581 1224 89 30 oviss
1689 1224 106 31 fram-

290 1265 50 31 tid
364 1267 79 29 med
470 1267 162 31 befarade
660 1268 162 31 förluster
845 1278 42 21 av
913 1270 92 30 olika
1032 1270 81 37 slag,
1141 1271 181 32 minskade
1348 1273 191 31 inkomster
1566 1275 65 30 och
1658 1275 137 30 svårare

291 1316 480 37 anställningsförhållanden.
823 1320 124 30 Därtill
975 1321 158 31 kommer
1160 1325 49 27 att
1236 1324 373 36 restaurangnäringen
1636 1326 80 29 med
1743 1325 51 31 sin

290 1366 412 38 konjunkturkänslighet
723 1370 67 29 och
816 1369 74 31 sina
914 1370 91 37 höga
1028 1370 89 32 fasta
1141 1372 187 31 kostnader
1350 1374 58 30 vid
1433 1377 47 28 ett
1504 1374 289 37 konjunkturom-

290 1416 71 37 slag
383 1417 97 30 alltid
501 1418 63 30 har
587 1421 48 30 att
655 1419 128 36 kämpa
805 1421 78 30 med
905 1421 194 37 betydande
1121 1422 217 37 svårigheter.

334 1492 121 31 Såsom
481 1503 89 21 ovan
595 1498 138 33 antytts,
757 1495 97 31 finna
877 1496 31 31 vi
933 1497 41 31 de
999 1507 42 21 av
1064 1498 192 32 revisionen
1281 1499 193 32 framförda
1499 1501 217 37 riktlinjerna
1741 1501 53 32 för

289 1552 42 21 en
358 1543 220 38 omläggning
604 1554 41 21 av
672 1546 423 38 vinstkvantitetsystemet
1119 1549 167 31 innebära
1311 1560 44 20 en
1383 1550 144 38 avgjord
1554 1551 204 38 förbättring
1782 1552 11 30 i

290 1592 216 33 förhållande
524 1595 49 30 till
591 1605 47 21 nu
656 1596 159 36 gällande
833 1597 156 37 ordning.
1034 1598 115 32 Under
1167 1600 66 30 den
1251 1600 222 39 behandling,
1493 1610 75 21 som
1586 1601 209 31 hithörande

290 1644 169 35 spörsmål
484 1646 119 35 ägnats
629 1645 85 32 efter
737 1647 55 30 det
816 1650 49 28 att
887 1648 194 31 revisionen
1104 1658 107 28 avgav
1236 1650 57 30 sitt
1317 1651 230 37 betänkande,
1574 1652 45 30 ha
1640 1653 152 30 emeller-

288 1693 49 31 tid
359 1693 178 32 framförts
561 1695 171 38 åtskilliga
754 1698 189 36 synpukter
964 1698 46 36 på
1032 1698 121 38 frågan
1176 1709 57 21 om
1257 1703 9 28 i
1290 1701 92 31 vilka
1404 1701 131 31 former
1557 1703 64 30 och
1643 1702 12 31 i
1679 1703 114 31 vilken

288 1745 238 37 utsträckning
544 1748 386 37 restaurangnäringens
951 1749 211 37 berättigade
1181 1750 85 31 krav
1287 1751 45 36 på
1352 1754 48 28 att
1423 1751 135 38 åtnjuta
1579 1753 108 37 skälig
1709 1753 83 30 han-

289 1795 162 31 delsvinst
469 1796 57 31 vid
542 1798 235 37 utskänkning
792 1808 42 20 av
852 1799 234 37 spritdrycker
1101 1801 65 30 och
1183 1802 58 29 vin
1258 1802 95 30 skola
1370 1803 120 30 kunna
1504 1802 206 37 tillgodoses.
1729 1804 63 30 Det

289 1847 107 29 under
413 1847 406 38 utskottsbehandlingen
837 1849 223 32 framkomna
1078 1851 189 31 materialet
1286 1852 53 31 för
1356 1853 186 36 belysande
1560 1863 42 20 av
1622 1854 66 30 den
1705 1854 86 31 före-

288 1896 119 37 slagna
437 1897 359 38 vinstindragningens
827 1899 170 32 innebörd
1030 1901 66 30 och
1127 1902 207 37 verkningar
1364 1903 64 31 har
1459 1903 195 37 vyvtterligare
1687 1903 104 32 fram-

287 1947 82 30 hävt
394 1947 139 37 frågans
559 1948 255 37 komplicerade
837 1953 104 28 natur
966 1951 65 30 och
1059 1952 40 30 de
1125 1951 255 32 konsekvenser
1405 1954 10 29 i
1441 1954 94 30 olika
1561 1955 230 34 hänseenden,

288 2006 73 21 som
392 1997 180 37 förslagets
602 1999 269 36 genomförande
905 2001 110 31 skulle
1048 2002 176 31 innebära.
1270 2002 143 32 Tanken
1446 2004 45 36 på
1524 2007 48 27 att
1603 2005 188 36 ersättning

286 2047 10 30 i
335 2047 115 37 någon
491 2048 90 31 form
625 2050 109 31 skulle
775 2051 118 30 kunna
936 2052 82 36 utgå
1059 2053 50 29 till
1131 2055 295 29 restauratörerna
1470 2054 54 31 för
1569 2055 41 30 de
1654 2064 41 21 av
1739 2058 50 27 ut-

286 2098 241 37 skänkningen
545 2100 203 31 föranledda
766 2102 234 30 kostnaderna
1021 2111 99 28 synes
1140 2103 76 31 icke
1237 2103 105 31 heller
1362 2104 119 37 längre
1501 2106 95 29 möta
1616 2105 174 31 motstånd

285 2147 77 32 från
397 2149 344 39 avvecklingslinjens
777 2151 217 37 principiella
1030 2153 207 36 anhängare.
1285 2154 116 31 Under
1436 2155 130 31 sådana
1602 2155 186 31 förhållan-

286 2199 64 29 den
374 2199 98 31 finna
497 2200 32 31 vi
556 2201 115 30 starka
697 2202 130 36 sakliga
852 2203 73 30 skäl
952 2203 69 30 tala
1046 2203 53 31 för
1124 2207 48 28 att
1196 2204 122 37 frågan
1342 2214 56 21 om
1423 2205 366 38 vinstkvantitetsyste-

285 2252 85 28 mets
387 2249 164 32 framtida
569 2252 204 36 gestaltning
792 2252 75 30 icke
881 2263 48 21 nu
946 2255 140 35 avgöres
1104 2257 84 28 utan
1206 2258 47 27 att
1271 2255 202 31 densamma
1491 2256 66 30 blir
1575 2256 144 31 föremål
1736 2257 54 31 för

285 2300 194 37 ytterligare
507 2302 182 37 utredning
714 2310 124 29 genom
867 2302 123 38 Kungl.
1018 2299 118 41 Maj:ts
1164 2304 134 38 försorg
1324 2307 79 29 med
1429 2306 194 33 beaktande
1650 2317 43 20 av
1722 2307 66 31 alla

285 2350 41 30 de
355 2352 224 36 synpunkter,
609 2362 74 21 som
713 2353 9 30 i
753 2353 145 37 avgivna
928 2354 183 36 yttranden
1140 2356 66 30 och
1235 2357 109 29 under
1372 2356 417 38 riksdagsbehandlingen

285 2400 249 33 framkommit.
575 2402 39 30 Vi
633 2403 83 37 vilja
735 2403 137 31 särskilt
890 2404 230 38 understryka
1138 2405 116 32 vikten
1271 2416 41 21 av
1333 2409 48 28 att
1401 2407 66 31 den
1485 2407 145 37 lösning,
1652 2417 74 21 som
1744 2407 45 37 på

284 2452 168 35 grundval
474 2462 42 20 av
537 2462 40 21 en
599 2452 106 32 sådan
728 2454 182 37 utredning
931 2454 69 31 kan
1021 2455 109 37 ernås,
1151 2456 63 30 bör
1232 2456 91 31 bliva
1345 2456 167 32 definitiv.
1546 2457 100 31 Såväl
1667 2467 41 20 ur
1728 2458 59 29 all-

284 2502 126 30 männa
439 2503 215 37 synpunkter
680 2513 74 21 som
781 2505 77 30 med
885 2505 136 37 hänsyn
1049 2506 51 31 till
1127 2507 66 30 den
1221 2507 105 30 därav
1356 2507 146 31 berörda
1527 2506 184 38 näringens
1738 2505 49 32 in-
