1884 2832
452 169 394 37 Bevillningsutskottets
867 167 220 32 betänkande
1105 167 49 31 Nr
1181 167 49 30 28.

204 257 142 37 (Kungl.
368 256 119 36 Maj:ts
509 253 159 39 förslag.)

91 320 73 28 mot
185 319 91 28 utses
297 314 47 38 på
362 314 185 31 enahanda
570 314 68 30 sätt
658 322 43 21 en
721 320 103 29 supp-

92 369 101 30 leant.

138 419 15 30 I
186 418 167 36 styrelsen
385 416 55 38 för
474 413 266 39 systembolaget
772 413 56 37 för

94 468 219 32 Stockholms
339 467 76 31 stad
438 466 64 31 och
527 466 59 30 län
610 464 98 31 skola
732 465 95 29 över-

94 518 333 33 ståthållarämbetet
472 517 65 30 och
584 514 243 38 länsstyrelsen

95 574 73 27 utse
190 569 146 32 vardera
359 578 42 21 en
423 568 152 30 ledamot
595 568 106 36 jämte
724 574 103 28 supp-

95 618 101 45 leant.
783 617 2 2 |

1562 160 39 31 97

1014 250 209 37 (Utskottets
1244 248 159 40 förslag.)

868 311 111 31 tillika
1006 320 83 21 vara
1114 310 67 30 den
1207 319 64 21 ena
1299 308 210 38 ordförande
1537 307 65 31 och

867 361 68 31 den
956 361 111 31 andra
1087 361 71 30 vice
1177 359 221 39 ordförande.
1419 359 67 30 För
1506 358 96 37 varje

868 412 153 31 ledamot
1055 415 92 27 utses
1181 409 46 39 på
1262 410 185 31 enahanda
1467 410 69 30 sätt
1560 418 42 21 en

869 464 193 36 suppleant.

136 671 172 37 Styrelsen
335 669 55 30 för
416 667 233 39 systembolag
675 675 77 21 vars
779 663 398 38 detaljhandelsområde
1204 663 166 30 omfattar
1398 662 203 31 Stockholm

91 723 81 30 eller
190 730 118 22 annan
325 720 77 30 stad
419 729 74 21 som
511 718 30 37 ej
562 718 150 36 deltager
729 717 11 30 i
758 716 174 36 landsting
950 715 89 30 skall
1057 713 97 32 bestå
1172 723 42 21 av
1233 713 195 38 ytterligare
1446 722 43 21 en
1509 712 91 31 leda-

91 776 72 28 mot
182 782 84 26 som,
285 772 108 37 jämte
411 770 184 37 suppleant
614 768 55 30 för
686 769 140 34 honom,
846 769 93 28 utses
958 775 43 21 av
1020 764 314 37 stadsfullmäktige
1353 764 10 30 i
1382 764 66 30 den
1468 763 131 31 staden.

806 852 19 30 5
849 851 29 38 8.

135 908 52 32 Då
205 906 329 33 stiftelseurkunden
551 904 130 37 ingives
697 904 51 30 till
766 901 254 38 länsstyrelsen,
1041 901 88 30 skall
1148 900 57 30 vid
1223 900 204 30 densamma
1446 908 84 21 vara
1548 897 51 31 fo-

98 965 57 34 gat
189 961 129 36 förslag
353 960 50 30 till
436 956 269 38 bolagsordning
738 965 75 21 som
846 954 228 32 underställes
1099 953 244 36 länsstyrelsen
1367 952 55 30 för
1444 952 157 36 godkän-

91 1011 123 30 nande.

138 1061 129 32 Varder
284 1060 31 37 ej
333 1059 21 31 å
370 1057 282 32 konstituerande
669 1055 293 37 bolagsstämman
980 1053 163 36 förslaget
1160 1051 51 31 till
1230 1050 267 38 bolagsordning
1515 1054 84 28 utan

93 1112 146 36 ändring
260 1112 146 35 antaget,
422 1118 81 22 vare
525 1107 124 38 frågan
669 1116 58 21 om
746 1106 152 36 bolagets
918 1104 165 31 bildande
1103 1102 172 32 förfallen.

138 1162 201 36 Ansökning
356 1170 58 21 om
431 1160 151 36 bolagets
600 1156 226 38 registrering,
844 1155 59 31 vid
919 1155 116 30 vilken
1054 1153 195 37 ansökning
1266 1152 89 31 skall
1371 1152 116 31 finnas
1505 1152 95 36 fogat

93 1214 93 32 bevis
200 1223 57 21 om
273 1211 260 37 länsstyrelsens
549 1208 254 38 godkännande
818 1216 42 22 av
874 1204 314 38 bolagsordningen
1203 1205 164 29 ävensom
1382 1202 218 36 förteckning

93 1268 82 29 över
196 1265 79 30 dem
298 1272 76 22 som
395 1260 136 33 erhållit
554 1259 261 38 länsstyrelsens
837 1256 156 32 tillstånd
1015 1258 49 28 att
1086 1264 83 21 vara
1193 1254 205 36 aktieägare,
1424 1252 58 31 må
1500 1254 100 35 göras

94 1327 42 21 av
156 1317 66 30 den
241 1315 152 31 ledamot
413 1322 41 21 av
474 1312 153 36 bolagets
649 1309 141 38 styrelse
810 1318 75 21 som
905 1310 121 28 utsetts
1047 1305 21 32 å
1088 1306 283 36 bolagsstämma;
1394 1304 65 30 och
1480 1302 89 31 skall
1590 1301 10 31 i

95 1367 167 32 avseende
278 1365 20 31 å
314 1366 92 30 detta
423 1363 126 31 ärende
565 1362 68 30 vad
648 1361 11 30 i
670 1362 100 35 lagen
787 1369 58 21 om
862 1357 195 36 aktiebolag
1074 1358 38 29 är
1128 1356 134 36 stadgat
1277 1364 58 21 om
1353 1354 166 37 styrelsen
1535 1352 65 31 och

95 1417 377 39 styrelseledamöterna
490 1413 90 37 gälla
598 1412 67 31 den
684 1421 41 21 av
743 1412 174 29 stämman
936 1408 102 31 valda
1057 1407 204 31 ledamoten.

140 1469 112 31 Sedan
275 1466 117 36 övriga
413 1463 332 39 styrelseledamöter
767 1461 65 30 och
854 1459 222 37 suppleanter
1096 1459 120 28 utsetts
1238 1457 89 29 samt
1349 1454 112 30 beslut
1482 1454 119 30 fattats

95 1519 148 32 rörande
264 1516 250 37 befogenheten
534 1517 49 28 att
603 1514 123 30 teckna
747 1511 151 36 bolagets
920 1509 115 35 firma,
1057 1506 89 32 skall
1166 1506 166 37 styrelsen
1353 1502 248 38 ofördröjligen

96 1573 82 35 göra
197 1569 164 32 anmälan
379 1567 123 30 härom
521 1565 56 30 för
594 1562 227 38 registrering.

809 1646 20 30 6
854 1645 29 38 8.

141 1704 253 39 Systembolags
416 1698 256 38 räkenskapsår
696 1696 87 32 skall
805 1705 82 21 vara
909 1688 216 47 kalenderår.

141 1758 49 29 Av
216 1753 247 39 systembolags
489 1749 283 37 utdelningsbara
792 1746 149 31 årsvinst
965 1743 59 31 må
1047 1743 52 31 till
1124 1741 195 36 aktieägare
1344 1738 133 31 utdelas
1504 1738 99 35 högst

98 1808 70 31 fem
184 1808 140 37 procent
340 1804 20 31 å
377 1802 262 37 aktiebeloppet.

143 1859 125 30 Utöver
288 1856 68 30 vad
376 1854 11 30 i
407 1855 99 35 lagen
526 1862 59 20 om
607 1849 193 36 aktiebolag
822 1849 38 29 är
883 1844 204 33 föreskrivet
1108 1853 58 21 om
1188 1840 194 36 avsättning
1403 1839 52 30 till
1475 1846 129 22 reserv-

104 1910 85 32 fond
210 1910 88 30 skall
321 1906 194 35 avsättning
539 1905 51 29 till
612 1903 123 30 fonder
752 1901 66 30 och
841 1897 264 36 avskrivningar
1127 1895 172 35 företagas
1322 1892 10 30 i
1356 1891 149 36 enlighet
1526 1888 79 31 med

98 1956 335 38 kontrollstyrelsens
453 1952 226 32 föreskrifter.

144 2008 254 39 Systembolags
426 2004 149 31 årsvinst
603 2002 97 35 skall,
728 2001 11 29 i
766 2000 67 30 den

100 2060 82 32 mån
201 2061 203 29 densamma
421 2056 31 37 ej
475 2054 89 31 skall
583 2052 178 32 användas
782 2050 51 30 till

101 2111 194 35 avsättning
314 2109 51 30 till
383 2105 247 33 reservfonden
648 2104 81 29 eller
749 2101 84 30 and-

101 2173 38 20 ra
157 2161 133 36 fonder,
309 2159 52 31 till
378 2156 264 35 avskrivningar
659 2154 10 30 i
684 2152 150 36 enlighet

102 2213 78 30 med
214 2211 66 30 vad
317 2210 10 30 i
360 2205 288 37 nästföregående
682 2205 153 28 moment

103 2264 75 35 sägs
201 2262 82 29 eller
307 2260 51 30 till
383 2257 179 35 utdelning
585 2255 34 30 åt
646 2254 188 34 aktieägar-

104 2323 55 25 na,
190 2312 195 30 tillkomma
416 2307 205 31 statsverket
652 2305 64 29 och
748 2302 88 30 skall

104 2365 94 28 inom
225 2360 172 37 utgången
423 2368 41 20 av
490 2357 75 36 juni
591 2353 129 32 månad
744 2353 91 29 näst-

104 2412 202 39 påföljande
335 2409 38 31 år
400 2409 143 30 insättas
571 2405 20 31 å
618 2404 218 31 statsverkets

105 2461 257 35 checkräkning
390 2460 9 29 i
428 2457 213 32 riksbanken
670 2455 55 29 för
752 2454 84 29 kon-

106 2513 264 37 trollstyrelsens
389 2509 157 35 räkning.

140 2574 109 28 Bihang
269 2570 41 26 till
331 2568 165 30 riksdagens
517 2562 145 34 protokoll
685 2561 73 26 1937.
795 2559 15 24 7
828 2556 75 25 saml.
941 2555 38 24 Nr
997 2554 39 25 28.

919 1995 255 39 Systembolags
1200 1992 150 31 årsvinst
1375 1989 100 35 skall,
1502 1988 11 30 i
1540 1988 68 30 den

874 2047 83 32 mån
977 2047 203 30 densamma
1197 2043 33 37 ej
1251 2042 89 31 skall
1359 2039 178 32 användas
1558 2037 50 31 till

875 2097 196 36 avsättning
1090 2096 51 30 till
1159 2092 246 32 reservfonden
1422 2091 82 30 eller
1524 2088 83 31 and-

875 2159 38 21 ra
940 2148 134 35 fonder,
1102 2146 51 30 till
1178 2142 263 36 avskrivningar
1467 2141 10 29 i
1503 2139 105 36 enlig-

875 2201 58 29 het
956 2198 80 30 med
1061 2197 66 30 vad
1150 2196 10 29 i
1185 2191 285 38 nästföregående
1492 2189 117 37 stycke

876 2251 77 34 sägs
976 2249 84 29 eller
1082 2247 51 30 till
1156 2244 179 35 utdelning
1360 2242 35 31 åt
1419 2241 190 35 aktieägar-

877 2309 55 26 na,
965 2299 193 29 tillkomma
1191 2294 203 31 statsverket
1425 2292 65 29 och
1522 2286 89 43 skall

877 2350 96 29 inom
997 2345 173 38 utgången
1197 2354 42 21 av
1263 2343 76 37 juni
1364 2341 130 31 månad
1520 2341 91 29 näst-

877 2397 203 40 påföljande
1107 2395 39 31 år
1172 2395 143 30 insättas
1343 2391 21 31 å
1391 2391 220 31 statsverkets

878 2447 258 35 checkräkning
1165 2445 9 30 i
1203 2444 211 31 riksbanken
1444 2441 55 30 för
1525 2441 86 29 kon-

877 2498 265 37 trollstyrelsens
1160 2495 157 35 räkning.

1565 2544 15 25 7
