1886 2830
469 179 394 38 Bevillningsutskottets
884 178 218 32 betänkande
1122 178 48 31 Nr
1201 178 49 31 28.

212 265 142 37 (Kungl.
375 264 121 38 Maj:ts
517 262 159 40 förslag.)

1549 172 60 31 105

1026 261 209 37 (Utskottets
1255 259 159 40 förslag.)

99 323 256 38 gärningsman.
396 322 74 31 Har
487 321 114 38 någon
620 322 76 31 före
713 323 143 30 brottets
874 321 187 31 utförande
1079 321 80 30 eller
1178 321 59 30 vid
1255 320 211 35 utförandet,
1486 319 89 30 dock
1595 318 9 30 i

99 374 135 32 mindre
254 372 82 33 mån
357 374 45 30 än
424 383 82 27 nyss
529 374 39 30 är
588 375 84 35 sagt,
694 373 80 31 med
794 371 63 32 råd
879 372 82 31 eller
984 371 69 32 dåd
1075 371 188 38 gärningen
1286 369 153 39 främjat,
1465 369 139 31 straffes

99 426 86 31 efter
205 428 36 36 ty
262 435 75 21 som
357 425 71 31 han
448 425 126 37 prövas
594 425 91 30 hava
706 424 51 31 till
777 424 127 30 brottet
924 423 160 36 bidragit.

143 477 75 31 Den
240 476 51 31 till
314 476 115 32 vilken
453 476 210 37 rusdrycker
686 477 166 35 avyttrats
876 475 82 30 eller
983 473 97 38 eljest
1103 472 198 32 anskaffats
1324 481 81 22 vare
1428 471 31 38 ej
1485 471 120 31 förfal-

99 530 56 30 len
172 528 51 31 till
240 537 126 22 ansvar
383 527 55 31 för
455 527 212 37 delaktighet
686 527 9 30 i
714 526 188 38 gärningen
920 525 105 37 enligt
1042 525 66 30 vad
1127 524 11 31 i
1157 524 110 31 första
1284 524 133 37 stycket
1435 524 88 36 sägs.

143 580 20 31 2
183 589 105 22 mom.
331 579 192 31 Husbonde
544 586 166 23 ansvarar
730 577 55 31 för
805 577 206 37 förbrytelse
1031 585 75 22 som
1128 575 57 31 vid
1207 574 258 32 handhavande
1485 583 43 22 av
1549 574 55 30 de-

100 631 192 38 taljhandel
312 630 102 38 begås
436 640 42 21 av
498 631 88 29 hans
606 630 133 36 hustru,
760 627 142 32 husfolk
924 627 81 31 eller
1026 627 11 31 i
1058 627 88 30 hans
1168 627 115 30 arbete
1301 629 151 33 antagen
1469 634 137 28 person,

100 683 126 31 liksom
245 692 80 21 vore
343 681 229 38 förbrytelsen
590 679 176 38 begången
784 689 42 21 av
845 679 130 31 honom
997 677 99 38 själv,
1116 678 113 30 därest
1248 677 31 37 ej
1300 675 307 38 omständigheter-

101 743 44 22 na
168 735 82 36 göra
272 732 185 36 sannolikt,
481 735 49 27 att
552 731 229 36 förbrytelsen
803 730 89 30 skett
913 732 85 28 utan
1019 729 88 30 hans
1130 729 142 36 vetskap
1295 728 65 30 och
1383 727 93 38 vilja.

812 890 39 31 16
870 889 30 38 8.

146 968 75 31 Den
237 978 76 21 som
329 968 101 30 idkar
449 966 237 38 detaljhandel
703 975 81 21 vare
801 965 122 38 pliktig
941 963 216 38 tillhandagå
1175 963 335 38 nykterhetsnämnd
1527 963 81 30 eller

103 1028 43 22 av
165 1019 176 31 nämnden
360 1020 105 29 utsett
485 1018 131 30 ombud
636 1017 80 31 med
735 1016 225 37 erforderliga
979 1015 265 39 upplysningar.

809 1177 37 29 17
872 1176 30 38 8.

149 1264 63 31 Det
231 1263 127 37 åligger
377 1262 244 38 länsstyrelsen
642 1264 49 28 att
710 1261 173 31 övervaka
902 1259 238 37 iakttagandet
1160 1268 43 21 av
1222 1259 68 30 vad
1311 1258 10 30 i
1342 1257 114 32 denna
1477 1257 134 31 förord-

104 1316 83 37 ning
206 1316 38 30 är
264 1315 144 36 stadgat.

147 1366 217 31 Polischefen
390 1366 9 30 i
425 1367 97 29 orten
551 1364 37 32 så
609 1365 64 30 ock
701 1362 340 32 kommunalnämnd
1066 1362 98 30 skola
1188 1361 98 36 tillse,
1315 1363 48 28 att
1388 1359 21 32 å
1434 1360 97 30 ställe
1552 1359 63 31 där

103 1416 235 38 detaljhandel
361 1416 99 30 idkas
483 1415 147 36 ordning
651 1414 167 37 iakttages
842 1416 88 27 samt
952 1413 42 30 de
1016 1413 9 30 i
1050 1413 113 30 denna
1185 1411 204 37 förordning
1412 1410 202 31 meddelade

104 1467 217 31 föreskrifter
341 1473 88 30 noga
446 1464 203 37 efterföljas.

150 1516 67 31 För
242 1515 130 37 köping
397 1514 82 31 eller
505 1516 107 28 annat
637 1512 142 31 område
804 1511 21 32 å
850 1512 127 35 landet,
1006 1511 55 31 för
1087 1511 105 30 vilket
1218 1510 313 37 ordningsstadgan
1558 1509 56 31 för

104 1568 106 30 rikets
229 1566 114 31 städer
362 1567 38 29 är
419 1565 10 30 i
448 1564 205 37 tillämpliga
672 1564 96 30 delar
787 1563 169 37 gällande,
976 1561 58 32 må
1052 1562 243 36 länsstyrelsen
1315 1561 168 30 förordna
1503 1561 109 36 lämp-

104 1620 46 36 lig
166 1619 171 37 polisman
359 1620 48 29 att
428 1617 149 36 fullgöra
596 1616 66 30 vad
683 1616 105 36 enligt
807 1615 113 30 denna
943 1613 203 37 förordning
1166 1612 127 38 åligger
1312 1612 180 37 polischef.

430 1752 39 29 18
491 1751 29 37 8.

154 1827 171 31 Tredskas
354 1826 231 37 systembolag
615 1828 49 28 att
693 1825 149 36 fullgöra

110 1879 41 29 de
172 1878 9 30 i
202 1879 116 29 denna
337 1877 207 36 förordning
564 1876 55 30 för
640 1874 123 32 sådant
782 1876 59 29 bo-

108 1929 56 35 lag
179 1928 202 30 meddelade
399 1926 219 31 föreskrifter
633 1926 81 30 eller
730 1926 43 30 de
790 1925 50 30 fö-

108 1978 178 31 reskrifter
323 1987 74 21 som
431 1976 320 37 kontrollstyrelsen
787 1975 55 30 för

109 2030 136 35 bolaget
281 2028 166 36 utfärdat,
486 2028 79 35 äger
599 2026 244 37 länsstyrelsen

110 2080 86 30 efter
220 2078 342 37 omständigheterna
586 2077 175 36 förelägga
785 2077 58 30 bo-

109 2130 106 36 lagets
236 2129 333 37 styrelseledamöter
587 2128 66 30 vite
672 2128 82 30 eller
773 2127 69 30 för-

110 2180 107 37 bjuda
247 2180 137 35 bolaget
412 2182 49 27 att
486 2179 89 30 efter
601 2181 107 27 utsatt
734 2177 109 36 skälig

110 2230 50 30 tid
191 2231 159 29 fortsätta
380 2230 80 29 med
493 2228 261 37 försäljningen,
786 2238 57 20 om

112 2281 41 29 de
183 2279 187 31 åsidosatta
401 2279 264 30 föreskrifterna
693 2278 32 36 ej
758 2278 85 29 iakt-

112 2333 104 33 tagas.

1205 1748 38 30 18
1265 1748 28 36 8.

927 1824 172 30 Tredskas
1129 1823 230 37 systembolag
1388 1825 49 27 att
1466 1821 150 37 fullgöra

882 1875 42 30 de
945 1874 10 30 i
977 1875 115 29 denna
1112 1873 204 36 förordning
1337 1873 56 30 för
1411 1871 125 32 sådant
1556 1873 58 29 bo-

882 1925 55 35 lag
954 1924 203 30 meddelade
1172 1923 218 31 föreskrifter
1405 1923 82 30 eller
1502 1923 44 29 de
1564 1922 50 30 fö-

882 1974 179 30 reskrifter
1097 1983 74 21 som
1205 1973 320 37 kontrollstyrelsen
1562 1972 55 30 för

882 2025 137 36 bolaget
1053 2024 165 36 utfärdat,
1258 2024 80 36 äger
1372 2023 245 37 länsstyrelsen

882 2075 87 31 efter
995 2074 340 37 omständigheterna
1357 2074 176 36 förelägga
1558 2074 58 29 bo-

883 2127 106 35 lagets
1011 2125 332 37 styrelseledamöter
1362 2124 67 31 vite
1446 2124 83 30 eller
1547 2124 69 30 för-

883 2176 110 38 bjuda
1020 2176 136 36 bolaget
1184 2178 49 27 att
1258 2175 89 30 efter
1372 2177 108 28 utsatt
1507 2174 111 36 skälig

886 2227 48 30 tid
965 2227 160 29 fortsätta
1156 2226 79 30 med
1266 2225 263 36 försäljningen,
1561 2234 57 21 om

884 2277 43 29 de
959 2275 188 31 åsidosatta
1177 2275 264 30 föreskrifterna
1470 2275 32 36 ej
1533 2275 85 29 iakt-

886 2330 105 32 tagas.
1043 2326 158 35 Förelagt
1229 2326 65 29 vite
1320 2325 58 30 må
1405 2334 42 20 av
1474 2325 144 35 länssty-

885 2377 111 29 relsen
1020 2376 169 30 utdömas.
