1878 2836
1595 168 17 30 -T

361 179 393 37 Bevillningsutskottets
780 176 217 32 betänkande
1022 176 48 31 Nr
1095 178 49 29 238.
1183 175 190 38 Bilagor.

1387 400 120 36 Bilaga
1528 399 36 30 B.

799 496 39 33 P.
864 495 48 33 M.

98 584 193 41 angående
315 582 246 31 förhållandet
586 580 133 29 mellan
744 577 22 31 å
786 586 70 21 ena
873 577 105 29 sidan
994 575 74 39 1/25
1092 583 45 21 av
1155 573 145 30 vinsten
1318 571 22 31 å
1356 571 257 39 spritdrycker

95 640 72 29 och
204 637 210 31 starkviner
451 636 70 29 och
553 633 21 31 å
605 633 117 29 andra
753 631 104 30 sidan
890 630 84 29 hela
1005 627 274 38 omsättningen
1311 633 46 21 av
1389 625 87 35 mat,
1508 623 105 30 malt-

98 692 160 39 drycker
286 699 34 21 o.
344 690 34 29 d.
401 688 22 31 å
451 687 102 31 såväl
582 684 368 39 restaurangbolags-
974 682 69 29 och
1074 679 539 41 systembolagsrestauranger

258 752 78 21 som
361 744 268 35 restauranger
652 738 84 30 med
760 735 192 32 överlåtna
976 731 466 42 spritdrycksrättigheter,

544 812 178 41 upprätlad
744 812 88 29 inom
857 808 311 39 kontrollstyrelsen.

146 907 66 30 Till
247 904 294 37 fullständigande
576 912 41 20 av
652 900 209 32 verkställda
896 897 225 35 utredningar
1144 895 149 31 rörande
1317 892 292 32 vinstkvantitets-

102 952 162 34 systemet
280 958 44 20 m.
343 957 44 20 m.
405 947 65 30 har
487 956 42 20 en
545 943 259 35 undersökning
821 942 126 30 utförts
964 940 11 30 i
992 940 90 37 syfte
1099 942 48 27 att
1164 938 55 30 för
1236 940 47 28 ett
1300 940 75 27 vart
1392 938 217 32 restaurang-

103 992 130 35 företag
252 992 125 28 utröna
395 989 79 30 med
492 988 106 30 vilket
613 987 124 36 belopp
758 985 66 30 och
843 984 79 30 med
941 983 117 29 vilken
1076 983 213 35 procentsats
1309 979 156 37 priserna
1486 977 21 31 å
1527 979 82 33 mat,

101 1034 244 35 maltdrycker,
373 1031 98 30 kaffe
497 1031 66 29 och
591 1029 242 36 läskedrycker
861 1026 20 31 å
907 1025 204 31 nuvarande
1138 1022 365 36 försäljningssumma
1531 1020 78 29 räk-

102 1076 68 29 nad
188 1074 130 37 årligen
336 1073 109 31 måste
461 1073 100 36 höjas
579 1072 53 30 för
650 1074 48 28 att
714 1070 65 31 full
795 1068 189 35 ersättning
1002 1067 88 30 skall
1109 1066 123 30 vinnas
1250 1065 54 30 för
1322 1065 67 29 den
1406 1062 203 31 bortfallan-

102 1122 42 30 de
167 1121 135 30 vinsten
325 1119 20 30 å
368 1117 233 38 spritdrycker
620 1115 64 30 och
709 1112 201 32 starkviner.
959 1108 245 36 Utredningen,
1229 1116 75 21 som
1327 1107 128 35 bygger
1479 1104 20 31 å
1526 1104 83 29 1936

101 1164 55 29 års
180 1160 267 35 siffermaterial,
472 1159 166 30 omfattar
661 1156 95 31 såväl
778 1152 337 36 restaurangbolags-
1139 1151 66 29 och
1229 1148 380 38 systembolagsrestau-

102 1216 170 28 rangerna
298 1214 75 21 som
399 1206 287 31 restaurangerna
712 1198 81 30 med
818 1195 178 32 överlåtna
1023 1193 208 36 rättigheter.
1283 1190 237 36 Utredningen
1546 1189 64 29 har

101 1251 201 35 begränsats
326 1247 11 30 i
360 1247 98 35 fråga
482 1254 58 20 om
563 1244 42 29 de
628 1241 89 31 båda
743 1238 243 32 förstnämnda
1010 1237 117 36 slagen
1152 1245 41 20 av
1217 1237 238 31 restauranger
1474 1231 52 30 till
1552 1240 57 21 en-

101 1293 77 30 dast
199 1290 153 36 verkliga
373 1285 336 37 restaurangföretag
729 1300 44 4 —
794 1285 74 27 rent
890 1279 172 36 tillfälliga
1085 1277 198 36 rättigheter
1305 1277 90 29 hava
1418 1274 100 31 alltså
1539 1276 70 28 ute-

102 1334 111 31 slutits
234 1350 45 4 —
300 1332 65 30 och
387 1330 10 30 i
418 1329 98 36 fråga
539 1337 58 21 om
618 1328 56 29 det
696 1324 216 32 sistnämnda
933 1323 106 35 slaget
1062 1331 41 20 av
1125 1323 239 32 restauranger
1388 1317 52 30 till
1457 1318 42 29 de
1521 1316 88 30 före-

102 1380 65 32 tag,
194 1376 55 30 för
276 1374 93 30 vilka
396 1370 259 32 vinstkvantitet
682 1367 233 38 spritdrycker
942 1364 179 31 fastställts
1149 1363 65 29 och
1243 1360 203 35 fullständig
1473 1357 137 38 uppgift

102 1418 20 31 å
139 1416 256 36 omsättningen
413 1424 41 21 av
472 1416 82 31 mat,
573 1411 232 37 maltdrycker
822 1412 62 27 etc.
904 1409 134 29 kunnat
1056 1405 159 31 erhållas.
1257 1403 66 31 Vid
1340 1401 271 35 bearbetningen

103 1462 89 28 hava
217 1460 177 34 företagen
419 1457 96 29 inom
541 1455 42 30 de
607 1457 50 27 tre
682 1452 317 35 huvudgrupperna
1026 1458 41 20 av
1092 1450 241 31 restauranger
1357 1445 141 30 ordnats
1524 1444 87 29 efter

103 1502 173 31 storleken
302 1509 42 21 av
374 1499 42 30 de
438 1498 39 31 år
506 1498 83 29 1936
616 1495 156 32 erhållna
800 1493 175 30 vinsterna
1003 1490 20 31 å
1051 1489 233 38 spritdrycker
1311 1488 65 29 och
1406 1486 203 33 starkviner,

102 1553 87 28 resp.
225 1540 611 37 restaurangbolagsrestaurangerna
872 1535 86 30 efter
994 1529 506 38 utskänkningsersättningens
1525 1530 85 27 stor-

102 1587 64 29 lek.
211 1586 70 30 För
301 1583 96 37 varje
416 1585 203 31 restaurang
640 1581 63 29 har
726 1577 144 37 angivits
893 1577 67 30 den
982 1575 104 35 klass,
1109 1574 167 35 företaget
1297 1572 80 30 med
1398 1571 140 35 hänsyn
1559 1569 52 30 till

103 1629 52 29 sin
179 1628 179 30 allmänna
380 1625 167 31 karaktär
570 1624 70 29 kan
663 1631 99 21 anses
785 1620 149 30 tillhöra.
983 1616 228 36 Indelningen
1232 1615 153 30 ansluter
1409 1612 49 36 sig
1482 1612 52 30 till
1557 1611 53 30 rå-

102 1671 115 30 dande
235 1667 254 36 klassificering
508 1666 11 30 i
535 1665 97 36 fråga
654 1674 57 20 om
732 1660 381 40 spritdryckspriserna.
1157 1658 78 30 Med
1256 1657 126 30 siffran
1406 1657 14 28 1
1444 1656 89 29 hava
1555 1654 55 30 be-

102 1714 156 29 tecknats
282 1712 42 29 de
347 1710 142 35 företag,
515 1717 74 21 som
613 1708 11 29 i
647 1706 154 31 nämnda
824 1703 198 32 hänseende
1045 1703 128 29 räknas
1197 1700 52 30 till
1273 1699 93 30 klass
1391 1698 14 29 I
1436 1696 77 37 (och
1539 1697 71 36 lyx-

102 1752 121 39 klass),
243 1754 80 29 med
343 1752 127 30 siffran
490 1752 19 28 2
531 1751 42 29 de
592 1750 141 34 företag,
756 1757 75 20 som
853 1747 89 30 hava
963 1744 224 35 avdelningar
1208 1752 42 20 av
1270 1741 96 31 såväl
1387 1740 92 30 klass
1501 1740 14 29 I
1536 1748 75 21 som

103 1797 92 29 klass
221 1796 31 30 II
279 1804 87 27 resp.
387 1794 93 30 klass
504 1793 59 35 III,
588 1792 80 29 med
692 1790 125 31 siffran
843 1790 19 29 3
886 1789 42 29 de
953 1788 142 34 företag,
1121 1794 75 22 som
1221 1785 127 29 räknas
1373 1782 51 30 till
1449 1782 93 30 klass
1568 1780 42 35 II,

102 1840 79 29 med
203 1838 126 30 siffran
349 1838 19 28 4
389 1837 42 29 de
451 1836 143 34 företag,
617 1843 73 21 som
712 1833 90 30 hava
823 1829 226 37 avdelningar
1070 1838 42 20 av
1133 1827 96 31 såväl
1251 1827 92 29 klass
1367 1825 31 30 II
1421 1833 75 21 som
1517 1824 94 29 klass

104 1881 58 34 III,
184 1881 65 29 och
270 1880 80 29 med
371 1879 128 29 siffran
519 1878 18 28 5
559 1877 44 29 de
622 1876 141 34 företag,
785 1883 74 21 som
880 1873 128 29 räknas
1030 1871 51 30 till
1102 1871 94 29 klass
1218 1869 59 34 III,
1300 1868 88 30 dock
1410 1867 91 29 hava
1522 1866 88 29 före-

102 1926 67 32 tag,
185 1932 75 20 som
280 1919 274 38 uppenbarligen
573 1918 79 30 med
670 1918 137 34 hänsyn
825 1915 51 30 tili
897 1914 54 30 sin
970 1913 177 30 allmänna
1166 1911 166 30 karaktär
1352 1911 61 28 äro
1432 1911 49 27 att
1500 1908 112 30 räkna

103 1965 50 30 till
181 1973 119 22 annan
325 1963 92 29 klass
445 1963 45 29 än
516 1961 43 30 de
586 1960 9 29 i
623 1959 97 36 fråga
747 1967 57 21 om
832 1954 373 39 spritdryckspriserna
1232 1952 151 34 tillhöra,
1411 1951 200 29 betecknats

104 2007 77 30 med
220 2005 101 31 siffra
357 2004 95 30 inom
490 2004 169 35 parentes,
697 2009 75 21 som
799 1998 139 37 angiver
964 1998 67 29 den
1058 1996 102 34 klass,
1187 1995 43 30 de
1256 1993 179 36 rätteligen
1461 1992 148 30 tillhöra.

105 2049 356 32 Klubbrestauranger
498 2046 90 29 hava
625 2044 198 30 betecknats
861 2040 79 31 med
967 2040 191 29 bokstaven
1186 2038 22 28 k
1234 2037 66 29 och
1326 2037 285 28 sommarrestau-

102 2100 123 27 ranger
247 2090 80 30 med
351 2089 190 30 bokstaven
559 2096 25 21 s.

148 2133 11 29 1
183 2133 67 29 den
271 2129 244 37 efterföljande
536 2124 475 35 tabellsammanställningen
1033 2122 139 36 angives
1194 2121 10 30 i
1227 2121 66 29 kol.
1320 2121 13 28 1
1359 2120 67 29 den
1448 2118 90 30 vinst
1561 2117 50 30 fö-

105 2178 137 32 retagen
259 2173 39 31 år
318 2173 83 29 1936
418 2171 134 36 åtnjöto
569 2170 20 30 å
609 2169 232 37 spritdrycker
860 2168 65 29 och
943 2165 193 31 starkviner
1155 2165 65 29 och
1239 2163 10 30 i
1266 2162 67 30 kol.
1353 2163 18 28 2
1391 2161 220 36 tjugufemte-

103 2217 99 29 delen
224 2225 42 20 av
286 2215 155 30 nämnda
462 2213 101 34 vinst,
585 2213 31 29 d.
639 2222 29 19 v.
686 2221 25 20 s.
735 2211 57 30 det
813 2210 124 36 belopp
959 2217 75 21 som
1056 2207 130 35 årligen
1208 2205 88 30 skall
1318 2204 162 30 bortfalla
1502 2202 111 30 under

104 2258 65 30 den
193 2256 154 36 25-åriga
371 2253 364 38 övergångsperioden.
783 2252 13 29 I
820 2252 68 29 kol.
912 2252 19 28 3
956 2249 138 35 angives
1117 2247 257 35 omsättningen
1397 2245 39 30 år
1461 2245 84 29 1936
1570 2253 41 20 av

105 2303 81 31 mat,
211 2299 244 35 maltdrycker,
479 2296 98 30 kaffe
601 2296 65 29 och
691 2294 243 35 läskedrycker
957 2292 65 29 och
1048 2291 9 29 i
1081 2291 67 29 kol.
1174 2290 18 28 4
1218 2290 55 28 det
1298 2287 200 37 procenttal,
1525 2287 87 28 före-

104 2341 155 30 nämnda
306 2338 261 37 tjugufemtedel
616 2338 99 33 utgör
762 2345 40 20 av
850 2333 215 31 sistnämnda
1114 2326 378 43 omsättningssumma.
1563 2328 49 28 Av

105 2383 167 30 siffrorna
307 2381 9 30 i
353 2381 190 30 kolumnen
579 2378 153 35 framgår
769 2377 78 30 med
884 2376 104 29 vilket
1025 2373 201 38 procenttal,
1265 2371 167 30 beräknat
1469 2370 20 29 å
1530 2370 81 29 1936

105 2426 54 28 års
202 2424 210 34 omsättning
456 2421 77 37 (och
575 2417 174 40 prisläge),
793 2418 154 37 priserna
990 2416 21 31 å
1053 2419 80 31 mat,
1177 2414 234 35 maltdrycker
1454 2414 61 28 etc.
1560 2411 52 29 år-

106 2468 87 35 ligen
228 2467 98 28 skola
360 2464 101 36 höjas
495 2464 55 29 för
583 2462 200 31 erhållande
817 2470 42 20 av
892 2459 65 38 full
991 2457 266 37 kompensation
1293 2465 41 20 av
1369 2455 67 29 den
1471 2453 141 30 bortfal-

105 2509 102 30 lande
244 2507 132 30 vinsten
413 2506 20 30 å
470 2505 233 37 spritdrycker
738 2504 64 29 och
842 2500 203 32 starkviner.
1107 2500 62 29 Det
1207 2498 57 30 må
1302 2496 214 32 framhållas,
1554 2497 58 32 att,
