<?xml version="1.0" encoding="UTF-8"?>
<alto xmlns="http://www.loc.gov/standards/alto/ns-v3#" xmlns:xlink="http://www.w3.org/1999/xlink" xmlns:xsi="http://www.w3.org/2001/XMLSchema-instance" xsi:schemaLocation="http://www.loc.gov/standards/alto/ns-v3# http://www.loc.gov/alto/v3/alto-3-0.xsd">
	<Description>
		<MeasurementUnit>pixel</MeasurementUnit>
		<sourceImageInformation>
			<fileName>/tmp/tess_eb_n38yx_input.PNG</fileName>
		</sourceImageInformation>
		<OCRProcessing ID="OCR_0">
			<ocrProcessingStep>
				<processingSoftware>
					<softwareName>tesseract 5.3.0</softwareName>
				</processingSoftware>
			</ocrProcessingStep>
		</OCRProcessing>
	</Description>
	<Layout>
		<Page WIDTH="2192" HEIGHT="2620" PHYSICAL_IMG_NR="0" ID="page_0">
			<PrintSpace HPOS="0" VPOS="0" WIDTH="2192" HEIGHT="2620">
				<ComposedBlock ID="cblock_0" HPOS="384" VPOS="199" WIDTH="1095" HEIGHT="33">
					<TextBlock ID="block_0" HPOS="384" VPOS="199" WIDTH="1095" HEIGHT="33">
						<TextLine ID="line_0" HPOS="384" VPOS="199" WIDTH="1095" HEIGHT="33">
							<String ID="string_0" HPOS="384" VPOS="201" WIDTH="39" HEIGHT="30" WC="0.96" CONTENT="10"/><SP WIDTH="445" VPOS="201" HPOS="423"/>
							<String ID="string_1" HPOS="868" VPOS="199" WIDTH="255" HEIGHT="32" WC="0.49" CONTENT="Statsutskottets"/><SP WIDTH="22" VPOS="199" HPOS="1123"/>
							<String ID="string_2" HPOS="1145" VPOS="199" WIDTH="165" HEIGHT="32" WC="0.95" CONTENT="utlåtande"/><SP WIDTH="22" VPOS="199" HPOS="1310"/>
							<String ID="string_3" HPOS="1332" VPOS="200" WIDTH="54" HEIGHT="32" WC="0.89" CONTENT="Nr"/><SP WIDTH="22" VPOS="200" HPOS="1386"/>
							<String ID="string_4" HPOS="1408" VPOS="204" WIDTH="71" HEIGHT="28" WC="0.95" CONTENT="114."/>
						</TextLine>
					</TextBlock>
				</ComposedBlock>
				<ComposedBlock ID="cblock_1" HPOS="382" VPOS="283" WIDTH="1602" HEIGHT="206">
					<TextBlock ID="block_1" HPOS="382" VPOS="283" WIDTH="1602" HEIGHT="206">
						<TextLine ID="line_1" HPOS="486" VPOS="283" WIDTH="1496" HEIGHT="52">
							<String ID="string_5" HPOS="486" VPOS="283" WIDTH="86" HEIGHT="37" WC="0.96" CONTENT="Med"/><SP WIDTH="27" VPOS="283" HPOS="572"/>
							<String ID="string_6" HPOS="599" VPOS="283" WIDTH="148" HEIGHT="49" WC="0.95" CONTENT="hänsyn"/><SP WIDTH="28" VPOS="283" HPOS="747"/>
							<String ID="string_7" HPOS="775" VPOS="284" WIDTH="55" HEIGHT="36" WC="0.95" CONTENT="till"/><SP WIDTH="29" VPOS="284" HPOS="830"/>
							<String ID="string_8" HPOS="859" VPOS="284" WIDTH="73" HEIGHT="36" WC="0.96" CONTENT="den"/><SP WIDTH="28" VPOS="284" HPOS="932"/>
							<String ID="string_9" HPOS="960" VPOS="284" WIDTH="304" HEIGHT="37" WC="0.96" CONTENT="statsfinansiella"/><SP WIDTH="27" VPOS="284" HPOS="1264"/>
							<String ID="string_10" HPOS="1291" VPOS="285" WIDTH="227" HEIGHT="36" WC="0.96" CONTENT="situationen"/><SP WIDTH="27" VPOS="285" HPOS="1518"/>
							<String ID="string_11" HPOS="1545" VPOS="287" WIDTH="129" HEIGHT="36" WC="0.94" CONTENT="finner."/><SP WIDTH="15" VPOS="287" HPOS="1674"/>
							<String ID="string_12" HPOS="1689" VPOS="286" WIDTH="71" HEIGHT="49" WC="0.94" CONTENT="jag"/><SP WIDTH="27" VPOS="286" HPOS="1760"/>
							<String ID="string_13" HPOS="1787" VPOS="286" WIDTH="80" HEIGHT="49" WC="0.93" CONTENT="mig"/><SP WIDTH="23" VPOS="286" HPOS="1867"/>
							<String ID="string_14" HPOS="1890" VPOS="288" WIDTH="92" HEIGHT="35" WC="0.92" CONTENT="nöd-"/>
						</TextLine>
						<TextLine ID="line_2" HPOS="383" VPOS="335" WIDTH="1601" HEIGHT="51">
							<String ID="string_15" HPOS="383" VPOS="335" WIDTH="117" HEIGHT="36" WC="0.91" CONTENT="sakad"/><SP WIDTH="29" VPOS="335" HPOS="500"/>
							<String ID="string_16" HPOS="529" VPOS="335" WIDTH="150" HEIGHT="36" WC="0.96" CONTENT="förorda"/><SP WIDTH="28" VPOS="335" HPOS="679"/>
							<String ID="string_17" HPOS="707" VPOS="348" WIDTH="45" HEIGHT="23" WC="0.96" CONTENT="en"/><SP WIDTH="29" VPOS="348" HPOS="752"/>
							<String ID="string_18" HPOS="781" VPOS="336" WIDTH="168" HEIGHT="48" WC="0.96" CONTENT="tillfällig"/><SP WIDTH="27" VPOS="336" HPOS="949"/>
							<String ID="string_19" HPOS="976" VPOS="335" WIDTH="249" HEIGHT="50" WC="0.96" CONTENT="nedsättning"/><SP WIDTH="27" VPOS="335" HPOS="1225"/>
							<String ID="string_20" HPOS="1252" VPOS="349" WIDTH="47" HEIGHT="24" WC="0.96" CONTENT="av"/><SP WIDTH="28" VPOS="349" HPOS="1299"/>
							<String ID="string_21" HPOS="1327" VPOS="338" WIDTH="174" HEIGHT="48" WC="0.95" CONTENT="anslaget"/><SP WIDTH="28" VPOS="338" HPOS="1501"/>
							<String ID="string_22" HPOS="1529" VPOS="338" WIDTH="56" HEIGHT="35" WC="0.96" CONTENT="till"/><SP WIDTH="27" VPOS="338" HPOS="1585"/>
							<String ID="string_23" HPOS="1612" VPOS="338" WIDTH="151" HEIGHT="37" WC="0.96" CONTENT="enklare"/><SP WIDTH="26" VPOS="338" HPOS="1763"/>
							<String ID="string_24" HPOS="1789" VPOS="343" WIDTH="118" HEIGHT="43" WC="0.96" CONTENT="vägar"/><SP WIDTH="20" VPOS="343" HPOS="1907"/>
							<String ID="string_25" HPOS="1927" VPOS="339" WIDTH="57" HEIGHT="36" WC="0.96" CONTENT="för"/>
						</TextLine>
						<TextLine ID="line_3" HPOS="382" VPOS="386" WIDTH="1601" HEIGHT="52">
							<String ID="string_26" HPOS="382" VPOS="386" WIDTH="119" HEIGHT="37" WC="0.96" CONTENT="första"/><SP WIDTH="32" VPOS="386" HPOS="501"/>
							<String ID="string_27" HPOS="533" VPOS="386" WIDTH="166" HEIGHT="37" WC="0.96" CONTENT="halvåret"/><SP WIDTH="31" VPOS="386" HPOS="699"/>
							<String ID="string_28" HPOS="730" VPOS="388" WIDTH="97" HEIGHT="35" WC="0.96" CONTENT="1923"/><SP WIDTH="30" VPOS="388" HPOS="827"/>
							<String ID="string_29" HPOS="857" VPOS="387" WIDTH="56" HEIGHT="36" WC="0.92" CONTENT="till"/><SP WIDTH="30" VPOS="387" HPOS="913"/>
							<String ID="string_30" HPOS="943" VPOS="389" WIDTH="163" HEIGHT="45" WC="0.92" CONTENT="600,000"/><SP WIDTH="28" VPOS="389" HPOS="1106"/>
							<String ID="string_31" HPOS="1134" VPOS="388" WIDTH="152" HEIGHT="47" WC="0.96" CONTENT="kronor,"/><SP WIDTH="28" VPOS="388" HPOS="1286"/>
							<String ID="string_32" HPOS="1314" VPOS="389" WIDTH="135" HEIGHT="36" WC="0.96" CONTENT="varvid"/><SP WIDTH="24" VPOS="389" HPOS="1449"/>
							<String ID="string_33" HPOS="1473" VPOS="389" WIDTH="70" HEIGHT="49" WC="0.96" CONTENT="jag"/><SP WIDTH="26" VPOS="389" HPOS="1543"/>
							<String ID="string_34" HPOS="1569" VPOS="392" WIDTH="126" HEIGHT="46" WC="0.96" CONTENT="utgått"/><SP WIDTH="26" VPOS="392" HPOS="1695"/>
							<String ID="string_35" HPOS="1721" VPOS="390" WIDTH="85" HEIGHT="36" WC="0.96" CONTENT="från"/><SP WIDTH="28" VPOS="390" HPOS="1806"/>
							<String ID="string_36" HPOS="1834" VPOS="395" WIDTH="55" HEIGHT="31" WC="0.93" CONTENT="att"/><SP WIDTH="28" VPOS="395" HPOS="1889"/>
							<String ID="string_37" HPOS="1917" VPOS="404" WIDTH="66" HEIGHT="22" WC="0.92" CONTENT="an-"/>
						</TextLine>
						<TextLine ID="line_4" HPOS="383" VPOS="438" WIDTH="1404" HEIGHT="51">
							<String ID="string_38" HPOS="383" VPOS="439" WIDTH="123" HEIGHT="48" WC="0.95" CONTENT="slaget"/><SP WIDTH="28" VPOS="439" HPOS="506"/>
							<String ID="string_39" HPOS="534" VPOS="438" WIDTH="12" HEIGHT="36" WC="0.96" CONTENT="i"/><SP WIDTH="27" VPOS="438" HPOS="546"/>
							<String ID="string_40" HPOS="573" VPOS="438" WIDTH="200" HEIGHT="37" WC="0.96" CONTENT="huvudsak"/><SP WIDTH="28" VPOS="438" HPOS="773"/>
							<String ID="string_41" HPOS="801" VPOS="439" WIDTH="97" HEIGHT="36" WC="0.96" CONTENT="skall"/><SP WIDTH="27" VPOS="439" HPOS="898"/>
							<String ID="string_42" HPOS="925" VPOS="439" WIDTH="151" HEIGHT="37" WC="0.96" CONTENT="komma"/><SP WIDTH="28" VPOS="439" HPOS="1076"/>
							<String ID="string_43" HPOS="1104" VPOS="439" WIDTH="46" HEIGHT="37" WC="0.96" CONTENT="de"/><SP WIDTH="28" VPOS="439" HPOS="1150"/>
							<String ID="string_44" HPOS="1178" VPOS="440" WIDTH="249" HEIGHT="37" WC="0.96" CONTENT="norrländska"/><SP WIDTH="28" VPOS="440" HPOS="1427"/>
							<String ID="string_45" HPOS="1455" VPOS="441" WIDTH="111" HEIGHT="36" WC="0.97" CONTENT="länen"/><SP WIDTH="27" VPOS="441" HPOS="1566"/>
							<String ID="string_46" HPOS="1593" VPOS="441" WIDTH="194" HEIGHT="48" WC="0.96" CONTENT="tillgodo.»"/>
						</TextLine>
					</TextBlock>
				</ComposedBlock>
				<ComposedBlock ID="cblock_2" HPOS="486" VPOS="525" WIDTH="1495" HEIGHT="67">
					<TextBlock ID="block_2" HPOS="486" VPOS="525" WIDTH="1495" HEIGHT="67">
						<TextLine ID="line_5" HPOS="486" VPOS="525" WIDTH="1495" HEIGHT="67">
							<String ID="string_47" HPOS="486" VPOS="541" WIDTH="88" HEIGHT="37" WC="0.93" CONTENT="Med"/><SP WIDTH="40" VPOS="541" HPOS="574"/>
							<String ID="string_48" HPOS="614" VPOS="541" WIDTH="261" HEIGHT="49" WC="0.87" CONTENT="tillstyrkande"/><SP WIDTH="30" VPOS="541" HPOS="875"/>
							<String ID="string_49" HPOS="905" VPOS="555" WIDTH="46" HEIGHT="23" WC="0.96" CONTENT="av"/><SP WIDTH="27" VPOS="555" HPOS="951"/>
							<String ID="string_50" HPOS="978" VPOS="542" WIDTH="141" HEIGHT="49" WC="0.96" CONTENT="Kungl."/><SP WIDTH="30" VPOS="542" HPOS="1119"/>
							<String ID="string_51" HPOS="1149" VPOS="542" WIDTH="127" HEIGHT="49" WC="0.96" CONTENT="Maj:ts"/><SP WIDTH="28" VPOS="542" HPOS="1276"/>
							<String ID="string_52" HPOS="1304" VPOS="542" WIDTH="146" HEIGHT="50" WC="0.96" CONTENT="förslag"/><SP WIDTH="28" VPOS="542" HPOS="1450"/>
							<String ID="string_53" HPOS="1478" VPOS="544" WIDTH="56" HEIGHT="35" WC="0.96" CONTENT="får"/><SP WIDTH="26" VPOS="544" HPOS="1534"/>
							<String ID="string_54" HPOS="1560" VPOS="525" WIDTH="184" HEIGHT="56" WC="0.96" CONTENT="utskottet"/><SP WIDTH="27" VPOS="525" HPOS="1744"/>
							<String ID="string_55" HPOS="1771" VPOS="544" WIDTH="210" HEIGHT="47" WC="0.92" CONTENT="hemställa,"/>
						</TextLine>
					</TextBlock>
				</ComposedBlock>
				<ComposedBlock ID="cblock_3" HPOS="759" VPOS="645" WIDTH="1224" HEIGHT="461">
					<TextBlock ID="block_3" HPOS="759" VPOS="645" WIDTH="1224" HEIGHT="461">
						<TextLine ID="line_6" HPOS="897" VPOS="645" WIDTH="1085" HEIGHT="51">
							<String ID="string_56" HPOS="897" VPOS="649" WIDTH="34" HEIGHT="38" WC="0.95" CONTENT="a)"/><SP WIDTH="42" VPOS="649" HPOS="931"/>
							<String ID="string_57" HPOS="973" VPOS="650" WIDTH="54" HEIGHT="31" WC="0.96" CONTENT="att"/><SP WIDTH="40" VPOS="650" HPOS="1027"/>
							<String ID="string_58" HPOS="1067" VPOS="645" WIDTH="216" HEIGHT="48" WC="0.95" CONTENT="riksdagen,"/><SP WIDTH="28" VPOS="645" HPOS="1283"/>
							<String ID="string_59" HPOS="1311" VPOS="646" WIDTH="85" HEIGHT="36" WC="0.96" CONTENT="med"/><SP WIDTH="42" VPOS="646" HPOS="1396"/>
							<String ID="string_60" HPOS="1438" VPOS="645" WIDTH="106" HEIGHT="37" WC="0.95" CONTENT="bifall"/><SP WIDTH="41" VPOS="645" HPOS="1544"/>
							<String ID="string_61" HPOS="1585" VPOS="646" WIDTH="57" HEIGHT="36" WC="0.96" CONTENT="till"/><SP WIDTH="40" VPOS="646" HPOS="1642"/>
							<String ID="string_62" HPOS="1682" VPOS="647" WIDTH="140" HEIGHT="49" WC="0.88" CONTENT="Kungl."/><SP WIDTH="32" VPOS="647" HPOS="1822"/>
							<String ID="string_63" HPOS="1854" VPOS="647" WIDTH="128" HEIGHT="49" WC="0.96" CONTENT="Maj:ts"/>
						</TextLine>
						<TextLine ID="line_7" HPOS="759" VPOS="696" WIDTH="1223" HEIGHT="50">
							<String ID="string_64" HPOS="759" VPOS="701" WIDTH="4" HEIGHT="3" WC="0.3" CONTENT="&quot;"/><SP WIDTH="32" VPOS="701" HPOS="763"/>
							<String ID="string_65" HPOS="795" VPOS="696" WIDTH="142" HEIGHT="49" WC="0.96" CONTENT="förslag"/><SP WIDTH="40" VPOS="696" HPOS="937"/>
							<String ID="string_66" HPOS="977" VPOS="696" WIDTH="69" HEIGHT="36" WC="0.96" CONTENT="och"/><SP WIDTH="40" VPOS="696" HPOS="1046"/>
							<String ID="string_67" HPOS="1086" VPOS="696" WIDTH="87" HEIGHT="37" WC="0.96" CONTENT="herr"/><SP WIDTH="35" VPOS="696" HPOS="1173"/>
							<String ID="string_68" HPOS="1208" VPOS="697" WIDTH="209" HEIGHT="49" WC="0.96" CONTENT="Lindbergs"/><SP WIDTH="28" VPOS="697" HPOS="1417"/>
							<String ID="string_69" HPOS="1445" VPOS="698" WIDTH="144" HEIGHT="36" WC="0.96" CONTENT="motion"/><SP WIDTH="28" VPOS="698" HPOS="1589"/>
							<String ID="string_70" HPOS="1617" VPOS="698" WIDTH="11" HEIGHT="35" WC="0.96" CONTENT="i"/><SP WIDTH="29" VPOS="698" HPOS="1628"/>
							<String ID="string_71" HPOS="1657" VPOS="712" WIDTH="50" HEIGHT="22" WC="0.96" CONTENT="nu"/><SP WIDTH="27" VPOS="712" HPOS="1707"/>
							<String ID="string_72" HPOS="1734" VPOS="699" WIDTH="248" HEIGHT="37" WC="0.96" CONTENT="förevarande"/>
						</TextLine>
						<TextLine ID="line_8" HPOS="794" VPOS="748" WIDTH="1189" HEIGHT="51">
							<String ID="string_73" HPOS="794" VPOS="748" WIDTH="71" HEIGHT="46" WC="0.96" CONTENT="del,"/><SP WIDTH="21" VPOS="748" HPOS="865"/>
							<String ID="string_74" HPOS="886" VPOS="750" WIDTH="61" HEIGHT="34" WC="0.95" CONTENT="må"/><SP WIDTH="29" VPOS="750" HPOS="947"/>
							<String ID="string_75" HPOS="976" VPOS="748" WIDTH="56" HEIGHT="36" WC="0.96" CONTENT="för"/><SP WIDTH="28" VPOS="748" HPOS="1032"/>
							<String ID="string_76" HPOS="1060" VPOS="749" WIDTH="238" HEIGHT="48" WC="0.96" CONTENT="anläggning"/><SP WIDTH="28" VPOS="749" HPOS="1298"/>
							<String ID="string_77" HPOS="1326" VPOS="763" WIDTH="46" HEIGHT="22" WC="0.96" CONTENT="av"/><SP WIDTH="29" VPOS="763" HPOS="1372"/>
							<String ID="string_78" HPOS="1401" VPOS="750" WIDTH="140" HEIGHT="35" WC="0.96" CONTENT="enklare"/><SP WIDTH="27" VPOS="750" HPOS="1541"/>
							<String ID="string_79" HPOS="1568" VPOS="754" WIDTH="115" HEIGHT="45" WC="0.96" CONTENT="vägar"/><SP WIDTH="26" VPOS="754" HPOS="1683"/>
							<String ID="string_80" HPOS="1709" VPOS="753" WIDTH="48" HEIGHT="46" WC="0.96" CONTENT="på"/><SP WIDTH="27" VPOS="753" HPOS="1757"/>
							<String ID="string_81" HPOS="1784" VPOS="756" WIDTH="104" HEIGHT="31" WC="0.96" CONTENT="extra"/><SP WIDTH="19" VPOS="756" HPOS="1888"/>
							<String ID="string_82" HPOS="1907" VPOS="756" WIDTH="76" HEIGHT="31" WC="0.96" CONTENT="stat"/>
						</TextLine>
						<TextLine ID="line_9" HPOS="794" VPOS="799" WIDTH="1187" HEIGHT="51">
							<String ID="string_83" HPOS="794" VPOS="800" WIDTH="60" HEIGHT="36" WC="0.96" CONTENT="för"/><SP WIDTH="27" VPOS="800" HPOS="854"/>
							<String ID="string_84" HPOS="881" VPOS="799" WIDTH="103" HEIGHT="37" WC="0.95" CONTENT="tiden"/><SP WIDTH="31" VPOS="799" HPOS="984"/>
							<String ID="string_85" HPOS="1015" VPOS="801" WIDTH="17" HEIGHT="34" WC="0.93" CONTENT="1"/><SP WIDTH="26" VPOS="801" HPOS="1032"/>
							<String ID="string_86" HPOS="1058" VPOS="800" WIDTH="253" HEIGHT="48" WC="0.86" CONTENT="januari—30"/><SP WIDTH="23" VPOS="800" HPOS="1311"/>
							<String ID="string_87" HPOS="1334" VPOS="801" WIDTH="86" HEIGHT="49" WC="0.96" CONTENT="juni"/><SP WIDTH="32" VPOS="801" HPOS="1420"/>
							<String ID="string_88" HPOS="1452" VPOS="802" WIDTH="96" HEIGHT="35" WC="0.96" CONTENT="1923"/><SP WIDTH="30" VPOS="802" HPOS="1548"/>
							<String ID="string_89" HPOS="1578" VPOS="802" WIDTH="130" HEIGHT="36" WC="0.96" CONTENT="anvisa"/><SP WIDTH="28" VPOS="802" HPOS="1708"/>
							<String ID="string_90" HPOS="1736" VPOS="808" WIDTH="52" HEIGHT="30" WC="0.93" CONTENT="ett"/><SP WIDTH="27" VPOS="808" HPOS="1788"/>
							<String ID="string_91" HPOS="1815" VPOS="815" WIDTH="166" HEIGHT="24" WC="0.91" CONTENT="reserva-"/>
						</TextLine>
						<TextLine ID="line_10" HPOS="795" VPOS="852" WIDTH="691" HEIGHT="47">
							<String ID="string_92" HPOS="795" VPOS="852" WIDTH="237" HEIGHT="47" WC="0.91" CONTENT="tionsanslag"/><SP WIDTH="28" VPOS="852" HPOS="1032"/>
							<String ID="string_93" HPOS="1060" VPOS="865" WIDTH="46" HEIGHT="23" WC="0.93" CONTENT="av"/><SP WIDTH="29" VPOS="865" HPOS="1106"/>
							<String ID="string_94" HPOS="1135" VPOS="853" WIDTH="165" HEIGHT="46" WC="0.92" CONTENT="600,000"/><SP WIDTH="28" VPOS="853" HPOS="1300"/>
							<String ID="string_95" HPOS="1328" VPOS="852" WIDTH="158" HEIGHT="45" WC="0.96" CONTENT="kronor;"/>
						</TextLine>
						<TextLine ID="line_11" HPOS="897" VPOS="901" WIDTH="1083" HEIGHT="72">
							<String ID="string_96" HPOS="897" VPOS="902" WIDTH="39" HEIGHT="49" WC="0.89" CONTENT="b)"/><SP WIDTH="30" VPOS="902" HPOS="936"/>
							<String ID="string_97" HPOS="966" VPOS="908" WIDTH="53" HEIGHT="31" WC="0.96" CONTENT="att"/><SP WIDTH="27" VPOS="908" HPOS="1019"/>
							<String ID="string_98" HPOS="1046" VPOS="903" WIDTH="84" HEIGHT="37" WC="0.96" CONTENT="herr"/><SP WIDTH="18" VPOS="903" HPOS="1130"/>
							<String ID="string_99" HPOS="1148" VPOS="903" WIDTH="210" HEIGHT="50" WC="0.93" CONTENT="Lindbergs"/><SP WIDTH="21" VPOS="903" HPOS="1358"/>
							<String ID="string_100" HPOS="1379" VPOS="918" WIDTH="47" HEIGHT="22" WC="0.93" CONTENT="m."/><SP WIDTH="18" VPOS="918" HPOS="1426"/>
							<String ID="string_101" HPOS="1444" VPOS="904" WIDTH="36" HEIGHT="36" WC="0.81" CONTENT="fl."/><SP WIDTH="25" VPOS="904" HPOS="1480"/>
							<String ID="string_102" HPOS="1505" VPOS="904" WIDTH="6" HEIGHT="36" WC="0.95" CONTENT="i"/><SP WIDTH="20" VPOS="904" HPOS="1511"/>
							<String ID="string_103" HPOS="1531" VPOS="910" WIDTH="125" HEIGHT="31" WC="0.96" CONTENT="ämnet"/><SP WIDTH="19" VPOS="910" HPOS="1656"/>
							<String ID="string_104" HPOS="1675" VPOS="905" WIDTH="134" HEIGHT="36" WC="0.96" CONTENT="väckta"/><SP WIDTH="19" VPOS="905" HPOS="1809"/>
							<String ID="string_105" HPOS="1828" VPOS="901" WIDTH="152" HEIGHT="72" WC="0.96" CONTENT="motion,"/>
						</TextLine>
						<TextLine ID="line_12" HPOS="793" VPOS="954" WIDTH="1188" HEIGHT="51">
							<String ID="string_106" HPOS="793" VPOS="955" WIDTH="11" HEIGHT="35" WC="0.93" CONTENT="i"/><SP WIDTH="28" VPOS="955" HPOS="804"/>
							<String ID="string_107" HPOS="832" VPOS="954" WIDTH="73" HEIGHT="37" WC="0.96" CONTENT="vad"/><SP WIDTH="42" VPOS="954" HPOS="905"/>
							<String ID="string_108" HPOS="947" VPOS="955" WIDTH="164" HEIGHT="37" WC="0.94" CONTENT="nämnda"/><SP WIDTH="40" VPOS="955" HPOS="1111"/>
							<String ID="string_109" HPOS="1151" VPOS="956" WIDTH="142" HEIGHT="36" WC="0.94" CONTENT="motion"/><SP WIDTH="41" VPOS="956" HPOS="1293"/>
							<String ID="string_110" HPOS="1334" VPOS="969" WIDTH="110" HEIGHT="23" WC="0.92" CONTENT="avser"/><SP WIDTH="39" VPOS="969" HPOS="1444"/>
							<String ID="string_111" HPOS="1483" VPOS="956" WIDTH="206" HEIGHT="37" WC="0.91" CONTENT="anvisande"/><SP WIDTH="36" VPOS="956" HPOS="1689"/>
							<String ID="string_112" HPOS="1725" VPOS="970" WIDTH="45" HEIGHT="23" WC="0.96" CONTENT="av"/><SP WIDTH="29" VPOS="970" HPOS="1770"/>
							<String ID="string_113" HPOS="1799" VPOS="957" WIDTH="134" HEIGHT="48" WC="0.93" CONTENT="anslag"/><SP WIDTH="28" VPOS="957" HPOS="1933"/>
							<String ID="string_114" HPOS="1961" VPOS="960" WIDTH="20" HEIGHT="33" WC="0.91" CONTENT="å"/>
						</TextLine>
						<TextLine ID="line_13" HPOS="794" VPOS="1007" WIDTH="1187" HEIGHT="50">
							<String ID="string_115" HPOS="794" VPOS="1007" WIDTH="234" HEIGHT="47" WC="0.91" CONTENT="tilläggsstat"/><SP WIDTH="29" VPOS="1007" HPOS="1028"/>
							<String ID="string_116" HPOS="1057" VPOS="1007" WIDTH="57" HEIGHT="37" WC="0.97" CONTENT="för"/><SP WIDTH="27" VPOS="1007" HPOS="1114"/>
							<String ID="string_117" HPOS="1141" VPOS="1008" WIDTH="240" HEIGHT="48" WC="0.96" CONTENT="anläggning"/><SP WIDTH="29" VPOS="1008" HPOS="1381"/>
							<String ID="string_118" HPOS="1410" VPOS="1022" WIDTH="47" HEIGHT="22" WC="0.96" CONTENT="av"/><SP WIDTH="29" VPOS="1022" HPOS="1457"/>
							<String ID="string_119" HPOS="1486" VPOS="1008" WIDTH="149" HEIGHT="37" WC="0.96" CONTENT="enklare"/><SP WIDTH="28" VPOS="1008" HPOS="1635"/>
							<String ID="string_120" HPOS="1663" VPOS="1013" WIDTH="129" HEIGHT="44" WC="0.96" CONTENT="vägar,"/><SP WIDTH="28" VPOS="1013" HPOS="1792"/>
							<String ID="string_121" HPOS="1820" VPOS="1009" WIDTH="82" HEIGHT="36" WC="0.96" CONTENT="icke"/><SP WIDTH="19" VPOS="1009" HPOS="1902"/>
							<String ID="string_122" HPOS="1921" VPOS="1012" WIDTH="60" HEIGHT="33" WC="0.96" CONTENT="må"/>
						</TextLine>
						<TextLine ID="line_14" HPOS="795" VPOS="1058" WIDTH="463" HEIGHT="48">
							<String ID="string_123" HPOS="795" VPOS="1071" WIDTH="45" HEIGHT="22" WC="0.96" CONTENT="av"/><SP WIDTH="26" VPOS="1071" HPOS="840"/>
							<String ID="string_124" HPOS="866" VPOS="1058" WIDTH="204" HEIGHT="48" WC="0.93" CONTENT="riksdagen"/><SP WIDTH="29" VPOS="1058" HPOS="1070"/>
							<String ID="string_125" HPOS="1099" VPOS="1059" WIDTH="159" HEIGHT="36" WC="0.91" CONTENT="bifallas."/>
						</TextLine>
					</TextBlock>
				</ComposedBlock>
				<ComposedBlock ID="cblock_4" HPOS="169" VPOS="1178" WIDTH="1813" HEIGHT="162">
					<TextBlock ID="block_4" HPOS="169" VPOS="1178" WIDTH="1813" HEIGHT="162">
						<TextLine ID="line_15" HPOS="169" VPOS="1178" WIDTH="1812" HEIGHT="59">
							<String ID="string_126" HPOS="169" VPOS="1201" WIDTH="115" HEIGHT="23" WC="0.96" CONTENT="Enklare"/><SP WIDTH="20" VPOS="1201" HPOS="284"/>
							<String ID="string_127" HPOS="304" VPOS="1203" WIDTH="52" HEIGHT="27" WC="0.96" CONTENT="väg"/><SP WIDTH="132" VPOS="1203" HPOS="356"/>
							<String ID="string_128" HPOS="488" VPOS="1184" WIDTH="73" HEIGHT="49" WC="0.48" CONTENT="3:0)"/><SP WIDTH="41" VPOS="1184" HPOS="561"/>
							<String ID="string_129" HPOS="602" VPOS="1178" WIDTH="136" HEIGHT="44" WC="0.96" CONTENT="Vidare"/><SP WIDTH="40" VPOS="1178" HPOS="738"/>
							<String ID="string_130" HPOS="778" VPOS="1185" WIDTH="67" HEIGHT="36" WC="0.96" CONTENT="har"/><SP WIDTH="40" VPOS="1185" HPOS="845"/>
							<String ID="string_131" HPOS="885" VPOS="1186" WIDTH="141" HEIGHT="48" WC="0.96" CONTENT="Kungl."/><SP WIDTH="30" VPOS="1186" HPOS="1026"/>
							<String ID="string_132" HPOS="1056" VPOS="1186" WIDTH="107" HEIGHT="49" WC="0.96" CONTENT="Maj:t"/><SP WIDTH="41" VPOS="1186" HPOS="1163"/>
							<String ID="string_133" HPOS="1204" VPOS="1185" WIDTH="134" HEIGHT="50" WC="0.96" CONTENT="(punkt"/><SP WIDTH="31" VPOS="1185" HPOS="1338"/>
							<String ID="string_134" HPOS="1369" VPOS="1186" WIDTH="59" HEIGHT="49" WC="0.96" CONTENT="16)"/><SP WIDTH="44" VPOS="1186" HPOS="1428"/>
							<String ID="string_135" HPOS="1472" VPOS="1187" WIDTH="193" HEIGHT="49" WC="0.96" CONTENT="föreslagit"/><SP WIDTH="28" VPOS="1187" HPOS="1665"/>
							<String ID="string_136" HPOS="1693" VPOS="1187" WIDTH="205" HEIGHT="50" WC="0.95" CONTENT="riksdagen"/><SP WIDTH="29" VPOS="1187" HPOS="1898"/>
							<String ID="string_137" HPOS="1927" VPOS="1195" WIDTH="54" HEIGHT="30" WC="0.96" CONTENT="att"/>
						</TextLine>
						<TextLine ID="line_16" HPOS="170" VPOS="1235" WIDTH="1811" HEIGHT="58">
							<String ID="string_138" HPOS="170" VPOS="1235" WIDTH="178" HEIGHT="58" WC="0.0" CONTENT="Porkajoke&quot;"/><SP WIDTH="35" VPOS="1235" HPOS="348"/>
							<String ID="string_139" HPOS="383" VPOS="1236" WIDTH="59" HEIGHT="36" WC="0.92" CONTENT="för"/><SP WIDTH="35" VPOS="1236" HPOS="442"/>
							<String ID="string_140" HPOS="477" VPOS="1237" WIDTH="244" HEIGHT="49" WC="0.90" CONTENT="-anläggning"/><SP WIDTH="28" VPOS="1237" HPOS="721"/>
							<String ID="string_141" HPOS="749" VPOS="1250" WIDTH="46" HEIGHT="23" WC="0.96" CONTENT="av"/><SP WIDTH="27" VPOS="1250" HPOS="795"/>
							<String ID="string_142" HPOS="822" VPOS="1237" WIDTH="153" HEIGHT="37" WC="0.96" CONTENT="enklare"/><SP WIDTH="41" VPOS="1237" HPOS="975"/>
							<String ID="string_143" HPOS="1016" VPOS="1243" WIDTH="75" HEIGHT="43" WC="0.94" CONTENT="väg"/><SP WIDTH="40" VPOS="1243" HPOS="1091"/>
							<String ID="string_144" HPOS="1131" VPOS="1238" WIDTH="136" HEIGHT="36" WC="0.93" CONTENT="mellan"/><SP WIDTH="39" VPOS="1238" HPOS="1267"/>
							<String ID="string_145" HPOS="1306" VPOS="1238" WIDTH="206" HEIGHT="48" WC="0.92" CONTENT="Parkajoki"/><SP WIDTH="28" VPOS="1238" HPOS="1512"/>
							<String ID="string_146" HPOS="1540" VPOS="1217" WIDTH="92" HEIGHT="58" WC="0.93" CONTENT="och"/><SP WIDTH="5" VPOS="1217" HPOS="1632"/>
							<String ID="string_147" HPOS="1637" VPOS="1239" WIDTH="305" HEIGHT="37" WC="0.92" CONTENT="Muonionalusta"/><SP WIDTH="28" VPOS="1239" HPOS="1942"/>
							<String ID="string_148" HPOS="1970" VPOS="1241" WIDTH="11" HEIGHT="35" WC="0.96" CONTENT="i"/>
						</TextLine>
						<TextLine ID="line_17" HPOS="222" VPOS="1287" WIDTH="1760" HEIGHT="53">
							<String ID="string_149" HPOS="222" VPOS="1287" WIDTH="77" HEIGHT="41" WC="0.50" CONTENT="Zusta."/><SP WIDTH="52" VPOS="1287" HPOS="299"/>
							<String ID="string_150" HPOS="351" VPOS="1283" WIDTH="20" HEIGHT="61" WC="0.0" CONTENT="."/><SP WIDTH="11" VPOS="1283" HPOS="371"/>
							<String ID="string_151" HPOS="382" VPOS="1288" WIDTH="251" HEIGHT="37" WC="0.95" CONTENT="Norrbottens"/><SP WIDTH="37" VPOS="1288" HPOS="633"/>
							<String ID="string_152" HPOS="670" VPOS="1289" WIDTH="61" HEIGHT="36" WC="0.96" CONTENT="län"/><SP WIDTH="27" VPOS="1289" HPOS="731"/>
							<String ID="string_153" HPOS="758" VPOS="1292" WIDTH="48" HEIGHT="45" WC="0.96" CONTENT="på"/><SP WIDTH="28" VPOS="1292" HPOS="806"/>
							<String ID="string_154" HPOS="834" VPOS="1295" WIDTH="106" HEIGHT="30" WC="0.96" CONTENT="extra"/><SP WIDTH="28" VPOS="1295" HPOS="940"/>
							<String ID="string_155" HPOS="968" VPOS="1294" WIDTH="73" HEIGHT="31" WC="0.96" CONTENT="stat"/><SP WIDTH="27" VPOS="1294" HPOS="1041"/>
							<String ID="string_156" HPOS="1068" VPOS="1289" WIDTH="57" HEIGHT="36" WC="0.96" CONTENT="för"/><SP WIDTH="27" VPOS="1289" HPOS="1125"/>
							<String ID="string_157" HPOS="1152" VPOS="1289" WIDTH="103" HEIGHT="37" WC="0.96" CONTENT="tiden"/><SP WIDTH="31" VPOS="1289" HPOS="1255"/>
							<String ID="string_158" HPOS="1286" VPOS="1292" WIDTH="17" HEIGHT="33" WC="0.91" CONTENT="1"/><SP WIDTH="27" VPOS="1292" HPOS="1303"/>
							<String ID="string_159" HPOS="1330" VPOS="1290" WIDTH="255" HEIGHT="49" WC="0.85" CONTENT="januari—30"/><SP WIDTH="24" VPOS="1290" HPOS="1585"/>
							<String ID="string_160" HPOS="1609" VPOS="1291" WIDTH="84" HEIGHT="49" WC="0.96" CONTENT="juni"/><SP WIDTH="32" VPOS="1291" HPOS="1693"/>
							<String ID="string_161" HPOS="1725" VPOS="1293" WIDTH="95" HEIGHT="35" WC="0.96" CONTENT="1923"/><SP WIDTH="31" VPOS="1293" HPOS="1820"/>
							<String ID="string_162" HPOS="1851" VPOS="1292" WIDTH="131" HEIGHT="36" WC="0.96" CONTENT="anvisa"/>
						</TextLine>
					</TextBlock>
				</ComposedBlock>
				<ComposedBlock ID="cblock_5" HPOS="383" VPOS="1340" WIDTH="882" HEIGHT="48">
					<TextBlock ID="block_5" HPOS="383" VPOS="1340" WIDTH="882" HEIGHT="48">
						<TextLine ID="line_18" HPOS="383" VPOS="1340" WIDTH="882" HEIGHT="48">
							<String ID="string_163" HPOS="383" VPOS="1346" WIDTH="53" HEIGHT="30" WC="0.93" CONTENT="ett"/><SP WIDTH="26" VPOS="1346" HPOS="436"/>
							<String ID="string_164" HPOS="462" VPOS="1340" WIDTH="386" HEIGHT="48" WC="0.92" CONTENT="reservationsanslag"/><SP WIDTH="27" VPOS="1340" HPOS="848"/>
							<String ID="string_165" HPOS="875" VPOS="1354" WIDTH="47" HEIGHT="23" WC="0.93" CONTENT="av"/><SP WIDTH="30" VPOS="1354" HPOS="922"/>
							<String ID="string_166" HPOS="952" VPOS="1342" WIDTH="137" HEIGHT="46" WC="0.91" CONTENT="25,000"/><SP WIDTH="28" VPOS="1342" HPOS="1089"/>
							<String ID="string_167" HPOS="1117" VPOS="1341" WIDTH="148" HEIGHT="37" WC="0.96" CONTENT="kronor."/>
						</TextLine>
					</TextBlock>
				</ComposedBlock>
				<ComposedBlock ID="cblock_6" HPOS="380" VPOS="1442" WIDTH="1604" HEIGHT="463">
					<TextBlock ID="block_6" HPOS="486" VPOS="1442" WIDTH="768" HEIGHT="50">
						<TextLine ID="line_19" HPOS="486" VPOS="1442" WIDTH="768" HEIGHT="50">
							<String ID="string_168" HPOS="486" VPOS="1442" WIDTH="423" HEIGHT="50" WC="0.91" CONTENT="Departementschefen"/><SP WIDTH="29" VPOS="1442" HPOS="909"/>
							<String ID="string_169" HPOS="938" VPOS="1444" WIDTH="107" HEIGHT="35" WC="0.96" CONTENT="anför"/><SP WIDTH="27" VPOS="1444" HPOS="1045"/>
							<String ID="string_170" HPOS="1072" VPOS="1443" WIDTH="182" HEIGHT="49" WC="0.96" CONTENT="följande:"/>
						</TextLine>
					</TextBlock>
					<TextBlock ID="block_7" HPOS="380" VPOS="1494" WIDTH="1604" HEIGHT="192">
						<TextLine ID="line_20" HPOS="486" VPOS="1494" WIDTH="1497" HEIGHT="51">
							<String ID="string_171" HPOS="486" VPOS="1494" WIDTH="105" HEIGHT="36" WC="0.92" CONTENT="»Med"/><SP WIDTH="29" VPOS="1494" HPOS="591"/>
							<String ID="string_172" HPOS="620" VPOS="1494" WIDTH="105" HEIGHT="37" WC="0.96" CONTENT="bifall"/><SP WIDTH="27" VPOS="1494" HPOS="725"/>
							<String ID="string_173" HPOS="752" VPOS="1495" WIDTH="56" HEIGHT="35" WC="0.96" CONTENT="till"/><SP WIDTH="27" VPOS="1495" HPOS="808"/>
							<String ID="string_174" HPOS="835" VPOS="1495" WIDTH="143" HEIGHT="47" WC="0.94" CONTENT="Kungl."/><SP WIDTH="21" VPOS="1495" HPOS="978"/>
							<String ID="string_175" HPOS="999" VPOS="1495" WIDTH="127" HEIGHT="48" WC="0.96" CONTENT="Maj:ts"/><SP WIDTH="29" VPOS="1495" HPOS="1126"/>
							<String ID="string_176" HPOS="1155" VPOS="1496" WIDTH="141" HEIGHT="48" WC="0.96" CONTENT="förslag"/><SP WIDTH="27" VPOS="1496" HPOS="1296"/>
							<String ID="string_177" HPOS="1323" VPOS="1495" WIDTH="12" HEIGHT="36" WC="0.96" CONTENT="i"/><SP WIDTH="28" VPOS="1495" HPOS="1335"/>
							<String ID="string_178" HPOS="1363" VPOS="1500" WIDTH="127" HEIGHT="32" WC="0.96" CONTENT="ämnet"/><SP WIDTH="27" VPOS="1500" HPOS="1490"/>
							<String ID="string_179" HPOS="1517" VPOS="1496" WIDTH="67" HEIGHT="36" WC="0.96" CONTENT="har"/><SP WIDTH="26" VPOS="1496" HPOS="1584"/>
							<String ID="string_180" HPOS="1610" VPOS="1496" WIDTH="201" HEIGHT="49" WC="0.95" CONTENT="riksdagen"/><SP WIDTH="29" VPOS="1496" HPOS="1811"/>
							<String ID="string_181" HPOS="1840" VPOS="1498" WIDTH="57" HEIGHT="35" WC="0.93" CONTENT="för"/><SP WIDTH="20" VPOS="1498" HPOS="1897"/>
							<String ID="string_182" HPOS="1917" VPOS="1511" WIDTH="66" HEIGHT="22" WC="0.92" CONTENT="an-"/>
						</TextLine>
						<TextLine ID="line_21" HPOS="380" VPOS="1546" WIDTH="1601" HEIGHT="64">
							<String ID="string_183" HPOS="380" VPOS="1546" WIDTH="192" HEIGHT="49" WC="0.96" CONTENT="läggning"/><SP WIDTH="39" VPOS="1546" HPOS="572"/>
							<String ID="string_184" HPOS="611" VPOS="1559" WIDTH="47" HEIGHT="22" WC="0.96" CONTENT="av"/><SP WIDTH="42" VPOS="1559" HPOS="658"/>
							<String ID="string_185" HPOS="700" VPOS="1546" WIDTH="150" HEIGHT="36" WC="0.95" CONTENT="enklare"/><SP WIDTH="36" VPOS="1546" HPOS="850"/>
							<String ID="string_186" HPOS="886" VPOS="1551" WIDTH="84" HEIGHT="59" WC="0.96" CONTENT="väg"/><SP WIDTH="35" VPOS="1551" HPOS="970"/>
							<String ID="string_187" HPOS="1005" VPOS="1547" WIDTH="135" HEIGHT="36" WC="0.95" CONTENT="mellan"/><SP WIDTH="29" VPOS="1547" HPOS="1140"/>
							<String ID="string_188" HPOS="1169" VPOS="1547" WIDTH="203" HEIGHT="63" WC="0.91" CONTENT="Parkajoki"/><SP WIDTH="29" VPOS="1547" HPOS="1372"/>
							<String ID="string_189" HPOS="1401" VPOS="1547" WIDTH="70" HEIGHT="37" WC="0.93" CONTENT="och"/><SP WIDTH="27" VPOS="1547" HPOS="1471"/>
							<String ID="string_190" HPOS="1498" VPOS="1547" WIDTH="301" HEIGHT="37" WC="0.91" CONTENT="Muonionalusta"/><SP WIDTH="27" VPOS="1547" HPOS="1799"/>
							<String ID="string_191" HPOS="1826" VPOS="1549" WIDTH="13" HEIGHT="35" WC="0.93" CONTENT="i"/><SP WIDTH="26" VPOS="1549" HPOS="1839"/>
							<String ID="string_192" HPOS="1865" VPOS="1548" WIDTH="116" HEIGHT="37" WC="0.92" CONTENT="Norr-"/>
						</TextLine>
						<TextLine ID="line_22" HPOS="382" VPOS="1598" WIDTH="1602" HEIGHT="52">
							<String ID="string_193" HPOS="382" VPOS="1598" WIDTH="151" HEIGHT="36" WC="0.92" CONTENT="bottens"/><SP WIDTH="42" VPOS="1598" HPOS="533"/>
							<String ID="string_194" HPOS="575" VPOS="1598" WIDTH="62" HEIGHT="35" WC="0.95" CONTENT="län"/><SP WIDTH="41" VPOS="1598" HPOS="637"/>
							<String ID="string_195" HPOS="678" VPOS="1598" WIDTH="148" HEIGHT="36" WC="0.96" CONTENT="anvisat"/><SP WIDTH="27" VPOS="1598" HPOS="826"/>
							<String ID="string_196" HPOS="853" VPOS="1601" WIDTH="49" HEIGHT="45" WC="0.93" CONTENT="på"/><SP WIDTH="28" VPOS="1601" HPOS="902"/>
							<String ID="string_197" HPOS="930" VPOS="1598" WIDTH="233" HEIGHT="49" WC="0.92" CONTENT="tilläggsstat"/><SP WIDTH="29" VPOS="1598" HPOS="1163"/>
							<String ID="string_198" HPOS="1192" VPOS="1599" WIDTH="58" HEIGHT="36" WC="0.96" CONTENT="för"/><SP WIDTH="29" VPOS="1599" HPOS="1250"/>
							<String ID="string_199" HPOS="1279" VPOS="1601" WIDTH="40" HEIGHT="33" WC="0.97" CONTENT="år"/><SP WIDTH="30" VPOS="1601" HPOS="1319"/>
							<String ID="string_200" HPOS="1349" VPOS="1600" WIDTH="95" HEIGHT="35" WC="0.91" CONTENT="1921"/><SP WIDTH="33" VPOS="1600" HPOS="1444"/>
							<String ID="string_201" HPOS="1477" VPOS="1600" WIDTH="164" HEIGHT="47" WC="0.89" CONTENT="250,000"/><SP WIDTH="28" VPOS="1600" HPOS="1641"/>
							<String ID="string_202" HPOS="1669" VPOS="1600" WIDTH="138" HEIGHT="36" WC="0.96" CONTENT="kronor"/><SP WIDTH="27" VPOS="1600" HPOS="1807"/>
							<String ID="string_203" HPOS="1834" VPOS="1601" WIDTH="71" HEIGHT="36" WC="0.96" CONTENT="och"/><SP WIDTH="28" VPOS="1601" HPOS="1905"/>
							<String ID="string_204" HPOS="1933" VPOS="1604" WIDTH="51" HEIGHT="46" WC="0.96" CONTENT="på"/>
						</TextLine>
						<TextLine ID="line_23" HPOS="383" VPOS="1649" WIDTH="862" HEIGHT="44">
							<String ID="string_205" HPOS="383" VPOS="1655" WIDTH="106" HEIGHT="30" WC="0.96" CONTENT="extra"/><SP WIDTH="29" VPOS="1655" HPOS="489"/>
							<String ID="string_206" HPOS="518" VPOS="1654" WIDTH="74" HEIGHT="31" WC="0.95" CONTENT="stat"/><SP WIDTH="29" VPOS="1654" HPOS="592"/>
							<String ID="string_207" HPOS="621" VPOS="1649" WIDTH="58" HEIGHT="36" WC="0.96" CONTENT="för"/><SP WIDTH="28" VPOS="1649" HPOS="679"/>
							<String ID="string_208" HPOS="707" VPOS="1652" WIDTH="39" HEIGHT="33" WC="0.96" CONTENT="år"/><SP WIDTH="29" VPOS="1652" HPOS="746"/>
							<String ID="string_209" HPOS="775" VPOS="1651" WIDTH="97" HEIGHT="35" WC="0.93" CONTENT="1922"/><SP WIDTH="33" VPOS="1651" HPOS="872"/>
							<String ID="string_210" HPOS="905" VPOS="1651" WIDTH="162" HEIGHT="42" WC="0.88" CONTENT="175,000"/><SP WIDTH="28" VPOS="1651" HPOS="1067"/>
							<String ID="string_211" HPOS="1095" VPOS="1650" WIDTH="150" HEIGHT="36" WC="0.95" CONTENT="kronor."/>
						</TextLine>
					</TextBlock>
					<TextBlock ID="block_8" HPOS="382" VPOS="1678" WIDTH="1602" HEIGHT="227">
						<TextLine ID="line_24" HPOS="487" VPOS="1678" WIDTH="1497" HEIGHT="73">
							<String ID="string_212" HPOS="487" VPOS="1700" WIDTH="72" HEIGHT="37" WC="0.92" CONTENT="Vid"/><SP WIDTH="29" VPOS="1700" HPOS="559"/>
							<String ID="string_213" HPOS="588" VPOS="1701" WIDTH="310" HEIGHT="49" WC="0.91" CONTENT="anslagsfrågans"/><SP WIDTH="29" VPOS="1701" HPOS="898"/>
							<String ID="string_214" HPOS="927" VPOS="1678" WIDTH="286" HEIGHT="72" WC="0.90" CONTENT="framläggande"/><SP WIDTH="28" VPOS="1678" HPOS="1213"/>
							<String ID="string_215" HPOS="1241" VPOS="1702" WIDTH="59" HEIGHT="36" WC="0.96" CONTENT="för"/><SP WIDTH="26" VPOS="1702" HPOS="1300"/>
							<String ID="string_216" HPOS="1326" VPOS="1702" WIDTH="205" HEIGHT="48" WC="0.95" CONTENT="riksdagen"/><SP WIDTH="27" VPOS="1702" HPOS="1531"/>
							<String ID="string_217" HPOS="1558" VPOS="1702" WIDTH="230" HEIGHT="49" WC="0.96" CONTENT="förutsattes,"/><SP WIDTH="25" VPOS="1702" HPOS="1788"/>
							<String ID="string_218" HPOS="1813" VPOS="1709" WIDTH="54" HEIGHT="30" WC="0.92" CONTENT="att"/><SP WIDTH="20" VPOS="1709" HPOS="1867"/>
							<String ID="string_219" HPOS="1887" VPOS="1706" WIDTH="97" HEIGHT="34" WC="0.91" CONTENT="åter-"/>
						</TextLine>
						<TextLine ID="line_25" HPOS="383" VPOS="1752" WIDTH="1598" HEIGHT="51">
							<String ID="string_220" HPOS="383" VPOS="1752" WIDTH="153" HEIGHT="37" WC="0.96" CONTENT="stående"/><SP WIDTH="41" VPOS="1752" HPOS="536"/>
							<String ID="string_221" HPOS="577" VPOS="1752" WIDTH="194" HEIGHT="49" WC="0.96" CONTENT="behövligt"/><SP WIDTH="42" VPOS="1752" HPOS="771"/>
							<String ID="string_222" HPOS="813" VPOS="1753" WIDTH="149" HEIGHT="49" WC="0.91" CONTENT="belopp,"/><SP WIDTH="45" VPOS="1753" HPOS="962"/>
							<String ID="string_223" HPOS="1007" VPOS="1754" WIDTH="162" HEIGHT="47" WC="0.87" CONTENT="150,000"/><SP WIDTH="29" VPOS="1754" HPOS="1169"/>
							<String ID="string_224" HPOS="1198" VPOS="1754" WIDTH="149" HEIGHT="47" WC="0.95" CONTENT="kronor,"/><SP WIDTH="30" VPOS="1754" HPOS="1347"/>
							<String ID="string_225" HPOS="1377" VPOS="1753" WIDTH="122" HEIGHT="37" WC="0.96" CONTENT="skulle"/><SP WIDTH="28" VPOS="1753" HPOS="1499"/>
							<String ID="string_226" HPOS="1527" VPOS="1754" WIDTH="157" HEIGHT="49" WC="0.96" CONTENT="beviljas"/><SP WIDTH="30" VPOS="1754" HPOS="1684"/>
							<String ID="string_227" HPOS="1714" VPOS="1755" WIDTH="57" HEIGHT="36" WC="0.97" CONTENT="för"/><SP WIDTH="28" VPOS="1755" HPOS="1771"/>
							<String ID="string_228" HPOS="1799" VPOS="1758" WIDTH="40" HEIGHT="33" WC="0.96" CONTENT="år"/><SP WIDTH="30" VPOS="1758" HPOS="1839"/>
							<String ID="string_229" HPOS="1869" VPOS="1757" WIDTH="112" HEIGHT="45" WC="0.96" CONTENT="1923,"/>
						</TextLine>
						<TextLine ID="line_26" HPOS="383" VPOS="1804" WIDTH="1600" HEIGHT="50">
							<String ID="string_230" HPOS="383" VPOS="1804" WIDTH="70" HEIGHT="36" WC="0.96" CONTENT="och"/><SP WIDTH="28" VPOS="1804" HPOS="453"/>
							<String ID="string_231" HPOS="481" VPOS="1804" WIDTH="68" HEIGHT="36" WC="0.93" CONTENT="har"/><SP WIDTH="26" VPOS="1804" HPOS="549"/>
							<String ID="string_232" HPOS="575" VPOS="1808" WIDTH="92" HEIGHT="44" WC="0.91" CONTENT="väg-"/><SP WIDTH="29" VPOS="1808" HPOS="667"/>
							<String ID="string_233" HPOS="696" VPOS="1805" WIDTH="70" HEIGHT="35" WC="0.93" CONTENT="och"/><SP WIDTH="27" VPOS="1805" HPOS="766"/>
							<String ID="string_234" HPOS="793" VPOS="1805" WIDTH="520" HEIGHT="49" WC="0.91" CONTENT="vattenbyggnadsstyrelsen"/><SP WIDTH="28" VPOS="1805" HPOS="1313"/>
							<String ID="string_235" HPOS="1341" VPOS="1805" WIDTH="129" HEIGHT="36" WC="0.93" CONTENT="därför"/><SP WIDTH="17" VPOS="1805" HPOS="1470"/>
							<String ID="string_236" HPOS="1487" VPOS="1806" WIDTH="189" HEIGHT="36" WC="0.92" CONTENT="hemställt"/><SP WIDTH="20" VPOS="1806" HPOS="1676"/>
							<String ID="string_237" HPOS="1696" VPOS="1819" WIDTH="59" HEIGHT="23" WC="0.93" CONTENT="om"/><SP WIDTH="21" VPOS="1819" HPOS="1755"/>
							<String ID="string_238" HPOS="1776" VPOS="1807" WIDTH="207" HEIGHT="36" WC="0.91" CONTENT="anvisande"/>
						</TextLine>
						<TextLine ID="line_27" HPOS="382" VPOS="1855" WIDTH="1202" HEIGHT="50">
							<String ID="string_239" HPOS="382" VPOS="1856" WIDTH="59" HEIGHT="35" WC="0.96" CONTENT="för"/><SP WIDTH="28" VPOS="1856" HPOS="441"/>
							<String ID="string_240" HPOS="469" VPOS="1855" WIDTH="212" HEIGHT="37" WC="0.96" CONTENT="ändamålet"/><SP WIDTH="28" VPOS="1855" HPOS="681"/>
							<String ID="string_241" HPOS="709" VPOS="1869" WIDTH="45" HEIGHT="23" WC="0.93" CONTENT="av"/><SP WIDTH="32" VPOS="1869" HPOS="754"/>
							<String ID="string_242" HPOS="786" VPOS="1858" WIDTH="136" HEIGHT="46" WC="0.91" CONTENT="75,000"/><SP WIDTH="30" VPOS="1858" HPOS="922"/>
							<String ID="string_243" HPOS="952" VPOS="1856" WIDTH="136" HEIGHT="37" WC="0.92" CONTENT="kronor"/><SP WIDTH="27" VPOS="1856" HPOS="1088"/>
							<String ID="string_244" HPOS="1115" VPOS="1860" WIDTH="21" HEIGHT="33" WC="0.92" CONTENT="å"/><SP WIDTH="28" VPOS="1860" HPOS="1136"/>
							<String ID="string_245" HPOS="1164" VPOS="1857" WIDTH="420" HEIGHT="48" WC="0.90" CONTENT="övergångsbudgeten."/>
						</TextLine>
					</TextBlock>
				</ComposedBlock>
				<ComposedBlock ID="cblock_7" HPOS="382" VPOS="1932" WIDTH="1600" HEIGHT="205">
					<TextBlock ID="block_9" HPOS="382" VPOS="1932" WIDTH="1600" HEIGHT="205">
						<TextLine ID="line_28" HPOS="486" VPOS="1932" WIDTH="1495" HEIGHT="52">
							<String ID="string_246" HPOS="486" VPOS="1932" WIDTH="58" HEIGHT="36" WC="0.96" CONTENT="Då"/><SP WIDTH="28" VPOS="1932" HPOS="544"/>
							<String ID="string_247" HPOS="572" VPOS="1932" WIDTH="63" HEIGHT="36" WC="0.96" CONTENT="det"/><SP WIDTH="27" VPOS="1932" HPOS="635"/>
							<String ID="string_248" HPOS="662" VPOS="1933" WIDTH="59" HEIGHT="36" WC="0.96" CONTENT="för"/><SP WIDTH="27" VPOS="1933" HPOS="721"/>
							<String ID="string_249" HPOS="748" VPOS="1935" WIDTH="39" HEIGHT="33" WC="0.96" CONTENT="år"/><SP WIDTH="30" VPOS="1935" HPOS="787"/>
							<String ID="string_250" HPOS="817" VPOS="1935" WIDTH="96" HEIGHT="34" WC="0.96" CONTENT="1921"/><SP WIDTH="32" VPOS="1935" HPOS="913"/>
							<String ID="string_251" HPOS="945" VPOS="1934" WIDTH="176" HEIGHT="36" WC="0.96" CONTENT="anvisade"/><SP WIDTH="29" VPOS="1934" HPOS="1121"/>
							<String ID="string_252" HPOS="1150" VPOS="1935" WIDTH="170" HEIGHT="47" WC="0.96" CONTENT="anslaget"/><SP WIDTH="28" VPOS="1935" HPOS="1320"/>
							<String ID="string_253" HPOS="1348" VPOS="1934" WIDTH="59" HEIGHT="36" WC="0.96" CONTENT="för"/><SP WIDTH="27" VPOS="1934" HPOS="1407"/>
							<String ID="string_254" HPOS="1434" VPOS="1934" WIDTH="287" HEIGHT="49" WC="0.92" CONTENT="ifrågavarande"/><SP WIDTH="28" VPOS="1934" HPOS="1721"/>
							<String ID="string_255" HPOS="1749" VPOS="1936" WIDTH="232" HEIGHT="48" WC="0.92" CONTENT="väganlägg-"/>
						</TextLine>
						<TextLine ID="line_29" HPOS="383" VPOS="1960" WIDTH="1599" HEIGHT="82">
							<String ID="string_256" HPOS="383" VPOS="1983" WIDTH="94" HEIGHT="59" WC="0.96" CONTENT="ning"/><SP WIDTH="42" VPOS="1983" HPOS="477"/>
							<String ID="string_257" HPOS="519" VPOS="1989" WIDTH="100" HEIGHT="31" WC="0.95" CONTENT="ännu"/><SP WIDTH="29" VPOS="1989" HPOS="619"/>
							<String ID="string_258" HPOS="648" VPOS="1984" WIDTH="82" HEIGHT="36" WC="0.96" CONTENT="icke"/><SP WIDTH="28" VPOS="1984" HPOS="730"/>
							<String ID="string_259" HPOS="758" VPOS="1985" WIDTH="11" HEIGHT="34" WC="0.96" CONTENT="i"/><SP WIDTH="28" VPOS="1985" HPOS="769"/>
							<String ID="string_260" HPOS="797" VPOS="1984" WIDTH="58" HEIGHT="36" WC="0.96" CONTENT="sin"/><SP WIDTH="28" VPOS="1984" HPOS="855"/>
							<String ID="string_261" HPOS="883" VPOS="1984" WIDTH="127" HEIGHT="36" WC="0.96" CONTENT="helhet"/><SP WIDTH="29" VPOS="1984" HPOS="1010"/>
							<String ID="string_262" HPOS="1039" VPOS="1960" WIDTH="240" HEIGHT="76" WC="0.91" CONTENT="förbrukats,"/><SP WIDTH="14" VPOS="1960" HPOS="1279"/>
							<String ID="string_263" HPOS="1293" VPOS="1985" WIDTH="107" HEIGHT="37" WC="0.96" CONTENT="torde"/><SP WIDTH="28" VPOS="1985" HPOS="1400"/>
							<String ID="string_264" HPOS="1428" VPOS="1991" WIDTH="91" HEIGHT="30" WC="0.96" CONTENT="utan"/><SP WIDTH="27" VPOS="1991" HPOS="1519"/>
							<String ID="string_265" HPOS="1546" VPOS="1986" WIDTH="208" HEIGHT="37" WC="0.90" CONTENT="nämnvärd"/><SP WIDTH="28" VPOS="1986" HPOS="1754"/>
							<String ID="string_266" HPOS="1782" VPOS="1987" WIDTH="200" HEIGHT="36" WC="0.90" CONTENT="inskränk-"/>
						</TextLine>
						<TextLine ID="line_30" HPOS="382" VPOS="2035" WIDTH="1600" HEIGHT="51">
							<String ID="string_267" HPOS="382" VPOS="2035" WIDTH="96" HEIGHT="49" WC="0.96" CONTENT="ning"/><SP WIDTH="27" VPOS="2035" HPOS="478"/>
							<String ID="string_268" HPOS="505" VPOS="2036" WIDTH="11" HEIGHT="35" WC="0.93" CONTENT="i"/><SP WIDTH="29" VPOS="2036" HPOS="516"/>
							<String ID="string_269" HPOS="545" VPOS="2035" WIDTH="491" HEIGHT="49" WC="0.91" CONTENT="byggnadsverksamheten"/><SP WIDTH="41" VPOS="2035" HPOS="1036"/>
							<String ID="string_270" HPOS="1077" VPOS="2042" WIDTH="52" HEIGHT="31" WC="0.96" CONTENT="ett"/><SP WIDTH="41" VPOS="2042" HPOS="1129"/>
							<String ID="string_271" HPOS="1170" VPOS="2037" WIDTH="135" HEIGHT="49" WC="0.96" CONTENT="belopp"/><SP WIDTH="42" VPOS="2037" HPOS="1305"/>
							<String ID="string_272" HPOS="1347" VPOS="2051" WIDTH="47" HEIGHT="22" WC="0.92" CONTENT="av"/><SP WIDTH="43" VPOS="2051" HPOS="1394"/>
							<String ID="string_273" HPOS="1437" VPOS="2039" WIDTH="163" HEIGHT="45" WC="0.88" CONTENT="25,000"/><SP WIDTH="16" VPOS="2039" HPOS="1600"/>
							<String ID="string_274" HPOS="1616" VPOS="2038" WIDTH="138" HEIGHT="36" WC="0.65" CONTENT="kronor"/><SP WIDTH="38" VPOS="2038" HPOS="1754"/>
							<String ID="string_275" HPOS="1792" VPOS="2052" WIDTH="92" HEIGHT="22" WC="0.96" CONTENT="vara"/><SP WIDTH="42" VPOS="2052" HPOS="1884"/>
							<String ID="string_276" HPOS="1926" VPOS="2040" WIDTH="56" HEIGHT="35" WC="0.96" CONTENT="för"/>
						</TextLine>
						<TextLine ID="line_31" HPOS="382" VPOS="2087" WIDTH="1438" HEIGHT="50">
							<String ID="string_277" HPOS="382" VPOS="2087" WIDTH="288" HEIGHT="49" WC="0.96" CONTENT="ifrågavarande"/><SP WIDTH="42" VPOS="2087" HPOS="670"/>
							<String ID="string_278" HPOS="712" VPOS="2087" WIDTH="172" HEIGHT="37" WC="0.92" CONTENT="ändamål"/><SP WIDTH="42" VPOS="2087" HPOS="884"/>
							<String ID="string_279" HPOS="926" VPOS="2088" WIDTH="219" HEIGHT="49" WC="0.92" CONTENT="tillräckligt"/><SP WIDTH="41" VPOS="2088" HPOS="1145"/>
							<String ID="string_280" HPOS="1186" VPOS="2089" WIDTH="119" HEIGHT="36" WC="0.91" CONTENT="under"/><SP WIDTH="41" VPOS="2089" HPOS="1305"/>
							<String ID="string_281" HPOS="1346" VPOS="2087" WIDTH="117" HEIGHT="38" WC="0.82" CONTENT="första"/><SP WIDTH="26" VPOS="2087" HPOS="1463"/>
							<String ID="string_282" HPOS="1489" VPOS="2066" WIDTH="172" HEIGHT="60" WC="0.96" CONTENT="halvåret"/><SP WIDTH="31" VPOS="2066" HPOS="1661"/>
							<String ID="string_283" HPOS="1692" VPOS="2091" WIDTH="128" HEIGHT="35" WC="0.90" CONTENT="1923.»"/>
						</TextLine>
					</TextBlock>
				</ComposedBlock>
				<ComposedBlock ID="cblock_8" HPOS="471" VPOS="2189" WIDTH="1508" HEIGHT="52">
					<TextBlock ID="block_10" HPOS="471" VPOS="2189" WIDTH="1508" HEIGHT="52">
						<TextLine ID="line_32" HPOS="471" VPOS="2189" WIDTH="1508" HEIGHT="52">
							<String ID="string_284" HPOS="471" VPOS="2229" WIDTH="3" HEIGHT="3" WC="0.50" CONTENT="."/><SP WIDTH="13" VPOS="2229" HPOS="474"/>
							<String ID="string_285" HPOS="487" VPOS="2189" WIDTH="192" HEIGHT="38" WC="0.96" CONTENT="Utskottet"/><SP WIDTH="29" VPOS="2189" HPOS="679"/>
							<String ID="string_286" HPOS="708" VPOS="2191" WIDTH="65" HEIGHT="46" WC="0.96" CONTENT="får,"/><SP WIDTH="29" VPOS="2191" HPOS="773"/>
							<String ID="string_287" HPOS="802" VPOS="2190" WIDTH="85" HEIGHT="37" WC="0.93" CONTENT="med"/><SP WIDTH="29" VPOS="2190" HPOS="887"/>
							<String ID="string_288" HPOS="916" VPOS="2191" WIDTH="263" HEIGHT="49" WC="0.91" CONTENT="tillstyrkande"/><SP WIDTH="29" VPOS="2191" HPOS="1179"/>
							<String ID="string_289" HPOS="1208" VPOS="2205" WIDTH="47" HEIGHT="23" WC="0.95" CONTENT="av"/><SP WIDTH="28" VPOS="2205" HPOS="1255"/>
							<String ID="string_290" HPOS="1283" VPOS="2192" WIDTH="142" HEIGHT="49" WC="0.95" CONTENT="Kungl."/><SP WIDTH="21" VPOS="2192" HPOS="1425"/>
							<String ID="string_291" HPOS="1446" VPOS="2192" WIDTH="127" HEIGHT="49" WC="0.96" CONTENT="Maj:ts"/><SP WIDTH="30" VPOS="2192" HPOS="1573"/>
							<String ID="string_292" HPOS="1603" VPOS="2193" WIDTH="152" HEIGHT="48" WC="0.93" CONTENT="förslag,"/><SP WIDTH="16" VPOS="2193" HPOS="1755"/>
							<String ID="string_293" HPOS="1771" VPOS="2193" WIDTH="208" HEIGHT="47" WC="0.92" CONTENT="hemställa,"/>
						</TextLine>
					</TextBlock>
				</ComposedBlock>
			</PrintSpace>
		</Page>
	</Layout>
</alto>
