1890 2844
580 193 255 32 Statsutskottets
858 192 170 32 utlåtande
1052 191 53 31 Nr
1129 193 51 29 40.
1608 190 15 30 1

813 386 69 41 Nr
909 385 65 42 40.

681 506 110 26 Ankom
813 506 43 25 till
878 505 169 32 riksdagens
1067 505 94 25 kansli
1182 504 54 26 den
1257 503 15 25 9
1293 512 77 17 mars
1391 502 69 27 1934
1479 503 37 25 kl.
1538 502 33 25 12
1592 511 36 17 m.

355 607 175 32 Utlåtande
556 606 11 31 i
591 605 176 41 anledning
792 616 40 21 av
856 605 122 40 Kungl.
1006 604 120 41 Maj:ts
1150 603 201 42 proposition
1367 603 166 41 angående
1549 602 81 31 läro-

561 659 270 41 verksadjunkten
855 659 41 31 E.
922 658 40 32 B.
991 658 156 32 Wendins
1173 656 348 43 tjänstårsberäkning.

1404 708 67 42 (2:a
1494 706 91 43 avd.)

179 796 15 31 I
227 806 40 21 en
297 795 51 33 till
373 794 181 42 riksdagen
579 794 144 38 avlåten,
750 793 64 33 den
842 795 14 29 1
884 792 149 33 februari
1061 793 85 31 1934
1170 790 215 43 dagtecknad
1408 789 222 43 proposition,

134 861 41 20 nr
210 850 50 37 85,
294 849 63 32 har
385 848 127 42 Kungl.
539 848 109 41 Maj:t,
674 847 107 32 under
805 846 215 42 åberopande
1045 857 41 21 av
1111 845 106 41 bilagt
1241 845 124 41 utdrag
1389 855 42 22 av
1455 843 175 33 statsråds-

134 903 199 42 protokollet
358 907 81 29 över
462 901 362 34 ecklesiastikärenden
849 902 54 31 för
927 911 132 21 samma
1083 900 76 41 dag,
1184 899 175 42 föreslagit
1383 898 183 41 riksdagen
1583 900 48 29 att

135 957 166 42 medgiva,
336 959 49 30 att
418 956 66 33 den
514 955 305 42 omständigheten,
851 957 48 29 att
927 954 191 41 adjunkten
1142 953 57 33 vid
1223 953 105 42 högre
1352 952 174 32 allmänna
1550 951 81 32 läro-

134 1011 116 33 verket
272 1011 10 31 i
307 1010 225 33 Landskrona
554 1010 83 32 Erik
661 1009 116 41 Birger
793 1008 147 33 Wendin
959 1008 109 32 under
1083 1007 122 33 läsåret
1224 1007 220 32 1923—1924
1461 1008 43 39 på
1520 1005 111 42 grund

134 1076 42 21 av
207 1064 127 32 studier
362 1064 74 32 icke
464 1064 158 32 innehaft
651 1062 207 41 anställning
881 1061 58 34 vid
964 1061 130 42 statligt
1118 1061 164 38 läroverk,
1307 1060 75 32 icke
1405 1062 57 30 må
1485 1059 147 33 utesluta

135 1121 65 29 rätt
222 1119 52 31 för
298 1118 129 32 honom
451 1120 48 29 att
522 1134 43 4 —
590 1116 77 33 med
692 1115 220 42 tillämpning
935 1116 9 30 i
969 1114 235 41 vederbörliga
1227 1114 93 32 delar
1344 1124 42 22 av
1411 1113 41 33 de
1475 1113 10 32 i
1502 1113 129 42 kungö-

136 1171 104 33 relsen
265 1171 66 33 den
356 1172 41 31 28
422 1171 63 41 juli
512 1171 84 32 1932
617 1171 53 37 (nr
686 1167 75 43 379)
777 1169 151 42 angivna
944 1168 150 42 grunder
1111 1185 42 4 —
1169 1169 54 32 för
1239 1167 196 33 erhållande
1451 1178 42 22 av
1510 1167 121 33 ålders-

135 1225 117 42 tillägg
286 1227 112 31 såsom
432 1225 146 41 adjunkt
611 1224 106 32 räkna
750 1224 51 40 sig
834 1223 52 32 till
916 1223 88 41 godo
1029 1222 52 32 sin
1106 1223 72 31 före
1203 1222 105 41 sagda
1331 1222 89 32 läsår
1444 1221 188 42 fullgjorda

134 1279 230 42 tjänstgöring
387 1279 11 32 i
423 1281 126 30 statens
573 1279 115 40 tjänst.

180 1352 180 38 Utskottet,
386 1362 71 22 som
484 1352 71 32 icke
580 1351 62 32 har
666 1352 99 40 något
792 1352 48 30 att
865 1350 110 32 erinra
999 1351 72 30 mot
1095 1349 127 41 Kungl.
1248 1349 116 40 Maj:ts
1386 1348 136 42 förslag,
1541 1348 90 32 hem-

135 1406 122 39 ställer,

500 1453 48 29 att
584 1449 179 41 riksdagen
796 1450 57 30 må
887 1448 168 41 medgiva,
1088 1450 48 29 att
1161 1447 64 33 den
1250 1447 307 42 omständigheten,
1583 1449 49 30 att

455 1503 191 42 adjunkten
669 1502 57 33 vid
750 1502 104 41 högre
879 1501 174 32 allmänna
1077 1501 188 32 läroverket
1282 1501 10 31 i
1310 1500 223 33 Landskrona
1548 1500 84 32 Erik

456 1557 116 41 Birger
592 1555 147 33 Wendin
771 1555 108 32 under
902 1555 122 32 läsåret
1052 1555 219 32 1923—1924
1294 1556 46 40 på
1363 1554 112 42 grund
1499 1565 42 21 av
1565 1556 66 30 stu-

456 1611 70 32 dier
550 1610 74 33 icke
648 1609 156 32 innehaft
828 1608 209 42 anställning
1061 1608 58 32 vid
1144 1608 129 42 statligt
1296 1608 166 38 läroverk,
1486 1608 73 32 icke
1576 1609 57 31 må

456 1664 146 33 utesluta
626 1666 65 29 rätt
714 1664 53 31 för
790 1663 129 32 honom
944 1665 48 29 att
1015 1679 43 4 —
1083 1661 78 33 med
1185 1662 220 42 tillämpning
1428 1661 10 32 i
1455 1661 175 33 vederbör-

456 1718 67 42 liga
547 1717 93 33 delar
664 1728 41 22 av
730 1716 40 33 de
794 1717 11 31 i
829 1716 227 42 kungörelsen
1082 1716 65 32 den
1169 1716 41 32 28
1227 1715 65 42 juli
1311 1716 85 32 1932
1412 1712 53 45 (nr
1481 1712 76 44 379)
1578 1726 54 21 an-

455 1772 104 42 givna
597 1771 149 42 grunder
778 1788 43 3 —
854 1771 54 31 för
947 1769 195 33 erhållande
1177 1780 43 22 av
1254 1769 231 42 ålderstillägg
1520 1771 112 30 såsom

457 1825 146 42 adjunkt
638 1825 106 32 räkna
772 1824 52 41 sig
847 1823 50 33 till
920 1823 89 42 godo
1034 1823 52 32 sin
1111 1824 72 31 före
1207 1822 105 43 sagda
1335 1823 88 32 läsår
1446 1822 187 42 fullgjorda

456 1878 229 42 tjänstgöring
708 1878 11 31 i
743 1880 127 30 statens
894 1877 115 40 tjänst.

182 1932 196 33 Stockholm
404 1932 64 32 den
494 1934 19 30 9
538 1943 91 21 mars
656 1932 93 31 1934.

631 1994 48 32 På
702 1993 265 33 statsutskottets
993 1997 142 37 vägnar:

651 2056 181 33 ANDERS
859 2055 255 33 ANDERSON.

184 2200 51 26 Vid
255 2199 184 27 förestående
459 2199 120 27 ärendes
599 2199 235 32 slutbehandling
855 2198 76 26 inom
952 2199 140 25 utskottet
1111 2198 75 26 hava
1205 2198 139 26 närvarit:

181 2244 62 26 från
266 2245 125 25 första
422 2245 178 25 kammaren:
628 2244 99 25 herrar
752 2242 133 32 Hamrin,
904 2240 154 34 Lindblad,
1079 2242 154 34 Bergqvist,
1256 2242 70 34 Olof
1344 2242 108 32 Olsson,
1472 2241 134 27 Svensson
1626 2242 6 25 i

136 2289 229 33 Kompersmåla,
391 2288 196 32 Kvarnzelius,
613 2287 115 27 Nilsson
756 2288 8 25 i
790 2288 118 30 Malmö,
930 2287 86 26 Oscar
1038 2286 109 31 Olsson,
1167 2287 92 32 Bagge
1278 2287 53 25 och
1352 2286 140 34 Asplund,
1512 2287 121 25 friherre

141 2332 141 34 Lagerfelt
299 2333 52 26 och
372 2333 67 25 herr
458 2332 161 27 Alexander
638 2332 113 26 Nilsson
771 2333 8 25 i
805 2332 201 29 Fredriksfält;
1027 2334 76 23 samt

181 2377 62 26 från
270 2377 116 26 andra
406 2378 178 25 kammaren:
606 2377 99 26 herrar
728 2376 144 26 Anderson
892 2376 7 25 i
921 2376 131 31 Råstock,
1073 2376 161 33 Holmgren,
1255 2374 181 33 Strindlund,
1460 2375 147 26 Törnkvist
1625 2375 7 24 i

138 2422 183 30 Karlskrona,
351 2422 118 26 Persson
493 2422 7 25 i
528 2422 121 32 Fritorp,
677 2420 135 27 Eriksson
839 2421 8 25 i
875 2421 174 29 Stockholm,
1075 2420 122 26 Jonsson
1221 2420 8 25 i
1249 2420 177 30 Eskilstuna,
1447 2419 158 26 Andersson
1626 2419 6 25 i

140 2466 136 30 Prästbol,
298 2466 119 31 Norsell,
438 2465 149 33 Skoglund,
612 2465 128 33 Olofsson
761 2466 5 24 i
788 2465 141 32 Digernäs
949 2465 54 25 och
1024 2465 160 25 Andersson
1203 2465 8 25 i
1232 2465 173 32 Ovanmvyra.

186 2583 109 35 Bihang
316 2583 44 25 till
381 2582 159 35 riksdagens
556 2582 138 35 protokoll
714 2583 75 25 1934.
829 2583 16 23 6
864 2582 79 26 saml.
984 2581 40 26 Nr
1046 2583 39 25 40.
1587 2581 5 25 |
