1880 2838
288 162 19 29 4
493 161 102 28 Andra
617 161 198 27 kammarens
837 156 107 40 tredje
967 160 155 34 tillfälliga
1145 160 131 27 utskotts
1300 159 158 28 utlåtande
1481 159 43 27 Nr
1549 161 22 25 I.

1554 311 118 37 Bilaga
1707 313 25 28 1.

466 409 139 24 KUNGL.

288 453 502 25 GENERALPOSTSTYRELSEN.

424 599 67 30 Till
513 599 195 39 Riksdagen
730 600 108 30 andra
861 600 197 30 kammares
1080 599 108 39 tredje
1209 599 168 38 tillfälliga
1400 600 141 29 utskott.

336 698 131 30 Genom
496 698 611 39 kommunikationsdepartementets
1137 698 297 30 ämbetsskrivelse
1462 697 67 30 den
1561 698 37 28 12
1627 697 152 30 februari

296 742 79 30 1937
397 742 178 30 anbefalld
594 745 49 27 att
660 742 51 31 till
731 742 89 30 Eder
839 742 122 38 avgiva
980 742 159 39 yttrande
1159 743 80 29 över
1258 751 41 21 en
1319 751 41 21 av
1380 741 79 31 herr
1480 741 176 36 Sandberg
1676 751 45 20 m.
1743 741 34 29 fl.

292 787 10 28 i
329 786 109 30 andra
468 787 203 29 kammaren
698 786 144 39 avgiven
871 786 142 36 motion,
1041 796 41 20 nr
1110 786 73 36 390,
1213 786 177 38 angående
1418 786 90 30 vissa
1538 785 116 37 frågor
1682 786 96 29 berö-

291 830 106 30 rande
423 831 402 39 generalpoststyrelsens
852 831 92 30 avtal
968 831 80 30 med
1073 829 500 40 poststationsföreståndarna,
1600 829 54 31 får
1681 838 97 27 gene-

292 875 298 39 ralpoststyrelsen
615 875 10 30 i
652 876 116 30 ämnet
794 874 186 31 framhålla
1006 875 163 38 följande.

336 919 64 30 Till
421 920 43 30 de
484 919 295 39 framställningar
800 929 57 20 om
876 919 214 31 förbättrade
1111 918 426 39 avlöningsförhållanden
1559 918 53 30 för
1634 921 144 32 poststa-

291 963 366 36 tionsföreståndarna,
678 973 74 21 som
773 963 153 39 Sveriges
944 962 625 41 poststationsföreståndareförening
1589 962 120 37 ingivit
1729 962 50 30 till

292 1008 392 39 generalpoststyrelsen,
712 1008 65 30 har
804 1008 165 39 styrelsen
997 1009 95 29 ännu
1118 1008 76 29 icke
1220 1007 84 38 tagit
1330 1006 158 31 definitiv
1515 1006 170 36 ställning.
1715 1006 64 30 Det

292 1053 63 29 har
371 1052 99 37 varit,
487 1052 66 31 och
570 1053 37 30 är
623 1052 60 31 allt
700 1052 227 35 fortfarande,
944 1052 400 38 generalpoststyrelsens
1363 1051 112 30 avsikt
1492 1054 49 26 att
1557 1051 110 29 under
1684 1050 94 30 inne-

291 1097 151 30 varande
466 1096 39 31 år
527 1099 150 37 upptaga
703 1097 99 30 dessa
825 1095 299 40 avlöningsfrågor
1148 1096 51 30 till
1220 1095 211 38 behandling
1455 1095 66 30 och
1546 1095 87 29 skall
1657 1094 121 30 därvid

292 1141 229 30 förenämnda
554 1141 158 38 förening
744 1140 142 31 beredas
919 1140 134 30 tillfälle
1086 1142 48 28 att
1168 1147 123 31 genom
1323 1139 130 30 ombud
1486 1139 182 36 överlägga
1699 1139 79 29 med

293 1185 174 39 styrelsen.

335 1229 121 31 Denna
480 1229 183 39 utredning
683 1229 172 30 beräknas
878 1230 119 29 kunna
1020 1228 162 30 slutföras
1205 1228 10 29 i
1239 1227 106 30 sådan
1369 1227 59 36 tid,
1452 1230 50 27 att
1524 1227 41 30 de
1587 1227 191 30 eventuella

291 1273 187 39 ändringar
496 1272 219 31 beträffande
733 1272 307 39 avlöningsbelopp
1058 1272 65 30 och
1141 1272 194 37 grunderna
1354 1271 55 30 för
1427 1271 99 30 deras
1544 1271 233 34 beräknande,

287 1317 112 31 vartill
418 1317 228 39 utredningen
666 1318 69 29 kan
757 1315 76 40 giva
853 1315 197 40 anledning,
1071 1316 96 30 skola
1188 1316 118 30 kunna
1326 1315 174 39 tillämpas
1520 1314 56 31 vid
1598 1315 66 30 den
1685 1315 91 30 avlö-

288 1361 280 40 ningsreglering,
595 1371 74 21 som
695 1362 87 29 skall
810 1360 201 31 verkställas
1037 1361 109 31 under
1176 1361 81 29 1938
1283 1360 54 30 för
1364 1359 217 40 tillämpning
1608 1359 77 31 från
1712 1360 65 29 och

288 1407 78 30 med
385 1407 67 31 den
475 1408 14 29 1
509 1406 137 39 januari
668 1407 92 29 1939.

334 1451 357 39 Avlöningsreglering
717 1451 55 30 för
797 1450 290 39 poststationerna
1114 1451 76 29 sker
1216 1450 173 37 nämligen
1416 1452 75 27 vart
1516 1449 108 36 tredje
1649 1448 38 30 år
1713 1448 64 30 och

291 1496 225 31 verkställdes
540 1499 113 27 senast
676 1495 55 31 för
754 1495 219 39 tillämpning
997 1493 78 31 från
1098 1494 65 30 och
1187 1494 78 30 med
1289 1494 65 30 den
1382 1495 12 28 1
1423 1493 135 38 januari
1585 1493 91 30 1936.

336 1558 201 31 Stockholm
561 1558 65 30 den
650 1558 41 29 23
716 1557 152 30 februari
895 1557 91 30 1937.

643 1637 160 30 KUNGL.
830 1634 592 32 GENERALPOSTSTYRELSEN.

903 1706 131 30 Anders
1065 1700 100 36 Örne.

334 1771 38 30 RK.
393 1771 37 30 A.
452 1770 212 31 Carstensen.

1553 1964 117 37 Bilaga
1699 1964 28 30 2.

420 2064 66 30 Till
512 2064 115 30 Andra
653 2064 222 30 kammarens
901 2064 108 38 tredje
1036 2064 170 38 tillfälliga
1231 2064 139 30 utskott.

331 2144 267 31 Undertecknad
624 2144 169 39 förening,
822 2154 74 20 som
922 2154 42 20 av
992 2144 108 39 tredje
1127 2144 169 38 tillfälliga
1323 2144 166 30 utskottet
1517 2143 98 38 givits
1644 2143 132 30 tillfälle

289 2192 47 27 att
352 2192 92 36 yttra
461 2189 51 39 sig
528 2190 80 29 över
624 2189 10 29 i
652 2189 110 30 andra
779 2190 204 29 kammaren
1000 2198 42 21 av
1059 2188 59 30 hrr
1137 2188 38 30 O.
1195 2188 36 30 E.
1251 2188 186 37 Sandberg,
1456 2187 100 31 Uddo
1574 2188 36 30 R.
1630 2187 144 30 Jakobs-

288 2243 61 21 son
366 2234 66 30 och
452 2234 83 30 Axel
554 2233 212 31 Beckström
786 2234 101 30 väckt
906 2233 142 35 motion,
1068 2232 178 39 angående
1264 2232 90 30 vissa
1373 2231 117 39 frågor
1509 2232 148 30 rörande
1677 2240 97 27 gene-

286 2278 315 40 ralpoststyrelsens
623 2279 92 29 avtal
737 2278 79 30 med
837 2276 500 41 poststationsföreståndarna,
1362 2277 187 38 tillstyrker
1570 2275 45 38 på
1638 2276 56 30 det
1716 2276 57 29 liv-

286 2323 119 39 ligaste
429 2326 46 28 ett
498 2323 111 30 beslut
632 2323 9 29 i
665 2323 195 30 motionens
883 2322 89 39 syfte
996 2323 65 29 och
1085 2322 57 30 vill
1167 2322 173 38 samtidigt
1364 2321 121 39 avgiva
1508 2320 157 38 följande
1686 2320 87 30 erin-

286 2368 115 38 ringar
425 2368 11 30 i
461 2367 149 31 ärendet.

329 2411 495 32 Poststationsföreståndarna
845 2413 59 29 äro
923 2411 172 30 anställda
1115 2419 123 30 genom
1259 2411 193 38 personliga
1473 2410 92 30 avtal
1584 2410 78 30 med
1684 2413 89 32 post-

285 2457 124 30 verket.
438 2456 144 31 Avtalen
609 2456 79 39 löpa
716 2456 80 30 med
824 2459 48 27 tre
899 2455 185 31 månaders
1112 2455 296 39 uppsägningstid.
1438 2455 12 29 I
1481 2455 99 29 dessa
1607 2454 165 30 kontrakt

285 2501 190 39 stipuleras,
504 2503 49 28 att
578 2499 489 40 poststationsföreståndarna
1095 2500 95 29 skola
1219 2499 92 30 hålla
1338 2500 103 29 lokal.
1471 2498 302 30 skrivmaterialier
