1898 2850
260 161 118 33 Första
402 163 202 33 kammarens
627 168 138 30 andra
789 166 172 42 tillfälliga
984 169 135 32 utskotts
1140 170 170 33 utlåtande
1333 171 54 31 Nr
1409 175 30 29 9.
1598 173 20 31 3

128 240 67 32 Vid
220 240 113 33 denna
355 242 266 43 undersökning,
645 255 74 22 som
744 246 162 32 utskottet
929 247 144 33 sålunda
1095 260 98 21 anser
1208 249 61 33 bör
1285 251 140 32 komma
1441 251 50 32 till
1508 253 109 38 stånd,

127 304 99 31 synes
251 294 143 34 behovet
417 307 43 22 av
485 296 322 44 bemanningsskala
829 299 82 33 böra
934 301 328 43 förutsättningslöst
1284 304 136 32 utredas
1445 309 88 28 samt
1556 306 62 41 pri-

127 348 258 41 märuppgifter,
422 350 166 33 avseende
623 362 47 21 nu
705 352 205 42 förefintliga
944 354 247 41 förhållanden,
1226 356 220 34 införskaffas
1481 359 54 31 för
1563 359 56 32 det

127 401 189 33 eventuella
338 402 222 34 utarbetande
584 415 42 22 av
650 405 42 32 de
715 405 447 44 bemanningsföreskrifter,
1188 420 72 22 som
1286 412 57 30 må
1366 411 110 33 finnas
1500 423 43 22 av
1566 412 51 33 be-

126 454 102 33 hovet
251 456 176 40 påkallade
452 457 63 32 och
539 457 171 43 lämpliga.

171 508 75 32 Den
281 508 331 44 bemanningsskala,
642 523 73 21 som
740 513 84 32 efter
847 513 66 33 den
937 514 145 33 sålunda
1104 527 42 21 av
1170 517 162 33 utskottet
1355 519 192 42 föreslagna
1571 523 47 29 ut-

126 561 185 43 redningen
337 564 184 32 eventuellt
544 565 67 32 kan
635 566 140 32 komma
799 570 48 29 att
870 568 181 40 utarbetas,
1076 580 99 31 synes
1198 571 83 32 böra
1299 572 224 34 underställas
1540 574 79 32 riks-

126 614 128 43 dagens
278 617 179 42 prövning,
482 619 106 31 innan
612 619 65 32 den
701 620 11 31 i
736 620 252 35 administrativ
1013 623 145 42 ordning
1181 625 190 33 fastställes.

171 668 78 33 Med
273 670 74 32 stöd
371 681 43 22 av
438 672 67 32 vad
529 672 142 33 sålunda
695 675 141 38 anförts,
860 675 195 33 hemställer
1077 678 172 39 utskottet,

490 728 49 29 att
571 727 106 32 första
709 727 199 33 kammaren
941 731 105 31 måtte
1070 731 53 32 för
1146 731 53 32 sin
1223 732 53 32 del
1300 732 141 40 besluta,
1467 737 48 29 att
1539 735 80 32 riks-

446 778 108 42 dagen
580 779 77 33 ville
680 780 12 32 i
716 781 161 33 skrivelse
900 782 51 32 till
975 783 128 42 Kungl.
1129 784 98 42 Maj:t
1243 785 147 41 anhålla,
1408 790 49 29 att
1472 788 146 42 förnyad

445 832 183 43 utredning
659 834 155 42 vidtages
846 836 143 32 rörande
1021 837 145 33 behovet
1198 849 43 23 av
1269 839 64 32 och
1357 840 262 43 möjligheterna

444 886 55 32 för
521 887 234 33 fastställande
778 899 43 21 av
837 900 42 21 en
897 889 322 44 bemanningsskala
1234 893 55 32 för
1305 894 145 32 svenska
1466 894 153 34 handels-

444 940 116 41 fartyg
592 944 88 28 samt
703 944 59 36 att,
786 942 106 32 innan
916 943 484 43 bemanningsbestämmelser
1422 959 43 22 av
1489 948 128 43 Kungl.

445 993 99 41 Maj:t
567 994 193 40 fastställas,
785 995 181 43 riksdagen
990 996 137 34 beredes
1150 998 134 34 tillfälle
1307 1003 49 29 att
1378 1004 91 38 yttra
1491 1002 52 42 sig
1561 1014 56 21 om

444 1046 42 32 de
509 1047 138 42 förslag,
671 1048 113 32 vartill
807 1049 227 43 utredningen
1058 1051 68 32 kan
1149 1052 80 41 giva
1252 1052 194 44 anledning.

169 1114 195 34 Stockholm
389 1117 66 32 den
481 1118 41 32 13
546 1119 69 41 maj
643 1120 94 32 1930.

670 1207 31 42 Å
725 1218 179 33 utskottets
928 1216 141 50 vägnar:

693 1288 187 34 TEODOR
901 1290 143 33 JULIN.

167 1524 243 28 Närvarande
430 1527 49 25 vid
499 1527 133 26 ärendets
652 1528 236 34 slutbehandling
906 1530 79 26 inom
1005 1531 152 27 utskottet:
1177 1533 101 26 herrar
1299 1534 103 27 Teodor
1413 1535 97 33 Julin,
1525 1536 89 27 Gran-

123 1569 95 31 ström,
236 1568 115 33 Valfrid
369 1569 148 34 Eriksson,
542 1571 118 32 Larsén,
678 1572 95 27 Johan
792 1574 110 33 August
918 1574 136 34 Larsson,
1073 1575 154 34 Bengtsson
1246 1578 53 25 och
1321 1578 127 34 Gottfrid
1466 1580 147 27 Karlsson.

738 1805 259 34 Reservation

166 1881 43 21 av
244 1871 114 33 herrar
392 1873 137 41 Valfrid
562 1875 169 40 Eriksson,
765 1876 108 33 Johan
900 1877 129 42 August
1053 1879 142 33 Larsson
1219 1881 63 32 och
1305 1882 191 42 Bengtsson,
1520 1884 94 33 vilka

121 1927 119 36 ansett,
265 1928 49 29 att
337 1926 163 33 utskottet
523 1927 75 33 bort
621 1928 189 41 hemställa,

486 1983 48 29 att
557 1982 222 32 förevarande
803 1984 139 39 motion,
967 1984 29 32 I:
1017 1986 72 39 179,
1106 1986 72 32 icke
1195 1989 104 30 måtte
1315 1988 50 32 till
1381 1991 114 40 någon
1507 1991 106 32 första

440 2033 216 33 kammarens
680 2035 119 42 åtgärd
822 2037 184 33 föranleda.
