2200 2687
652 206 360 42 Bevillningsutskottets
1039 208 205 33 Betänkande
1267 210 62 32 N:o
1353 211 50 32 16.
1740 215 40 31 39

409 284 132 44 (Kungl.
567 287 115 41 Maj:ts
703 285 153 44 förslag:)

232 338 223 49 obligation,
491 343 92 33 utan
616 344 54 32 att
698 340 234 49 handlingen
960 345 41 32 är

231 391 154 37 försedd
425 392 85 36 med
551 392 254 37 föreskrifven
843 394 157 49 stämpel

232 444 91 36 eller
342 444 116 36 sådan
477 445 234 48 påteckning
731 445 40 36 af
786 446 212 48 magistrat,

232 510 80 22 som
327 496 68 36 här
407 496 115 37 ofvan
533 497 120 36 under
664 497 181 37 rubriken
856 497 144 50 obliga-

230 548 80 37 tion
343 549 12 35 i
389 550 21 34 8
444 548 20 50 &
500 550 252 47 omförmäles,
787 550 96 36 skall
910 550 89 37 böta

230 601 110 49 tjugu
361 604 149 46 gånger
530 602 73 36 den
622 602 151 37 felande
791 603 205 49 stämpelns

227 653 155 50 belopp;
404 654 97 36 dock
519 668 91 23 vare
631 655 136 36 minsta
789 655 64 37 bot
872 656 126 48 tjugu-

228 706 75 36 fem
333 706 152 37 kronor.

307 763 32 32 6.
369 759 85 37 Den
469 758 434 51 obligationsutgifvare,
917 774 79 23 som

227 810 68 37 här
316 811 11 36 i
347 811 100 37 riket
466 812 189 36 utlämnar
675 812 223 49 obligation,
919 826 79 23 som

227 869 41 30 är
303 864 238 48 dagtecknad
575 865 80 36 före
689 865 71 36 den
793 867 17 34 1
840 865 157 37 Januari

229 917 111 47 1895,
363 922 98 31 samt
479 917 215 37 underlåter
718 922 54 32 att
788 918 100 36 förse
905 917 92 37 obli-

226 969 186 48 gationen
441 969 85 37 med
556 970 73 36 den
645 970 10 36 i
673 971 46 35 20
735 971 18 47 8
769 970 229 36 föreskrifna

228 1022 244 48 anteckning,
496 1022 97 36 skall
612 1022 90 37 böta
721 1023 112 50 tjugu
853 1025 148 46 gånger

226 1073 73 37 den
331 1077 20 33 å
379 1074 236 49 handlingen
643 1075 214 49 belöpande
887 1080 112 31 stäm-

224 1127 110 48 pelns
362 1126 150 50 belopp;
543 1127 97 37 dock
664 1141 89 23 vare
773 1127 140 37 minsta
932 1128 67 36 bot

224 1178 192 49 tjugufem
445 1180 151 36 kronor.

302 1234 35 34 7.
393 1231 205 50 Utgifvare
633 1232 39 36 af
701 1232 207 49 gåfvobref
937 1246 60 23 om

221 1283 56 36 lös
320 1284 189 48 egendom
551 1285 90 36 eller
684 1285 41 35 af
758 1285 113 49 köpe-
906 1285 89 37 eller

220 1334 201 50 bytesbref
439 1350 59 23 om
519 1337 131 49 fartyg
670 1337 97 37 skall
783 1337 59 37 för
857 1337 137 37 under-

220 1387 170 38 låtenhet
432 1394 55 31 att
529 1389 63 36 vid
621 1389 244 49 utgifvandet
893 1390 100 37 förse

221 1440 105 49 dylik
347 1441 189 50 handling
551 1442 86 37 med
654 1442 161 49 stadgad
832 1443 162 49 stämpel

220 1492 90 37 böta
338 1497 63 33 två
429 1497 151 46 gånger
608 1494 74 37 den
706 1495 150 36 felande
880 1500 114 32 stäm-

220 1546 110 48 pelns
358 1546 155 50 belopp;
540 1547 96 36 dock
661 1561 89 23 vare
770 1547 140 37 minsta
928 1548 67 37 bot

221 1598 190 49 tjugufem
440 1599 153 37 kronor.

299 1654 34 33 8.
391 1651 128 48 Agent
552 1651 59 37 för
639 1652 180 37 utländsk
847 1653 146 37 försäk-

219 1701 271 51 ringsgifvare,
514 1717 81 24 som
616 1705 188 36 utlämnar
823 1705 168 37 kvittens

219 1757 20 34 å
267 1756 155 49 premie,
453 1762 94 31 utan
576 1762 54 31 att
659 1757 103 37 detta
782 1762 40 32 är
841 1758 150 37 behöri-

218 1820 77 35 gen
328 1809 85 36 med
442 1809 162 49 stämpel
631 1809 156 47 försedt,
817 1810 88 37 böte
933 1811 59 36 för

217 1859 133 50 hvarje
372 1863 107 47 gång
498 1861 135 37 sådant
653 1862 88 36 sker
760 1865 65 33 två
845 1866 147 45 gånger

217 1912 74 36 den
315 1912 148 38 felande
489 1914 209 50 stämpelns
718 1914 156 50 belopp;
897 1915 95 37 dock

218 1978 89 23 vare
349 1965 140 37 minsta
522 1966 66 37 bot
620 1967 190 49 tjugufem
839 1967 150 37 kronor.

297 2021 33 33 9.
379 2018 227 37 Underlåter
622 2024 368 44 testamentstagare,

219 2082 80 23 som
320 2070 151 37 erhållit
490 2071 285 38 vederbörande
795 2072 193 49 arfvinges

219 2122 281 48 godkännande
516 2125 40 35 af
569 2129 236 42 testamente,
822 2125 56 35 till
894 2125 95 36 hvil-

218 2174 65 36 ket
334 2180 388 45 testamentstagaren
774 2177 213 49 veterligen

215 2226 150 50 hänsyn
405 2228 85 37 icke
518 2228 120 50 tagits
666 2229 64 36 vid
759 2230 228 49 stämpelbe-

214 2279 193 50 läggning
435 2281 41 37 af
501 2281 363 50 bouppteckningen
893 2282 94 37 efter

213 2333 403 49 testamenisgifvaren
645 2334 69 36 och
736 2334 146 37 hvilket
901 2335 82 37 icke

1246 289 186 42 (Utskottets
1452 290 153 44 förslag
1579 285 28 53 :)

1055 342 220 49 obligation,
1314 350 92 31 utan
1436 350 54 31 att
1518 344 236 51 handlingen
1784 351 41 32 är

1056 394 150 38 försedd
1245 397 85 36 med
1368 397 255 38 föreskrifven
1664 400 161 49 stämpel

1054 447 91 36 eller
1169 448 115 36 sådan
1303 450 234 48 påteckning
1557 451 40 36 af
1613 452 211 47 magistrat,

1056 512 78 23 som
1152 499 68 37 här
1231 501 113 36 ofvan
1355 502 121 37 under
1486 502 181 38 rubriken
1680 503 144 49 obliga-

1052 551 81 37 tion
1166 552 12 36 i
1214 554 21 35 8
1271 553 19 49 8
1323 554 252 50 omförmäles,
1610 556 96 36 skall
1734 556 89 37 böta

1051 603 110 50 tjugu
1181 608 147 46 gånger
1348 606 74 37 den
1442 607 150 38 felande
1612 609 210 49 stämpelns

1054 655 155 51 belopp;
1231 658 95 36 dock
1345 672 89 24 vare
1454 659 140 38 minsta
1613 660 67 37 bot
1694 662 131 48 tjugu-

1052 708 76 37 fem
1157 709 149 38 kronor.

1129 765 34 33 4.
1193 762 82 37 Den
1292 763 436 52 obligationsutgifvare,
1742 780 80 23 som

1054 813 68 37 här
1167 815 11 35 i
1223 815 98 37 riket
1366 816 191 38 utlämnar
1598 818 224 49 obligation,

1052 879 80 24 som
1182 872 40 31 är
1268 868 237 49 dagtecknad
1551 871 80 36 före
1679 872 74 36 den
1803 875 17 33 1

1048 919 153 48 januari
1244 922 110 47 1895,
1397 928 96 30 samt
1521 923 217 38 underlåter
1767 929 56 31 att

1053 971 101 37 förse
1183 972 262 49 obligationen
1473 975 86 36 med
1589 975 73 37 den
1689 976 13 36 i
1732 978 46 35 20
1803 976 19 49 8

1055 1024 229 37 föreskrifna
1326 1027 246 49 anteckning,
1611 1028 97 36 skall
1736 1029 89 36 böta

1054 1076 110 49 tjugu
1210 1080 149 47 gånger
1406 1079 72 36 den
1525 1083 20 33 å
1589 1080 235 50 handlingen

1053 1128 211 50 belöpande
1306 1131 208 49 stämpelns
1542 1132 156 50 belopp;
1729 1134 96 36 dock

1052 1194 89 24 vare
1183 1182 138 37 minsta
1355 1183 65 37 bot
1448 1185 193 48 tjugufem
1669 1186 151 36 kronor.

1130 1237 32 34 5.
1219 1235 201 49 Utgifvare
1456 1236 41 37 af
1530 1237 208 49 gåfvobref
1763 1252 60 23 om

1048 1286 57 36 lös
1147 1288 188 47 egendom
1377 1289 93 36 eller
1512 1290 42 35 af
1585 1290 115 49 köpe-
1734 1291 89 37 eller

1049 1338 201 48 bytesbref
1267 1353 59 23 om
1347 1341 132 49 fartyg
1499 1342 96 36 skall
1610 1343 60 36 för
1685 1343 136 37 under-

1047 1391 174 37 låtenhet
1263 1397 55 32 att
1355 1393 63 36 vid
1446 1395 245 48 utgifvandet
1720 1396 102 36 förse

1049 1443 105 49 dylik
1182 1444 189 51 handling
1400 1447 84 36 med
1513 1448 164 48 stadgad
1707 1453 114 32 stäm-

1048 1496 62 49 pel
1151 1496 89 37 böta
1281 1501 64 33 två
1387 1501 147 47 gånger
1567 1500 74 36 den
1670 1500 150 38 felande

1049 1550 206 48 stämpelns
1283 1550 154 50 belopp;
1460 1551 96 37 dock
1576 1566 88 23 vare
1680 1554 140 36 minsta

1048 1601 65 36 bot
1140 1602 192 49 tjugufem
1360 1603 154 38 kronor.

1127 1659 32 31 6.
1215 1654 130 49 Agert
1374 1656 59 36 för
1461 1656 181 38 utländsk
1671 1658 147 37 försäk-

1045 1706 272 50 ringsgifvare,
1339 1721 80 23 som
1440 1709 189 37 utlämnar
1648 1710 170 38 kvittens

1046 1761 20 33 å
1094 1760 155 48 premie,
1279 1765 88 31 utan
1400 1766 56 31 att
1485 1762 103 36 detta
1608 1767 41 31 är
1668 1763 150 37 behöri-

1045 1824 77 36 gen
1151 1812 85 36 med
1265 1813 161 48 stämpel
1454 1813 157 49 försedt,
1641 1815 88 37 böte
1758 1816 59 36 för

1046 1864 134 48 hvarje
1200 1867 106 47 gång
1326 1866 135 36 sådant
1482 1867 86 36 sker
1587 1870 65 33 två
1667 1871 151 46 gånger

1047 1916 74 36 den
1150 1916 147 37 felande
1319 1919 206 48 stämpelns
1545 1919 157 50 belopp;
1720 1920 97 37 dock

1046 1982 90 23 vare
1178 1969 140 37 minsta
1351 1970 65 37 bot
1444 1971 190 49 tjugufem
1663 1973 152 36 kronor.

1125 2025 33 33 7.
1202 2022 224 37 Underlåter
1441 2028 374 46 testamentstagare,

1043 2086 80 24 som
1144 2074 150 37 erhållit
1313 2075 286 38 vederbörande
1615 2077 196 50 arfvinges

1043 2126 280 48 godkännande
1340 2128 41 36 af
1392 2133 239 44 testamente,
1647 2130 59 36 till
1717 2130 96 37 hvil-

1041 2178 66 37 ket
1161 2184 387 45 testamentstagaren
1602 2182 213 49 veterligen

1042 2230 150 50 hänsyn
1233 2232 82 37 icke
1343 2233 119 48 tagits
1491 2234 65 36 vid
1585 2236 230 48 stämpelbe-

1041 2283 192 50 läggning
1262 2285 40 36 af
1327 2285 368 51 bouppteckningen
1720 2288 97 36 efter

1038 2337 405 49 testamentsoifvaren
1474 2339 70 36 och
1564 2339 148 37 hvilket
1731 2341 84 36 icke
