2140 2601
684 236 100 54 Stats-
798 236 169 54 Utskottets
983 247 165 36 U:låtande
1170 254 59 32 N-o
1253 257 45 32 11.
1734 273 11 28 i

904 691 72 44 N:e
1006 696 44 40 I.

642 840 80 32 Ank,
748 843 45 29 till
821 845 102 31 Riked.
952 849 105 32 Kansli
1083 853 52 30 den
1164 855 38 30 17
1225 858 85 32 Febr.
1339 862 88 39 1874,
1451 866 40 31 kl.
1518 867 17 30 I
1559 879 22 20 e
1609 881 34 20 im.

386 983 204 42 Utlåtande,
643 988 84 39 med
767 991 209 44 anledning
1009 1013 22 24 a
1085 1001 134 42 Kongl.
1251 1007 129 42 Maj:ts
1413 1013 143 41 nådina
1590 1017 179 45 Proposi-

593 1018 7 18 ;
950 1026 21 24 4g
1171 1019 25 39 g
1312 1023 21 37 i]
1506 1030 25 39 Hj
1660 1035 31 39 Pp

579 1063 73 40 tion
696 1080 58 25 om
783 1069 211 43 anvisande
1031 1078 45 47 af
1104 1080 121 40 medel
1248 1084 66 46 för
1343 1087 170 57 Sveriges
1541 1092 226 58 deltagande

578 1139 12 40 i
618 1140 104 41 1876
749 1152 65 32 års
843 1147 343 64 verldsutställning
1214 1158 14 39 i
1256 1159 278 61 Philadelphia.

1384 1274 119 46 (2:dra
1534 1281 124 48 U.-A.)

320 1331 122 38 Sedan
472 1335 45 36 de
548 1336 364 45 Nordamerikanska
940 1348 193 40 Förenade
1162 1353 192 43 Staternas
1384 1364 203 46 president,
1605 1368 11 35 I
1634 1369 122 38 öfver-

165 1384 283 37 ensstämmelse
489 1388 83 35 med
616 1396 54 30 ett
712 1393 38 35 af
788 1394 226 51 kongressen
1058 1402 137 39 fattadt
1232 1408 122 38 beslut
1384 1419 54 30 att
1467 1415 289 54 högtidlighålla

165 1430 195 40 hundrade
389 1439 80 34 året
498 1439 40 35 af
562 1443 163 37 nämnda
753 1451 136 33 staters
919 1450 212 40 oheroeude
1159 1470 136 34 genom
1325 1465 260 40 anorduandet
1601 1476 40 31 år
1659 1474 94 36 1876

165 1482 7 33 i
203 1483 130 37 staden
379 1486 261 53 Philadelphia
681 1496 85 35 utaf
790 1509 42 23 en
863 1499 268 42 internationel
1164 1512 222 47 utställning
1414 1516 40 36 af
1478 1518 135 37 konst-.
1643 1523 110 36 indu-

161 1534 100 43 stri-,
298 1536 224 45 jordbruks-
565 1544 67 34 och
680 1545 330 51 bergverksalster,
1041 1555 82 37 låtit
1154 1558 152 49 ivbjuda
1336 1565 72 36 alla
1438 1567 74 36 folk
1542 1576 54 31 att
1624 1573 11 35 i
1665 1574 87 36 den-

159 1595 142 26 samma
343 1587 55 35 till
442 1588 158 40 fromma
629 1594 57 36 för
715 1596 142 41 freden,
887 1602 272 41 civilisationen
1190 1612 67 35 och
1289 1613 144 39 folkens
1459 1620 175 39 inbördes
1664 1632 86 28 vän-

157 1634 171 50 skapliga
371 1638 177 52 beröring
577 1644 161 49 deltaga,
767 1656 95 30 samt
891 1652 122 38 denna
1041 1656 225 55 inbjudning
1293 1669 39 31 så
1362 1668 57 35 väl
1448 1683 135 34 genom
1615 1674 130 50 Kongl.

160 1684 113 49 Maj:ts
316 1688 248 54 beskickning
605 1696 11 35 i
660 1697 245 52 Washington
949 1718 78 23 som
1056 1721 135 35 genom
1222 1712 234 44 härvarande
1486 1725 260 37 amerikanska

156 1737 169 38 minister
354 1740 124 38 blifvit
509 1745 55 35 till
595 1746 133 51 Kongl.
751 1751 97 48 Maj:t
879 1753 191 47 framförd,
1109 1760 189 41 hvaretter
1332 1769 30 46 ej
1394 1771 143 36 mindre
1569 1775 174 38 fullmaäk-

155 1787 76 48 tige
260 1789 9 35 i
299 1789 287 50 Jernkontoret,
616 1801 158 36 svenska
808 1804 319 54 slöjdföreningen
1159 1815 67 35 och
1258 1818 282 41 vederböraude
1570 1822 173 57 handels-

152 1839 67 35 och
251 1840 337 48 sjöfartsnärmnder
618 1850 190 39 äfvensom
855 1857 343 55 stadsfullmäktige
1232 1868 3 33 i
1274 1868 113 39 Borås
1417 1881 43 27 äv
1493 1877 108 36 äfven
1632 1878 110 37 Kom-

151 1891 329 50 mers-kollegium
511 1900 54 34 uti
596 1901 141 48 afgifna
764 1908 204 46 yttranden
998 1911 184 50 tillstyrkt
1212 1923 227 46 autigandet
1470 1926 271 50 afinbjudnin-

150 1954 84 35 gen,
262 1943 83 36 har
361 1943 82 49 uti
471 1945 292 46 ”ofvanberörda
793 1956 70 37 den
895 1961 43 35 23
968 1962 172 39 sistlidne
1169 1967 156 40 Januari
1356 1975 55 34 till
1442 1976 213 51 Riksdagen
1686 1996 52 22 af-

149 1992 103 37 låtna
293 1996 137 48 nådiga
468 1998 240 51 Proposition
740 2005 79 46 (N:o
852 2010 59 45 21)
945 2012 130 50 Kongl.
1106 2016 109 50 Maj:t,
1245 2034 79 24 som
1356 2034 122 28 ansett
1508 2029 69 36 den
1610 2033 129 47 jorda

1616 2065 16 14 mn

148 2042 276 54 inbjudningen
469 2051 55 35 till
568 2055 403 54 verldsutställningen
1005 2065 10 34 i
1048 2065 260 55 Philadelphia
1340 2081 87 32 böra
1456 2087 165 42 antagas,
1652 2098 82 23 men

147 2094 31 47 ej
210 2108 87 23 vore
327 2098 10 35 i
367 2099 149 38 tillfälle
546 2110 54 30 att
630 2119 48 23 nu
710 2108 207 53 framlägga
948 2117 121 47 någon
1100 2119 209 54 beräkning
1338 2127 104 37 öfver
1471 2130 44 37 de
1545 2132 109 38 deraf
1679 2135 57 37 för

144 2145 154 50 Sverige
339 2146 238 59 härflytande
623 2153 215 57 kostnader,
881 2167 205 48 löreslagit,
1132 2178 66 38 att,
1241 2179 45 44 på
1328 2178 63 36 det
1420 2186 54 30 att
1504 2182 44 36 de
1578 2185 9 34 i
1618 2185 115 38 första

144 2205 164 30 rummet
336 2201 139 49 nödiga
504 2204 277 43 förberedelser
811 2214 55 35 till
897 2215 186 51 företaget
1114 2225 116 35 måtte
1261 2227 125 38 kunna
1414 2232 65 35 ske
1504 2247 134 34 genom
1659 2239 74 34 till-

142 2250 176 35 sättande
353 2252 40 36 af
431 2267 44 22 en
518 2256 170 39 inhemsk
735 2262 138 38 komité
916 2267 57 35 för
1016 2269 105 38 detta
1162 2276 171 38 ändamål
1376 2282 67 36 och
1486 2298 136 33 genom
1666 2302 65 21 an-

223 2306 74 33 Bih.
322 2310 49 30 till
394 2312 112 31 Riksd.
535 2315 83 31 Prot.
649 2319 79 30 1874.
775 2321 19 30 4
818 2323 95 31 Saml.
963 2327 14 29 1
999 2327 75 35 Afd.
1120 2331 19 28 5
1164 2332 89 38 Häåft.
