1914 2842
278 161 17 32 2
635 162 114 40 Tredje
768 162 214 40 lagutskottets
1000 161 161 31 utlåtande
1180 173 36 18 nr
1233 162 19 30 6
1271 160 34 31 år
1326 160 76 31 1967

277 254 38 19 av
329 246 115 37 ägaren
460 244 44 30 till
519 244 59 30 den
594 244 145 39 fastighet
753 245 72 29 med
840 255 69 19 vars
924 244 150 39 ägovälde
1089 242 246 40 sammanföring
1350 243 74 29 sker.
1441 242 74 30 Som
1530 241 110 30 villkor
1654 240 108 30 härför

276 298 96 40 gäller
390 298 171 31 emellertid
582 305 45 24 att
647 299 132 39 anspråk
800 298 41 40 på
859 298 171 40 ersättning
1049 298 183 30 framställes
1252 297 97 30 innan
1369 296 228 39 förrättningen
1618 295 142 30 avslutas.

318 353 113 30 Under
446 353 198 30 förarbetena
660 353 45 30 till
726 354 75 30 1952
819 352 48 31 års
883 353 51 39 lag
950 353 210 30 diskuterades
1177 354 79 28 även
1274 352 61 30 den
1353 362 38 20 av
1408 351 196 30 motionären
1621 361 43 19 nu
1682 350 79 30 före-

277 407 107 40 slagna
409 408 203 39 möjligheten
637 414 46 23 att
708 407 63 30 låta
796 408 90 39 lagen
911 407 134 30 omfatta
1071 406 246 39 sammanföring
1342 417 39 19 av
1406 405 144 31 samfälld
1576 405 89 29 mark
1691 406 73 28 över

277 462 110 29 huvud
404 469 83 32 taget
503 462 72 29 med
591 462 216 39 angränsande
824 462 152 39 fastighet.

320 516 172 30 Initiativet
508 516 45 29 till
572 517 75 30 1952
665 515 47 31 års
729 516 201 39 lagstiftning,
946 516 62 30 kan
1023 515 104 40 spåras
1144 515 128 30 tillbaka
1288 515 45 30 till
1349 521 45 24 tre
1410 514 53 30 vid
1484 514 75 30 1936
1576 513 48 30 års
1640 513 123 39 riksdag

277 570 112 30 väckta
409 571 156 29 motioner
591 571 117 38 (1:286,
731 571 119 37 11:471,
873 570 139 39 I1:473).
1036 571 14 29 I
1073 570 197 29 motionerna
1292 568 152 41 åsyftades
1466 568 28 40 ej
1518 567 246 40 sammanföring

278 636 39 19 av
336 636 105 20 annan
460 625 144 30 samfälld
623 626 88 29 mark
732 627 39 28 än
790 625 158 39 vägmark.
970 625 14 29 I
1006 624 98 30 andra
1123 624 214 40 lagutskottets
1356 634 39 19 av
1415 623 162 39 riksdagen
1597 622 167 40 godkända

278 680 164 31 utlåtande
469 680 51 38 (nr
542 680 52 38 28)
621 680 9 29 i
651 680 170 39 anledning
842 690 38 19 av
901 679 196 31 motionerna
1118 678 198 31 hemställdes
1338 684 45 24 att
1405 678 117 39 Kungl.
1545 677 100 39 Maj:t
1666 676 98 30 måtte

278 734 64 30 låta
363 735 112 29 utreda
496 734 119 39 frågan.
639 734 103 30 Sedan
763 734 78 30 vissa
862 734 166 39 yttranden
1050 733 170 30 inhämtats
1242 732 204 40 upprättades
1468 732 138 29 härefter
1628 731 34 30 år
1688 731 75 30 1938

278 789 86 30 inom
384 789 367 39 justitiedepartementet
770 800 39 19 en
829 788 209 40 promemoria
1058 788 10 30 i
1088 790 106 28 ämnet
1220 787 401 40 (Justitiedepartementets
1642 796 122 29 prome-

278 844 117 30 morior
419 843 140 39 1938:2).
581 844 114 29 Denna
716 842 327 38 remissbehandlades,
1064 842 136 30 varefter
1220 841 129 31 ärendet
1371 840 35 31 år
1431 841 75 30 1942
1530 840 234 31 överlämnades

279 897 46 28 till
342 896 518 39 fastighetsbildningssakkunniga.
878 897 97 28 Dessa
991 906 99 28 avgav
1108 896 61 28 den
1189 896 34 28 15
1242 895 169 29 november
1431 895 78 28 1950
1525 894 46 29 till
1588 893 111 29 chefen
1717 893 48 29 för

279 951 367 39 justitiedepartementet
664 961 38 19 en
719 950 210 39 promemoria
947 950 72 29 med
1037 949 173 39 lagförslag.

321 1005 104 39 Enligt
450 1005 75 29 1938
547 1004 47 30 års
614 1005 114 38 förslag
748 1004 95 30 skulle
864 1003 456 39 sammanföringsförfarandet
1340 1003 10 29 i
1371 1002 95 30 första
1486 1002 87 29 hand
1595 1012 70 19 avse
1682 1012 83 19 sam-

280 1059 78 30 fälld
374 1061 70 37 väg,
463 1069 73 19 men
554 1059 155 39 därjämte
728 1058 96 30 skulle
843 1058 38 30 de
900 1058 48 29 för
965 1059 61 38 väg
1044 1057 93 40 givna
1155 1057 140 39 reglerna
1314 1058 58 38 äga
1391 1056 220 30 motsvarande
1630 1055 135 40 tillämp-

281 1114 76 38 ning
370 1113 9 30 i
394 1113 88 39 fråga
496 1124 53 19 om
563 1113 137 30 samfällt
714 1113 79 30 dike.

322 1168 14 28 I
355 1173 44 24 ett
414 1173 76 24 stort
507 1167 85 29 antal
607 1167 166 39 yttranden
791 1166 220 37 diskuterades,
1028 1166 157 29 huruvida
1202 1165 65 30 icke
1285 1165 60 29 den
1363 1164 181 39 ifrågasatta
1560 1163 206 39 lagstiftning-

281 1233 39 18 en
339 1222 96 29 borde
453 1221 135 30 omfatta
606 1223 79 28 även
705 1221 99 29 andra
823 1220 243 39 samfälligheter
1084 1221 40 28 än
1143 1221 97 37 vägar
1257 1219 60 30 och
1336 1219 102 29 diken.
1458 1216 28 32 Å
1505 1229 59 19 ena
1583 1218 89 29 sidan
1691 1218 75 29 häv-

282 1276 104 37 dades,
407 1282 45 24 att
470 1276 102 29 behov
590 1275 67 30 ofta
676 1274 119 40 förelåg
814 1281 45 23 att
879 1274 41 40 på
939 1280 44 24 ett
1003 1274 102 29 enkelt
1124 1275 62 28 sätt
1202 1274 108 29 kunna
1330 1272 212 30 sammanföra
1562 1274 79 28 även
1662 1282 103 19 annan

281 1330 145 30 samfälld
449 1330 98 37 mark,
571 1340 65 19 som
659 1329 89 30 blivit
770 1328 121 40 onyttig
913 1328 49 30 för
985 1335 98 23 avsett
1106 1327 158 37 ändamål,
1288 1327 73 30 med
1385 1327 61 29 den
1470 1326 146 39 fastighet
1637 1326 130 29 varmed

282 1384 128 29 marken
429 1383 169 39 lämpligen
616 1383 105 29 kunde
739 1382 188 33 sambrukas.
947 1379 28 32 Å
993 1382 99 29 andra
1110 1381 88 30 sidan
1217 1380 192 40 ifrågasattes
1428 1380 224 39 lämpligheten
1671 1390 39 19 av
1729 1390 39 18 en

282 1438 97 29 sådan
395 1437 186 40 utvidgning
596 1448 38 19 av
650 1437 61 30 den
727 1425 181 51 ifrågasatta
924 1435 246 40 lagstiftningens
1187 1433 351 41 tillämpningsområde.

323 1492 353 40 Departementschefen
694 1491 147 29 framhöll
860 1491 9 29 i
887 1490 232 40 propositionen
1140 1490 132 29 1952:40
1290 1496 46 23 att
1353 1488 202 39 riktpunkten
1573 1488 49 29 för
1639 1487 129 39 lagstift-

284 1546 114 39 ningen
412 1546 97 29 borde
523 1556 76 19 vara
614 1552 45 23 att
674 1545 96 39 skapa
784 1555 39 19 en
837 1545 91 35 form,
944 1554 112 29 genom
1072 1543 102 30 vilken
1189 1543 88 29 mark
1292 1553 110 19 varom
1416 1543 58 28 här
1488 1552 57 19 var
1560 1541 88 39 fråga
1664 1542 104 29 kunde

284 1600 41 39 på
338 1600 142 39 lämpligt
495 1601 60 28 sätt
568 1599 82 30 föras
665 1599 32 29 in
712 1599 9 29 i
736 1598 361 39 fastighetsindelningen
1112 1603 77 24 utan
1205 1603 45 24 att
1266 1597 119 30 arbetet
1400 1597 59 29 och
1474 1596 210 30 kostnaderna
1699 1596 70 29 blev

283 1653 295 40 oproportionerligt
598 1659 81 24 stora
699 1653 9 29 i
728 1652 197 30 förhållande
946 1652 45 29 till
1010 1652 142 29 markens
1173 1661 66 20 som
1259 1651 82 39 regel
1361 1650 88 39 ringa
1468 1650 105 30 värde.
1595 1649 174 40 Självfallet

283 1708 62 30 fick
363 1708 79 30 dock
461 1707 208 30 strävandena
687 1707 79 29 efter
782 1706 144 30 enkelhet
943 1706 28 39 ej
992 1706 70 29 leda
1080 1706 44 29 till
1144 1711 46 24 att
1208 1704 341 31 rättssäkerhetskravet
1567 1704 66 29 icke
1652 1703 117 30 tillbör-

284 1762 81 39 ligen
384 1761 176 30 beaktades.
580 1779 31 4 —
629 1761 70 29 Den
720 1760 135 39 angivna
875 1760 201 39 riktpunkten
1096 1759 49 30 för
1163 1758 233 40 lagstiftningen
1416 1758 193 36 föranledde,
1630 1763 46 24 att
1695 1758 74 29 den-

284 1827 121 18 samma
419 1816 97 29 borde
533 1826 69 18 avse
619 1815 129 29 allenast
764 1814 97 30 sådan
878 1814 98 36 mark,
991 1814 104 29 vilken
1110 1813 10 29 i
1136 1813 53 29 det
1205 1812 124 30 alldeles
1346 1812 217 39 övervägande
1581 1811 118 30 antalet
1715 1811 55 30 fall

284 1870 82 29 hade
383 1869 171 39 obetydligt
570 1869 104 29 värde.
693 1868 79 30 Med
789 1868 119 38 hänsyn
925 1867 105 30 härtill
1047 1866 95 40 ansåg
1159 1865 344 41 departementschefen
1521 1865 109 30 liksom
1648 1865 39 30 de
1704 1865 66 30 sak-

284 1923 139 39 kunniga
441 1929 45 24 att
504 1923 109 29 endast
630 1922 89 30 mark
738 1922 115 29 avsedd
872 1921 45 30 till
934 1923 61 37 väg
1012 1921 59 29 och
1090 1920 80 37 dike,
1188 1920 130 30 varmed
1336 1920 97 29 borde
1451 1919 170 40 jämställas
1641 1920 79 29 även
1739 1918 31 30 å-

285 1978 59 29 och
360 1977 175 36 bäckfåror,
551 1977 97 29 borde
664 1976 175 38 inbegripas
857 1976 100 29 under
973 1974 241 39 lagstiftningen.

521 2103 149 39 Tidigare
686 2101 334 40 riksdagsbehandling
1037 2112 40 19 av
1093 2101 113 39 frågan
1222 2112 53 19 om
1291 2100 187 40 utvidgning
1496 2112 39 19 av

700 2164 361 41 tillämpningsområdet
1077 2164 49 30 för
1146 2164 77 31 1952
1240 2164 49 30 års
1306 2164 51 39 lag

328 2248 14 28 I
362 2258 39 19 en
418 2247 55 30 vid
494 2247 76 29 1959
589 2246 47 30 års
655 2246 123 39 riksdag
795 2246 92 29 väckt
905 2246 130 37 motion,
1055 2246 120 36 I1:122,
1194 2246 168 29 framlades
1381 2252 43 23 ett
1443 2246 115 39 förslag
1575 2257 53 18 om
1647 2252 46 24 att
1712 2246 59 29 till-

287 2300 320 40 lämpningsområdet
627 2300 48 30 för
697 2301 75 29 1952
794 2299 47 30 års
861 2300 51 39 lag
930 2299 97 30 borde
1046 2299 107 39 vidgas
1173 2299 44 30 till
1238 2306 46 23 att
1302 2299 10 30 i
1332 2299 122 40 princip
1473 2300 135 29 omfatta
1627 2300 145 29 samfälld

287 2355 88 30 mark
392 2366 38 19 av
447 2355 62 29 alla
523 2354 72 39 slag.
613 2352 85 32 Över
713 2353 160 30 motionen
890 2354 122 39 yttrade
1028 2354 44 39 sig
1088 2353 324 40 lantmäteristyrelsen
1429 2354 59 29 och
1508 2354 77 29 1954
1603 2353 47 30 års
1667 2353 105 40 fastig-

286 2408 397 40 hetsbildningskommitté.

329 2463 115 39 Tredje
462 2463 209 39 lagutskottet,
689 2472 66 19 som
773 2462 152 39 avstyrkte
942 2461 87 30 bifall
1047 2462 45 29 till
1110 2461 171 37 motionen,
1299 2461 141 30 uttalade
1457 2462 10 29 i
1484 2461 51 31 sitt
1553 2472 39 19 av
1611 2461 162 40 riksdagen

288 2517 167 39 godkända
471 2516 163 30 utlåtande
650 2526 37 19 nr
702 2516 18 29 8
737 2515 149 39 följande.
