1898 2792
231 145 214 29 Sammansatt
464 140 240 29 konstitutions-
724 138 61 27 och
804 136 102 35 första
927 133 185 35 lagutskotts
1134 129 161 28 utlåtande
1316 135 39 19 nr
1374 127 17 27 3
1412 127 36 27 år
1469 124 74 28 19353
1606 123 37 29 19

140 231 130 32 avvikit
289 229 80 30 från
388 228 125 38 högsta
531 223 214 32 domstolens
764 220 190 41 yttranden
972 219 80 28 över
1072 212 332 38 nådeansökningar
1429 209 130 39 (bilaga
1579 207 60 34 C);

137 283 83 30 åren
244 281 94 33 1951,
365 278 83 30 1952
471 276 65 30 och
562 274 97 31 1954!
682 273 64 29 har
769 272 125 38 högsta
917 267 196 31 domstolen
1137 263 170 39 tillstyrkt
1330 261 124 31 endast
1477 258 163 38 omkring

138 332 135 30 hälften
290 339 41 20 av
348 329 41 29 de
408 324 329 38 nådeansökningar
754 330 76 22 som
845 319 148 30 bifallits
1012 327 42 20 av
1071 315 126 39 Kungl.
1217 313 105 39 Maj:t
1345 311 130 38 (bilaga
1493 309 59 30 E).
1573 309 69 28 Hu-

139 382 123 30 ruvida
280 380 126 39 Kungl.
427 377 104 39 Maj:t
548 376 81 30 eller
646 375 124 38 högsta
789 369 197 33 domstolen
1004 368 127 30 ändrat
1148 366 54 30 sin
1221 363 118 41 praxis
1358 363 51 29 lär
1429 361 75 29 icke
1522 361 121 28 kunna

140 433 143 37 avgöras
308 430 78 31 med
411 428 138 37 ledning
573 436 41 20 av
640 422 211 40 tillgängliga
878 419 191 31 statistiska
1093 415 185 39 uppgifter.
1305 412 198 31 Emellertid
1529 410 114 30 finnes

143 482 188 39 anledning
359 482 137 36 antaga,
524 479 51 29 att
603 475 241 32 avvikelserna
873 470 108 31 delvis
1008 470 83 29 bero
1119 466 119 41 därpå,
1268 467 51 28 att
1347 463 125 39 Kungl.
1501 461 105 39 Maj:t
1634 460 10 28 i

139 534 93 30 vissa
256 532 62 30 fall
342 531 65 29 har
430 528 143 40 tillgång
597 527 53 29 till
673 526 108 29 annat
804 521 161 32 material
989 521 45 29 än
1057 519 125 39 högsta
1205 515 208 31 domstolen.
1437 512 117 39 Enligt
1576 511 67 30 vad

141 583 188 31 statsrådet
349 580 200 38 Zetterberg
568 575 159 42 uppgivit
746 575 11 29 i
778 574 77 30 sina
875 569 361 42 interpellationssvar
1259 566 81 31 1947
1362 565 66 29 och
1450 563 83 31 1954
1554 562 89 30 före-

141 635 158 29 kommer
318 632 58 29 det
394 630 77 30 icke
490 629 121 33 sällan,
632 628 50 29 att
700 624 127 40 Kungl.
847 622 106 40 Maj:t
972 619 235 31 införskaffar
1225 616 201 41 ytterligare
1444 612 198 39 utredning,

142 683 107 31 sedan
268 683 125 38 högsta
412 679 196 31 domstolen
628 675 128 41 avgivit
776 674 61 31 sitt
856 672 163 41 yttrande
1038 671 11 29 i
1070 669 153 31 ärendet.
1244 668 13 29 I
1277 667 41 30 de
1338 665 73 35 fall,
1432 664 44 30 då
1495 663 148 30 sålunda

143 735 76 38 nytt
240 731 161 31 material
424 739 42 21 av
485 728 176 40 betydelse
684 723 215 33 tillkommit,
920 722 65 29 har
1005 721 125 39 högsta
1152 717 215 31 domstolens
1388 714 162 41 yttrande
1575 713 72 39 tyd-

143 784 91 39 ligen
253 783 124 29 endast
398 780 186 40 begränsat
603 777 115 30 värde.
740 775 118 39 Enligt
877 773 189 30 utskottets
1087 769 141 39 mening
1248 768 62 29 bör
1330 767 116 29 denna
1465 763 182 40 olägenhet

144 833 229 39 undanröjas.
401 833 13 29 I
443 826 457 42 statsverkspropositionen
927 822 216 34 förutsättes,
1172 821 51 28 att
1249 817 238 30 innehavaren
1513 824 42 21 av
1581 814 65 30 den

144 886 62 29 där
227 884 209 38 föreslagna,
457 881 12 30 i
489 881 57 30 det
567 877 207 41 föregående
795 873 216 32 omnämnda
1031 869 348 42 byråchefstjänsten
1400 866 88 30 skall
1509 865 139 38 vidtaga

145 934 228 39 erforderliga
393 929 310 42 kompletteringar
723 937 42 21 av
785 924 279 32 nådeärendena.
1083 921 178 31 Utskottet
1280 927 102 21 anser
1402 918 57 29 det
1479 915 169 40 lämpligt,

146 987 50 29 att
216 986 66 29 den
302 983 201 41 ytterligare
525 979 196 39 utredning,
744 986 76 21 som
843 974 149 31 sålunda
1013 973 57 30 må
1091 980 102 22 anses
1215 968 216 39 erforderlig,
1452 968 12 28 i
1486 967 92 38 regel
1599 966 50 28 in-

148 1035 193 31 förskaffas
365 1033 109 30 redan
499 1032 109 29 innan
631 1029 143 30 ärendet
797 1026 201 38 föredrages
1022 1024 11 29 i
1056 1023 125 39 högsta
1204 1020 208 32 domstolen.
1438 1018 67 30 Om
1528 1018 56 28 det
1607 1034 44 2 —

148 1084 251 40 undantagsvis
423 1102 43 3 —
489 1082 106 30 sedan
617 1080 123 39 högsta
763 1075 198 33 domstolen
985 1073 129 40 avgivit
1136 1071 162 41 yttrande
1323 1071 10 29 i
1358 1069 152 32 ärendet,
1538 1067 112 30 skulle

147 1137 237 30 framkomma
404 1143 69 30 nya
492 1131 262 41 upplysningar,
775 1137 75 21 som
870 1135 105 31 synas
996 1125 123 29 kunna
1137 1123 78 29 leda
1235 1121 52 30 till
1307 1122 109 28 annat
1434 1117 216 32 bedömande

148 1189 44 29 än
208 1187 106 33 förut,
331 1186 63 29 bör
412 1185 77 38 nytt
504 1182 163 40 yttrande
683 1180 189 30 inhämtas.

192 1237 176 30 Utskottet
389 1235 60 31 vill
471 1234 11 29 i
503 1234 95 29 detta
619 1229 257 38 sammanhang
897 1228 87 29 även
1007 1224 190 31 framhålla
1219 1221 295 41 angelägenheten
1537 1228 42 21 av
1602 1219 49 28 att

148 1289 58 29 det
222 1297 68 30 nya
309 1285 196 31 materialet
521 1284 11 29 i
549 1281 268 32 nådeärendena
833 1278 68 30 blir
918 1276 154 39 allsidigt
1089 1275 122 39 belyst.
1229 1274 66 29 Det
1314 1272 98 30 torde
1431 1270 119 36 därför
1570 1278 82 21 vara

150 1338 157 40 lämpligt
324 1339 50 28 att
389 1337 11 29 i
419 1336 93 29 detta
530 1333 90 40 syfte
637 1341 96 21 mera
749 1327 241 43 regelmässigt
1007 1327 70 29 låta
1094 1324 162 39 offentlig
1275 1321 204 41 myndighet
1496 1320 81 30 eller
1596 1329 56 19 en-

149 1389 91 30 skild
261 1396 128 32 person
409 1386 78 29 med
507 1386 162 28 närmare
688 1380 202 31 kännedom
910 1387 65 21 om
988 1377 68 30 den
1076 1375 144 31 dömdes
1242 1372 200 42 personliga
1462 1371 191 30 förhållan-

149 1440 67 30 den
234 1440 94 38 yttra
349 1437 51 39 sig
420 1437 80 29 över
520 1433 187 39 utredning
727 1441 75 21 som
821 1430 77 29 icke
919 1428 168 38 förelegat
1106 1426 12 29 i
1136 1424 384 39 brottmålsprocessen.

195 1490 74 29 Den
292 1498 48 20 nu
364 1487 207 39 ifrågasatta
593 1482 243 39 anordningen
860 1488 103 31 synes
986 1478 125 29 lättare
1135 1477 120 28 kunna
1280 1473 232 41 genomföras,
1537 1472 116 29 därest

151 1541 66 30 den
247 1540 83 29 eller
360 1538 41 29 de
431 1544 175 32 personer,
638 1542 75 21 som
742 1531 114 30 skulle
885 1530 158 37 företaga
1072 1525 228 39 erforderliga
1330 1521 322 42 kompletteringar,

149 1590 181 38 föredroge
354 1587 175 31 ärendena
553 1584 95 30 såväl
669 1583 12 29 i
703 1583 124 38 högsta
850 1579 198 31 domstolen
1070 1586 76 21 som
1168 1576 11 29 i
1201 1575 287 40 departementet.
1511 1571 140 40 Därige-

153 1649 82 20 nom
254 1638 113 30 skulle
385 1646 84 21 man
487 1637 85 29 även
592 1633 117 40 undgå
727 1632 57 30 det
802 1629 257 33 dubbelarbete,
1080 1636 75 21 som
1173 1626 167 40 systemet
1358 1624 79 29 med
1455 1623 93 29 olika
1566 1622 89 29 före-

151 1688 175 39 dragande
344 1688 10 29 i
370 1687 125 38 högsta
512 1684 196 31 domstolen
724 1682 65 30 och
807 1680 278 40 departementet
1102 1676 146 33 medför,
1267 1675 65 30 och
1349 1674 175 30 ärendena
1543 1672 112 30 skulle

154 1740 120 29 kunna
303 1738 176 38 företagas
508 1736 52 30 till
589 1733 196 41 avgörande
813 1731 39 30 så
881 1732 72 38 gott
982 1738 75 21 som
1086 1727 216 30 omedelbart
1330 1725 88 30 efter
1447 1724 57 30 det
1531 1724 124 38 högsta

154 1788 197 31 domstolen
369 1786 129 40 avgivit
517 1786 60 29 sitt
593 1784 173 40 yttrande.

197 1839 77 29 Med
301 1838 140 38 hänsyn
468 1836 51 29 till
547 1834 215 30 statsrådens
790 1830 227 31 arbetsbörda
1045 1830 39 29 är
1111 1829 57 29 det
1194 1827 179 33 önskvärt,
1401 1826 51 29 att
1478 1824 176 38 föredrag-

152 1888 128 39 ningen
306 1897 42 20 av
374 1885 267 31 nådeärendena
666 1883 55 30 för
746 1881 199 31 statsråden
970 1879 76 30 icke
1072 1879 98 39 göres
1196 1876 222 40 vidlyftigare
1444 1876 44 28 än
1515 1883 75 20 som
1615 1875 39 28 är

152 1936 224 39 nödvändigt.
403 1937 53 29 En
481 1933 253 39 förutsättning
759 1931 123 30 härför
909 1931 51 29 lär
985 1938 94 25 vara,
1107 1929 50 28 att
1182 1927 42 29 de
1249 1925 254 39 föredragande
1530 1932 124 31 genom

154 1989 48 28 ett
224 1987 76 29 icke
326 1985 119 30 alltför
468 1983 193 40 kortvarigt
684 1982 82 30 eller
792 1980 201 41 sporadiskt
1018 1977 178 38 sysslande
1220 1976 78 29 med
1322 1975 240 30 nådeärenden
1586 1974 72 29 vin-

155 2047 43 20 na
221 2037 109 30 sådan
356 2035 199 30 erfarenhet
579 2034 44 39 på
647 2033 94 30 detta
763 2031 154 33 område,
942 2031 50 27 att
1013 2027 261 32 vederbörande
1298 2025 152 30 statsråd
1473 2025 78 29 med
1577 2024 80 29 fullt

153 2087 200 31 förtroende
376 2087 71 28 kan
471 2085 61 30 lita
553 2084 45 41 på
621 2082 305 40 föredragningen.
950 2079 167 39 Möjligen
1141 2078 112 29 skulle
1276 2077 97 29 inom
1396 2075 259 39 justitiedepar-

155 2139 165 28 tementet
350 2137 83 29 eller
462 2136 104 29 nedre
595 2131 336 42 justitierevisionen
960 2130 122 29 kunna
1111 2128 149 29 inrättas
1289 2128 49 29 ett
1368 2126 85 30 fåtal
1483 2125 173 29 särskilda

156 2187 149 39 tjänster
330 2195 75 20 som
431 2182 384 42 specialföredragande
839 2181 11 29 i
874 2179 256 31 nådeärenden.
1155 2177 177 30 Utskottet
1355 2185 103 20 anser
1482 2175 51 39 sig
1556 2174 102 30 emel-

156 2236 101 30 Jlertid
282 2235 77 30 icke
384 2235 121 29 kunna
529 2234 158 32 bedöma,
714 2232 92 29 huru
832 2240 43 20 en
901 2226 511 41 föredragningsorganisation
1437 2225 107 39 enligt
1569 2233 89 20 ovan

156 2285 149 39 angivna
325 2284 178 38 riktlinjer
522 2283 10 28 i
554 2283 105 38 detalj
682 2282 61 28 bör
763 2281 185 29 utformas.
970 2279 109 28 Dessa
1099 2277 117 38 frågor
1238 2276 98 29 torde
1356 2275 86 29 böra
1458 2274 92 30 bliva
1572 2274 88 29 före-

157 2336 67 29 mål
243 2336 54 29 för
315 2336 162 28 närmare
494 2332 264 38 överväganden
776 2331 96 28 inom
890 2328 286 40 departementet,
1196 2326 122 29 därvid
1337 2325 94 29 olika
1450 2326 104 37 vägar
1572 2324 88 29 kun-

157 2396 43 20 na
221 2386 135 39 prövas.
378 2384 120 38 Någon
522 2382 189 30 fristående
733 2379 188 38 utredning
945 2387 102 30 synes
1070 2377 158 29 däremot
1251 2376 177 38 knappast
1449 2383 81 21 vara
1553 2374 108 29 crfor-

157 2437 107 37 derlig
283 2436 9 28 i
313 2434 229 30 förevarande
563 2432 208 30 hänseende.

188 2504 6 13 1
216 2506 139 23 Utskottet
374 2504 50 22 har
444 2503 55 23 icke
520 2502 58 23 haft
599 2500 109 31 tillgång
727 2500 39 23 till
788 2497 192 25 motsvarande
1000 2496 137 30 uppgifter
1156 2496 40 22 för
1215 2494 28 24 år
1264 2492 71 25 1953.
