1892 2812
610 151 264 29 Statsutskottets
897 149 168 28 utlåtande
1087 157 39 19 nr
1141 149 29 28 5.
1606 141 39 31 13

142 227 53 31 till
221 226 181 41 inredning
428 225 62 31 och
516 224 197 41 utrustning
739 235 39 19 av
805 222 166 32 centraler
996 222 61 31 har
1083 221 182 31 beräknats
1292 219 53 31 till
1372 219 112 30 10000
1509 217 134 36 kronor,

143 278 106 31 vilket
264 277 142 31 innebär
422 287 42 20 en
481 275 169 41 sänkning
666 274 77 31 med
759 274 19 31 5
791 274 62 30 000
868 273 133 31 kronor.
1030 272 69 31 Det
1116 273 53 29 för
1185 271 120 40 bidrag
1323 269 53 31 till
1392 267 251 43 specialutbild-

144 329 82 41 ning
242 340 40 20 av
298 326 363 42 barnsjuksköterskor
676 324 147 32 avsedda
840 324 163 41 beloppet
1020 323 61 31 har
1097 324 131 29 ansetts
1245 321 82 31 böra
1343 320 97 40 höjas
1458 318 77 32 med
1552 319 19 29 2
1586 318 59 30 100

142 380 133 31 kronor.

196 431 164 40 Anslaget
384 430 61 30 har
470 430 129 29 ansetts
623 428 83 31 böra
732 429 166 39 upptagas
924 425 53 31 till
1001 427 48 29 ett
1074 424 167 31 avrundat
1264 422 126 41 belopp
1415 432 40 20 av
1480 420 92 31 1600
1585 420 61 30 000

144 482 131 31 kronor.

198 559 81 32 Med
301 558 238 42 tillstyrkande
562 568 40 20 av
624 556 126 41 Kungl.
774 555 119 41 Maj:ts
917 554 128 41 förslag
1065 552 198 32 hemställer
1285 550 175 37 utskottet,

438 636 49 29 att
512 633 182 41 riksdagen
720 634 54 29 må

439 685 30 40 a)
497 684 181 42 godkänna
698 683 11 30 i
732 680 376 43 statsrådsprotokollet
1130 681 81 29 över
1231 676 254 33 socialärenden
1508 675 53 31 för
1583 675 66 30 den

397 737 20 30 4
444 735 132 42 januari
605 735 81 31 1946
713 733 161 32 förordad
902 731 144 41 ändring
1074 741 39 20 av
1142 729 192 42 grunderna
1361 728 54 30 för
1441 725 208 40 statsbidrag

397 787 54 30 till
473 785 199 41 avlöningar
694 796 40 19 m.
758 795 41 19 m.
824 784 92 30 inom
939 780 254 42 förebyggande
1217 779 126 31 mödra-
1366 777 62 32 och
1450 775 198 37 barnavård,

398 840 49 29 att
472 837 171 41 tillämpas
667 836 75 30 från
766 835 63 31 och
853 834 77 31 med
954 833 66 31 den
1046 833 15 30 1
1088 831 63 42 juli
1177 831 92 36 1946;

440 889 35 40 b)
502 888 55 32 till
575 888 129 39 Bidrag
724 887 52 31 till
796 884 199 41 avlöningar
1014 895 42 20 m.
1076 894 42 22 m.
1139 883 91 31 inom
1249 880 253 41 förebyggande
1523 874 127 48 mödra-

399 940 62 31 och
489 939 186 31 barnavård
701 938 53 30 för
777 936 204 41 budgetåret
1007 933 134 31 1946/47
1169 932 117 31 anvisa
1311 933 48 29 ett
1385 928 266 42 förslagsanslag

399 1002 40 19 av
467 990 91 31 1600
571 989 61 31 000
659 988 132 31 kronor.

201 1086 104 41 132:o0)
338 1086 134 39 Bidrag
504 1085 57 32 till
595 1093 99 23 resor
727 1084 12 31 i
770 1082 264 41 förebyggande
1057 1081 143 32 mödra-
1223 1080 65 32 och
1310 1077 213 34 barnavård.
1568 1075 83 32 Med

149 1136 238 42 tillstyrkande
416 1146 40 20 av
483 1134 126 41 Kungl.
640 1133 118 41 Maj:ts
786 1132 129 40 förslag
947 1130 121 42 (punkt
1098 1129 69 38 185,
1196 1140 25 22 s.
1250 1129 59 30 341
1339 1127 62 32 och
1429 1126 88 42 342),
1546 1125 106 31 vilket

149 1188 151 37 innebär,
322 1189 49 29 att
393 1186 152 40 anslaget
567 1185 77 30 med
665 1184 132 40 hänsyn
820 1182 54 32 till
897 1182 65 31 den
985 1180 253 32 fortskridande
1260 1178 241 42 utbyggnaden
1524 1188 39 19 av
1586 1176 66 31 den

149 1237 253 43 förebyggande
430 1236 126 31 mödra-
585 1235 63 32 och
675 1233 234 32 barnavården
936 1232 194 41 uppräknas
1158 1230 77 31 med
1262 1230 40 31 50
1315 1230 61 30 000
1403 1228 133 38 kronor,
1564 1227 88 31 hem-

149 1290 117 31 ställer
290 1289 176 36 utskottet,

444 1366 50 28 att
515 1363 182 40 riksdagen
720 1363 52 29 må
795 1361 54 30 till
871 1361 128 39 Bidrag
1023 1359 53 31 till
1099 1368 95 21 resor
1216 1358 12 31 i
1249 1355 254 42 förebyggande
1526 1354 128 31 mödra-

402 1415 62 30 och
491 1413 188 32 barnavård
703 1413 53 30 för
779 1411 203 41 budgetåret
1009 1408 135 32 1946/47
1171 1407 118 32 anvisa
1313 1408 49 29 ett
1387 1403 267 42 förslagsanslag

402 1476 40 19 av
467 1464 60 31 250
540 1464 64 30 000
626 1463 133 30 kronor.

206 1558 102 41 133:0)
325 1559 134 39 Bidrag
474 1558 57 31 till
547 1554 586 42 folkbildningsorganisationerna
1148 1554 55 31 för
1218 1550 228 33 anordnande
1462 1559 45 23 av
1522 1549 133 31 allmän

152 1609 311 41 sexualhygienisk
477 1605 472 44 upplysningsverksamhet.
981 1603 82 32 Med
1081 1601 240 43 tillstyrkande
1337 1612 41 20 av
1394 1599 127 42 Kungl.
1538 1598 117 41 Maj:ts

154 1661 128 40 förslag
306 1659 120 41 (punkt
446 1658 68 37 186,
535 1669 25 19 s.
581 1657 74 40 342)
680 1656 62 31 och
761 1655 109 31 under
889 1654 144 36 erinran,
1055 1654 48 30 att
1124 1652 57 32 det
1200 1654 19 29 å
1239 1651 206 41 tilläggsstat
1464 1649 18 31 I
1501 1648 54 32 till
1575 1648 81 31 riks-

154 1714 112 28 staten
286 1711 52 30 för
359 1708 226 32 innevarande
607 1707 166 40 budgetår
793 1705 161 32 anvisade
975 1704 154 40 anslaget
1149 1708 19 26 å
1190 1702 37 31 15
1241 1702 60 30 000
1320 1701 124 30 kronor
1464 1699 54 31 till
1538 1699 119 40 ifråga-

155 1762 145 31 varande
320 1760 155 32 ändamål
493 1762 37 28 är
547 1760 111 30 avsett
678 1758 52 30 för
748 1755 220 33 bestridande
988 1766 40 19 av
1047 1754 144 31 allenast
1211 1754 47 30 ett
1277 1752 93 31 halvt
1390 1753 53 29 års
1462 1749 194 36 kostnader,

154 1812 195 32 hemställer
371 1810 176 36 utskottet,

448 1880 49 29 att
517 1877 183 40 riksdagen
720 1878 53 28 må
794 1875 54 30 till
869 1874 129 39 Bidrag
1018 1873 53 31 till
1091 1868 568 45 folkbildningsorganisationernu

405 1929 54 39 för
483 1927 220 32 anordnande
727 1937 40 20 av
791 1925 125 31 allmän
940 1921 300 41 sexualhygienisk
1265 1918 394 43 upplysningsverksam-

408 1980 56 30 het
491 1979 52 30 för
568 1977 202 41 budgetåret
798 1974 134 32 1946/47
960 1973 117 31 anvisa
1103 1974 48 29 ett
1178 1971 118 39 anslag
1320 1981 40 19 av
1385 1969 114 30 30000
1525 1967 133 31 kronor.

211 2073 103 40 134:0)
337 2071 379 41 Abortförebyggande
740 2069 180 41 åtgärder.
966 2067 126 42 Kungl.
1116 2067 99 41 Maj:t
1237 2066 61 31 har
1320 2065 121 42 (punkt
1465 2066 69 34 187,
1556 2075 26 21 s.
1599 2064 62 31 343

158 2125 62 31 och
241 2124 73 36 344)
342 2122 177 40 föreslagit
538 2121 182 39 riksdagen
741 2123 49 28 att
811 2119 53 30 till
886 2116 365 42 Abortförebyggande
1272 2115 156 41 åtgärder
1449 2116 53 29 för
1522 2114 128 40 budget

158 2177 72 29 året
255 2174 133 31 1946/47
415 2172 115 31 anvisa
555 2173 48 29 ett
629 2169 266 41 förslagsanslag
920 2180 40 19 av
987 2167 59 31 150
1059 2168 61 29 000
1144 2167 134 30 kronor.

213 2251 67 31 Till
297 2249 255 42 ifrågavarande
570 2247 156 31 ändamål
744 2249 35 28 är
796 2248 19 28 å
833 2245 207 41 tilläggsstat
1057 2244 17 30 I
1093 2244 52 30 till
1164 2243 182 30 riksstaten
1365 2243 52 29 för
1434 2240 228 31 innevarande

159 2301 167 40 budgetår
350 2300 132 30 anvisat
507 2301 48 28 ett
581 2296 267 41 förslagsanslag
873 2306 40 20 av
939 2295 114 30 80000
1078 2294 134 30 kronor.

213 2352 67 30 För
302 2353 97 28 nästa
421 2349 167 40 budgetår
610 2347 166 31 beräknas
800 2347 52 30 för
874 2344 190 41 ersättning
1086 2343 53 31 till
1163 2342 266 31 laboratorierna
1452 2341 52 30 för
1526 2339 135 31 utförda

160 2399 393 44 graviditetsreaktioner
577 2400 49 30 ett
650 2397 125 40 belopp
799 2407 38 20 av
865 2396 59 29 100
937 2395 61 30 000
1022 2394 133 30 kronor.
1191 2392 73 31 Vad
1289 2393 104 38 angår
1415 2389 248 32 kuratorsverk-

161 2452 174 32 samheten
362 2452 52 29 för
440 2447 250 33 abortsökande
716 2447 60 30 har
802 2446 110 31 denna
938 2444 123 41 jämväl
1088 2443 108 31 under
1221 2444 96 29 nästa
1342 2441 166 40 budgetår
1534 2441 130 29 ansetts

1705 549 131 23 Utskottet.
