1888 2814
576 157 263 31 Statsutskottets
862 159 166 29 utlåtande
1051 169 38 19 nr
1112 160 27 28 5.
1573 157 40 31 29

163 231 84 42 68:0)
270 231 392 42 Sinnessjuknämnden:
697 233 267 34 Omkostnader.
1009 233 18 32 I
1061 233 152 42 enlighet
1244 233 78 32 med
1345 233 126 42 Kungl.
1496 233 117 41 Maj:ts

112 281 128 43 förslag
269 282 121 42 (punkt
416 283 69 37 113,
510 294 25 20 s.
563 283 71 41 140)
664 283 63 31 och
753 282 108 31 under
885 283 144 38 erinran,
1055 284 48 30 att
1129 283 153 41 anslaget
1308 284 53 30 för
1385 283 227 31 innevarande

111 332 167 42 budgetår
297 334 150 31 anvisats
465 334 77 31 med
560 344 126 21 samma
704 333 136 42 belopp,
860 334 197 31 hemställer
1074 334 176 38 utskottet,

406 413 49 30 att
485 410 179 42 riksdagen
695 413 54 29 må
778 411 54 31 till
861 411 391 41 Sinnessjuknämnden:
1286 412 246 32 Omkostnader
1561 411 52 31 för

365 462 202 42 budgetåret
587 462 134 31 1946/47
742 462 119 31 anvisa
880 464 48 30 ett
949 462 268 42 förslagsanslag
1236 473 40 20 av
1295 462 19 31 3
1328 462 60 31 000
1409 462 132 31 kronor.

165 557 83 41 69:0)
273 557 141 33 Statens
447 558 308 41 bakteriologiska
788 558 268 33 laboratorium:
1090 558 230 41 Avlöningar.
1366 558 126 42 Kungl.
1517 558 98 40 Maj:t

113 607 60 31 har
194 607 121 42 (punkt
333 609 68 37 114,
419 619 25 20 s.
465 607 176 42 141—158)
663 607 178 42 föreslagit
858 607 181 42 riksdagen
1055 610 49 29 att
1120 608 74 31 dels
1212 608 180 41 godkänna
1407 619 40 20 av
1465 607 149 42 departe-

113 659 233 31 mentschefen
386 659 162 31 förordad
586 659 376 42 personalförteckning
1001 659 63 32 och
1103 659 250 42 avlöningsstat
1392 659 53 31 för
1484 661 130 29 statens

112 709 289 42 bakteriologiska
427 710 251 40 laboratorium,
706 710 294 41 avlöningsstaten
1026 713 50 30 att
1101 710 171 42 tillämpas
1299 710 72 31 tills
1397 710 115 31 vidare
1540 710 74 30 från

113 761 62 31 och
201 761 77 31 med
303 761 202 41 budgetåret
532 761 145 38 1946/47,
704 761 74 32 dels
805 761 61 31 ock
892 761 54 31 till
973 760 138 32 Statens
1136 760 290 42 bakteriologiska
1450 760 164 32 laborato-

113 812 96 31 rium:
236 812 211 42 Avlöningar
472 813 52 31 för
548 813 146 32 nämnda
717 812 168 42 budgetår
909 812 118 32 anvisa
1051 814 49 29 ett
1124 812 268 42 förslagsanslag
1416 823 40 20 av
1480 811 61 32 510
1554 812 60 31 000

112 863 132 32 kronor.

165 941 263 42 Ifrågavarande
466 941 118 42 anslag
621 944 36 29 är
693 941 54 31 för
772 941 228 31 innevarande
1027 941 167 41 budgetår
1220 941 134 31 anvisat
1378 941 75 31 med
1480 940 61 31 406
1554 940 61 31 000

113 992 131 32 kronor.

165 1043 76 31 Den
253 1043 253 32 fortskridande
518 1043 177 32 tillväxten
707 1054 39 20 av
759 1043 238 31 laboratoriets
1009 1043 214 31 verksamhet
1233 1043 61 30 har
1302 1042 108 31 under
1417 1042 57 31 det
1482 1044 132 40 gångna

115 1096 71 29 året
204 1094 139 31 fortsatt
361 1095 11 31 i
390 1095 62 32 allt
468 1094 206 32 intensivare
692 1096 124 39 tempo.
836 1094 67 31 Till
920 1095 72 30 stor
1010 1094 56 31 del
1083 1093 60 32 har
1161 1093 231 42 expansionen
1410 1093 115 32 berott
1542 1093 72 31 dels

113 1148 44 38 på
178 1145 41 32 de
243 1146 210 31 omfattande
475 1145 294 42 undersökningar
792 1156 73 20 som
887 1147 88 29 måst
997 1145 130 31 utföras
1150 1145 12 30 1
1184 1144 164 32 samband
1371 1144 77 31 med
1470 1144 41 31 de
1534 1144 81 31 folk-

114 1197 268 41 omflyttningar,
401 1208 72 20 som
491 1197 116 32 berört
623 1199 75 30 vårt
712 1196 91 38 land,
823 1196 73 32 dels
915 1196 61 32 ock
992 1198 44 40 på
1053 1196 66 31 den
1137 1196 209 31 omfattande
1364 1195 250 42 produktionen

113 1259 39 20 av
174 1248 289 42 bakteriologiska
482 1250 167 40 preparat,
672 1247 150 32 avsedda
843 1248 53 31 för
918 1247 255 32 internationell
1195 1246 318 42 hjälpverksamhet.
1549 1246 66 31 Till

114 1299 220 32 bestridande
357 1311 40 20 av
419 1300 229 31 kostnaderna
669 1300 54 31 för
745 1299 239 31 laboratoriets
1008 1298 213 32 verksamhet
1243 1298 109 31 under
1374 1309 118 20 senare
1515 1299 36 29 år
1573 1297 43 31 ha

115 1351 89 30 intill
225 1351 66 31 den
313 1353 16 29 1
350 1351 63 41 juli
435 1351 79 31 1945
534 1352 112 40 utgått
664 1350 111 32 medel
797 1351 74 30 från
891 1354 49 28 tre
962 1349 90 32 olika
1072 1360 148 31 grupper
1239 1360 40 20 av
1298 1348 127 42 anslag,
1445 1348 171 41 nämligen

114 1402 73 30 dels
210 1402 104 31 femte
334 1402 237 31 huvudtitelns
593 1401 118 42 anslag
732 1401 53 31 till
808 1401 199 40 avlöningar
1028 1401 63 31 och
1112 1400 241 31 omkostnader
1374 1399 57 31 vid
1452 1399 164 31 laborato-

115 1453 71 38 riet,
211 1453 74 31 dels
309 1453 119 41 anslag
449 1453 108 31 under
580 1453 280 31 förskottsstaten
884 1452 53 31 för
959 1451 325 37 försvarsväsendet,
1308 1451 74 31 dels
1406 1452 60 30 ock
1489 1450 126 41 anslag,

115 1515 71 20 som
208 1504 151 31 anvisats
379 1504 53 31 till
455 1504 57 32 det
532 1503 277 32 internationella
829 1501 456 43 återuppbyggnadsarbetet
1306 1501 86 31 efter
1412 1501 118 41 kriget.
1563 1501 54 30 Då

115 1555 65 31 den
207 1555 53 31 för
286 1555 221 32 laboratoriet
534 1555 194 31 fastställda
755 1554 380 43 mobiliseringsplanen
1163 1556 87 31 efter
1276 1556 65 31 den
1368 1556 40 31 30
1434 1555 74 42 juni
1537 1555 79 31 1945

117 1606 69 31 icke
206 1606 116 42 längre
343 1608 36 29 är
397 1606 11 31 i
426 1606 91 31 kraft
535 1606 62 31 och
617 1606 115 31 vidare
752 1605 252 42 produktionen
1024 1617 40 20 av
1083 1607 53 30 för
1155 1606 255 32 internationell
1429 1606 187 41 hjälpverk-

116 1657 130 32 samhet
277 1657 149 34 avsedda
455 1656 290 42 bakteriologiska
773 1661 158 37 preparat
961 1657 66 31 kan
1056 1657 166 31 beräknas
1252 1657 49 31 bli
1332 1657 147 32 slutförd
1510 1657 108 31 under

115 1708 202 41 hudgetåret
336 1708 145 38 1945/46,
498 1708 133 32 komma
648 1708 230 41 nyssberörda
895 1708 185 32 kostnader
1097 1710 49 30 att
1164 1708 109 31 under
1289 1707 230 42 nästföljande
1537 1708 79 31 bud-

115 1762 93 38 getår
233 1760 72 31 helt
329 1759 170 32 bestridas
524 1771 40 20 av
589 1759 240 32 laboratoriets
855 1770 85 30 egna
964 1759 189 42 avlönings-
1179 1760 63 30 och
1267 1759 348 41 omkostnadsanslag.

115 1811 51 30 Av
188 1810 376 42 statsrådsprotokollet
586 1811 155 41 framgår,
765 1812 50 29 att
837 1810 58 31 det
916 1810 191 31 emellertid
1127 1821 40 20 av
1190 1810 92 31 olika
1302 1810 223 41 anledningar
1545 1810 71 31 icke

116 1863 36 29 är
167 1862 135 41 möjligt
320 1865 50 28 att
385 1862 167 41 begränsa
568 1861 187 41 utgifterna
772 1861 55 31 till
844 1861 41 31 de
903 1861 136 41 belopp,
1057 1871 73 21 som
1146 1861 126 30 hittills
1290 1863 186 28 motsvarat
1491 1860 126 31 labora-

117 1913 118 30 toriets
260 1913 111 30 behov
398 1913 11 30 i
436 1912 155 32 fredstid.
629 1912 112 31 Bland
767 1914 103 29 annat
895 1911 119 31 kräver
1040 1911 316 41 upprätthållandet
1380 1922 39 20 av
1446 1922 41 20 en
1514 1911 104 31 freds-

115 1963 126 41 mässig
265 1962 342 42 försvarsberedskap
632 1965 49 28 att
706 1962 111 31 medel
841 1962 166 31 beräknas
1033 1963 54 30 för
1110 1961 213 31 anställande
1348 1961 107 31 under
1480 1961 136 42 budget-

115 2017 72 29 året
208 2014 135 31 1946/47
366 2025 39 20 av
428 2014 69 31 viss
518 2014 117 30 härför
656 2013 203 41 erforderlig
879 2013 168 41 personal.

169 2065 272 31 Föreståndaren
456 2066 54 39 för
525 2064 230 40 laboratoriet,
771 2064 199 41 professorn
989 2064 38 31 G.
1048 2064 87 39 Olin,
1151 2064 60 30 har
1228 2063 158 41 framlagt
1401 2063 128 41 förslag
1545 2063 72 31 dels

116 2128 54 19 om
190 2127 41 20 en
250 2116 195 41 betydande
464 2116 166 41 utökning
649 2127 40 19 av
709 2115 274 42 personalstaten
1003 2115 54 30 för
1075 2114 202 41 budgetåret
1298 2114 144 38 1946/47,
1464 2114 73 31 dels
1557 2114 61 31 ock

116 2179 54 19 om
192 2167 192 31 beredande
407 2178 39 20 av
469 2168 124 31 fastare
617 2167 316 40 anställningsform
955 2169 34 29 åt
1012 2167 66 31 den
1099 2168 168 41 personal,
1291 2179 72 21 som
1385 2169 125 31 hittills
1534 2170 85 31 varit

116 2218 146 31 anställd
287 2220 20 29 å
329 2218 158 41 löneplan
510 2218 52 30 Ex
586 2229 76 20 men
685 2217 113 32 kunde
821 2218 166 31 beräknas
1011 2218 92 31 bliva
1124 2218 162 42 behövlig
1309 2220 10 30 i
1343 2220 273 41 fortsättningen.

168 2269 178 41 Förslaget
370 2269 61 30 har
454 2269 10 30 i
488 2268 177 31 huvudsak
690 2268 184 41 tillstyrkts
899 2280 39 19 av
962 2269 361 41 medicinalstyrelsen.

168 2319 385 40 Departementschefen
571 2319 60 31 har
650 2319 195 38 framhållit,
865 2321 49 29 att
931 2319 221 32 laboratoriet
1169 2320 148 40 alltjämt
1333 2320 160 33 arbetade
1512 2321 106 31 under

117 2371 9 30 i
144 2371 91 31 vissa
250 2371 191 31 avseenden
458 2370 172 31 onormala
646 2370 247 37 förhållanden,
910 2370 63 31 och
990 2370 118 31 därvid
1125 2370 138 31 särskilt
1279 2371 126 31 erinrat
1421 2382 54 20 om
1488 2372 131 31 arbetet

118 2424 51 29 för
186 2423 66 31 den
270 2423 276 30 internationella
564 2421 354 42 hjälpverksamheten
938 2422 63 31 och
1019 2422 238 31 laboratoriets
1276 2422 146 41 alltjämt
1440 2423 71 32 icke
1531 2423 87 31 lösta

117 2474 194 40 lokalfråga.
354 2474 124 31 Vidare
510 2485 78 20 vore
620 2473 285 40 löneställningen
939 2475 52 29 för
1022 2474 92 30 vissa
1143 2473 473 42 befattningshavargrupper,
