1890 2810
52 2121 132 24 Utskottet.

260 153 42 31 90
721 160 264 32 Statsutskottets
1008 164 166 30 utlåtande
1197 175 37 20 nr
1259 168 28 28 5.

314 230 104 41 173:0)
451 231 140 34 Statens
621 234 336 36 kriminaltekniska
979 240 151 33 anstalt:
1154 241 232 42 Avlöningar.
1431 243 126 42 Kungl.
1582 245 98 41 Maj:t
1703 246 61 32 har

262 280 122 41 (punkt
406 282 69 38 230,
499 294 25 20 s.
547 284 178 42 423—430)
753 286 179 43 föreslagit
964 289 182 42 riksdagen
1179 294 49 29 att
1252 293 74 31 dels
1348 294 181 40 godkänna
1551 306 41 20 av
1615 296 147 33 föredra-

256 331 112 40 gande
404 334 185 32 statsrådet
625 335 182 43 Mossberg
832 338 162 32 förordad
1019 342 377 43 personalförteckning
1423 345 62 31 och
1512 346 249 42 avlöningsstat

256 382 55 31 för
330 385 130 30 statens
480 384 316 35 kriminaltekniska
816 389 135 39 anstalt,
973 391 293 42 avlöningsstaten
1286 396 49 29 att
1356 395 171 42 tillämpas
1550 397 72 32 tills
1644 398 116 32 vidare

256 433 76 30 från
347 434 62 31 och
425 435 75 31 med
514 435 203 42 budgetåret
733 438 147 38 1946/47,
896 440 73 32 dels
986 441 60 31 ock
1062 442 53 31 till
1133 443 138 32 Statens
1287 444 318 35 kriminaltekniska
1620 449 138 31 anstalt:

254 485 211 41 Avlöningar
482 487 53 30 för
551 487 202 42 budgetåret
772 490 136 32 1946/47
926 492 117 31 anvisa
1062 495 48 29 ett
1127 494 269 43 förslagsanslag
1412 507 41 20 av
1470 497 61 32 269
1546 498 60 31 100
1623 499 135 32 kronor.

307 586 263 42 Ifrågavarande
593 590 117 42 anslag
732 593 36 29 är
790 592 55 31 för
865 593 228 34 innevarande
1116 596 167 42 budgetår
1305 599 133 32 anvisat
1460 600 78 32 med
1561 603 49 29 ett
1632 601 126 42 belopp

253 647 41 20 av
314 637 61 32 233
390 638 60 31 100
468 639 134 32 kronor.

306 688 70 31 För
400 691 97 30 nästa
523 690 168 42 budgetår
716 692 155 39 föreslås,
898 696 49 30 att
974 706 42 21 en
1042 697 442 44 verkstadsbiträdestjänst
1510 701 12 31 i
1549 701 208 43 lönegraden

252 739 52 31 Eo
319 741 17 29 7
356 741 172 32 överföres
548 741 54 32 till
621 743 170 32 ordinarie
813 746 67 30 stat
901 746 61 31 och
982 746 108 32 under
1108 747 251 43 benämningen
1379 753 174 39 reparatör
1573 753 151 41 placeras
1745 754 12 31 i

253 789 207 42 lönegraden
482 791 30 31 A
526 792 27 31 7.
589 792 49 32 På
659 794 109 40 grund
790 795 104 32 härav
917 798 159 31 ävensom
1099 798 11 32 i
1133 799 186 42 anledning
1342 812 41 20 av
1406 803 144 31 väntade
1574 803 183 33 löneklass-

251 841 277 43 uppflyttningar
550 843 171 33 erfordras
744 844 146 43 höjning
912 848 76 31 med
1012 848 18 31 3
1044 849 61 31 700
1128 849 125 33 kronor
1276 862 41 20 av
1341 852 261 42 anslagsposten
1626 855 55 31 till
1706 866 51 20 av-

251 890 158 43 löningar
426 893 52 31 till
496 894 171 32 ordinarie
685 895 215 41 tjänstemän.

304 943 18 31 I
356 944 95 40 fråga
481 955 55 21 om
567 945 263 43 anslagsposten
863 948 53 31 till
949 949 148 32 arvoden
1132 951 62 31 och
1225 952 172 33 särskilda
1430 955 237 42 ersättningar,
1703 957 53 32 be-

250 994 134 31 stämda
410 1006 41 20 av
475 995 126 42 Kungl.
631 996 109 42 Maj:t,
769 998 145 33 föreslås
941 1000 144 42 höjning
1113 1013 40 20 av
1180 1003 171 32 arvodena
1377 1004 54 32 till
1459 1007 50 30 tre
1538 1006 217 33 laboratorie-

249 1045 204 32 assistenter
489 1046 75 32 från
601 1047 93 32 6100
731 1048 126 32 kronor
893 1050 54 32 till
984 1052 93 31 7200
1114 1052 125 32 kronor
1277 1054 54 31 för
1367 1057 45 29 år.
1451 1056 53 32 De
1542 1057 126 32 hittills
1706 1061 48 28 ut-

249 1094 131 40 gående
405 1096 277 43 ålderstilläggen
707 1098 53 31 för
785 1100 101 31 dessa
908 1101 210 39 assistenter,
1143 1103 91 31 vilka
1257 1103 54 31 för
1335 1104 228 33 innevarande
1587 1106 168 42 budgetår

248 1145 184 33 beräknats
464 1148 53 31 till
549 1149 222 42 sammanlagt
793 1151 92 31 1000
905 1152 133 39 kronor,
1061 1154 201 33 förutsättas
1291 1156 5 30 i
1319 1156 164 32 samband
1504 1158 140 32 härmed
1666 1159 88 32 bort-

248 1196 91 32 falla.
374 1197 69 32 För
474 1199 150 32 arvoden
656 1202 34 30 åt
724 1204 157 38 experter
902 1203 120 32 räknas
1045 1205 78 31 med
1146 1208 48 28 ett
1217 1206 78 31 med
1318 1207 18 30 2
1350 1207 61 31 000
1433 1207 125 32 kronor
1582 1209 54 31 till
1661 1210 18 31 6
1692 1210 62 32 000

247 1247 128 32 kronor
396 1249 129 42 förhöjt
548 1250 135 42 belopp.
718 1251 180 42 Härjämte
922 1254 154 39 föreslås,
1102 1257 48 29 att
1174 1256 92 32 vissa
1289 1257 215 40 tjänstemän,
1530 1259 92 32 vilka
1645 1261 109 31 under

246 1299 87 31 flera
356 1302 38 29 år
415 1300 199 42 tjänstgjort
636 1303 57 30 vid
716 1304 170 32 anstalten
910 1316 76 20 men
1010 1305 154 33 avlönats
1189 1307 75 31 från
1288 1309 106 31 andra
1416 1310 119 41 anslag
1557 1312 43 30 än
1625 1311 57 32 det
1706 1323 46 20 nu

246 1350 267 41 ifrågavarande,
531 1352 75 32 från
624 1353 62 31 och
701 1354 77 31 med
794 1357 99 29 nästa
909 1355 166 42 budgetår
1092 1358 173 32 överföras
1284 1359 54 31 till
1355 1360 188 32 anstaltens
1562 1362 190 42 avlönings-

246 1402 77 30 stat.
358 1401 52 31 Av
432 1402 101 32 dessa
553 1403 205 41 tjänstemän
779 1405 45 31 ha
845 1417 42 20 en
907 1406 252 43 byråingenjör,
1182 1411 48 29 ett
1252 1409 341 34 laboratoriebiträde
1617 1413 63 31 och
1703 1415 48 30 ett

244 1451 299 42 fotografibiträde
561 1457 130 29 ansetts
708 1455 83 32 böra
808 1456 73 32 tills
897 1457 115 32 vidare
1029 1458 136 32 kvarstå
1179 1471 74 20 som
1271 1461 269 41 arvodestagare.
1569 1463 181 32 Arvodena

244 1502 54 31 till
317 1503 101 32 dessa
434 1504 44 31 ha
493 1504 182 33 beräknats
693 1506 54 31 till
765 1507 192 41 respektive
975 1509 18 30 9
1007 1509 70 38 900,
1096 1510 20 30 4
1129 1510 60 31 830
1208 1511 62 31 och
1290 1512 91 31 1800
1400 1512 133 32 kronor.
1564 1513 69 33 Vid
1651 1514 99 31 bifall

243 1553 55 31 till
323 1554 58 31 det
404 1555 144 32 anförda
571 1556 109 32 skulle
704 1568 46 20 nu
776 1557 256 42 ifrågavarande
1058 1560 219 42 anslagspost
1300 1562 99 42 höjas
1424 1564 77 31 med
1526 1561 223 50 sammanlagt

242 1604 41 30 32
298 1605 61 30 100
381 1605 125 31 kronor
529 1606 53 31 till
607 1607 57 31 161
680 1607 61 32 900
764 1608 134 32 kronor.

294 1655 274 42 Anslagsposten
585 1657 54 32 till
656 1658 199 42 avlöningar
871 1660 54 31 till
942 1661 96 42 övrig
1053 1661 257 34 icke-ordinarie
1328 1666 159 39 personal
1506 1665 145 33 föreslås
1670 1678 79 30 upp:

242 1705 128 32 räknad
389 1707 76 31 med
482 1707 19 31 3
514 1708 62 31 500
594 1708 133 39 kronor,
747 1709 74 32 dels
842 1711 54 30 för
913 1712 188 32 avlönande
1120 1723 40 20 av
1179 1724 41 20 en
1239 1714 160 41 fotograf,
1418 1715 113 32 vilken
1550 1716 127 33 hittills
1697 1729 51 20 av-

241 1756 114 32 lönats
379 1757 76 31 med
479 1758 174 33 anlitande
678 1770 39 20 av
742 1760 171 33 allmänna
936 1762 347 42 säkerhetstjänstens
1309 1766 110 31 medel
1443 1777 77 21 men
1544 1778 48 20 nu
1616 1770 131 30 ansetts

240 1806 85 32 böra
346 1807 12 31 i
379 1808 375 42 avlöningshänseende
777 1812 175 31 överföras
974 1813 54 31 till
1051 1814 169 32 anstalten
1245 1816 62 30 och
1330 1816 151 41 placeras
1505 1818 11 30 i
1539 1818 208 41 lönegraden

240 1857 52 31 Eo
307 1859 27 36 7,
364 1859 73 31 dels
464 1860 62 31 ock
552 1861 77 30 med
656 1861 187 42 anledning
868 1874 41 20 av
936 1864 144 32 väntade
1109 1865 458 44 löneklassuppflyttningar.
1606 1869 94 31 Enär
1728 1872 20 29 å

240 1908 107 32 andra
369 1909 99 32 sidan
492 1911 223 32 överförande
740 1912 53 31 till
818 1911 170 34 ordinarie
1013 1916 68 30 stat
1105 1927 40 19 av
1170 1918 48 29 ett
1242 1918 96 31 extra
1361 1918 170 32 ordinarie
1557 1920 189 32 verkstads-

239 1959 135 32 biträde
395 1960 195 32 föranleder
608 1962 147 31 minskat
776 1963 242 32 medelsbehov
1039 1967 19 29 å
1079 1966 19 31 3
1111 1966 61 31 300
1192 1966 126 32 kronor
1338 1968 61 31 har
1418 1968 189 42 höjningen
1629 1981 40 20 av
1692 1982 54 20 an-

239 2009 218 42 slagsposten
479 2013 131 30 ansetts
632 2012 112 32 kunna
766 2013 184 41 begränsas
972 2015 54 31 till
1048 2016 61 31 200
1131 2016 134 32 kronor.

292 2112 188 38 Utskottet,
502 2125 74 21 som
597 2115 30 40 ej
650 2115 113 32 funnit
784 2116 187 42 anledning
991 2117 54 32 till
1066 2118 134 32 erinran
1221 2121 71 30 mot
1313 2119 126 42 Kungl.
1461 2120 120 43 Maj:ts
1605 2122 138 42 förslag,

238 2163 53 31 får
311 2163 189 40 hemställa,

531 2243 50 29 att
604 2242 181 41 riksdagen
808 2245 55 29 må

530 2292 31 41 a)
590 2292 171 32 fastställa
791 2294 154 40 följande
975 2295 378 43 personalförteckning
1384 2298 54 31 för
1469 2300 130 30 statens
1632 2300 111 31 krimi-

491 2343 214 32 naltekniska
727 2344 138 32 anstalt:
