1882 2810
63 989 130 24 Utskottet.

248 161 39 31 36
714 162 263 29 Statsutskottets
1000 161 167 28 utlåtande
1190 169 38 19 nr
1257 162 28 27 5.

248 237 133 31 biträde
399 236 110 32 skulle
526 236 151 41 placeras
695 237 43 40 på
755 235 66 31 den
839 234 194 42 biologiska
1050 234 226 41 avdelningen
1295 234 63 31 och
1376 235 151 30 närmast
1545 234 110 65 syssla
1674 234 77 31 med

250 286 281 33 efterkontrollen
552 297 41 20 av
615 285 259 32 farmacevtiska
896 284 239 42 specialiteter.

301 338 127 31 Vidare
447 337 143 31 föreslås
609 339 49 29 att
677 337 53 30 för
748 336 57 31 det
823 338 45 39 på
885 335 152 32 kemiska
1055 334 227 42 avdelningen
1301 334 258 41 tjänstgörande
1580 334 170 32 ordinarie

248 387 293 33 kontorsbiträdet
567 387 143 31 inrättas
737 398 42 20 en
806 387 109 40 tjänst
941 397 73 20 som
1040 385 247 32 kanslibiträde
1316 387 19 29 å
1363 388 94 28 extra
1485 385 170 31 ordinarie
1683 387 68 29 stat

250 441 86 29 samt
366 440 49 29 att
444 437 445 41 vaktmästarbefattningen
920 436 191 41 uppflyttas
1141 436 76 31 från
1248 435 208 41 lönegraden
1486 435 61 31 A5
1578 435 53 33 till
1662 435 89 31 löne-

249 489 127 41 graden
404 488 24 31 A
447 489 26 30 7.
511 488 54 31 En
591 487 170 32 ordinarie
787 486 407 41 kontorsbiträdestjänst
1221 486 201 31 förutsättes
1450 486 12 31 i
1489 485 164 31 samband
1679 485 72 31 här-

249 539 77 32 med
343 538 154 32 behållas
516 538 132 31 vakant.
679 538 53 31 En
751 537 391 41 djurskötarbefattning
1161 537 12 31 i
1193 536 208 41 lönegraden
1421 536 52 31 Ex
1486 537 29 36 4,
1535 536 215 31 beträffande

250 589 113 32 vilken
386 589 260 41 stadigvarande
669 588 111 32 behov
803 588 89 31 visat
916 588 53 41 sig
992 587 176 42 föreligga,
1193 586 144 33 föreslås
1363 586 197 42 uppflyttad
1584 586 53 32 till
1662 586 89 32 löne-

250 640 126 41 graden
392 640 53 31 Eo
457 639 29 32 5.
515 639 51 32 De
583 639 12 31 i
611 638 207 42 lönegraden
836 639 53 30 Ex
901 638 38 31 21
958 638 178 41 placerade
1154 637 247 32 assistenterna
1419 637 78 31 med
1515 637 236 31 farmacevtisk

250 690 197 41 utbildning
462 691 200 30 förutsättas
679 690 75 31 från
770 689 63 32 och
851 689 78 32 med
946 689 65 31 den
1029 690 16 30 1
1063 689 64 41 juli
1145 688 81 32 1946
1242 688 178 41 placerade
1438 689 12 30 i
1468 688 39 31 19
1525 687 224 32 löneklassen.

302 740 127 42 Kungl.
455 740 117 42 Maj:ts
597 740 146 31 nämnda
768 739 129 42 förslag
921 739 44 31 ha
989 739 163 31 föranlett
1177 738 222 42 nedsättning
1424 749 41 20 av
1490 738 261 41 anslagsposten

250 791 53 31 till
322 791 199 41 avlöningar
539 791 54 31 till
613 790 170 32 ordinarie
804 790 207 41 tjänstemän
1031 790 78 31 med
1129 790 19 31 3
1161 789 61 32 500
1242 789 125 31 kronor
1388 789 64 31 och
1472 789 144 40 höjning
1636 800 41 19 av
1698 799 53 20 an-

250 842 216 41 slagsposten
500 841 53 31 till
587 840 199 42 avlöningar
818 840 55 32 till
908 840 95 41 övrig
1037 839 257 33 icke-ordinarie
1330 839 161 42 personal
1525 839 77 31 med
1638 838 39 32 15
1689 839 62 31 600

248 892 134 32 kronor.
417 892 273 42 Anslagsposten
714 892 53 31 till
791 891 121 42 rörligt
935 891 120 41 tillägg
1078 891 62 31 har
1163 890 209 42 uppräknats
1397 890 78 31 med
1501 889 90 31 1400
1616 889 133 31 kronor.

302 985 180 32 Utskottet
504 985 61 31 har
588 985 30 41 ej
646 985 112 31 funnit
783 984 186 41 anledning
993 984 53 31 till
1071 984 135 31 erinran
1231 986 70 29 mot
1324 983 128 41 Kungl.
1479 982 118 41 Maj:ts
1623 982 129 41 förslag

249 1035 61 31 och
332 1035 198 31 hemställer
550 1035 124 37 därför,

542 1113 49 29 att
617 1110 182 41 riksdagen
825 1111 55 29 må

543 1161 30 42 a)
601 1161 144 38 besluta,
789 1163 50 29 att
879 1161 12 30 i
933 1160 156 41 gällande
1132 1158 376 43 personalförteckning
1539 1158 53 31 för
1621 1159 130 30 statens

503 1212 256 33 farmacevtiska
785 1211 244 32 laboratorium
1057 1222 42 21 en
1126 1210 194 41 befattning
1347 1212 114 30 såsom
1488 1209 224 32 vaktmästare
1740 1209 12 30 i

502 1262 206 57 lönegraden
729 1263 30 30 A
772 1262 19 32 5
813 1262 88 31 skall
923 1261 137 42 utbytas
1083 1264 71 28 mot
1177 1272 41 20 en
1239 1260 195 41 befattning
1456 1261 112 31 såsom
1588 1259 163 31 vaktmäs-

502 1316 70 29 tare
595 1314 12 30 i
628 1313 207 41 lönegraden
858 1312 75 38 AT;

542 1363 34 41 b)
605 1363 179 41 godkänna
808 1338 153 65 Följere
987 1361 249 40 avlöningsstat
1262 1360 53 31 för
1339 1361 131 29 statens
1496 1347 257 43 farmacevtiska

502 1413 251 37 laboratorium,
776 1415 49 29 att
847 1412 171 41 tillämpas
1040 1411 72 31 tills
1134 1411 115 31 vidare
1272 1410 75 31 från
1369 1410 63 31 och
1454 1409 76 31 med
1550 1409 203 41 budgetåret

503 1465 146 31 1946/47:

990 1525 293 35 Avlöningsstat.

503 1593 25 30 1.
552 1591 211 41 Avlöningar
804 1590 54 32 till
902 1590 169 31 ordinarie
1114 1589 215 41 tjänstemän,
1372 1588 65 39 /för-

551 1642 148 40 SÅAGSVIS
728 1664 705 8 oereeserarerreesrererrrr
1063 1635 65 51 renen
1136 1635 23 51 er
1165 1635 33 51 rrr
1206 1635 36 51 ene
1245 1635 23 51 er
1273 1635 62 51 reser
1343 1635 65 51 renen
1410 1635 27 51 na
1460 1637 125 31 kronor
1627 1636 113 32 39500

502 1693 27 30 2.
553 1692 160 31 Arvoden
733 1692 63 31 och
815 1690 169 32 särskilda
1003 1690 237 41 ersättningar,
1261 1688 177 32 bestämda

554 1753 40 20 av
615 1742 126 40 Kungl.
766 1741 110 40 Maj:t,
900 1740 202 40 förslagsvis
1149 1764 285 6 —msmersresserersnsna
1516 1751 12 14 »
1649 1737 92 31 7400

502 1793 27 30 3.
553 1792 211 41 Avlöningar
790 1791 53 31 till
871 1790 97 41 övrig
993 1789 257 32 icke-ordinarie
1278 1789 158 41 personal
1469 1785 17 52 =
1515 1802 13 14 »
1626 1788 39 30 61
1679 1788 61 30 400

502 1844 27 29 4.
554 1842 134 41 Rörligt
716 1841 129 41 tillägg,
873 1839 202 42 förslagsvis
1106 1864 327 6 smssossessesssrerersrnst
1516 1852 12 13 »
1628 1838 40 30 14
1680 1837 70 31 200"

1005 1898 139 32 Summa
1167 1897 268 42 förslagsanslag
1456 1897 126 31 kronor
1605 1896 59 31 122
1676 1896 74 37 500;

544 1985 28 41 ec)
600 1985 55 31 till
698 1985 140 31 Statens
881 1983 258 40 farmacevtiska
1171 1982 256 32 laboratorium:
1458 1981 211 41 Avlöningar
1699 1981 54 31 för

501 2036 202 41 budgetåret
727 2034 134 32 1946/47
888 2034 118 31 anvisa
1029 2036 48 29 ett
1102 2032 267 42 förslagsanslag
1394 2043 41 20 av
1460 2031 133 32 122500
1617 2031 133 31 kronor.

301 2158 85 42 74:0)
409 2159 142 33 Statens
584 2158 275 33 farmacevtiska
882 2157 272 32 laboratorium:
1190 2155 268 33 Omkostnader.
1504 2153 126 41 Kungl.
1654 2152 98 41 Maj:t

249 2211 60 31 har
330 2210 122 42 (punkt
469 2209 69 38 119,
555 2221 26 20 s.
600 2208 178 41 178—181)
800 2207 179 41 föreslagit
996 2206 182 41 riksdagen
1195 2207 50 30 att
1262 2205 53 31 till
1335 2204 139 32 Statens
1494 2203 256 32 farmacevtiska

249 2260 255 33 laboratorium:
540 2259 249 32 Omkostnader
811 2259 55 31 för
886 2258 203 40 budgetåret
1113 2256 134 32 1946/47
1271 2255 117 32 anvisa
1413 2257 50 30 ett
1484 2254 266 41 förslagsanslag

249 2323 41 20 av
309 2312 38 31 47
362 2311 62 32 500
442 2311 134 31 kronor.

301 2414 263 42 Ifrågavarande
588 2413 118 41 anslag
729 2415 36 29 är
788 2413 54 30 för
866 2411 146 42 löpande
1036 2410 168 42 budgetår
1228 2409 132 32 anvisat
1385 2409 77 31 med
1487 2410 48 30 ett
1558 2407 126 41 belopp
1710 2419 39 20 av

249 2466 39 31 36
301 2465 61 32 500
381 2465 134 31 kronor.
