2183 2576
392 174 38 27 16
830 168 103 33 Stlats-
944 169 177 33 Utskottets
1152 170 177 32 Utlåtande
1353 172 66 31 N:o
1438 174 43 29 10
1502 182 29 21 a.

177 275 143 32 Angående
484 260 66 32 5:o.
606 255 87 35 Med
725 256 192 44 anledning
945 256 39 56 af
1009 258 53 32 ett
1088 257 83 34 utaf
1200 256 93 36 Herr
1324 258 36 33 €.
1390 257 45 35 A.
1465 257 159 35 Larsson
1652 259 8 33 i
1690 260 133 35 motion
1849 260 71 35 N:o
1939 263 45 33 10

152 310 131 58 särskilde
302 309 143 57 ut-inom
461 359 5 5 |
485 308 131 33 Andra
656 306 219 59 Kammaren
916 307 121 44 gjordt
1068 307 174 57 yrkande
1264 319 54 23 om
1345 309 221 56 uppförande
1594 307 21 36 å
1644 310 176 35 ordinarie
1848 314 73 32 stat
1949 312 40 34 af

216 362 8 5 =
351 360 164 42 samtlige
556 358 422 44 landshöfdingelönerna
1019 360 91 31 samt
1147 369 53 23 om
1234 360 217 43 indragning
1479 360 51 33 till
1560 361 220 35 statsverket
1809 361 38 34 af
1871 363 114 33 lands-

349 408 594 45 höfdingelöneregleringsfonden,
972 409 158 33 kommer
1160 408 188 35 Utskottet
1375 410 189 35 framdeles
1592 413 54 32 att
1661 411 137 44 afgifva
1818 413 169 33 särskildt

350 460 181 44 yttrande,
561 460 139 34 hvilket
732 458 185 36 Utskottet
945 459 68 34 här
1041 459 117 34 skolat

763 561 152 34 anmäla.

174 681 143 32 Angående
481 664 67 33 6:o.
607 661 135 35 Vidare
782 663 67 33 har
888 661 134 45 Kongl.
1056 661 110 44 Maj:t
1198 662 186 44 föreslagit
1411 665 55 32 alt
1493 660 79 37 från
1602 664 160 43 anslaget
1791 664 54 34 till
1872 664 114 34 lands-

164 715 172 25 uteslutande
351 715 162 33 staterna
541 713 9 33 i
580 714 107 33 länen
713 710 112 37 måtte
853 713 175 34 uteslutas
1056 713 58 33 det
1142 713 11 33 i
1181 713 196 34 riksstaten
1405 714 112 34 under
1544 714 126 34 rubrik
1701 714 203 44 »indelning
1921 715 64 34 och

176 752 34 25 af
226 757 30 15 en
277 756 46 16 an-
539 764 6 6 .
626 767 14 5 0
682 764 4 5 ar
831 764 5 5 >
1035 763 5 6 .
1207 760 11 11 ö
1268 764 20 8 fr
1538 767 14 5 ve
1842 765 4 6 a
1916 767 14 7 >

177 784 137 30 slagsvose.
351 764 144 34 dermed
532 764 182 44 jemförlig
755 773 200 34 anvisning,
997 763 150 34 friheter
1178 774 46 33 på
1256 763 152 44 förslag»
1447 764 174 44 uppförda
1653 765 125 43 belopp
1807 765 35 34 af
1874 767 112 41 3,500

215 823 60 33 [61
315 812 13 49 —
349 816 144 33 kronor.

480 864 96 36 Utaf
614 862 392 46 statsrådsprotokollet
1047 861 184 47 angående
1272 864 401 45 inkomstberäkningen
1715 863 74 48 (sid.
1833 867 57 45 10)
1936 866 50 33 in-

353 917 139 33 hemtas
527 918 55 32 att
609 916 155 34 nämnda
791 917 125 42 belopp
945 917 145 41 utgöres
1118 915 41 33 af
1182 917 106 32 ränta
1317 916 65 33 och
1409 916 119 34 tionde
1556 916 74 34 dels
1658 916 39 34 af
1722 913 183 47 åtskilliga
1932 916 55 34 för

351 966 706 44 landshöfdingelöneregleringsfondens
1096 966 156 43 räkning
1283 967 278 33 utarrenderade
1589 967 163 33 hemman
1779 967 64 33 och
1869 967 118 43 lägen-

352 1018 114 42 heter,
508 1018 126 33 hvilka
677 1016 97 35 förut
806 1017 139 34 tillhört
977 1016 358 44 landshöfdingarnes
1362 1016 317 44 löneindelningar,
1709 1018 73 33 dels
1811 1017 38 34 af
1873 1015 115 46 några

353 1065 46 46 på
426 1068 156 44 gammal
610 1070 74 32 stat
708 1067 195 34 innehafda
930 1067 196 43 boställen
1122 1060 22 56 ;
1157 1067 63 33 och
1250 1064 43 37 då
1322 1068 101 33 dessa
1445 1070 124 31 räntor
1597 1068 55 34 för
1668 1068 224 34 närvarande
1907 1068 79 33 icke

353 1120 148 42 utgöras
542 1121 92 31 samt
674 1121 66 31 när
780 1118 198 34 boställena
1011 1117 40 34 af
1079 1117 41 33 de
1153 1118 208 34 nuvarande
1393 1118 260 34 innehafvarne
1687 1118 203 34 frånträdas
1932 1118 53 34 de-

354 1179 135 24 samma
530 1170 112 41 skola,
682 1168 141 44 jemlikt
865 1167 131 44 Kongl.
1029 1167 211 35 skrifvelsen
1269 1168 66 34 den
1365 1170 40 32 31
1440 1167 77 45 Maj
1552 1170 107 42 1878,
1688 1171 86 31 utan
1803 1171 102 31 ränta
1935 1171 52 31 ult-

355 1220 224 43 arrenderas,
608 1220 207 33 hemställer
842 1218 202 43 Utskottet,

817 1321 54 32 att
897 1318 132 45 Kongl.
1057 1319 127 44 Maj:ts
1212 1319 236 34 förevarande
1476 1318 263 44 framställning
1757 1316 57 36 må
1829 1319 40 33 af
1885 1318 102 35 Riks-

766 1370 114 43 dagen
908 1370 153 34 bifallas.

176 1490 143 31 Angående
513 1473 66 32 7:0.
638 1470 122 34 Redan
803 1471 11 33 i
840 1470 69 53 den
941 1471 55 34 till
1030 1472 93 32 1882
1154 1468 58 36 ars
1240 1470 162 42 Riksdag
1431 1468 133 36 aflätna
1591 1470 260 43 propositionen
1880 1467 105 46 angä-

157 1524 189 40 Fögderiregle-
366 1522 80 33 ende
475 1522 238 33 statsverkets
742 1521 160 33 tillstånd
931 1522 65 33 och
1024 1521 108 34 behof
1158 1521 224 33 omnämndes
1409 1521 10 33 i
1449 1521 256 43 sammanhang
1732 1521 78 33 med
1825 1517 43 37 då
1883 1520 103 33 fram-

176 1566 154 49 Jendanas
358 1572 101 43 lagdt
500 1572 136 43 törslag
676 1572 54 33 till
772 1572 133 42 ökning
946 1571 40 34 af
1023 1571 443 44 fögderitjenstemännens
1507 1572 63 33 och
1611 1572 248 33 länsmännens
1888 1570 99 34 antal

224 1626 45 47 vän.
311 1616 20 61 >
356 1623 92 33 inom
478 1622 87 34 flera
593 1623 71 41 län,
693 1622 164 33 hurusom
887 1622 12 33 i
927 1622 182 43 atskilliga
1138 1622 111 33 andra
1278 1622 98 33 delar
1404 1621 40 34 af
1468 1621 95 34 riket
1582 1622 65 33 och
1668 1620 227 35 särskildt
1847 1616 20 61 i
1906 1622 82 32 Jemt-

230 1665 50 31 [7]
357 1673 103 33 lands
500 1674 60 32 län
601 1673 93 33 inom
734 1673 83 33 kort
859 1683 42 23 en
943 1670 110 36 sådan
1093 1673 134 42 ökning
1266 1672 101 34 torde
1400 1672 115 34 finnas
1542 1672 251 44 oundgänglig,
1824 1672 63 34 och
1915 1681 71 24 som

358 1721 104 46 fråga
503 1721 45 36 då
589 1733 67 25 var
691 1723 111 34 väckt
830 1733 53 23 om
911 1723 216 43 indragning
1155 1723 39 33 af
1219 1720 182 46 åtskilliga
1429 1723 122 42 dylika
1578 1722 152 44 tjenster
1756 1723 93 33 inom
1878 1722 111 34 andra

355 1774 72 42 lin,
469 1774 134 33 äskade
643 1772 132 45 Kongl.
805 1772 110 45 Maj:t
942 1772 226 45 Riksdagens
1195 1772 249 44 medgifvande
1472 1775 55 32 att
1554 1773 178 44 framgent
1759 1770 36 37 få
1824 1772 164 36 använda

357 1825 42 32 de
444 1834 126 33 genom
611 1823 243 44 kronofogde-,
895 1823 324 35 häradsskrifvare-
1262 1824 85 33 eller
1387 1823 348 44 länsmanstjensters
1774 1824 215 43 indragning

358 1874 280 43 ledigblifvande
680 1874 300 43 aflöningsbelopp
1013 1874 55 34 för
1093 1874 206 34 inrättande
1327 1873 40 34 af
1392 1873 231 44 erforderliga
1652 1874 121 43 dylika
1801 1885 71 32 nya
1899 1874 88 44 tjen-

359 1927 84 36 ster,
486 1927 88 32 utan
609 1927 55 31 att
690 1924 56 34 för
772 1924 128 44 hvarje
928 1922 96 46 gång
1052 1925 118 33 dertill
1197 1924 153 34 behöfva
1378 1925 133 43 begära
1539 1924 225 44 Riksdagens
1792 1925 194 43 samtycke.

361 1973 206 46 Riksdagen
605 1972 110 46 ansåg
744 1975 54 43 sig
826 1975 196 34 emellertid
1049 1976 78 33 icke
1155 1976 87 33 böra
1269 1976 116 33 lemna
1414 1977 52 32 ett
1494 1973 126 36 sådant
1648 1975 248 44 medgifvande
1925 1975 63 34 och

358 2024 132 44 Kongl.
520 2025 111 44 Maj:t
658 2026 66 33 har
751 2035 59 33 nu,
840 2026 77 33 med
946 2026 185 43 förmälan,
1162 2028 54 31 att
1243 2026 112 33 under
1383 2025 67 34 den
1480 2027 46 32 24
1540 2025 205 35 November
1762 2027 95 33 1882
1873 2026 116 33 beslut

359 2076 40 34 af
422 2075 134 44 Kongl.
586 2075 110 44 Maj:t
723 2075 129 34 fattats
881 2086 53 24 om
965 2076 324 43 sammanslagning
1317 2075 40 34 af
1381 2078 131 32 tvenne
1539 2076 177 44 fögderier
1743 2076 93 34 inom
1850 2075 139 44 Upsala

358 2127 72 42 län,
460 2126 148 34 hvilken
636 2126 181 44 reglering
844 2127 92 33 skall
963 2127 105 34 träda
1095 2127 12 33 i
1135 2126 100 34 kraft
1261 2126 13 33 i
1302 2126 67 33 den
1397 2124 81 36 mån
1505 2124 117 46 någon
1650 2127 40 34 af
1705 2126 282 44 fögderitjenste-

360 2180 153 31 männen
545 2177 12 33 i
594 2177 42 33 de
664 2174 91 37 båda
783 2176 226 44 fögderierna
1038 2174 115 46 afgår,
1181 2176 186 44 föreslagit
1394 2176 207 45 Riksdagen
1629 2180 55 31 att
1711 2177 190 44 medgifva,
1931 2176 59 33 det

362 2228 42 33 de
437 2227 313 43 aflöningsbelopp,
786 2237 70 23 som
886 2227 113 35 blifva
1028 2228 225 43 tillgängliga
1281 2227 12 33 i
1321 2226 87 44 följd
1437 2227 39 34 af
1501 2228 214 33 sistberörda
1742 2226 248 44 fögderiregle-
