2185 2576
185 1252 143 32 Angående

179 1322 45 26 för
241 1321 90 23 landt-

387 198 20 29 4
825 191 104 36 Stats-
939 196 179 32 Utskottets
1148 194 178 33 Utlåtande
1349 196 63 32 N:o
1436 199 42 28 10
1502 207 29 21 a.

344 285 118 32 ansett
490 282 54 44 sig
571 283 88 33 böra
685 282 55 34 till
767 282 102 34 bifall
896 282 143 34 förorda
1057 281 133 44 Kongl.
1206 281 128 45 Maj:ts
1348 282 266 44 framställning
1629 293 54 23 om
1697 283 275 36 kartarbetenas

343 333 233 35 bedrifvande
616 333 112 34 under
768 331 41 36 år
844 335 97 33 1884
982 331 113 37 såsom
1135 333 139 44 hittills,
1317 334 65 34 och
1409 334 79 34 med
1516 334 144 34 erinran
1688 336 55 32 att
1770 334 42 34 de
1839 335 135 34 äskade

346 385 188 42 anslagens
565 384 123 43 belopp
717 384 64 34 och
810 384 323 44 användningssätt
1161 383 316 35 öfverensstämma
1505 385 80 34 med
1611 384 98 35 hvad
1737 384 59 35 vid
1817 385 158 36 sistlidne

345 434 148 44 riksdag
520 435 215 44 medgifvits,
765 435 206 34 hemställer
998 434 204 43 Utskottet,

811 536 54 32 att
891 533 208 45 Riksdagen
1127 532 67 45 må,
1228 534 143 36 utöfver
1398 535 59 34 det
1484 532 22 37 å
1533 535 214 34 riksstatens
1774 536 106 44 sjette
1907 537 76 33 huf-

758 585 154 35 vudtitel
940 585 56 33 för
1023 585 112 34 rikets
1164 585 228 34 ekonomiska
1419 586 177 35 kartverk
1616 586 174 43 uppförda
1807 587 177 34 ordinarie

759 637 136 42 anslag,
940 637 110 42 6,000
1091 636 143 40 kronor,
1262 636 114 34 under
1403 646 133 24 samma
1563 636 219 36 hufvudtitel
1809 635 45 46 på
1882 641 102 31 extra

759 689 73 31 stat
872 686 55 34 för
968 684 40 36 år
1044 688 96 32 1884
1168 686 125 35 anvisa
1322 687 73 33 dels
1422 687 56 34 till
1505 687 239 34 fortsättande
1772 688 40 34 af
1837 689 41 33 de
1907 689 78 33 eko-

758 736 381 44 nomisk-geografiska
1167 737 258 34 kartarbetena
1453 738 12 33 i
1492 736 242 36 Norrbottens
1760 739 60 33 län
1850 740 137 42 31,000

758 788 133 33 kronor
932 787 65 34 och
1034 787 73 34 dels
1134 787 56 34 för
1218 788 41 33 de
1288 788 230 34 ekonomiska
1545 789 259 34 kartarbetena
1831 789 12 34 i
1871 790 115 43 öfriga

762 838 99 34 delar
901 838 39 34 af
977 838 95 34 riket
1112 839 138 42 45,000
1296 839 142 43 kronor,
1477 839 86 34 eller
1589 839 233 34 tillsammans
1852 842 135 41 76,000

761 889 144 43 kronor,
947 888 181 36 äfvensom
1169 889 191 43 medgifva,
1403 891 54 32 att
1488 889 169 44 möjligen
1687 888 218 45 uppstående
1933 891 54 33 be-

762 937 162 46 hållning
951 937 22 36 å
1000 940 59 33 det
1099 939 217 34 sistnämnda
1358 940 163 43 anslaget
1548 938 57 36 må
1632 937 37 37 få
1684 941 182 34 användas
1881 941 107 35 äfven

763 990 56 34 till
845 990 227 34 bestridande
1100 989 40 35 af
1164 990 150 44 utgifter
1340 990 56 34 för
1423 991 59 33 det
1500 991 242 44 topografiska
1763 992 223 35 kartverket.

879 1138 361 41 Landsstaterna
1267 1137 17 41 i
1312 1138 154 41 länen.

499 1245 67 32 3:0.
623 1242 72 35 För
721 1243 340 43 landssekreterare,
1090 1243 321 43 landskamrerare,
1427 1243 249 44 länsnotarier,
1693 1242 296 47 länsbokhållare,

153 1287 194 30 tönereglering
360 1293 309 43 landskanslister,
710 1294 333 43 landskontorister,
1084 1293 240 44 kronofogdar
1352 1271 65 57 och
1443 1294 161 33 länsmän
1631 1272 67 56 har
1724 1305 49 32 ny
1799 1274 191 65 löneregle-

154 1355 199 39 räntwästarne
368 1344 77 58 YINg
472 1318 197 75 tillämpats
695 1342 79 36 från
804 1345 65 33 och
895 1345 78 33 med
1001 1342 41 36 är
1073 1346 107 41 1879,
1214 1345 64 33 och
1305 1344 55 34 för
1386 1344 312 35 häradsskrifvare
1725 1342 81 37 från
1834 1346 64 33 och
1913 1347 78 33 med

231 1385 52 32 [5:]

364 1392 40 36 är
436 1396 111 43 1881;
581 1394 202 44 hvarjemte
815 1394 131 44 Kongl.
981 1394 109 44 Maj:t
1117 1373 111 55 redan
1256 1395 55 33 till
1341 1396 95 33 1880
1465 1392 58 36 års
1549 1394 162 44 Riksdag
1738 1396 123 43 gjorde
1888 1396 104 34 fram-

363 1423 184 65 ställning
575 1456 54 23 om
670 1446 262 43 lönereglering
964 1445 107 34 äfven
1098 1445 56 34 för
1181 1445 67 34 den
1276 1446 90 33 enda
1394 1443 226 36 återstående
1647 1446 142 35 klassen
1817 1446 39 34 af
1879 1448 114 32 lands-

362 1495 309 44 statstjenstemän
711 1497 86 32 eller
836 1496 377 43 landträntmästarne,
1254 1496 12 33 1
1294 1496 93 43 syfte
1415 1498 55 32 att
1498 1497 100 33 dessa
1626 1496 213 44 tjenstemän
1868 1498 124 42 skulle,

363 1548 74 31 mot
464 1546 60 34 det
552 1549 55 31 att
635 1547 42 33 de
705 1546 138 34 afstode
871 1546 80 34 från
979 1546 42 34 de
1048 1547 78 33 med
1153 1546 156 44 tjensten
1328 1546 170 34 förenade
1516 1549 102 31 extra
1634 1547 204 43 inkomster,
1854 1548 139 34 komma

363 1596 12 33 i
402 1593 215 46 åtnjutande
646 1596 40 34 af
710 1597 75 33 dels
814 1607 43 23 en
884 1597 72 33 fast
982 1597 60 33 lön
1069 1596 40 34 af
1135 1598 110 42 3,000
1273 1597 143 43 kronor,
1434 1597 74 34 dels
1523 1596 471 47 tjenstgöringspenningar,

362 1646 125 35 hvilka
528 1648 79 33 med
647 1647 139 43 hänsyn
819 1647 53 34 till
904 1647 223 43 uppbördens
1155 1648 134 33 storlek
1317 1648 65 33 och
1409 1648 221 43 göromålens
1658 1648 95 34 olika
1781 1648 214 45 omfattning

361 1697 95 33 inom
484 1698 41 33 de
553 1698 177 33 särskilda
757 1698 107 33 länen
890 1698 107 33 borde
1023 1695 88 46 utgå
1138 1698 79 33 med
1243 1708 90 33 resp.
1355 1699 120 42 1,500,
1497 1699 109 42 1,300
1632 1698 65 34 och
1716 1700 106 39 1,000
1843 1700 147 44 kronor;

364 1747 76 34 dels
480 1748 58 33 ock
579 1745 247 46 ålderstillägg
865 1748 55 34 till
959 1748 125 43 belopp
1125 1748 40 34 af
1204 1750 71 33 500
1304 1749 131 33 kronor
1463 1748 91 34 efter
1584 1750 20 32 5
1632 1746 58 36 års
1725 1750 61 34 väl
1812 1749 183 35 vitsordad

365 1797 251 45 tjenstgöring.
673 1797 306 36 Stats-Utskottet
1019 1799 60 34 vid
1123 1800 96 33 1880
1260 1796 58 37 års
1358 1799 147 43 riksdag
1537 1799 144 42 yttrade
1709 1797 182 46 angående
1920 1801 75 33 sist-

366 1849 154 33 nämnda
547 1848 137 44 förslag
709 1849 12 33 i
747 1847 204 36 utlåtandet
978 1847 70 36 N:o
1080 1851 56 41 10,
1166 1849 61 34 sid.
1262 1851 159 42 13—15,
1453 1849 168 44 följande,
1641 1850 139 34 hvilket
1807 1850 189 35 Utskottet

366 1895 136 37 tillåter
530 1899 55 43 sig
611 1900 66 33 här
705 1899 139 34 anföra:

507 1963 14 15 »
528 1948 192 36 Utskottet
759 1950 68 33 har
868 1950 195 34 emellertid
1103 1950 40 34 af
1180 1951 41 33 de
1261 1951 83 34 utaf
1377 1951 132 44 Kongl.
1540 1951 128 45 Maj:ts
1695 1952 300 45 Befallningshaf-

366 1999 118 35 vande
523 2000 12 33 i
576 2003 120 31 ämnet
736 2000 138 44 afgifna
914 2001 194 43 yttranden
1140 2001 186 44 inhemtat,
1356 2004 54 32 att
1437 2000 113 46 några
1577 2003 109 34 bland
1713 2004 100 33 dessa
1840 2005 156 43 myndig-

366 2050 103 34 heter
501 2053 118 31 ansett
651 2051 533 44 räntmästarebefattningarne
1216 2052 122 34 kunna
1371 2055 88 32 utan
1486 2054 190 42 olägenhet
1702 2054 189 35 undvaras.
1949 2052 47 36 Så

367 2101 68 33 har
474 2099 133 45 Kongl.
649 2100 128 45 Maj:ts
817 2100 405 45 Befallningshafvande
1262 2103 11 33 i
1315 2101 201 46 Göteborgs
1548 2104 65 33 och
1644 2103 121 35 Bohus
1792 2106 60 33 län
1879 2104 118 34 anfört

369 2153 55 32 att
465 2161 66 33 om,
576 2151 13 34 i
629 2151 119 34 stället
788 2151 56 34 för
883 2150 166 36 hållande
1077 2152 39 34 af
1154 2163 43 24 en
1241 2155 255 42 ränterikassa,
1539 2155 62 33 der
1634 2154 74 34 ofta
1735 2156 138 42 ganska
1901 2157 96 32 stora

368 2202 125 43 belopp
534 2199 81 46 låge
655 2201 191 35 förvarade
886 2202 56 34 för
982 2206 55 31 att
1069 2213 89 25 vara
1184 2203 56 34 till
1265 2204 114 35 hands
1406 2205 61 34 vid
1495 2205 152 33 skeende
1674 2205 162 43 liqvider,
1864 2204 130 44 Kongl.

369 2251 128 49 Maj:ts
523 2252 408 47 Befallningshafvande
958 2254 275 45 bemyndigades
1273 2257 55 34 att
1359 2254 22 39 å
1414 2254 268 37 Statskontoret
1708 2256 147 35 utställa
1883 2256 114 35 anvis-
