1848 2774
445 170 285 30 Statsutskottets
755 169 180 30 utlåtande
959 178 41 20 nr
1024 169 25 28 B
1064 168 42 29 40
1129 167 39 29 år
1193 167 84 29 1958
1569 165 38 30 19

118 252 43 29 fr.
184 261 29 20 o.
236 261 45 20 m.
304 252 67 29 den
396 251 14 29 1
433 250 67 39 juli
526 249 82 30 1958
630 250 11 28 i
663 248 287 30 vårdhänseende
972 247 180 29 betraktas
1176 255 74 20 som
1273 245 103 30 civila
1400 245 104 39 sjuka
1526 254 80 20 vare

119 306 51 39 sig
190 306 40 29 de
249 305 127 29 vårdas
398 304 20 30 å
438 303 210 30 Karolinska
669 301 188 40 sjukhuset
877 301 83 29 eller
981 300 19 30 å
1022 300 141 29 stadens
1183 299 64 30 och
1269 298 231 39 landstingets
1521 305 87 32 egna

120 359 162 39 sjukhus.
300 358 13 29 I
333 358 123 29 staden
472 357 138 29 bosatta
626 355 153 30 militära
796 354 173 40 patienter
987 354 89 29 skall
1094 353 11 29 i
1121 353 112 29 första
1250 352 95 30 hand
1362 352 144 29 beredas
1523 352 84 29 vård

119 413 19 29 å
160 412 210 29 Karolinska
394 411 198 39 sjukhuset.
615 408 302 30 Kommissionens
940 407 132 39 förslag
1094 407 11 29 i
1127 407 101 29 dessa
1251 406 96 29 delar
1369 405 65 30 har
1457 404 151 30 lämnats

120 468 84 27 utan
234 465 141 29 erinran
406 465 11 28 i
448 463 347 39 remissyttrandena.
827 461 94 30 Även
953 459 387 41 departementschefen
1371 459 64 29 har
1465 459 57 29 vid
1555 458 54 30 sin

118 519 171 40 prövning
309 528 42 20 av
370 518 177 39 förslagen
566 518 114 28 ansett
701 516 50 39 sig
771 516 85 29 böra
876 515 136 29 biträda
1032 515 190 29 desamma.
1243 513 208 38 Förslagens
1471 520 138 31 genom-

118 573 146 29 förande
285 572 138 30 medför
443 571 153 30 fördelar
617 570 55 30 för
693 571 114 28 staten
827 578 42 20 ur
891 568 93 30 såväl
1007 567 276 40 organisatorisk
1306 575 74 20 som
1402 565 207 30 ekonomisk

120 626 189 39 synpunkt.
335 626 67 29 För
428 624 208 29 statsverket
660 624 98 28 torde
782 622 108 39 enligt
915 632 42 19 av
980 620 277 30 kommissionen
1282 620 182 38 företagna
1488 619 122 29 beräk-

120 680 124 38 ningar
264 679 217 39 uppkomma
500 687 44 20 en
564 677 87 39 årlig
671 675 291 39 inkomstökning
983 675 79 29 med
1082 673 97 30 cirka
1201 673 61 30 225
1278 673 63 29 000
1361 673 141 28 kronor.

165 733 66 29 Vid
247 732 98 30 bifall
364 732 53 29 till
434 731 228 30 förevarande
680 729 141 39 förslag,
841 738 75 20 som
932 728 146 29 innebär
1095 728 50 28 att
1162 727 41 29 de
1221 726 153 29 militära
1391 726 219 39 patienterna

120 787 11 28 i
152 785 274 40 fortsättningen
448 785 87 29 skall
556 784 136 39 intagas
713 783 20 30 å
752 782 211 30 Karolinska
984 781 206 39 sjukhusets
1211 780 179 29 allmänna
1409 779 201 29 vårdavdel-

121 840 134 39 ningar,
274 848 102 30 synes
392 839 41 29 de
449 838 201 39 kirurgiska
667 835 461 41 garnisonsavdelningarna
1144 834 75 29 icke
1237 834 118 38 längre
1371 832 131 30 behöva
1519 832 92 29 bibe-

121 894 112 30 hållas
254 893 116 30 såsom
390 893 141 30 sådana.
551 893 66 28 Tre
637 901 40 20 av
697 891 101 29 dessa
818 890 226 38 avdelningar
1064 890 38 28 är
1121 889 24 28 f.
1166 898 32 19 n.
1219 888 152 29 avsedda
1390 887 55 29 för
1465 886 145 30 allmän-

120 946 201 39 kirurgiska
345 946 62 29 fall
431 945 127 29 medan
581 945 67 29 den
672 944 114 38 fjärde
811 942 221 30 omvandlats
1056 940 51 31 till
1132 950 42 20 en
1198 939 325 41 plastikkirurgisk-
1547 938 64 30 och

121 998 421 39 brännskadeavdelning.
565 998 13 28 I
600 998 95 29 detta
716 996 255 38 sammanhang
991 995 135 29 erinrar
1147 992 386 41 departementschefen
1555 1001 57 19 om

124 1054 59 29 sitt
197 1054 11 28 i
222 1054 57 29 det
293 1052 209 39 föregående
517 1042 196 47 framlagda
728 1049 141 39 förslag,
886 1050 50 28 att
951 1049 66 28 den
1033 1046 334 41 plastikkirurgiska
1382 1045 229 39 avdelningen

122 1107 58 29 vid
199 1105 370 31 Serafimerlasarettet
589 1104 87 29 skall
695 1103 206 38 överflyttas
920 1102 52 29 till
991 1111 43 19 en
1054 1111 41 19 av
1114 1101 41 29 de
1174 1100 24 29 f.
1218 1109 32 19 n.
1270 1100 55 29 för
1345 1098 267 40 allmänkirurgi

124 1160 150 29 avsedda
308 1157 461 41 garnisonsavdelningarna
800 1155 58 30 vid
892 1154 211 30 Karolinska
1139 1153 187 39 sjukhuset
1361 1152 64 29 och
1459 1153 50 28 att
1542 1152 70 28 han

125 1213 179 38 samtidigt
326 1212 137 33 uttalat,
487 1213 50 28 att
557 1211 71 29 han
650 1211 79 29 med
751 1210 95 29 detta
868 1208 132 39 förslag
1023 1208 75 29 icke
1121 1207 85 39 tagit
1230 1206 119 39 slutlig
1372 1205 165 39 ställning
1560 1204 52 29 till

124 1267 124 39 frågan
268 1275 57 20 om
345 1265 271 39 tillgodoseende
637 1273 41 21 av
698 1264 66 29 den
783 1261 336 42 plastikkirurgiska
1139 1260 287 29 verksamhetens
1447 1258 165 29 framtida

125 1320 215 29 lokalbehov.

170 1372 130 30 Chefen
324 1372 56 29 för
404 1372 67 29 den
495 1370 201 39 kirurgiska
720 1369 160 30 kliniken
905 1369 57 29 vid
987 1367 211 30 Karolinska
1224 1366 188 39 sjukhuset
1436 1364 177 40 professor

126 1426 189 29 Hellström
335 1425 64 30 har
419 1425 38 29 år
479 1424 82 30 1956
580 1423 166 39 framlagt
764 1424 48 28 ett
832 1422 132 38 förslag
983 1421 51 28 till
1056 1420 238 39 organisation
1314 1428 41 20 av
1374 1428 42 19 en
1436 1418 178 38 urologisk

123 1480 114 29 klinik
262 1480 11 28 i
299 1479 68 29 den
394 1489 25 19 s.
447 1479 32 28 k.
507 1477 327 40 garnisonsflygeln.
862 1476 117 38 Enligt
1006 1475 165 37 förslaget
1199 1473 112 30 skulle
1338 1475 51 27 tre
1416 1471 197 40 garnisons-

126 1532 226 38 avdelningar
373 1531 120 30 ställas
512 1530 52 29 till
584 1530 67 29 den
670 1528 202 40 urologiska
890 1527 178 30 klinikens
1087 1526 218 39 förfogande.
1325 1524 214 30 Kommittén
1560 1523 54 30 för

126 1585 211 30 Karolinska
359 1584 206 39 sjukhusets
588 1583 164 29 fortsatta
773 1581 221 39 utbyggande
1017 1580 64 29 har
1102 1580 11 28 i
1136 1579 181 30 utlåtande
1340 1578 146 29 häröver
1509 1577 107 29 fram-

127 1639 110 34 hållit,
255 1640 50 28 att
321 1638 216 30 inrättandet
553 1637 57 29 vid
628 1636 188 39 sjukhuset
833 1645 42 19 av
891 1644 42 20 en
951 1633 178 39 urologisk
1147 1633 113 29 klinik
1277 1632 61 29 bör
1356 1632 125 39 prövas
1498 1631 10 28 i
1527 1639 88 20 sam-

127 1693 92 29 band
240 1692 78 29 med
339 1691 229 40 planeringen
590 1700 42 20 av
653 1690 41 29 de
716 1688 225 40 ortopediska
963 1688 64 28 och
1050 1686 334 40 plastikkirurgiska
1406 1684 209 30 klinikerna.

128 1747 12 28 I
158 1756 42 20 en
218 1746 50 29 till
287 1743 386 41 departementschefen
692 1743 103 29 ställd
815 1741 166 30 skrivelse
1000 1741 66 29 den
1085 1740 37 29 21
1141 1739 141 39 januari
1303 1738 83 30 1958
1403 1738 63 29 har
1484 1737 133 40 profes-

128 1809 56 19 sor
210 1798 191 30 Hellström
426 1797 189 33 hemställt,
643 1798 49 28 att
718 1805 43 20 en
788 1795 108 30 sådan
922 1794 173 40 prövning
1121 1793 107 30 måtte
1255 1793 143 28 komma
1424 1791 51 29 till
1504 1790 112 33 stånd,

127 1853 109 28 innan
261 1851 166 38 ställning
451 1852 96 37 tages
570 1850 52 28 till
646 1849 185 38 ifrågasatt
855 1847 251 38 överflyttning
1130 1855 41 20 av
1194 1846 66 28 den
1284 1843 334 41 plastikkirurgiska

129 1905 230 38 avdelningen
392 1903 57 30 vid
484 1902 379 32 Serafimerlasarettet,
897 1900 117 29 vilken
1048 1899 121 38 åtgärd
1203 1898 54 29 för
1293 1898 79 38 lång
1405 1897 49 29 tid
1488 1896 129 29 framåt

129 1958 112 29 skulle
266 1957 74 29 låsa
364 1956 270 39 möjligheterna
649 1954 64 30 för
737 1964 42 20 en
805 1953 199 38 nödvändig
1028 1951 206 39 utvidgning
1260 1960 41 20 av
1326 1951 66 28 den
1418 1949 198 39 urologiska

128 2011 169 30 kliniken.
326 2010 165 38 Urologin
519 2009 92 29 intar
638 2007 107 39 enligt
774 2007 190 29 Hellström
993 2015 43 20 en
1065 2004 136 39 avgjort
1229 2003 194 30 centralare
1453 2002 165 38 ställning

130 2074 74 20 som
226 2063 285 39 undervisnings-
532 2062 64 29 och
618 2061 310 38 forskningsämne
950 2060 43 28 än
1016 2057 303 41 plastikkirurgin.

174 2118 77 29 Med
269 2117 189 37 anledning
476 2125 41 20 av
535 2115 177 39 professor
731 2113 209 30 Hellströms
959 2111 260 38 framställning
1239 2109 205 30 framhåller
1463 2110 156 37 departe-

131 2169 251 34 mentschefen,
401 2170 50 28 att
469 2169 89 28 hans
579 2166 335 39 ställningstagande
935 2165 49 29 till
1005 2165 124 38 frågan
1149 2173 56 19 om
1223 2162 252 39 överflyttning
1493 2171 41 19 av
1552 2162 65 28 den

130 2222 332 40 plastikkirurgiska
482 2221 229 37 avdelningen
729 2220 57 28 vid
806 2218 369 30 Serafimerlasarettet
1194 2216 126 28 främst
1339 2215 150 38 grundat
1508 2214 50 38 sig
1576 2214 44 39 på

130 2277 66 28 den
220 2274 315 38 omständigheten,
560 2275 49 27 att
635 2273 104 37 sagda
764 2270 268 39 omdisposition
1057 2270 100 37 utgör
1181 2278 41 19 en
1248 2267 166 38 oavvislig
1440 2267 180 29 förutsätt-

131 2329 83 38 ning
234 2328 54 29 för
310 2327 198 38 nödvändig
529 2325 235 40 upprustning
785 2334 41 19 av
848 2324 66 29 den
936 2322 201 38 kirurgiska
1159 2321 157 29 kliniken
1339 2320 56 29 vid
1419 2319 198 30 Serafimer-

134 2382 186 28 lasarettet.
339 2381 52 28 En
411 2380 106 29 sådan
537 2378 251 39 överflyttning
806 2376 136 29 medför
960 2375 118 29 vidare
1097 2374 174 39 påtagliga
1290 2373 152 29 fördelar
1462 2381 40 20 ur
1521 2372 100 29 drift-

132 2433 206 31 ekonomisk
356 2433 63 29 och
438 2431 274 39 organisatorisk
732 2430 190 39 synpunkt.
943 2427 335 40 fanspråktagandet
1298 2426 69 28 tills
1385 2425 116 29 vidare
1520 2435 41 19 av
1578 2434 41 19 en

133 2485 372 41 garnisonsavdelning
526 2485 53 29 för
599 2483 266 41 plastikkirurgi
888 2491 101 30 synes
1009 2480 192 30 emellertid
1223 2480 74 28 icke
1318 2479 136 33 hindra,
1475 2479 47 28 alt
1544 2487 77 19 uro-
