1872 2774
463 174 285 31 Statsutskottets
773 173 179 29 utlåtande
976 182 43 20 nr
1041 172 26 28 B
1082 172 42 29 40
1147 171 40 29 år
1212 171 83 29 1958
1607 169 20 29 9

180 254 396 42 Departementschefen
592 253 111 34 anför,
722 254 50 28 att
788 252 111 29 under
920 251 184 29 1940-talet
1121 250 144 38 började
1283 258 41 20 en
1342 249 225 39 förflyttning
1585 257 41 20 av

137 308 472 40 undervisningsklinikerna
634 307 58 29 vid
719 305 369 31 Serafimerlasarettet
1115 305 50 28 att
1192 312 41 21 av
1260 303 88 29 flera
1376 302 74 29 skäl
1478 301 149 30 framstå

137 373 75 20 som
237 363 186 29 önskvärd.
448 361 225 29 Klinikernas
698 360 73 38 läge
797 359 126 38 ansågs
949 358 149 29 sålunda
1123 356 190 40 olämpligt,
1339 357 84 28 enär
1448 356 179 29 lasarettet

136 417 76 29 icke
233 426 61 20 var
317 417 48 28 ett
387 414 224 39 fullständigt
633 412 288 40 centralsjukhus
944 412 79 29 med
1046 412 41 28 de
1111 410 222 39 möjligheter
1356 410 52 28 till
1433 408 193 30 samarbete

137 471 78 29 med
239 470 94 29 olika
356 468 293 41 specialkliniker,
675 476 74 20 som
773 475 60 21 var
857 475 42 20 av
922 465 176 39 betydelse
1121 464 76 29 icke
1221 463 87 30 blott
1331 463 55 29 för
1412 462 214 39 sjukvården

138 525 86 28 utan
240 524 86 29 även
341 522 55 30 för
412 522 187 39 forskning
614 521 64 29 och
694 519 262 39 undervisning.
974 519 53 28 En
1043 517 171 39 väsentlig
1230 516 183 39 olägenhet
1430 516 55 29 för
1502 516 127 29 under-

137 577 184 39 visningen
336 576 161 39 utgjorde
512 574 131 40 jämväl
659 573 272 39 överflyttandet
946 582 42 20 av
1003 571 211 29 Karolinska
1230 570 193 30 institutets
1439 569 188 29 teoretiska

138 629 239 30 institutioner
393 629 80 29 från
489 628 236 39 grannskapet
742 636 41 20 av
800 625 370 31 Serafimerlasarettet
1188 624 50 29 till
1255 622 371 30 Norrbackaområdet.

138 683 212 29 Lasarettets
374 682 132 29 lokaler
530 680 143 39 började
697 679 118 30 vidare
839 679 48 29 bli
912 679 113 28 starkt
1048 677 163 30 förslitna
1237 677 64 29 och
1326 677 198 28 omoderna.
1551 675 77 29 Med

139 736 189 39 anledning
350 736 109 29 härav
482 734 172 30 träffades
679 734 37 29 år
742 732 81 30 1947
850 732 129 30 mellan
1005 733 113 28 staten
1143 731 64 29 och
1233 730 220 30 Stockholms
1478 729 76 29 stad
1580 729 48 28 ett

139 790 91 29 avtal
249 798 57 21 om
325 789 213 40 upplåtande
558 797 41 20 av
618 786 247 39 Sabbatsbergs
884 785 153 40 sjukhus
1056 785 10 29 i
1084 784 168 39 betydligt
1270 783 125 39 vidgad
1416 782 213 39 omfattning

139 843 54 30 för
212 844 67 28 den
297 842 217 30 medicinska
533 840 297 39 undervisningen
847 839 65 29 och
930 838 242 39 forskningen,
1191 838 58 29 det
1268 846 25 20 s.
1312 837 33 28 k.
1366 836 264 38 Sabbatsbergs-

139 896 138 30 avtalet.
296 895 117 39 Enligt
431 895 128 30 avtalet
579 894 111 29 skulle
708 903 43 20 en
768 893 196 38 betydande
983 891 201 39 utbyggnad
1203 900 41 20 av
1265 889 247 39 Sabbatsbergs
1532 888 98 39 sjuk-

139 950 68 29 hus
229 950 59 29 ske
310 957 124 31 genom
454 948 220 39 uppförande
696 956 41 20 av
758 947 49 29 ett
829 947 87 28 stort
938 945 95 30 antal
1055 954 69 29 nya
1144 944 162 33 kliniker,
1330 943 50 29 till
1402 943 93 29 vilka
1519 943 110 28 större

139 1003 101 30 delen
263 1012 42 20 av
328 1003 67 28 den
417 1002 56 29 vid
500 1000 368 31 Serafimerlasarettet
891 999 160 39 förlagda
1076 997 297 38 undervisningen
1398 996 112 29 skulle
1534 996 96 28 över-

139 1056 123 39 flyttas
290 1073 44 3 —
361 1054 287 30 nervklinikerna
679 1053 112 29 skulle
820 1052 180 30 överföras
1031 1051 50 29 till
1112 1050 211 30 Karolinska
1353 1049 188 39 sjukhuset
1577 1048 53 33 (se

139 1109 124 29 härom
284 1108 218 40 proposition
525 1117 40 20 nr
590 1106 195 34 163/1956).
808 1106 66 29 Vid
896 1105 147 30 avtalets
1066 1104 169 39 ingående
1257 1103 155 29 räknade
1435 1112 82 19 man
1540 1101 89 34 med,

141 1164 50 28 att
215 1163 41 29 de
282 1162 187 39 planerade
497 1170 68 30 nya
588 1160 200 29 klinikerna
814 1159 112 29 skulle
952 1158 110 29 hinna
1087 1157 239 39 färdigställas
1351 1157 11 28 i
1389 1156 65 39 god
1479 1156 50 29 tid
1555 1155 73 29 före

140 1216 176 39 utgången
336 1225 42 20 av
396 1215 38 30 år
457 1214 94 34 1960,
572 1213 106 40 enligt
698 1214 49 28 ett
766 1222 42 22 av
827 1210 526 40 förhandlingskommissionen
1373 1210 38 29 år
1434 1208 83 30 1946
1538 1208 93 39 gjort

141 1269 180 29 uttalande
350 1268 52 33 (se
424 1267 219 40 proposition
665 1277 42 19 nr
729 1265 159 34 55/1947)
916 1265 207 30 förutsattes
1146 1266 22 27 t.
1193 1273 29 20 o.
1246 1273 56 24 m.,
1326 1265 50 27 att
1399 1263 94 29 detta
1518 1262 112 29 skulle

141 1323 47 28 bli
209 1322 98 30 fallet
328 1322 108 29 redan
457 1321 162 38 omkring
639 1321 38 29 år
700 1319 93 30 1953.
815 1319 117 30 Under
954 1327 120 21 senare
1096 1318 38 29 år
1154 1317 65 29 har
1240 1317 57 29 det
1318 1316 192 29 emellertid
1532 1314 99 31 blivit

142 1375 160 30 alltmera
325 1374 206 40 uppenbart,
556 1375 50 28 att
630 1374 122 28 staden
774 1372 76 30 icke
875 1372 113 29 skulle
1012 1371 92 30 bliva
1127 1371 11 28 i
1162 1371 102 29 stånd
1288 1371 50 28 att
1361 1369 163 29 realisera
1550 1368 81 30 Sab-

140 1427 359 40 batsbergsprojektet
522 1427 96 29 inom
641 1426 312 30 överenskommen
978 1424 60 29 tid.
1062 1424 117 38 Enligt
1202 1424 67 28 vad
1292 1421 340 41 departementsche-

141 1482 59 29 fen
228 1481 175 30 inhämtat
429 1481 65 28 har
523 1478 525 40 förhandlingskommissionen
1076 1477 109 29 redan
1213 1476 11 29 i
1252 1475 127 39 början
1408 1485 42 19 av
1478 1475 38 29 år
1548 1474 82 30 1955

142 1535 64 29 och
229 1534 57 30 vid
311 1534 200 39 upprepade
535 1532 163 30 tillfällen
722 1531 153 30 därefter
900 1540 42 21 av
968 1531 141 28 stadens
1133 1529 201 39 delegerade
1359 1529 119 38 begärt
1503 1528 128 29 besked

142 1597 57 20 om
224 1587 234 39 anledningen
483 1586 52 29 till
562 1585 215 39 dröjsmålet.
803 1584 131 30 Därvid
959 1584 64 29 har
1050 1584 80 29 från
1157 1583 141 29 stadens
1325 1582 75 30 sida
1426 1591 74 20 som
1527 1581 105 29 orsak

141 1641 52 29 till
218 1641 141 29 inträdd
382 1640 181 39 försening
586 1639 126 29 främst
736 1638 184 40 åberopats
944 1637 154 30 ovisshet
1122 1645 57 20 om
1205 1634 427 40 Sabbatsbergsområdets

143 1694 167 31 framtida
339 1693 209 40 disposition
578 1693 79 29 med
687 1692 137 39 hänsyn
856 1691 51 29 till
939 1691 68 29 den
1036 1690 188 40 planerade
1255 1688 376 39 Rådmansgatuleden.

143 1748 113 29 Sedan
285 1747 180 39 stadsplan
495 1747 80 29 över
604 1745 157 30 området
789 1753 146 21 numera
966 1743 151 40 antagits
1147 1752 42 20 av
1219 1741 319 39 stadsfullmäktige
1568 1740 63 30 och

143 1801 44 29 då
218 1799 431 40 gatubyggnadsfrågorna
679 1798 107 39 enligt
815 1798 67 29 vad
913 1797 226 39 borgarrådet
1170 1796 174 38 Berglund
1375 1795 57 29 vid
1463 1797 48 27 ett
1543 1803 90 20 sam-

143 1853 182 29 manträde
349 1853 94 29 inför
468 1851 386 40 departementschefen
878 1851 11 28 i
913 1850 181 30 december
1123 1849 81 29 1957
1231 1848 157 39 uppgivit
1413 1848 75 29 icke
1515 1848 117 37 längre

144 1906 162 30 inverkar
325 1906 44 39 på
387 1905 282 39 igångsättandet
688 1913 42 20 av
749 1913 72 20 om-
840 1903 64 29 och
925 1902 261 39 tillbyggnaden
1206 1911 42 20 av
1268 1901 247 38 Sabbatsbergs
1536 1900 97 38 sjuk-

144 1959 76 34 hus,
243 1959 130 29 räknar
394 1957 387 40 departementschefen
802 1957 89 32 med,
915 1958 50 27 att
989 1956 121 29 staden
1133 1956 85 28 utan
1240 1954 199 39 ytterligare
1462 1952 169 39 dröjsmål

144 2012 173 38 fullföljer
346 2012 75 29 sina
450 2011 196 39 åtaganden
674 2010 107 39 enligt
809 2009 128 30 avtalet
964 2009 83 29 eller
1075 2008 66 30 vad
1171 2017 75 20 som
1274 2007 87 29 efter
1389 2007 244 29 överenskom-

145 2066 106 29 melse
268 2066 71 28 kan
354 2065 143 29 komma
513 2066 50 27 att
579 2064 99 29 träda
694 2064 10 28 i
723 2063 124 29 stället.
864 2063 103 29 Detta
983 2062 55 29 får
1055 2062 9 29 i
1081 2062 130 38 dagens
1229 2061 72 38 läge
1319 2070 102 19 anses
1437 2069 81 20 vara
1536 2060 97 28 desto

145 2127 95 20 mera
258 2118 189 38 angeläget,
466 2126 75 20 som
557 2118 41 28 de
615 2116 220 39 olägenheter
853 2116 9 29 i
880 2115 100 39 fråga
997 2124 56 20 om
1070 2114 268 30 verksamheten
1356 2114 56 29 vid
1432 2113 202 29 Serafimer-

146 2172 188 32 lasarettet,
353 2171 94 29 vilka
465 2171 108 28 redan
593 2169 119 39 gjorde
733 2169 50 39 sig
802 2169 159 38 gällande
982 2168 110 29 under
1115 2166 193 33 1940-talet,
1329 2167 37 28 år
1386 2166 87 29 efter
1494 2166 38 29 år
1551 2166 83 28 ökat

145 2225 10 27 i
176 2223 222 39 omfattning.
420 2223 65 28 Det
505 2222 134 29 erinras
661 2231 56 20 om
739 2223 64 28 vad
825 2222 40 28 de
889 2221 222 38 sakkunniga
1132 2220 63 29 och
1217 2219 417 38 remissmyndigheterna

146 2276 118 29 anfört
283 2276 10 29 i
313 2276 101 29 dessa
433 2275 107 29 delar.
560 2273 393 40 Departementschefen
974 2273 165 28 hänvisar
1161 2273 9 27 i
1191 2273 95 28 detta
1307 2271 254 38 sammanhang
1583 2270 48 28 till

146 2328 412 30 universitetskanslerns
580 2327 189 33 uttalande,
791 2328 50 28 att
863 2326 370 29 Serafimerlasarettet
1255 2333 145 20 numera
1423 2324 62 28 och
1508 2324 9 28 i
1540 2324 92 28 ännu

146 2382 106 38 högre
270 2382 83 38 grad
371 2381 87 29 efter
478 2380 303 29 nervklinikernas
799 2379 253 38 bortflyttande
1072 2378 110 29 måste
1202 2386 101 20 anses
1322 2377 135 28 mindre
1478 2376 157 39 lämpligt

148 2444 73 19 som
250 2433 425 39 undervisningssjukhus
701 2432 44 29 bl.
773 2442 29 19 a.
830 2440 124 30 genom
982 2432 41 29 de
1051 2431 111 29 ökade
1190 2431 85 28 krav
1302 2430 43 39 på
1372 2429 171 29 klinikers
1571 2428 61 29 och

147 2487 257 30 institutioners
425 2487 185 39 kapacitet,
633 2495 74 20 som
729 2486 65 29 den
818 2486 37 29 år
880 2484 83 30 1954
984 2484 180 29 beslutade
1188 2483 445 38 undervisningsreformen
