1872 2774
462 182 286 31 Statsutskottets
774 180 178 30 utlåtande
976 189 43 19 nr
1041 179 26 28 B
1082 179 41 28 40
1147 178 39 29 år
1211 177 84 30 1958
1586 174 38 29 13

137 266 178 29 lasarettet
333 263 166 41 påbörjas
518 264 85 27 utan
622 260 182 39 dröjsmål.
823 259 65 30 Vid
909 259 55 29 sin
982 257 172 40 prövning
1174 266 41 20 av
1233 257 41 28 de
1296 254 240 39 sakkunnigas
1556 253 70 30 för-

137 320 74 39 slag
224 319 64 29 har
302 315 386 42 departementschefen
703 314 78 29 med
797 312 195 30 beaktande
1007 321 41 20 av
1063 311 19 29 å
1097 319 65 21 ena
1178 310 100 29 sidan
1293 310 50 28 att
1357 308 93 30 vissa
1465 308 10 28 i
1491 307 63 30 och
1570 307 55 29 för

137 373 51 39 sig
208 372 138 39 mycket
366 369 221 31 brådskande
607 368 162 39 åtgärder
790 366 110 30 måste
920 365 102 29 anstå
1041 365 10 28 i
1072 364 150 29 avbidan
1242 363 44 39 på
1306 364 50 28 att
1376 362 54 29 för
1451 361 100 29 deras
1573 368 53 31 ge-

136 425 232 30 nomförande
387 422 221 39 nödvändiga
627 420 237 39 anordningar
884 419 89 29 först
992 418 159 29 kommer
1171 416 51 30 till
1245 416 101 29 stånd
1368 416 90 28 samt
1478 414 19 29 å
1517 414 109 29 andra

138 480 101 29 sidan
255 478 227 40 åtgärdernas
496 476 163 29 inbördes
674 472 357 41 angelägenhetsgrad
1046 471 119 29 funnit
1180 470 158 38 följande
1353 467 194 40 byggnads-
1562 466 64 30 och

137 531 382 31 installationsarbeten
535 529 84 29 böra
636 528 159 39 vidtagas
812 527 107 29 redan
937 526 111 29 under
1065 525 102 28 nästa
1184 522 179 40 budgetår.
1382 522 66 29 För
1467 521 159 38 åtgärder

138 587 10 28 i
165 586 90 39 syfte
271 587 51 28 att
337 584 172 30 förbättra
525 583 197 29 lasarettets
738 578 371 41 elenergiförsörjning
1124 578 62 28 bör
1202 577 173 28 beräknas
1395 575 59 29 100
1469 574 63 29 000
1548 574 80 29 kro-

139 648 74 20 nor.
233 639 49 29 De
302 637 268 39 omflyttningar
589 636 97 28 inom
707 635 187 32 lasarettet,
916 641 75 21 som
1010 632 66 29 blir
1096 640 43 20 en
1159 629 90 39 följd
1270 639 42 20 av
1332 629 67 29 den
1419 627 209 30 endokrino-

138 693 136 38 logiska
293 690 287 31 verksamhetens
602 687 252 40 överflyttning
875 686 51 29 till
949 685 212 29 Karolinska
1183 683 188 39 sjukhuset
1392 680 236 30 innevarande

139 746 71 33 vår,
230 744 136 30 medför
383 744 93 29 vissa
493 741 221 39 nödvändiga
732 738 312 41 ändringsarbeten
1062 738 11 28 i
1091 737 112 29 första
1220 736 95 29 hand
1333 735 55 29 för
1407 735 40 29 de
1467 733 162 30 kliniskt-

137 798 230 40 fysiologiska
390 797 64 29 och
477 794 326 32 kliniskt-kemiska
827 792 284 30 laboratorierna.
1135 789 128 30 Härför
1287 789 172 29 beräknas
1482 787 147 39 tillhopa

139 853 41 29 58
195 852 63 30 000
284 852 140 28 kronor.
451 848 325 31 Omklädnadsrum
802 847 55 29 för
881 846 210 29 kandidater
1116 844 12 29 i
1154 842 219 41 patologiska
1400 840 229 39 avdelningen

140 906 61 29 bör
226 905 117 30 vidare
367 902 286 40 iordningställas
678 901 55 30 för
758 910 43 20 en
824 899 152 30 kostnad
1001 908 42 20 av
1067 897 96 30 4000
1188 897 141 28 kronor.
1356 893 274 40 Röntgenavdel-

141 959 129 39 ningen
291 958 137 29 arbetar
448 957 24 29 f.
495 966 32 19 n.
550 956 110 29 under
681 954 140 39 mycket
840 953 189 40 pressande
1050 950 257 30 förhållanden.
1330 949 74 28 Den
1426 957 41 20 av
1489 948 40 29 de
1553 947 77 29 sak-

140 1012 157 38 kunniga
320 1010 198 39 föreslagna
539 1008 262 39 tillbyggnaden
823 1007 165 29 ävensom
1010 1004 118 39 övriga
1151 1003 170 39 åtgärder,
1346 1011 74 20 som
1444 1000 110 39 syftar
1577 999 52 29 till

140 1075 43 20 en
208 1064 211 39 förbättring
444 1073 42 20 av
512 1060 387 32 arbetsförhållandena
923 1059 58 29 vid
1006 1056 391 40 röntgenavdelningen,
1423 1054 61 29 bör
1511 1053 119 30 därför

142 1119 216 39 igångsättas
380 1117 147 29 snarast.
549 1115 129 29 Härför
699 1114 173 29 beräknas
893 1122 43 20 en
955 1112 152 29 kostnad
1128 1119 57 21 om
1209 1109 60 30 126
1284 1109 62 29 000
1369 1109 130 28 kronor
1522 1107 109 29 under

142 1173 102 28 nästa
272 1170 179 40 budgetår.
481 1170 67 28 För
577 1168 200 29 inrättande
808 1176 40 20 av
877 1165 267 38 isoleringsrum
1173 1163 64 29 och
1268 1160 363 39 undersökningsrum

142 1226 96 29 inom
262 1225 41 29 de
327 1223 217 30 medicinska
568 1222 64 29 och
657 1220 247 39 neurologiska
926 1218 202 30 klinikerna
1153 1218 90 28 samt
1268 1216 55 29 för
1347 1214 219 39 ombyggnad
1590 1222 42 20 av

143 1278 220 30 sistnämnda
380 1276 132 30 kliniks
531 1272 424 33 kandidatlaboratorium
973 1272 61 29 bör
1052 1280 99 20 avses
1168 1270 147 39 tillhopa
1335 1268 59 29 115
1410 1267 62 30 000
1490 1267 141 29 kronor.

143 1333 13 28 I
177 1333 95 29 detta
292 1330 254 38 sammanhang
565 1327 207 31 framhåller
791 1324 397 42 departementschefen,
1209 1324 50 28 att
1277 1323 72 28 han
1368 1322 11 28 i
1399 1322 56 29 det
1475 1320 156 39 följande

144 1386 159 28 kommer
340 1385 51 27 att
427 1382 139 34 föreslå,
604 1383 50 27 att
692 1381 45 28 all
776 1379 251 38 undervisning
1063 1378 11 28 i
1111 1376 180 39 neurologi
1328 1375 58 29 vid
1422 1373 210 30 Karolinska

144 1439 176 29 institutet
351 1437 41 29 fr.
423 1446 29 20 o.
483 1445 45 20 m.
558 1434 256 31 höstterminen
846 1432 83 30 1958
960 1432 173 38 förlägges
1163 1430 52 29 till
1248 1428 385 31 Serafimerlasarettets

144 1490 246 39 neurologiska
417 1489 123 30 klinik.
579 1489 68 29 För
675 1486 235 40 upprustning
939 1494 43 20 av
1009 1485 78 39 fyra
1114 1482 324 38 vårdavdelningar,
1467 1480 54 29 för
1548 1479 86 30 mål-

143 1543 248 40 ningsarbeten
411 1544 90 28 samt
521 1542 54 29 för
596 1540 235 30 anskaffande
852 1548 42 20 av
913 1548 43 20 en
976 1535 445 39 centralradioanläggning
1441 1534 62 29 bör
1523 1533 111 29 under

143 1597 205 40 budgetåret
368 1596 144 33 1958/59
531 1595 35 29 få
584 1597 97 36 tagas
699 1594 11 29 i
728 1592 153 40 anspråk
899 1600 90 31 resp.
1010 1590 60 30 140
1086 1590 73 34 000,
1181 1589 60 29 100
1256 1589 62 29 000
1337 1588 65 29 och
1419 1587 41 29 43
1475 1586 62 30 000
1556 1586 79 29 kro-

143 1661 74 20 nor.
253 1649 229 40 Tillbyggnad
508 1658 40 20 av
573 1647 347 30 intendentkontoret
944 1645 66 29 och
1034 1641 486 40 inskrivningsexpeditionen
1545 1641 90 28 samt

145 1705 186 29 förbättrat
351 1704 95 38 intag
467 1703 52 29 till
539 1699 438 42 olycksfallspolikliniken
997 1697 111 30 måste
1130 1696 182 30 ävenledes
1333 1694 167 30 hänföras
1521 1693 52 29 till
1594 1692 41 29 de

144 1767 96 20 mera
260 1757 192 38 angelägna
471 1755 218 39 åtgärderna.
711 1752 243 30 Kostnaderna
974 1751 121 29 härför
1115 1751 64 28 har
1200 1749 224 39 uppskattats
1444 1747 52 29 till
1518 1746 37 30 61
1572 1745 63 30 000

144 1820 90 30 resp.
258 1810 40 30 53
314 1810 61 29 000
398 1810 141 28 kronor.
572 1808 75 29 Den
670 1807 107 30 totala
800 1805 195 30 kostnaden
1019 1804 54 29 för
1096 1813 47 19 nu
1167 1803 149 38 angivna
1338 1801 141 29 arbeten
1502 1798 134 41 uppgår

146 1865 52 28 till
218 1864 62 29 800
295 1864 62 29 000
377 1863 140 32 kronor,
536 1870 105 20 varav
660 1860 45 39 på
725 1859 208 29 statsverket
953 1857 100 29 faller
1073 1856 40 30 40
1133 1857 144 38 procent
1296 1855 83 29 eller
1399 1853 62 30 320
1476 1853 62 29 000
1558 1853 79 28 kro-

146 1927 73 19 nor.
254 1916 126 29 Härtill
403 1915 159 29 kommer
583 1913 198 29 kostnaden
804 1912 54 29 för
881 1911 41 29 de
946 1910 94 30 förut
1063 1909 148 29 berörda
1234 1906 403 40 ombyggnadsarbetena

148 1971 95 29 inom
273 1970 67 29 den
369 1967 332 41 plastikkirurgiska
731 1965 230 38 avdelningen
989 1963 58 30 vid
1077 1961 210 30 Karolinska
1317 1960 197 39 sjukhuset,
1543 1958 94 29 vilka

147 2024 141 29 arbeten
311 2023 61 29 bör
394 2022 142 29 komma
558 2020 52 29 till
634 2019 103 30 stånd
761 2019 37 29 så
821 2019 96 28 snart
940 2026 74 20 som
1037 2015 148 39 möjligt.
1220 2014 121 29 Denna
1363 2012 151 30 kostnad
1537 2011 100 30 faller

146 2078 11 28 i
178 2078 53 28 sin
251 2076 117 30 helhet
388 2075 44 39 på
453 2076 122 28 staten.

193 2131 12 28 I
232 2128 204 38 anslutning
461 2126 51 30 till
538 2127 65 29 vad
629 2134 47 20 nu
702 2124 177 30 förordats
905 2122 222 29 beträffande
1152 2119 333 40 byggnadsarbeten,
1513 2118 125 29 under-

150 2183 137 38 strykes
310 2182 99 38 ånyo,
434 2182 50 28 att
506 2177 455 38 kostnadsberäkningarna
983 2175 55 29 för
1061 2175 101 28 dessa
1186 2173 141 29 arbeten
1351 2173 38 28 är
1412 2170 226 40 preliminära

150 2236 64 29 och
241 2236 50 28 att
316 2235 41 28 de
384 2233 175 29 måhända
585 2232 75 28 icke
686 2232 11 27 i
723 2231 68 28 alla
818 2230 95 28 delar
938 2229 160 28 kommer
1125 2228 50 27 att
1200 2226 74 28 visa
1301 2225 50 38 sig
1378 2224 168 29 hållbara.
1573 2223 66 28 Det

150 2288 206 29 förutsättes
383 2287 50 28 att
458 2285 44 29 bl.
529 2294 29 19 a.
585 2284 110 29 härav
721 2282 184 40 påkallade
931 2280 227 38 jämkningar
1185 2279 10 28 i
1222 2276 417 40 byggnadsprogrammet

151 2341 94 29 inom
270 2341 66 28 den
360 2338 185 30 förordade
570 2337 108 29 totala
701 2335 295 30 kostnadsramen
1021 2333 54 29 får
1099 2332 168 37 vidtagas.

195 2394 66 28 För
283 2391 230 38 anskaffning
534 2400 41 19 av
596 2388 212 30 inventarier
829 2387 64 29 och
916 2385 202 38 utrustning
1140 2384 111 29 under
1273 2384 100 27 nästa
1395 2381 168 38 budgetår
1584 2380 56 29 be-

152 2448 129 28 räknas
297 2445 61 30 215
374 2445 62 29 000
453 2445 139 28 kronor.
610 2443 116 29 Härav
741 2440 127 30 hänför
886 2440 50 38 sig
955 2439 37 29 15
1007 2438 63 29 000
1087 2438 129 28 kronor
1233 2436 51 29 till
1303 2434 310 40 kompletteringar
1629 2432 11 29 i

153 2500 169 30 samband
341 2499 77 29 med
436 2498 195 38 föreslagna
647 2495 250 38 omändringar
914 2494 94 29 inom
1025 2492 40 29 de
1083 2490 217 31 medicinska
1315 2490 64 29 och
1396 2487 245 40 neurologiska
