1912 2818
570 161 255 33 Statsutskottets
848 163 167 31 utlåtande
1038 164 53 30 Nr
1114 166 29 29 8.
1560 165 40 31 31

108 249 91 32 gress
223 240 54 32 för
300 239 136 42 geodesi
460 240 62 32 och
545 241 165 41 geofysik,
735 240 59 33 vid
817 241 115 32 vilken
956 242 137 42 Sverige
1117 253 60 22 var
1200 244 153 32 företrätt
1376 255 41 21 av
1434 247 48 29 tre
1499 256 105 30 repre-

109 295 179 30 sentanter.
337 293 111 32 Sedan
477 294 77 32 från
588 294 151 32 unionen
762 295 159 32 anmälan
946 295 117 42 ingått,
1089 299 48 29 att
1160 307 41 21 en
1226 301 198 38 permanent
1447 298 157 32 kommis-

109 346 74 32 sion
218 346 108 32 skulle
362 346 118 40 bildas,
505 347 180 33 bestående
709 358 42 22 av
776 359 41 21 en
841 348 149 32 ledamot
1011 350 55 31 för
1099 350 94 40 varje
1229 354 73 35 stat,
1340 352 53 31 för
1416 355 48 28 att
1487 352 117 31 kunna

108 399 211 33 konsulteras
355 410 43 22 av
433 400 56 32 det
523 411 42 21 av
596 401 55 40 sju
676 401 221 32 medlemmar
921 402 180 32 bestående
1125 404 178 31 exekutiva
1328 405 160 31 utskottet
1510 405 94 31 inom

109 453 160 39 unionen,
301 453 62 32 har
397 453 128 42 Kungl.
551 454 98 40 Maj:t
672 465 123 30 genom
820 454 110 33 beslut
954 455 64 32 den
1045 457 39 31 19
1109 457 188 40 september
1323 459 84 30 1924
1431 458 174 32 förordnat

109 517 40 21 en
174 506 148 33 ledamot
345 507 11 31 i
381 507 65 32 den
475 511 221 38 permanenta
719 508 265 33 kommissionen
1010 509 93 32 inom
1128 510 65 32 den
1217 511 193 40 geodetiska
1431 512 172 31 sektionen

109 571 42 21 av
176 560 64 32 den
264 561 272 32 internationella
568 561 158 33 unionen.

154 613 153 33 Svenska
330 614 365 39 nationalkommittén,
720 616 78 31 från
815 616 113 32 vilken
943 616 259 41 ifrågavarande
1218 618 251 41 framställning
1484 620 119 40 utgått,

108 668 62 31 har
204 667 179 39 meddelat,
409 670 48 29 att
492 678 42 21 en
558 668 161 41 kongress
743 679 80 22 vore
846 669 128 32 avsedd
998 672 49 29 att
1070 675 63 36 äga
1157 681 76 21 rum
1257 673 44 39 på
1324 672 274 31 eftersommaren

109 722 37 30 år
171 721 86 31 1930
281 720 63 32 och
368 721 144 31 omfatta
535 721 104 32 minst
662 732 42 21 en
729 722 121 32 veckas
875 723 275 32 sammanträden
1175 723 10 32 i
1210 723 194 33 Stockholm
1429 725 10 31 i
1464 725 62 31 och
1550 726 54 31 för

109 773 231 33 diskussioner
364 774 63 32 och
451 774 157 41 föredrag
631 775 93 31 inom
748 775 168 32 unionens
941 776 90 31 olika
1054 776 177 33 sektioner.

154 827 128 32 Härför
305 829 108 30 måste
437 828 76 31 från
538 828 123 31 svensk
684 828 74 31 sida
782 839 41 21 en
848 828 53 32 del
926 829 191 32 förarbeten
1142 831 137 38 utföras,
1306 842 40 20 en
1364 831 50 32 del
1433 834 172 38 rapporter

110 891 55 21 om
201 880 255 42 vetenskapliga
486 880 138 32 resultat
647 881 63 32 och
734 881 127 41 förslag
884 881 50 32 till
958 893 67 30 nya
1048 882 136 33 arbeten
1209 883 132 41 tryckas
1366 884 62 32 och
1452 884 153 32 distribu-

109 944 81 21 eras.
239 933 118 33 Under
389 933 109 41 själva
521 934 205 41 kongressen
751 934 108 33 skulle
883 936 81 31 våra
987 936 254 41 vetenskapliga
1263 937 226 32 institutioner
1512 936 91 34 inom

109 986 57 32 det
202 986 380 43 geodetisk-geofysiska
616 987 153 32 området
803 988 10 31 i
849 988 196 32 Stockholm
1069 989 63 32 och
1157 990 151 41 Uppsala
1331 990 102 33 beses.
1481 990 125 33 Vidare

109 1040 103 32 borde
236 1051 41 21 en
302 1040 53 32 del
380 1040 237 42 utställningar
641 1041 168 32 anordnas
833 1042 53 31 för
902 1045 48 29 att
967 1042 235 42 åskådliggöra
1218 1043 152 42 Sveriges
1386 1044 111 32 arbete
1511 1045 94 31 inom

108 1094 260 41 ifrågavarande
392 1094 146 32 område.
587 1095 95 32 Efter
706 1095 222 41 kongressens
953 1096 66 32 slut
1042 1096 102 32 borde
1169 1108 41 21 en
1235 1097 53 32 del
1312 1098 217 32 exkursioner
1550 1109 56 21 an-

109 1147 132 32 ordnas.
290 1147 195 41 Utgifterna
519 1148 53 31 för
606 1151 114 36 mötet,
755 1149 210 40 grupperade
990 1149 106 32 under
1119 1152 105 39 några
1249 1150 171 33 allmänna
1443 1151 161 38 rubriker,

108 1200 210 32 beräknades
342 1200 68 33 till:
436 1200 149 42 Utgifter
608 1201 53 32 för
684 1200 120 42 själva”
817 1205 105 29 mötet
945 1202 11 31 i
981 1202 206 39 Stockholm,
1206 1204 180 41 tryckning
1402 1215 42 21 av
1460 1205 146 31 cirkulär

109 1246 45 39 m.
191 1265 56 27 m.,
279 1254 438 41 organisationskostnader,
742 1255 130 32 diverse
897 1256 197 32 förutsedda
1116 1257 149 41 utgifter,
1292 1257 222 33 tillsammans
1539 1269 67 21 om-

110 1307 100 41 kring
233 1308 121 37 24,000
378 1307 141 38 kronor;
545 1307 181 42 tryckning
749 1318 43 22 av
816 1309 255 41 vetenskapliga
1094 1313 173 38 rapporter
1291 1311 62 31 och
1377 1311 228 41 utredningar,

112 1360 119 39 13,000
248 1360 139 39 kronor;
406 1360 50 32 till
472 1360 219 33 anordnande
708 1372 42 21 av
767 1361 247 42 utställningar,
1033 1363 98 38 9,000
1144 1363 140 37 kronor;
1313 1364 48 31 till
1377 1364 227 39 exkursioner,

110 1413 63 32 och
208 1413 96 33 deras
335 1413 254 40 förberedande,
617 1415 119 38 12,000
760 1415 138 39 kronor;
925 1415 223 33 tillsammans
1173 1418 120 37 60,000
1317 1418 131 32 kronor.
1497 1418 109 41 Utgif-

110 1471 94 28 terna
227 1468 54 31 för
304 1468 265 32 exkursionerna
593 1468 207 32 beräknades
825 1468 94 33 skola
942 1469 11 31 i
977 1469 67 32 viss
1068 1472 81 30 mån
1174 1470 162 33 bestridas
1353 1482 42 21 av
1411 1471 194 41 deltagarna

110 1520 117 42 själva.
276 1521 184 41 Självklart
495 1523 106 30 måste
636 1521 86 33 dock
751 1522 227 33 kostnaderna
1001 1524 54 31 för
1078 1523 41 32 de
1143 1524 218 42 nödvändiga
1383 1525 222 38 förarbetena,

110 1578 88 28 samt
221 1575 54 32 för
298 1575 182 41 tryckning
504 1586 41 22 av
569 1575 176 42 vägvisare
770 1587 44 20 m.
840 1587 56 28 m.,
922 1576 126 33 betalas
1073 1588 42 21 av
1140 1578 136 41 Sverige
1300 1583 139 27 ensamt.

154 1628 92 31 Enär
280 1628 168 41 inbjudan
486 1628 49 32 till
562 1629 85 31 1930
671 1630 52 30 års
747 1629 163 41 kongress
934 1631 106 31 måste
1064 1631 222 32 framlämnas
1311 1632 102 32 redan
1437 1632 58 32 vid
1522 1633 82 31 1927

110 1682 53 30 års
198 1681 162 41 kongress
392 1681 12 31 i
427 1681 97 42 Prag,
549 1692 79 22 vore
652 1681 56 33 det
731 1693 42 21 av
798 1682 121 37 nöden,
945 1686 48 28 att
1017 1683 64 32 den
1106 1683 157 33 blivande
1287 1685 221 41 kongressens
1532 1686 74 31 eko-

110 1734 94 32 nomi
228 1734 238 32 dessförinnan
491 1745 79 21 vore
593 1734 196 42 betryggad.

155 1787 390 42 Departementschefen,
586 1799 72 21 som
695 1789 116 30 funnit
850 1792 48 28 att
937 1789 270 33 totalkostnaden
1247 1791 66 32 tills
1350 1792 113 31 vidare
1499 1792 103 32 borde

110 1840 118 32 kunna
259 1840 183 42 begränsas
470 1841 49 32 till
551 1842 121 38 50,000
705 1842 134 39 kronor,
875 1842 62 32 har
961 1842 209 34 beträffande
1195 1855 174 22 summans
1394 1845 121 32 storlek
1538 1846 70 31 fäst

110 1894 347 41 uppmärksamheten
493 1896 20 30 å
547 1898 48 29 att
630 1895 40 32 de
705 1895 202 39 förarbeten,
937 1907 73 21 som
1044 1907 79 22 vore
1148 1908 42 21 av
1225 1898 120 38 nöden,
1371 1898 177 41 betingade
1573 1899 29 40 ej

110 1946 193 43 obetydliga
327 1947 181 33 kostnader
529 1951 87 29 samt
641 1948 187 32 framhållit
844 1949 116 32 vikten
977 1960 41 22 av
1035 1953 48 29 att
1099 1952 74 31 vårt
1189 1951 79 32 land
1286 1951 134 32 komme
1437 1955 47 29 att
1500 1954 44 39 på
1560 1955 47 29 ett

111 2005 74 35 sätt,
204 2001 239 33 motsvarande
466 2003 73 30 vårt
558 2001 167 33 anseende
742 2002 63 32 och
825 2004 60 31 vår
907 2003 160 42 ställning
1077 2004 92 32 inom
1184 2004 64 33 den
1260 2005 252 42 vetenskapliga
1523 2006 81 32 värl-

111 2054 75 39 den,
200 2058 103 29 utöva
316 2055 56 32 det
384 2055 179 41 värdskap,
576 2055 380 41 generalkonferensens
974 2057 219 41 förläggande
1207 2058 49 31 till
1273 2058 135 42 Sverige
1420 2059 183 32 medförde.

156 2161 171 32 Utskottet
350 2162 62 31 har
435 2162 30 40 ej
491 2162 132 32 kunnat
646 2162 116 41 undgå
785 2165 49 29 att
858 2163 84 40 hysa
969 2174 41 21 en
1034 2164 68 31 viss
1126 2165 124 31 tvekan
1274 2165 90 32 inför
1387 2165 55 32 det
1459 2176 46 21 nu
1521 2166 83 31 före-

109 2214 159 42 liggande
292 2214 172 42 förslaget,
490 2226 77 21 men
592 2215 61 31 har
677 2215 163 32 utskottet
864 2215 104 33 likväl
994 2217 78 32 med
1088 2217 135 41 hänsyn
1237 2217 46 32 till
1298 2218 63 31 den
1375 2218 228 41 förpliktande

110 2267 171 42 ställning,
306 2269 75 32 vårt
404 2268 97 32 lands
525 2268 200 42 deltagande
750 2269 10 30 i
786 2268 55 33 det
858 2269 270 33 internationella
1139 2271 251 41 vetenskapliga
1404 2272 201 32 samarbetet

110 2321 142 39 medför,
277 2321 117 32 funnit
426 2321 73 32 skäl
528 2321 67 32 tala
622 2323 53 31 för
699 2325 46 29 ett
769 2322 95 32 bifall
889 2322 50 32 till
963 2323 126 42 Kungl.
1116 2324 114 41 Maj:ts
1254 2324 136 42 förslag,
1415 2325 117 32 därvid
1557 2329 47 28 ut-

111 2374 123 32 skottet
269 2374 186 33 emellertid
486 2375 203 39 förutsätter,
715 2378 48 29 att
787 2376 301 32 statsunderstödet
1112 2377 105 33 hålles
1241 2378 92 31 inom
1359 2378 62 32 den
1447 2390 46 20 nu
1522 2379 83 32 före-

110 2427 118 42 slagna
251 2427 262 43 anslagsramen.
539 2429 171 32 Utskottet
733 2428 193 53 hemställer
948 2431 100 40 förty,
