1932 2798
77 577 189 35 "Trycknings-

93 615 163 25 kostnader.

124 657 95 43 [261.]

104 1715 135 32 Tillfällig

82 1748 183 28 löneförbätt-

78 1785 63 32 ring
155 1786 43 26 för
211 1786 60 25 viss

105 1821 133 32 personal

63 1855 79 26 inom
169 1856 56 26 den
245 1856 33 26 ci-

75 1891 57 25 vila
144 1892 126 25 statsför-

84 1927 176 32 valtningen.

124 1968 95 44 [262]

94 2051 150 32 Tillfälligt

64 2085 167 34 lönetillägg
250 2087 29 25 åt

83 2121 78 26 vissa
180 2123 77 24 vakt-

105 2160 133 23 mästare.

124 2198 96 44 [263]

300 156 63 29 144
764 154 255 31 Statsutskottets
1042 154 169 30 utlåtande
1234 153 53 30 Nr
1311 155 29 29 8.

342 241 181 39 Utskottet,
549 251 73 22 som
646 241 73 32 icke
743 241 61 32 har
827 242 102 40 något
954 243 48 30 att
1025 240 110 33 erinra
1159 242 71 30 mot
1254 239 126 42 Kungl.
1407 239 114 41 Maj:ts
1546 239 135 41 förslag,
1703 239 91 32 hem-

298 294 122 39 ställer,

663 352 48 28 att
746 348 181 41 riksdagen
961 350 58 30 må
1053 348 66 32 öka
1149 347 56 32 det
1229 347 167 32 ordinarie
1420 346 375 41 reservationsanslaget

619 401 50 32 till
707 402 214 31 kommittéer
960 401 63 32 och
1062 401 220 41 utredningar
1320 411 123 30 genom
1483 400 224 40 sakkunniga,
1747 410 48 21 nu

621 455 142 38 140,000
786 455 134 38 kronor,
946 454 79 32 med
1049 455 121 38 35,000
1194 454 125 32 kronor
1342 453 50 32 till
1418 454 141 38 175,000
1583 453 132 31 kronor.

344 576 108 44 269:0)
480 579 127 41 Kungl.
623 579 97 41 Maj:t
743 579 62 32 har
828 576 122 44 (punkt
974 577 76 43 261)
1074 579 172 41 föreslagit
1270 578 180 42 riksdagen
1474 581 48 29 att
1546 578 134 32 minska
1704 578 57 32 det
1784 578 10 31 i

299 633 179 31 riksstaten
504 632 108 32 under
635 632 137 32 åttonde
796 632 218 33 huvudtiteln
1038 632 170 42 uppförda
1233 632 166 32 ordinarie
1423 631 298 42 förslagsanslaget
1744 631 50 32 till

299 685 391 42 tryckningskostnader,
717 697 47 20 nu
788 686 122 38 44,530
934 686 124 31 kronor
1077 683 116 43 (därav
1216 685 51 32 till
1291 685 250 41 domkapitlens
1565 684 230 42 expeditioner

299 739 100 42 högst
433 740 99 38 9,000
567 736 134 44 kronor)
736 738 79 33 med
850 740 96 38 7,585
975 739 124 32 kronor
1122 738 50 32 till
1196 739 121 39 36,945
1340 739 125 31 kronor
1489 735 115 44 (därav
1628 738 51 32 till
1703 737 90 33 dom-

299 792 168 41 kapitlens
491 792 230 41 expeditioner
745 793 99 40 högst
869 793 98 38 9,000
991 789 144 42 kronor).

344 899 53 31 Av
432 898 412 41 riksräkenskapsverkets
879 897 348 42 budgetredovisning
1261 899 54 31 för
1349 898 199 41 budgetåret
1575 898 219 32 1925—1926

299 953 160 40 framgår,
496 954 48 30 att
578 951 298 42 medelsåtgången
911 951 108 33 under
1054 951 151 42 anslaget
1240 952 147 41 uppgick
1424 951 50 32 till
1508 951 142 33 allenast
1674 952 118 38 36,711

299 1006 124 32 kronor
455 1007 41 30 47
526 1010 64 28 öre.
638 1005 163 42 Anslaget
823 1006 63 31 har
910 1005 115 33 därför
1048 1008 126 30 ansetts
1198 1006 119 31 kunna
1340 1007 103 40 något
1466 1005 214 42 nedbringas.
1729 1005 66 32 För

297 1059 186 41 jämnande
518 1070 43 21 av
593 1059 234 33 huvudtitelns
852 1059 204 32 slutsumma
1079 1059 62 32 har
1165 1059 55 32 det
1243 1059 189 42 föreslagits
1457 1062 48 29 att
1529 1060 163 40 uppföras
1716 1058 79 33 med

298 1115 47 29 ett
368 1112 122 41 belopp
515 1123 43 21 av
583 1113 120 37 36,945
727 1112 133 32 kronor.

343 1165 172 32 Utskottet
538 1165 204 39 hemställer,

664 1221 49 29 att
747 1218 181 42 riksdagen
964 1220 57 30 må
1050 1219 136 32 minska
1209 1218 56 32 det
1288 1219 11 31 i
1323 1219 179 32 riksstaten
1526 1218 108 32 under
1658 1218 137 32 åttonde

619 1272 216 33 huvudtiteln
870 1272 171 41 uppförda
1076 1272 166 32 ordinarie
1277 1272 298 41 förslagsanslaget
1610 1271 50 33 till
1687 1272 107 41 tryck-

619 1325 293 41 ningskostnader,
948 1336 48 21 nu
1031 1326 122 38 44,530
1183 1326 125 31 kronor
1331 1323 115 43 (därav
1470 1325 50 31 till
1544 1325 250 41 domkapitlens

619 1378 231 41 expeditioner
888 1378 100 41 högst
1027 1379 99 38 9,000
1165 1376 135 42 kronor)
1338 1378 78 31 med
1454 1379 97 37 7,585
1586 1378 124 31 kronor
1746 1377 49 32 till

619 1432 121 38 36,945
775 1431 125 32 kronor
934 1428 116 43 (därav
1084 1431 50 31 till
1170 1431 248 41 domkapitlens
1442 1431 230 41 expeditioner
1694 1431 101 40 högst

620 1485 98 38 9,000
742 1482 151 43 kronor);

664 1538 86 32 dock
785 1541 49 29 att
868 1538 11 31 i
914 1538 152 42 anslaget
1100 1540 57 30 må
1191 1539 37 31 få
1255 1543 97 36 göras
1377 1538 65 32 den
1467 1538 154 42 ändring,
1647 1549 72 21 som
1745 1537 50 33 till

618 1591 187 41 jämnande
818 1602 42 22 av
872 1591 236 33 huvudtitelns
1126 1591 203 33 slutsumma
1345 1592 69 31 kan
1430 1592 73 33 visa
1519 1592 52 41 sig
1587 1591 205 42 erforderlig.

344 1712 108 44 270:0)
489 1715 215 31 Beträffande
739 1715 66 32 vad
842 1715 126 41 Kungl.
1003 1715 99 41 Maj:t
1136 1713 122 43 (punkt
1284 1712 75 44 262)
1383 1715 173 41 föreslagit
1579 1715 215 41 riksdagen
1774 1708 24 53 i

299 1769 97 40 fråga
431 1779 56 21 om
522 1767 148 42 tillfällig
704 1768 283 41 löneförbättring
1021 1769 53 31 för
1101 1768 68 33 viss
1194 1768 155 41 personal
1371 1769 94 31 inom
1490 1768 65 32 den
1579 1768 100 32 civila
1701 1758 94 42 stats-

299 1821 252 41 förvaltningen
587 1821 154 32 kommer
775 1821 163 32 utskottet
972 1824 49 29 att
1055 1821 181 32 framdeles
1266 1821 107 32 under
1396 1821 180 40 riksdagen
1600 1821 121 41 avgiva
1747 1824 48 28 ut-

298 1873 149 39 låtande;
472 1873 106 33 vilket
601 1874 163 31 utskottet
786 1874 199 41 härigenom
1010 1873 109 32 skolat
1143 1875 53 30 för
1219 1874 179 41 riksdagen

665 1926 143 32 anmäla.

344 2039 108 44 271:0)
476 2042 127 41 Kungl.
629 2042 98 41 Maj:t
750 2042 62 32 har
837 2040 121 44 (punkt
982 2040 76 43 263)
1081 2043 174 41 föreslagit
1278 2043 180 41 riksdagen
1475 2046 48 29 att
1545 2044 53 36 för
1604 2042 191 38 beredande

298 2106 43 21 av
376 2095 162 41 tillfälligt
572 2095 196 42 lönetillägg
802 2097 34 30 åt
869 2096 89 31 vissa
981 2096 228 31 vaktmästare
1233 2096 64 32 och
1321 2096 76 32 med
1423 2096 77 32 dem
1524 2096 196 41 jämförliga
1743 2096 52 32 be-

298 2148 292 41 fattningshavare
614 2149 53 31 för
690 2148 199 41 budgetåret
916 2149 218 31 1927—1928
1158 2149 109 32 under
1290 2149 137 31 åttonde
1444 2149 216 32 huvudtiteln
1677 2149 118 32 anvisa

299 2204 46 29 ett
369 2204 93 29 extra
486 2201 265 42 förslagsanslag
774 2213 43 21 av
840 2203 100 37 4,600
964 2202 134 32 kronor.

342 2254 17 32 I
391 2254 198 42 anslutning
620 2255 50 32 till
694 2255 197 41 riksdagens
915 2255 142 41 tidigare
1080 2255 129 32 fattade
1233 2255 110 32 beslut
1365 2256 12 31 i
1400 2256 96 41 fråga
1521 2266 56 21 om
1601 2255 194 42 grunderna

297 2309 54 32 för
386 2308 259 41 ifrågavarande
680 2308 169 42 tillfälliga
884 2308 195 42 lönetillägg
1113 2309 54 31 får
1202 2309 172 38 utskottet,
1408 2319 74 22 som
1510 2309 73 32 icke
1607 2309 62 32 har
1691 2310 104 40 något

295 2364 51 29 att
370 2362 111 31 erinra
503 2364 72 30 mot
599 2362 56 31 det
678 2373 48 20 nu
749 2362 125 32 äskade
899 2362 160 41 anslaget,
1084 2362 187 39 hemställa,

662 2417 48 29 att
745 2415 182 41 riksdagen
961 2416 58 30 må
1050 2416 54 31 för
1127 2415 190 32 beredande
1341 2426 43 21 av
1407 2415 169 42 tillfälliga
1600 2415 196 42 lönetillägg

618 2469 34 30 åt
687 2468 89 32 vissa
811 2468 228 33 vaktmästare
1064 2468 64 32 och
1151 2468 79 32 med
1254 2468 77 33 dem
1354 2468 197 42 jämförliga
1575 2468 220 42 befattnings-
