1866 2786
414 180 123 29 Första
556 179 246 39 lagutskottets
822 177 179 30 utlåtande
1019 185 43 20 nr
1081 175 40 29 10
1139 175 39 30 år
1198 175 84 29 1956
1557 172 38 30 13

104 279 87 21 arna
218 279 41 21 av
284 269 69 30 den
380 268 198 39 föreslagna
606 267 194 38 ändringen
827 274 42 21 av
896 265 207 29 åtalsrätten
1130 262 148 40 ansågos
1305 263 86 30 böra
1417 261 178 34 avvaktas,

105 324 110 30 innan
234 323 111 29 andra
363 323 66 29 och
449 331 95 20 mera
563 320 198 40 vittgående
782 319 161 39 åtgärder
963 318 169 38 vidtogos.

151 377 12 29 I
183 376 169 30 samband
370 376 79 29 med
468 377 50 28 att
538 375 83 29 1934
638 374 57 29 års
713 373 143 39 riksdag
873 372 100 30 biföll
990 370 264 40 propositionen
1272 369 119 30 anhöll
1408 368 188 38 riksdagen

105 431 12 29 i
139 430 165 30 skrivelse
326 430 53 28 till
401 429 125 39 Kungl.
548 428 106 38 Maj:t
681 427 58 33 (nr
763 426 78 33 195)
869 435 57 20 om
948 424 149 40 förnyad
1119 423 187 39 utredning
1328 422 148 30 rörande
1497 420 100 31 verk-

106 484 172 38 ningarna
296 492 42 20 av
356 480 406 40 avbetalningshandeln.
783 480 13 29 I
815 479 112 30 första
944 478 247 39 lagutskottets
1208 476 58 31 vid
1284 475 207 40 riksdagens
1510 473 88 31 skri-

106 537 91 30 velse
222 536 123 39 fogade
370 535 180 30 utlåtande
580 534 58 34 (nr
663 533 58 34 49)
751 532 175 30 uttalades
949 532 106 29 bland
1080 532 117 33 annat,
1223 532 51 28 att
1298 530 58 29 det
1379 529 76 30 icke
1480 529 117 38 syntes

108 591 176 34 uteslutet,
301 592 51 28 att
367 592 49 28 ett
431 589 207 40 ingripande
654 590 72 27 mot
742 588 142 38 agenter
901 586 114 30 skulle
1030 586 123 29 kunna
1169 585 61 29 ske
1246 584 46 39 på
1309 584 70 29 sätt
1395 582 203 40 ifrågasatts

107 645 12 29 i
138 644 192 29 skrivelsen
349 643 81 29 från
450 642 81 30 1927
552 642 58 29 års
627 640 153 40 riksdag.

151 697 14 29 I
195 696 189 41 anledning
414 705 42 21 av
485 695 205 39 riksdagens
721 692 167 31 skrivelse
918 691 230 30 verkställdes
1176 690 99 30 inom
1303 688 296 41 justitiedeparte-

107 752 131 28 mentet
259 750 95 30 vissa
374 749 200 30 förarbeten
596 748 54 30 för
673 757 43 20 en
737 746 152 30 revision
911 755 43 20 av
976 744 266 40 lagstiftningen
1264 752 58 21 om
1345 741 255 39 avbetalnings-

107 804 80 39 köp.
217 804 76 29 Den
323 803 40 30 27
396 802 155 30 februari
583 801 81 30 1947
696 799 211 41 påbörjades
938 808 42 21 av
1009 797 193 31 tillkallade
1233 796 292 39 utredningsmän
1556 803 43 21 en

109 857 186 39 utredning
322 866 56 20 om
406 865 47 30 ny
481 855 220 40 lagstiftning
727 853 149 30 rörande
904 851 312 40 avbetalningsköp
1244 851 65 29 och
1337 848 145 31 därmed
1510 857 91 20 sam-

110 911 270 39 manhängande
395 909 182 41 spörsmål.
594 908 370 39 Utredningsmännen
979 905 130 40 avgåvo
1124 904 222 30 betänkande
1362 904 68 29 den
1448 901 39 31 14
1503 902 98 30 okto-

109 966 60 29 ber
192 964 83 30 1950
302 963 102 34 (SOU
428 963 98 30 1950:
542 962 75 33 42).
640 962 13 29 I
673 961 239 30 betänkandet
934 959 185 30 framhölls
1141 958 106 29 bland
1270 958 119 33 annat,
1412 957 51 28 att
1485 955 116 30 utred-

110 1019 260 39 ningsmännen
387 1017 76 29 icke
482 1017 114 28 ansett
615 1015 52 39 sig
684 1015 122 29 kunna
824 1013 144 30 förorda
986 1021 43 21 en
1048 1011 109 31 sådan
1176 1011 150 38 ordning
1346 1011 51 28 att
1415 1010 116 29 rätten
1551 1009 50 28 att

111 1072 91 39 sälja
215 1080 102 20 varor
332 1070 46 40 på
393 1069 222 39 avbetalning
631 1068 139 40 gjordes
786 1066 173 30 beroende
976 1075 42 19 av
1034 1064 222 40 myndighets
1274 1062 160 31 tillstånd
1451 1062 82 29 eller
1550 1062 52 28 att

109 1124 97 29 inom
233 1121 396 40 avbetalningshandeln
656 1120 124 30 endast
808 1119 113 29 skulle
949 1118 37 30 få
1012 1117 179 31 användas
1219 1125 43 21 av
1288 1114 205 41 myndighet
1520 1113 82 40 god-

108 1177 118 29 kända
250 1178 152 38 agenter.
427 1176 127 29 Vidare
579 1174 173 30 uttalades
778 1175 51 28 att
854 1171 362 39 utredningsmännen
1240 1169 31 39 ej
1299 1169 138 29 kunnat
1461 1167 140 30 ansluta

112 1232 50 38 sig
180 1231 51 29 till
248 1232 49 28 ett
315 1230 251 29 framkommet
584 1228 129 38 förslag
731 1236 59 21 om
808 1228 51 28 att
876 1235 84 20 man
978 1224 112 31 skulle
1107 1224 58 29 vid
1183 1222 323 39 avbetalningsköp,
1526 1229 75 21 som

111 1284 130 39 ingåtts
262 1284 111 29 under
395 1282 213 30 medverkan
630 1290 42 21 av
693 1282 112 38 agent,
828 1279 78 39 giva
927 1279 157 38 köparen
1105 1278 70 29 rätt
1196 1278 50 28 att
1267 1277 92 29 häva
1380 1275 105 40 köpet
1505 1274 97 29 inom

110 1338 71 29 viss
203 1338 50 29 tid
275 1337 82 29 från
378 1337 58 29 det
458 1336 111 29 denne
592 1334 161 39 mottagit
776 1333 173 39 säljarens
971 1330 211 31 bekräftelse
1205 1339 42 20 av
1270 1329 138 30 avtalet.
1432 1328 14 29 I
1470 1327 132 30 anslut-

111 1391 84 39 ning
217 1391 52 29 till
293 1390 58 30 det
374 1390 63 29 sist
461 1388 155 30 uttalade
639 1387 196 34 framhölls,
860 1388 50 27 att
934 1385 57 29 det
1014 1384 111 29 under
1149 1391 262 32 gemensamma
1434 1381 168 30 nordiska

112 1443 287 39 överläggningar
419 1442 12 29 i
451 1441 228 30 förevarande
700 1441 102 28 ämne
822 1439 70 29 rått
911 1438 140 39 enighet
1071 1446 57 20 om
1148 1438 51 28 att
1218 1437 58 29 det
1296 1436 76 29 icke
1392 1444 80 21 vore
1492 1434 111 39 lämp-

112 1497 62 39 ligt
196 1499 49 28 att
266 1496 122 39 medge
410 1496 129 38 köpare
561 1496 70 28 rätt
653 1495 50 28 att
725 1492 215 40 godtyckligt
962 1498 107 32 rygga
1090 1490 68 29 alla
1179 1497 126 32 genom
1327 1490 103 37 agent
1452 1487 151 30 förmed-

111 1551 77 29 lade
217 1549 322 38 avbetalningsköp.
568 1548 65 29 Det
662 1546 126 39 ansågs
816 1547 51 28 att
894 1544 308 30 konsekvenserna
1230 1552 43 20 av
1300 1551 43 20 en
1373 1541 110 30 sådan
1510 1540 93 39 regel

113 1604 112 29 skulle
243 1603 123 30 kunna
383 1603 48 29 bli
449 1601 210 39 betänkliga,
678 1601 11 29 i
707 1600 58 29 det
783 1601 51 28 att
852 1598 68 30 den
938 1596 273 41 uppfattningen
1227 1595 120 30 kunde
1364 1594 109 30 vinna
1489 1593 114 39 insteg

113 1659 51 28 att
188 1656 176 39 ingångna
388 1657 92 28 avtal
504 1655 75 29 icke
603 1654 155 29 behövde
782 1652 124 30 hållas.
932 1652 13 28 I
972 1650 115 30 stället
1112 1650 54 29 för
1190 1649 103 30 dessa
1317 1657 42 21 av
1384 1647 220 39 utrednings-

113 1711 154 29 männen
285 1709 162 29 avvisade
467 1709 145 38 utvägar
631 1707 169 38 föreslogs
819 1706 12 29 i
849 1704 248 34 betänkandet,
1117 1705 50 28 att
1185 1702 185 39 möjlighet
1390 1701 112 30 skulle
1521 1701 83 39 öpp-

114 1773 64 20 nas
195 1766 50 27 att
262 1763 167 39 förbjuda
446 1762 67 29 den
530 1759 383 40 avbetalningssäljare,
931 1767 76 21 som
1024 1756 244 30 missbrukade
1286 1755 56 30 sin
1359 1753 176 40 ställning,
1554 1754 50 29 att

115 1817 161 30 fortsätta
304 1814 407 39 avbetalningsrörelsen.

160 1871 13 28 I
196 1869 218 40 proposition
443 1868 58 33 (nr
525 1867 35 34 3)
589 1867 53 29 till
668 1867 83 29 1953
776 1866 57 29 års
857 1864 143 39 riksdag
1024 1862 189 30 framlades
1237 1861 131 40 förslag
1392 1860 53 30 till
1469 1860 55 39 lag
1547 1868 58 21 om

116 1923 147 38 ändring
283 1923 11 29 i
314 1922 102 39 lagen
435 1931 57 19 om
512 1919 323 39 avbetalningsköp,
856 1917 108 30 vilket
984 1916 132 39 byggde
1136 1916 45 39 på
1200 1915 69 29 den
1287 1915 12 29 i
1319 1914 58 29 det
1397 1912 208 40 föregående

115 1976 174 30 omtalade
307 1975 38 30 år
366 1974 81 30 1947
466 1973 191 40 påbörjade
675 1972 243 38 utredningen.
936 1969 240 40 Lagförslaget
1193 1967 138 40 syftade
1348 1966 53 30 till
1418 1968 51 28 att
1487 1965 119 30 stärka

116 2028 391 39 avbetalningsköpares
539 2026 113 39 skydd
682 2027 73 28 mot
785 2024 140 38 obilliga
956 2021 315 31 kontraktsvillkor
1301 2021 66 29 och
1398 2021 50 28 att
1478 2020 87 29 även
1594 2018 13 29 i

116 2082 112 39 övrigt
248 2082 182 29 motverka
450 2080 41 30 de
513 2078 229 31 ekonomiska
763 2078 65 29 och
850 2076 129 30 sociala
1000 2075 222 39 olägenheter
1244 2083 76 20 som
1339 2073 91 30 visat
1452 2072 51 39 sig
1523 2080 83 22 vara

117 2135 199 30 förbundna
339 2134 79 29 med
440 2132 419 38 avbetalningssystemet.
883 2131 13 28 I
920 2129 166 38 förslaget
1107 2129 149 38 upptogs
1279 2126 76 30 icke
1379 2126 114 39 någon
1515 2124 91 39 regel

116 2187 237 30 innebärande
375 2186 182 39 möjlighet
579 2187 50 27 att
650 2184 159 29 meddela
832 2182 126 30 förbud
981 2181 53 30 för
1056 2179 372 40 avbetalningssäljare
1450 2180 50 27 att
1523 2178 84 29 fort-

118 2242 91 28 sätta
233 2238 406 39 avbetalningsrörelsen.
665 2237 40 38 Ej
731 2236 109 29 heller
865 2237 149 37 upptogs
1038 2234 77 29 däri
1139 2233 115 38 någon
1279 2242 41 20 av
1344 2232 41 29 de
1410 2231 57 29 vid
1492 2230 115 29 utred-

118 2294 128 39 ningen
270 2292 161 30 avvisade
457 2292 201 37 utvägarna.
