2228 2642
715 139 247 32 Statsutskottets
990 137 165 32 Utlåtande
1177 136 63 32 N:o
1264 138 49 29 27.
1757 136 19 30 3

209 229 369 37 arbetskostnaderna
603 227 58 37 för
688 227 226 49 vägföretag,
942 227 58 35 till
1027 227 140 35 hvilkas
1187 224 194 37 utförande
1401 225 111 43 sökts,
1534 237 83 23 men
1637 227 46 44 på
1695 223 123 47 grund

209 280 40 36 af
276 280 186 37 bristande
493 280 199 48 tillgångar
718 279 80 36 icke
826 279 140 35 kunnat
992 277 152 47 beviljas
1172 275 203 37 understöd
1403 275 39 36 af
1466 275 220 44 statsmedel,
1716 279 102 31 otve-

210 332 123 49 tydigt
372 330 108 50 gåfve
521 331 63 35 vid
615 330 157 43 handen,
802 335 53 30 att
882 328 264 48 vägväsendets
1174 327 211 47 utveckling
1413 326 127 36 kräfde
1568 331 115 30 större
1711 331 108 31 stats-

211 384 127 46 anslag
370 390 46 28 än
448 382 45 35 de
520 381 100 36 förut
647 380 185 45 anvisade,
860 378 399 51 departementschefen
1288 381 132 43 ansåge
1448 377 56 47 sig
1532 390 67 35 ega
1627 376 84 36 fullt
1741 377 78 35 skäl

210 439 55 30 att
295 433 147 36 förorda
474 446 44 23 en
547 432 213 46 förhöjning
787 432 55 35 uti
869 430 278 48 ifrågavarande
1175 430 138 46 anslag,
1342 441 81 23 men
1452 432 55 31 att
1534 428 117 35 denna
1678 427 140 48 förhöj-

210 485 91 47 ning
328 484 91 36 dock
447 483 59 36 för
533 483 61 36 det
622 482 205 36 dåvarande
854 482 211 48 lämpligast
1093 485 124 45 syntes
1244 480 91 35 böra
1361 480 198 46 begränsas
1582 479 55 35 till
1659 479 159 43 100,000

211 536 145 35 kronor.

346 585 81 37 Med
457 584 105 37 bifall
590 585 57 35 till
674 584 131 47 Kongl.
835 583 121 47 Maj:ts
984 583 12 35 i
1023 582 162 47 enlighet
1204 581 85 36 med
1307 579 418 50 departementschefens
1745 579 75 36 för-

212 638 78 46 slag
331 637 57 35 till
427 635 210 47 Riksdagen
676 635 137 35 aflåtna
852 634 273 47 framställning
1164 633 12 34 i
1216 637 135 35 ämnet,
1380 631 118 36 stälde
1525 630 210 48 Riksdagen
1762 629 59 36 för

212 688 207 36 ändamålet
446 687 57 35 till
531 686 132 48 Kongl.
691 685 122 47 Maj:ts
841 684 216 49 förfogande
1085 683 56 37 för
1167 687 39 32 år
1238 684 93 35 1898
1360 687 52 31 ett
1439 682 132 48 belopp
1599 681 39 35 af
1659 682 161 43 900,000

212 740 147 42 kronor,
400 738 141 36 hvilket
580 737 131 48 belopp
749 736 139 47 jemvaäl
927 735 126 36 blifvit
1092 734 125 36 härför
1257 737 21 33 å
1308 732 248 37 innevarande
1584 735 56 33 års
1668 732 153 36 riksstat

211 789 179 36 anvisadt.

345 839 102 36 Efter
488 844 56 30 att
583 837 107 37 hafva
729 839 139 34 erinrat
905 850 59 23 om
1006 837 103 35 dessa
1148 834 254 37 förhållanden
1435 834 68 34 har
1530 833 291 48 departements-

211 890 131 37 chefen
370 891 149 42 anmält,
549 895 54 29 att
629 896 89 41 väg-
746 889 68 35 och
843 886 499 49 vattenbyggnadsstyrelsen
1372 886 10 34 i
1403 898 45 23 en
1467 884 71 36 den
1560 886 42 33 17
1623 884 199 36 november

216 944 94 34 1898
339 942 57 35 till
425 941 133 47 Kongl.
588 939 102 47 Maj:t
717 940 133 35 aflåten
878 938 200 43 skrifvelse,
1107 937 117 36 under
1240 935 242 49 åberopande
1509 934 40 36 af
1572 935 44 35 de
1636 935 55 35 uti
1710 934 111 36 skrif-

211 994 123 35 velsen
378 992 69 35 den
490 993 43 33 21
564 990 151 36 oktober
747 991 94 35 1896
870 989 154 36 anförda
1051 988 77 35 skäl
1155 988 67 35 och
1251 987 47 35 då
1325 999 43 23 en
1398 986 116 36 snabb
1542 986 216 47 utveckling
1785 985 40 36 af

212 1044 114 35 rikets
363 1041 229 49 vägväsende
632 1040 265 48 obestridligen
937 1039 172 47 utgjorde
1141 1043 54 31 ett
1227 1037 40 36 af
1292 1037 44 36 de
1364 1037 285 36 verksammaste
1676 1036 146 36 medlen

212 1100 55 30 att
291 1093 171 36 befordra
489 1092 143 37 landets
659 1090 343 44 framåtskridande,
1031 1090 173 35 hemstält
1231 1102 58 22 om
1317 1088 214 48 förhöjning
1558 1087 82 36 med
1663 1088 159 43 100,000

212 1147 137 34 kronor
388 1145 87 35 eller
512 1144 58 35 till
612 1144 195 43 1,000,000
841 1142 135 35 kronor
1004 1141 40 35 af
1069 1139 278 48 ifrågavarande
1375 1139 136 47 anslag.
1566 1137 136 37 Dervid
1732 1138 91 36 hade

213 1196 193 49 styrelsen,
435 1196 58 35 till
520 1193 317 48 fullständigande
864 1192 38 36 af
927 1193 64 35 här
1015 1191 109 36 ofvan
1150 1191 153 48 intagna
1322 1189 191 49 uppgifter
1531 1189 155 35 rörande
1706 1189 117 48 årliga

212 1247 171 47 beloppet
423 1245 40 35 af
500 1244 206 36 beräknade
747 1243 197 36 kostnader
974 1242 59 36 för
1061 1241 223 47 vägföretag,
1314 1241 123 35 hvilka
1464 1240 80 35 icke
1571 1240 140 35 kunnat
1740 1238 83 36 med

214 1297 220 47 statsanslag
461 1295 222 47 tillgodoses,
714 1294 196 44 meddelat,
940 1298 53 30 att
1020 1305 168 24 summan
1215 1291 39 36 af
1269 1291 127 49 dylika
1414 1289 199 37 kostnader
1633 1290 187 46 utgjorde:

415 1401 40 32 år
484 1398 95 35 1896
589 1425 549 8 oosmmsmnsssseseseoooserensosennen
1057 1393 47 52 soon
1106 1393 37 52 nn
1168 1394 138 35 kronor
1334 1393 211 44 2,699,132:
1574 1410 48 4 —

428 1463 13 18 >
486 1450 95 34 180
593 1476 549 7 ooooonssensssssseereoersnerr
973 1443 58 53 soner
1033 1443 57 53 eniro
1096 1443 51 53 aren
1233 1459 14 18 »
1293 1438 24 54 —
1336 1444 210 43 2,351,132:
1574 1461 47 4 —

350 1550 53 36 Då
429 1550 117 47 enligt
574 1546 420 51 departementschefens
1023 1547 148 45 mening
1198 1550 55 31 ett
1275 1544 238 47 fullständigt
1532 1543 292 48 tillgodoseende

214 1602 39 36 af
278 1601 172 36 behofvet
477 1599 83 37 utaf
584 1599 224 48 statsbidrag
831 1598 58 36 för
907 1597 264 49 vägväsendets
1192 1596 212 47 utveckling
1423 1594 264 49 obestridligen
1707 1595 118 35 skulle

214 1652 129 36 kräfva
383 1651 85 36 vida
495 1651 113 46 högre
640 1650 131 47 belopp
799 1657 45 28 än
872 1649 61 35 det
961 1662 49 22 nu
1039 1647 223 47 ifrågasatta,
1292 1651 95 30 samt
1413 1650 54 31 ett
1494 1646 111 45 årligt
1632 1646 129 46 anslag
1788 1644 39 36 af

220 1704 194 43 1,000,000
444 1703 147 41 kronor,
620 1701 79 34 med
730 1701 142 47 hänsyn
899 1700 59 34 till
986 1699 70 35 den
1084 1704 97 29 stora
1207 1698 126 46 vigten
1361 1696 58 35 för
1446 1696 125 35 landet
1598 1696 11 34 i
1638 1696 81 35 dess
1747 1696 77 34 hel-

215 1754 61 35 het
315 1758 55 30 att
410 1751 486 49 vägkommunikationerna
927 1750 13 34 i
974 1749 205 47 möjligaste
1207 1751 84 31 mån
1320 1746 210 43 förbättras,
1558 1749 44 44 på
1629 1746 95 35 intet
1752 1750 73 30 sätt

214 1804 105 35 torde
360 1804 125 34 kunna
525 1815 103 23 anses
659 1801 57 35 för
744 1806 104 38 stort,
876 1800 67 35 har
970 1796 403 51 departementschefen
1400 1796 126 35 funnit
1554 1796 56 48 sig
1636 1796 89 35 böra
1748 1796 76 35 för-

215 1854 90 36 orda
331 1853 103 36 bifall
462 1854 58 34 till
548 1860 88 38 väg-
664 1852 67 35 och
760 1849 520 50 vattenbyggnadsstyrelsens
1308 1852 121 32 senast
1447 1846 244 37 omförmälda
1709 1845 115 37 fram-

216 1905 186 47 ställning.

351 2004 126 49 Enligt
518 2004 93 36 hvad
653 2004 275 35 statsutskottet
954 2002 191 43 inhemtat,
1175 2002 64 34 har
1267 1997 404 51 vägbyggnadsfonden
1699 1997 59 36 för
1787 2001 39 32 år

220 2058 94 33 1898
355 2055 175 36 fördelats
559 2058 45 44 på
631 2054 61 35 det
720 2059 84 38 sätt,
833 2058 53 30 att
912 2053 57 34 till
997 2050 271 46 sammanlagdt
1297 2052 44 33 66
1371 2050 152 35 arbeten
1551 2049 82 35 med
1660 2061 45 23 en
1733 2055 92 41 väg-

216 2105 111 47 längd
369 2105 39 35 af
445 2107 103 41 384,6
587 2105 191 35 kilometer
818 2103 66 35 och
924 2115 44 22 en
1001 2101 183 36 beräknad
1213 2099 155 36 kostnad
1396 2099 40 35 af
1464 2100 193 42 1,261,722
1688 2099 137 35 kronor

218 2157 127 45 anslag
385 2156 169 46 beviljats
594 2155 56 34 till
687 2153 161 47 följande
876 2153 132 47 belopp
1036 2151 59 36 för
1121 2151 143 45 företag
1290 2151 100 34 inom
1418 2148 120 36 nedan
1567 2148 158 36 närmnda
1753 2150 70 42 län,

218 2207 197 46 nemligen:
