1898 2810
515 149 122 31 Första
656 148 236 37 lagutskottets
912 147 176 30 utlåtande
1107 157 43 20 nr
1169 147 51 30 27.
1588 141 34 29 17

114 245 45 20 av
181 235 139 36 misstag
342 235 82 30 eller
446 233 113 36 någon
583 243 41 20 av
649 232 67 30 den
736 231 394 36 redovisningsskyldige
1152 231 192 30 oberoende
1365 229 174 36 händelse,
1563 238 61 21 var

118 284 198 36 oavsiktligt
335 293 81 21 men
437 284 89 30 skett
546 283 86 30 efter
653 282 137 30 inträdd
810 281 184 30 insolvens.
1017 281 53 29 En
1093 284 70 26 stor
1186 280 54 30 del
1260 289 42 20 av
1322 280 100 29 dessa
1444 279 62 30 fall
1526 279 97 29 torde

115 335 200 35 emellertid,
344 334 115 31 såsom
486 331 379 38 departementschefen
895 332 64 30 ock
989 330 201 36 framhållit,
1219 331 118 30 kunna
1364 330 260 35 tillrättaläggas

115 394 126 28 genom
260 395 42 21 en
322 385 138 36 vidsynt
481 384 151 30 extensiv
653 383 155 36 tolkning
829 392 42 20 av
890 382 263 36 bestämningen
1179 384 102 28 »utan
1302 379 186 37 dröjsmål»
1515 380 108 30 under

118 436 124 36 skäligt
260 436 304 36 hänsynstagande
583 434 49 30 till
652 434 339 35 omständigheterna
1009 433 10 30 i
1038 432 95 37 varje
1154 432 137 30 särskilt
1309 431 73 32 fall.
1404 431 64 30 Det
1484 431 64 30 bör
1567 431 57 29 be-

117 487 150 36 märkas,
286 489 47 28 att
350 487 57 30 det
422 486 64 30 här
503 486 113 30 städse
632 485 87 30 varit
736 487 71 27 mot
825 485 65 29 den
910 483 410 37 redovisningsskyldiges
1337 481 85 37 vilja
1439 491 71 21 som
1531 481 92 30 med-

122 538 56 30 len
204 537 75 30 icke
304 537 99 30 blivit
429 537 11 29 i
469 536 213 35 vederbörlig
709 535 146 35 ordning
883 534 153 36 rättidigt
1063 533 170 35 avskilda;
1263 533 55 29 det
1346 533 97 29 torde
1471 531 44 31 då
1542 540 81 21 vara

118 588 181 37 berättigat
325 590 49 28 att
399 596 92 26 anse,
516 590 49 27 att
589 585 210 38 dröjsmålet,
825 584 208 31 åtminstone
1057 584 10 30 i
1094 584 201 36 uppenbara
1319 583 72 36 fall,
1417 582 57 31 må
1498 583 127 30 räknas

119 637 80 32 från
219 640 55 29 det
293 638 176 36 misstaget
487 637 185 36 upptäckts
691 637 79 29 eller
788 636 76 30 bort
883 636 202 36 upptäckas,
1106 635 65 30 och
1190 638 49 27 att
1256 635 10 29 i
1284 633 341 31 överensstämmelse

119 690 144 29 härmed
287 692 46 26 ett
353 688 154 36 fyllande
530 697 41 20 av
593 687 129 31 bristen
745 687 96 34 skall,
865 696 57 20 om
943 687 162 30 rättelsen
1129 686 87 29 skett
1239 685 222 34 omedelbart,
1484 685 142 28 komma

117 742 52 27 att
192 749 98 21 anses
315 748 75 21 som
414 742 46 28 ett
483 737 217 37 avskiljande
722 740 82 27 utan
827 737 179 36 obehörigt
1029 735 177 37 dröjsmål.
1233 734 51 32 Då
1307 735 119 30 vidare
1448 735 64 30 den
1536 734 89 30 före-

119 790 120 36 slagna
261 791 99 34 lagen
383 790 10 29 i
415 789 60 30 allt
497 788 61 31 fall
579 788 77 31 icke
677 787 185 36 lämpligen
887 787 64 30 bör
973 787 149 30 belastas
1144 787 79 29 med
1245 786 108 36 regler
1377 785 56 31 för
1453 786 106 29 annat
1581 785 45 29 än

117 840 165 31 ordinära
301 838 254 39 förhållanden,
576 838 115 31 avstår
711 838 56 37 jag
786 838 80 30 från
887 840 50 27 att
956 838 193 30 framställa
1168 836 115 37 någon
1301 835 233 37 anmärkning
1554 838 73 27 mot

120 891 163 36 förslaget
301 891 9 30 i
328 891 114 30 denna
461 890 63 35 del,
544 890 88 30 helst
651 899 74 20 som
746 890 54 29 det
819 888 106 36 enligt
942 888 72 30 min
1032 888 149 36 mening,
1203 886 113 32 såsom
1335 885 156 37 framgår
1508 896 42 21 av
1571 886 56 30 det

123 942 215 35 föregående,
358 950 81 20 vore
457 941 190 35 lyckligast,
668 949 56 21 om
744 941 99 34 lagen
860 940 71 29 helt
948 939 141 30 avstode
1106 938 81 30 från
1204 941 49 26 att
1271 937 222 30 beträffande
1513 937 113 30 denna

119 999 113 30 grupp
256 990 396 37 redovisningsskyldiga
677 990 129 36 reglera
830 991 62 29 fall
915 999 42 20 av
982 989 153 30 försenat
1158 987 226 35 avskiljande.

169 1042 80 30 Helt
282 1041 220 31 annorlunda
537 1043 39 29 är
607 1039 234 32 förhållandet
875 1039 221 31 beträffande
1131 1038 131 31 sådana
1296 1037 330 38 redovisningsskyl-

119 1092 91 37 diga,
239 1093 53 30 för
318 1093 93 30 vilka
435 1091 132 37 rättslig
594 1091 213 37 förpliktelse
834 1093 49 28 att
909 1089 94 31 hålla
1027 1093 177 33 mottagna
1230 1090 110 29 medel
1368 1088 158 31 avskilda
1553 1088 74 30 icke

121 1142 190 37 föreligger.
335 1143 108 30 Dessa
465 1143 89 30 hava
577 1142 126 30 valrätt
723 1142 125 34 mellan
871 1144 50 28 att
941 1144 85 27 utan
1047 1140 167 37 dröjsmål
1237 1139 147 37 avskilja
1405 1140 135 29 medlen
1562 1139 65 29 och

120 1193 148 31 sålunda
293 1193 175 31 bibehålla
490 1193 274 31 huvudmannen
786 1193 57 29 vid
867 1193 246 35 äganderätten
1137 1195 90 27 samt
1250 1193 49 29 att
1323 1191 114 30 städse
1461 1189 93 31 hålla
1578 1190 50 35 sig

122 1245 153 30 solventa
294 1245 65 30 och
380 1244 131 31 således
533 1244 131 30 likvida
684 1243 54 31 för
759 1246 177 33 mottagna
956 1243 135 36 belopp.
1115 1242 67 30 För
1204 1242 78 30 dem
1302 1242 146 29 innebär
1469 1239 157 32 underlå-

121 1295 160 30 tenheten
303 1298 49 27 att
370 1295 152 36 iakttaga
541 1295 305 29 bestämmelserna
867 1294 10 29 i
899 1293 109 31 första
1029 1294 149 35 styckets
1198 1292 106 31 första
1324 1292 115 36 punkt
1457 1291 110 36 aldrig
1586 1300 42 22 en

122 1346 205 36 rättsstridig
354 1355 109 22 mora.
491 1345 66 31 För
583 1355 42 20 en
655 1344 107 32 sådan
788 1343 385 37 redovisningsskyldig,
1201 1352 74 22 som
1303 1342 80 31 från
1409 1341 125 37 början
1559 1342 70 29 valt

120 1399 50 27 att
190 1397 30 35 ej
240 1396 148 36 avskilja
408 1396 136 30 medlen
563 1405 79 21 men
662 1404 119 21 senare
800 1405 41 20 av
859 1393 115 37 någon
995 1394 185 36 anledning
1199 1403 100 20 anser
1316 1393 80 30 med
1416 1393 74 30 sina
1508 1393 120 29 intres-

123 1456 59 21 sen
200 1456 93 20 mera
312 1446 163 35 förenligt
493 1449 48 28 att
560 1447 84 34 göra
663 1446 101 34 detta,
784 1444 110 31 måste
912 1445 56 29 det
989 1453 98 22 anses
1108 1452 84 22 vara
1210 1453 42 21 en
1269 1442 152 37 påtaglig
1440 1442 120 35 fördel,
1581 1444 48 28 att

122 1496 258 36 lagstiftningen
407 1496 161 36 erbjuder
595 1496 132 36 rättslig
753 1495 180 36 möjlighet
957 1495 129 35 härtill;
1114 1495 92 30 detta
1231 1494 77 30 sker
1332 1502 124 28 genom
1482 1493 146 30 bestäm-

122 1548 130 29 melsen
274 1548 10 29 i
305 1547 109 31 första
438 1547 147 35 styckets
607 1546 110 30 andra
738 1546 121 36 punkt,
885 1544 45 31 då
952 1545 74 31 däri
1047 1543 149 37 fastslås,
1219 1547 48 27 att
1289 1545 68 30 den
1377 1543 251 36 redovisnings-

122 1597 172 37 skyldiges
314 1597 154 36 ensidiga
489 1596 120 37 åtgärd
631 1600 49 27 att
701 1596 147 36 avskilja
867 1596 122 36 medel,
1011 1598 21 28 t.
1053 1605 50 21 ex.
1124 1596 153 29 medlens
1296 1593 189 38 insättning
1505 1594 10 29 i
1535 1594 92 29 bank

122 1647 45 37 på
183 1648 291 30 huvudmannens
493 1648 105 30 konto
616 1648 79 29 med
712 1646 193 31 bibehållen
927 1647 67 29 rätt
1012 1646 55 31 för
1085 1647 66 29 den
1169 1643 394 38 redovisningsskyldige
1581 1646 49 28 att

122 1698 138 36 förfoga
281 1700 81 29 över
382 1698 146 35 medlen,
553 1698 112 30 under
686 1697 248 37 förutsättning
955 1706 42 21 av
1021 1697 134 30 solvens
1177 1696 136 30 medför
1336 1695 197 37 sakrättslig
1556 1704 72 21 ver-

124 1751 69 29 kan
210 1750 49 30 till
275 1749 137 30 förmån
430 1750 53 29 för
499 1749 282 30 huvudmannen.
800 1749 63 29 Det
879 1749 97 30 torde
992 1749 87 29 dock
1096 1748 79 29 med
1192 1747 56 36 fog
1263 1748 120 29 kunna
1399 1745 230 37 ifrågasättas,

122 1808 58 22 om
201 1800 30 35 ej
252 1799 243 36 fordringarna
517 1798 44 37 på
583 1800 93 29 detta
698 1798 217 36 avskiljande
934 1798 187 36 lämpligen
1140 1798 107 30 borde
1266 1797 10 29 i
1296 1796 115 37 någon
1433 1794 82 32 mån
1535 1796 94 30 skär-

123 1859 72 26 pas,
216 1849 198 36 förslagsvis
434 1848 155 36 sålunda,
610 1852 49 27 att
680 1850 65 29 den
765 1848 394 37 redovisningsskyldige
1178 1848 57 29 vid
1254 1847 94 30 tiden
1366 1848 56 29 för
1443 1846 187 36 avskiljan-

126 1900 58 29 det
204 1899 272 36 uppenbarligen
499 1908 60 21 var
580 1899 10 29 i
611 1899 102 30 stånd
733 1902 48 27 att
802 1898 180 36 rätteligen
1002 1898 114 29 betala
1139 1898 45 29 all
1206 1897 52 30 sin
1278 1897 90 35 gäld.

170 1948 53 31 Då
250 1948 57 37 jag
338 1948 101 31 alltså
471 1958 108 26 anser,
613 1951 50 28 att
692 1948 107 31 första
830 1949 158 34 punkten
1020 1949 10 29 i
1061 1948 236 35 lagförslagets
1329 1947 111 30 första
1472 1947 117 36 stycke
1620 1947 9 28 i

125 1999 145 30 främsta
294 2002 150 26 rummet
469 2000 63 28 har
556 1999 169 31 avseende
750 1998 44 37 på
818 1999 41 29 de
885 1997 405 37 redovisningsskyldiga,
1317 2007 75 20 som
1418 1997 90 30 hava
1530 1997 99 29 rätts-

125 2049 45 36 lig
191 2049 212 36 förpliktelse
425 2052 48 28 att
495 2048 92 32 hålla
608 2049 291 30 huvudmannens
922 2049 110 30 medel
1055 2048 166 36 avskilda,
1245 2048 109 30 under
1375 2049 57 29 det
1452 2050 48 28 att
1521 2047 109 30 andra

127 2100 154 35 punkten
310 2100 10 29 i
350 2109 134 21 samma
515 2100 117 36 stycke
663 2103 133 27 snarast
823 2100 107 29 borde
961 2100 88 35 gälla
1080 2100 145 29 allenast
1255 2099 54 29 för
1336 2108 118 20 annan
1480 2097 149 30 redovis-

127 2148 244 39 ningsskyldig,
400 2159 101 27 synes
529 2150 219 35 lagförslaget
774 2151 84 28 böra
886 2149 37 30 så
948 2150 180 34 utformas,
1156 2152 48 27 att
1231 2149 105 29 därav
1366 2147 42 38 på
1436 2148 101 36 något
1566 2149 65 28 sätt

125 2200 162 38 framgår,
308 2203 47 27 att
377 2201 42 30 de
439 2200 89 31 båda
549 2201 225 30 alternativen
794 2201 74 29 icke
888 2201 60 29 äro
970 2200 10 29 i
1000 2200 67 30 allo
1087 2200 183 30 likställda.

171 2250 13 29 I
207 2249 96 36 fråga
323 2260 57 20 om
403 2250 179 35 förslagets
606 2250 116 35 övriga
744 2249 142 36 detaljer
909 2250 56 29 vill
989 2250 56 35 jag
1067 2250 144 29 allenast
1235 2248 186 30 framhålla
1443 2249 187 29 önskvärd-

128 2300 100 29 heten
260 2309 42 20 av
335 2303 48 27 att
418 2300 56 29 det
507 2300 77 29 med
620 2300 126 35 skärpa
780 2300 254 36 understrykes,
1069 2302 48 26 att
1150 2299 236 35 lagförslagets
1418 2297 214 37 ståndpunkt

126 2352 49 27 att
202 2350 185 34 godkänna
413 2348 232 37 avskiljandet
673 2351 85 28 även
786 2359 56 20 om
871 2349 288 35 bankräkningen
1187 2349 74 30 icke
1289 2349 138 29 försetts
1456 2349 77 29 med
1562 2349 69 28 sär-

127 2399 89 30 skild
241 2399 205 37 beteckning
471 2402 64 28 och
559 2400 137 30 banken
723 2400 30 36 ej
779 2400 106 29 heller
909 2399 97 36 eljest
1031 2399 63 31 fått
1120 2399 196 29 kännedom
1340 2408 57 20 om
1423 2398 209 35 räkningens

164 2465 108 30 Bihang
285 2465 40 24 till
336 2465 167 30 riksdagens
516 2465 144 30 protokoll
674 2466 73 23 1944.
775 2466 15 22 9
807 2465 79 24 saml.
926 2465 13 22 1
954 2464 56 23 avd.
1039 2464 38 22 Nr
1089 2465 39 23 27.
1585 2461 14 23 2
