1872 2784
482 185 253 29 Statsutskottets
757 182 161 28 utlåtande
938 189 39 18 nr
997 179 37 28 64
1055 180 35 27 år
1110 178 76 28 1963
1561 175 20 30 9

151 268 259 31 Markområdet
426 267 62 29 bör
506 265 163 38 upplåtas
687 264 52 30 till
758 262 173 31 stiftelsen
949 260 78 30 med
1046 258 168 34 tomträtt,
1233 255 119 31 varvid
1372 255 66 29 den
1457 252 122 37 avgäld

96 323 173 30 stiftelsen
289 321 90 30 skall
397 320 45 30 ha
460 322 52 27 att
531 319 137 36 erlägga
688 318 10 29 i
717 316 136 38 princip
875 323 101 29 synes
996 314 84 29 böra
1100 313 175 28 motsvara
1296 307 177 32 beräknad
1493 306 88 36 årlig

99 378 97 29 ränta
219 375 64 31 och
304 374 213 36 amortering
539 372 111 30 under
672 368 276 32 tomträttstiden
969 367 19 29 å
1012 368 48 28 ett
1081 365 125 36 belopp
1228 372 43 21 av
1294 370 133 22 samma
1452 359 130 31 storlek

100 440 75 21 som
196 431 57 29 det
272 429 122 39 bidrag
416 427 124 31 staden
563 426 136 30 lämnar
720 423 175 31 stiftelsen
916 422 12 29 i
950 419 116 31 stället
1089 418 54 30 för
1166 417 112 31 mark.
1300 414 282 41 Departements-

98 484 124 30 chefen
241 482 147 30 föreslår
407 480 120 30 därför
547 481 50 28 att
616 478 146 30 marken
782 476 175 30 överföres
978 474 52 29 till
1050 470 369 40 byggnadsstyrelsens
1442 467 141 30 förvalt-

99 538 92 36 ning,
211 536 151 31 varefter
383 535 56 29 det
457 534 63 30 bör
540 533 188 29 ankomma
750 530 43 37 på
815 529 169 37 styrelsen
1003 529 52 28 att
1075 527 10 29 i
1108 525 193 30 samarbete
1322 522 77 30 med
1420 520 163 32 vederbö-

100 591 106 29 rande
230 588 227 31 kommunala
481 594 109 29 organ
613 585 138 36 vidtaga
778 583 54 29 för
857 579 287 40 genomförandet
1169 588 42 20 av
1235 574 350 38 tomträttsupplåtel-

101 653 60 21 sen
185 642 225 37 erforderliga
434 640 171 37 åtgärder.
630 636 225 39 Uppförande
880 644 42 21 av
946 643 43 21 en
1013 632 159 38 byggnad
1199 631 53 30 för
1277 627 307 33 bostadsändamål

102 698 42 37 på
166 698 63 29 här
251 694 265 38 ifrågavarande
539 692 101 30 mark
662 691 97 30 torde
782 689 78 30 med
884 689 138 35 hänsyn
1044 686 52 30 till
1119 687 51 28 att
1191 685 71 29 viss
1286 683 54 30 del
1363 692 42 20 av
1427 681 159 30 området

101 760 48 21 nu
167 751 38 29 är
222 749 128 31 avsedd
370 748 53 29 för
441 748 108 29 annat
567 744 163 31 ändamål
751 742 187 31 förutsätta
958 740 148 36 ändring
1125 739 10 29 i
1155 737 159 38 gällande
1334 735 191 37 stadsplan.

158 813 76 29 Med
259 812 138 36 hänsyn
422 810 52 29 till
501 809 79 30 SJ:s
608 807 164 36 ställning
799 805 114 30 såsom
939 800 282 33 affärsdrivande
1246 799 85 30 verk
1356 798 61 30 bör
1444 796 65 31 full
1536 805 51 20 er-

104 866 152 36 sättning
283 864 82 37 utgå
394 864 53 29 för
474 862 121 30 värdet
623 870 42 21 av
692 860 57 30 det
776 858 178 30 överlåtna
982 855 167 31 området.
1178 853 117 31 Under
1323 850 194 31 beaktande
1546 858 42 21 av

102 920 66 30 vad
196 917 315 37 bostadsstyrelsen
539 915 117 30 anfört
686 922 101 28 synes
815 911 121 30 värdet
962 910 84 29 böra
1074 908 213 30 bestämmas
1315 905 52 30 till
1398 904 72 35 1,63
1498 903 90 30 mkr.

104 973 161 30 Markens
298 968 335 38 iordningställande
666 975 123 29 genom
824 962 349 40 spåromflyttningar
1207 962 62 28 etc.
1302 959 62 30 bör
1396 956 192 32 emellertid

105 1027 162 30 bekostas
292 1034 42 21 av
359 1024 52 31 SJ.
445 1022 112 31 Medel
582 1022 55 29 för
660 1017 267 42 ifrågavarande
953 1014 194 40 ersättning
1172 1023 56 21 om
1255 1012 72 35 1,68
1353 1011 89 30 mkr.
1467 1009 54 30 till
1547 1009 41 30 SJ

107 1089 102 21 anser
226 1075 387 44 departementschefen
630 1075 84 29 böra
733 1072 139 31 anvisas
890 1072 81 29 över
989 1070 202 29 riksstaten.
1209 1068 103 29 Detta
1329 1065 97 30 torde
1444 1065 73 29 inte
1535 1063 56 29 be-

107 1134 89 30 höva
214 1133 59 30 ske
291 1131 121 31 förrän
429 1128 205 40 budgetåret
653 1126 152 32 1964/65.
823 1126 65 28 Det
904 1124 63 30 bör
983 1123 191 30 ankomma
1189 1120 45 41 på
1251 1116 341 43 järnvägsstyrelsen

108 1189 51 28 att
178 1187 11 30 i
210 1187 113 29 sinom
343 1184 50 31 tid
414 1184 82 39 göra
517 1180 261 39 framställning
799 1179 134 29 härom.

160 1248 126 31 Vidare
307 1247 62 30 bör
391 1246 41 30 SJ
456 1244 235 31 tillförsäkras
714 1243 69 29 rätt
805 1243 51 28 att
878 1248 123 29 genom
1024 1237 285 35 dotterföretaget
1331 1233 261 31 Rimbobanans

107 1299 381 40 fastighetsaktiebolag
525 1307 43 20 av
605 1294 300 38 domänstyrelsen
943 1293 53 29 för
1033 1288 308 33 bostadsändamål
1376 1286 131 38 inköpa
1545 1287 48 28 ett

108 1354 243 31 markområde
368 1361 57 21 om
443 1361 40 21 ca
501 1351 62 30 450
578 1351 63 30 000
659 1351 48 27 m?
726 1349 9 29 i
754 1346 316 37 Rinkeby-skogen.
1088 1342 206 31 Återstoden
1312 1350 42 21 av
1370 1341 138 29 kronan
1526 1338 67 30 till-

108 1409 98 36 hörig
227 1407 102 30 mark
350 1407 95 29 inom
467 1403 306 37 Rinkeby-skogen
795 1400 97 30 torde
915 1400 9 28 i
948 1399 67 29 den
1036 1398 84 29 mån
1142 1396 66 30 den
1230 1394 177 31 erfordras
1431 1393 54 29 för
1508 1401 85 28 upp-

110 1462 143 30 förande
275 1470 43 20 av
340 1459 137 36 statliga
500 1457 238 30 institutioner
761 1463 44 20 m.
820 1463 45 20 m.
889 1461 120 21 senare
1033 1451 35 29 få
1091 1449 177 30 överföras
1293 1447 78 30 från
1394 1446 200 36 domänsty-

110 1516 130 29 relsens
259 1514 52 29 till
330 1510 370 40 byggnadsstyrelsens
720 1506 223 36 förvaltning.

165 1578 64 29 Det
257 1575 97 30 torde
383 1574 107 36 enligt
518 1569 403 40 departementschefens
949 1567 141 35 mening
1120 1565 34 29 få
1182 1564 188 30 ankomma
1398 1562 41 39 på
1469 1560 126 37 Kungl.

111 1630 104 37 Maj:t
232 1631 51 28 att
305 1629 5 29 i
328 1626 235 36 huvudsaklig
581 1622 346 33 överensstämmelse
946 1620 78 29 med
1044 1619 41 30 de
1104 1618 149 37 angivna
1272 1615 224 37 riktlinjerna
1516 1613 80 37 god-

111 1684 116 29 känna
245 1681 226 36 erforderliga
489 1679 91 30 avtal
599 1687 57 21 om
674 1674 374 38 tomträttsupplåtelse
1067 1672 64 30 och
1150 1669 324 36 markförsäljning.
1494 1667 103 30 Vida-

112 1747 35 20 re
166 1736 95 30 torde
279 1734 125 37 Kungl.
422 1733 106 37 Maj:t
545 1732 84 30 böra
647 1729 226 38 bemyndigas
891 1729 50 28 att
959 1727 86 29 även
1064 1726 9 29 i
1092 1725 111 36 övrigt
1219 1723 139 36 vidtaga
1377 1722 41 30 de
1436 1720 162 38 åtgärder

112 1791 64 29 och
197 1788 157 31 meddela
376 1787 41 30 de
439 1785 230 34 föreskrifter,
692 1792 74 21 som
787 1782 72 29 kan
878 1781 73 29 visa
975 1780 50 36 sig
1046 1777 226 36 erforderliga
1294 1776 10 29 i
1328 1774 168 31 samband
1519 1773 76 30 med

116 1841 287 42 genomförandet
425 1849 43 20 av
489 1834 405 44 departementschefens
917 1833 142 38 förslag.

170 1957 173 30 Utskottet
365 1956 64 28 har
452 1954 30 36 ej
509 1953 118 30 funnit
650 1952 105 35 något
777 1952 50 28 att
850 1949 114 30 erinra
988 1949 72 27 mot
1084 1946 124 36 Kungl.
1233 1944 123 36 Maj:ts
1381 1943 130 35 förslag
1535 1941 62 29 och

115 2010 209 34 hemställer,

438 2072 50 28 att
508 2069 188 38 riksdagen
717 2066 57 30 må
794 2064 208 40 bemyndiga
1024 2062 125 39 Kungl.
1170 2060 106 39 Maj:t
1296 2061 49 28 att

440 2124 27 28 1.
498 2121 187 40 godkänna
715 2119 92 30 avtal
837 2117 129 30 mellan
995 2113 352 42 byggnadsstyrelsen
1377 2111 65 29 och
1473 2109 130 30 Stiftel-

382 2186 60 20 sen
461 2174 221 32 Stockholms
700 2170 306 31 studentbostäder
1024 2177 57 21 om
1099 2166 193 40 upplåtelse
1312 2164 110 30 under
1440 2163 161 30 tomträtt

383 2229 7 29 i
409 2228 165 36 fastighet
591 2224 244 31 motsvarande
854 2224 8 28 i
879 2221 186 30 huvudsak
1083 2218 200 31 nuvarande
1301 2219 172 28 tomterna
1491 2224 42 20 nr
1552 2215 49 34 10,

385 2282 35 29 11
439 2281 65 29 och
523 2280 39 29 12
580 2280 10 28 i
608 2279 175 29 kvarteret
801 2276 138 30 Stinsen
956 2275 109 38 jämte
1083 2274 48 28 ett
1148 2271 141 30 område
1308 2279 55 20 om
1381 2278 40 20 ca
1441 2268 94 29 1600
1554 2268 48 28 m?

383 2343 41 20 av
444 2333 187 35 stadsägan
651 2339 40 20 nr
713 2331 12 27 1
750 2330 8 28 i
780 2327 216 33 Stockholm;

441 2396 29 29 9,
500 2394 136 30 besluta
665 2401 56 20 om
752 2390 211 39 försäljning
992 2397 42 20 av
1063 2389 47 28 ett
1139 2385 141 30 område
1309 2393 56 20 om
1395 2393 38 20 ca
1463 2382 63 30 450
1542 2381 62 30 000

386 2450 45 27 m?
461 2448 94 28 inom
587 2446 66 29 den
683 2445 70 28 s.k.
786 2441 303 37 Rinkeby-skogen
1119 2440 7 28 i
1160 2437 203 37 Danderyds
1392 2436 130 37 köping
1552 2435 51 29 till

385 2500 259 31 Rimbobanans
665 2494 395 39 fastighelsaktiebolag;
