2187 2707
391 198 39 28 60
897 199 248 43 Lag-Utskottets
1174 201 158 33 Utlåtande
1356 203 64 32 N:o
1442 204 50 32 27.

391 276 266 50 samfällighet,
686 279 10 36 i
727 279 153 38 hvilken
911 281 126 49 hvarje
1068 282 213 49 deltagares
1309 284 218 50 skyldighet
1555 300 67 35 pro
1643 294 81 31 rata
1745 296 106 41 parte
1872 292 125 38 blefve

390 329 76 35 lika
494 330 85 36 med
608 331 128 48 hvarje
766 345 152 32 annans,
949 333 109 37 äfven
1088 348 60 22 om
1177 335 71 36 den
1278 349 68 23 ene
1377 338 91 35 eller
1488 339 70 35 den
1588 340 116 37 andre
1732 341 58 36 för
1817 343 56 36 sin
1888 345 107 48 jords

390 380 230 50 förbättring
661 383 132 36 endast
834 384 162 37 behöfde
1039 399 43 23 en
1126 386 61 36 del
1216 386 40 37 af
1280 388 63 36 det
1372 389 100 36 hela:
1502 393 39 33 så
1569 392 158 36 innebär
1756 394 131 38 sådant
1917 396 80 37 helt

390 433 138 44 enkelt,
558 439 55 30 att
643 447 45 22 en
717 448 86 34 eger
831 442 77 30 rätt
936 443 55 30 att
1019 438 131 48 tvinga
1178 439 116 36 andra
1322 440 58 35 till
1409 441 127 36 arbete
1566 443 69 36 och
1666 444 159 37 kostnad
1855 446 56 37 för
1941 454 55 31 ett

387 482 163 51 företag,
588 485 41 36 af
660 486 145 37 hvilket
832 507 48 3 —
908 492 121 33 såsom
1068 496 44 29 ett
1150 490 78 36 helt
1260 511 39 3 —
1333 492 83 45 han,
1446 506 83 23 men
1558 494 74 37 icke
1661 496 45 35 de
1736 497 95 37 hade
1860 498 133 38 fördel.

387 535 65 36 Ett
481 536 134 37 sådant
643 538 212 49 stadgande
884 553 90 23 vore
1003 541 181 48 derjemte
1213 541 234 39 främmande
1476 544 58 37 för
1562 546 134 37 hittills
1725 550 174 46 gällande
1919 552 76 48 lag-

387 587 175 50 stiftning
589 590 11 34 i
630 597 136 29 ämnet.

487 639 84 37 Men
600 640 40 36 af
665 642 65 36 det
758 642 110 37 ofvan
898 643 169 47 anförda,
1097 646 69 35 och
1196 659 60 22 om
1285 646 105 38 detta
1411 655 40 28 är
1470 649 145 49 rigtigt,
1636 650 110 48 följer
1761 653 141 47 jemväl
1923 655 69 36 och

387 690 58 40 för
486 692 56 35 det
570 694 130 44 andra,
735 699 66 39 att,
835 704 48 39 på
915 702 75 30 sätt
1016 696 462 39 Revisionssekreteraren
1507 701 233 38 Annerstedt
1767 705 10 34 i
1807 705 78 45 sitt,
1913 705 82 50 Nya

384 741 358 50 Lagberedningens
783 745 142 48 förslag
967 747 175 48 bifogade
1185 750 182 34 särskilda
1399 753 176 44 yttrande
1604 754 122 45 yrkat,
1754 756 239 45 skyldigheten

386 799 49 29 att
464 793 141 49 deltaga
634 794 14 36 i
675 795 150 49 dikning
854 798 125 35 endast
1007 799 61 35 bör
1096 798 151 49 åläggas
1276 801 68 35 den
1373 801 81 36 eller
1480 803 89 45 dem,
1586 816 126 36 genom
1733 805 138 37 hvilkas
1891 808 102 35 mark

385 844 94 36 diket
516 852 186 40 upptages.
756 847 56 35 Då
849 848 45 36 de
932 850 228 48 rättigheter
1193 852 69 35 och
1291 851 271 50 förpligtelser,
1591 868 79 22 som
1699 857 9 34 i
1740 856 176 38 afseende
1945 863 46 44 på

385 900 55 31 ett
477 896 329 51 dikningsföretag
843 899 126 36 kunna
1006 901 150 36 komma
1186 903 10 34 i
1233 902 116 49 fråga,
1379 905 10 34 i
1419 917 45 22 en
1496 906 222 48 jordegares
1751 908 239 50 berättigade

384 948 134 46 åtgärd
561 954 55 30 att
656 948 59 36 för
748 950 57 35 sin
829 951 107 47 jords
964 951 230 50 förbättring
1222 962 168 41 upptaga
1419 956 86 36 dike
1535 971 68 35 ega
1631 959 55 34 sin
1715 958 276 52 förutsättning

383 999 70 35 och
474 1000 204 48 anledning
693 1020 47 4 —
755 1005 41 32 så
816 1003 137 45 kunna,
971 1017 58 22 om
1051 1018 84 22 man
1156 1005 81 36 från
1258 1009 292 47 rättssynpunkt
1568 1010 65 34 vill
1654 1010 207 37 bestämma
1882 1013 108 36 dessa

381 1049 350 49 ifrågakommande
768 1054 227 48 rättigheter
1025 1056 68 35 och
1124 1056 267 49 förpligtelser,
1420 1060 228 48 rättigheter
1683 1062 132 36 endast
1843 1067 38 32 så
1902 1065 87 36 vida

382 1102 246 36 tillerkännas
658 1104 83 45 den,
771 1118 79 22 som
878 1107 66 34 vill
973 1107 99 43 dika,
1103 1108 69 35 och
1202 1115 78 29 mot
1309 1110 107 35 dessa
1444 1112 183 35 svarande
1656 1112 256 49 förpligtelser
1932 1115 58 36 för

381 1153 117 35 andra
533 1155 162 48 åläggas,
730 1169 80 22 som
838 1157 97 36 båda
964 1165 137 41 utgöra
1130 1159 114 36 vilkor
1271 1160 60 36 för
1359 1167 55 30 ett
1443 1163 317 49 ändamålsenligt
1788 1165 199 38 utförande

380 1203 40 35 af
444 1205 72 34 den
545 1205 121 36 förres
694 1219 87 35 nyss
809 1209 163 35 nämnda
999 1210 238 47 berättigade
1266 1212 88 47 vilja
1383 1214 69 34 och
1484 1214 135 44 beslut,
1646 1216 92 35 eller
1758 1218 228 36 åtminstone

379 1255 85 35 med
494 1255 106 36 dessa
628 1257 124 36 vilkor
780 1263 63 31 äro
863 1258 193 49 förenade.
1112 1261 118 36 Deraf
1254 1262 110 48 följer
1392 1263 47 36 då
1467 1265 82 43 ock,
1579 1271 54 30 att
1654 1279 60 22 om
1736 1267 250 38 omförmälda

378 1305 270 51 förpligtelser,
679 1310 118 47 enligt
826 1310 80 48 Nya
934 1310 356 51 Lagberedningens
1319 1315 68 34 och
1418 1314 134 49 Kongl.
1582 1316 122 48 Maj:ts
1724 1317 260 51 föreliggande

377 1356 156 50 förslag,
562 1359 107 35 bestå
710 1361 10 33 i
762 1362 232 47 upplåtande
1028 1363 40 35 af
1101 1365 103 34 mark
1233 1364 57 36 för
1319 1366 123 36 dikets
1472 1367 256 49 fortsättning,
1758 1370 66 35 der
1852 1371 133 36 sådant

377 1407 59 36 för
472 1415 166 31 vattnets
675 1411 191 50 afledning
902 1413 152 45 tarfvas,
1088 1421 96 30 samt
1212 1416 10 34 i
1252 1416 225 49 deltagande
1505 1419 11 35 i
1546 1419 219 47 dikningen,
1795 1422 10 34 i
1835 1425 82 32 mån
1947 1423 40 36 af

377 1465 107 42 nytta
525 1461 116 45 deraf,
683 1475 141 23 samma
865 1463 257 51 förpligtelser
1155 1467 80 35 icke
1264 1468 127 36 kunna
1419 1469 110 36 träffa
1558 1471 127 45 andra,
1715 1479 44 28 än
1790 1472 71 36 den
1892 1474 91 35 eller

377 1510 97 45 dem,
504 1512 145 36 hvilkas
679 1514 105 35 mark
812 1515 122 48 ligger
963 1517 203 36 nedanföre
1196 1518 102 46 dens,
1333 1532 79 23 som
1433 1521 64 34 vill
1519 1521 97 46 dika,
1640 1523 69 35 och
1730 1536 138 35 genom
1889 1525 94 36 hvil-

375 1562 65 35 kas
470 1564 103 34 mark
601 1570 147 30 vattnet
777 1566 95 35 skall
900 1567 138 36 afledas
1067 1568 81 36 från
1178 1570 72 35 den
1279 1569 172 37 ofvanför
1479 1573 186 48 liggande.
1725 1574 143 37 Endast
1896 1577 84 35 med

376 1625 109 35 egare
523 1614 58 35 till
618 1615 114 35 sådan
771 1618 104 34 mark
909 1617 182 37 behöfver
1124 1621 187 47 nemligen
1341 1622 84 45 den,
1455 1636 81 22 som
1563 1625 66 34 vill
1658 1625 98 44 dika,
1787 1627 9 33 i
1825 1627 70 34 och
1924 1627 58 35 för

375 1664 226 49 dikningens
631 1665 212 47 utförande,
874 1669 109 35 träda
1011 1671 10 34 i
1050 1670 345 38 rättsförhållande.
1449 1673 14 36 I
1487 1673 390 40 öfverensstämmelse
1898 1678 83 36 här-

374 1715 85 35 med
501 1719 78 32 står
620 1717 70 35 ock
731 1731 49 22 nu
810 1720 175 46 gällande
1014 1722 62 47 lag
1104 1722 68 35 och
1203 1723 115 35 derur
1347 1726 202 35 utvecklad
1577 1728 152 45 rättslig
1756 1730 139 46 praxis,
1925 1735 55 30 att

372 1766 185 36 nedanför
594 1768 175 47 liggande
800 1771 107 46 jords
945 1785 110 35 egare
1084 1780 40 28 är
1152 1774 150 49 skyldig
1331 1780 55 31 att
1415 1776 86 35 dika
1530 1778 124 35 undan
1698 1780 67 34 der
1806 1778 173 37 ofvanför

371 1818 196 48 liggandes
613 1820 86 35 dike
741 1828 121 28 möter
898 1822 91 36 hans
1019 1824 115 43 mark,
1166 1825 195 37 hvaremot
1389 1830 121 45 någon
1540 1829 83 47 laga
1652 1830 216 48 skyldighet
1896 1832 83 35 der-

372 1868 163 47 igenom,
566 1875 55 31 att
650 1884 42 22 en
724 1874 20 32 å
772 1873 55 34 sin
857 1874 105 35 mark
987 1881 187 42 upptager
1195 1876 97 45 dike,
1313 1878 75 35 lika
1409 1879 84 35 litet
1513 1884 158 43 uppstår
1690 1882 58 35 för
1770 1881 207 47 ofvanföre,

372 1932 79 22 som
480 1919 58 37 för
566 1924 48 44 på
642 1922 106 35 sidan
776 1924 177 48 liggande
983 1927 123 35 marks
1135 1940 121 34 egare.
1311 1927 148 50 Möjligt
1492 1938 40 27 är
1560 1932 233 48 visserligen,
1823 1939 54 30 att
1906 1934 72 35 den

371 1970 163 37 dikande
575 1973 72 35 kan
690 1987 68 33 ega
800 1975 119 36 behof
955 1976 40 35 af
1033 1977 134 49 bidrag
1208 1979 56 35 till
1307 1979 205 49 dikningen
1555 1981 108 37 äfven
1693 1983 40 36 af
1758 1984 107 36 dessa
1893 1986 84 35 sist-

370 2023 174 44 nämnda,
586 2024 189 49 nemligen
817 2027 10 34 i
870 2027 67 35 den
970 2029 161 47 mening,
1161 2035 55 30 att
1245 2043 43 22 en
1319 2031 69 35 kan
1418 2034 111 34 vinna
1557 2034 144 35 lättnad
1733 2036 11 34 i
1774 2035 201 37 utförande

370 2072 40 36 af
449 2079 55 30 ett
532 2074 158 49 företag,
727 2089 59 23 om
816 2078 116 35 andra
961 2079 79 36 deri
1072 2088 63 27 äro
1166 2081 137 35 honom
1333 2082 240 49 behjelpliga,
1602 2098 85 23 men
1716 2099 44 22 ur
1788 2087 188 48 befintlig-

370 2124 113 36 heten
513 2125 40 35 af
577 2131 54 31 ett
660 2127 122 48 dylikt
810 2129 215 37 ekonomiskt
1053 2131 105 48 behof
1176 2131 40 36 af
1233 2132 99 48 hjelp
1354 2133 109 46 lärer,
1485 2148 44 22 ur
1549 2140 132 33 rättens
1701 2139 206 47 synpunkt,
1929 2152 45 22 en

369 2179 212 44 tvångsrätt
609 2184 56 29 att
693 2179 176 36 utkräfva
898 2181 161 48 hjelpen,
1089 2184 10 34 i
1128 2182 246 38 förevarande
1403 2185 65 36 fall
1491 2187 75 35 lika
1594 2186 93 46 litet,
1713 2202 80 22 som
1813 2190 10 34 i
1845 2190 127 44 andra,

368 2226 128 36 kunna
517 2241 105 23 anses
642 2229 102 48 följa.
786 2230 198 38 Likaledes
1005 2241 51 34 är,
1078 2237 20 31 å
1118 2234 115 36 andra
1254 2235 118 45 sidan,
1393 2243 56 29 att
1469 2238 177 45 erkänna,
1664 2239 65 36 det
1744 2245 107 44 nytta
1867 2240 40 35 af
1919 2247 55 29 ett

369 2277 87 39 dike
486 2278 73 37 kan
597 2284 137 44 uppstå
769 2281 109 37 äfven
908 2283 83 36 med
1022 2284 175 37 afseende
1226 2289 48 45 på
1303 2286 173 37 ofvanför
1504 2289 69 35 och
1603 2293 47 45 på
1670 2291 103 35 sidan
1795 2286 178 58 liggande
