2196 2688
713 206 85 42 Lug-
808 206 151 31 Utskottets
986 205 160 32 Utlåtande
1169 205 65 32 N:o
1257 207 49 30 27.
1774 209 37 28 59

207 294 77 32 rätt
324 290 67 35 har
425 287 148 37 derföre
602 289 8 34 i
642 288 53 35 sin
726 287 161 36 nämnda
915 286 197 50 betydelse
1142 287 54 35 sin
1226 286 134 48 grund,
1392 299 81 22 men
1505 286 67 35 ock
1603 286 55 35 sin
1687 293 123 40 gräns.

207 342 72 35 Det
308 349 39 27 är
377 341 202 46 nemligen,
613 339 97 36 hvad
743 338 252 50 nyssnämnda
1024 346 112 40 gräns
1165 341 126 44 angår,
1321 338 109 46 klart,
1460 343 56 30 att
1544 338 46 35 da
1618 338 195 35 inskränk-

206 394 134 46 ningar
383 393 8 33 i
435 391 71 36 den
549 391 190 35 enskildes
779 396 80 29 rätt
893 397 63 28 äro
991 389 137 48 följder
1162 388 40 36 af
1226 389 64 35 det
1318 388 198 48 oafvisliga
1544 389 194 35 afseendet
1767 393 46 44 på

207 444 116 35 andra
351 463 48 3 —
429 443 170 35 enskilda
628 442 91 35 eller
747 447 121 30 staten
897 461 59 21 —,
986 454 79 22 som
1095 441 67 35 ock
1194 454 68 33 ega
1282 440 238 47 rättigheter,
1542 440 144 35 hvilkas
1706 440 108 35 verk-

209 496 69 46 liga
324 493 219 48 åtnjutande
588 493 70 35 och
701 492 173 46 utöfning
907 491 169 36 medföra
1106 491 153 35 fordran
1289 490 37 36 af
1352 491 319 46 inskvänkningen
1700 491 10 34 i
1740 491 71 35 den

208 546 135 35 andres
381 549 86 40 rätt,
505 548 35 31 så
584 545 70 34 blir
683 542 110 37 häraf
819 550 52 28 ett
901 543 185 46 sjelfklart
1116 543 253 43 corollarium,
1400 547 53 30 att
1482 542 72 35 den
1583 542 230 35 sistnämnda

209 597 318 47 inskränkningen
558 596 91 34 eller
678 594 403 48 tvångsskyldigheten
1111 594 121 47 aldrig
1260 594 237 45 rättvisligen
1526 593 70 35 kan
1628 594 150 47 åläggas
1803 593 9 34 i

209 654 120 30 större
367 646 240 48 omfattning,
647 653 44 28 än
726 659 79 22 som
834 645 58 35 för
919 644 246 48 uppfyllande
1196 644 38 35 af
1259 645 61 34 det
1350 645 174 47 rättsliga
1551 644 126 43 behof,
1707 644 106 35 hvari

210 700 71 35 den
312 699 65 35 har
406 699 57 34 sin
492 698 134 47 grund,
657 705 40 27 är
725 696 211 42 föranledd,
967 697 91 35 eller
1087 696 85 35 med
1201 696 115 35 andra
1346 695 80 43 ord,
1447 701 55 29 att
1521 695 293 35 rättsinskränk-

208 752 152 47 ningen,
391 727 229 70 åliggandet,
651 748 131 35 endast
811 750 40 33 så
877 748 80 35 vidt
986 752 40 31 är
1060 747 227 46 berättigad,
1313 760 79 21 som
1413 747 70 34 den
1517 747 127 35 länder
1660 746 53 35 till
1729 747 86 35 dens

199 797 139 57 fördel,
375 778 172 70 nemligen
584 800 13 34 i
630 800 61 35 och
712 798 66 49 för
806 798 209 46 utöfvandet
1044 798 44 48 af
1110 778 113 55 hans
1229 803 80 38 rätt,
1338 810 72 23 som
1433 797 157 48 fordrar
1619 798 79 42 den,
1729 810 84 22 men

209 853 183 41 deremot,
423 850 150 36 utöfver
603 850 123 35 denna
759 857 123 40 gräns,
917 850 72 34 blir
1018 863 44 21 en
1092 827 217 69 kränkning
1333 848 39 35 af
1397 849 90 34 dens
1516 852 88 39 rätt,
1634 861 78 22 som
1742 848 73 35 fått

209 904 73 35 den
312 903 56 47 sig
398 901 146 49 påförd.

309 933 71 56 Till
410 954 123 34 denna
562 952 249 36 konstitutiva
842 951 122 48 grund
994 950 58 36 för
1081 950 206 47 stadgande
1316 949 39 36 af
1379 955 76 30 rätt
1484 955 55 30 att
1567 950 62 34 vid
1659 949 156 43 dikning

209 1006 127 46 tvinga
379 1005 117 34 andra
537 1009 53 29 att
634 1003 162 46 deltaga,
838 1003 102 34 såväl
974 1015 78 22 som
1086 1001 59 35 för
1166 975 309 77 bestämmandet
1504 1000 38 35 af
1566 1008 163 40 gränsen
1756 996 58 40 för

209 1035 123 57 denna
368 1060 227 43 tvångsrätt,
633 1054 170 35 kommer
840 1054 181 46 derjemte
1060 1066 42 22 en
1140 1052 281 48 omständighet
1450 1051 38 36 af
1513 1029 170 70 praktisk
1712 1051 104 49 bety-

210 1108 114 44 delse,
356 1120 83 22 men
468 1105 162 47 derföre,
658 1105 63 35 vid
752 1117 44 23 en
825 1103 407 49 lagstiftningsåtgärd,
1263 1104 29 46 ej
1316 1081 145 57 mindre
1482 1104 130 47 vigtig.
1660 1100 70 38 Om
1752 1103 63 35 det

209 1160 10 34 i
250 1158 207 36 allmänhet
486 1161 59 31 må
574 1169 106 23 anses
709 1160 122 31 såsom
862 1169 44 21 en
927 1156 122 46 rigtig
1068 1155 114 48 regel,
1204 1161 48 28 att
1273 1155 31 45 ej
1322 1155 144 47 vidtaga
1492 1155 87 42 flera
1602 1154 82 35 eller
1702 1160 112 29 större

210 1210 205 45 ändringar
452 1209 13 35 i
497 1208 186 36 bestående
712 1207 103 47 lagar
844 1207 61 35 och
935 1205 357 48 rättsförhållanden,
1322 1210 46 31 än
1396 1205 124 48 nödigt
1549 1210 59 36 är;
1637 1208 39 32 så
1704 1205 109 35 torde

210 1261 122 35 denna
361 1260 108 47 regel
496 1258 270 36 företrädesvis
796 1271 66 34 ega
891 1258 269 46 användning
1150 1252 19 59 i
1190 1257 135 35 sådana
1356 1257 178 41 ärenden,
1563 1269 80 22 som
1672 1256 64 35 det
1763 1269 49 21 nu

210 1311 301 47 ifrågavarande,
541 1310 66 35 der
635 1287 290 80 tillämpningen
956 1308 39 35 af
1020 1287 109 69 lagen
1157 1308 168 47 ständigt
1352 1308 10 34 i
1393 1308 63 34 det
1484 1285 204 70 alldagliga
1709 1306 107 36 lifvet

210 1362 255 37 förekommer
495 1361 70 35 och
595 1360 37 36 af
658 1361 148 47 menige
836 1373 95 30 man,
960 1360 10 34 i
1000 1359 200 35 skötandet
1229 1358 39 36 af
1293 1359 79 35 sina
1400 1357 170 36 enskilda
1586 1337 230 68 angelägen-

212 1414 117 44 heter,
366 1413 93 35 skall
497 1413 76 35 ske.
629 1411 14 35 I
680 1389 139 58 sådana
847 1410 64 36 fall
941 1410 109 36 hafva
1078 1410 189 46 nemligen
1295 1409 205 36 bestående
1523 1384 160 76 positiva
1712 1385 104 71 lagar

210 1465 58 35 till
296 1465 74 35 viss
399 1464 93 48 grad
522 1465 10 33 i
560 1462 138 36 folkets
727 1462 250 35 medvetande
1007 1440 208 69 öfvergått
1225 1461 58 34 till
1302 1456 289 67 likbetydenhet
1612 1460 83 34 med
1717 1439 98 56 hvad

211 1528 80 23 som
322 1516 10 34 i
360 1516 57 47 sig
445 1522 40 28 är
515 1520 86 37 rätt,
632 1514 68 35 och
731 1514 128 46 hvarje
887 1512 222 45 förändring
1137 1513 9 34 i
1177 1512 44 35 de
1250 1511 101 35 förra
1379 1510 188 37 medförer
1596 1510 127 36 derför
1750 1511 65 35 all-

211 1567 56 35 tid
297 1567 67 34 den
393 1543 214 70 olägenhet,
637 1571 54 29 att
720 1565 58 34 till
808 1577 43 22 en
882 1564 73 35 viss
984 1563 90 48 grad
1086 1544 277 54 "åstadkomma
1399 1562 204 48 förvirring
1638 1562 68 35 och
1737 1570 79 27 osä-

210 1618 137 34 kerhet
375 1618 10 33 i
416 1598 64 54 det
508 1594 188 57 allmänna
733 1596 368 54 rättsmedvetandet.
1156 1613 72 35 Vid
1260 1627 44 22 en
1332 1613 237 47 lagstiftning
1581 1592 56 55 "af
1654 1613 162 34 nämnda

211 1675 58 28 art
297 1667 73 36 blir
399 1668 64 35 det
492 1666 127 36 derför
648 1667 107 34 alltid
784 1679 44 21 en
857 1664 127 50 gifven
1013 1664 133 45 fördel,
1172 1666 41 46 ju
1237 1644 154 56 mindre
1401 1665 71 34 den
1493 1677 71 34 nya
1584 1664 108 47 lagen
1713 1664 104 34 kom-

211 1732 79 22 mer
327 1725 56 29 att
419 1718 191 36 innehålla
646 1716 247 49 stadganden,
931 1722 178 29 motsatta
1145 1716 91 35 eller
1264 1715 232 36 främmande
1525 1714 58 35 för
1612 1715 95 43 dem,
1737 1727 80 22 som

211 1770 105 35 förut
352 1770 97 35 varit
487 1768 188 49 gällande,
709 1769 40 46 ju
789 1780 77 22 mer
904 1767 45 35 de
981 1766 100 36 förra
1110 1766 206 36 framträda
1344 1769 122 33 såsom
1495 1766 158 35 allenast
1682 1778 45 22 en
1756 1778 61 22 na-

212 1821 119 47 turlig
360 1821 68 35 och
459 1798 199 69 lättfattlig
688 1819 218 47 utveckling
935 1817 39 36 af
998 1818 45 35 de
1072 1818 241 35 sistnämnda.

307 1849 63 57 Af
395 1872 63 34 det
487 1871 115 48 sagda
630 1851 120 82 följer,
771 1871 67 46 för
866 1871 56 34 det
946 1869 130 47 första,
1107 1875 66 38 att,
1203 1869 66 35 der
1288 1868 58 36 för
1367 1867 191 36 afförande
1580 1880 135 34 genom
1737 1867 80 35 dik-

212 1924 91 46 ning
341 1922 39 36 af
404 1903 145 55 vatten
565 1921 81 36 från
676 1924 143 45 någons
843 1920 86 60 jord
963 1919 151 43 tarfvas,
1144 1898 55 57 att
1227 1920 103 35 diket
1358 1918 196 36 fortsättes
1575 1898 138 56 äfven
1705 1931 36 22 in
1770 1921 47 45 på

214 1987 140 22 annans
392 1987 102 34 egor,
533 1973 83 44 den,
651 1986 80 22 som
760 1973 66 34 vill
853 1976 92 44 göra
973 1971 116 43 diket,
1118 1972 82 35 icke
1229 1984 87 33 eger
1344 1976 77 30 rätt
1450 1976 55 29 att
1533 1971 128 46 tvinga
1690 1969 127 45 andra,

214 2038 79 22 som
319 2024 141 47 jemväl
488 2024 40 36 af
553 2002 103 57 diket
684 2022 111 36 hafva
823 2002 118 69 nytta,
975 2023 56 34 till
1062 2000 224 71 deltagande
1315 2022 10 34 1
1355 2027 119 29 större
1504 1997 238 75 omfattning,
1772 2028 45 27 än

214 2076 122 35 denna
364 2081 108 42 nytta
500 2075 193 47 verkligen
722 2074 58 35 för
809 2074 83 35 dem
920 2074 120 34 finnes
1060 2074 69 42 till,
1154 2073 237 47 följaktligen
1410 2073 82 34 icke
1512 2072 58 35 till
1591 2049 227 69 deltagande

213 2128 10 33 i
267 2134 121 27 större
430 2127 60 34 del
528 2125 37 36 af
592 2125 116 44 diket,
739 2132 45 28 än
821 2137 79 22 som
928 2123 58 36 för
1023 2102 231 70 förbättring
1290 2123 37 35 af
1362 2123 105 35 deras
1500 2123 86 47 jord
1623 2096 194 77 behöfves.

213 2176 223 36 Utsträckes
478 2177 172 35 deremot
691 2154 260 70 tvångsrätten
994 2174 222 36 härutöfver
1253 2175 69 35 och
1361 2174 161 57 stadgas,
1561 2179 55 30 att
1648 2176 39 32 så
1715 2179 104 29 snart

215 2232 115 44 några
359 2227 111 37 hafva
498 2233 107 42 nytta
634 2227 40 36 af
698 2227 98 43 dike,
826 2226 45 35 de
901 2226 120 35 skulle
1051 2226 140 34 kännas
1220 2226 172 56 skyldiga
1417 2230 55 29 att
1500 2226 10 32 i
1530 2224 78 35 hela
1628 2224 190 47 diknings-

216 2258 69 56 ON
269 2284 191 43 'etaget,
465 2282 101 32 såsom
597 2284 55 30 ett
680 2278 173 35 odelbart
883 2277 129 43 helt,
1012 2277 139 47 deltaga
1180 2277 129 34 eller
1296 2271 23 60 i
1339 2275 174 36 afseende
1543 2275 88 36 derå
1650 2275 104 35 bilda
1774 2287 43 23 en
