1870 2790
603 173 314 31 Bankoutskottets
944 173 179 30 utlåtande
1139 175 54 28 nr
1218 174 40 30 37
1285 174 39 29 år
1351 175 84 29 1959

270 259 146 29 lemmar
440 259 69 29 kan
532 258 99 30 rådet
654 257 105 31 också
782 258 79 30 med
886 258 58 31 två
966 258 229 39 tredjedelars
1219 258 117 30 flertal
1361 258 145 34 besluta,
1530 261 53 28 att
1607 260 163 30 debatten

268 309 59 20 om
346 309 43 20 en
408 300 69 30 viss
498 301 63 28 sak
582 300 89 29 skall
691 300 166 33 avslutas.
879 300 65 30 Om
966 300 125 31 sådana
1112 300 139 40 förslag
1271 301 70 29 kan
1362 301 118 29 debatt
1499 301 76 35 icke
1596 303 64 38 äga
1680 311 89 20 rum.

975 376 15 35 8
1014 377 49 29 15.

315 434 338 30 Rekommendation
673 435 70 29 kan
765 435 10 28 i
797 435 74 33 sak,
894 444 74 21 som
993 436 38 29 är
1053 435 152 39 uppförd
1226 435 45 40 på
1293 435 182 35 saklistan,
1497 436 154 30 beslutas
1675 436 95 30 inom

270 485 122 21 ramen
418 476 55 30 för
499 476 312 40 regeringsförslag
836 477 83 29 eller
947 477 301 40 medlemsförslag
1276 478 84 29 eller
1387 478 56 30 för
1470 478 301 40 ändringsförslag

270 518 83 29 eller
377 518 272 40 tilläggsförslag
673 519 63 29 och
760 519 10 29 i
796 518 112 40 övrigt
932 519 11 29 i
968 519 347 31 överensstämmelse
1341 520 79 29 med
1446 520 140 39 förslag,
1613 520 53 30 till
1691 530 79 21 vars

270 561 223 38 upptagande
509 560 99 29 rådet
625 561 183 38 samtyckt.
829 560 131 31 Sådant
977 561 179 39 samtycke
1174 562 124 29 kräves
1317 562 115 34 också,
1451 563 44 29 då
1515 563 149 29 medlem
1682 563 89 30 först

269 603 112 28 under
402 603 164 29 debatten
585 612 55 20 om
661 603 107 29 saken
788 603 120 30 ställer
927 603 132 40 förslag
1078 603 53 29 till
1151 604 336 34 rekommendation,
1509 613 75 21 som
1605 605 75 29 icke
1701 605 69 29 för-

270 644 129 30 anletts
417 654 41 20 av
476 645 65 29 vad
557 645 173 29 utskottet
747 645 180 30 hemställt
945 646 10 28 i
974 646 119 29 saken.
1503 656 2 2 |

313 686 120 30 Beslut
459 695 56 21 om
540 687 326 29 rekommendation
890 687 106 30 fattas
1022 695 123 31 genom
1170 687 158 40 votering
1353 688 147 30 medelst
1525 698 245 31 namnupprop

270 728 89 29 efter
388 729 286 30 medlemslistan.
705 729 65 30 Vid
800 731 283 38 namnuppropet
1113 739 120 22 svaras
1265 730 88 39 »ja»,
1390 730 98 39 »nej»
1521 731 84 30 eller
1637 732 133 29 >»röstar

270 770 108 29 icke>.
401 770 336 30 Rekommendation
758 771 65 29 har
843 771 164 39 antagits,
1030 773 64 28 när
1116 772 85 30 flere
1222 773 111 29 röstat
1355 773 56 29 för
1432 774 44 29 än
1499 775 72 27 mot
1594 773 175 40 förslaget.

314 812 179 39 Föreligga
516 812 11 29 i
550 822 43 20 en
617 814 61 28 sak
701 813 88 30 flera
812 813 193 40 oförenliga
1029 814 132 39 förslag
1184 814 52 30 till
1260 815 337 34 rekommendation,
1621 816 149 30 bestäm-

269 863 75 20 mer
362 854 223 39 presidenten
607 855 11 28 i
635 855 117 30 vilken
772 855 150 40 ordning
940 857 202 38 voteringen
1163 857 89 30 skall
1273 857 185 39 företagas.
1479 858 122 29 Denna
1622 858 149 39 ordning

270 896 90 29 skall
377 896 223 39 presidenten
618 897 133 39 delgiva
770 897 99 30 rådet
888 898 103 30 såvitt
1008 898 138 39 möjligt
1164 898 74 30 före
1258 899 173 33 debatten,
1451 900 89 31 dock
1559 902 117 28 senast
1695 900 75 30 före

268 938 224 39 röstningens
517 939 136 39 början.
1169 950 2 3 |
1503 949 2 6 !

971 1008 15 36 8
1013 1008 49 30 16.

313 1064 64 30 Val
403 1065 183 39 företages,
613 1065 43 30 då
681 1066 79 30 vald
786 1066 150 30 medlem
963 1068 57 29 det
1047 1067 134 34 kräver,
1209 1075 124 31 genom
1361 1068 157 39 votering
1546 1069 78 29 med
1653 1069 116 29 slutna

268 1107 202 29 röstsedlar.
487 1107 97 30 Falla
600 1108 157 30 rösterna
774 1108 82 34 lika,
873 1109 104 38 avgör
994 1109 119 29 lotten.
1130 1109 67 29 Till
1213 1110 55 30 val
1285 1109 108 39 enligt
1412 1110 15 36 8
1447 1110 16 29 7
1483 1111 65 29 och
1567 1110 15 37 8
1603 1111 39 29 10
1659 1111 111 30 första

268 1148 137 39 stycket
425 1149 98 29 skola
543 1149 300 39 delegationernas
865 1150 263 35 arbetsutskott,
1150 1151 93 31 vilka
1265 1152 228 30 omförmälas
1515 1152 10 29 i
1550 1152 15 37 $
1591 1153 50 33 25,
1664 1152 107 31 fram-

268 1190 101 39 lägga
390 1191 140 39 förslag.
1143 1209 3 4 :
1512 1220 3 3 E

973 1260 15 36 8
1011 1261 50 29 17.

313 1317 14 29 I
345 1318 114 29 andra
479 1318 62 29 fall
566 1319 45 29 än
632 1319 88 33 dem,
743 1328 75 21 som
841 1320 60 29 äro
923 1320 154 29 nämnda
1100 1321 11 30 i
1134 1319 15 37 8
1176 1321 38 29 15
1237 1320 84 30 eller
1346 1319 15 38 8
1388 1321 49 33 16,
1461 1321 89 29 skall
1573 1322 196 38 avgörande

268 1359 61 29 ske
354 1367 125 31 genom
502 1360 114 40 öppen
640 1360 166 40 votering,
831 1360 44 30 då
899 1370 73 20 mer
996 1362 45 29 än
1067 1363 49 28 ett
1138 1361 133 40 förslag
1294 1362 65 29 har
1384 1362 208 31 framställts
1618 1364 82 29 eller
1725 1363 45 30 då

269 1401 80 30 vald
375 1402 149 29 medlem
550 1402 57 29 det
632 1403 133 31 kräver.
792 1403 131 29 Finner
948 1403 166 40 presidiet
1140 1404 44 39 på
1210 1405 114 38 grund
1351 1414 42 20 av
1419 1405 174 30 särskilda
1620 1406 76 29 skäl
1721 1407 49 28 ett

267 1443 198 38 avgörande
483 1443 76 30 icke
577 1444 230 40 erforderligt,
827 1445 71 30 kan
919 1445 223 40 presidenten
1160 1447 89 29 dock
1267 1446 185 31 underlåta
1472 1448 51 29 att
1541 1449 153 38 upptaga
1713 1448 57 29 det

268 1484 238 40 föreliggande
527 1487 208 38 spörsmålet
754 1487 53 29 till
828 1488 167 39 votering.

312 1527 122 40 Öppen
460 1528 158 39 votering
645 1528 171 40 försiggår
845 1537 123 32 genom
997 1531 50 28 att
1076 1530 276 30 medlemmarna
1381 1540 78 21 resa
1486 1531 61 40 sig.
1576 1532 75 29 Den
1680 1532 90 30 skall

268 1569 83 34 visa,
377 1570 91 29 huru
494 1571 126 38 många
645 1581 42 20 av
711 1572 41 29 de
776 1572 219 30 närvarande
1021 1581 75 21 som
1124 1573 111 29 röstat
1260 1573 166 39 antingen
1454 1573 75 39 »ja»
1558 1574 82 29 eller
1668 1574 99 39 »>nej>

268 1612 83 29 eller
370 1612 144 30 avhållit
534 1613 52 38 sig
606 1613 79 29 från
704 1615 49 28 att
772 1615 106 28 rösta.
899 1614 95 30 Falla
1014 1615 160 29 rösterna
1192 1615 82 33 lika,
1295 1615 65 29 har
1379 1615 223 39 presidenten
1623 1616 148 39 utslags-

269 1655 83 29 röst.
371 1654 186 31 Erfordras
575 1655 58 30 vid
651 1656 202 38 voteringen
871 1665 73 21 mer
963 1657 44 29 än
1026 1666 43 20 en
1085 1656 229 40 omröstning,
1334 1657 91 30 skall
1443 1658 65 30 vad
1527 1658 10 28 i
1559 1657 14 37 $
1598 1658 37 30 15
1657 1657 113 40 tredje

268 1696 136 39 stycket
427 1697 140 39 stadgas
590 1698 64 39 äga
678 1697 233 41 tillämpning.

313 1738 66 30 Om
400 1739 79 30 vald
501 1740 149 29 medlem
673 1740 125 30 kräver
820 1741 67 33 det,
910 1740 89 30 skall
1023 1741 10 29 i
1057 1741 116 30 stället
1195 1741 55 30 för
1272 1742 114 39 öppen
1411 1742 157 39 votering
1591 1742 179 30 användas

267 1781 158 39 votering
444 1782 78 29 med
542 1791 245 31 namnupprop
807 1783 89 29 efter
914 1783 158 39 reglerna
1091 1783 10 29 i
1124 1783 15 36 8
1163 1784 37 29 15
1221 1784 110 29 andra
1351 1784 145 39 stycket.

973 1867 15 37 8
1011 1867 49 30 18.

314 1924 75 30 Råd
410 1925 64 30 och
494 1926 136 30 utskott
651 1927 59 28 äro
731 1926 298 39 beslutsmässiga,
1052 1928 64 28 när
1137 1926 107 30 minst
1266 1926 136 30 hälften
1424 1936 43 21 av
1488 1927 41 30 de
1552 1927 100 30 valda
1677 1927 93 29 med-

267 1967 196 29 lemmarna
479 1968 60 29 äro
556 1967 180 31 tillstädes.
754 1968 70 29 När
842 1968 108 39 enligt
968 1968 15 36 $
1005 1969 38 29 10
1062 1969 111 29 andra
1190 1969 136 38 stycket
1344 1969 147 39 stadgan
1508 1969 149 30 allenast
1677 1969 92 29 med-

267 2009 149 29 lemmar
435 2009 79 30 från
533 2009 94 31 vissa
646 2010 120 30 länder
786 2010 138 39 deltaga
943 2012 12 29 i
974 2020 42 20 en
1037 2011 82 29 saks
1140 2010 222 39 behandling,
1385 2012 60 29 äro
1465 2011 62 30 råd
1548 2012 65 29 och
1635 2011 134 29 utskott

265 2050 299 40 beslutsmässiga,
588 2053 65 28 när
677 2052 108 30 minst
808 2052 136 30 hälften
966 2060 45 22 av
1035 2053 101 29 dessa
1161 2053 139 29 länders
1329 2053 100 30 valda
1455 2053 228 30 medlemmar
1709 2053 60 29 äro

266 2093 184 30 tillstädes.

970 2161 15 37 8
1008 2162 49 30 19.

312 2220 65 29 Vid
397 2220 116 29 rådets
533 2221 118 29 möten
671 2220 94 30 föras
787 2228 124 31 genom
932 2221 258 29 sekreterarens
1210 2221 137 39 försorg
1368 2220 184 40 protokoll,
1574 2230 75 20 som
1670 2220 99 30 skola

266 2262 179 30 innehålla
468 2262 256 39 stenografiska
748 2263 131 30 referat
902 2272 43 21 av
967 2262 324 39 förhandlingarna.
1318 2262 223 30 Protokollen
1566 2262 98 30 skola
1689 2262 80 39 god-

266 2305 137 29 kännas
426 2314 42 21 av
486 2304 176 40 presidiet.

312 2347 246 30 Sekreteraren
577 2346 112 40 sörjer
707 2347 54 30 för
780 2348 51 28 att
849 2347 220 40 protokollen
1088 2347 48 29 bli
1153 2346 148 40 tryckta,
1321 2348 99 28 utom
1439 2346 41 30 de
1499 2346 95 30 delar
1615 2355 75 21 som
1707 2354 62 21 an-

267 2388 42 40 gå
328 2389 267 39 förhandlingar
615 2389 95 30 inom
730 2390 117 38 lyckta
866 2389 133 30 dörrar.
