2220 2624
656 192 116 31 Andra
795 191 221 39 lagutskottets
1039 187 166 32 utlåtande
1230 187 49 30 Nr
1307 189 45 27 14.
1789 181 19 29 3

967 293 20 34 5
1011 266 37 78 8.

318 375 127 36 Skulle
473 373 145 36 mindre
646 369 198 39 bemedlad
873 367 227 49 sinnessjuk,
1130 379 80 23 som
1241 365 162 48 åtnjuter
1430 363 165 48 lindring
1622 363 11 35 i
1661 363 150 35 kostna-

215 427 72 36 den
317 427 57 35 för
401 423 305 49 sinnessjukvård
736 423 120 47 enligt
884 420 123 36 denna
1036 419 75 47 lag,
1140 418 152 35 komma
1319 417 11 35 i
1359 414 222 37 förändrade
1610 414 201 36 förhållan-

214 478 85 47 den,
341 480 61 33 må
437 476 215 48 Jlindringen
683 479 92 31 utan
803 471 133 38 hinder
964 484 46 22 av
1039 471 99 35 förut
1166 468 190 36 meddelat
1382 467 124 36 beslut
1529 465 161 49 jämkas,
1719 465 93 36 efter

216 543 81 22 som
327 529 140 47 skäligt
493 528 129 35 finnes.

322 580 131 35 Därest
500 580 93 34 hans
639 575 247 38 ekonomiska
931 572 179 47 ställning
1156 574 40 32 så
1242 570 229 45 förbättrats,
1518 573 53 30 att
1614 567 74 35 han
1729 566 83 36 icke

216 633 131 47 längre
376 636 40 30 är
444 635 52 31 att
523 643 89 23 anse
640 632 123 33 såsom
793 625 144 38 mindre
966 623 208 45 bemedlad,
1203 626 92 44 äger
1323 619 409 49 fattigvårdsstyrelsen
1759 623 53 30 att

216 697 46 22 av
304 683 137 36 honom
483 687 130 42 uttaga
655 679 209 47 ersättning
901 677 58 36 för
986 675 73 36 vad
1090 671 423 51 fattigvårdssamhället
1541 670 120 48 enligt
1690 669 123 36 denna

216 736 66 48 lag
324 735 70 35 fått
433 734 210 36 vidkännas
672 733 11 35 i
712 730 160 37 kostnad
914 729 58 35 för
1014 724 370 50 sinnessjukvården,
1414 726 40 34 så
1487 724 111 35 framt
1627 721 186 49 styrelsen

217 788 83 36 icke
328 787 120 35 fin.:er
476 785 82 36 skäl
585 785 56 35 till
670 783 181 48 eftergitt.

321 837 207 48 Angående
569 836 103 35 talan
714 848 60 22 om
816 830 315 39 utbekommande
1160 842 46 23 av
1236 827 221 48 ersättning,
1487 839 80 23 som
1596 825 67 36 här
1691 837 122 33 avses,

220 890 97 36 skall
357 889 69 35 vad
458 889 11 35 i
499 890 45 34 67
574 886 20 49 8
621 887 12 35 i
662 887 111 47 lagen
816 898 59 22 om
918 881 254 49 fattigvården
1201 885 40 31 är
1268 879 152 48 stadgat
1447 883 73 43 äga
1547 875 268 38 motsvarande

218 941 249 49 tillämpning.

979 1004 20 34 6
1030 1001 32 49 8.

325 1095 124 37 Sådan
489 1093 164 48 lindring
694 1092 11 36 i
746 1089 161 38 kostnad
949 1089 59 36 för
1049 1085 319 50 sinnessjukvård,
1397 1098 81 23 som
1516 1082 153 38 beredes
1698 1081 120 49 enligt

223 1148 123 36 denna
373 1147 74 48 lag,
478 1146 93 36 skall
600 1145 82 36 icke
710 1142 192 38 betraktas
931 1144 124 33 såsom
1084 1137 218 50 fattigvård.

978 1251 85 49 78

327 1335 208 49 Angående
576 1334 142 48 klagan
745 1333 12 35 i
786 1331 72 37 mål
900 1329 71 37 och
1003 1328 175 46 ärenden,
1208 1340 82 37 som
1318 1324 205 38 behandlas
1551 1324 11 35 i
1592 1323 123 36 denna
1742 1317 76 57 hag,

223 1389 95 36 skall
355 1388 11 36 i
403 1386 224 49 tillämpliga
666 1385 102 36 delar
804 1383 101 50 gälla
932 1380 74 37 vad
1034 1381 10 35 i
1074 1380 112 48 lagen
1215 1392 61 22 om
1307 1375 250 50 fattigvården
1581 1374 153 49 stadgas
1764 1373 57 36 för

224 1439 264 38 motsvarande
514 1438 77 36 fall.

980 1503 21 34 8
1031 1500 30 50 8.

329 1595 82 37 Vad
438 1595 12 35 i
479 1594 123 36 denna
629 1593 64 48 lag
720 1592 120 35 finnes
869 1587 223 38 föreskrivet
1120 1585 194 49 angående
1342 1582 211 38 beredande
1582 1595 45 23 av
1656 1581 166 47 lindring

226 1649 12 35 i
266 1647 210 37 kostnaden
504 1646 57 36 för
589 1640 308 52 sinvessjukvård
927 1640 119 48 gäller
1074 1643 94 31 även
1187 1636 233 38 beträffande
1439 1634 89 37 vård
1549 1648 46 22 av
1616 1633 207 37 sinnesslöa

227 1700 70 37 och
340 1697 272 49 fallandesjuka
649 1699 20 33 å
706 1700 126 31 staten
864 1693 88 36 eller
979 1690 194 48 landsting
1201 1688 191 49 tillhöriga
1420 1686 286 49 sinnessjukhus
1737 1685 88 36 eller

227 1752 179 36 anstalter
447 1750 57 36 för
544 1748 209 37 sinnesslöa
793 1747 90 35 eller
924 1748 20 33 å
986 1742 169 37 enskilda
1192 1741 178 36 anstalter
1407 1739 56 36 för
1499 1738 208 36 sinnesslöa
1735 1736 90 37 eller

230 1802 284 50 fallandesjuka,
542 1800 103 36 vilka
682 1799 146 48 åtnjuta
864 1795 229 47 statsbidrag
1120 1794 88 36 eller
1236 1793 107 36 blivit
1372 1792 57 36 för
1456 1789 212 38 ändamålet
1695 1788 128 37 veder-

227 1855 171 48 börligen
426 1853 216 49 godkända;
672 1851 97 36 dock
797 1854 55 32 att
879 1849 11 36 i
919 1849 107 47 fråga
1055 1860 60 23 om
1142 1844 92 37 vård
1263 1858 46 22 av
1338 1843 205 37 sinnesslöa
1571 1847 96 31 samt
1686 1840 139 37 sådana

229 1906 286 49 fallandesjuka,
544 1905 103 36 vilka
679 1908 64 31 äro
776 1903 158 47 intagna
961 1903 20 33 å
1010 1896 410 52 epileptikeranstalter,
1449 1894 164 48 lindring
1641 1893 95 36 skall
1764 1892 61 36 be-

228 1959 108 38 redas
378 1964 94 31 även
513 1971 59 23 om
614 1953 299 39 anstaltsvården
945 1952 88 37 eller
1061 1949 225 50 sjukdomen
1315 1948 30 50 ej
1376 1946 164 38 fortfarit
1566 1945 119 37 under
1713 1945 12 35 i
1756 1946 17 34 1
1804 1942 20 51 $

231 2012 162 48 angiven
421 2010 64 36 tid.

335 2209 134 37 Denna
496 2208 65 48 lag
587 2205 124 37 träder
737 2204 11 36 i
777 2203 100 37 kraft
905 2202 71 39 den
1008 2203 18 34 1
1052 2199 150 51 januari
1234 2199 108 36 1920.
