1882 2796
254 162 20 29 4
700 163 262 29 Statsutskottets
985 163 165 28 utlåtande
1175 172 35 18 nr
1239 164 68 28 177.

256 237 90 31 Från
380 237 100 31 dessa
512 238 291 41 utgångspunkter
835 236 223 33 verkställdes
1092 238 57 30 det
1183 236 326 42 utredningsarbete,
1533 247 72 20 som
1627 236 54 40 låg
1704 236 49 30 till

258 287 109 41 grund
393 288 54 31 för
472 288 309 37 försvarsbeslutet,
809 288 62 32 och
897 290 71 29 mot
994 288 109 31 denna
1129 287 231 42 uppläggning
1387 299 40 19 av
1454 287 116 40 frågan
1596 286 159 31 anfördes

258 338 29 40 ej
314 338 76 31 från
414 338 198 42 riksdagens
639 339 74 31 sida
736 340 111 40 någon
873 337 142 32 erinran.

309 388 69 32 Det
404 388 112 32 kunde
542 389 101 31 alltså
668 389 221 37 konstateras,
918 389 176 31 framhölle
1122 388 383 41 departementschefen,
1533 389 48 29 att
1606 407 42 3 —
1674 389 83 29 även

259 450 53 19 om
348 439 228 32 kostnaderna
612 440 53 30 för
700 440 166 31 försvaret
902 440 53 31 för
989 439 94 31 tiden
1120 440 87 30 efter
1231 439 370 41 femårsprogrammets
1627 449 130 30 genom-

259 489 142 32 förande
428 490 145 40 angivits
601 490 12 30 i
642 490 79 31 1942
749 492 52 29 års
829 490 266 31 försvarsbeslut
1120 509 42 3 —
1189 490 93 31 detta
1307 489 114 31 beslut
1448 488 72 32 icke
1548 489 210 30 innefattade

257 541 105 40 något
382 539 327 42 principavgörande
730 540 142 31 rörande
895 540 444 41 försvarsorganisationens
1362 539 208 41 gestaltning
1591 539 52 31 för
1665 539 93 31 tiden

259 590 87 31 efter
369 590 203 41 budgetåret
598 590 144 32 1946/47.
779 591 104 30 Helst
907 590 105 31 borde
1038 590 238 31 förutnämnda
1301 590 251 41 framställning
1577 589 75 31 från
1678 589 81 41 flyg-

259 640 252 42 förvaltningen
532 643 167 39 upptagas
721 641 10 30 i
753 641 60 31 sitt
834 640 164 32 samband
1020 641 75 30 med
1118 641 116 40 frågan
1257 651 53 20 om
1330 640 88 31 huru
1440 640 319 41 försvarsorganisa-

260 691 117 31 tionen
403 691 11 31 i
440 691 266 41 fortsättningen
731 691 109 31 skulle
865 702 80 20 vara
970 691 178 31 utformad.
1186 691 53 30 Då
1265 691 110 31 denna
1402 691 94 40 fråga
1521 690 123 31 krävde
1671 690 89 41 ingå-

259 742 86 31 ende
367 742 63 31 och
451 742 240 31 tidskrävande
714 741 266 42 överväganden,
1002 741 120 31 medan
1145 741 343 41 flygförvaltningens
1511 741 249 40 framställning

258 792 108 32 borde
391 794 140 40 avgöras
557 792 105 31 redan
687 792 107 31 under
818 792 119 41 loppet
961 803 40 20 av
1025 792 227 31 innevarande
1277 791 176 41 budgetår,
1480 793 123 39 ansåge
1629 791 54 41 sig
1708 792 51 30 de-

259 843 331 41 partementschefen
617 843 104 31 redan
747 843 12 30 i
786 843 93 31 detta
905 842 240 41 sammanhang
1170 842 83 31 böra
1279 842 127 31 föreslå
1431 842 126 41 Kungl.
1585 842 100 41 Maj:t
1712 844 48 29 att

260 893 211 32 underställa
494 893 181 41 riksdagen
701 893 65 31 den
790 904 40 20 av
855 893 326 41 flygförvaltningen
1207 893 117 31 väckta
1349 893 127 41 frågan.
1512 893 50 30 På
1586 893 109 41 grund
1721 904 39 19 av

259 944 64 31 vad
341 955 83 30 nyss
443 943 130 32 anförts
592 946 118 39 syntes
730 944 57 31 det
805 944 374 41 departementschefen
1197 943 164 41 naturligt
1379 945 58 36 att,
1457 943 103 31 innan
1579 943 181 41 riksdagen

260 996 124 40 ansåge
409 995 53 41 sig
484 994 113 32 kunna
619 997 79 39 taga
722 994 163 41 ställning
907 994 55 31 till
986 996 48 30 ett
1057 994 128 41 förslag
1208 994 11 31 1
1243 996 121 35 ämnet,
1391 994 181 41 riksdagen
1595 994 80 31 ville
1700 996 61 39 äga

259 1047 112 39 någon
397 1045 190 31 kännedom
613 1056 54 20 om
694 1045 40 32 de
760 1045 179 41 riktlinjer,
967 1045 86 32 efter
1077 1045 91 31 vilka
1194 1045 428 41 försvarsorganisationen
1648 1044 112 32 kunde

259 1095 120 32 tänkas
397 1094 92 33 bliva
507 1096 171 31 utformad
696 1096 107 31 under
820 1095 96 32 tiden
934 1097 147 30 närmast
1101 1096 87 30 efter
1205 1095 65 31 den
1287 1095 147 41 löpande
1454 1095 306 41 femårsperiodens

260 1146 78 31 slut.
370 1146 155 32 Givetvis
544 1146 113 31 kunde
677 1146 12 31 i
709 1146 92 31 detta
818 1146 194 31 hänseende
1032 1157 45 20 nu
1097 1146 143 31 allenast
1260 1146 93 31 bliva
1371 1146 96 40 fråga
1485 1157 53 19 om
1556 1145 204 42 tidpunkten

260 1197 54 30 för
343 1196 66 32 den
437 1196 183 41 utredning
648 1196 11 31 i
688 1198 120 36 ämnet,
838 1207 74 20 som
940 1196 153 41 tydligen
1122 1196 98 31 bleve
1249 1196 211 41 erforderlig,
1490 1196 189 31 direktiven
1709 1196 52 31 för

261 1247 193 31 densamma
477 1247 61 31 och
561 1249 104 29 sättet
687 1247 53 30 för
761 1247 78 31 dess
862 1246 190 31 utförande.

312 1297 19 31 I
358 1297 212 32 sistnämnda
595 1297 167 31 avseende
789 1308 80 20 vore
897 1297 58 31 det
981 1308 39 20 ur
1046 1299 119 38 många
1192 1297 211 41 synpunkter
1427 1316 43 3 —
1496 1297 30 40 ej
1555 1297 105 31 minst
1685 1297 76 31 med

259 1347 134 41 hänsyn
414 1347 54 31 till
489 1347 243 41 lämpligheten
752 1358 40 20 av
812 1349 50 29 att
882 1346 103 32 vinna
1006 1346 110 32 direkt
1137 1347 197 41 anslutning
1354 1347 54 31 till
1430 1347 65 31 den
1516 1347 146 41 löpande
1684 1347 77 31 fem-

260 1397 221 42 årsperioden
500 1417 43 3 —
563 1397 170 37 önskvärt,
755 1396 196 32 framhåller
972 1396 382 42 departementschefen,
1378 1408 53 19 om
1453 1396 57 31 det
1531 1396 136 42 förslag,
1690 1407 71 20 som

259 1448 114 32 kunde
393 1449 132 31 komma
544 1450 49 30 att
614 1448 130 41 framgå
762 1459 73 21 som
856 1448 144 32 resultat
1018 1459 40 20 av
1078 1448 235 40 utredningen,
1334 1448 113 31 kunde
1469 1448 190 41 föreläggas
1682 1448 78 31 1947

261 1501 54 30 års
344 1499 147 41 riksdag.
530 1498 121 42 Enligt
679 1498 391 41 departementschefens
1099 1498 137 41 mening
1263 1498 106 31 borde
1399 1498 218 32 eftersträvas
1647 1500 50 32 att
1725 1500 38 30 så

260 1549 113 32 kunde
395 1547 68 34 ske.
496 1549 228 32 Fördenskull
744 1549 105 31 borde
872 1548 225 41 utredningen
1119 1546 209 43 igångsättas
1351 1550 37 29 så
1410 1551 94 29 snart
1525 1559 72 21 som
1618 1549 142 41 möjligt.

261 1598 45 33 Åt
341 1599 323 32 överbefälhavaren
698 1599 86 31 hade
820 1599 373 41 departementschefen
1229 1599 114 31 därför
1368 1599 54 31 för
1445 1601 111 39 någon
1581 1599 51 31 tid
1658 1599 104 32 sedan

261 1650 185 42 uppdragit
470 1652 50 30 att
543 1649 181 32 förbereda
749 1661 41 20 en
815 1649 95 42 dylik
935 1649 191 41 utredning.
1164 1649 152 32 Sålunda
1341 1649 217 33 utarbetades
1583 1650 92 31 inom
1700 1650 63 31 för-

261 1700 281 41 svarsledningen
568 1700 383 41 organisationsförslag
975 1702 43 39 på
1042 1700 165 41 grundval
1233 1711 40 19 av
1299 1699 204 42 strategiska
1526 1700 236 31 bedömanden

262 1751 62 31 och
350 1751 110 32 under
482 1750 298 42 hänsynstagande
804 1750 55 33 till
885 1750 274 32 erfarenheterna
1184 1750 74 31 från
1283 1750 57 31 det
1365 1750 175 42 pågående
1564 1750 111 41 kriget
1700 1751 62 31 och

261 1801 53 31 till
337 1801 450 41 utvecklingstendenserna.
822 1801 69 31 Det
914 1803 116 39 syntes
1054 1800 374 42 departementschefen
1450 1801 163 41 lämpligt,
1638 1802 50 30 att
1711 1801 52 30 för

262 1852 65 31 den
352 1852 160 31 fortsatta
534 1851 227 41 utredningen
785 1851 169 31 särskilda
978 1850 210 41 sakkunniga
1211 1851 206 31 tillkallades
1443 1851 91 31 inom
1559 1851 203 32 försvarsde-

261 1904 235 40 partementet.
527 1902 69 32 Det
613 1913 80 20 vore
714 1901 391 42 departementschefens
1125 1901 111 31 avsikt
1254 1903 49 29 att
1322 1901 11 31 i
1353 1901 110 31 sinom
1482 1901 51 31 tid
1553 1901 62 32 hos
1635 1901 125 41 Kungl.

261 1953 102 41 Maj:t
384 1951 180 34 hemställa
585 1964 54 20 om
659 1951 272 42 bemyndigande
952 1952 124 31 härtill.

313 2003 70 32 Vid
407 2003 226 41 utredningen
655 2003 98 31 bleve
776 2003 66 37 det,
866 2002 194 32 framhåller
1083 2002 382 41 departementschefen,
1490 2014 41 19 en
1554 2002 107 42 viktig
1683 2014 80 30 upp-

260 2055 63 41 gift
352 2055 50 31 att
432 2054 79 31 söka
540 2052 192 43 ytterligare
764 2064 141 31 anpassa
936 2053 179 33 försvarets
1147 2053 224 40 organisation
1393 2053 61 31 och
1475 2053 183 42 inriktning
1679 2054 84 31 efter

264 2105 275 32 erfarenheterna
566 2105 75 31 från
670 2105 56 31 det
752 2116 46 20 nu
825 2104 175 42 pågående
1027 2104 118 41 kriget.
1185 2104 110 31 Dessa
1323 2104 238 38 erfarenheter,
1591 2115 73 20 som
1693 2104 70 32 ofta

260 2157 71 32 icke
365 2167 80 21 vore
480 2155 165 42 entydiga,
680 2157 104 30 måste
819 2155 158 40 granskas
1012 2156 61 31 och
1108 2165 121 21 sovras.
1266 2155 52 31 De
1354 2157 103 29 måste
1493 2155 158 31 bedömas
1688 2155 75 31 med

262 2207 133 42 hänsyn
411 2209 100 40 tagen
525 2207 55 31 till
594 2208 74 30 vårt
683 2206 97 32 lands
797 2206 160 42 speciella
974 2206 236 31 förhållanden
1226 2206 61 31 och
1304 2205 218 32 ekonomiska
1537 2205 224 42 möjligheter.

261 2259 68 31 Det
351 2257 150 32 material
525 2258 61 31 och
611 2257 42 31 de
676 2257 182 38 slutsatser,
884 2267 73 21 som
981 2256 223 32 framkommit
1228 2267 71 21 som
1323 2254 140 34 resultat
1488 2267 39 21 av
1552 2256 65 31 den
1641 2267 45 20 nu
1711 2257 51 39 på-

262 2309 131 41 gående
416 2309 226 40 utredningen
665 2308 92 31 inom
780 2307 344 41 försvarsledningen,
1149 2309 105 30 måste
1279 2306 120 32 härvid
1422 2307 254 41 tillgodogöras.
1711 2306 52 31 De

261 2361 69 36 rön,
354 2371 72 20 som
448 2359 133 33 särskilt
602 2359 108 31 under
730 2358 301 42 beredskapstiden
1053 2357 105 41 gjorts
1181 2359 90 30 inom
1294 2359 72 30 vårt
1387 2357 87 37 land,
1498 2359 104 29 måste
1625 2356 137 32 beaktas

262 2410 61 32 och
342 2410 174 34 resultatet
535 2421 39 21 av
594 2409 66 31 den
679 2409 382 42 forskningverksamhet
1080 2409 43 40 på
1143 2408 57 31 det
1221 2408 142 31 militära
1384 2408 157 37 området,
1565 2418 72 21 som
1658 2406 105 32 under

265 2461 110 32 denna
389 2462 52 31 tid
456 2460 171 43 energiskt
641 2460 175 38 bedrivits,
831 2460 232 41 tillvaratagas
1078 2460 11 30 i
1105 2459 66 32 den
1186 2461 76 29 mån
1277 2461 37 30 så
1329 2459 106 31 borde
1451 2459 67 32 ske.
1535 2458 106 32 Målet
1657 2459 106 31 måste
