2161 2652
419 191 45 33 38
823 195 262 35 Statsutskottets
1119 198 178 35 Utlåtande
1324 201 66 33 N:o
1417 206 71 30 176.

365 278 55 32 att
461 273 118 38 blifva
621 275 45 37 de
708 289 142 25 samma
891 292 81 24 som
1012 279 60 38 för
1111 284 263 37 motsvarande
1401 285 137 50 grader
1566 288 120 50 enligt
1715 296 126 32 senast
1870 292 93 38 fast-

366 326 136 38 ställda
530 332 116 33 stater
674 329 58 38 för
760 331 271 40 statskontoret
1059 334 70 38 och
1157 336 398 53 arméförvaltningen.

468 379 425 55 Marinförvaltningens
912 386 275 40 advokatfiskal
1206 394 41 33 är
1266 390 59 37 för
1352 393 236 38 närvarande
1616 394 149 39 aflönad
1793 398 85 37 med
1906 404 54 32 ett

365 432 154 38 arfvode
548 437 20 33 å
597 436 112 47 2,500
750 437 149 38 kronor.
954 438 86 39 Med
1072 441 149 51 hänsyn
1249 443 57 37 till
1334 444 72 37 den
1435 447 219 50 synnerliga
1680 448 131 38 vikten
1840 451 41 37 af
1905 457 55 32 att

363 485 61 37 för
466 486 122 38 denna
628 488 339 52 maktpåliggande
1008 492 216 53 befattning
1263 496 127 38 kunna
1417 498 102 38 inom
1548 500 88 38 eller
1663 506 105 33 utom
1797 504 164 38 ämbets-

363 538 133 38 verket
536 540 192 39 förvärfva
761 557 46 23 en
836 544 84 38 fullt
947 545 221 51 kompetent
1194 548 102 38 kraft
1324 555 96 32 samt
1448 552 56 37 till
1532 552 84 50 den,
1646 554 94 37 efter
1766 555 101 38 hvad
1895 558 64 37 det

363 591 66 37 vill
457 605 127 37 synas,
613 598 101 33 ännu
742 597 171 38 växande
942 599 276 51 omfattningen
1246 602 42 37 af
1312 605 220 47 göromålen
1561 606 57 37 för
1651 606 120 39 denne
1799 605 159 59 tjänste-

362 658 99 35 man,
491 659 80 23 som
600 647 112 37 äfven
740 649 68 36 har
836 655 54 31 att
918 651 110 37 sköta
1055 653 513 52 advokatfiskalsgöromålen
1600 660 64 36 vid
1691 661 152 37 flottans
1871 663 88 36 här-

362 697 164 36 varande
554 699 150 47 station,
734 713 109 24 anser
857 703 404 52 marinförvaltningen
1281 708 248 50 nödvändigt,
1549 715 55 32 att
1622 711 160 38 berörda
1800 713 158 39 arfvode

361 748 106 50 höjes
508 750 57 37 till
607 752 113 47 3,000
752 752 152 51 kronor,
933 756 89 37 eller
1050 770 141 25 samma
1218 758 137 53 belopp
1384 775 81 23 som
1494 763 171 38 artvodet
1692 765 56 37 till
1776 767 183 38 arméför-

360 802 241 49 valtningens
631 805 258 41 ombudsman.
1505 850 3 3 .

464 854 16 36 I
522 855 108 50 fråga
672 870 59 23 om
773 859 184 38 villkoren
985 862 59 37 för
1072 876 51 23 nu
1150 864 289 50 ifrågavarande
1467 868 402 50 aflöningsförmåners
1898 876 56 33 åt-

360 906 183 49 njutande
583 909 92 37 böra
707 912 194 37 enahanda
929 914 282 40 bestämmelser
1239 918 198 50 tillämpas,
1468 934 80 23 som
1576 922 116 37 redan
1720 923 125 38 blifvit
1873 926 83 47 vid-

359 964 117 44 tagna
495 960 231 39 beträffande
747 964 271 40 statskontoret
1045 968 70 36 och
1134 970 397 51 arméförvaltningen.
1587 974 119 37 Bland
1735 976 108 37 dessa
1869 977 86 38 vill-

359 1011 69 37 kor
469 1012 107 49 lärer,
619 1014 45 37 då
706 1021 148 33 senaste
882 1018 169 52 Riksdag
1078 1023 148 48 antagit
1253 1023 64 50 lag
1344 1026 197 48 angående
1570 1027 110 37 civila
1707 1028 248 50 tjänsteinne-

357 1064 175 38 hafvares
560 1071 75 32 rätt
662 1068 57 36 till
747 1070 169 49 pension,
945 1072 92 37 böra
1064 1074 135 37 liksom
1227 1076 58 36 för
1312 1079 258 47 nyssnämnda
1598 1080 241 39 ämbetsverk
1857 1096 95 37 upp-

358 1122 109 44 tagas
497 1118 72 48 det,
604 1125 55 31 att
700 1121 99 37 hvad
828 1123 11 36 i
868 1123 121 38 denna
1016 1126 65 49 lag
1108 1131 42 32 är
1177 1128 180 49 stadgadt
1384 1130 12 36 i
1425 1130 108 50 fråga
1561 1145 61 23 om
1650 1133 219 50 skyldighet
1898 1141 55 31 att

359 1169 83 37 från
471 1170 165 48 tjänsten
664 1173 89 49 afgå
795 1175 70 36 och
907 1189 59 23 om
995 1182 75 32 rätt
1097 1179 57 36 till
1181 1181 159 48 pension
1369 1182 95 37 skall
1490 1184 101 48 gälla
1620 1185 59 36 för
1706 1185 247 40 innehafvare

356 1221 43 36 af
413 1222 227 50 befattning,
662 1238 79 23 som
760 1226 182 46 tillträdes
962 1230 94 36 efter
1074 1230 62 38 det
1152 1232 71 37 den
1242 1247 50 22 nu
1309 1234 214 50 föreslagna
1537 1250 75 35 nya
1626 1238 210 38 lönestaten
1850 1240 102 37 trädt

356 1274 11 35 i
410 1274 111 47 kraft,
564 1276 149 38 hvadan
756 1279 117 37 sådan
914 1281 386 48 tjänsteinnehafvare
1337 1287 144 49 jämväl
1527 1302 112 36 synes
1667 1290 92 37 böra
1795 1292 158 38 beredas

355 1327 184 48 rättighet
580 1334 54 31 att
675 1330 11 37 i
714 1331 117 37 likhet
858 1333 85 37 med
972 1336 406 51 arméförvaltningens
1407 1340 109 37 civila
1544 1342 231 48 tjänstemän
1803 1344 148 38 inträda

355 1379 11 35 i
396 1379 229 39 civilstatens
653 1383 404 54 pensionsinrättning,
1086 1390 135 37 medan
1249 1391 56 48 de,
1336 1405 80 23 som
1437 1393 79 37 före
1536 1394 72 37 den
1626 1408 75 36 nya
1720 1396 230 39 lönestatens

354 1430 298 40 ikraftträdande
681 1435 170 37 innehaft
880 1438 81 37 sina
988 1440 271 51 befattningar,
1288 1445 79 35 lära
1395 1445 37 36 få
1460 1446 187 37 bibehålla
1676 1448 58 36 sin
1752 1450 198 48 pensions-

352 1488 76 32 rätt
467 1485 12 35 1
525 1485 152 38 flottans
718 1489 303 48 pensionskassa.
1075 1493 74 37 För
1190 1495 45 36 de
1276 1496 100 37 förra
1403 1498 97 37 lärer
1528 1499 127 38 därför
1683 1500 266 50 skyldigheten

354 1540 53 32 att
435 1536 148 38 inträda
611 1542 125 34 såsom
765 1541 175 49 delägare
968 1545 12 35 i
1008 1544 152 38 flottans
1188 1548 292 48 pensionskassa
1507 1551 92 36 böra
1627 1565 138 35 genom
1786 1554 162 37 särskild

352 1588 195 37 föreskrift
575 1590 208 51 borttagas.

454 1641 240 40 Beträffande
736 1658 315 27 amanuensernas
1088 1650 70 36 och
1199 1651 124 50 öfriga
1360 1666 30 23 e.
1421 1666 33 23 o.
1484 1654 251 50 tjänstemäns
1764 1658 186 49 ställning

352 1692 70 36 och
464 1693 178 51 aflöning,
685 1697 68 36 har
794 1699 84 36 med
919 1700 156 49 ledning
1112 1703 42 35 af
1190 1703 73 36 den
1303 1705 214 50 utredning,
1548 1720 79 23 som
1656 1708 12 36 i
1701 1708 102 37 detta
1836 1716 112 31 ämne

349 1744 208 50 föreligger
598 1748 12 36 i
652 1748 196 50 bilagorna
888 1752 57 36 till
986 1753 140 50 nådiga
1165 1757 329 48 propositionerna
1530 1759 57 37 till
1618 1761 97 36 1907
1746 1764 59 34 års
1834 1762 113 39 Riks-

351 1797 76 49 dag
455 1800 194 47 angående
678 1802 290 38 statskontorets
998 1805 69 37 och
1088 1808 406 51 arméförvaltningens
1515 1812 271 50 organisation,
1807 1815 139 37 marin-

349 1849 284 51 förvaltningen
674 1853 124 38 funnit
839 1856 164 49 följande
1044 1859 247 48 grundsatser
1333 1862 57 36 för
1431 1863 102 37 detta
1574 1865 239 38 ämbetsverk
1853 1867 93 37 böra

348 1901 115 37 vinna
491 1903 255 52 tillämpning,
775 1908 191 49 nämligen

452 1960 54 31 att
547 1969 29 24 e.
621 1970 32 23 o.
682 1959 242 49 tjänsteman,
953 1961 116 38 innan
1096 1963 75 37 han
1199 1970 159 45 antages
1386 1966 57 37 till
1472 1981 217 37 amanuens,
1720 1970 94 37 skall
1842 1971 102 37 inom

348 2006 278 40 ämbetsverket
666 2011 120 37 under
826 2012 77 37 viss
940 2014 54 36 tid
1022 2015 114 37 hafva
1163 2017 120 37 utfört
1310 2019 360 52 proftjänstgöring,
1701 2036 60 23 om
1788 2023 156 39 hvilken

347 2059 148 37 vitsord
524 2061 95 37 skall
646 2063 140 37 honom
813 2065 206 47 meddelas;

450 2117 54 32 att
541 2117 378 37 amanuensarfvodes
961 2119 370 53 begynnelsebelopp
1373 2124 69 36 bör
1483 2125 185 38 beräknas
1710 2127 57 36 till
1800 2141 144 24 samma

346 2162 137 52 belopp
527 2179 78 23 som
648 2167 58 37 för
747 2182 297 26 amanuenserna
1084 2172 12 37 i
1124 2174 389 52 arméförvaltningen
1542 2178 89 38 eller
1661 2180 112 47 1,600
1800 2180 144 38 kronor

346 2215 58 36 för
432 2229 47 24 en
508 2217 132 51 daglig
666 2220 197 49 tjänstetid
901 2223 42 36 af
965 2226 24 34 4
1017 2224 160 50 timmar,
1207 2240 86 24 men
1320 2231 61 34 må
1408 2229 128 37 kunna
1563 2231 12 36 i
1603 2234 88 34 mån
1720 2232 41 36 af
1783 2232 157 50 tjänste-

344 2268 122 37 tidens
508 2272 276 50 utsträckning,
813 2274 68 49 flit,
925 2276 200 50 duglighet
1167 2280 69 35 och
1265 2280 101 37 ålder
1393 2281 12 36 i
1433 2283 142 48 verket,
1605 2283 108 50 höjas
1742 2285 56 36 till
1826 2287 115 46 2,000

343 2320 159 47 kronor;
