2197 2646
676 274 259 33 Statsutskottets
969 274 175 33 Utlåtande
1172 275 65 31 N:o
1265 276 71 30 176.
1705 275 45 33 89

612 357 142 47 verket,
796 356 119 37 finner
956 356 213 50 uppdraget
1205 357 89 36 eller
1321 357 263 50 befattningen
1611 358 128 37 kunna
1767 359 37 36 få

612 409 206 37 tillsvidare
846 414 188 44 mottagas
1063 410 71 35 och
1162 410 220 44 bibehållas;

715 466 54 32 att
810 461 228 49 tjänsteman
1079 466 41 31 är
1162 461 154 50 skyldig
1356 466 54 32 att
1450 462 216 50 tjänstgöra
1693 462 13 37 i
1733 462 72 38 den

612 514 185 36 särskilda
825 514 226 48 befattning,
1081 514 66 36 där
1182 515 86 46 han,
1294 515 56 35 till
1364 514 203 37 befordran
1587 514 40 37 af
1644 515 161 37 arbetets

613 566 200 37 oafbrutna
841 569 115 46 gång,
985 566 167 37 befinnes
1180 580 89 23 vara
1296 567 158 49 lämplig
1483 567 69 36 och
1579 567 182 49 behöflig;

715 623 54 32 att
797 619 492 49 tjänstgöringspenningar
1318 619 36 36 få
1381 619 190 49 uppbäras
1601 619 132 37 endast
1748 620 58 37 för

613 671 72 36 den
712 671 66 46 tid,
807 671 284 48 befattningens
1115 671 243 37 innehafvare
1373 672 196 48 verkligen
1583 672 224 50 tjänstgjort

612 724 89 36 eller
743 723 151 49 åtnjutit
936 728 188 43 semester,
1166 737 86 22 men
1293 724 58 36 för
1392 723 71 37 den
1499 724 66 48 tid,
1594 724 75 36 han
1697 725 107 49 eljest

612 776 97 36 varit
738 776 83 35 från
847 776 260 49 tjänstgöring
1135 776 156 47 befriad,
1312 776 107 36 skola
1436 779 92 46 utgå
1544 776 56 37 till
1620 777 84 46 den,
1726 791 80 23 som

611 828 208 49 uppehållit
847 828 278 49 befattningen;

714 885 55 31 att
811 880 83 47 den,
938 894 79 22 som
1052 881 40 35 af
1117 880 175 49 sjukdom
1320 880 153 36 hindras
1503 885 54 31 att
1586 881 58 36 sin
1672 881 134 36 befatt-

612 932 94 49 ning
747 932 167 47 förrätta,
950 938 90 44 äger
1068 932 169 50 uppbära
1264 932 84 37 hela
1375 933 111 36 lönen
1509 932 119 50 jämte
1657 934 149 36 ortstill-

612 990 129 43 ägget,
784 998 85 23 men
911 990 54 31 att
1006 985 83 47 den,
1132 998 80 23 som
1253 985 136 36 wundfår
1429 985 169 48 ledighet
1625 985 59 37 för
1712 999 95 36 svag

612 1037 125 36 hälsas
766 1037 199 43 vårdande,
998 1037 169 36 enskilda
1196 1037 328 49 angelägenheter,
1545 1038 262 49 tjänstgöring

614 1090 70 35 hos
712 1089 232 49 Riksdagen,
975 1090 83 36 dess
1086 1090 147 36 utskott
1261 1090 89 36 eller
1376 1090 188 37 revisorer
1583 1091 89 36 eller
1692 1091 115 36 andra

613 1142 182 36 särskilda
836 1142 187 49 uppdrag,
1066 1142 88 37 eller
1196 1142 11 36 i
1234 1141 160 49 behörig
1422 1142 163 50 ordning
1612 1143 194 49 afstänges

613 1194 83 36 från
737 1194 260 49 tjänstgöring
1037 1195 88 36 eller
1162 1195 107 49 eljest
1310 1199 41 32 är
1390 1194 169 50 lagligen
1588 1195 219 37 förhindrad

613 1252 55 30 att
697 1247 109 36 sköta
833 1247 276 48 befattningen,
1139 1247 75 36 kan
1243 1247 199 49 förpliktas
1471 1252 54 31 att
1553 1248 118 36 under
1690 1248 118 49 ledig-

612 1299 112 36 heten
775 1299 149 36 utöfver
970 1299 82 36 sina
1093 1299 495 50 tjänstgöringspenningar
1630 1300 96 36 afstå
1767 1303 41 34 så

612 1351 150 49 mycket
802 1351 42 37 af
880 1352 112 36 lönen
1033 1352 88 36 eller
1162 1351 269 50 ortstillägget,
1474 1366 80 22 som
1587 1353 58 36 för
1673 1353 134 36 befatt-

612 1404 163 48 ningens
822 1404 273 49 uppehållande
1141 1404 189 37 erfordras
1375 1405 89 36 eller
1505 1405 107 49 eljest
1653 1405 153 48 pröfvas

612 1456 157 49 skäligt;

716 1513 54 31 att
811 1508 216 49 aflöningen
1068 1509 33 48 ej
1144 1511 61 33 må
1245 1511 94 46 utgå
1379 1509 57 35 till
1464 1508 227 49 tjänsteman
1719 1510 88 36 eller

613 1560 254 36 vaktmästare
908 1561 60 35 för
1010 1560 71 36 den
1121 1560 66 43 tid,
1230 1561 214 36 hvarunder
1471 1561 75 35 han
1575 1561 145 36 afhållit
1749 1562 59 48 sig

613 1612 83 36 från
724 1612 260 49 tjänstgöring
1010 1617 91 31 utan
1129 1617 55 31 att
1212 1612 113 36 hafva
1352 1613 12 35 1
1383 1612 241 50 vederbörlig
1644 1612 164 50 ordning

614 1665 148 35 erhållit
790 1664 287 49 tjänstledighet
1105 1665 88 36 eller
1211 1664 143 37 kunnat
1374 1665 131 49 styrka
1524 1665 130 49 giltigt
1670 1665 135 46 förfall;

715 1722 66 42 att,
824 1716 125 37 därest
988 1717 229 48 tjänsteman
1257 1717 89 36 eller
1386 1718 254 36 vaktmästare
1673 1717 135 37 varder

614 1769 180 48 afstängd
836 1769 83 36 från
959 1769 259 49 tjänstgöring
1259 1769 88 36 eller
1387 1770 12 36 i
1439 1770 114 36 häkte
1580 1774 127 44 tagen,
1737 1770 71 37 den

614 1821 58 36 del
713 1822 42 35 af
791 1822 94 35 hans
914 1821 180 49 aflöning,
1124 1835 79 23 som
1230 1822 82 36 icke
1341 1821 40 36 af
1405 1822 404 49 marinförvaltningen

613 1873 154 49 pröfvas
796 1874 90 36 böra
915 1874 190 36 användas
1134 1874 57 36 till
1218 1874 282 49 befattningens
1519 1875 288 49 uppehållande,

614 1925 94 37 skall
748 1926 119 36 under
907 1925 104 37 tiden
1050 1926 219 48 innehållas,
1313 1927 128 36 såvida
1469 1927 32 49 ej
1532 1927 275 37 marinförvalt-

614 1978 143 49 ningen
785 1978 122 36 finner
936 1978 140 49 skäligt
1102 1979 77 36 låta
1206 1979 139 36 honom
1364 1979 170 49 uppbära
1552 1982 119 46 något
1686 1980 121 45 däraf;

717 2035 54 31 att
812 2030 63 37 vid
917 2030 321 49 sjukdomsförfall
1279 2031 88 37 eller
1406 2036 69 31 när
1516 2031 63 37 det
1620 2031 188 38 erfordras

615 2082 58 36 för
714 2082 211 37 beredande
967 2083 39 36 af
1044 2088 189 42 semester,
1261 2084 229 49 tjänsteman
1517 2084 42 36 af
1582 2084 106 49 lägre
1716 2085 93 48 grad

615 2134 94 37 skall
749 2149 90 22 vara
880 2135 152 49 skyldig
1072 2140 66 42 att,
1181 2149 60 23 om
1282 2136 75 36 han
1385 2136 196 36 förordnas
1609 2137 56 36 till
1693 2137 116 48 högre

614 2186 216 50 befattning
857 2188 12 36 i
896 2187 418 50 marinförvaltningen,
1345 2188 227 48 densamma,
1593 2194 78 31 mot
1690 2189 119 48 åtnju-

613 2239 113 37 tande
770 2240 12 35 i
827 2239 94 37 först
966 2240 163 36 nämnda
1174 2240 64 36 fall
1284 2241 41 35 af
1362 2241 45 36 de
1447 2241 59 36 för
1547 2241 262 49 befattningen

614 2292 182 47 anslagna
837 2292 506 49 tjänstgöringspenningar,
1385 2306 86 23 men
1508 2293 12 35 i
1548 2306 130 24 senare
1706 2294 103 36 fallet

614 2343 42 37 af
693 2343 169 38 däremot
895 2345 184 36 svarande
1107 2345 136 50 belopp
1271 2345 13 36 i
1312 2345 125 36 stället
1464 2345 59 37 för
1550 2359 97 35 egna
1675 2346 134 49 tjänst-

297 2404 63 29 Bih.
387 2404 44 28 till
453 2404 98 29 Biksd.
576 2405 79 28 Prot.
681 2403 90 31 1908.
816 2407 20 27 4
859 2406 94 28 Saml.
1000 2408 16 27 1
1040 2406 69 37 Afd.
1155 2404 62 30 108
1239 2407 87 36 Häft.
1730 2406 38 30 12
