2211 2648
463 217 45 32 72
874 216 259 32 Statsutskottets
1167 216 176 32 Utlåtande
1370 216 65 32 N:o
1462 217 71 30 176.

409 299 173 39 biträden
610 299 70 37 och
709 304 55 32 att
792 299 58 37 för
879 298 133 38 sådant
1040 298 145 38 biträde
1213 298 229 37 fastställdes
1469 298 75 47 lön,
1568 297 110 49 1,000
1697 296 151 50 kronor,
1868 297 134 50 tjänst-

410 352 386 51 göringspenningar,
827 353 73 36 500
941 352 150 48 kronor,
1134 356 96 33 samt
1257 354 63 34 två
1349 350 271 51 ålderstillägg,
1648 350 202 38 hvartdera
1879 353 20 34 å
1929 352 72 35 150

409 407 153 45 kronor,
591 406 96 36 efter
713 405 215 49 respektive
958 406 20 35 5
1009 405 68 36 och
1108 406 46 35 10
1183 407 59 34 års
1271 404 62 36 väl
1360 404 194 36 vitsordad
1582 403 271 50 tjänstgöring,
1875 404 127 36 äfven-

410 472 81 24 som
520 463 54 32 att
602 457 108 38 dessa
738 457 172 38 biträden
937 457 240 37 tillerkändes
1205 461 76 32 rätt
1308 457 57 36 till
1392 456 160 50 pension
1580 456 96 36 efter
1702 456 101 36 vissa
1822 455 178 50 grunder.

513 511 238 37 Beträffande
791 511 180 37 behofvet
1011 511 42 36 af
1089 510 252 37 vaktmästare
1382 510 68 36 har
1490 508 405 49 marinförvaltningen
1921 509 81 36 vid-

409 564 107 36 hållit
543 563 99 37 hvad
671 563 278 37 ämbetsverket
977 562 226 37 därutinnan
1232 562 124 37 anfört
1383 562 12 36 i
1424 562 66 37 sitt
1509 562 71 37 den
1602 562 47 36 25
1670 561 212 50 september
1904 563 96 35 1907

411 616 145 49 afgifna
596 616 155 49 förslag.
807 616 86 37 Med
935 615 141 37 fästadt
1118 615 175 37 afseende
1326 615 100 47 därå,
1456 620 54 32 att
1538 614 119 49 enligt
1686 614 72 37 den
1786 613 217 50 föreslagna

410 669 308 48 organisationen
759 668 295 37 ämbetsverkets
1095 667 411 37 verksamhetsområde
1547 667 189 49 betydligt
1775 667 227 48 utvidgades

409 722 70 36 och
521 726 54 32 att
616 721 122 37 denna
779 720 232 49 utvidgning
1051 720 147 37 komme
1229 724 53 32 att
1309 719 134 37 kräfva
1471 724 48 32 än
1545 719 222 50 ytterligare
1794 719 208 50 utvidgade

408 774 141 38 lokaler
585 774 58 36 för
671 774 290 47 ämbetsverket,
991 787 80 23 som
1099 773 97 36 dock
1223 773 116 37 redan
1366 786 51 23 nu
1446 772 259 49 disponerade,
1735 772 166 37 förutom
1930 772 72 37 den

410 827 41 36 af
488 827 45 36 de
574 826 239 49 sakkunniga
854 826 207 47 anmärkta,
1103 826 12 36 i
1155 825 263 49 angränsande
1454 825 71 36 hus
1553 824 181 50 förhyrda
1761 825 240 49 lägenheten,

409 879 203 38 bestående
652 879 42 37 af
731 881 21 34 8
794 893 94 33 rum,
926 879 12 37 1
966 879 62 36 det
1057 881 36 34 åt
1122 878 276 37 ämbetsverket
1425 877 183 50 upplåtna
1635 878 70 36 hus
1734 879 47 35 37
1810 891 95 34 rum,
1934 877 69 36 har

408 932 408 49 marinförvaltningen
842 936 125 32 ansett
994 936 65 39 att,
1090 931 111 36 äfven
1230 944 60 23 om
1317 930 220 50 lämpligare
1565 930 142 36 lokaler
1734 930 12 36 i
1775 943 46 23 en
1848 929 153 37 framtid

408 985 125 37 blefve
561 984 275 37 ämbetsverket
865 983 187 48 anvisade,
1078 983 179 37 behofvet
1276 984 42 36 af
1333 983 290 49 vaktbetjäning
1640 982 81 37 icke
1739 982 126 37 kunde
1884 982 118 37 blifva

408 1037 146 37 mindre
582 1042 48 31 än
658 1037 99 36 hvad
785 1036 276 37 ämbetsverket
1088 1036 12 36 i
1128 1036 159 36 berörda
1314 1035 145 50 förslag
1486 1035 193 37 beräknat.

511 1089 129 38 Under
662 1090 277 48 förutsättning
963 1093 65 43 att,
1046 1091 122 34 såsom
1185 1088 44 37 de
1246 1088 239 49 sakkunniga
1500 1087 207 49 föreslagit,
1724 1087 141 49 nödiga
1880 1087 121 37 medel

408 1142 59 36 för
494 1142 233 36 anställande
756 1142 41 36 af
820 1141 282 36 månadslönare
1130 1141 63 35 vid
1222 1140 403 48 marinförvaltningen
1644 1140 135 36 funnes
1798 1139 92 37 böra
1908 1143 94 44 utgå

408 1193 84 37 från
520 1194 171 49 anslaget
717 1193 58 37 till
802 1193 168 49 aflöning
998 1193 58 36 för
1083 1192 153 37 flottans
1265 1192 110 37 kårer
1403 1193 70 36 och
1497 1196 127 43 stater,
1640 1192 68 36 har
1724 1191 277 37 marinförvalt-

408 1247 144 48 ningen
580 1247 81 36 icke
689 1246 82 37 haft
798 1248 118 47 något
945 1250 55 32 att
1029 1245 122 37 erinra
1179 1245 179 48 däremot,
1388 1245 81 36 atti
1484 1244 426 48 marinförvaltningens
1926 1249 75 32 stat

407 1299 82 37 icke
517 1304 190 44 upptoges
737 1298 168 49 aflöning
933 1298 56 36 till
1017 1297 328 46 månadslönarna;
1383 1310 87 24 men
1497 1297 69 36 har
1596 1297 405 48 marinförvaltningen

406 1351 115 36 hållit
549 1351 80 37 före
658 1356 65 40 att,
753 1351 58 36 för
839 1356 53 31 att
919 1350 284 49 ifrågavarande
1230 1350 147 49 viktiga
1395 1349 119 37 behof
1530 1349 195 49 verkligen
1744 1349 120 36 skulle
1884 1349 118 36 blifva

406 1403 257 49 tillgodosedt,
706 1403 62 37 det
808 1416 88 24 vore
937 1402 236 49 nödvändigt
1202 1407 53 31 att
1282 1402 157 37 utverka
1465 1401 239 49 Riksdagens
1733 1401 267 49 medgifvande

408 1456 134 48 därtill,
574 1461 54 31 att
657 1455 168 49 aflöning
853 1456 56 36 till
939 1455 399 49 afdelningsskrifvare
1365 1455 13 36 i
1406 1454 416 49 marimförvaltningen,
1851 1453 148 37 hvilkas

408 1509 99 36 antal
548 1511 47 46 på
628 1508 125 49 grund
781 1509 41 36 af
849 1508 72 36 den
949 1508 224 47 erfarenhet,
1203 1520 81 24 som
1312 1507 94 37 efter
1433 1506 175 37 nautiska
1635 1506 263 49 afdelningens
1927 1506 73 36 till-

407 1561 127 37 komst
573 1561 155 36 vunnits
769 1560 234 37 beträffande
1046 1560 143 37 arbetet
1218 1562 19 33 å
1267 1559 121 37 denna
1417 1559 206 49 afdelning,
1652 1558 116 37 borde
1796 1558 91 37 ökas
1915 1558 85 37 med

408 1627 46 23 en
494 1613 150 37 utöfver
686 1613 45 36 de
758 1613 94 49 fyra,
882 1612 403 49 marinförvaltningen
1313 1612 101 37 förut
1442 1611 207 49 föreslagit,
1678 1614 115 34 måtte
1819 1611 99 37 intill
1946 1617 55 31 ett

408 1666 137 49 belopp
588 1666 41 36 af
666 1665 276 49 sammanlagdt
985 1666 136 47 14,075
1163 1665 139 36 kronor
1341 1666 94 47 utgå
1477 1664 40 36 af
1553 1664 259 49 nyssnämnda
1852 1664 146 48 anslag.

407 1718 194 50 Därjämte
629 1718 68 36 har
726 1718 62 36 det
817 1723 107 44 synts
954 1717 291 49 förvaltningen,
1276 1722 54 31 att
1359 1716 401 50 afdelningsskrifvare
1787 1716 115 37 borde
1926 1716 73 36 till-

406 1771 137 48 läggas
572 1770 78 37 dels
678 1775 75 32 rätt
780 1770 56 37 till
865 1770 262 49 ålderstillägg
1154 1772 95 35 efter
1278 1770 21 35 5
1329 1769 70 37 och
1426 1771 45 35 10
1492 1771 59 34 års
1571 1769 61 36 väl
1651 1768 194 37 vitsordad
1864 1768 135 50 tjänst-

407 1823 141 48 göring
575 1822 84 37 med
689 1824 73 35 500
791 1823 150 35 kronor:
958 1822 183 36 hvardera
1169 1824 165 47 gången,
1365 1822 78 35 dels
1473 1821 80 48 ock,
1583 1824 48 46 på
1652 1826 75 31 sätt
1747 1821 120 36 skulle
1886 1821 114 36 hafva

406 1874 220 49 medgifvits
669 1874 494 49 departementsskrifvarne
1200 1874 11 36 i
1241 1873 396 49 arméförvaltningen,
1665 1878 76 32 rätt
1770 1878 53 31 att
1850 1873 12 36 i
1891 1873 108 49 fråga

408 1940 60 23 om
498 1927 262 48 iålderstillägg
788 1926 278 49 tillgodoräkna
1095 1927 60 48 sig
1184 1926 72 36 den
1280 1926 65 47 tid,
1366 1926 44 36 de
1430 1926 11 36 i
1460 1926 404 48 marinförvaltningen
1883 1925 116 37 redan

406 1979 172 37 innehaft
606 1979 225 49 befattning,
861 1979 265 37 motsvarande
1155 1978 433 49 afdelningsskrifvares.

509 2031 18 36 I
555 2031 205 49 anledning
789 2031 40 36 af
853 2031 45 37 de
926 2032 258 48 sakkunnigas
1213 2031 203 47 uttalande,
1446 2035 54 32 att
1527 2030 160 49 utgifter
1706 2030 56 36 till
1785 2029 214 49 betydande

407 2084 136 49 belopp
572 2084 60 36 för
658 2084 262 49 renskrifning
948 2084 40 36 af
1012 2083 181 38 kontrakt
1222 2083 69 37 och
1320 2083 127 49 dylika
1474 2082 229 49 handlingar
1731 2082 175 37 afseende
1925 2082 74 36 far-

406 2136 319 50 tygsbyggnader
751 2136 119 37 under
898 2150 46 23 en
971 2137 133 48 längre
1132 2135 94 50 följd
1255 2136 40 36 af
1319 2138 41 34 år
1387 2135 125 37 blifvit
1541 2135 192 37 bestridda
1761 2135 41 36 af
1818 2135 180 48 anslagen

405 2189 58 35 till
491 2188 108 37 dessa
631 2189 237 49 byggnader,
897 2202 85 23 men
1012 2194 53 31 att
1094 2189 102 36 detta
1224 2188 284 49 förfaringssätt
1536 2192 130 45 syntes
1693 2187 93 37 böra
1813 2187 183 49 upphöra,

406 2246 96 31 samt
531 2241 72 36 den
631 2241 13 36 i
671 2241 206 49 anledning
904 2241 111 37 häraf
1039 2241 42 37 af
1105 2241 45 37 de
1179 2240 241 49 sakkunniga
1448 2240 215 49 föreslagna
1691 2240 195 48 ökningen
1913 2239 84 36 från

405 2293 63 36 det
508 2293 43 36 af
588 2294 407 48 marinförvaltningen
1036 2294 58 36 för
1135 2298 106 31 extra
1269 2293 486 48 renskrifningskostnader
1782 2292 215 36 beräknade

404 2345 177 49 beloppet
611 2346 40 36 af
663 2347 112 46 2,000
795 2346 139 36 kronor
953 2346 56 36 till
1029 2346 113 47 4,000
1163 2346 150 46 kronor,
1334 2346 69 35 har
1422 2345 408 48 marinförvaltningen
1858 2344 137 47 anfört,
