<?xml version="1.0" encoding="UTF-8"?>
<alto xmlns="http://www.loc.gov/standards/alto/ns-v3#" xmlns:xlink="http://www.w3.org/1999/xlink" xmlns:xsi="http://www.w3.org/2001/XMLSchema-instance" xsi:schemaLocation="http://www.loc.gov/standards/alto/ns-v3# http://www.loc.gov/alto/v3/alto-3-0.xsd">
	<Description>
		<MeasurementUnit>pixel</MeasurementUnit>
		<sourceImageInformation>
			<fileName>/tmp/tess_iu_sztdq_input.PNG</fileName>
		</sourceImageInformation>
		<OCRProcessing ID="OCR_0">
			<ocrProcessingStep>
				<processingSoftware>
					<softwareName>tesseract 5.3.0</softwareName>
				</processingSoftware>
			</ocrProcessingStep>
		</OCRProcessing>
	</Description>
	<Layout>
		<Page WIDTH="1938" HEIGHT="2864" PHYSICAL_IMG_NR="0" ID="page_0">
			<PrintSpace HPOS="0" VPOS="0" WIDTH="1938" HEIGHT="2864">
				<ComposedBlock ID="cblock_0" HPOS="503" VPOS="165" WIDTH="1078" HEIGHT="46">
					<TextBlock ID="block_0" HPOS="503" VPOS="165" WIDTH="1078" HEIGHT="46">
						<TextLine ID="line_0" HPOS="503" VPOS="165" WIDTH="1078" HEIGHT="46">
							<String ID="string_0" HPOS="503" VPOS="176" WIDTH="122" HEIGHT="31" WC="0.93" CONTENT="Andra"/><SP WIDTH="22" VPOS="176" HPOS="625"/>
							<String ID="string_1" HPOS="647" VPOS="174" WIDTH="254" HEIGHT="37" WC="0.91" CONTENT="lagutskottets"/><SP WIDTH="20" VPOS="174" HPOS="901"/>
							<String ID="string_2" HPOS="921" VPOS="171" WIDTH="186" HEIGHT="32" WC="0.96" CONTENT="utlåtande"/><SP WIDTH="21" VPOS="171" HPOS="1107"/>
							<String ID="string_3" HPOS="1128" VPOS="170" WIDTH="51" HEIGHT="32" WC="0.92" CONTENT="Nr"/><SP WIDTH="27" VPOS="170" HPOS="1179"/>
							<String ID="string_4" HPOS="1206" VPOS="169" WIDTH="51" HEIGHT="30" WC="0.92" CONTENT="37."/><SP WIDTH="307" VPOS="169" HPOS="1257"/>
							<String ID="string_5" HPOS="1564" VPOS="165" WIDTH="17" HEIGHT="30" WC="0.96" CONTENT="1"/>
						</TextLine>
					</TextBlock>
				</ComposedBlock>
				<ComposedBlock ID="cblock_1" HPOS="804" VPOS="471" WIDTH="147" HEIGHT="40">
					<TextBlock ID="block_1" HPOS="804" VPOS="471" WIDTH="147" HEIGHT="40">
						<TextLine ID="line_1" HPOS="804" VPOS="471" WIDTH="147" HEIGHT="40">
							<String ID="string_6" HPOS="804" VPOS="471" WIDTH="57" HEIGHT="39" WC="0.95" CONTENT="Nr"/><SP WIDTH="27" VPOS="471" HPOS="861"/>
							<String ID="string_7" HPOS="888" VPOS="471" WIDTH="63" HEIGHT="40" WC="0.93" CONTENT="37."/>
						</TextLine>
					</TextBlock>
				</ComposedBlock>
				<ComposedBlock ID="cblock_2" HPOS="662" VPOS="572" WIDTH="933" HEIGHT="36">
					<TextBlock ID="block_2" HPOS="662" VPOS="572" WIDTH="933" HEIGHT="36">
						<TextLine ID="line_2" HPOS="662" VPOS="572" WIDTH="933" HEIGHT="36">
							<String ID="string_8" HPOS="662" VPOS="581" WIDTH="109" HEIGHT="23" WC="0.96" CONTENT="Ankom"/><SP WIDTH="20" VPOS="581" HPOS="771"/>
							<String ID="string_9" HPOS="791" VPOS="580" WIDTH="43" HEIGHT="22" WC="0.94" CONTENT="till"/><SP WIDTH="21" VPOS="580" HPOS="834"/>
							<String ID="string_10" HPOS="855" VPOS="577" WIDTH="162" HEIGHT="31" WC="0.94" CONTENT="riksdagens"/><SP WIDTH="21" VPOS="577" HPOS="1017"/>
							<String ID="string_11" HPOS="1038" VPOS="576" WIDTH="89" HEIGHT="23" WC="0.94" CONTENT="kansli"/><SP WIDTH="21" VPOS="576" HPOS="1127"/>
							<String ID="string_12" HPOS="1148" VPOS="575" WIDTH="53" HEIGHT="23" WC="0.96" CONTENT="den"/><SP WIDTH="22" VPOS="575" HPOS="1201"/>
							<String ID="string_13" HPOS="1223" VPOS="576" WIDTH="14" HEIGHT="21" WC="0.94" CONTENT="2"/><SP WIDTH="20" VPOS="576" HPOS="1237"/>
							<String ID="string_14" HPOS="1257" VPOS="574" WIDTH="59" HEIGHT="30" WC="0.94" CONTENT="juni"/><SP WIDTH="23" VPOS="574" HPOS="1316"/>
							<String ID="string_15" HPOS="1339" VPOS="573" WIDTH="65" HEIGHT="23" WC="0.95" CONTENT="1924"/><SP WIDTH="22" VPOS="573" HPOS="1404"/>
							<String ID="string_16" HPOS="1426" VPOS="572" WIDTH="35" HEIGHT="23" WC="0.89" CONTENT="kl."/><SP WIDTH="26" VPOS="572" HPOS="1461"/>
							<String ID="string_17" HPOS="1487" VPOS="580" WIDTH="6" HEIGHT="14" WC="0.88" CONTENT="7"/><SP WIDTH="23" VPOS="580" HPOS="1493"/>
							<String ID="string_18" HPOS="1516" VPOS="579" WIDTH="22" HEIGHT="15" WC="0.41" CONTENT="e"/><SP WIDTH="21" VPOS="579" HPOS="1538"/>
							<String ID="string_19" HPOS="1559" VPOS="577" WIDTH="36" HEIGHT="17" WC="0.72" CONTENT="m,"/>
						</TextLine>
					</TextBlock>
				</ComposedBlock>
				<ComposedBlock ID="cblock_3" HPOS="239" VPOS="658" WIDTH="1392" HEIGHT="158">
					<TextBlock ID="block_3" HPOS="239" VPOS="658" WIDTH="1392" HEIGHT="158">
						<TextLine ID="line_3" HPOS="239" VPOS="658" WIDTH="1390" HEIGHT="52">
							<String ID="string_20" HPOS="239" VPOS="677" WIDTH="189" HEIGHT="32" WC="0.96" CONTENT="Utlåtande"/><SP WIDTH="23" VPOS="677" HPOS="428"/>
							<String ID="string_21" HPOS="451" VPOS="677" WIDTH="13" HEIGHT="29" WC="0.96" CONTENT="i"/><SP WIDTH="22" VPOS="677" HPOS="464"/>
							<String ID="string_22" HPOS="486" VPOS="676" WIDTH="189" HEIGHT="34" WC="0.96" CONTENT="anledning"/><SP WIDTH="35" VPOS="676" HPOS="675"/>
							<String ID="string_23" HPOS="710" VPOS="683" WIDTH="44" HEIGHT="21" WC="0.96" CONTENT="av"/><SP WIDTH="35" VPOS="683" HPOS="754"/>
							<String ID="string_24" HPOS="789" VPOS="671" WIDTH="126" HEIGHT="31" WC="0.85" CONTENT="väckta"/><SP WIDTH="34" VPOS="671" HPOS="915"/>
							<String ID="string_25" HPOS="949" VPOS="670" WIDTH="172" HEIGHT="30" WC="0.96" CONTENT="motioner"/><SP WIDTH="29" VPOS="670" HPOS="1121"/>
							<String ID="string_26" HPOS="1150" VPOS="676" WIDTH="57" HEIGHT="21" WC="0.96" CONTENT="om"/><SP WIDTH="24" VPOS="676" HPOS="1207"/>
							<String ID="string_27" HPOS="1231" VPOS="665" WIDTH="168" HEIGHT="31" WC="0.96" CONTENT="skrivelse"/><SP WIDTH="24" VPOS="665" HPOS="1399"/>
							<String ID="string_28" HPOS="1423" VPOS="664" WIDTH="55" HEIGHT="30" WC="0.96" CONTENT="till"/><SP WIDTH="24" VPOS="664" HPOS="1478"/>
							<String ID="string_29" HPOS="1502" VPOS="658" WIDTH="127" HEIGHT="45" WC="0.96" CONTENT="Kungl."/>
						</TextLine>
						<TextLine ID="line_4" HPOS="435" VPOS="714" WIDTH="1196" HEIGHT="50">
							<String ID="string_30" HPOS="435" VPOS="727" WIDTH="102" HEIGHT="37" WC="0.95" CONTENT="Maj:t"/><SP WIDTH="34" VPOS="727" HPOS="537"/>
							<String ID="string_31" HPOS="571" VPOS="726" WIDTH="179" HEIGHT="36" WC="0.93" CONTENT="angående"/><SP WIDTH="27" VPOS="726" HPOS="750"/>
							<String ID="string_32" HPOS="777" VPOS="722" WIDTH="266" HEIGHT="37" WC="0.92" CONTENT="framläggande"/><SP WIDTH="22" VPOS="722" HPOS="1043"/>
							<String ID="string_33" HPOS="1065" VPOS="719" WIDTH="56" HEIGHT="36" WC="0.96" CONTENT="för"/><SP WIDTH="23" VPOS="719" HPOS="1121"/>
							<String ID="string_34" HPOS="1144" VPOS="718" WIDTH="187" HEIGHT="35" WC="0.96" CONTENT="riksdagen"/><SP WIDTH="23" VPOS="718" HPOS="1331"/>
							<String ID="string_35" HPOS="1354" VPOS="726" WIDTH="44" HEIGHT="21" WC="0.96" CONTENT="av"/><SP WIDTH="23" VPOS="726" HPOS="1398"/>
							<String ID="string_36" HPOS="1421" VPOS="715" WIDTH="132" HEIGHT="36" WC="0.96" CONTENT="förslag"/><SP WIDTH="24" VPOS="715" HPOS="1553"/>
							<String ID="string_37" HPOS="1577" VPOS="714" WIDTH="54" HEIGHT="31" WC="0.96" CONTENT="till"/>
						</TextLine>
						<TextLine ID="line_5" HPOS="435" VPOS="769" WIDTH="890" HEIGHT="47">
							<String ID="string_38" HPOS="435" VPOS="780" WIDTH="57" HEIGHT="36" WC="0.96" CONTENT="lag"/><SP WIDTH="24" VPOS="780" HPOS="492"/>
							<String ID="string_39" HPOS="516" VPOS="789" WIDTH="57" HEIGHT="21" WC="0.93" CONTENT="om"/><SP WIDTH="25" VPOS="789" HPOS="573"/>
							<String ID="string_40" HPOS="598" VPOS="776" WIDTH="310" HEIGHT="37" WC="0.90" CONTENT="tvångsavlösning"/><SP WIDTH="23" VPOS="776" HPOS="908"/>
							<String ID="string_41" HPOS="931" VPOS="783" WIDTH="45" HEIGHT="22" WC="0.96" CONTENT="av"/><SP WIDTH="23" VPOS="783" HPOS="976"/>
							<String ID="string_42" HPOS="999" VPOS="769" WIDTH="326" HEIGHT="37" WC="0.91" CONTENT="arrendejordbruk."/>
						</TextLine>
					</TextBlock>
				</ComposedBlock>
				<ComposedBlock ID="cblock_4" HPOS="128" VPOS="869" WIDTH="1511" HEIGHT="620">
					<TextBlock ID="block_4" HPOS="128" VPOS="869" WIDTH="1508" HEIGHT="358">
						<TextLine ID="line_6" HPOS="171" VPOS="869" WIDTH="1463" HEIGHT="50">
							<String ID="string_43" HPOS="171" VPOS="885" WIDTH="122" HEIGHT="31" WC="0.95" CONTENT="Andra"/><SP WIDTH="39" VPOS="885" HPOS="293"/>
							<String ID="string_44" HPOS="332" VPOS="883" WIDTH="231" HEIGHT="36" WC="0.94" CONTENT="lagutskottet"/><SP WIDTH="35" VPOS="883" HPOS="563"/>
							<String ID="string_45" HPOS="598" VPOS="882" WIDTH="62" HEIGHT="29" WC="0.95" CONTENT="har"/><SP WIDTH="37" VPOS="882" HPOS="660"/>
							<String ID="string_46" HPOS="697" VPOS="880" WIDTH="56" HEIGHT="30" WC="0.96" CONTENT="till"/><SP WIDTH="24" VPOS="880" HPOS="753"/>
							<String ID="string_47" HPOS="777" VPOS="878" WIDTH="214" HEIGHT="35" WC="0.96" CONTENT="behandling"/><SP WIDTH="25" VPOS="878" HPOS="991"/>
							<String ID="string_48" HPOS="1016" VPOS="876" WIDTH="12" HEIGHT="30" WC="0.96" CONTENT="i"/><SP WIDTH="24" VPOS="876" HPOS="1028"/>
							<String ID="string_49" HPOS="1052" VPOS="876" WIDTH="49" HEIGHT="29" WC="0.96" CONTENT="ett"/><SP WIDTH="23" VPOS="876" HPOS="1101"/>
							<String ID="string_50" HPOS="1124" VPOS="872" WIDTH="255" HEIGHT="34" WC="0.93" CONTENT="sammanhang"/><SP WIDTH="23" VPOS="872" HPOS="1379"/>
							<String ID="string_51" HPOS="1402" VPOS="870" WIDTH="151" HEIGHT="31" WC="0.92" CONTENT="förehaft"/><SP WIDTH="23" VPOS="870" HPOS="1553"/>
							<String ID="string_52" HPOS="1576" VPOS="869" WIDTH="58" HEIGHT="31" WC="0.96" CONTENT="till"/>
						</TextLine>
						<TextLine ID="line_7" HPOS="129" VPOS="921" WIDTH="1505" HEIGHT="52">
							<String ID="string_53" HPOS="129" VPOS="937" WIDTH="196" HEIGHT="36" WC="0.91" CONTENT="lagutskott"/><SP WIDTH="34" VPOS="937" HPOS="325"/>
							<String ID="string_54" HPOS="359" VPOS="934" WIDTH="191" HEIGHT="31" WC="0.96" CONTENT="hänvisade"/><SP WIDTH="35" VPOS="934" HPOS="550"/>
							<String ID="string_55" HPOS="585" VPOS="932" WIDTH="178" HEIGHT="31" WC="0.95" CONTENT="motionen"/><SP WIDTH="29" VPOS="932" HPOS="763"/>
							<String ID="string_56" HPOS="792" VPOS="940" WIDTH="42" HEIGHT="20" WC="0.96" CONTENT="nr"/><SP WIDTH="25" VPOS="940" HPOS="834"/>
							<String ID="string_57" HPOS="859" VPOS="930" WIDTH="39" HEIGHT="30" WC="0.95" CONTENT="92"/><SP WIDTH="25" VPOS="930" HPOS="898"/>
							<String ID="string_58" HPOS="923" VPOS="929" WIDTH="12" HEIGHT="30" WC="0.96" CONTENT="i"/><SP WIDTH="24" VPOS="929" HPOS="935"/>
							<String ID="string_59" HPOS="959" VPOS="928" WIDTH="110" HEIGHT="30" WC="0.96" CONTENT="första"/><SP WIDTH="23" VPOS="928" HPOS="1069"/>
							<String ID="string_60" HPOS="1092" VPOS="926" WIDTH="204" HEIGHT="30" WC="0.96" CONTENT="kammaren"/><SP WIDTH="24" VPOS="926" HPOS="1296"/>
							<String ID="string_61" HPOS="1320" VPOS="933" WIDTH="44" HEIGHT="20" WC="0.96" CONTENT="av"/><SP WIDTH="24" VPOS="933" HPOS="1364"/>
							<String ID="string_62" HPOS="1388" VPOS="923" WIDTH="120" HEIGHT="30" WC="0.93" CONTENT="herrar"/><SP WIDTH="23" VPOS="923" HPOS="1508"/>
							<String ID="string_63" HPOS="1531" VPOS="921" WIDTH="103" HEIGHT="31" WC="0.89" CONTENT="Lind-"/>
						</TextLine>
						<TextLine ID="line_8" HPOS="128" VPOS="972" WIDTH="1508" HEIGHT="53">
							<String ID="string_64" HPOS="128" VPOS="990" WIDTH="123" HEIGHT="35" WC="0.96" CONTENT="hagen,"/><SP WIDTH="24" VPOS="990" HPOS="251"/>
							<String ID="string_65" HPOS="275" VPOS="987" WIDTH="135" HEIGHT="35" WC="0.96" CONTENT="Möller,"/><SP WIDTH="25" VPOS="987" HPOS="410"/>
							<String ID="string_66" HPOS="435" VPOS="985" WIDTH="126" HEIGHT="35" WC="0.96" CONTENT="Gustaf"/><SP WIDTH="21" VPOS="985" HPOS="561"/>
							<String ID="string_67" HPOS="582" VPOS="984" WIDTH="142" HEIGHT="31" WC="0.79" CONTENT="Nilsson"/><SP WIDTH="18" VPOS="984" HPOS="724"/>
							<String ID="string_68" HPOS="742" VPOS="983" WIDTH="11" HEIGHT="30" WC="0.79" CONTENT="i"/><SP WIDTH="17" VPOS="983" HPOS="753"/>
							<String ID="string_69" HPOS="770" VPOS="979" WIDTH="254" HEIGHT="35" WC="0.96" CONTENT="Kristianstad,"/><SP WIDTH="18" VPOS="979" HPOS="1024"/>
							<String ID="string_70" HPOS="1042" VPOS="977" WIDTH="156" HEIGHT="34" WC="0.96" CONTENT="Sandler,"/><SP WIDTH="19" VPOS="977" HPOS="1198"/>
							<String ID="string_71" HPOS="1217" VPOS="975" WIDTH="124" HEIGHT="31" WC="0.96" CONTENT="Olsson"/><SP WIDTH="17" VPOS="975" HPOS="1341"/>
							<String ID="string_72" HPOS="1358" VPOS="975" WIDTH="12" HEIGHT="30" WC="0.96" CONTENT="i"/><SP WIDTH="16" VPOS="975" HPOS="1370"/>
							<String ID="string_73" HPOS="1386" VPOS="974" WIDTH="170" HEIGHT="35" WC="0.95" CONTENT="Göteborg"/><SP WIDTH="17" VPOS="974" HPOS="1556"/>
							<String ID="string_74" HPOS="1573" VPOS="972" WIDTH="63" HEIGHT="31" WC="0.96" CONTENT="och"/>
						</TextLine>
						<TextLine ID="line_9" HPOS="134" VPOS="1024" WIDTH="1502" HEIGHT="53">
							<String ID="string_75" HPOS="134" VPOS="1041" WIDTH="173" HEIGHT="36" WC="0.96" CONTENT="Wigforss"/><SP WIDTH="23" VPOS="1041" HPOS="307"/>
							<String ID="string_76" HPOS="330" VPOS="1040" WIDTH="90" HEIGHT="29" WC="0.96" CONTENT="samt"/><SP WIDTH="24" VPOS="1040" HPOS="420"/>
							<String ID="string_77" HPOS="444" VPOS="1038" WIDTH="177" HEIGHT="31" WC="0.96" CONTENT="motionen"/><SP WIDTH="24" VPOS="1038" HPOS="621"/>
							<String ID="string_78" HPOS="645" VPOS="1045" WIDTH="42" HEIGHT="21" WC="0.96" CONTENT="nr"/><SP WIDTH="23" VPOS="1045" HPOS="687"/>
							<String ID="string_79" HPOS="710" VPOS="1034" WIDTH="62" HEIGHT="31" WC="0.96" CONTENT="173"/><SP WIDTH="25" VPOS="1034" HPOS="772"/>
							<String ID="string_80" HPOS="797" VPOS="1034" WIDTH="12" HEIGHT="30" WC="0.96" CONTENT="i"/><SP WIDTH="24" VPOS="1034" HPOS="809"/>
							<String ID="string_81" HPOS="833" VPOS="1032" WIDTH="109" HEIGHT="31" WC="0.96" CONTENT="andra"/><SP WIDTH="23" VPOS="1032" HPOS="942"/>
							<String ID="string_82" HPOS="965" VPOS="1031" WIDTH="205" HEIGHT="30" WC="0.95" CONTENT="kammaren"/><SP WIDTH="24" VPOS="1031" HPOS="1170"/>
							<String ID="string_83" HPOS="1194" VPOS="1038" WIDTH="45" HEIGHT="20" WC="0.96" CONTENT="av"/><SP WIDTH="24" VPOS="1038" HPOS="1239"/>
							<String ID="string_84" HPOS="1263" VPOS="1027" WIDTH="121" HEIGHT="30" WC="0.96" CONTENT="herrar"/><SP WIDTH="20" VPOS="1027" HPOS="1384"/>
							<String ID="string_85" HPOS="1404" VPOS="1026" WIDTH="197" HEIGHT="30" WC="0.96" CONTENT="Johansson"/><SP WIDTH="23" VPOS="1026" HPOS="1601"/>
							<String ID="string_86" HPOS="1624" VPOS="1024" WIDTH="12" HEIGHT="30" WC="0.96" CONTENT="i"/>
						</TextLine>
						<TextLine ID="line_10" HPOS="129" VPOS="1077" WIDTH="1506" HEIGHT="52">
							<String ID="string_87" HPOS="129" VPOS="1092" WIDTH="214" HEIGHT="37" WC="0.92" CONTENT="Uppmälby,"/><SP WIDTH="28" VPOS="1092" HPOS="343"/>
							<String ID="string_88" HPOS="371" VPOS="1091" WIDTH="182" HEIGHT="35" WC="0.96" CONTENT="Branting,"/><SP WIDTH="25" VPOS="1091" HPOS="553"/>
							<String ID="string_89" HPOS="578" VPOS="1088" WIDTH="151" HEIGHT="32" WC="0.96" CONTENT="Larsson"/><SP WIDTH="25" VPOS="1088" HPOS="729"/>
							<String ID="string_90" HPOS="754" VPOS="1086" WIDTH="12" HEIGHT="30" WC="0.96" CONTENT="i"/><SP WIDTH="23" VPOS="1086" HPOS="766"/>
							<String ID="string_91" HPOS="789" VPOS="1085" WIDTH="177" HEIGHT="34" WC="0.96" CONTENT="Västerås,"/><SP WIDTH="24" VPOS="1085" HPOS="966"/>
							<String ID="string_92" HPOS="990" VPOS="1082" WIDTH="164" HEIGHT="32" WC="0.96" CONTENT="Hansson"/><SP WIDTH="24" VPOS="1082" HPOS="1154"/>
							<String ID="string_93" HPOS="1178" VPOS="1080" WIDTH="12" HEIGHT="30" WC="0.96" CONTENT="i"/><SP WIDTH="24" VPOS="1080" HPOS="1190"/>
							<String ID="string_94" HPOS="1214" VPOS="1078" WIDTH="212" HEIGHT="35" WC="0.96" CONTENT="Stockholm,"/><SP WIDTH="25" VPOS="1078" HPOS="1426"/>
							<String ID="string_95" HPOS="1451" VPOS="1077" WIDTH="184" HEIGHT="34" WC="0.96" CONTENT="Thorsson,"/>
						</TextLine>
						<TextLine ID="line_11" HPOS="130" VPOS="1129" WIDTH="1506" HEIGHT="49">
							<String ID="string_96" HPOS="130" VPOS="1145" WIDTH="169" HEIGHT="31" WC="0.95" CONTENT="Eriksson"/><SP WIDTH="13" VPOS="1145" HPOS="299"/>
							<String ID="string_97" HPOS="312" VPOS="1144" WIDTH="12" HEIGHT="30" WC="0.95" CONTENT="i"/><SP WIDTH="13" VPOS="1144" HPOS="324"/>
							<String ID="string_98" HPOS="337" VPOS="1142" WIDTH="251" HEIGHT="36" WC="0.95" CONTENT="Grängesberg,"/><SP WIDTH="17" VPOS="1142" HPOS="588"/>
							<String ID="string_99" HPOS="605" VPOS="1140" WIDTH="183" HEIGHT="31" WC="0.96" CONTENT="Anderson"/><SP WIDTH="14" VPOS="1140" HPOS="788"/>
							<String ID="string_100" HPOS="802" VPOS="1138" WIDTH="12" HEIGHT="29" WC="0.93" CONTENT="i"/><SP WIDTH="12" VPOS="1138" HPOS="814"/>
							<String ID="string_101" HPOS="826" VPOS="1136" WIDTH="162" HEIGHT="35" WC="0.91" CONTENT="Råstock,"/><SP WIDTH="13" VPOS="1136" HPOS="988"/>
							<String ID="string_102" HPOS="1001" VPOS="1133" WIDTH="171" HEIGHT="37" WC="0.96" CONTENT="Engberg,"/><SP WIDTH="15" VPOS="1133" HPOS="1172"/>
							<String ID="string_103" HPOS="1187" VPOS="1131" WIDTH="181" HEIGHT="32" WC="0.91" CONTENT="Sävström"/><SP WIDTH="13" VPOS="1131" HPOS="1368"/>
							<String ID="string_104" HPOS="1381" VPOS="1129" WIDTH="63" HEIGHT="32" WC="0.96" CONTENT="och"/><SP WIDTH="12" VPOS="1129" HPOS="1444"/>
							<String ID="string_105" HPOS="1456" VPOS="1129" WIDTH="180" HEIGHT="31" WC="0.95" CONTENT="Johanson"/>
						</TextLine>
						<TextLine ID="line_12" HPOS="131" VPOS="1196" WIDTH="250" HEIGHT="31">
							<String ID="string_106" HPOS="131" VPOS="1198" WIDTH="13" HEIGHT="29" WC="0.96" CONTENT="i"/><SP WIDTH="23" VPOS="1198" HPOS="144"/>
							<String ID="string_107" HPOS="167" VPOS="1196" WIDTH="214" HEIGHT="31" WC="0.95" CONTENT="Stockholm."/>
						</TextLine>
					</TextBlock>
					<TextBlock ID="block_5" HPOS="129" VPOS="1231" WIDTH="1510" HEIGHT="258">
						<TextLine ID="line_13" HPOS="174" VPOS="1231" WIDTH="1464" HEIGHT="50">
							<String ID="string_108" HPOS="174" VPOS="1248" WIDTH="17" HEIGHT="30" WC="0.96" CONTENT="I"/><SP WIDTH="34" VPOS="1248" HPOS="191"/>
							<String ID="string_109" HPOS="225" VPOS="1248" WIDTH="229" HEIGHT="33" WC="0.96" CONTENT="motionerna,"/><SP WIDTH="36" VPOS="1248" HPOS="454"/>
							<String ID="string_110" HPOS="490" VPOS="1244" WIDTH="98" HEIGHT="30" WC="0.96" CONTENT="vilka"/><SP WIDTH="29" VPOS="1244" HPOS="588"/>
							<String ID="string_111" HPOS="617" VPOS="1245" WIDTH="59" HEIGHT="28" WC="0.96" CONTENT="äro"/><SP WIDTH="24" VPOS="1245" HPOS="676"/>
							<String ID="string_112" HPOS="700" VPOS="1240" WIDTH="239" HEIGHT="37" WC="0.96" CONTENT="likalydande,"/><SP WIDTH="24" VPOS="1240" HPOS="939"/>
							<String ID="string_113" HPOS="963" VPOS="1239" WIDTH="64" HEIGHT="30" WC="0.93" CONTENT="har"/><SP WIDTH="24" VPOS="1239" HPOS="1027"/>
							<String ID="string_114" HPOS="1051" VPOS="1238" WIDTH="130" HEIGHT="36" WC="0.91" CONTENT="yrkats,"/><SP WIDTH="25" VPOS="1238" HPOS="1181"/>
							<String ID="string_115" HPOS="1206" VPOS="1237" WIDTH="53" HEIGHT="29" WC="0.96" CONTENT="att"/><SP WIDTH="23" VPOS="1237" HPOS="1259"/>
							<String ID="string_116" HPOS="1282" VPOS="1234" WIDTH="188" HEIGHT="35" WC="0.95" CONTENT="riksdagen"/><SP WIDTH="24" VPOS="1234" HPOS="1470"/>
							<String ID="string_117" HPOS="1494" VPOS="1232" WIDTH="108" HEIGHT="30" WC="0.95" CONTENT="måtte"/><SP WIDTH="24" VPOS="1232" HPOS="1602"/>
							<String ID="string_118" HPOS="1626" VPOS="1231" WIDTH="12" HEIGHT="30" WC="0.95" CONTENT="i"/>
						</TextLine>
						<TextLine ID="line_14" HPOS="129" VPOS="1283" WIDTH="1510" HEIGHT="49">
							<String ID="string_119" HPOS="129" VPOS="1300" WIDTH="174" HEIGHT="30" WC="0.96" CONTENT="skrivelse"/><SP WIDTH="35" VPOS="1300" HPOS="303"/>
							<String ID="string_120" HPOS="338" VPOS="1299" WIDTH="60" HEIGHT="30" WC="0.95" CONTENT="hos"/><SP WIDTH="35" VPOS="1299" HPOS="398"/>
							<String ID="string_121" HPOS="433" VPOS="1296" WIDTH="135" HEIGHT="36" WC="0.95" CONTENT="Kungl."/><SP WIDTH="35" VPOS="1296" HPOS="568"/>
							<String ID="string_122" HPOS="603" VPOS="1295" WIDTH="103" HEIGHT="35" WC="0.93" CONTENT="Maj:t"/><SP WIDTH="34" VPOS="1295" HPOS="706"/>
							<String ID="string_123" HPOS="740" VPOS="1292" WIDTH="197" HEIGHT="35" WC="0.92" CONTENT="hemställa,"/><SP WIDTH="25" VPOS="1292" HPOS="937"/>
							<String ID="string_124" HPOS="962" VPOS="1291" WIDTH="51" HEIGHT="30" WC="0.96" CONTENT="att"/><SP WIDTH="23" VPOS="1291" HPOS="1013"/>
							<String ID="string_125" HPOS="1036" VPOS="1289" WIDTH="134" HEIGHT="36" WC="0.94" CONTENT="Kungl."/><SP WIDTH="25" VPOS="1289" HPOS="1170"/>
							<String ID="string_126" HPOS="1195" VPOS="1287" WIDTH="102" HEIGHT="36" WC="0.96" CONTENT="Maj:t"/><SP WIDTH="25" VPOS="1287" HPOS="1297"/>
							<String ID="string_127" HPOS="1322" VPOS="1286" WIDTH="85" HEIGHT="31" WC="0.96" CONTENT="ville"/><SP WIDTH="26" VPOS="1286" HPOS="1407"/>
							<String ID="string_128" HPOS="1433" VPOS="1283" WIDTH="206" HEIGHT="37" WC="0.95" CONTENT="skyndsamt"/>
						</TextLine>
						<TextLine ID="line_15" HPOS="132" VPOS="1334" WIDTH="1507" HEIGHT="51">
							<String ID="string_129" HPOS="132" VPOS="1352" WIDTH="54" HEIGHT="30" WC="0.96" CONTENT="för"/><SP WIDTH="34" VPOS="1352" HPOS="186"/>
							<String ID="string_130" HPOS="220" VPOS="1350" WIDTH="191" HEIGHT="35" WC="0.96" CONTENT="riksdagen"/><SP WIDTH="34" VPOS="1350" HPOS="411"/>
							<String ID="string_131" HPOS="445" VPOS="1348" WIDTH="199" HEIGHT="34" WC="0.96" CONTENT="framlägga"/><SP WIDTH="23" VPOS="1348" HPOS="644"/>
							<String ID="string_132" HPOS="667" VPOS="1345" WIDTH="133" HEIGHT="36" WC="0.96" CONTENT="förslag"/><SP WIDTH="25" VPOS="1345" HPOS="800"/>
							<String ID="string_133" HPOS="825" VPOS="1344" WIDTH="57" HEIGHT="31" WC="0.96" CONTENT="till"/><SP WIDTH="25" VPOS="1344" HPOS="882"/>
							<String ID="string_134" HPOS="907" VPOS="1344" WIDTH="58" HEIGHT="34" WC="0.95" CONTENT="lag"/><SP WIDTH="24" VPOS="1344" HPOS="965"/>
							<String ID="string_135" HPOS="989" VPOS="1351" WIDTH="57" HEIGHT="22" WC="0.96" CONTENT="om"/><SP WIDTH="23" VPOS="1351" HPOS="1046"/>
							<String ID="string_136" HPOS="1069" VPOS="1339" WIDTH="320" HEIGHT="36" WC="0.88" CONTENT="tvångsavlösning"/><SP WIDTH="24" VPOS="1339" HPOS="1389"/>
							<String ID="string_137" HPOS="1413" VPOS="1347" WIDTH="45" HEIGHT="20" WC="0.93" CONTENT="av"/><SP WIDTH="23" VPOS="1347" HPOS="1458"/>
							<String ID="string_138" HPOS="1481" VPOS="1334" WIDTH="158" HEIGHT="32" WC="0.76" CONTENT="arrende-"/>
						</TextLine>
						<TextLine ID="line_16" HPOS="132" VPOS="1387" WIDTH="1507" HEIGHT="52">
							<String ID="string_139" HPOS="132" VPOS="1402" WIDTH="181" HEIGHT="37" WC="0.93" CONTENT="jordbruk,"/><SP WIDTH="25" VPOS="1402" HPOS="313"/>
							<String ID="string_140" HPOS="338" VPOS="1401" WIDTH="152" HEIGHT="30" WC="0.92" CONTENT="avfattat"/><SP WIDTH="24" VPOS="1401" HPOS="490"/>
							<String ID="string_141" HPOS="514" VPOS="1400" WIDTH="12" HEIGHT="30" WC="0.96" CONTENT="i"/><SP WIDTH="24" VPOS="1400" HPOS="526"/>
							<String ID="string_142" HPOS="550" VPOS="1396" WIDTH="345" HEIGHT="33" WC="0.96" CONTENT="överensstämmelse"/><SP WIDTH="23" VPOS="1396" HPOS="895"/>
							<String ID="string_143" HPOS="918" VPOS="1394" WIDTH="78" HEIGHT="31" WC="0.95" CONTENT="med"/><SP WIDTH="24" VPOS="1394" HPOS="996"/>
							<String ID="string_144" HPOS="1020" VPOS="1394" WIDTH="12" HEIGHT="29" WC="0.95" CONTENT="i"/><SP WIDTH="24" VPOS="1394" HPOS="1032"/>
							<String ID="string_145" HPOS="1056" VPOS="1392" WIDTH="177" HEIGHT="31" WC="0.96" CONTENT="motionen"/><SP WIDTH="24" VPOS="1392" HPOS="1233"/>
							<String ID="string_146" HPOS="1257" VPOS="1400" WIDTH="43" HEIGHT="20" WC="0.96" CONTENT="nr"/><SP WIDTH="24" VPOS="1400" HPOS="1300"/>
							<String ID="string_147" HPOS="1324" VPOS="1390" WIDTH="39" HEIGHT="30" WC="0.83" CONTENT="87"/><SP WIDTH="19" VPOS="1390" HPOS="1363"/>
							<String ID="string_148" HPOS="1382" VPOS="1390" WIDTH="11" HEIGHT="30" WC="0.79" CONTENT="i"/><SP WIDTH="17" VPOS="1390" HPOS="1393"/>
							<String ID="string_149" HPOS="1410" VPOS="1389" WIDTH="109" HEIGHT="30" WC="0.93" CONTENT="första"/><SP WIDTH="26" VPOS="1389" HPOS="1519"/>
							<String ID="string_150" HPOS="1545" VPOS="1387" WIDTH="94" HEIGHT="30" WC="0.92" CONTENT="kam-"/>
						</TextLine>
						<TextLine ID="line_17" HPOS="133" VPOS="1450" WIDTH="516" HEIGHT="39">
							<String ID="string_151" HPOS="133" VPOS="1464" WIDTH="121" HEIGHT="21" WC="0.96" CONTENT="maren"/><SP WIDTH="23" VPOS="1464" HPOS="254"/>
							<String ID="string_152" HPOS="277" VPOS="1454" WIDTH="158" HEIGHT="35" WC="0.96" CONTENT="angivna"/><SP WIDTH="24" VPOS="1454" HPOS="435"/>
							<String ID="string_153" HPOS="459" VPOS="1450" WIDTH="190" HEIGHT="37" WC="0.96" CONTENT="riktlinjer."/>
						</TextLine>
					</TextBlock>
				</ComposedBlock>
				<ComposedBlock ID="cblock_5" HPOS="134" VPOS="1543" WIDTH="1512" HEIGHT="671">
					<TextBlock ID="block_6" HPOS="134" VPOS="1543" WIDTH="1512" HEIGHT="671">
						<TextLine ID="line_18" HPOS="177" VPOS="1543" WIDTH="1463" HEIGHT="51">
							<String ID="string_154" HPOS="177" VPOS="1557" WIDTH="215" HEIGHT="37" WC="0.91" CONTENT="Spörsmålet"/><SP WIDTH="33" VPOS="1557" HPOS="392"/>
							<String ID="string_155" HPOS="425" VPOS="1566" WIDTH="56" HEIGHT="21" WC="0.93" CONTENT="om"/><SP WIDTH="34" VPOS="1566" HPOS="481"/>
							<String ID="string_156" HPOS="515" VPOS="1553" WIDTH="319" HEIGHT="38" WC="0.89" CONTENT="tvångsavlösning"/><SP WIDTH="34" VPOS="1553" HPOS="834"/>
							<String ID="string_157" HPOS="868" VPOS="1561" WIDTH="45" HEIGHT="21" WC="0.94" CONTENT="av"/><SP WIDTH="34" VPOS="1561" HPOS="913"/>
							<String ID="string_158" HPOS="947" VPOS="1546" WIDTH="318" HEIGHT="38" WC="0.92" CONTENT="arrendejordbruk"/><SP WIDTH="28" VPOS="1546" HPOS="1265"/>
							<String ID="string_159" HPOS="1293" VPOS="1546" WIDTH="149" HEIGHT="35" WC="0.96" CONTENT="upptogs"/><SP WIDTH="25" VPOS="1546" HPOS="1442"/>
							<String ID="string_160" HPOS="1467" VPOS="1543" WIDTH="105" HEIGHT="31" WC="0.96" CONTENT="redan"/><SP WIDTH="23" VPOS="1543" HPOS="1572"/>
							<String ID="string_161" HPOS="1595" VPOS="1552" WIDTH="45" HEIGHT="21" WC="0.96" CONTENT="av"/>
						</TextLine>
						<TextLine ID="line_19" HPOS="134" VPOS="1595" WIDTH="1507" HEIGHT="46">
							<String ID="string_162" HPOS="134" VPOS="1611" WIDTH="219" HEIGHT="30" WC="0.91" CONTENT="reservanter"/><SP WIDTH="24" VPOS="1611" HPOS="353"/>
							<String ID="string_163" HPOS="377" VPOS="1609" WIDTH="95" HEIGHT="30" WC="0.93" CONTENT="inom"/><SP WIDTH="24" VPOS="1609" HPOS="472"/>
							<String ID="string_164" HPOS="496" VPOS="1605" WIDTH="405" HEIGHT="33" WC="0.90" CONTENT="norrlandskommittén."/><SP WIDTH="46" VPOS="1605" HPOS="901"/>
							<String ID="string_165" HPOS="947" VPOS="1602" WIDTH="18" HEIGHT="30" WC="0.94" CONTENT="I"/><SP WIDTH="23" VPOS="1602" HPOS="965"/>
							<String ID="string_166" HPOS="988" VPOS="1602" WIDTH="63" HEIGHT="30" WC="0.96" CONTENT="sitt"/><SP WIDTH="23" VPOS="1602" HPOS="1051"/>
							<String ID="string_167" HPOS="1074" VPOS="1600" WIDTH="66" HEIGHT="31" WC="0.96" CONTENT="den"/><SP WIDTH="24" VPOS="1600" HPOS="1140"/>
							<String ID="string_168" HPOS="1164" VPOS="1599" WIDTH="40" HEIGHT="30" WC="0.96" CONTENT="27"/><SP WIDTH="22" VPOS="1599" HPOS="1204"/>
							<String ID="string_169" HPOS="1226" VPOS="1597" WIDTH="142" HEIGHT="32" WC="0.96" CONTENT="oktober"/><SP WIDTH="17" VPOS="1597" HPOS="1368"/>
							<String ID="string_170" HPOS="1385" VPOS="1597" WIDTH="83" HEIGHT="30" WC="0.96" CONTENT="1904"/><SP WIDTH="17" VPOS="1597" HPOS="1468"/>
							<String ID="string_171" HPOS="1485" VPOS="1595" WIDTH="156" HEIGHT="35" WC="0.96" CONTENT="avgivna"/>
						</TextLine>
						<TextLine ID="line_20" HPOS="135" VPOS="1648" WIDTH="1507" HEIGHT="45">
							<String ID="string_172" HPOS="135" VPOS="1661" WIDTH="219" HEIGHT="32" WC="0.96" CONTENT="betänkande"/><SP WIDTH="35" VPOS="1661" HPOS="354"/>
							<String ID="string_173" HPOS="389" VPOS="1659" WIDTH="171" HEIGHT="31" WC="0.96" CONTENT="framlade"/><SP WIDTH="24" VPOS="1659" HPOS="560"/>
							<String ID="string_174" HPOS="584" VPOS="1658" WIDTH="113" HEIGHT="31" WC="0.96" CONTENT="denna"/><SP WIDTH="24" VPOS="1658" HPOS="697"/>
							<String ID="string_175" HPOS="721" VPOS="1656" WIDTH="183" HEIGHT="32" WC="0.96" CONTENT="kommitté"/><SP WIDTH="24" VPOS="1656" HPOS="904"/>
							<String ID="string_176" HPOS="928" VPOS="1653" WIDTH="106" HEIGHT="33" WC="0.96" CONTENT="bland"/><SP WIDTH="23" VPOS="1653" HPOS="1034"/>
							<String ID="string_177" HPOS="1057" VPOS="1653" WIDTH="109" HEIGHT="30" WC="0.96" CONTENT="annat"/><SP WIDTH="23" VPOS="1653" HPOS="1166"/>
							<String ID="string_178" HPOS="1189" VPOS="1652" WIDTH="50" HEIGHT="29" WC="0.96" CONTENT="ett"/><SP WIDTH="24" VPOS="1652" HPOS="1239"/>
							<String ID="string_179" HPOS="1263" VPOS="1649" WIDTH="132" HEIGHT="36" WC="0.96" CONTENT="förslag"/><SP WIDTH="24" VPOS="1649" HPOS="1395"/>
							<String ID="string_180" HPOS="1419" VPOS="1648" WIDTH="58" HEIGHT="31" WC="0.96" CONTENT="till"/><SP WIDTH="24" VPOS="1648" HPOS="1477"/>
							<String ID="string_181" HPOS="1501" VPOS="1648" WIDTH="58" HEIGHT="35" WC="0.93" CONTENT="lag"/><SP WIDTH="24" VPOS="1648" HPOS="1559"/>
							<String ID="string_182" HPOS="1583" VPOS="1656" WIDTH="59" HEIGHT="20" WC="0.87" CONTENT="an-"/>
						</TextLine>
						<TextLine ID="line_21" HPOS="135" VPOS="1697" WIDTH="1508" HEIGHT="53">
							<String ID="string_183" HPOS="135" VPOS="1714" WIDTH="131" HEIGHT="36" WC="0.96" CONTENT="gående"/><SP WIDTH="36" VPOS="1714" HPOS="266"/>
							<String ID="string_184" HPOS="302" VPOS="1713" WIDTH="95" HEIGHT="30" WC="0.96" CONTENT="vissa"/><SP WIDTH="31" VPOS="1713" HPOS="397"/>
							<String ID="string_185" HPOS="428" VPOS="1711" WIDTH="160" HEIGHT="37" WC="0.96" CONTENT="åtgärder"/><SP WIDTH="33" VPOS="1711" HPOS="588"/>
							<String ID="string_186" HPOS="621" VPOS="1710" WIDTH="54" HEIGHT="30" WC="0.96" CONTENT="för"/><SP WIDTH="33" VPOS="1710" HPOS="675"/>
							<String ID="string_187" HPOS="708" VPOS="1707" WIDTH="192" HEIGHT="33" WC="0.96" CONTENT="beredande"/><SP WIDTH="33" VPOS="1707" HPOS="900"/>
							<String ID="string_188" HPOS="933" VPOS="1707" WIDTH="36" HEIGHT="30" WC="0.96" CONTENT="åt"/><SP WIDTH="23" VPOS="1707" HPOS="969"/>
							<String ID="string_189" HPOS="992" VPOS="1703" WIDTH="160" HEIGHT="33" WC="0.96" CONTENT="enskilda"/><SP WIDTH="23" VPOS="1703" HPOS="1152"/>
							<String ID="string_190" HPOS="1175" VPOS="1701" WIDTH="232" HEIGHT="37" WC="0.96" CONTENT="jordbrukare"/><SP WIDTH="24" VPOS="1701" HPOS="1407"/>
							<String ID="string_191" HPOS="1431" VPOS="1701" WIDTH="12" HEIGHT="29" WC="0.96" CONTENT="i"/><SP WIDTH="23" VPOS="1701" HPOS="1443"/>
							<String ID="string_192" HPOS="1466" VPOS="1697" WIDTH="177" HEIGHT="33" WC="0.96" CONTENT="Norrland"/>
						</TextLine>
						<TextLine ID="line_22" HPOS="134" VPOS="1752" WIDTH="1509" HEIGHT="46">
							<String ID="string_193" HPOS="134" VPOS="1766" WIDTH="65" HEIGHT="31" WC="0.93" CONTENT="och"/><SP WIDTH="33" VPOS="1766" HPOS="199"/>
							<String ID="string_194" HPOS="232" VPOS="1765" WIDTH="153" HEIGHT="31" WC="0.91" CONTENT="Dalarne"/><SP WIDTH="34" VPOS="1765" HPOS="385"/>
							<String ID="string_195" HPOS="419" VPOS="1774" WIDTH="44" HEIGHT="20" WC="0.96" CONTENT="av"/><SP WIDTH="35" VPOS="1774" HPOS="463"/>
							<String ID="string_196" HPOS="498" VPOS="1762" WIDTH="171" HEIGHT="36" WC="0.93" CONTENT="lämpliga"/><SP WIDTH="35" VPOS="1762" HPOS="669"/>
							<String ID="string_197" HPOS="704" VPOS="1758" WIDTH="355" HEIGHT="38" WC="0.91" CONTENT="odlingslägenheter,"/><SP WIDTH="29" VPOS="1758" HPOS="1059"/>
							<String ID="string_198" HPOS="1088" VPOS="1756" WIDTH="13" HEIGHT="30" WC="0.96" CONTENT="i"/><SP WIDTH="23" VPOS="1756" HPOS="1101"/>
							<String ID="string_199" HPOS="1124" VPOS="1755" WIDTH="114" HEIGHT="31" WC="0.96" CONTENT="vilket"/><SP WIDTH="35" VPOS="1755" HPOS="1238"/>
							<String ID="string_200" HPOS="1273" VPOS="1753" WIDTH="194" HEIGHT="35" WC="0.93" CONTENT="lagförslag"/><SP WIDTH="35" VPOS="1753" HPOS="1467"/>
							<String ID="string_201" HPOS="1502" VPOS="1752" WIDTH="141" HEIGHT="34" WC="0.89" CONTENT="tvångs-"/>
						</TextLine>
						<TextLine ID="line_23" HPOS="135" VPOS="1802" WIDTH="1509" HEIGHT="50">
							<String ID="string_202" HPOS="135" VPOS="1818" WIDTH="144" HEIGHT="31" WC="0.92" CONTENT="avlösen"/><SP WIDTH="35" VPOS="1818" HPOS="279"/>
							<String ID="string_203" HPOS="314" VPOS="1816" WIDTH="120" HEIGHT="36" WC="0.96" CONTENT="ingick"/><SP WIDTH="36" VPOS="1816" HPOS="434"/>
							<String ID="string_204" HPOS="470" VPOS="1824" WIDTH="72" HEIGHT="21" WC="0.96" CONTENT="som"/><SP WIDTH="28" VPOS="1824" HPOS="542"/>
							<String ID="string_205" HPOS="570" VPOS="1815" WIDTH="149" HEIGHT="35" WC="0.92" CONTENT="yttersta"/><SP WIDTH="23" VPOS="1815" HPOS="719"/>
							<String ID="string_206" HPOS="742" VPOS="1812" WIDTH="122" HEIGHT="31" WC="0.96" CONTENT="medel."/><SP WIDTH="46" VPOS="1812" HPOS="864"/>
							<String ID="string_207" HPOS="910" VPOS="1809" WIDTH="181" HEIGHT="35" WC="0.96" CONTENT="Förslaget"/><SP WIDTH="24" VPOS="1809" HPOS="1091"/>
							<String ID="string_208" HPOS="1115" VPOS="1806" WIDTH="87" HEIGHT="32" WC="0.96" CONTENT="hade"/><SP WIDTH="24" VPOS="1806" HPOS="1202"/>
							<String ID="string_209" HPOS="1226" VPOS="1804" WIDTH="169" HEIGHT="32" WC="0.93" CONTENT="avseende"/><SP WIDTH="23" VPOS="1804" HPOS="1395"/>
							<String ID="string_210" HPOS="1418" VPOS="1805" WIDTH="21" HEIGHT="29" WC="0.92" CONTENT="å"/><SP WIDTH="23" VPOS="1805" HPOS="1439"/>
							<String ID="string_211" HPOS="1462" VPOS="1803" WIDTH="86" HEIGHT="36" WC="0.93" CONTENT="jord,"/><SP WIDTH="25" VPOS="1803" HPOS="1548"/>
							<String ID="string_212" HPOS="1573" VPOS="1802" WIDTH="71" HEIGHT="30" WC="0.92" CONTENT="till-"/>
						</TextLine>
						<TextLine ID="line_24" HPOS="137" VPOS="1855" WIDTH="1508" HEIGHT="50">
							<String ID="string_213" HPOS="137" VPOS="1870" WIDTH="103" HEIGHT="35" WC="0.92" CONTENT="hörig"/><SP WIDTH="34" VPOS="1870" HPOS="240"/>
							<String ID="string_214" HPOS="274" VPOS="1868" WIDTH="114" HEIGHT="36" WC="0.96" CONTENT="bolag,"/><SP WIDTH="35" VPOS="1868" HPOS="388"/>
							<String ID="string_215" HPOS="423" VPOS="1867" WIDTH="163" HEIGHT="35" WC="0.96" CONTENT="förening"/><SP WIDTH="26" VPOS="1867" HPOS="586"/>
							<String ID="string_216" HPOS="612" VPOS="1866" WIDTH="85" HEIGHT="30" WC="0.95" CONTENT="eller"/><SP WIDTH="24" VPOS="1866" HPOS="697"/>
							<String ID="string_217" HPOS="721" VPOS="1863" WIDTH="140" HEIGHT="32" WC="0.96" CONTENT="enskild"/><SP WIDTH="23" VPOS="1863" HPOS="861"/>
							<String ID="string_218" HPOS="884" VPOS="1871" WIDTH="136" HEIGHT="28" WC="0.96" CONTENT="person,"/><SP WIDTH="23" VPOS="1871" HPOS="1020"/>
							<String ID="string_219" HPOS="1043" VPOS="1870" WIDTH="74" HEIGHT="21" WC="0.96" CONTENT="som"/><SP WIDTH="23" VPOS="1870" HPOS="1117"/>
							<String ID="string_220" HPOS="1140" VPOS="1858" WIDTH="32" HEIGHT="36" WC="0.96" CONTENT="ej"/><SP WIDTH="26" VPOS="1858" HPOS="1172"/>
							<String ID="string_221" HPOS="1198" VPOS="1867" WIDTH="82" HEIGHT="21" WC="0.93" CONTENT="vore"/><SP WIDTH="23" VPOS="1867" HPOS="1280"/>
							<String ID="string_222" HPOS="1303" VPOS="1855" WIDTH="298" HEIGHT="32" WC="0.91" CONTENT="mantalsskriven"/><SP WIDTH="23" VPOS="1855" HPOS="1601"/>
							<String ID="string_223" HPOS="1624" VPOS="1855" WIDTH="21" HEIGHT="29" WC="0.89" CONTENT="å"/>
						</TextLine>
						<TextLine ID="line_25" HPOS="136" VPOS="1906" WIDTH="1509" HEIGHT="51">
							<String ID="string_224" HPOS="136" VPOS="1921" WIDTH="215" HEIGHT="36" WC="0.95" CONTENT="fastigheten"/><SP WIDTH="24" VPOS="1921" HPOS="351"/>
							<String ID="string_225" HPOS="375" VPOS="1921" WIDTH="90" HEIGHT="30" WC="0.93" CONTENT="samt"/><SP WIDTH="22" VPOS="1921" HPOS="465"/>
							<String ID="string_226" HPOS="487" VPOS="1919" WIDTH="136" HEIGHT="31" WC="0.92" CONTENT="besutte"/><SP WIDTH="24" VPOS="1919" HPOS="623"/>
							<String ID="string_227" HPOS="647" VPOS="1917" WIDTH="66" HEIGHT="31" WC="0.96" CONTENT="den"/><SP WIDTH="24" VPOS="1917" HPOS="713"/>
							<String ID="string_228" HPOS="737" VPOS="1914" WIDTH="287" HEIGHT="35" WC="0.96" CONTENT="huvudsakligen"/><SP WIDTH="24" VPOS="1914" HPOS="1024"/>
							<String ID="string_229" HPOS="1048" VPOS="1912" WIDTH="53" HEIGHT="30" WC="0.96" CONTENT="för"/><SP WIDTH="24" VPOS="1912" HPOS="1101"/>
							<String ID="string_230" HPOS="1125" VPOS="1912" WIDTH="51" HEIGHT="29" WC="0.96" CONTENT="att"/><SP WIDTH="23" VPOS="1912" HPOS="1176"/>
							<String ID="string_231" HPOS="1199" VPOS="1909" WIDTH="237" HEIGHT="36" WC="0.94" CONTENT="tillgodogöra"/><SP WIDTH="21" VPOS="1909" HPOS="1436"/>
							<String ID="string_232" HPOS="1457" VPOS="1907" WIDTH="55" HEIGHT="36" WC="0.93" CONTENT="sig"/><SP WIDTH="16" VPOS="1907" HPOS="1512"/>
							<String ID="string_233" HPOS="1528" VPOS="1906" WIDTH="117" HEIGHT="36" WC="0.92" CONTENT="skogs-"/>
						</TextLine>
						<TextLine ID="line_26" HPOS="137" VPOS="1957" WIDTH="1508" HEIGHT="51">
							<String ID="string_234" HPOS="137" VPOS="1973" WIDTH="270" HEIGHT="35" WC="0.96" CONTENT="avkastningen."/><SP WIDTH="45" VPOS="1973" HPOS="407"/>
							<String ID="string_235" HPOS="452" VPOS="1971" WIDTH="75" HEIGHT="30" WC="0.96" CONTENT="Två"/><SP WIDTH="34" VPOS="1971" HPOS="527"/>
							<String ID="string_236" HPOS="561" VPOS="1970" WIDTH="189" HEIGHT="31" WC="0.96" CONTENT="ledamöter"/><SP WIDTH="35" VPOS="1970" HPOS="750"/>
							<String ID="string_237" HPOS="785" VPOS="1978" WIDTH="45" HEIGHT="20" WC="0.96" CONTENT="av"/><SP WIDTH="36" VPOS="1978" HPOS="830"/>
							<String ID="string_238" HPOS="866" VPOS="1966" WIDTH="207" HEIGHT="31" WC="0.96" CONTENT="kommittén"/><SP WIDTH="34" VPOS="1966" HPOS="1073"/>
							<String ID="string_239" HPOS="1107" VPOS="1961" WIDTH="135" HEIGHT="35" WC="0.92" CONTENT="(herrar"/><SP WIDTH="35" VPOS="1961" HPOS="1242"/>
							<String ID="string_240" HPOS="1277" VPOS="1959" WIDTH="36" HEIGHT="32" WC="0.91" CONTENT="C."/><SP WIDTH="36" VPOS="1959" HPOS="1313"/>
							<String ID="string_241" HPOS="1349" VPOS="1959" WIDTH="206" HEIGHT="36" WC="0.96" CONTENT="Lindhagen"/><SP WIDTH="27" VPOS="1959" HPOS="1555"/>
							<String ID="string_242" HPOS="1582" VPOS="1957" WIDTH="63" HEIGHT="31" WC="0.96" CONTENT="och"/>
						</TextLine>
						<TextLine ID="line_27" HPOS="137" VPOS="2010" WIDTH="1509" HEIGHT="49">
							<String ID="string_243" HPOS="137" VPOS="2025" WIDTH="34" HEIGHT="32" WC="0.92" CONTENT="J."/><SP WIDTH="24" VPOS="2025" HPOS="171"/>
							<String ID="string_244" HPOS="195" VPOS="2021" WIDTH="159" HEIGHT="36" WC="0.95" CONTENT="Bromée)"/><SP WIDTH="24" VPOS="2021" HPOS="354"/>
							<String ID="string_245" HPOS="378" VPOS="2024" WIDTH="205" HEIGHT="35" WC="0.96" CONTENT="ifrågasatte"/><SP WIDTH="24" VPOS="2024" HPOS="583"/>
							<String ID="string_246" HPOS="607" VPOS="2022" WIDTH="13" HEIGHT="30" WC="0.96" CONTENT="i"/><SP WIDTH="23" VPOS="2022" HPOS="620"/>
							<String ID="string_247" HPOS="643" VPOS="2022" WIDTH="56" HEIGHT="30" WC="0.96" CONTENT="sin"/><SP WIDTH="24" VPOS="2022" HPOS="699"/>
							<String ID="string_248" HPOS="723" VPOS="2019" WIDTH="216" HEIGHT="32" WC="0.96" CONTENT="reservation"/><SP WIDTH="23" VPOS="2019" HPOS="939"/>
							<String ID="string_249" HPOS="962" VPOS="2027" WIDTH="43" HEIGHT="21" WC="0.96" CONTENT="en"/><SP WIDTH="17" VPOS="2027" HPOS="1005"/>
							<String ID="string_250" HPOS="1022" VPOS="2014" WIDTH="249" HEIGHT="35" WC="0.95" CONTENT="utsträckning"/><SP WIDTH="16" VPOS="2014" HPOS="1271"/>
							<String ID="string_251" HPOS="1287" VPOS="2023" WIDTH="45" HEIGHT="20" WC="0.95" CONTENT="av"/><SP WIDTH="17" VPOS="2023" HPOS="1332"/>
							<String ID="string_252" HPOS="1349" VPOS="2011" WIDTH="229" HEIGHT="37" WC="0.96" CONTENT="lagförslaget"/><SP WIDTH="16" VPOS="2011" HPOS="1578"/>
							<String ID="string_253" HPOS="1594" VPOS="2010" WIDTH="52" HEIGHT="30" WC="0.96" CONTENT="att"/>
						</TextLine>
						<TextLine ID="line_28" HPOS="138" VPOS="2061" WIDTH="1508" HEIGHT="49">
							<String ID="string_254" HPOS="138" VPOS="2087" WIDTH="82" HEIGHT="21" WC="0.96" CONTENT="avse"/><SP WIDTH="34" VPOS="2087" HPOS="220"/>
							<String ID="string_255" HPOS="254" VPOS="2076" WIDTH="108" HEIGHT="31" WC="0.96" CONTENT="bland"/><SP WIDTH="33" VPOS="2076" HPOS="362"/>
							<String ID="string_256" HPOS="395" VPOS="2076" WIDTH="108" HEIGHT="30" WC="0.96" CONTENT="annat"/><SP WIDTH="35" VPOS="2076" HPOS="503"/>
							<String ID="string_257" HPOS="538" VPOS="2073" WIDTH="263" HEIGHT="37" WC="0.96" CONTENT="expropriation"/><SP WIDTH="35" VPOS="2073" HPOS="801"/>
							<String ID="string_258" HPOS="836" VPOS="2081" WIDTH="45" HEIGHT="20" WC="0.96" CONTENT="av"/><SP WIDTH="34" VPOS="2081" HPOS="881"/>
							<String ID="string_259" HPOS="915" VPOS="2070" WIDTH="107" HEIGHT="31" WC="0.95" CONTENT="redan"/><SP WIDTH="28" VPOS="2070" HPOS="1022"/>
							<String ID="string_260" HPOS="1050" VPOS="2066" WIDTH="183" HEIGHT="33" WC="0.96" CONTENT="bestående"/><SP WIDTH="23" VPOS="2066" HPOS="1233"/>
							<String ID="string_261" HPOS="1256" VPOS="2063" WIDTH="313" HEIGHT="36" WC="0.90" CONTENT="bondelägenheter"/><SP WIDTH="23" VPOS="2063" HPOS="1569"/>
							<String ID="string_262" HPOS="1592" VPOS="2061" WIDTH="54" HEIGHT="31" WC="0.96" CONTENT="för"/>
						</TextLine>
						<TextLine ID="line_29" HPOS="139" VPOS="2114" WIDTH="1507" HEIGHT="51">
							<String ID="string_263" HPOS="139" VPOS="2129" WIDTH="196" HEIGHT="36" WC="0.96" CONTENT="upplåtelse"/><SP WIDTH="35" VPOS="2129" HPOS="335"/>
							<String ID="string_264" HPOS="370" VPOS="2127" WIDTH="56" HEIGHT="31" WC="0.96" CONTENT="till"/><SP WIDTH="35" VPOS="2127" HPOS="426"/>
							<String ID="string_265" HPOS="461" VPOS="2126" WIDTH="238" HEIGHT="37" WC="0.95" CONTENT="jordbrukare."/><SP WIDTH="46" VPOS="2126" HPOS="699"/>
							<String ID="string_266" HPOS="745" VPOS="2123" WIDTH="192" HEIGHT="35" WC="0.37" CONTENT="Förslagen"/><SP WIDTH="28" VPOS="2123" HPOS="937"/>
							<String ID="string_267" HPOS="965" VPOS="2118" WIDTH="202" HEIGHT="33" WC="0.96" CONTENT="föranledde"/><SP WIDTH="24" VPOS="2118" HPOS="1167"/>
							<String ID="string_268" HPOS="1191" VPOS="2117" WIDTH="75" HEIGHT="31" WC="0.96" CONTENT="icke"/><SP WIDTH="25" VPOS="2117" HPOS="1266"/>
							<String ID="string_269" HPOS="1291" VPOS="2117" WIDTH="115" HEIGHT="35" WC="0.96" CONTENT="någon"/><SP WIDTH="25" VPOS="2117" HPOS="1406"/>
							<String ID="string_270" HPOS="1431" VPOS="2114" WIDTH="215" HEIGHT="37" WC="0.96" CONTENT="proposition"/>
						</TextLine>
						<TextLine ID="line_30" HPOS="140" VPOS="2175" WIDTH="674" HEIGHT="39">
							<String ID="string_271" HPOS="140" VPOS="2182" WIDTH="12" HEIGHT="30" WC="0.96" CONTENT="i"/><SP WIDTH="23" VPOS="2182" HPOS="152"/>
							<String ID="string_272" HPOS="175" VPOS="2182" WIDTH="117" HEIGHT="29" WC="0.96" CONTENT="ämnet"/><SP WIDTH="29" VPOS="2182" HPOS="292"/>
							<String ID="string_273" HPOS="321" VPOS="2180" WIDTH="81" HEIGHT="30" WC="0.96" CONTENT="från"/><SP WIDTH="23" VPOS="2180" HPOS="402"/>
							<String ID="string_274" HPOS="425" VPOS="2178" WIDTH="135" HEIGHT="36" WC="0.96" CONTENT="Kungl."/><SP WIDTH="24" VPOS="2178" HPOS="560"/>
							<String ID="string_275" HPOS="584" VPOS="2177" WIDTH="120" HEIGHT="36" WC="0.96" CONTENT="Maj:ts"/><SP WIDTH="24" VPOS="2177" HPOS="704"/>
							<String ID="string_276" HPOS="728" VPOS="2175" WIDTH="86" HEIGHT="31" WC="0.96" CONTENT="sida."/>
						</TextLine>
					</TextBlock>
				</ComposedBlock>
				<ComposedBlock ID="cblock_6" HPOS="140" VPOS="2270" WIDTH="1509" HEIGHT="316">
					<TextBlock ID="block_7" HPOS="140" VPOS="2270" WIDTH="1509" HEIGHT="316">
						<TextLine ID="line_31" HPOS="182" VPOS="2270" WIDTH="1465" HEIGHT="50">
							<String ID="string_277" HPOS="182" VPOS="2285" WIDTH="141" HEIGHT="35" WC="0.96" CONTENT="Frågan"/><SP WIDTH="35" VPOS="2285" HPOS="323"/>
							<String ID="string_278" HPOS="358" VPOS="2293" WIDTH="55" HEIGHT="21" WC="0.95" CONTENT="om"/><SP WIDTH="34" VPOS="2293" HPOS="413"/>
							<String ID="string_279" HPOS="447" VPOS="2281" WIDTH="262" HEIGHT="38" WC="0.96" CONTENT="expropriation"/><SP WIDTH="36" VPOS="2281" HPOS="709"/>
							<String ID="string_280" HPOS="745" VPOS="2280" WIDTH="54" HEIGHT="30" WC="0.93" CONTENT="för"/><SP WIDTH="34" VPOS="2280" HPOS="799"/>
							<String ID="string_281" HPOS="833" VPOS="2274" WIDTH="355" HEIGHT="41" WC="0.90" CONTENT="jordbruksändamål"/><SP WIDTH="25" VPOS="2274" HPOS="1188"/>
							<String ID="string_282" HPOS="1213" VPOS="2274" WIDTH="80" HEIGHT="30" WC="0.96" CONTENT="kom"/><SP WIDTH="24" VPOS="2274" HPOS="1293"/>
							<String ID="string_283" HPOS="1317" VPOS="2270" WIDTH="195" HEIGHT="33" WC="0.95" CONTENT="emellertid"/><SP WIDTH="24" VPOS="2270" HPOS="1512"/>
							<String ID="string_284" HPOS="1536" VPOS="2270" WIDTH="111" HEIGHT="35" WC="0.95" CONTENT="några"/>
						</TextLine>
						<TextLine ID="line_32" HPOS="140" VPOS="2321" WIDTH="1507" HEIGHT="51">
							<String ID="string_285" HPOS="140" VPOS="2338" WIDTH="39" HEIGHT="30" WC="0.96" CONTENT="år"/><SP WIDTH="34" VPOS="2338" HPOS="179"/>
							<String ID="string_286" HPOS="213" VPOS="2346" WIDTH="120" HEIGHT="21" WC="0.96" CONTENT="senare"/><SP WIDTH="29" VPOS="2346" HPOS="333"/>
							<String ID="string_287" HPOS="362" VPOS="2345" WIDTH="123" HEIGHT="27" WC="0.96" CONTENT="genom"/><SP WIDTH="24" VPOS="2345" HPOS="485"/>
							<String ID="string_288" HPOS="509" VPOS="2334" WIDTH="171" HEIGHT="31" WC="0.96" CONTENT="motioner"/><SP WIDTH="24" VPOS="2334" HPOS="680"/>
							<String ID="string_289" HPOS="704" VPOS="2331" WIDTH="110" HEIGHT="32" WC="0.96" CONTENT="under"/><SP WIDTH="24" VPOS="2331" HPOS="814"/>
							<String ID="string_290" HPOS="838" VPOS="2329" WIDTH="205" HEIGHT="36" WC="0.95" CONTENT="riksdagens"/><SP WIDTH="24" VPOS="2329" HPOS="1043"/>
							<String ID="string_291" HPOS="1067" VPOS="2327" WIDTH="187" HEIGHT="37" WC="0.91" CONTENT="prövning."/><SP WIDTH="46" VPOS="2327" HPOS="1254"/>
							<String ID="string_292" HPOS="1300" VPOS="2323" WIDTH="120" HEIGHT="32" WC="0.96" CONTENT="Under"/><SP WIDTH="24" VPOS="2323" HPOS="1420"/>
							<String ID="string_293" HPOS="1444" VPOS="2324" WIDTH="85" HEIGHT="29" WC="0.96" CONTENT="åren"/><SP WIDTH="23" VPOS="2324" HPOS="1529"/>
							<String ID="string_294" HPOS="1552" VPOS="2321" WIDTH="95" HEIGHT="35" WC="0.96" CONTENT="1909,"/>
						</TextLine>
						<TextLine ID="line_33" HPOS="142" VPOS="2369" WIDTH="1506" HEIGHT="55">
							<String ID="string_295" HPOS="142" VPOS="2390" WIDTH="94" HEIGHT="34" WC="0.96" CONTENT="1910,"/><SP WIDTH="35" VPOS="2390" HPOS="236"/>
							<String ID="string_296" HPOS="271" VPOS="2389" WIDTH="84" HEIGHT="30" WC="0.96" CONTENT="1911"/><SP WIDTH="36" VPOS="2389" HPOS="355"/>
							<String ID="string_297" HPOS="391" VPOS="2387" WIDTH="63" HEIGHT="32" WC="0.95" CONTENT="och"/><SP WIDTH="35" VPOS="2387" HPOS="454"/>
							<String ID="string_298" HPOS="489" VPOS="2386" WIDTH="82" HEIGHT="31" WC="0.95" CONTENT="1912"/><SP WIDTH="33" VPOS="2386" HPOS="571"/>
							<String ID="string_299" HPOS="604" VPOS="2383" WIDTH="208" HEIGHT="33" WC="0.96" CONTENT="framfördes"/><SP WIDTH="28" VPOS="2383" HPOS="812"/>
							<String ID="string_300" HPOS="840" VPOS="2382" WIDTH="180" HEIGHT="36" WC="0.96" CONTENT="nämligen"/><SP WIDTH="24" VPOS="2382" HPOS="1020"/>
							<String ID="string_301" HPOS="1044" VPOS="2381" WIDTH="12" HEIGHT="30" WC="0.96" CONTENT="i"/><SP WIDTH="23" VPOS="2381" HPOS="1056"/>
							<String ID="string_302" HPOS="1079" VPOS="2379" WIDTH="111" HEIGHT="31" WC="0.96" CONTENT="andra"/><SP WIDTH="24" VPOS="2379" HPOS="1190"/>
							<String ID="string_303" HPOS="1214" VPOS="2378" WIDTH="203" HEIGHT="30" WC="0.96" CONTENT="kammaren"/><SP WIDTH="25" VPOS="2378" HPOS="1417"/>
							<String ID="string_304" HPOS="1442" VPOS="2369" WIDTH="206" HEIGHT="46" WC="0.90" CONTENT="motionsvis"/>
						</TextLine>
						<TextLine ID="line_34" HPOS="142" VPOS="2426" WIDTH="1507" HEIGHT="50">
							<String ID="string_305" HPOS="142" VPOS="2441" WIDTH="132" HEIGHT="35" WC="0.96" CONTENT="förslag"/><SP WIDTH="35" VPOS="2441" HPOS="274"/>
							<String ID="string_306" HPOS="309" VPOS="2450" WIDTH="56" HEIGHT="21" WC="0.94" CONTENT="om"/><SP WIDTH="34" VPOS="2450" HPOS="365"/>
							<String ID="string_307" HPOS="399" VPOS="2440" WIDTH="50" HEIGHT="30" WC="0.94" CONTENT="att"/><SP WIDTH="34" VPOS="2440" HPOS="449"/>
							<String ID="string_308" HPOS="483" VPOS="2439" WIDTH="126" HEIGHT="36" WC="0.96" CONTENT="ytterst"/><SP WIDTH="34" VPOS="2439" HPOS="609"/>
							<String ID="string_309" HPOS="643" VPOS="2446" WIDTH="123" HEIGHT="28" WC="0.96" CONTENT="genom"/><SP WIDTH="35" VPOS="2446" HPOS="766"/>
							<String ID="string_310" HPOS="801" VPOS="2433" WIDTH="262" HEIGHT="37" WC="0.96" CONTENT="expropriation"/><SP WIDTH="28" VPOS="2433" HPOS="1063"/>
							<String ID="string_311" HPOS="1091" VPOS="2430" WIDTH="127" HEIGHT="32" WC="0.96" CONTENT="bereda"/><SP WIDTH="28" VPOS="2430" HPOS="1218"/>
							<String ID="string_312" HPOS="1246" VPOS="2428" WIDTH="73" HEIGHT="32" WC="0.96" CONTENT="dels"/><SP WIDTH="24" VPOS="2428" HPOS="1319"/>
							<String ID="string_313" HPOS="1343" VPOS="2430" WIDTH="147" HEIGHT="33" WC="0.93" CONTENT="torpare,"/><SP WIDTH="25" VPOS="2430" HPOS="1490"/>
							<String ID="string_314" HPOS="1515" VPOS="2426" WIDTH="134" HEIGHT="35" WC="0.92" CONTENT="bolags-"/>
						</TextLine>
						<TextLine ID="line_35" HPOS="141" VPOS="2477" WIDTH="1508" HEIGHT="47">
							<String ID="string_315" HPOS="141" VPOS="2492" WIDTH="242" HEIGHT="31" WC="0.96" CONTENT="arrendatorer"/><SP WIDTH="34" VPOS="2492" HPOS="383"/>
							<String ID="string_316" HPOS="417" VPOS="2490" WIDTH="62" HEIGHT="32" WC="0.96" CONTENT="och"/><SP WIDTH="34" VPOS="2490" HPOS="479"/>
							<String ID="string_317" HPOS="513" VPOS="2490" WIDTH="110" HEIGHT="31" WC="0.96" CONTENT="andra"/><SP WIDTH="28" VPOS="2490" HPOS="623"/>
							<String ID="string_318" HPOS="651" VPOS="2490" WIDTH="43" HEIGHT="34" WC="0.96" CONTENT="på"/><SP WIDTH="24" VPOS="2490" HPOS="694"/>
							<String ID="string_319" HPOS="718" VPOS="2486" WIDTH="168" HEIGHT="33" WC="0.96" CONTENT="liknande"/><SP WIDTH="23" VPOS="2486" HPOS="886"/>
							<String ID="string_320" HPOS="909" VPOS="2486" WIDTH="70" HEIGHT="31" WC="0.96" CONTENT="sätt"/><SP WIDTH="24" VPOS="2486" HPOS="979"/>
							<String ID="string_321" HPOS="1003" VPOS="2483" WIDTH="164" HEIGHT="32" WC="0.96" CONTENT="beroende"/><SP WIDTH="25" VPOS="2483" HPOS="1167"/>
							<String ID="string_322" HPOS="1192" VPOS="2480" WIDTH="231" HEIGHT="38" WC="0.93" CONTENT="jordbrukare"/><SP WIDTH="23" VPOS="2480" HPOS="1423"/>
							<String ID="string_323" HPOS="1446" VPOS="2480" WIDTH="20" HEIGHT="29" WC="0.91" CONTENT="å"/><SP WIDTH="24" VPOS="2480" HPOS="1466"/>
							<String ID="string_324" HPOS="1490" VPOS="2477" WIDTH="159" HEIGHT="32" WC="0.96" CONTENT="enskilda"/>
						</TextLine>
						<TextLine ID="line_36" HPOS="143" VPOS="2541" WIDTH="1469" HEIGHT="45">
							<String ID="string_325" HPOS="143" VPOS="2555" WIDTH="110" HEIGHT="31" WC="0.91" CONTENT="Bihang"/><SP WIDTH="26" VPOS="2555" HPOS="253"/>
							<String ID="string_326" HPOS="279" VPOS="2554" WIDTH="41" HEIGHT="25" WC="0.96" CONTENT="till"/><SP WIDTH="26" VPOS="2554" HPOS="320"/>
							<String ID="string_327" HPOS="346" VPOS="2553" WIDTH="165" HEIGHT="30" WC="0.96" CONTENT="riksdagens"/><SP WIDTH="27" VPOS="2553" HPOS="511"/>
							<String ID="string_328" HPOS="538" VPOS="2551" WIDTH="143" HEIGHT="31" WC="0.95" CONTENT="protokoll"/><SP WIDTH="26" VPOS="2551" HPOS="681"/>
							<String ID="string_329" HPOS="707" VPOS="2551" WIDTH="76" HEIGHT="24" WC="0.96" CONTENT="1924."/><SP WIDTH="43" VPOS="2551" HPOS="783"/>
							<String ID="string_330" HPOS="826" VPOS="2552" WIDTH="16" HEIGHT="22" WC="0.96" CONTENT="9"/><SP WIDTH="19" VPOS="2552" HPOS="842"/>
							<String ID="string_331" HPOS="861" VPOS="2550" WIDTH="79" HEIGHT="23" WC="0.92" CONTENT="saml."/><SP WIDTH="38" VPOS="2550" HPOS="940"/>
							<String ID="string_332" HPOS="978" VPOS="2548" WIDTH="16" HEIGHT="25" WC="0.96" CONTENT="2"/><SP WIDTH="19" VPOS="2548" HPOS="994"/>
							<String ID="string_333" HPOS="1013" VPOS="2547" WIDTH="61" HEIGHT="25" WC="0.95" CONTENT="avd."/><SP WIDTH="39" VPOS="2547" HPOS="1074"/>
							<String ID="string_334" HPOS="1113" VPOS="2547" WIDTH="33" HEIGHT="23" WC="0.93" CONTENT="33"/><SP WIDTH="21" VPOS="2547" HPOS="1146"/>
							<String ID="string_335" HPOS="1167" VPOS="2545" WIDTH="68" HEIGHT="30" WC="0.90" CONTENT="häft."/><SP WIDTH="38" VPOS="2545" HPOS="1235"/>
							<String ID="string_336" HPOS="1273" VPOS="2541" WIDTH="54" HEIGHT="31" WC="0.96" CONTENT="(Nr"/><SP WIDTH="18" VPOS="2541" HPOS="1327"/>
							<String ID="string_337" HPOS="1345" VPOS="2544" WIDTH="55" HEIGHT="29" WC="0.93" CONTENT="37.)"/><SP WIDTH="201" VPOS="2544" HPOS="1400"/>
							<String ID="string_338" HPOS="1601" VPOS="2542" WIDTH="11" HEIGHT="22" WC="0.97" CONTENT="1"/>
						</TextLine>
					</TextBlock>
				</ComposedBlock>
				<ComposedBlock ID="cblock_7" HPOS="1701" VPOS="1542" WIDTH="123" HEIGHT="26">
					<TextBlock ID="block_8" HPOS="1701" VPOS="1542" WIDTH="123" HEIGHT="26">
						<TextLine ID="line_37" HPOS="1701" VPOS="1542" WIDTH="123" HEIGHT="26">
							<String ID="string_339" HPOS="1701" VPOS="1542" WIDTH="123" HEIGHT="26" WC="0.96" CONTENT="Historik."/>
						</TextLine>
					</TextBlock>
				</ComposedBlock>
				<ComposedBlock ID="cblock_8" HPOS="1663" VPOS="1596" WIDTH="204" HEIGHT="163">
					<TextBlock ID="block_9" HPOS="1663" VPOS="1596" WIDTH="204" HEIGHT="163">
						<TextLine ID="line_38" HPOS="1687" VPOS="1596" WIDTH="161" HEIGHT="23">
							<String ID="string_340" HPOS="1687" VPOS="1596" WIDTH="161" HEIGHT="23" WC="0.90" CONTENT="Norrlands-"/>
						</TextLine>
						<TextLine ID="line_39" HPOS="1685" VPOS="1631" WIDTH="160" HEIGHT="23">
							<String ID="string_341" HPOS="1685" VPOS="1631" WIDTH="160" HEIGHT="23" WC="0.96" CONTENT="kommitténs"/>
						</TextLine>
						<TextLine ID="line_40" HPOS="1684" VPOS="1666" WIDTH="162" HEIGHT="24">
							<String ID="string_342" HPOS="1684" VPOS="1666" WIDTH="162" HEIGHT="24" WC="0.95" CONTENT="betänkande"/>
						</TextLine>
						<TextLine ID="line_41" HPOS="1663" VPOS="1701" WIDTH="204" HEIGHT="24">
							<String ID="string_343" HPOS="1663" VPOS="1702" WIDTH="50" HEIGHT="23" WC="0.95" CONTENT="den"/><SP WIDTH="27" VPOS="1702" HPOS="1713"/>
							<String ID="string_344" HPOS="1740" VPOS="1702" WIDTH="35" HEIGHT="22" WC="0.92" CONTENT="27"/><SP WIDTH="23" VPOS="1702" HPOS="1775"/>
							<String ID="string_345" HPOS="1798" VPOS="1701" WIDTH="69" HEIGHT="23" WC="0.51" CONTENT="okte-"/>
						</TextLine>
						<TextLine ID="line_42" HPOS="1693" VPOS="1736" WIDTH="139" HEIGHT="23">
							<String ID="string_346" HPOS="1693" VPOS="1738" WIDTH="43" HEIGHT="21" WC="0.96" CONTENT="ber"/><SP WIDTH="21" VPOS="1738" HPOS="1736"/>
							<String ID="string_347" HPOS="1757" VPOS="1736" WIDTH="75" HEIGHT="23" WC="0.95" CONTENT="1904."/>
						</TextLine>
					</TextBlock>
				</ComposedBlock>
				<ComposedBlock ID="cblock_9" HPOS="1678" VPOS="2276" WIDTH="186" HEIGHT="59">
					<TextBlock ID="block_10" HPOS="1678" VPOS="2276" WIDTH="186" HEIGHT="59">
						<TextLine ID="line_43" HPOS="1678" VPOS="2276" WIDTH="186" HEIGHT="31">
							<String ID="string_348" HPOS="1678" VPOS="2276" WIDTH="186" HEIGHT="31" WC="0.84" CONTENT="Riksdagarra"/>
						</TextLine>
						<TextLine ID="line_44" HPOS="1680" VPOS="2311" WIDTH="181" HEIGHT="24">
							<String ID="string_349" HPOS="1680" VPOS="2311" WIDTH="181" HEIGHT="24" WC="0.39" CONTENT="1909-—1912."/>
						</TextLine>
					</TextBlock>
				</ComposedBlock>
			</PrintSpace>
		</Page>
	</Layout>
</alto>
