2214 2576
393 201 19 28 8
881 195 268 34 Statsutskottets
1178 194 177 34 Utlåtande
1378 196 62 32 N:o
1462 198 51 29 49.

348 284 68 43 för,
444 284 126 35 liksom
596 284 65 45 jag
689 284 31 44 ej
750 284 110 34 heller
891 285 95 33 1885
1015 283 143 34 röstade
1184 283 56 34 för
1267 283 67 34 den
1363 281 226 44 afskrifning,
1619 292 72 24 som
1715 279 44 37 då
1787 282 87 44 egde
1889 291 88 24 rum.

350 334 130 35 Denna
509 335 218 43 afskrifning
754 335 66 33 har
847 334 72 34 fört
946 344 133 24 samma
1106 334 293 43 missgynsamma
1426 332 196 43 inflytande
1649 330 45 45 på
1721 330 89 37 våra
1829 333 155 33 finanser

351 397 72 22 som
452 385 511 44 grundskatteafskrifningen,
992 385 66 34 och
1086 386 63 33 bör
1176 385 111 33 redan
1315 383 40 34 af
1380 384 99 33 detta
1495 383 78 34 skäl
1589 382 30 44 ej
1638 380 36 37 få
1693 383 74 42 ske,
1785 381 44 36 då
1843 382 141 35 tiderna

351 437 85 33 hota
476 437 79 34 med
595 437 192 33 statsbrist.
843 434 87 35 Men
968 435 65 44 jag
1073 435 67 34 har
1170 437 73 32 mot
1271 435 115 33 denna
1414 433 216 44 afskrifning
1658 434 58 33 det
1743 437 47 30 än
1818 434 164 33 starkare

352 488 90 42 skäl,
471 490 54 31 att
554 488 68 33 den
649 487 148 34 bereder
826 484 243 46 öfvergången
1097 486 55 34 till
1179 488 56 31 att
1262 482 111 37 såsom
1402 485 64 33 bas
1494 484 55 34 för
1562 484 81 34 hela
1658 481 65 37 vår
1744 487 91 30 stam
1850 487 134 40 antaga

353 538 59 33 det
452 538 12 33 i
506 539 71 33 alla
610 538 113 34 andra
754 538 123 34 länder
904 537 169 33 utdömda
1103 536 367 43 värfningssystemet.
1525 534 75 44 Jag
1627 534 63 35 vill
1716 534 12 33 i
1756 535 59 32 det
1842 535 142 42 längsta

353 586 158 36 vidhålla
553 589 67 33 den
648 588 237 43 förhoppning
912 589 65 41 att,
1007 584 45 37 då
1078 587 135 34 indelta
1242 587 121 33 armén
1392 596 43 24 en
1462 583 95 46 gång
1584 585 171 42 afträder,
1784 584 71 34 han
1875 582 109 37 måtte

353 636 37 36 få
418 649 42 23 en
490 639 249 42 efterträdare,
769 649 72 23 som
870 637 31 44 ej
931 641 42 30 är
999 637 163 44 grundad
1189 635 46 45 på
1263 647 42 24 en
1333 634 39 36 så
1399 636 95 34 falsk
1520 635 147 44 princip.

487 688 89 35 Man
617 690 112 42 yrkar
768 699 59 32 nu,
862 688 64 34 och
960 689 100 34 detta
1088 692 40 30 är
1156 688 60 33 det
1243 697 71 33 nya
1341 687 54 34 uti
1423 687 114 34 denna
1566 687 76 42 sak,
1671 683 45 46 på
1745 696 40 24 en
1816 685 169 44 betydlig,

354 738 81 35 från
464 750 43 23 en
536 740 55 34 del
619 737 73 36 håll
721 750 39 24 en
790 739 210 43 fullständig
1027 738 217 44 afskrifning
1264 737 39 34 af
1322 735 89 36 både
1426 737 256 44 grundskatter
1697 737 64 33 och
1776 735 211 44 indelnings-

355 791 100 42 verk,
497 793 89 31 utan
628 793 55 31 att
723 801 60 23 ens
816 792 95 31 sätta
939 790 11 33 i
978 787 104 45 fråga
1110 790 67 33 den
1206 789 89 33 allra
1324 788 128 34 minsta
1480 787 218 43 förbättring
1724 787 12 33 i
1764 784 83 36 vårt
1874 796 112 33 svaga

356 840 152 44 försvar,
537 845 45 30 än
612 841 134 34 mindre
775 851 42 23 en
844 851 49 32 ny
920 840 176 34 förstärkt
1123 839 229 43 härordning,
1382 839 147 34 hvarom
1557 836 103 45 fråga
1680 848 65 24 var
1766 841 94 30 ännu
1879 838 108 40 1873,

357 892 64 33 och
454 892 116 33 dertill
601 895 76 30 tror
704 902 80 23 man
813 891 54 43 sig
894 892 120 32 kunna
1043 888 162 45 päräkna
1232 889 101 34 bifall
1362 889 39 33 af
1425 888 88 34 både
1541 888 162 43 Riksdag
1722 888 65 34 och
1805 885 180 45 regering!

356 940 72 35 För
455 942 73 33 min
556 943 56 33 del
639 943 71 32 kan
737 942 63 43 jag
828 940 31 45 ej
890 951 88 25 vara
1006 941 79 33 med
1113 941 159 42 derom;>;

495 1043 40 34 af
559 1044 126 33 herrar
716 1043 34 34 OC.
780 1041 197 44 Ifvarsson,
1005 1041 47 35 N.
1084 1041 197 41 Petersson,
1313 1040 35 34 C.
1378 1039 36 35 J.
1445 1039 187 34 Petersson
1650 1039 63 34 och
1734 1039 44 33 A.
1801 1038 190 44 Svensson;

495 1144 40 34 af
559 1145 127 33 herrar
716 1144 45 33 N.
804 1143 133 41 Olsson,
970 1143 77 34 vice
1080 1143 205 33 talmannen
1314 1140 37 35 S.
1382 1140 152 42 Nilsson,
1563 1140 44 34 P.
1641 1139 38 35 O.
1709 1138 206 44 Hörnfeldt,
1949 1138 38 35 O.

358 1196 164 41 Jonsson,
564 1194 43 35 P.
652 1194 166 42 Pehrson,
860 1194 45 33 A.
948 1193 166 42 Persson,
1147 1192 47 34 N.
1228 1192 152 34 Persson
1410 1190 66 35 och
1502 1190 46 34 N.
1579 1190 154 42 Nilsson,
1762 1190 123 34 hvilka
1913 1189 76 34 sist-

358 1246 153 35 nämnda
552 1243 77 36 åtta
670 1245 195 33 ledamöter
906 1247 118 31 ansett
1065 1243 194 34 utskottets
1298 1242 169 43 yttrande
1508 1241 64 34 och
1606 1241 132 43 förslag
1765 1241 87 33 böra
1880 1239 110 36 hafva

357 1297 158 44 följande
543 1296 135 43 lydelse
707 1295 63 34 och
797 1292 170 36 innehåll:

500 1344 80 36 »Då
621 1345 217 44 Riksdagen,
878 1345 142 43 jemlikt
1061 1343 186 34 skrifvelse
1289 1343 65 33 den
1397 1344 46 32 20
1485 1341 69 44 maj
1589 1343 106 41 1885,
1724 1341 99 34 biföll
1851 1340 133 44 Kongl.

360 1396 128 45 Maj:ts
516 1397 136 43 förslag
680 1407 53 23 om
761 1396 230 42 nedsättning
1018 1395 77 33 med
1123 1394 124 34 trettio
1275 1396 145 40 procent
1448 1392 12 33 i
1488 1392 41 34 de
1557 1390 46 45 på
1629 1392 72 35 viss
1718 1392 82 44 jord
1819 1391 168 34 hvilande

360 1448 307 43 orundskatterna
696 1447 63 33 och
788 1456 43 24 en
858 1445 252 35 motsvarande
1127 1444 156 43 lindring
1302 1443 220 43 irustnings-
1538 1443 64 33 och
1624 1442 363 43 roteringsbesvären,

360 1496 199 45 åberopade
587 1497 207 43 Riksdagen
813 1501 63 29 två
895 1496 313 43 omständigheter,
1229 1494 136 39 hvilka,
1383 1493 110 43 enligt
1508 1492 225 44 Riksdagens
1748 1491 239 42 förmenande,

360 1559 85 24 vore
475 1548 39 34 af
540 1550 74 31 stor
641 1548 79 43 vigt
747 1547 60 35 vid
835 1543 388 47 grundskattefrågans
1251 1544 177 44 pröfning,
1459 1544 174 43 nemligen
1662 1544 72 32 dels
1759 1542 231 44 jordbrukets

361 1599 147 42 tryckta
537 1598 171 43 ställning
736 1598 64 33 och
828 1597 73 34 dels
930 1597 59 33 det
1016 1605 209 34 gynsamma
1252 1592 173 44 tillstånd,
1455 1594 103 34 hvari
1578 1594 237 34 statsverkets
1834 1592 155 34 finanser

360 1649 154 34 befunno
544 1649 63 43 sig.
652 1647 67 35 Om
746 1651 46 30 än
820 1648 238 33 statsverkets
1086 1646 197 34 finansiella
1312 1644 170 43 ställning
1508 1644 55 34 för
1591 1644 225 34 närvarande
1843 1643 78 34 icke
1949 1646 42 30 är

362 1697 38 36 så
440 1699 230 43 fördelaktig,
714 1708 71 24 som
826 1698 67 33 den
925 1698 123 33 visade
1081 1697 53 43 sig
1166 1696 59 34 vid
1265 1697 95 32 1885
1389 1692 57 36 års
1473 1694 157 44 riksdag,
1660 1694 100 34 torde
1788 1694 202 33 densamma

361 1751 90 33 dock
478 1749 196 44 ingalunda
702 1749 106 43 lägga
836 1748 126 34 hinder
980 1748 12 33 i
1010 1751 118 39 vägen
1147 1746 55 34 för
1218 1756 42 24 en
1275 1745 212 43 ytterligare
1501 1745 180 33 utsträckt
1696 1743 294 43 skattelindring;

363 1801 64 33 och
467 1799 224 35 beträffande
730 1799 231 43 jordbrukets
993 1797 171 43 ställning
1196 1796 100 34 torde
1331 1796 59 33 det
1416 1796 117 42 tryck,
1562 1794 134 36 hvaraf
1721 1795 194 33 detsamma
1944 1803 47 23 nu

362 1851 101 42 lider,
496 1860 90 25 vara
619 1854 46 29 än
697 1849 211 43 ytterligare
937 1848 110 34 ökadt
1076 1848 64 34 och
1168 1844 136 37 således
1331 1846 176 33 innefatta
1536 1849 95 30 ännu
1658 1848 114 31 större
1801 1844 192 42 anledning

362 1901 55 33 till
451 1898 130 46 åtgärd
608 1898 81 36 från
717 1902 297 40 statsmagternas
1043 1898 75 34 sida
1146 1901 46 30 än
1221 1908 72 23 som
1321 1896 156 34 förefans
1503 1896 61 34 vid
1587 1896 97 34 tiden
1707 1895 56 34 för
1787 1895 66 33 den
1872 1896 121 32 senast

362 1951 184 34 beslutade
588 1950 406 43 skattenedsättningen.
1051 1947 56 35 De
1139 1948 216 43 bekymmer,
1391 1946 230 44 jordbrukets
1650 1946 144 43 tryckta
1823 1945 170 42 ställning

362 2001 221 43 framkallat,
614 2011 107 33 synas
748 2000 176 43 nemligen
951 2000 178 33 utskottet
1156 2008 89 24 vara
1273 1995 39 36 så
1340 1997 182 43 allvarligt
1549 1997 182 44 grundade
1754 1996 64 34 och
1846 1996 148 33 allmänt

363 2049 170 45 rådande,
563 2054 55 31 att
646 2052 42 33 de
716 2052 77 33 med
820 2050 268 43 nödvändighet
1115 2046 180 46 påfordra,
1316 2050 55 31 att
1390 2045 167 46 åtgärder
1575 2047 167 43 vidtagas
1761 2047 55 33 till
1831 2045 161 35 lättande

364 2102 40 33 af
426 2101 282 44 jordbrukarnes
736 2099 239 45 svårigheter;
1006 2101 64 33 och
1098 2099 138 34 oafsedt
1262 2098 177 35 huruvida
1459 2098 106 34 äfven
1581 2098 112 33 andra
1707 2100 157 40 utvägar
1879 2095 114 34 skulle

362 2153 124 33 kunna
513 2152 193 34 förefinnas
734 2152 54 34 för
816 2154 52 31 ett
896 2151 115 43 dylikt
1039 2147 183 37 ändamåls
1250 2148 209 44 främjande,
1489 2148 200 34 föreställer
1717 2147 54 44 sig
1803 2147 188 40 utskottet,

364 2205 52 32 att
452 2205 181 31 närmaste
666 2201 174 44 åtgärden
874 2201 54 34 för
960 2201 207 43 betryckets
1194 2200 185 33 lindrande
1407 2198 165 45 erbjuder
1600 2198 54 43 sig
1681 2198 12 33 i
1721 2208 43 23 en
1792 2195 201 36 skattened-

364 2253 172 43 sättning,
566 2253 62 33 der
656 2250 108 36 sådan
792 2253 71 33 kan
892 2252 72 33 ske.
