1912 2842
447 167 394 38 Bevillningsutskottets
868 167 218 31 betänkande
1111 167 49 30 Nr
1183 168 49 31 32.
1544 163 61 30 111

229 253 139 36 (Kungl.
392 253 121 36 Maj:ts
534 252 159 37 förslag.)
1040 251 207 37 (Utskottets
1268 251 158 37 förslag.)

799 312 42 30 34
864 311 30 37 8.

142 371 136 36 Vanligt
297 371 251 36 handelsbolag
566 389 44 4 —
631 389 45 4 —
693 389 45 4 —
759 370 57 30 det
837 370 183 30 distriktet.

141 422 66 30 Vid
230 421 149 37 uppgift,
403 430 77 22 som
502 421 12 30 i
536 421 115 31 denna
675 420 166 38 paragraf
863 421 88 36 sägs,
977 420 90 31 skall
1089 420 99 36 fogas
1210 420 156 36 bestyrkt
1389 419 148 31 avskrift
1561 428 46 22 av

97 472 273 37 balansräkning
389 471 58 31 för
465 470 315 38 beskattningsåret
800 472 66 30 och
885 470 275 38 balansräkning
1181 470 56 31 för
1259 470 56 31 det
1336 471 157 30 närmast
1514 469 89 31 före-

97 522 131 38 gående
253 522 292 37 räkenskapsåret
567 525 92 28 samt
684 531 44 22 av
751 522 104 31 vinst-
881 522 66 30 och
972 521 276 37 förlusträkning
1272 521 56 31 för
1351 520 253 37 beskattnings-

98 573 82 37 året,
203 583 58 21 om
281 573 110 31 sådan
413 573 149 37 räkning
583 572 110 38 ingått
714 573 11 30 i
744 572 243 37 bokföringen,
1008 572 165 31 ävensom
1193 590 45 5 —
1258 572 79 30 med
1359 571 246 31 motsvarande

97 624 220 37 tillämpning
339 633 43 22 av
403 624 239 36 stadgandena
663 623 12 31 i
699 624 39 30 31
763 623 19 37 8
807 623 111 31 andra
941 623 133 37 stycket
1094 641 45 4 —
1159 622 280 37 uppställningar
1462 622 66 31 och
1551 623 53 29 rä-

98 675 311 36 kenskapsutdrag,
430 684 122 21 varom
571 674 64 31 där
654 674 174 30 förmäles.

805 767 42 30 36
869 767 30 37 8.

143 827 19 30 2
184 835 105 21 mom.
335 826 14 30 I
373 827 39 29 31
437 826 19 37 8
479 825 110 37 tredje
610 826 66 30 och
697 825 115 37 fjärde
834 825 168 37 styckena
1022 823 235 32 omförmälda
1277 824 211 36 handlingar
1507 824 99 30 skola

99 877 180 31 avlämnas
300 876 178 37 samtidigt
500 876 80 31 med
601 877 66 30 och
691 876 98 37 fogas
811 875 58 32 vid
890 876 68 30 den
980 875 83 31 eller
1086 876 41 30 de
1149 874 357 38 självdeklarationer,
1530 883 75 22 som

99 928 66 30 den
185 927 250 37 skattskyldige
454 927 148 36 avgiver.
644 925 112 32 Möter
775 926 126 31 hinder
920 943 46 5 —
984 945 45 4 —
1045 942 45 6 —
1110 926 61 31 ske
1189 926 81 31 kan.

802 1020 40 30 37
864 1020 30 37 8.

145 1080 15 29 1
184 1087 104 22 mom.
336 1078 325 37 Självdeklaration,
684 1087 75 22 som
780 1097 44 3 —
846 1095 45 4 —-—
911 1096 45 4 —
976 1076 375 37 landsfiskalsdistrikt,
1375 1077 64 30 där
1458 1076 150 31 taxerin-

100 1137 64 29 gen
183 1129 90 31 skall
290 1129 65 37 äga
371 1138 89 21 rum.

144 1179 244 31 Motsvarande
403 1180 108 36 gäller
526 1179 11 30 i
552 1179 100 37 fråga
668 1188 57 21 om
741 1178 232 32 avlämnande
989 1188 43 21 av
1049 1178 218 37 handlingar,
1287 1187 75 21 som
1379 1177 230 31 omförmälas

99 1230 12 31 i
132 1231 40 30 31
197 1230 19 38 8
237 1229 110 37 tredje
368 1231 67 30 och
457 1229 114 37 fjärde
592 1230 176 36 styckena.
812 1229 128 31 Kunna
961 1228 256 38 handlingarna
1238 1247 44 4 —
1299 1247 45 4 --
1364 1247 45 4 —
1430 1229 66 36 äga
1518 1237 90 21 rum.

144 1280 184 38 Uppgifter
347 1280 106 37 enligt
472 1299 46 4 —
534 1297 46 5 —
596 1299 44 4 —
659 1279 177 38 uppgifter
857 1289 109 22 avser.

805 1373 41 30 56
868 1373 30 37 8.

144 1432 16 29 1
186 1441 105 21 mom.
339 1432 221 37 Granskning
585 1441 43 21 av
653 1449 46 4 —
722 1449 45 4 —
791 1449 45 3 —
861 1431 181 37 befintliga
1069 1430 355 38 självdeklarationer.

143 1483 68 30 För
238 1482 188 31 innehållet
451 1500 46 4 —
522 1499 45 4 —
591 1500 45 4 —
662 1482 200 36 taxeringen
890 1481 186 31 erfordras.
1128 1481 90 31 Utan
1246 1482 67 29 den
1342 1481 266 36 skattskyldiges

99 1533 194 37 skriftligen
320 1533 102 37 givna
450 1533 178 37 samtycke
655 1531 59 32 må
741 1531 308 37 självdeklaration
1077 1532 75 30 icke
1179 1532 11 30 i
1219 1531 388 37 beskattningsnämnds

99 1583 172 37 protokoll
291 1583 133 37 intagas
445 1583 11 30 i
476 1583 118 30 vidare
613 1582 82 31 mån
716 1584 46 29 än
782 1591 74 21 som
877 1581 157 38 påkallas
1056 1591 42 21 av
1118 1582 236 36 stadgandena
1375 1582 11 30 i
1407 1582 53 36 83,
1481 1583 53 35 87,
1555 1582 52 34 98,

102 1635 71 34 103,
197 1634 60 30 105
276 1634 67 30 och
366 1634 61 30 115
448 1633 52 38 8$.

144 1683 313 37 Självdeklaration
476 1684 89 30 skall
582 1701 45 4 —
642 1701 46 4 —
704 1701 45 4 —
766 1683 151 31 anlitade
936 1682 249 38 medhjälpare.

808 1777 40 30 76
870 1776 29 38 8.

146 1835 121 31 Senast
290 1836 66 30 den
383 1836 38 29 15
444 1835 156 31 februari
623 1835 99 31 skola
743 1835 10 30 i
774 1835 66 30 den
862 1834 159 37 ordning,
1047 1834 121 36 Kungl.
1192 1833 102 37 Maj:t
1316 1833 219 36 föreskriver,
1557 1833 51 31 till

101 1886 370 36 taxeringsnämndens
491 1885 223 36 ordförande,
734 1888 97 27 utom
852 1885 11 30 i
886 1885 212 35 Stockholm,
1119 1885 218 30 överlämnas
1359 1883 187 32 avskrifter
1566 1893 42 21 av

102 1936 383 36 fastighetslängderna,
517 1935 314 36 inkomstlängden,
865 1934 419 37 förmögenhetslängden,
1316 1934 291 36 skogsaccisläng-

102 1987 67 30 den
190 1987 66 29 och
278 1985 464 37 länsprövningsnämndens
762 1985 311 36 ändringslängder
1095 1984 57 30 för
1174 1984 288 37 nästföregående
1485 1983 48 37 år,
1556 1983 52 32 så-

102 2036 62 31 vitt
183 2036 348 36 taxeringsdistriktet
550 2035 118 37 angår.

147 2086 99 31 Inom
264 2096 135 21 samma
414 2103 46 4 —
474 2105 45 4 —
535 2103 44 4 —
595 2085 359 31 mellankommunala
971 2085 376 37 prövningsnämnden.

810 2170 39 29 77
873 2170 29 37 8.

146 2229 15 28 1
188 2237 104 21 mom.
340 2228 323 36 ”Taxeringsnämnd
681 2229 64 29 har
762 2231 59 32 att,
840 2228 79 30 med
937 2228 10 30 i
966 2229 41 29 85
1027 2229 18 36 8
1065 2228 135 36 angivet
1217 2228 188 36 undantag,
1425 2228 184 30 verkställa

99 2279 155 37 taxering
273 2288 42 21 av
336 2279 89 35 dem,
447 2287 75 21 som
541 2279 60 29 äro
622 2278 251 36 skattskyldiga
894 2278 96 30 inom
1010 2279 194 29 nämndens
1224 2278 321 36 taxeringsdistrikt.

148 2329 20 29 2
200 2337 104 21 mom.
359 2328 75 30 Den
465 2336 260 28 gemensamma
756 2327 352 36 taxeringsnämnden
1140 2328 66 29 har
1238 2330 48 27 att
1318 2328 186 30 verkställa
1537 2328 72 29 dels

103 2378 156 36 taxering
288 2378 51 30 till
369 2377 115 37 statlig
513 2378 167 30 inkomst-
711 2378 66 30 och
807 2377 354 36 förmögenhetsskatt
1193 2378 65 29 och
1288 2377 150 30 särskild
1467 2378 92 29 skatt
1589 2377 21 31 å

104 2429 240 36 förmögenhet
374 2437 43 22 av
446 2427 263 37 skattskyldiga,
741 2437 75 21 som
846 2428 112 30 sakna
987 2427 324 30 hemortskommun
1341 2427 10 30 i
1379 2427 98 36 riket,
1508 2427 100 30 även-

104 2489 74 21 som
203 2488 42 21 av
269 2478 132 31 sådana
423 2478 11 30 i
459 2479 41 29 26
523 2479 19 36 8
566 2477 250 36 förordningen
839 2487 57 20 om
920 2477 115 36 statlig
1057 2477 166 30 inkomst-
1246 2478 66 30 och
1336 2477 272 36 förmögenhets-

104 2531 91 29 skatt
214 2529 234 31 omförmälda
467 2528 262 37 skattskyldiga,
750 2537 74 22 som
845 2527 139 37 jämlikt
1005 2528 18 36 8
1054 2529 9 29 3
1082 2537 104 21 mom.
1208 2529 18 29 2
1246 2528 362 36 mantalsskrivnings-
