1896 2832
272 155 59 29 104
640 154 393 44 Bevillningsutskottets
1058 161 218 32 betänkande
1299 163 49 31 Nr
1372 165 49 30 32.

409 243 138 36 (Kungl.
571 243 121 37 Maj:ts
713 245 157 37 förslag.)
1218 247 206 36 (Utskottets
1445 248 158 37 förslag.)

994 306 70 36 38.

323 368 154 31 Särskild
499 370 91 30 skatt
612 369 21 31 å
657 370 240 37 förmögenhet
919 373 90 29 skall
1032 373 134 35 utgöra:

319 419 64 29 när
406 419 66 30 den
499 419 324 38 beskattningsbara
852 421 284 37 förmögenheten
1166 422 76 31 icke
1271 423 185 36 överstiger
1485 423 119 36 40,000
1634 424 142 30 kronor:

278 478 43 21 en
345 470 158 36 promille
525 480 42 20 av
588 471 70 31 den
679 472 57 29 del
759 481 41 21 av
824 472 68 30 den
917 473 325 36 beskattningsbara
1265 473 295 37 förmögenheten,
1587 484 74 21 som
1685 476 93 29 över-

281 519 102 36 stiger
407 520 118 36 20,000
549 521 141 36 kronor,
713 522 90 30 dock
828 522 88 36 lägst
940 532 44 21 en
1008 523 125 36 krona;

323 570 65 30 när
415 571 68 29 den
508 571 324 37 beskattningsbara
858 572 286 37 förmögenheten
1172 574 186 37 överstiger

322 644 114 33 40,000
460 652 68 19 men
550 645 68 27 icke
673 646 112 33 80,000
808 647 60 26 kr.:
946 648 39 27 20
1008 648 45 26 kr.
1066 648 47 26 för
1167 649 113 32 40,000
1303 649 46 26 kr.
1363 649 57 26 och
1443 649 62 31 22.
1528 656 39 20 av
1594 649 189 33 återstoden;

324 694 113 33 80,000
491 704 11 15 >
576 704 13 15 >»
656 697 132 32 150,000
824 706 12 13 >»
864 704 6 19 :
928 698 59 28 100
1025 707 11 15 >
1080 707 12 15 >
1171 699 113 34 80,000
1321 708 12 15 »>
1383 708 12 11 >»
1450 700 61 27 IK
1678 708 12 15 »
1776 708 7 23 ;

304 744 132 33 150,000
491 759 12 14 >
576 754 12 15 >
654 747 133 33 300,000
824 755 47 19 >:
928 749 59 27 310
1024 757 12 15 »
1080 758 12 14 >»
1152 749 131 33 -150,000
1383 759 11 14 >»
1450 750 61 30 Ao
1677 747 16 44 »>
1777 756 7 29 ;

303 794 134 33 300,000
578 805 11 15 >
625 797 163 33 1,000,000
825 806 12 16 »
865 808 6 16 :
928 799 60 27 910
1025 807 8 15 »
1080 808 12 14 >
1151 800 134 31 -300,000
1322 820 2 3 »
1384 808 11 15 >
1451 800 61 27 540
1679 809 11 14 »
1778 808 6 24 ;

273 844 164 34 1,000,000
460 845 46 27 kr.
864 855 7 19 :
895 849 93 32 4,410
1026 859 10 14 >
1080 858 12 15 2
1120 850 164 32 1,000,000
1322 858 2 5 »
1383 858 12 15 >
1451 851 60 27 EH
1545 869 7 5 2»

995 942 19 30 4
1038 942 29 37 8.

325 995 68 31 För
414 997 80 30 äkta
514 998 134 36 makar,
670 1008 75 21 som
766 999 110 30 under
894 1000 79 30 hela
993 999 314 38 beskattningsåret
1324 1001 84 30 eller
1427 1002 108 29 större
1554 1001 102 30 delen
1674 1001 109 30 därav

281 1045 67 31 levt
371 1046 239 37 tillsammans,
636 1049 163 30 bedömes
822 1050 201 36 skatteplikt
1044 1051 106 36 enligt
1182 1052 7 28 I
1226 1051 9 37 8
1259 1051 79 30 med
1362 1051 137 37 hänsyn
1522 1051 52 30 till
1597 1049 91 32 båda
1711 1060 72 21 ma-

280 1096 129 30 karnas
439 1098 263 36 sammanlagda
731 1099 251 37 förmögenhet.
1038 1101 74 30 Den
1143 1102 326 36 beskattningsbara
1498 1103 286 36 förmögenheten

278 1145 173 31 beräknas
482 1146 54 31 för
567 1148 172 31 makarna
770 1153 213 33 gemensamt
1013 1150 111 30 under
1154 1151 288 37 hänsyntagande
1473 1152 58 31 vid
1561 1152 221 37 tillämpning

282 1205 42 21 av
343 1198 19 28 2
382 1197 19 37 $
418 1197 109 37 tredje
542 1199 136 36 stycket
696 1200 51 30 till
764 1201 189 30 makarnas
969 1202 265 36 sammanlagda
1252 1198 199 35 beräknade
1468 1203 163 30 taxerade
1647 1204 135 37 belopp.

282 1246 98 31 Skatt
398 1248 170 30 beräknas
588 1249 91 30 efter
698 1250 66 29 den
786 1248 147 32 sålunda
952 1251 180 30 bestämda
1153 1252 327 36 beskattningsbara
1499 1253 285 36 förmögenheten

282 1300 90 27 samt
390 1297 150 32 fördelas
559 1297 20 31 å
597 1300 171 30 makarna
785 1299 87 31 efter
892 1300 99 31 deras
1010 1301 257 37 skattepliktiga
1285 1302 287 37 förmögenheter.

325 1347 161 31 Rörande
502 1349 157 36 taxering
677 1359 43 20 av
737 1350 80 30 äkta
838 1351 124 29 makar
980 1351 87 30 skall
1085 1351 10 30 i
1114 1351 111 36 övrigt
1244 1353 66 29 vad
1330 1352 10 30 i
1362 1353 39 30 19
1420 1353 18 37 8
1457 1352 250 38 förordningen
1727 1363 57 21 om

282 1397 114 37 statlig
424 1398 164 31 inkomst-
619 1400 67 29 och
716 1399 352 37 förmögenhetsskatt
1097 1402 138 36 stadgas
1267 1403 63 35 äga
1359 1404 245 30 motsvarande
1635 1404 148 37 tillämp-

282 1456 91 28 ning.

996 1518 18 29 5
1039 1518 28 37 8.

323 1563 72 30 Har
419 1565 230 37 skattskyldig
672 1565 11 30 i
706 1566 137 37 uppgift
866 1567 82 30 eller
971 1568 221 37 upplysning,
1219 1578 75 21 som
1317 1569 145 36 avgivits
1485 1570 51 30 till
1561 1570 140 38 ledning
1725 1571 58 29 vid

277 1614 166 37 taxering,
475 1615 130 30 lämnat
636 1616 140 37 oriktigt
806 1617 238 36 meddelande,
1075 1618 81 30 eller
1188 1619 64 29 har
1283 1619 80 35 han,
1396 1620 112 30 ehuru
1537 1620 244 38 uppgiftsplik-

278 1664 56 37 tig,
357 1664 185 32 underlåtit
568 1667 165 30 avlämna
759 1667 137 37 uppgift
923 1668 81 30 eller
1031 1668 183 31 infordrad
1240 1669 221 37 upplysning,
1490 1671 65 29 och
1584 1671 64 30 har
1676 1672 107 29 därav

279 1714 191 37 föranletts,
493 1719 48 27 att
562 1717 72 29 han
656 1717 76 30 icke
754 1717 96 31 blivit
872 1719 143 29 taxerad
1037 1718 50 30 till
1110 1719 149 30 särskild
1283 1720 91 30 skatt
1396 1719 21 31 å
1439 1720 240 38 förmögenhet
1703 1722 80 30 eller

278 1768 48 27 att
352 1766 71 30 han
451 1767 96 30 blivit
573 1767 56 30 för
655 1766 70 38 lågt
750 1768 142 30 taxerad
919 1768 51 30 till
998 1768 107 31 sådan
1134 1770 102 35 skatt,
1265 1770 88 30 skall
1380 1771 72 30 han
1479 1771 223 31 eftertaxeras
1730 1772 51 30 till

279 1816 149 30 särskild
451 1817 90 30 skatt
563 1816 21 31 å
602 1817 241 37 förmögenhet
867 1821 50 27 att
938 1818 82 38 utgå
1043 1820 79 29 med
1146 1820 57 30 det
1226 1821 136 36 belopp,
1388 1830 75 21 som
1487 1829 124 28 genom
1636 1823 147 29 berörda

278 1866 203 31 förfarande
507 1868 251 37 undandragits
784 1869 213 30 statsverket.
1049 1869 226 32 Beträffande
1302 1871 95 37 dylik
1424 1871 244 38 eftertaxering
1695 1873 87 29 skall

278 1917 67 30 vad
366 1926 75 21 som
461 1919 38 29 är
519 1918 135 36 stadgat
674 1919 147 30 rörande
841 1919 243 38 eftertaxering
1105 1920 50 30 till
1177 1921 114 37 statlig
1312 1921 165 30 inkomst-
1500 1923 66 29 och
1587 1922 195 37 förmögen-

277 1967 169 31 hetsskatt
475 1969 63 36 äga
566 1970 245 30 motsvarande
838 1970 231 37 tillämpning.

995 2072 20 30 6
1036 2072 29 37 8.

326 2134 233 39 Skattskyldig
581 2139 136 28 taxeras
739 2137 51 30 till
810 2137 151 31 särskild
983 2139 90 29 skatt
1094 2137 20 31 å
1135 2138 240 37 förmögenhet
1396 2140 11 29 i
1426 2140 68 30 den
1514 2141 181 35 kommun,
1720 2141 63 30 där

279 2185 71 30 han
369 2186 90 30 skall
480 2189 135 28 taxeras
637 2187 51 30 till
709 2187 114 36 statlig
844 2188 166 30 inkomst-
1031 2188 66 30 och
1119 2188 361 37 förmögenhetsskatt.

998 2289 69 37 78.

324 2352 74 31 Har
417 2352 47 36 på
481 2354 113 35 grund
613 2363 44 21 av
675 2355 307 30 bestämmelserna
1001 2355 10 30 i
1032 2356 41 29 23
1096 2355 18 37 8
1134 2355 249 37 förordningen
1402 2366 58 20 om
1481 2356 113 36 statlig
1615 2357 166 31 inkomst-

279 2402 65 30 och
365 2402 353 37 förmögenhetsskatt
738 2404 159 31 befrielse
917 2405 72 30 helt
1008 2406 82 29 eller
1108 2406 109 30 delvis
1238 2406 180 36 medgivits
1437 2405 80 31 från
1539 2407 241 37 skattskyldig-

279 2451 58 31 het
356 2452 52 30 till
425 2454 151 30 nämnda
593 2455 104 34 skatt,
716 2455 87 29 skall
821 2456 245 30 motsvarande
1082 2455 160 31 befrielse
1260 2455 152 37 åtnjutas
1431 2457 129 37 jämväl
1576 2457 12 30 i
1605 2456 99 38 fråga
1724 2467 57 21 om

280 2502 149 31 särskild
446 2504 91 30 skatt
554 2502 20 31 å
591 2503 250 37 förmögenhet.
