1918 2836
481 153 393 38 Bevillningsutskottets
900 151 218 32 betänkande
1143 151 48 31 Nr
1211 152 49 30 32.
1589 143 40 31 29

118 241 85 29 bara
225 240 161 36 beloppet
406 256 45 4 —
472 237 115 32 såsom
608 238 89 30 skett
720 237 57 31 vid
799 238 42 30 de
862 236 276 31 hittillsvarande
1160 234 171 31 särskilda
1354 232 272 37 förmögenhets-

120 291 176 30 skatterna
313 307 45 4 —
375 289 10 30 i
404 289 112 31 stället
535 289 54 30 för
607 288 51 30 till
673 289 57 29 det
748 287 162 31 taxerade
929 287 161 35 beloppet
1109 286 65 29 har
1193 285 87 30 visat
1300 284 50 37 sig
1369 283 153 37 ogörligt,
1544 282 84 30 enär

118 341 76 31 icke
222 341 87 30 blott
337 339 319 36 differentieringen
684 338 127 31 mellan
840 338 108 30 större
976 337 66 29 och
1071 335 135 31 mindre
1235 334 278 36 förmögenheter
1542 335 85 27 utan

119 393 87 30 även
227 391 195 30 skillnaden
442 390 10 30 i
471 387 422 38 reduktionsmöjligheter
914 387 127 31 mellan
1062 385 253 37 skattskyldiga
1336 384 78 30 med
1434 383 93 31 olika
1548 383 79 36 dyr-

119 445 85 28 orts-
233 442 66 30 och
327 439 381 39 familjeförhållanden
737 439 110 30 skulle
875 438 93 30 bliva
991 437 205 30 omotiverat
1224 439 81 27 stor.
1357 434 116 30 Andra
1502 433 126 31 under-

120 494 100 30 sökta
240 492 192 36 alternativ,
454 491 104 37 enligt
578 491 94 30 vilka
692 489 238 38 nyssnämnda
950 487 245 31 förhållanden
1217 486 110 30 skulle
1349 484 37 32 få
1406 485 142 30 inverka
1570 483 59 30 vid

120 544 240 35 reduktionen,
384 543 47 30 ha
453 551 42 21 av
517 541 180 38 praktiska
720 540 75 30 skäl
818 539 89 31 måst
930 538 187 37 övergivas.
1164 537 65 30 Vid
1252 535 239 37 övervägande
1515 544 42 21 av
1581 543 48 21 nu

120 594 151 37 angivna
294 592 245 32 förhållanden
562 593 65 29 har
645 591 58 37 jag
727 591 116 30 funnit
866 590 70 37 mig
959 590 84 30 böra
1067 588 174 37 tillstyrka
1265 587 67 30 den
1356 596 42 21 av
1423 585 206 31 kommittén

120 645 187 31 förordade
326 643 330 37 reduktionsregeln.

164 696 79 30 Med
259 695 134 37 fysiska
408 703 162 28 personer
585 693 98 30 torde
696 691 149 37 alltjämt
860 691 10 30 i
887 689 310 32 skattehänseende
1213 689 85 30 böra
1314 687 168 30 likställas
1499 685 130 32 oskifta

124 747 158 30 dödsbon
303 746 66 30 och
390 755 24 21 s.
437 746 32 30 k.
490 743 328 37 familjestiftelser.»

456 899 315 44 Beskattningen
795 909 50 23 av
867 896 201 45 juridiska
1091 905 207 35 personer.

168 991 136 38 Frågan
323 1001 58 20 om
399 991 41 30 de
457 990 171 37 juridiska
647 997 227 29 personernas
893 986 222 37 beskattning
1134 986 63 30 har
1216 984 109 38 ingått
1344 983 106 31 bland
1469 982 162 31 kommit-

123 1044 75 30 téns
217 1041 390 37 utredningsuppgifter.
641 1040 53 30 En
713 1038 221 38 omläggning
954 1047 42 21 av
1017 1036 291 31 skatteformerna
1329 1035 55 30 för
1404 1033 133 38 fysiska
1557 1041 75 28 per-

124 1103 102 22 soner
248 1093 162 30 inverkar
431 1092 107 30 redan
559 1100 43 21 av
623 1090 161 30 tekniska
807 1089 75 31 skäl
905 1087 44 38 på
971 1087 265 36 beskattningen
1258 1095 43 21 av
1323 1084 170 38 juridiska
1518 1092 114 29 perso-

125 1154 70 21 ner.
234 1144 101 30 Detta
355 1143 105 37 gäller
480 1142 10 30 i
510 1142 109 30 första
638 1141 95 30 hand
754 1139 131 31 sådana
904 1138 173 38 juridiska
1097 1146 173 29 personer,
1293 1145 76 21 som
1388 1144 47 21 nu
1456 1135 177 30 beskattas

123 1195 71 31 lika
217 1196 79 30 med
319 1194 167 35 enskilda,
510 1194 10 30 i
545 1193 146 30 främsta
714 1194 150 27 rummet
889 1191 41 30 de
954 1190 147 30 svenska
1125 1187 228 31 ekonomiska
1377 1186 257 36 föreningarna.

125 1246 132 30 Därvid
277 1244 111 31 måste
408 1242 106 32 också
534 1243 144 31 beaktas
699 1240 234 32 förhållandet
955 1240 127 30 mellan
1105 1239 42 30 de
1168 1237 229 31 ekonomiska
1419 1235 214 37 föreningar-

124 1306 46 21 na
189 1297 67 30 och
276 1295 250 36 aktiebolagen.
560 1294 14 30 I
595 1292 171 31 samband
785 1291 144 31 därmed
950 1289 55 32 får
1025 1288 206 39 spörsmålet
1252 1298 57 21 om
1331 1286 238 37 avvägningen
1590 1294 43 22 av

125 1348 258 35 aktiebolagens
404 1344 221 37 beskattning
644 1346 171 34 upptagas
837 1342 10 30 i
869 1342 78 30 hela
969 1341 52 30 sin
1038 1340 93 31 vidd.

172 1398 14 30 I
207 1397 261 38 propositionen
490 1397 136 29 lämnas
646 1395 52 30 till
718 1404 42 20 en
783 1393 127 36 början
930 1402 42 21 en
992 1391 217 37 redogörelse
1230 1390 55 30 för
1306 1390 42 30 de
1371 1388 263 35 reformförslag

127 1450 12 29 i
165 1449 169 30 avseende
360 1447 20 31 å
408 1447 257 35 aktiebolagens
692 1445 66 30 och
784 1445 42 29 de
853 1442 229 31 ekonomiska
1110 1441 265 35 föreningarnas
1401 1438 231 36 beskattning,

127 1509 76 21 som
226 1498 182 36 framlagts
433 1497 38 31 år
495 1497 82 30 1931
604 1505 42 21 av
668 1492 470 38 bolagsskatteberedningen
1161 1494 89 28 samt
1274 1491 11 29 i
1308 1489 261 37 propositionen
1593 1497 42 21 nr

128 1551 63 29 232
216 1550 51 29 till
292 1549 84 30 1936
399 1548 55 31 års
476 1547 150 35 riksdag,
650 1549 89 27 samt
764 1545 55 30 för
841 1545 42 29 de
905 1543 191 31 statistiska
1120 1540 300 36 undersökningar
1441 1538 193 31 beträffan-

128 1601 43 30 de
188 1600 156 30 nämnda
363 1598 172 37 juridiska
553 1605 182 29 personers
753 1595 156 36 taxering
928 1594 82 31 åren
1034 1592 227 35 1934—1936,
1281 1591 94 30 vilka
1394 1589 177 37 företagits
1592 1598 42 21 av

128 1651 217 30 kommittén.
391 1650 14 29 I
427 1649 99 30 dessa
546 1647 223 31 hänseenden
789 1645 127 31 tillåter
938 1644 50 36 sig
1008 1644 167 29 utskottet
1197 1645 49 28 att
1267 1641 147 31 hänvisa
1434 1640 51 30 till
1508 1649 126 27 propo-

129 1701 147 32 sitionen
303 1700 74 39 (sid.
401 1700 61 30 160
485 1698 69 40 ff.).

174 1751 214 31 Kommittén
409 1751 65 29 har
496 1750 56 30 för
573 1749 52 30 sin
648 1749 54 29 del
725 1747 117 30 funnit
865 1745 239 36 övervägande
1126 1744 76 30 skäl
1225 1744 71 29 tala
1318 1742 56 30 för
1396 1744 49 28 att
1468 1742 65 29 den
1557 1750 77 27 pro-

129 1802 152 37 gressiva
305 1800 267 36 beskattningen
599 1799 55 30 för
684 1798 200 31 svenska
911 1795 276 36 aktiebolag
1213 1794 84 30 och
1327 1791 309 32 ekonomiska

130 1853 281 35 föreningar
437 1851 137 38 utbytes
603 1852 74 27 mot
703 1858 41 20 en
773 1846 248 38 proportionell
1048 1845 110 31 sådan
1185 1845 66 29 och
1280 1843 209 35 framlägger
1515 1841 121 31 därför

131 1904 129 35 förslag
286 1903 133 30 härom.
469 1901 65 30 Vid
561 1901 94 29 detta
682 1896 330 38 ställningstagande
1037 1897 47 28 ha
1112 1895 55 30 för
1193 1894 207 30 kommittén
1427 1892 126 30 liksom
1581 1891 56 30 för

130 1951 469 38 bolagsskatteberedningen
623 1949 136 30 mindre
783 1947 185 31 teoretiska
994 1946 152 35 grunder
1169 1945 44 29 än
1239 1943 181 37 praktiska
1446 1942 75 30 skäl
1548 1941 89 30 varit

131 2003 206 37 avgörande.
388 2001 212 31 Kommittén
626 2001 64 28 har
718 1998 174 36 nämligen
918 1997 11 30 i
958 1995 99 36 fråga
1083 2005 58 20 om
1167 1994 241 35 aktiebolagen
1434 1992 126 35 funnit,
1588 1994 49 27 att

131 2064 42 21 en
201 2053 231 36 beskattning,
459 2050 194 38 progressiv
679 2050 79 30 med
786 2049 137 34 hänsyn
947 2047 51 30 till
1027 2045 266 34 räntabiliteten,
1320 2043 75 30 icke
1421 2043 70 29 kan
1519 2041 46 37 på
1590 2044 47 27 ett

131 2103 320 32 tillfredsställande
477 2102 66 30 sätt
570 2100 238 35 förverkligas.
860 2097 52 31 Då
938 2107 42 20 en
1005 2096 195 36 progressiv
1226 2093 222 36 beskattning
1473 2093 87 30 efter
1586 2092 50 29 in-

131 2157 178 29 komstens
334 2154 158 30 absoluta
518 2152 128 31 storlek
670 2150 166 30 liknande
860 2149 66 30 den
955 2157 74 21 som
1055 2147 107 36 gäller
1188 2146 55 29 för
1268 2144 158 31 enskilda
1451 2142 185 39 skattskyl-

132 2206 80 36 diga
230 2204 274 37 uppenbarligen
525 2203 40 29 är
585 2201 175 36 olämplig,
781 2201 65 29 har
867 2200 56 29 det
943 2200 96 34 synts
1061 2196 158 35 riktigast
1240 2198 49 27 att
1310 2194 46 36 på
1378 2195 66 29 sätt
1465 2194 78 29 sker
1564 2193 10 29 i
1595 2193 42 29 de

133 2256 101 30 flesta
257 2254 221 31 främmande
500 2253 122 30 länder
645 2251 158 35 tillämpa
828 2259 41 21 en
894 2249 55 30 för
972 2248 68 30 alla
1065 2246 196 35 aktiebolag
1286 2245 71 29 lika
1381 2243 164 31 skattefot
1572 2242 66 30 och

133 2305 147 31 sålunda
303 2303 126 36 övergå
450 2304 51 29 till
525 2306 46 27 ett
595 2305 128 33 system
748 2301 78 29 med
850 2297 249 38 proportionell
1122 2295 222 34 beskattning
1370 2294 54 29 för
1449 2292 189 31 aktiebola-

133 2364 73 28 gen.
252 2354 212 31 Kommittén
485 2353 38 29 är
543 2362 42 21 av
608 2352 65 29 den
693 2349 280 37 uppfattningen,
995 2350 49 27 att
1066 2348 114 28 denna
1200 2345 116 30 metod
1339 2344 10 29 i
1369 2343 148 35 längden
1541 2343 96 28 kom-

133 2416 74 20 mer
229 2408 49 28 att
300 2405 73 30 visa
396 2404 49 36 sig
468 2412 96 21 mera
587 2402 120 30 rättvis
730 2401 44 29 än
797 2401 55 29 det
875 2399 121 30 hittills
1021 2397 158 30 brukade
1201 2397 173 34 systemet,
1398 2393 122 30 sådant
1545 2393 94 29 detta

134 2467 42 20 av
197 2455 180 37 praktiska
398 2454 74 31 skäl
491 2454 65 30 har
575 2452 91 31 måst
687 2451 182 30 utformas.
