1896 2834
281 175 60 30 130
648 180 392 36 Bevillningsutskottets
1066 179 216 31 betänkande
1308 179 47 30 Nr
1368 180 48 29 32.

282 264 318 30 tillfredsställande
623 264 151 30 resultat.
822 264 14 30 I
860 263 125 37 många
1009 263 70 36 fall,
1105 263 138 30 särskilt
1267 262 109 37 ifråga
1401 272 57 20 om
1481 261 180 38 jordbruk,
1687 262 97 29 torde

281 314 189 30 emellertid
501 324 42 20 en
575 315 168 30 successiv
775 314 371 36 medeltalsberäkning
1179 313 128 30 mellan
1339 313 120 30 endast
1491 311 57 31 två
1580 311 38 31 år
1650 312 10 29 i
1692 314 92 34 taget

283 365 76 30 leda
374 365 51 30 till
445 374 43 21 en
508 365 165 37 betydligt
693 366 93 30 ökad
807 365 150 31 rättvisa.

328 415 41 30 50
391 411 43 34 ?/o
458 416 100 36 spärr
579 415 55 38 för
655 416 179 30 statsskatt
858 416 106 30 borde
987 415 185 37 lämpligen
1197 415 142 35 införas,
1362 415 31 29 d.
1418 424 29 19 v.
1474 423 24 21 s.
1523 413 148 30 särskild
1697 412 87 31 före-

284 465 110 36 skrift,
419 468 48 27 att
493 466 11 29 i
529 466 112 38 statlig
667 466 167 30 inkomst-
860 467 64 29 och
949 466 351 36 förmögenhetsskatt
1328 467 88 28 samt
1440 465 10 29 i
1476 464 148 30 särskild
1650 464 92 30 skatt
1766 462 20 31 å

283 515 238 37 förmögenhet
544 515 68 39 (om
629 517 114 29 denna
761 516 204 31 skatteform
982 516 87 30 skall
1088 515 203 39 bibehållas)
1314 515 31 37 ej
1366 524 42 21 av
1426 514 114 37 någon
1556 513 229 37 skattskyldig

283 565 56 31 må
358 566 230 36 sammanlagt
609 569 134 34 uttagas
764 576 95 21 mera
879 567 43 29 än
942 567 40 30 50
1002 563 43 33 ?/o
1066 576 41 20 av
1129 567 87 29 hans
1237 564 223 32 "återstående
1480 562 161 33 inkomst
1671 564 115 38 (enligt

284 616 161 36 godkänd
470 616 243 40 deklaration).
762 617 74 30 Fall
861 618 117 29 kunna
1005 626 127 21 annars
1156 616 218 30 förekomma
1400 615 44 30 då
1466 615 197 30 inkomsten
1686 615 38 29 är
1749 613 37 31 så

282 666 56 37 låg
360 666 11 30 i
394 666 221 31 förhållande
637 668 51 29 till
712 667 296 37 förmögenheten,
1034 671 48 27 att
1107 668 10 29 i
1142 667 179 30 statsskatt
1346 667 116 29 kunde
1487 667 142 29 komma
1654 668 48 28 att
1728 664 58 37 på-

283 716 94 30 föras
396 725 96 21 mera
513 718 46 29 än
578 718 40 29 50
637 714 51 39 ?/o,
710 717 36 37 ja
766 719 86 29 även
874 727 94 20 mera
987 719 45 28 än
1053 718 60 29 100
1132 713 43 34 ?/o
1195 726 42 20 av
1257 717 66 29 den
1344 715 215 31 återstående
1579 715 206 30 inkomsten.

284 765 136 32 Sådana
440 766 244 31 förhållanden
705 769 61 29 äro
785 768 195 36 uppenbart
1000 767 156 36 orimliga
1177 767 66 30 och
1263 767 96 30 torde
1378 767 85 29 böra
1483 765 160 37 avvärjas
1664 772 123 30 genom

283 816 185 31 införande
486 826 44 21 av
551 826 42 21 en
614 817 147 31 särskild
785 819 108 36 spärr.
936 818 64 30 Det
1022 819 63 29 bör
1105 817 131 30 erinras
1258 827 57 20 om
1335 820 48 26 att
1403 817 49 29 till
1474 817 42 29 de
1539 815 135 36 statliga
1696 815 90 30 skat-

284 869 96 28 terna
403 867 144 31 komma
567 868 128 30 skatter
716 868 52 30 till
792 869 178 34 kommun,
994 868 173 37 landsting
1189 868 65 29 och
1277 867 212 37 vägdistrikt,
1512 866 93 30 vilka
1627 865 73 31 ofta
1721 865 66 30 till-

284 926 175 21 sammans
478 918 121 30 kunna
616 917 115 38 uppgå
750 918 50 30 till
823 919 38 29 15
880 914 42 34 ”/o
942 919 64 29 och
1026 927 93 21 mera
1137 927 42 21 av
1198 918 66 30 den
1284 916 214 32 återstående
1517 917 206 29 inkomsten.

328 967 239 31 Ekonomiska
585 968 216 37 föreningars
823 969 219 38 beskattning
1061 969 88 29 hade
1170 969 78 29 bort
1266 968 149 36 allsidigt
1434 967 173 30 revideras
1636 966 10 30 i
1676 975 48 21 sa
1738 976 49 20 m-

285 1018 125 30 band
446 1019 81 29 med
552 1019 243 30 överförandet
823 1028 42 21 av
893 1019 202 30 densamma
1121 1019 51 29 till
1198 1021 49 27 att
1276 1027 82 21 vara
1388 1017 257 37 proportionell,
1674 1015 38 32 så
1740 1019 50 28 att

286 1068 73 30 icke
374 1069 125 29 rörelse
514 1068 221 37 organiserad
752 1069 9 30 i
781 1069 66 30 den
863 1069 226 30 ekonomiska
1107 1069 220 36 föreningens
1346 1068 89 30 form
1453 1067 147 31 kommit
1616 1069 49 28 att
1682 1067 106 30 fram-

284 1118 53 31 stå
357 1127 73 21 som
452 1119 207 36 obehörigen
681 1120 141 36 gynnad
845 1119 10 30 i
875 1119 199 37 jämförelse
1098 1119 79 31 med
1197 1120 126 29 rörelse
1346 1119 10 29 i
1378 1117 306 37 aktiebolagsform
1708 1117 82 30 eller

286 1169 79 30 med
383 1178 42 21 av
443 1169 136 30 enskild
598 1178 124 28 person
744 1170 120 30 driven
882 1170 136 30 rörelse.

330 1219 14 30 I
366 1218 98 37 fråga
489 1228 58 21 om
568 1219 419 37 inkomstbeskattningen
1010 1221 37 28 är
1069 1222 48 27 att
1142 1219 123 30 märka
1288 1221 49 28 att
1361 1217 44 38 på
1428 1218 111 37 grund
1564 1227 42 21 av
1629 1218 159 36 stadgan-

285 1270 56 30 det
366 1269 4 30 i
388 1270 421 36 kommunalskattelagen
828 1270 41 29 29
888 1270 18 37 3
926 1271 28 28 2.
975 1279 104 20 mom.
1099 1270 41 29 de
1158 1269 229 30 ekonomiska
1405 1268 246 37 föreningarna
1669 1268 121 30 kunna

285 1319 171 37 praktiskt
475 1322 92 34 taget
588 1319 217 37 fullständigt
826 1319 111 31 befria
959 1320 49 36 sig
1027 1318 79 31 från
1127 1318 375 38 inkomstbeskattning
1522 1326 123 30 genom
1669 1321 48 27 att
1739 1317 50 31 så-

286 1379 75 22 som
384 1370 153 30 rabatter
558 1370 65 30 och
648 1369 191 38 pristillägg
861 1370 49 30 till
932 1370 185 36 delägarna
1140 1370 117 29 utdela
1282 1370 74 29 icke
1380 1370 87 29 blott
1488 1369 68 30 vad
1579 1378 73 21 som
1677 1371 112 34 egent-

287 1421 87 36 ligen
398 1421 109 29 skulle
533 1421 118 29 kunna
675 1421 100 35 sägas
799 1429 82 21 vara
905 1429 43 21 av
970 1421 131 29 rabatts
1127 1420 66 30 och
1216 1419 134 37 tilläggs
1377 1422 101 27 natur
1501 1422 85 27 utan
1612 1420 86 30 även
1722 1419 68 30 vad

287 1480 73 21 som
381 1471 180 36 rätteligen
585 1469 107 32 måste
714 1479 101 21 anses
837 1479 82 21 vara
940 1470 189 30 inkomster
1150 1479 42 21 av
1214 1470 172 36 fastighet,
1409 1470 126 30 rörelse
1560 1470 64 29 och
1647 1469 142 37 kapital.

288 1521 69 30 Där
377 1520 98 37 fråga
498 1522 40 29 är
561 1530 56 20 om
640 1520 433 37 lantmannakooperation
1097 1520 65 30 blir
1186 1519 146 32 sålunda
1357 1529 41 21 av
1422 1520 201 36 föreningen
1649 1520 141 30 utdelad

287 1571 150 30 inkomst
458 1571 9 30 i
493 1571 111 30 stället
625 1571 181 30 beskattad
830 1569 112 32 såsom
964 1571 152 30 inkomst
1138 1580 42 20 av
1203 1570 363 37 jordbruksfastighet,
1589 1570 200 36 därigenom

286 1625 49 27 att
369 1622 204 36 delägarnas
608 1620 304 37 jordbruksbilaga
948 1622 157 29 kommer
1138 1623 50 28 att
1221 1624 152 33 upptaga
1398 1621 111 30 ökade
1532 1621 190 29 inkomster
1747 1629 43 21 av

288 1671 118 37 mjölk,
430 1672 85 35 kött,
539 1671 182 37 spannmål
745 1681 45 21 m.
813 1681 45 21 m.
882 1672 65 30 och
968 1671 180 31 minskade
1172 1671 140 37 utgifter
1334 1671 54 30 för
1413 1671 160 37 gödning,
1596 1670 195 31 kraftfoder

286 1733 44 20 m.
350 1722 36 30 fl.
404 1722 277 30 förnödenheter.
713 1722 359 37 Dubbelbeskattning
1089 1731 41 20 av
1151 1722 207 36 inkomsten,
1380 1720 100 32 alltså
1499 1721 219 38 beskattning
1738 1720 50 31 så-

288 1773 53 30 väl
365 1773 62 30 hos
451 1772 203 37 föreningen
679 1781 75 21 som
778 1773 64 29 hos
865 1772 182 37 delägaren
1071 1772 234 30 förekommer
1329 1772 89 30 dock
1445 1772 85 35 icke,
1555 1771 117 30 varför
1697 1771 92 30 detta

285 1824 67 30 sätt
385 1826 48 27 att
466 1823 99 30 driva
599 1822 125 31 rörelse
758 1822 166 31 framstår
957 1822 114 31 såsom
1105 1823 139 35 gynnad
1268 1822 10 30 i
1304 1822 199 36 jämförelse
1526 1823 79 29 med
1630 1822 160 30 rörelse
1771 1818 24 45 i

286 1873 317 37 aktiebolagsform.
648 1873 69 30 Där
738 1872 99 37 fråga
858 1874 38 29 är
917 1882 57 21 om
993 1882 60 20 ren
1074 1872 437 36 konsumentkocoperation
1532 1872 38 29 är
1592 1871 198 39 gynnandet

286 1924 94 29 ännu
402 1932 95 21 mera
519 1923 183 36 markerat,
722 1923 164 30 eftersom
907 1923 122 30 därvid
1050 1933 42 20 av
1113 1922 202 37 föreningen
1336 1922 141 30 utdelad
1498 1922 152 30 inkomst
1670 1921 31 37 €j
1726 1922 64 30 hos

286 1974 182 36 delägaren
486 1974 157 29 kommer
662 1973 51 30 till
731 1983 102 27 synes
851 1983 73 20 som
942 1973 92 30 ökad
1052 1973 151 30 inkomst
1221 1975 84 28 utan
1322 1972 122 30 endast
1465 1971 114 32 såsom
1597 1972 191 35 minskade,

286 2023 30 37 ej
335 2023 212 36 redovisade,
567 2023 340 31 levnadskostnader.

330 2074 13 30 I
367 2072 98 38 fråga
488 2083 58 21 om
569 2073 523 37 förmögenhetsbeskattningen
1115 2074 38 29 är
1177 2076 49 28 att
1251 2073 133 35 märka,
1409 2076 49 28 att
1484 2072 114 38 någon
1622 2072 108 32 sådan
1754 2072 33 37 ej

286 2126 80 35 äger
384 2133 78 21 rum
483 2124 65 30 hos
571 2124 65 30 den
656 2124 228 30 ekonomiska
904 2124 202 36 föreningen
1127 2123 70 31 lika
1218 2123 72 31 litet
1314 2133 74 21 som
1409 2124 63 30 hos
1493 2123 229 37 aktiebolaget
1745 2122 45 38 på

283 2175 111 37 grund
412 2184 42 21 av
472 2175 237 36 stadgandena
726 2175 11 29 i
757 2174 447 36 statsskatteförordningen
1227 2175 38 28 12
1286 2174 28 36 8.
1352 2174 194 36 Delägarna
1566 2175 156 29 däremot
1741 2174 48 29 bli

286 2225 9 29 i
323 2224 97 37 fråga
447 2234 58 21 om
531 2225 196 30 innehavda
753 2225 111 30 aktier
888 2224 201 31 beskattade
1115 2224 54 30 för
1195 2224 117 30 dessas
1340 2224 188 30 börsvärde
1553 2224 80 30 eller
1659 2232 129 21 annars

285 2275 154 31 erkända
465 2275 178 30 allmänna
669 2275 183 30 saluvärde
879 2284 78 20 men
984 2275 9 29 i
1023 2274 97 37 fråga
1146 2284 57 20 om
1230 2274 197 30 innehavda
1454 2274 142 30 andelar
1624 2274 10 30 i
1659 2274 128 30 ekono-

288 2325 109 31 miska
425 2325 200 37 föreningar
649 2325 122 30 endast
796 2325 201 30 beskattade
1024 2324 55 31 för
1106 2324 207 31 andelarnas
1341 2324 186 31 nominella
1553 2325 136 35 belopp.
1740 2323 48 31 På

286 2375 92 31 detta
398 2376 66 30 sätt
482 2375 48 30 bli
549 2375 94 30 inom
662 2375 228 30 ekonomiska
908 2374 197 37 föreningar
1124 2374 190 31 fonderade
1333 2375 111 30 medel
1464 2376 120 29 utöver
1603 2375 56 30 det
1678 2374 109 31 nomi-

284 2426 90 30 nella
397 2426 276 36 insatskapitalet
696 2425 72 31 helt
791 2425 155 30 befriade
970 2424 80 32 från
1074 2425 489 36 förmögenhetsbeskattning.

330 2476 13 29 I
367 2475 98 37 fråga
488 2485 58 21 om
568 2474 93 32 såväl
684 2475 166 31 inkomst-
875 2484 74 21 som
973 2474 480 38 förmögenhetsbeskattning
1475 2475 142 30 komma
1640 2474 147 32 sålunda
