1920 2838
313 166 39 29 18
728 163 104 27 Andra
852 161 216 35 lagutskottets
1089 159 158 28 utlåtande
1269 159 44 28 Nr

351 244 56 27 Vid
430 244 143 27 ärendets
595 243 188 35 behandling
805 243 80 27 hava
907 242 151 27 närvarit:

351 305 70 28 från
474 307 124 26 första
624 306 194 26 kammaren:
836 305 108 26 herrar
961 304 35 27 K.
1017 303 31 27 G.
1070 303 166 32 Westman,
1255 300 122 33 Linder,
1394 298 156 33 Frändén,
1567 298 116 34 Sigfrid
1700 297 99 28 Hans-

313 359 66 25 son,
400 350 110 34 Gustaf
531 350 119 33 Tamm,
670 349 73 27 Sam
764 346 163 36 Larsson",
947 348 145 34 Hagman
1113 347 58 27 och
1191 346 34 27 P.
1246 344 196 31 Sandström;

352 412 70 28 från
458 412 139 27 andra
632 412 194 26 kammaren:
853 411 109 26 herrar
990 405 197 37 Österström,
1215 405 114 37 Hage",
1355 406 163 27 Johanson
1545 405 9 27 i
1582 404 217 35 Hallagården,

314 455 135 28 Olovson
469 457 10 27 i
501 454 170 34 Västerås",
692 455 170 35 Skoglund,
882 454 184 27 Sandström
1087 453 8 27 i
1117 451 156 32 Sollefteå,
1295 447 178 31 Molander”
1498 449 59 27 och
1578 449 222 27 Hermansson.

347 535 13 12 +
381 535 34 32 Ej
440 535 184 26 närvarande
649 533 47 26 vid
722 533 176 26 utlåtandets
924 532 151 32 justering.

945 889 228 32 Reservation

316 1010 43 22 av
378 1000 119 32 herrar
518 999 135 38 Linder,
675 998 127 40 Sigfrid
822 998 174 37 Hansson,
1017 997 172 38 Hagman,
1211 996 107 38 Hage,
1341 994 150 31 Olovson
1512 993 10 30 i
1542 991 169 37 Västerås,
1733 992 72 30 Mo-

318 1053 119 31 lander
462 1054 67 30 och
556 1053 246 35 Hermansson,
829 1051 93 30 vilka
949 1053 122 32 ansett,
1100 1052 50 28 att
1176 1050 183 29 utskottets
1385 1047 160 39 yttrande
1572 1047 77 29 bort
1676 1044 130 31 erhålla

318 1107 154 39 följande
491 1106 141 39 lydelse:

364 1224 11 15 »
383 1212 137 40 Frågan
538 1222 58 20 om
614 1211 158 40 åtgärder
792 1211 51 31 till
862 1210 197 40 främjande
1079 1219 41 21 av
1140 1208 236 31 arbetsfreden
1393 1208 64 29 har
1478 1206 114 31 såsom
1612 1206 10 29 i
1642 1206 55 29 det
1717 1205 88 30 före-

318 1265 130 40 gående
465 1266 140 30 nämnts
622 1264 169 40 ingående
804 1264 208 31 behandlats
1029 1273 42 20 av
1087 1264 41 29 de
1146 1262 229 38 sakkunniga,
1393 1271 74 20 som
1485 1260 66 30 den
1569 1260 38 29 31
1627 1258 179 30 december

321 1320 81 29 1934
419 1318 140 39 utsågos
576 1318 54 30 för
647 1321 48 27 att
712 1318 184 30 verkställa
914 1316 250 31 förberedande
1181 1315 184 38 utredning
1383 1313 178 39 angående
1579 1311 227 39 ingripanden

318 1372 79 31 från
414 1372 199 30 samhällets
631 1371 74 30 sida
721 1370 45 40 på
783 1370 91 30 vissa
891 1369 167 31 områden
1075 1379 41 20 av
1133 1369 56 29 det
1207 1367 226 31 ekonomiska
1450 1367 90 29 livet.
1571 1366 120 29 Denna
1708 1363 98 39 fråga

318 1426 97 30 torde
435 1425 130 39 jämväl
586 1426 141 28 komma
748 1427 49 27 att
821 1425 99 37 göras
941 1423 52 29 till
1014 1421 146 31 föremål
1182 1422 55 29 för
1258 1420 210 38 behandling
1490 1419 58 30 vid
1571 1419 40 29 de
1634 1418 172 37 överlägg-

319 1479 133 39 ningar,
483 1488 76 20 som
587 1477 176 40 påbörjats
791 1477 129 30 mellan
948 1474 382 40 landsorganisationen
1359 1473 10 30 i
1400 1472 136 39 Sverige
1566 1472 65 29 och
1661 1471 146 30 svenska

319 1530 435 40 arbetsgivareföreningen
768 1530 148 30 rörande
931 1529 91 30 vissa
1039 1527 365 39 arbetsfredsproblem
1420 1526 80 30 med
1515 1534 104 21 mera.
1638 1525 170 30 Utskottet

319 1586 59 29 vill
401 1585 121 35 uttala,
548 1587 49 27 att
621 1584 164 30 utskotiet
810 1583 110 30 skulle
944 1582 100 30 hälsa
1068 1582 79 29 med
1172 1580 306 34 tillfredsställelse,
1506 1589 57 20 om
1590 1579 97 29 dessa
1713 1579 93 28 över-

318 1638 205 39 läggningar
542 1637 76 30 leda
638 1637 50 30 till
708 1636 54 31 för
783 1636 182 31 samhället
985 1634 178 40 gagneliga
1182 1634 143 30 resultat
1344 1632 44 40 på
1409 1632 229 30 förevarande
1656 1629 151 32 område.

321 1690 52 31 Då
393 1691 166 30 utskottet
580 1690 208 35 förutsätter,
811 1692 49 28 att
883 1688 124 39 Kungl.
1030 1687 100 39 Maj:t
1151 1688 107 38 ägnar
1280 1687 41 30 de
1343 1684 179 41 spörsmål,
1546 1694 120 21 varom
1687 1685 63 29 här
1772 1684 37 29 är

321 1743 107 40 fråga,
448 1744 46 30 all
512 1744 67 29 den
596 1743 318 39 uppmärksamhet,
934 1751 75 21 som
1028 1742 98 29 deras
1144 1740 72 30 vikt
1234 1739 167 40 påkallar,
1421 1739 114 29 finner
1553 1739 164 29 utskottet
1735 1736 74 30 skäl

321 1797 75 30 icke
421 1797 167 39 föreligga
613 1799 49 27 att
686 1796 54 30 för
765 1795 217 30 närvarande
1007 1793 127 31 föreslå
1158 1793 186 39 riksdagen
1371 1795 49 27 att
1445 1793 82 37 göra
1554 1789 255 38 framställning

321 1851 51 30 till
399 1850 124 39 Kungl.
553 1849 99 39 Maj:t
679 1859 57 20 om
766 1849 97 29 deras
892 1847 197 39 ytterligare
1116 1846 193 38 utredning.

366 1904 115 30 Under
504 1902 217 40 åberopande
743 1912 42 20 av
808 1902 67 30 vad
898 1900 146 31 sålunda
1067 1900 132 30 anförts
1222 1898 55 31 får
1299 1899 165 30 utskottet
1485 1897 193 36 hemställa,

674 2011 49 28 att
744 2008 216 30 motionerna
984 2007 27 29 I:
1030 2007 59 30 154
1112 2007 65 29 och
1200 2006 45 29 II:
1260 2007 64 29 368
1348 2008 88 27 samt
1459 2005 27 29 I:
1502 2005 63 30 269
1588 2004 65 30 och
1676 2004 44 29 II:
1735 2003 74 34 584,

631 2062 41 30 de
693 2061 57 30 två
773 2061 215 30 sistnämnda
1011 2060 11 29 i
1045 2060 65 30 den
1133 2059 83 31 mån
1239 2059 41 30 de
1301 2058 88 30 varit
1412 2057 146 31 föremål
1582 2057 54 30 för
1658 2055 151 31 behand-

631 2114 70 39 ling
724 2114 10 30 i
758 2114 92 30 detta
872 2113 189 35 utlåtande,
1085 2112 74 31 icke
1182 2112 106 30 måtte
1312 2111 179 31 föranleda
1515 2111 50 30 till
1588 2109 114 40 någon
1726 2109 84 30 riks-

633 2168 127 38 dagens
777 2167 150 39 åtgärd.»

778 2449 71 21 Iduns
864 2448 113 25 tryckeri,
996 2448 90 20 Esselte
1101 2447 35 21 ab.
1154 2447 139 21 Stockholm
1310 2447 51 20 1936

1031 2486 76 16 616996
