2148 2669
662 201 225 32 Statsulskottets
914 204 152 30 Utlåtande
1088 206 58 30 N:o
1171 207 51 29 80.
1704 210 41 31 23

252 282 55 33 att
339 280 449 50 uppskattningsmännen
830 288 120 32 ansett
973 285 142 48 jämväl
1144 291 53 31 ett
1226 292 112 31 annat
1368 288 147 37 område
1542 288 39 37 af
1607 302 138 25 samma

145 333 119 43 skifte,
307 332 155 37 afskildt
502 333 79 37 från
610 335 80 36 dess
717 335 118 50 öfriga
863 344 88 42 ägor
979 339 68 35 och
1077 340 194 36 bestående
1299 340 41 37 af
1365 342 44 36 de
1437 342 21 36 å
1486 344 129 35 kartan
1643 343 103 38 öfver

143 387 286 48 ifrågavarande
478 388 179 48 egendom
709 391 84 35 med
841 391 66 36 mnmis
957 394 205 37 148—158
1218 395 226 37 betecknade
1486 399 259 47 ägofigurerna

141 441 115 47 jämte
297 453 44 23 en
384 442 58 35 del
484 442 41 35 af
563 444 213 48 ägofiguren
819 458 58 22 n:o
924 448 73 34 144
1040 453 96 29 samt
1168 448 259 37 innehållande
1455 463 45 23 en
1529 452 97 35 areal
1654 451 40 36 af
1724 455 14 34 1

145 494 132 36 hektar
315 496 113 43 88,50
471 508 52 32 ar,
556 495 107 37 däraf
694 500 14 34 1
743 497 130 37 hektar
899 501 110 42 35,80
1041 513 43 22 ar
1112 499 98 47 åker,
1241 504 114 44 48,80
1387 516 43 23 ar
1458 511 72 41 äng
1558 505 67 36 och
1655 507 84 44 3,90

144 560 40 23 ar
208 549 250 47 impediment,
502 550 173 49 lämpligt
716 556 54 31 att
802 551 185 38 afsöndras
1020 554 58 35 till
1106 558 83 45 eget
1216 555 96 46 hem,
1340 563 92 30 samt
1459 558 200 45 hemställt,
1689 563 55 33 att

143 601 202 36 detsamma
374 602 113 37 måtte
515 602 59 37 för
602 616 45 24 en
675 605 245 50 köpeskilling
943 606 41 36 af
1003 609 113 43 3,000
1137 609 135 36 kronor
1288 609 170 50 försäljas
1477 612 61 35 till
1558 613 183 36 slaktaren

142 654 42 36 N.
215 655 189 46 Lindroth,
448 669 77 24 som
566 658 92 48 ägde
700 659 67 35 och
810 660 166 37 bebodde
1010 674 45 23 en
1084 662 85 36 därå
1197 663 172 50 befintlig
1396 666 248 49 husbyggnad
1673 668 68 35 och

141 721 77 24 som
248 709 157 37 anhållit
433 713 56 33 att
516 710 37 36 få
581 712 97 49 köpa
706 713 180 47 området;

247 769 65 39 att,
340 764 111 36 sedan
474 766 445 49 uppskattningsmännen
940 768 201 50 föreslagit,
1162 776 55 30 att
1236 774 52 34 ett
1307 772 148 37 område
1476 772 40 37 af
1533 774 206 37 Raskarum

139 818 67 35 n:is
238 819 33 43 6,
303 820 21 35 8
355 818 67 35 och
446 821 32 42 9,
498 819 144 48 beläget
659 820 103 36 invid
782 820 51 37 S:t
854 820 104 38 Olofs
969 823 311 48 järnvägsstation
1299 826 66 36 och
1385 827 95 35 intill
1501 826 238 38 förenämnda

139 869 77 37 åtta
258 871 199 50 bebyggda
496 873 222 49 lägenheter,
751 875 131 46 skulle,
914 875 46 50 på
988 881 68 32 sätt
1085 876 21 37 å
1133 878 130 36 kartan
1292 878 104 38 öfver
1423 882 226 48 egendomen
1678 896 60 22 an-

140 924 138 49 gifvits,
308 924 158 38 fördelas
493 928 60 34 till
581 928 329 48 byggnadstomter
938 930 68 36 och
1035 934 105 46 gator
1168 945 47 23 m.
1245 946 60 31 m.,
1335 933 111 37 förste
1471 935 267 37 landtmätaren

138 979 155 44 Mebius,
323 992 78 23 som
430 979 42 36 af
496 982 142 47 Kungl.
667 982 119 49 Maj:ts
814 983 410 50 befallningshafvande
1252 988 12 33 i
1291 988 99 35 länet
1405 988 47 48 på
1471 988 125 49 gifven
1615 991 121 35 anled-

138 1033 89 48 ning
267 1032 128 37 därom
435 1034 204 46 anmodats,
681 1035 70 36 den
798 1039 40 35 11
882 1038 148 48 januari
1077 1041 98 35 1904
1201 1041 177 48 uppgjort
1402 1047 96 44 nytt,
1541 1042 7 36 å
1576 1044 160 36 nämnda

137 1086 107 36 karta
285 1088 174 35 tecknadt
498 1087 139 50 förslag
665 1090 59 35 till
754 1091 98 35 detta
880 1091 167 37 områdes
1075 1092 209 51 fördelning
1311 1096 11 34 i
1351 1098 137 34 tomter
1517 1098 67 35 och
1613 1104 122 42 gator;

243 1145 54 31 att
339 1142 114 47 enligt
494 1142 101 35 detta
636 1155 124 24 senare
802 1143 138 51 förslag
967 1150 196 42 tomterna,
1194 1146 91 38 efter
1315 1150 46 36 55
1394 1156 59 29 öre
1481 1149 57 37 för
1566 1151 169 36 kvadrat-

136 1199 128 40 meter,
294 1195 122 36 skulle
445 1203 68 41 äga
540 1195 162 50 följande
730 1196 386 52 försäljningsvärden:

345 1310 201 33 ESSER
569 1310 34 33 IN
642 1310 89 33 VE
765 1310 212 33 ANN
1033 1310 49 33 NNE
1091 1310 148 33 NRA
1287 1310 90 33 ENA
1419 1310 102 33 SE

478 1368 2 3 |
724 1375 4 2 3
1039 1350 81 26 Areal
1288 1352 152 27 Saluvärde
1516 1348 3 41 |

464 1374 129 33 Agofigur
613 1374 16 26 å
648 1374 185 35 karttillägget
948 1387 96 42 a!
1085 1413 76 17 kva
1224 1375 152 62 kronor
1434 1376 74 62 öre

376 1511 46 34 41
455 1510 79 35 d.....
922 1543 14 4 «
982 1516 19 34 9
1099 1516 45 35 60
1267 1518 74 35 228
1435 1539 47 4 er

377 1565 46 35 492
455 1577 77 22 ann.
946 1570 52 45 71
1097 1570 48 35 50
1194 1551 28 71 |
1265 1571 73 34 412
1381 1551 32 71 |
1438 1578 43 28 50

375 1618 48 35 42
459 1630 74 23 ce...
933 1649 4 5 I
982 1624 18 33 7
1099 1624 46 35 10
1266 1624 74 35 390
1437 1631 44 29 50

349 1673 74 35 142
454 1671 76 35 d.....
979 1677 22 34 3
1097 1677 48 35 30
1264 1678 75 35 456
1437 1685 43 28 50

349 1723 73 38 148
458 1737 76 23 ann.
922 1724 114 41 9,
1097 1730 47 36 530
1203 1748 2 11 :
1266 1732 72 35 522
1382 1720 29 63 |
1436 1739 44 28 50

373 1779 48 35 43
454 1779 54 35 b..
980 1783 19 35 9
1096 1784 49 35 20
1266 1786 71 34 322
1435 1792 44 28 50

347 1833 73 45 48
457 1844 73 23 Ce...
977 1837 22 35 3
1095 1838 47 34 20
1264 1839 70 35 451
1433 1860 47 4 —

347 1881 73 44 148
452 1885 78 36 dd...
919 1881 116 45 8:
1094 1891 49 35 80
1264 1893 75 35 484
1391 1880 22 68 0
1432 1913 49 5 —

373 1940 46 35 43
456 1951 74 23 e....
979 1944 19 35 6
1093 1945 47 34 40
1263 1946 74 35 332
1431 1968 51 3 NT

345 1982 74 46 143
451 1991 79 36 fu.
932 1998 65 34 16)
1092 2018 50 4 —
1262 1999 75 36 330
1389 1984 32 71 |
1430 2021 50 4 —

345 2044 75 38 48
450 2059 80 35 go
932 2051 64 34 15
1093 2051 48 36 50
1263 2053 72 35 302
1378 2048 30 58 |
1433 2061 44 28 50
1511 2058 1 19 |

372 2101 47 34 43
450 2100 80 35 h....
976 2105 18 34 7
1092 2105 49 36 50
1261 2107 74 35 429
1430 2128 49 6 —

236 2210 64 40 att,
342 2205 45 36 då
429 2207 44 36 de
505 2208 60 35 till
598 2209 270 48 egendomarna
896 2210 160 36 hörande
1084 2211 134 37 skiften
1248 2213 10 34 i
1288 2212 114 37 Södra
1432 2215 91 49 skog
1551 2217 176 47 gränsade

129 2259 100 36 intill
256 2259 221 46 hvarandra,
506 2274 83 24 men
617 2275 89 24 vore
735 2262 82 37 från
845 2265 334 36 stamhemmanens
1208 2274 90 41 ägor
1317 2267 117 36 skilda
1454 2274 95 30 samt
1568 2271 158 35 nämnda
