2225 2672
404 155 67 49 1380
942 169 231 32 Statsutskottets
1204 173 150 31 Utlåtande
1377 176 60 30 N:o
1463 177 27 28 9.

998 249 202 51 Transport
1256 254 135 36 kronor
1420 257 120 43 2,252:
1570 259 46 35 05

408 295 209 49 ersättning
629 295 58 37 för
698 297 156 37 mistade
864 300 24 34 l:
891 298 323 54 imeförbättrings-

485 346 118 37 medel
639 361 48 23 m.
717 362 46 23 m.
797 353 38 33 åt
860 352 131 44 lärare,
1028 365 79 25 som
1135 355 79 36 haft

484 398 282 50 tjänstledighet
801 401 59 36 för
888 404 260 37 utarbetandet
1175 406 41 36 af

483 447 282 51 ifrågavarande
817 452 149 51 förslag,
1021 454 189 39 äfvensom

484 501 356 39 vikariatsarfvoden
882 506 118 47 jämte
1045 507 165 50 dyrtids-

483 552 143 49 tillägg,
653 552 217 39 föranledda
888 556 40 36 af
944 557 113 36 sådan
1075 560 135 47 tjänst-

483 603 164 49 ledighet
676 636 532 11 =nmsmsssennnsnsssnss
1305 626 12 16 >
1454 616 81 35 608:
1567 618 44 34 27

408 654 58 35 till
493 654 239 38 bestridande
759 656 41 37 af
820 658 158 48 utgifter
997 660 58 36 för
1073 664 138 34 anstäl-

483 705 108 35 lande
627 706 40 35 af
698 708 293 49 vaktbetjäning,
1029 712 111 48 inköp
1174 713 41 35 af

484 755 318 39 skrifmaterialier
828 773 47 22 m.
905 774 47 22 m.
1305 778 13 17 >
1478 769 57 35 50:
1563 788 49 4 —

512 830 39 47 4)
584 833 153 47 jämlikt
773 836 126 48 kungl.
934 837 85 37 bref
1043 839 72 36 den
1142 842 21 33 4
1192 842 200 37 november
1421 846 95 34 1904
1544 847 67 36 och

408 882 72 36 den
509 885 44 34 17
583 882 165 39 februari
778 888 94 35 1905
902 888 58 36 till
987 889 183 49 gäldande
1198 891 40 37 af
1262 894 199 37 kostnader
1487 897 59 35 till
1568 896 45 37 de

407 934 40 35 af
490 933 138 50 Kungl.
665 935 106 50 Maj:t
808 939 117 49 enligt
963 941 122 36 beslut
1122 942 71 37 den
1229 946 22 33 4
1279 945 200 38 november
1515 949 96 35 1904

407 984 226 38 förordnade
690 988 224 50 sakkunniga
965 991 66 48 för
1083 993 216 49 afgifvande
1351 996 47 49 af
1441 999 171 47 yttrande

407 1037 153 35 rörande
596 1038 213 50 utvidgning
844 1042 61 35 och
941 1045 303 46 omorganisation
1272 1047 47 48 af
1343 1047 159 38 tekniska
1528 1050 84 49 hög-

406 1087 145 36 skolan:

406 1137 178 38 arfvoden
612 1140 58 36 till
698 1141 45 36 de
770 1144 232 49 sakkunniga

405 1189 59 35 till
491 1190 157 48 löpande
677 1191 158 49 utgifter

1014 1177 195 7 rerna
1248 1150 137 36 kronor
1450 1153 83 35 305:
1563 1172 48 5 —

1304 1214 12 15 >
1451 1204 82 35 5300:
1566 1223 41 4 —

508 1264 38 46 5)
583 1267 117 48 enligt
735 1268 192 38 föreskrift
962 1273 13 35 i
1006 1269 19 49 $
1055 1276 42 34 15
1132 1274 40 35 af
1200 1277 127 48 kungl.
1365 1279 247 47 kungörelsen

407 1316 188 48 angående
631 1317 300 41 öfverlämnande
968 1322 40 36 af
1039 1325 327 52 arkivhandlingar
1401 1330 59 35 till
1487 1331 124 36 lands-

406 1367 152 36 arkiven
584 1368 13 35 i
624 1368 173 49 Uppsala,
827 1371 188 38 Vadstena
1039 1376 68 35 och
1126 1376 110 37 Lund
1255 1379 71 35 den
1348 1382 44 33 14
1411 1382 200 37 november

409 1419 108 43 1902,
545 1420 207 48 ersättning
779 1423 57 35 till
855 1422 243 50 Stockholms,
1126 1423 171 57 Uppsala,
1317 1419 293 65 Östergötlands,

407 1468 278 46 Kristianstads,
713 1471 219 48 Malmöhus,
959 1474 203 52 Älfsborgs
1190 1480 68 36 och
1285 1479 227 53 Skaraborgs
1530 1484 81 37 läns

406 1520 183 35 ränterier
615 1520 58 36 för
700 1522 166 38 därifrån
893 1525 212 49 förskjutna
1131 1529 192 39 kostnader
1341 1532 66 49 för
1429 1540 183 42 transport

406 1569 47 48 af
476 1570 192 37 arkivalier
694 1573 59 35 till
781 1574 243 39 omförmälda
1051 1578 212 39 landsarkiv

1638 1945 138 35 kronor

1824 782 122 44 2,940:

1861 1216 83 36 805:

1825 1591 120 43 1,435:

1822 1946 120 44 5,550:

1968 784 46 36 32
