2217 2685
405 176 39 32 36
943 182 230 31 Statsutskottets
1201 185 153 30 Utlåtande
1376 186 59 30 N:o
1459 189 27 28 9.

404 258 205 36 allmänhet
635 258 106 37 torde
768 260 228 47 väsentligen
1024 261 261 39 sammanfalla
1312 265 178 47 antingen
1517 266 86 37 med
1630 267 45 37 de
1693 269 101 46 lägre
1812 270 208 37 klassernas

402 309 65 37 vid
495 309 45 38 de
568 310 191 38 allmänna
790 312 228 48 läroverken,
1046 315 255 38 realskolorna
1328 317 70 37 och
1426 317 44 37 de
1498 318 114 48 högre
1638 320 264 39 flickskolorna
1929 323 89 36 eller

402 362 86 36 med
516 362 44 36 de
588 363 113 46 högre
727 362 284 39 folkskolornas.
1049 365 138 38 Härtill
1214 368 176 46 kommer,
1419 375 54 31 att
1488 370 122 38 därest
1629 372 70 36 den
1718 378 74 31 rätt
1810 374 60 36 till
1887 374 130 37 under-

403 413 84 36 stöd
514 413 41 36 af
577 419 130 41 staten,
735 428 79 24 som
840 416 48 46 på
915 417 123 45 grund
1065 417 41 36 af
1129 419 180 37 särskilda
1335 421 336 47 billighetshänsyn
1689 424 213 47 medgifvits
1921 427 97 36 vissa

400 465 149 46 privata
588 466 217 47 samskolor,
837 468 128 36 hvilka
991 467 79 38 före
1097 469 187 48 utgången
1312 471 41 37 af
1376 471 40 37 år
1446 474 95 36 1902
1569 473 172 49 fullgjort
1768 476 46 37 då
1841 478 174 46 gällande

400 516 138 37 villkor
576 516 59 37 för
675 517 214 38 erhållande
930 518 40 37 af
1005 520 204 38 understöd
1248 522 82 38 från
1370 525 167 46 anslaget
1575 527 61 36 till
1662 527 114 47 högre
1804 529 125 36 skolor
1955 528 59 38 för

400 568 172 46 kvinnlig
606 569 177 47 ungdom,
810 571 119 36 skulle
956 573 205 36 utsträckas
1189 573 108 38 äfven
1323 575 60 36 till
1410 589 126 24 senare
1563 578 199 38 tillkomna
1789 581 89 36 eller
1903 580 110 38 fram-

400 619 100 37 deles
539 621 304 46 uppkommande
883 622 139 38 sådana
1061 625 135 47 skolor,
1236 626 207 38 kostnaden
1471 628 126 38 härför
1623 630 244 39 tvifvelsutan
1895 633 118 37 skulle

398 670 119 38 blifva
543 674 237 45 synnerligen
808 673 170 38 afsevärd
1006 676 68 36 och
1101 677 88 36 vida
1216 677 200 48 öfverstiga
1444 680 62 36 det
1532 681 135 47 belopp
1688 682 41 36 af
1745 685 110 43 5,000
1874 685 139 36 kronor

400 721 151 47 ärligen,
579 723 179 36 hvarmed
786 725 85 35 herr
897 725 207 37 Bohnstedt
1130 740 48 23 m.
1205 729 35 35 fl.
1269 730 68 34 och
1365 730 85 36 herr
1479 730 135 37 Widén
1632 745 48 23 m.
1698 733 36 35 fl.
1754 734 115 46 enligt
1889 734 125 37 ofvan-

398 773 164 37 nämnda
601 775 185 37 motioner
817 781 120 32 ansett
963 776 160 39 berörda
1150 780 130 47 anslag
1305 780 93 38 böra
1424 782 114 48 höjas.
1592 783 73 37 Till
1692 784 153 48 ledning
1870 784 59 39 för
1956 786 57 38 be-

398 825 203 36 dömandet
640 826 111 37 häraf
785 828 68 36 vill
892 830 181 36 utskottet
1107 831 131 37 endast
1263 831 210 49 framhålla,
1500 835 180 37 hurusom
1708 837 85 36 herr
1819 837 74 37 Räf
1915 838 13 35 i
1955 839 57 35 sin

397 877 143 35 motion
579 876 186 48 förutsatt,
806 884 54 31 att
900 881 333 38 statsunderstödet
1264 890 143 30 ensamt
1433 884 59 37 för
1518 885 130 48 Nässjö
1677 889 186 36 samskola
1890 889 119 37 skulle

397 927 136 48 belöpa
559 929 55 46 sig
640 930 59 35 till
729 932 106 43 1,500
864 931 139 37 kronor
1030 932 149 47 årligen.

498 979 54 36 På
578 980 106 36 dessa
715 982 80 36 skäl
822 982 68 36 har
917 984 181 36 utskottet
1125 991 120 30 ansett
1268 986 55 46 sig
1341 986 101 47 böra,
1461 988 86 36 med
1566 988 240 46 afstyrkande
1825 990 41 38 af
1880 992 132 36 herrar

395 1029 224 39 Bohnstedts
655 1046 47 23 m.
729 1033 35 36 fl.
792 1034 69 35 och
889 1033 152 38 Widéns
1069 1049 48 23 m.
1146 1037 35 36 fl.
1209 1038 193 47 motioner,
1430 1038 154 38 förorda
1602 1041 138 47 Kungl.
1760 1041 120 48 Maj:ts
1898 1042 115 37 fram-

396 1082 178 46 ställning
612 1083 12 35 i
662 1083 121 37 denna
810 1084 70 46 del,
909 1086 67 35 och
1004 1087 106 36 torde
1137 1100 141 24 samma
1306 1090 81 35 skäl
1413 1089 203 39 förefinnas
1643 1091 61 37 för
1730 1092 119 48 afslag
1877 1093 21 37 å
1926 1094 87 37 herr

394 1132 87 37 Räfs
510 1132 278 39 ofvannämnda
815 1136 151 37 motion.

495 1184 86 36 Med
608 1184 170 37 afseende
807 1186 20 35 å
852 1187 204 37 innehållet
1088 1190 5 34 i
1120 1202 111 23 mom.
1259 1189 39 46 d)
1327 1192 68 35 och
1422 1189 34 49 e)
1483 1193 13 34 i
1524 1192 44 37 de
1596 1192 41 36 af
1659 1193 136 47 Kungl.
1822 1195 103 46 Maj:t
1951 1195 58 37 för

393 1234 103 36 tiden
536 1234 82 37 från
652 1237 68 35 och
746 1237 86 36 med
857 1238 185 47 ingången
1070 1239 41 36 af
1134 1240 40 36 år
1204 1242 95 35 1907
1327 1241 212 48 föreslagna
1565 1245 214 45 grunderna
1804 1244 59 38 för
1889 1247 119 37 tillde-

393 1285 111 36 lande
544 1285 41 36 af
621 1285 295 39 statsunderstöd
956 1289 36 36 åt
1028 1291 113 45 högre
1168 1292 212 37 flickskolor
1407 1295 68 35 och
1502 1296 206 36 samskolor
1734 1297 69 36 har
1829 1298 180 36 utskottet

393 1341 121 31 ansett
541 1338 55 45 sig
622 1337 92 37 böra
740 1339 181 46 meddela,
950 1345 63 42 att,
1042 1342 116 46 enligt
1184 1343 100 36 hvad
1310 1344 60 36 till
1394 1346 198 36 utskottets
1611 1347 210 37 kännedom
1840 1349 167 46 kommit,

392 1387 137 47 Kungl.
569 1387 103 49 Maj:t
711 1403 134 33 genom
884 1391 122 37 beslut
1046 1393 71 36 den
1146 1395 47 35 24
1221 1395 201 37 november
1452 1398 105 46 1905,
1584 1397 13 36 i
1625 1400 270 46 sammanhang
1920 1401 86 36 med

391 1437 259 48 fördelningen
678 1440 41 36 af
743 1443 166 45 anslaget
935 1444 59 35 till
1020 1445 164 36 nämnda
1210 1447 126 35 skolor
1361 1446 59 37 för
1448 1448 86 37 åren
1564 1450 106 45 1906,
1692 1451 95 36 1907
1808 1452 68 35 och
1897 1453 109 45 1908,

392 1489 120 37 såsom
538 1491 138 36 villkor
702 1491 58 37 för
787 1494 194 46 anslagens
1009 1494 217 48 åtnjutande
1252 1496 237 50 föreskrifvit,
1517 1500 116 36 bland
1660 1507 124 39 annat,
1803 1507 55 31 att
1874 1502 133 47 ifråga-

391 1541 164 36 varande
582 1543 269 47 läroanstalter,
879 1545 129 37 hvilka
1035 1548 115 45 enligt
1175 1547 102 38 förut
1295 1551 172 44 gällande
1486 1551 276 38 bestämmelser
1780 1553 89 36 stått
1886 1555 120 36 under

392 1591 277 39 öfverinseende
697 1594 40 36 af
759 1595 278 39 vederbörande
1062 1597 293 47 eforalstyrelser
1374 1602 67 36 och
1461 1602 44 36 de
1523 1603 242 47 inspektorer,
1785 1617 79 24 som
1883 1605 123 37 denna

390 1644 221 46 myndighet
641 1644 236 49 förordnade,
906 1649 119 36 skulle
1051 1650 120 36 under
1199 1652 229 36 sistnämnda
1454 1658 56 31 tre
1538 1654 40 35 år
1605 1654 56 36 stå
1687 1655 119 36 under
1831 1656 173 37 inseende

390 1693 42 36 af
468 1694 284 46 öfverstyrelsen
795 1697 59 36 för
888 1699 113 36 rikets
1029 1701 190 36 allmänna
1246 1703 172 37 läroverk
1446 1705 68 35 och
1542 1705 44 36 de
1612 1706 241 47 inspektorer,
1882 1708 122 36 denna

388 1745 221 47 myndighet
636 1747 92 46 ägde
755 1747 188 38 förordna.

491 1796 199 48 Utskottet,
732 1812 80 23 som
852 1802 100 34 velat
992 1802 121 36 erinra
1152 1815 71 33 om,
1256 1808 55 31 att
1338 1805 45 35 de
1410 1818 134 33 genom
1571 1806 136 47 Kungl.
1735 1807 119 49 Maj:ts
1881 1809 123 36 beslut

390 1846 71 36 den
491 1849 46 34 24
564 1849 202 36 november
794 1852 95 35 1905
919 1852 191 36 bestämda
1136 1854 163 45 grunder
1326 1854 58 37 för
1409 1856 218 37 tilldelande
1651 1857 41 36 af
1706 1859 296 37 statsunderstöd

390 1896 37 36 ät
454 1898 115 45 högre
595 1900 213 36 flickskolor
836 1902 67 35 och
931 1904 206 35 samskolor
1162 1905 13 35 i
1203 1905 97 36 vissa
1327 1906 103 36 delar
1453 1907 81 37 icke
1553 1907 345 39 öfverensstämmer
1915 1911 86 36 med

388 1948 46 36 de
476 1949 64 35 vid
582 1951 184 45 anslagets
806 1952 210 47 beviljande
1054 1955 13 35 i
1107 1954 132 37 sådant
1278 1955 169 39 afseende
1482 1958 41 36 af
1550 1959 211 47 Riksdagen
1787 1962 214 46 uppställda

385 1999 150 47 villkor,
576 2008 41 28 är
654 2002 81 35 icke
775 2002 236 48 öfvertygadt
1051 2018 60 23 om
1149 2006 405 48 ändamålsenligheten
1581 2009 41 37 af
1646 2016 55 31 att
1726 2011 60 37 för
1812 2012 45 36 de
1884 2013 116 46 högre

385 2050 265 37 flickskolorna
677 2053 68 35 och
772 2055 257 36 samskolorna
1055 2056 259 48 inspektionen
1342 2059 135 37 ordnas
1505 2060 47 47 på
1579 2067 115 30 annat
1721 2067 72 31 sätt
1820 2070 47 29 än
1881 2062 60 38 för
1956 2064 44 36 de

387 2101 191 37 allmänna
614 2104 229 47 läroverken,
879 2106 145 37 hvilkas
1050 2107 232 47 inspektorer
1304 2109 230 39 fortfarande
1561 2117 98 32 utses
1688 2112 41 37 af
1753 2113 246 46 eforalstyrel-

385 2164 122 34 serna;
536 2154 69 35 och
633 2155 68 35 har
728 2156 180 36 utskottet
936 2157 125 37 därför
1087 2159 79 36 icke
1186 2165 120 32 ansett
1323 2162 56 45 sig
1396 2162 93 36 böra
1506 2164 189 44 tillstyrka
1714 2165 71 36 den
1805 2165 41 36 af
1860 2165 136 47 Kungl.

383 2202 105 48 Maj:t
527 2203 212 49 föreslagna
779 2206 219 49 förändring
1036 2209 13 36 i
1089 2224 110 23 mom.
1240 2209 39 49 d)
1317 2211 41 37 af
1390 2227 51 23 nu
1476 2215 174 45 gällande
1677 2216 138 37 villkor
1841 2215 60 38 för
1927 2218 71 35 till-

386 2254 158 38 delande
586 2255 41 38 af
661 2256 284 48 ifrågavarande
985 2261 308 48 statsunderstöd,
1323 2264 142 38 hvilket
1492 2272 166 31 moment
1685 2268 179 37 utskottet
1891 2268 109 37 alltså

384 2319 108 23 anser
518 2307 94 37 böra
640 2308 243 38 oförändradt
910 2312 215 37 bibehållas.
