1899 2827
415 159 123 40 Tredje
565 159 245 40 lagutskottets
837 159 178 30 utlåtande
1040 168 42 20 nr
1106 160 41 29 22
1172 160 40 30 år
1238 160 82 29 1970
1590 163 20 31 9

780 270 175 31 Utskottet

170 347 13 29 I
201 347 220 30 motionerna
438 347 120 30 anförs
577 350 50 29 att
645 357 42 21 en
705 358 42 20 av
765 349 340 40 förutsättningarna
1126 349 54 30 för
1199 351 50 29 att
1268 348 204 41 genomföra
1490 358 43 21 en
1551 349 59 30 bo-

127 400 221 40 stadspolitik
371 402 79 29 med
472 402 77 30 klar
573 403 105 29 social
700 403 195 39 inriktning
918 404 37 29 är
979 405 49 28 att
1052 413 83 20 man
1156 404 159 29 kommer
1338 403 52 30 till
1414 405 93 29 rätta
1530 403 79 30 med

125 454 373 41 markspekulationen
520 456 66 30 och
608 456 45 40 på
675 458 47 29 ett
746 456 161 30 effektivt
931 458 68 29 sätt
1022 466 58 31 ger
1104 457 184 30 samhället
1313 457 221 40 möjligheter
1559 459 50 28 att

124 509 153 36 påverka
303 510 385 39 markdisponeringen.
717 510 128 30 Härför
874 511 176 30 erfordras
1080 511 107 39 enligt
1215 511 259 30 motionärerna
1503 512 45 29 bl.
1579 521 29 20 a.

124 564 50 28 att
195 563 57 29 det
273 564 204 30 nuvarande
499 564 229 30 kommunala
750 565 284 39 planmonopolet
1057 565 160 39 utvidgas
1241 566 38 29 så
1303 567 48 28 att
1376 566 233 39 samhälleligt

124 618 133 37 ägande
281 627 41 20 av
346 618 147 29 marken
516 619 79 38 görs
619 618 52 30 till
695 618 253 40 förutsättning
973 619 54 29 för
1052 621 50 27 att
1127 618 366 40 stadsplaneläggning
1519 619 89 30 skall

124 670 36 30 få
188 671 70 29 ske.
287 671 261 30 Motionärerna
576 672 202 30 hemställer
807 672 119 30 därför
956 674 51 29 att
1036 672 187 40 riksdagen
1252 673 64 30 hos
1346 673 126 39 Kungl.
1503 673 106 39 Maj:t

122 724 103 40 begär
241 725 187 40 utredning
444 726 65 29 och
524 726 130 40 förslag
669 726 10 29 i
694 726 95 30 detta
803 726 208 30 hänseende.

167 778 196 30 Problemet
391 780 80 29 med
499 779 195 40 oförtjänta
719 781 132 29 vinster
879 781 53 29 till
961 781 90 40 följd
1080 792 42 19 av
1151 783 363 40 markvärdestegring
1544 784 64 29 har

123 832 89 30 varit
236 832 147 30 föremål
407 832 55 30 för
485 834 292 30 statsmakternas
801 834 314 40 uppmärksamhet
1140 836 107 30 sedan
1271 836 81 40 lång
1376 836 51 31 tid
1451 836 156 31 tillbaka.

122 886 138 39 Frågan
279 887 64 29 har
363 888 181 39 övervägts
565 897 41 20 av
626 887 92 31 olika
739 888 227 40 utredningar
987 890 65 29 och
1072 898 123 31 genom
1219 890 112 30 skilda
1353 890 170 31 reformer
1544 891 63 30 har

122 940 94 30 vissa
235 941 147 29 resultat
401 941 137 30 kunnat
557 941 135 30 vinnas.
714 941 45 30 År
781 942 82 30 1967
886 944 104 39 antog
1010 943 188 40 riksdagen
1218 944 189 40 lagförslag
1429 945 179 40 angående

123 993 218 40 förköpsrätt
358 994 55 30 för
430 995 171 29 kommun
618 995 53 29 till
690 995 214 40 fastigheter,
924 997 188 39 ändringar
1132 998 11 29 i
1160 998 448 40 tomträttslagstiftningen

124 1049 91 28 samt
239 1048 154 30 ändrade
418 1048 263 30 bestämmelser
705 1058 56 21 om
786 1050 94 29 skatt
904 1050 45 40 på
972 1050 316 32 realisationsvinst
1312 1052 59 30 vid
1396 1052 212 40 försäljning

124 1111 42 20 av
190 1101 70 31 fast
285 1102 178 39 egendom.
490 1102 269 40 Ifrågavarande
785 1103 180 36 reformer,
992 1104 179 40 grundade
1196 1105 45 40 på
1267 1106 131 39 förslag
1424 1116 42 20 av
1491 1107 117 29 mark-

122 1155 327 35 värdekommittén,
468 1157 65 29 har
551 1158 132 29 ansetts
702 1157 143 30 komma
863 1159 50 28 att
931 1158 11 29 i
962 1158 208 30 samverkan
1189 1158 148 40 erbjuda
1355 1168 44 21 en
1417 1159 190 41 godtagbar

123 1209 138 39 lösning
284 1219 42 20 av
348 1210 428 40 markvärdestegringens
799 1211 166 39 problem.
988 1213 78 29 Med
1088 1212 140 39 hänsyn
1250 1213 54 29 till
1326 1215 50 28 att
1399 1214 115 29 denna
1537 1214 69 39 lag-

124 1263 163 39 stiftning
309 1264 85 29 trätt
416 1264 10 28 i
449 1264 95 29 kraft
568 1264 37 30 så
628 1266 75 28 sent
726 1274 75 20 som
824 1265 66 29 den
915 1266 13 28 1
953 1266 141 39 januari
1120 1266 83 30 1968
1226 1267 38 29 är
1287 1267 56 30 det
1368 1268 94 29 ännu
1488 1267 54 30 för
1566 1268 41 29 ti-

122 1316 73 40 digt
209 1319 50 28 att
274 1317 62 30 dra
350 1317 109 40 några
472 1318 181 30 bestämda
670 1317 182 31 slutsatser
867 1328 56 20 om
939 1319 77 30 dess
1031 1320 141 29 verkan.

167 1371 524 40 Expropriationsutredningen
712 1380 107 32 avgav
838 1373 10 29 i
869 1373 185 30 november
1077 1373 83 30 1969
1180 1376 48 28 ett
1247 1374 231 35 betänkande,
1499 1375 108 30 vilket

124 1425 192 29 innehåller
337 1425 131 39 förslag
488 1425 53 30 till
562 1435 42 20 en
624 1426 63 29 rad
709 1426 160 39 åtgärder
891 1435 74 21 som
988 1427 111 39 syftar
1120 1427 53 30 till
1195 1430 50 28 att
1267 1428 145 39 indraga
1434 1428 172 40 oförtjänt

123 1479 374 39 markvärdestegring.
524 1479 153 30 Sålunda
701 1480 63 29 har
790 1480 89 30 bl.a.
905 1480 166 40 förslaget
1095 1481 53 29 till
1174 1491 68 29 nya
1267 1482 110 39 regler
1403 1491 57 21 om
1486 1491 120 31 expro-

122 1532 152 39 priation
294 1532 55 30 för
368 1533 292 29 tätortsändamål
681 1533 188 31 utformats
892 1534 141 30 särskilt
1054 1535 79 29 med
1153 1535 139 39 hänsyn
1311 1535 53 30 till
1384 1536 146 31 behovet
1551 1537 55 29 för

122 1586 258 29 kommunerna
401 1588 50 28 att
472 1586 162 30 förvärva
655 1587 101 29 mark
777 1587 45 39 på
843 1589 47 29 ett
911 1588 203 39 tillräckligt
1136 1588 101 40 tidigt
1260 1589 163 31 stadium.
1446 1590 53 30 En
1521 1590 84 30 kon-

123 1640 143 29 sekvent
290 1640 109 30 sådan
422 1640 96 30 aktiv
540 1640 228 39 markpolitik
792 1640 108 35 torde,
925 1641 204 30 framhåller
1153 1642 233 40 utredningen
1409 1644 11 29 i
1445 1644 161 40 förening

121 1694 79 28 med
220 1695 47 28 ett
287 1701 124 32 genom
429 1694 357 30 tomträttsinstitutet
806 1695 150 29 behållet
976 1695 207 40 förfogande
1204 1697 80 29 över
1304 1697 156 34 marken,
1482 1699 124 38 utgöra

122 1748 47 28 ett
188 1756 42 20 av
246 1748 41 29 de
304 1747 185 39 viktigaste
507 1748 137 29 medlen
663 1748 54 29 för
736 1751 49 28 att
805 1748 34 31 åt
857 1749 184 29 samhället
1059 1749 126 29 bevara
1205 1750 65 29 den
1290 1760 42 19 av
1350 1751 78 29 dess
1448 1760 83 30 egen
1553 1754 52 27 ut-

121 1800 159 40 veckling
314 1800 207 30 föranledda
554 1801 418 40 markvärdestegringen.
1008 1802 241 31 Betänkandet
1286 1803 318 32 remissbehandlas

122 1854 54 29 för
198 1854 228 30 närvarande.
450 1854 117 40 Enligt
588 1855 67 30 vad
678 1855 170 30 utskottet
871 1855 122 30 erfarit
1015 1856 173 30 beräknas
1211 1857 218 39 proposition
1453 1859 11 29 i
1488 1859 117 29 ämnet

120 1907 47 29 bli
183 1907 185 30 avlämnad
384 1909 110 28 under
509 1908 236 29 innevarande
761 1908 48 29 år.

166 1961 65 30 Vid
249 1971 47 19 nu
315 1961 149 40 angivna
481 1961 246 31 förhållanden
745 1962 182 40 föreligger
948 1963 70 30 inte
1038 1963 75 30 skäl
1132 1966 50 28 att
1199 1963 148 31 tillsätta
1365 1974 41 20 en
1425 1974 46 30 ny
1489 1965 116 29 utred-

121 2015 84 39 ning
231 2015 80 30 med
336 2015 140 40 uppgift
504 2017 50 29 att
581 2016 108 39 pröva
715 2015 124 41 frågan
866 2016 67 30 hur
961 2017 192 37 problemet
1181 2018 79 29 med
1289 2017 171 41 oförtjänt
1488 2020 116 29 mark-

119 2068 262 41 värdestegring
397 2069 89 30 skall
500 2069 174 40 angripas.

164 2140 176 30 Utskottet
354 2141 202 29 hemställer
571 2140 119 30 därför

430 2205 50 28 att
511 2204 220 29 motionerna
762 2204 27 29 I:
808 2204 61 29 118
901 2205 65 29 och
998 2205 45 29 II:
1062 2205 60 29 129
1154 2205 72 29 inte
1259 2205 197 31 föranleder
1489 2207 115 39 någon

384 2256 206 40 riksdagens
606 2257 132 39 åtgärd.

164 2345 201 30 Stockholm
381 2346 67 30 den
465 2346 38 29 17
519 2355 94 21 mars
631 2346 82 30 1970

548 2418 47 29 På
619 2417 113 40 tredje
756 2417 246 40 lagutskottets
1027 2420 144 38 vägnar:

694 2489 107 30 ERIK
825 2489 202 31 GREBÄCK
