2240 2719
568 138 252 32 Konstitutions-
840 139 166 32 Utskottets
1034 139 174 33 Memorial
1232 141 64 33 N:o
1320 143 30 30 7.
1693 146 13 28 1

895 699 75 38 N:o
999 702 29 35 7.

804 850 66 24 Ank,
891 851 43 23 till
955 851 91 24 Riksd.
1066 852 95 23 Kansli
1181 852 52 23 den
1256 853 28 22 14
1304 853 75 30 April
1402 853 71 30 1874,
1493 854 35 24 kl.
1549 855 14 22 2
1583 861 20 16 e.
1625 862 32 16 m.

349 987 254 33 Konstitutions-
612 987 169 32 Utskottets
813 987 183 40 Memoriai,
1026 989 167 40 angående
1218 989 189 39 fullbordad
1430 990 200 40 granskning
1659 992 40 44 af
1722 991 38 32 de

552 1039 12 30 i
593 1038 182 32 Statsrådet
796 1040 98 38 förda
914 1039 176 40 protokoll.

301 1140 63 32 Till
406 1140 440 33 Konstitutions-Utskottet
886 1141 108 39 hafva,
1035 1143 42 39 på
1117 1142 114 32 derom
1272 1142 61 31 hos
1375 1142 253 33 vederbörande
1662 1144 96 40 gjord

150 1191 255 40 framställning,
445 1192 108 31 blifvit
587 1192 248 32 öfverlemnade
870 1192 40 32 de
950 1193 103 32 sedan
1098 1193 151 32 sistlidne
1291 1193 153 40 riksdags
1473 1193 116 41 början
1620 1194 62 32 och
1710 1196 48 30 in-

149 1243 50 31 till
224 1243 121 40 början
373 1243 37 32 af
435 1243 63 32 den
527 1243 225 32 innevarande
782 1243 8 31 i
820 1243 189 32 Statsrådet
1036 1244 98 32 förda
1161 1244 177 41 protokoll,
1368 1245 165 40 nemligen
1562 1245 92 31 öfver

302 1293 387 40 Justitiedepartements-
731 1294 62 31 och
834 1294 297 32 Justitie-ärenden
1162 1295 71 31 från
1264 1295 61 31 och
1355 1295 75 32 med
1460 1295 62 32 den
1556 1298 36 29 18
1620 1296 139 33 Januari

152 1348 78 29 1873
259 1344 48 32 till
337 1344 63 32 och
428 1345 75 31 med
533 1344 64 33 den
625 1348 17 28 9
666 1345 138 32 Januari
836 1348 94 36 1874;

306 1395 519 41 Utrikesdepartements-ärenden
853 1396 70 32 från
954 1396 62 32 och
1046 1397 74 31 med
1141 1397 63 31 den
1226 1399 38 29 24
1280 1397 137 32 Januari
1435 1399 79 30 1873
1529 1397 48 31 till
1599 1397 62 32 och
1681 1398 75 31 med

150 1447 64 31 den
244 1449 17 29 9
289 1447 139 31 Januari
454 1449 94 37 1874;

301 1497 653 40 Landtförsvarsdepartements-ärenden
977 1499 70 30 från
1074 1497 61 32 och
1161 1498 75 31 med
1266 1498 62 33 den
1362 1501 36 29 18
1425 1498 136 33 Januari
1600 1502 78 29 1873
1707 1500 49 31 till

149 1548 62 31 och
242 1548 74 32 med
345 1549 64 31 den
438 1552 17 27 9
483 1549 137 32 Januari
651 1551 94 37 1874;

300 1598 615 41 Sjöförsvarsdepartements-ärenden
956 1600 70 31 från
1069 1600 62 32 och
1168 1599 75 32 med
1274 1599 63 33 den
1370 1603 36 28 18
1433 1600 140 32 Januari
1600 1603 78 30 1873
1706 1601 49 31 till

150 1651 63 31 och
242 1650 75 32 med
346 1650 65 33 den
439 1654 17 29 9
480 1651 140 32 Januari
650 1653 96 37 1874;

303 1701 475 41 Civildepartements-ärenden
805 1702 71 31 från
907 1701 61 32 och
998 1701 74 32 med
1103 1701 62 31 den
1201 1704 33 28 18
1262 1701 137 33 Januari
1431 1704 78 30 1873
1536 1702 49 31 till
1601 1702 62 31 och
1680 1697 84 37 med

149 1752 64 32 den
246 1756 37 29 12
310 1753 139 33 Januari
480 1755 94 37 1874;

298 1803 527 41 Finansdepartements-iärenden
863 1803 71 32 från
977 1802 63 32 och
1077 1803 73 31 med
1184 1803 63 31 den
1276 1805 35 29 24
1343 1803 138 32 Januari
1507 1806 78 30 1873
1613 1804 49 31 till
1691 1804 63 31 och

149 1855 74 31 med
254 1855 64 32 den
349 1858 36 28 12
412 1855 140 32 Januari
583 1857 92 37 1874;
704 1858 86 29 samt

299 1905 609 41 Ecklesiastikdepartements-ärenden
950 1904 70 31 från
1061 1904 61 31 och
1165 1904 74 31 med
1270 1904 63 31 den
1362 1907 39 29 24
1428 1905 138 31 Januari
1596 1908 79 30 1873
1704 1906 48 31 till

149 1956 62 32 och
239 1957 75 31 med
344 1957 63 32 den
437 1961 17 28 9
482 1958 138 31 Januari
651 1960 88 29 1874.

298 2008 169 41 Derjemte
508 2008 60 32 har
608 2008 180 38 Utskottet,
826 2009 43 39 på
897 2006 141 32 särskild
1068 2005 160 41 begäran,
1256 2005 62 33 fått
1346 2010 170 38 emottaga
1539 2007 213 41 protokollen

147 2059 10 30 i
196 2059 207 31 ministeriela
444 2060 151 36 ärenden,
636 2059 97 32 förda
764 2058 87 31 inför
887 2058 89 32 Hans
1012 2057 92 40 Maj:t
1130 2057 186 39 Konungen
1345 2057 63 31 den
1440 2061 36 27 14
1503 2059 88 37 Juni,
1623 2061 35 29 19
1686 2059 67 31 Juli

149 2109 62 31 och
254 2113 17 27 2
299 2110 137 39 Augusti
468 2113 78 29 1873
575 2110 173 39 angående
778 2109 142 31 svenska
949 2108 61 31 och
1040 2107 128 32 danska
1195 2108 216 31 undersåters
1436 2112 66 27 rätt
1528 2109 48 31 till
1605 2110 147 40 lotsning

147 2161 11 30 i
186 2153 162 39 Öresund.

299 2211 74 31 Bih.
406 2211 47 30 till
479 2210 114 32 Riksd.
623 2211 80 31 Prot.
739 2213 99 29 1874.
896 2212 20 28 3
945 2209 99 32 Saml.
1093 2211 18 29 6
1140 2208 88 38 Häft.
1636 2214 12 27 1
