1896 2768
489 172 279 32 Statsutskottets
782 171 173 31 utlåtande
971 181 39 20 nr
1025 172 61 33 134
1102 169 37 30 år
1153 170 83 29 1962
1592 173 15 26 7

161 253 386 42 Departementschefen,
572 264 69 20 som
666 252 106 32 finner
796 252 57 31 det
877 251 9 31 i
909 251 65 39 hög
997 250 79 40 grad
1100 249 182 39 angeläget,
1306 252 53 27 att
1383 247 57 31 det
1463 245 147 40 ständigt

120 309 152 32 växande
291 308 145 32 behovet
456 318 43 21 av
519 306 286 39 arkivutrymmen
826 304 223 39 tillvaratages
1071 303 35 31 så
1126 301 156 32 effektivt
1303 311 70 21 som
1392 299 139 40 möjligt,
1552 298 59 32 har

121 367 112 27 ansett
250 362 47 40 sig
312 362 81 31 böra
410 361 9 31 i
436 361 110 31 denna
561 360 92 39 fråga
670 359 143 40 godtaga
829 358 63 31 den
909 356 216 40 uppfattning
1142 366 70 20 som
1230 354 181 32 företrädes
1427 364 43 21 av
1487 356 124 28 utrust-

121 415 263 40 ningsnämnden
404 414 62 32 och
486 413 148 32 förordar
653 412 107 37 alltså,
780 416 52 27 att
852 411 230 40 bergrummen
1103 409 127 31 inredes
1251 407 9 32 i
1279 406 222 40 huvudsaklig
1520 408 91 29 över-

122 469 247 31 ensstämmelse
389 468 76 31 med
487 467 183 31 nämndens
690 466 130 38 förslag.

167 575 174 32 Utskottet
367 574 182 39 tillstyrker
574 573 92 32 bifall
694 572 49 32 till
770 572 123 39 Kungl.
920 570 120 39 Maj:ts
1067 569 121 40 förslag
1214 568 140 32 rörande
1380 566 232 32 medelsanvis-

123 629 121 40 ningen
266 628 49 32 till
336 628 203 39 nybyggnad
560 627 50 31 för
631 625 199 32 riksarkivet
850 625 60 31 och
933 624 60 32 har
1014 623 85 32 intet
1121 627 53 27 att
1195 622 106 31 erinra
1322 625 72 27 mot
1414 624 53 28 att
1488 620 40 31 de
1550 619 63 32 för-

123 683 124 31 ordade
266 681 242 39 finansierings-
528 680 60 32 och
609 678 374 40 investeringsplanerna
1003 677 200 39 godkännes.
1223 675 18 31 I
1261 674 94 32 detta
1376 673 238 39 sammanhang

124 736 56 31 vill
200 736 168 30 utskottet
387 733 181 33 emellertid
588 732 184 39 framhålla,
793 736 52 27 att
864 731 168 31 utskottet
1051 729 183 37 förväntar,
1254 732 52 27 att
1325 726 288 41 byggnadsstyrel-

124 800 73 20 sens
215 786 381 40 kostnadsberäkningar
613 786 172 32 utarbetas
802 784 75 32 med
895 784 103 32 sådan
1015 792 131 30 omsorg
1163 786 53 28 att
1233 780 322 40 kostnadsökningar
1571 790 43 21 av

123 843 60 31 här
203 841 250 41 ifrågavarande
472 839 203 41 omfattning
692 838 163 32 undvikes
873 837 50 32 för
941 836 189 32 framtiden.

165 895 185 37 Utskottet,
373 905 70 21 som
467 893 90 40 giver
578 892 48 32 sin
648 891 191 40 anslutning
860 891 50 31 till
932 890 65 32 vad
1020 887 365 42 departementschefen
1405 887 105 31 under
1531 886 82 31 före-

124 949 147 31 varande
289 947 113 32 rubrik
421 947 10 31 i
449 946 109 40 övrigt
576 946 121 37 anfört,
716 945 197 37 hemställer,

487 1004 53 27 att
559 999 174 40 riksdagen
751 998 55 31 må
825 997 48 32 till
891 996 215 40 Nybyggnad
1123 995 53 39 för
1192 994 199 32 riksarkivet
1409 993 51 32 för
1477 993 138 39 budget-

446 1053 72 31 året
538 1053 142 35 1962/63
698 1052 20 31 å
737 1051 294 39 kapitalbudgeten
1049 1049 106 32 under
1173 1052 128 28 statens
1319 1048 166 31 allmänna
1503 1045 112 41 fastig-

446 1105 155 33 hetsfond
622 1104 115 33 anvisa
758 1109 50 26 ett
829 1102 330 40 investeringsanslag
1179 1113 42 20 av
1242 1105 18 27 3
1274 1104 60 28 000
1347 1103 60 29 000
1428 1100 47 31 kr.

165 1214 66 40 3:0)
255 1213 334 42 Byggnadsarbeten
614 1212 60 31 vid
698 1211 241 32 universitetet
973 1211 4 29 i
1000 1208 168 41 Uppsala.
1194 1206 349 40 Medelsanvisningen
1566 1205 51 32 för

126 1267 309 41 byggnadsarbeten
456 1266 57 31 vid
533 1265 231 32 universitetet
790 1264 2 32 i
812 1264 147 39 Uppsala
979 1262 50 32 för
1047 1265 98 29 nästa
1164 1261 164 40 budgetår
1346 1260 135 32 föreslås
1500 1271 42 20 av
1562 1260 54 31 de-

126 1320 322 41 partementschefen
470 1319 176 40 begränsas
667 1318 49 32 till
739 1321 18 28 3
771 1321 58 28 733
843 1320 59 28 000
925 1317 47 31 kr.
1004 1316 7 31 I
1033 1315 131 32 samråd
1185 1315 77 31 med
1284 1313 332 41 byggnadsstyrelsen

126 1375 60 31 har
214 1374 43 39 på
283 1373 88 32 basis
397 1374 104 30 härav
529 1371 175 40 uppgjorts
730 1369 241 40 finansierings-
998 1369 61 31 och
1086 1367 343 39 investeringsplaner,
1456 1366 91 31 vilka
1573 1376 44 21 av

127 1426 365 41 departementschefen
511 1425 134 31 föreslås
663 1424 46 32 bli
729 1423 185 40 godkända.
934 1422 216 32 Beträffande
1169 1421 95 31 dessa
1283 1420 50 32 får
1352 1420 167 31 utskottet
1537 1419 81 31 hän-

127 1481 71 31 visa
219 1481 50 31 till
289 1479 217 32 förevarande
526 1477 214 40 proposition,
762 1488 24 21 s.
808 1479 131 28 59—61.
959 1475 52 32 Av
1034 1474 337 39 investeringsplanen
1392 1472 152 40 framgår,
1565 1475 54 29 att

128 1535 40 31 de
193 1534 145 31 aktuella
363 1531 342 41 byggnadsföretagen
730 1529 198 41 budgetåret
955 1528 141 37 1962/63
1121 1530 36 29 är
1181 1526 282 40 nybyggnaderna
1487 1525 51 32 för
1561 1527 57 29 öv-

127 1586 311 41 ningslaboratorier
459 1585 51 31 för
530 1584 87 40 fysik
638 1584 60 31 och
721 1582 86 32 kemi
830 1587 86 26 samt
937 1581 50 32 för
1008 1580 227 40 limnologiska
1257 1578 230 33 institutionen
1510 1589 107 27 m.m.,

128 1640 206 40 tillbyggnad
349 1639 51 31 för
415 1637 231 33 institutionen
661 1637 51 31 för
726 1635 189 40 fysiologisk
930 1634 139 33 botanik
1085 1638 88 27 samt
1187 1645 68 20 om-
1271 1633 62 31 och
1348 1632 204 40 tillbyggnad
1568 1631 51 32 för

128 1691 419 34 universitetsbiblioteket.

170 1800 191 39 Riksdagen
381 1799 107 31 beslöt
508 1798 36 31 år
567 1800 88 34 1959,
677 1800 53 28 att
750 1795 247 40 tillbyggnaden
1018 1794 49 31 till
1087 1792 409 33 universitetsbiblioteket
1517 1791 102 32 skulle

129 1853 128 31 utföras
274 1853 75 30 med
366 1852 151 38 planerat
533 1849 254 32 fullträffsäkert
803 1848 209 39 skyddsrum.
1028 1847 236 31 Kostnaderna
1280 1845 51 31 för
1346 1845 73 31 hela
1435 1845 185 39 byggnads-

130 1907 163 38 företaget
315 1904 243 39 uppskattades
580 1902 49 32 till
654 1906 16 27 5
683 1905 60 28 500
756 1905 60 27 000
838 1901 47 31 kr.
909 1900 101 39 enligt
1031 1899 157 39 prisläget
1209 1899 64 30 den
1298 1902 15 27 1
1337 1897 59 40 juli
1419 1901 90 28 1958.
1531 1897 89 32 Mer-

131 1959 184 31 kostnaden
335 1957 50 31 för
402 1956 214 33 anordnande
634 1967 43 20 av
695 1955 58 31 det
771 1953 238 32 fullträffsäkra
1028 1952 271 39 skyddsrummet
1317 1951 204 31 beräknades
1538 1961 82 28 upp-

131 2013 40 39 gå
189 2011 49 32 till
255 2022 37 21 ca
310 2014 59 28 300
383 2013 60 28 000
460 2010 49 30 kr.
526 2011 118 29 utöver
661 2007 222 32 kostnaderna
900 2006 51 31 för
967 2005 236 32 motsvarande
1220 2004 374 40 förvaringsutrymmen
1612 2003 9 31 i

131 2077 40 19 en
189 2065 126 31 normal
333 2062 237 40 källarvåning.

172 2117 64 31 Vid
254 2118 63 30 den
335 2116 160 38 förnyade
513 2112 402 40 kostnadsuppskattning
934 2122 68 21 som
1021 2110 334 40 byggnadsstyrelsen
1372 2110 173 31 verkställt
1562 2110 60 31 har

132 2171 185 31 kostnaden
341 2169 49 31 för
412 2167 216 32 förevarande
651 2165 301 41 byggnadsföretag
975 2164 91 39 stigit
1088 2164 49 31 till
1161 2167 17 27 9
1193 2166 59 28 700
1265 2166 61 28 000
1348 2163 48 31 kr.
1419 2162 101 40 enligt
1543 2162 78 39 pris-

132 2224 89 39 läget
239 2223 63 30 den
324 2225 15 27 1
360 2221 58 39 juli
442 2224 89 27 1961.
550 2220 51 31 Av
622 2217 324 40 kostnadsökningen
967 2217 92 31 faller
1079 2220 14 27 1
1109 2219 60 28 500
1182 2219 61 28 000
1263 2216 48 31 kr.
1330 2216 43 38 på
1392 2215 58 31 det
1468 2215 154 31 fullträff-

133 2276 96 31 säkra
247 2275 280 38 skyddsrummet.
545 2272 119 31 Direkt
681 2271 161 31 samband
860 2270 74 31 med
952 2270 271 38 skyddsrummet
1239 2268 60 31 har
1316 2279 39 20 en
1373 2267 250 32 tillkommande

133 2327 293 39 förbindelsegång,
446 2324 368 39 kostnadsuppskattad
833 2323 48 31 till
900 2326 60 27 350
973 2325 59 28 000
1052 2322 48 32 kr.
1119 2322 52 30 En
1190 2320 177 40 anledning
1384 2320 49 31 till
1452 2321 63 30 den
1534 2331 89 28 myc-

133 2382 58 30 ket
210 2379 191 40 betydande
422 2377 325 39 kostnadsökningen
769 2376 50 31 för
839 2376 269 38 skyddsrummet
1129 2376 37 29 är
1185 2378 53 27 att
1257 2373 58 31 det
1336 2373 56 31 vid
1413 2373 40 31 de
1474 2376 150 28 närmare

134 2437 169 32 studierna
323 2447 42 20 av
387 2435 115 39 frågan
524 2433 86 31 visat
632 2432 47 39 sig
699 2429 321 41 byggnadstekniskt
1040 2427 275 40 utomordentligt
1337 2427 215 39 komplicerat
1572 2431 52 27 att

134 2493 109 39 bygga
260 2495 49 27 ett
326 2490 199 39 skyddsrum
542 2499 42 20 av
601 2487 64 31 den
683 2486 122 31 storlek
821 2485 60 31 och
899 2484 157 31 karaktär
1073 2484 57 30 det
1146 2483 60 31 här
1223 2483 98 39 gäller
1338 2482 103 31 under
1458 2481 99 31 nivån
1574 2480 50 32 för

135 2548 262 41 grundmurarna
416 2545 48 31 till
483 2555 39 20 en
542 2544 34 31 så
595 2548 82 34 tung
695 2542 154 39 byggnad
869 2552 68 20 som
958 2538 406 33 universitetsbiblioteket
1383 2541 106 36 utgör.
