2195 2640
724 184 262 32 Statsutskottets
1016 185 175 32 Utlåtande
1215 186 62 31 N:o
1301 188 50 29 58.
1766 184 20 31 5

232 271 153 48 värden,
419 272 64 37 det
527 272 157 38 oaktadt
725 273 166 38 befunne
926 273 60 49 sig
1013 273 11 37 i
1054 274 84 37 fullt
1166 274 198 49 tidsenligt
1395 274 70 37 och
1494 273 181 38 brukbart
1704 274 119 37 skick.

233 323 186 38 Fördelen
451 330 54 31 att
534 316 124 46 Åkers
688 326 183 37 krutbruk
900 340 89 23 vore
1019 326 9 37 i
1059 327 66 36 full
1154 330 103 46 gång
1286 328 70 35 och
1386 327 148 37 försedt
1559 327 84 36 med
1662 340 46 23 en
1729 332 95 31 stam

235 376 42 36 af
302 376 185 50 arbetare,
518 392 82 22 som
630 392 90 24 vore
764 379 84 37 fullt
892 379 197 49 förtrogna
1117 380 85 37 med
1233 381 45 35 de
1308 380 167 46 arbeten,
1505 379 127 37 hvilka
1662 379 62 37 vid
1754 379 72 37 till-

238 429 187 48 verkning
467 430 41 35 af
548 430 45 36 de
633 431 198 36 faststälda
872 431 370 48 krigskrutsorterna
1271 433 248 45 förekomma,
1550 435 118 33 måste
1698 432 128 35 vidare

235 480 145 38 skattas
409 482 107 48 högt,
539 482 259 37 hvarförutom
820 484 117 36 borde
959 484 274 48 ihågkommas,
1257 490 53 31 att
1331 485 145 36 kronan
1498 485 11 35 i
1533 484 94 48 följd
1644 484 42 36 af
1703 484 124 36 öfver-

235 533 309 38 enskommelsen
575 548 59 23 om
664 538 117 46 några
810 539 38 33 år
878 539 80 34 åter
985 536 169 37 inträder
1182 537 11 36 i
1221 537 339 48 brukningsrätten
1581 537 56 36 till
1660 536 166 37 Rocksta

238 586 226 47 hemmanet,
495 600 81 23 som
607 588 85 36 med
722 602 46 22 en
797 589 100 36 areal
927 589 42 36 af
992 591 47 34 45
1071 589 181 37 tunnland
1283 595 126 44 öppen
1438 590 89 36 åker
1557 589 70 36 och
1657 593 75 45 äng
1761 603 65 22 un-

236 639 66 36 der
331 639 134 37 hittills
496 641 163 36 varande
691 641 261 36 förhållanden
997 642 123 36 kunde
1159 655 110 24 anses
1300 655 89 23 vara
1417 642 60 36 för
1506 641 195 49 evärdliga
1729 641 97 37 tider

238 691 81 36 från
363 692 167 37 kronans
574 693 225 49 disposition
844 694 245 48 undantaget.
1159 695 300 36 Bestämmelsen
1512 700 55 31 att
1608 694 218 36 nuvarande

236 744 248 37 innehafvare
514 745 41 36 af
580 746 224 36 krutbruket
833 746 54 36 till
918 746 72 37 den
1023 749 44 34 14
1098 761 98 22 mars
1229 749 95 35 1905
1357 747 159 48 fritoges
1548 747 81 36 från
1659 747 72 36 den
1756 746 71 37 hit-

236 796 118 37 intills
385 797 59 36 för
472 798 326 49 nyttjanderätten
828 799 55 35 till
914 799 165 36 Rocksta
1107 800 216 36 hemmanet
1351 799 191 49 utgående
1572 799 129 48 afgäld
1717 799 108 36 torde

239 849 61 37 vid
330 850 133 36 sådant
493 850 235 37 förhållande
758 851 120 37 finnas
917 854 41 34 så
999 852 153 48 mycket
1180 866 103 23 mera
1312 852 85 37 med
1426 852 175 49 billighet
1631 852 196 36 öfverens-

238 902 247 48 stämmande,
517 916 82 23 som
629 904 45 36 de
691 903 56 36 till
768 904 278 49 sammanlagdt
1063 907 137 45 20,200
1218 905 140 36 kronor
1373 905 254 48 uppskattade
1645 904 182 48 bonings-

239 955 80 47 hus,
350 967 81 23 som
461 968 90 23 vore
581 956 189 48 uppförda
808 960 19 32 å
863 957 44 36 de
942 956 95 37 båda
1066 957 225 37 hemmanen
1320 957 9 36 i
1359 957 127 49 Broby
1516 957 68 36 och
1615 956 55 37 till
1699 956 129 37 hvilka

237 1007 146 36 kronan
412 1007 120 37 under
561 1021 144 23 samma
733 1008 53 37 tid
830 1009 179 48 undfinge
1052 1009 43 36 fri
1141 1009 338 49 dispositionsrätt,
1523 1010 115 36 ehuru
1675 1009 46 36 de
1752 1009 32 48 ej
1816 1009 10 36 i

240 1060 173 48 egentlig
441 1060 156 49 mening
626 1061 118 36 hörde
776 1061 54 36 till
860 1061 146 47 bruket,
1038 1062 122 35 kunde
1190 1075 112 23 anses
1332 1068 264 43 representera
1626 1067 53 31 ett
1696 1062 131 48 hyres-

239 1112 126 48 värde,
414 1125 81 23 som
538 1113 228 36 åtminstone
810 1114 239 36 motsvarade
1092 1114 143 37 hälften
1280 1115 41 36 af
1352 1115 73 36 den
1452 1114 290 49 ifrågavarande
1773 1115 53 35 af-

236 1164 151 49 gälden.
444 1165 83 36 Den
565 1165 145 36 kronan
753 1166 135 48 ålagda
930 1166 239 49 förpligtelse
1213 1172 53 31 att
1300 1167 60 36 vid
1390 1167 192 37 blifvande
1613 1167 146 36 afträde
1789 1167 41 36 af

237 1217 167 36 Rocksta
441 1217 217 37 hemmanet
699 1218 127 36 tillösa
868 1218 60 49 sig
957 1219 45 36 de
1033 1219 198 37 derstädes
1260 1219 174 49 belägna,
1464 1219 259 48 bruksegaren
1754 1219 72 36 till-

236 1269 136 48 höriga
413 1269 238 49 byggnader,
696 1283 81 23 som
820 1270 32 49 ej
883 1271 11 36 i
924 1271 73 36 den
1026 1271 220 49 föreslagna
1276 1272 415 36 öfverenskommelsen
1722 1271 104 37 inbe-

237 1321 151 49 gripits,
431 1322 108 36 torde
581 1322 83 36 icke
707 1336 89 23 vara
837 1323 41 36 af
910 1323 263 37 beskaffenhet
1201 1330 54 30 att
1285 1324 195 37 föranleda
1509 1327 124 45 någon
1665 1324 161 36 särskild

238 1374 162 36 kontant
428 1374 128 48 utgift,
587 1375 45 36 då
661 1375 134 36 hinder
823 1376 83 36 icke
938 1381 116 31 mötte
1085 1382 54 30 att
1168 1376 60 37 vid
1259 1377 74 36 den
1362 1376 290 49 utarrendering
1672 1376 10 36 i
1702 1376 125 48 vanlig

240 1426 164 49 ordning
446 1427 42 36 af
527 1427 226 48 hemmanet,
797 1442 81 22 som
922 1428 168 37 derefter
1133 1429 106 36 torde
1278 1429 150 36 komma
1456 1428 52 37 till
1541 1429 122 47 stånd,
1691 1428 136 37 tillför-

240 1478 112 37 binda
381 1479 71 36 den
483 1479 193 37 blifvande
706 1480 247 37 arrendatorn
983 1487 53 30 att
1079 1481 191 49 godtgöra
1311 1482 145 35 kronan
1499 1481 71 36 den
1614 1481 212 49 förskjutna

236 1531 266 38 lösesumman.

341 1584 16 35 I
400 1584 108 48 fråga
551 1598 59 23 om
649 1585 279 37 rentabiliteten
964 1586 41 36 af
1031 1586 72 36 den
1132 1586 235 36 industriella
1396 1586 255 48 verksamhet,
1684 1587 143 36 kronan

240 1649 139 36 genom
410 1636 274 49 öfvertagande
715 1637 40 36 af
780 1628 124 46 Åkers
933 1638 183 36 krutbruk
1146 1638 149 37 komme
1325 1644 54 31 att
1409 1638 133 49 drifva,
1563 1639 109 36 torde
1694 1639 134 36 endast

240 1689 93 36 böra
366 1693 186 42 nämnas,
571 1695 65 42 att,
672 1690 120 48 enligt
827 1690 45 36 de
902 1690 202 49 vidlyftiga
1133 1691 153 46 tablåer,
1317 1704 81 24 som
1429 1691 136 37 funnes
1594 1691 152 48 bilagda
1774 1691 55 37 in-

241 1741 228 48 spektörens
512 1741 59 36 för
613 1742 335 48 kruttillverkning
988 1743 177 48 yttrande
1203 1743 11 35 i
1252 1748 126 31 ämnet
1420 1743 69 37 och
1528 1743 138 48 hvilka,
1703 1747 124 33 såsom

241 1793 201 49 stödjande
479 1793 59 48 sig
572 1797 47 46 på
647 1794 155 36 brukets
834 1808 97 34 egna
960 1795 151 47 böcker,
1142 1795 108 36 torde
1280 1795 165 48 förtjena
1473 1795 44 36 all
1549 1795 98 47 tillit,
1678 1795 147 37 vinsten

241 1848 19 32 å
296 1844 386 51 kruttillverkningen
724 1846 62 36 vid
828 1847 136 36 bruket
1006 1847 118 36 under
1166 1848 251 36 sistförflutna
1453 1848 52 36 tio
1544 1851 39 33 år
1610 1848 12 36 i
1652 1848 177 36 medeltal

240 1897 146 48 utgjort
429 1900 117 46 något
587 1912 102 22 mera
732 1904 45 30 än
820 1901 135 46 17,000
993 1900 141 35 kronor
1164 1905 96 31 samt
1289 1906 65 41 att,
1384 1900 119 36 under
1531 1900 213 48 antagande
1775 1906 54 30 att

242 1949 235 48 krigskrutet
520 1950 70 37 och
633 1950 287 37 handelskrutet
961 1951 113 49 gifvit
1112 1965 142 23 samma
1288 1952 218 48 behållning
1537 1965 65 36 per
1633 1952 195 48 kilogram,

242 2001 129 48 hvarje
415 2001 185 49 kilogram
645 2003 84 36 krut
770 2003 153 48 inbragt
961 2004 100 36 cirka
1097 2006 46 34 39
1175 2009 80 41 öre;
1288 2004 67 36 och
1388 2005 131 47 skulle,
1550 2004 128 37 derest
1707 2005 123 36 denna

243 2054 101 36 siffra
387 2054 105 36 lades
533 2054 52 36 till
620 2056 122 48 grund
771 2056 60 36 för
859 2056 261 48 beräkningen
1150 2057 39 35 af
1216 2063 145 29 statens
1391 2057 159 48 utgifter
1578 2057 59 36 för
1666 2057 164 36 anskaff-

242 2106 140 48 ningen
414 2106 42 37 af
481 2107 71 36 den
585 2107 57 36 för
672 2108 126 36 armén
831 2108 67 36 och
930 2108 132 36 flottan
1086 2108 144 48 årligen
1253 2109 250 49 erforderliga
1526 2109 185 49 qvantitet
1731 2110 98 45 krut,

241 2172 83 23 som
354 2159 120 36 under
503 2172 133 24 senare
667 2163 38 33 år
732 2163 162 46 uppgått
924 2161 55 36 till
1009 2161 176 48 omkring
1214 2163 137 45 63,000
1376 2161 198 48 kilogram,
1598 2162 125 36 dertill
1745 2165 86 46 åtgå

241 2211 135 36 endast
406 2213 138 46 67,000
573 2212 153 48 kronor,
761 2213 119 36 under
915 2213 63 36 det
1007 2218 52 32 att
1089 2213 173 37 hitintills
1295 2213 51 36 till
1377 2214 162 36 nämnda
1567 2214 168 37 ändamål
1768 2227 63 23 an-

240 2264 136 36 vändts
407 2265 138 46 96,600
575 2264 151 37 kronor.

344 2316 109 37 Hvad
483 2317 167 49 anginge
679 2322 116 32 sättet
826 2317 57 37 för
912 2317 45 37 de
988 2317 251 50 erforderliga
1267 2318 171 37 medlens
1460 2318 258 49 anskaffande,
1735 2318 96 39 hade
