2226 2648
738 210 233 43 Lagutskottets
999 210 174 34 Uttåtande
1196 211 59 32 N:o
1277 214 51 30 25.
1741 211 39 31 45

430 290 127 41 (Kongl.
584 290 115 42 Maj:ts
721 290 144 42 förslag.)
1243 291 191 41 (Utskottets
1456 291 148 42 förslag.)

232 344 59 35 må
320 345 126 34 såsom
476 342 78 37 tolk
585 343 182 37 tillkallas
796 346 141 46 någon,
967 357 80 23 som
1079 344 140 36 förstår
1247 350 56 30 att
1331 344 172 37 meddela
1532 343 62 49 sig
1623 342 85 37 med
1739 342 86 49 den,

231 407 78 24 som
341 394 98 37 skall
467 394 125 38 höras.

359 446 112 37 Hvad
503 446 12 37 i
547 446 55 37 III
631 447 87 50 kap.
750 446 157 49 stadgas
937 460 59 23 om
1027 447 230 49 sakkunnig,
1287 460 81 23 som
1397 447 41 36 af
1461 451 122 32 rätten
1612 446 211 48 förordnas,

232 498 98 36 skall
373 498 9 36 i
427 498 228 49 tillämpliga
699 499 105 36 delar
843 499 104 49 gälla
988 512 60 23 om
1090 499 99 45 tolk;
1236 499 97 37 dock
1378 499 96 36 skall
1513 498 217 49 ersättning
1767 498 60 37 för

232 549 147 37 biträde
410 549 62 37 vid
501 549 276 38 vittnesförhör
805 551 170 49 utgifvas
1004 550 41 37 af
1068 550 87 48 den,
1185 563 79 24 som
1295 551 69 36 har
1393 556 56 31 att
1474 550 115 49 gälda
1610 549 216 50 ersättning

232 601 58 36 till
319 601 152 37 vittnet.

976 725 44 35 78
1050 722 33 50 8.

359 801 56 43 År
455 808 86 48 den,
584 822 82 23 som
710 809 122 48 enligt
866 809 125 37 denna
1022 809 65 50 lag
1121 809 98 36 skall
1248 808 152 49 aflägga
1428 807 59 47 ed,
1511 808 106 48 jude,
1648 807 68 37 bör
1743 808 84 36 eds-

232 859 268 50 förpligtelsen
542 860 69 37 ske
655 861 64 37 vid
750 861 109 37 »Gud
897 862 71 36 och
998 862 96 36 hans
1124 861 128 49 heliga
1280 860 97 48 lag».
1433 859 146 37 Tillhör
1607 860 75 36 han
1713 860 112 36 främ-

234 911 135 37 mande
399 912 271 47 trossamfund,
702 913 114 36 hvars
845 913 78 36 lära
953 914 33 48 ej
1016 913 204 48 tillstädjer
1246 912 139 37 honom
1407 917 55 31 att
1482 911 152 49 aflägga
1655 912 58 47 ed,
1734 912 93 37 eller

234 968 41 32 är
303 964 75 36 han
408 963 42 37 af
473 977 126 23 annan
627 964 87 38 icke
736 964 147 37 kristen
903 965 79 36 lära
1003 969 47 32 än
1070 965 74 37 den
1166 963 208 46 mosaiska;
1396 963 178 37 förordne
1594 964 231 48 Konungen,

234 1015 95 37 huru
359 1015 161 37 förfaras
548 1016 80 37 bör.

977 1138 47 35 79
1054 1136 31 50 &.

363 1222 156 37 Förstår
555 1223 32 49 ej
624 1223 85 48 den,
745 1236 81 24 som
857 1223 98 37 skall
983 1223 152 50 aflägga
1164 1223 58 47 ed,
1252 1222 166 38 svenska.
1447 1222 167 50 språket,
1645 1225 59 34 må
1732 1222 95 37 eden

236 1273 174 49 afläggas
440 1276 19 34 å
488 1275 125 48 språk,
644 1288 82 23 som
755 1275 75 36 han
859 1275 149 37 förstår.

363 1326 97 46 Den,
495 1339 79 23 som
606 1331 42 32 är
681 1332 114 42 stum,
825 1327 110 47 skall,
965 1327 66 36 der
1059 1327 76 36 han
1165 1331 41 31 är
1234 1326 261 48 skrifkunnig,
1524 1325 154 50 aflägga
1706 1326 44 36 ed
1780 1328 48 46 på

235 1377 63 36 det
339 1382 90 42 sätt,
471 1383 55 31 att
567 1378 75 37 han
676 1377 103 38 inför
806 1383 126 32 rätten
962 1377 266 51 egenhändigt
1256 1378 163 36 skrifver
1447 1377 70 37 och
1545 1377 285 37 undertecknar

235 1429 108 36 eden.

580 1500 48 35 80
657 1498 33 50 &.

339 1583 210 50 Angående
577 1584 56 37 tid
663 1585 71 37 och
764 1585 165 48 ordning
949 1585 58 37 för

236 1634 162 50 fullföljd
428 1636 41 35 af
492 1635 115 48 talan,
634 1649 82 24 som
732 1637 154 49 jemlikt
906 1639 47 35 25
974 1637 31 49 $,

236 1689 47 33 27
326 1688 21 46 $
379 1690 17 33 1
425 1700 122 33 mom.,
582 1689 60 46 29,
672 1691 60 45 36,
763 1691 61 44 41,
854 1691 59 45 43,
945 1690 60 45 50,

237 1740 45 33 52
327 1737 92 37 eller
454 1741 46 34 74
535 1738 20 49 &
585 1742 60 33 må
687 1753 139 35 genom
869 1740 136 36 besvär

237 1789 192 49 fullföljas,
472 1790 101 49 gälle
615 1791 102 36 hvad
758 1792 11 35 i
810 1791 108 50 fråga
947 1804 60 24 om

238 1841 140 49 klagan
407 1841 108 37 öfver
535 1842 151 50 slutligt
705 1843 128 49 utslag
852 1843 10 36 i
888 1843 119 37 brott-

237 1893 74 36 mål
339 1897 41 32 är
410 1893 192 50 stadgadt.

579 2016 44 34 81
655 2013 32 50 $.

340 2098 148 37 Genom
527 2098 125 37 denna
680 2099 66 49 lag
774 2099 230 49 upphäfvas:

341 2151 20 34 9
396 2149 71 37 och
503 2152 45 34 10
586 2149 44 49 $$
666 2150 12 36 i
717 2153 41 34 14
789 2151 87 48 kap.
907 2158 99 29 samt

241 2202 16 34 1
288 2200 33 49 $,
352 2201 130 47 första,
510 2201 131 48 tredje,
664 2202 117 48 fjerde
802 2203 68 35 och
892 2202 115 36 femte

238 2252 215 48 punkterna
492 2252 41 36 af
566 2255 20 34 3
617 2252 33 49 $,
680 2255 23 34 4
732 2253 57 36 till
821 2254 71 36 och
922 2254 84 36 med

241 2306 41 34 11
313 2303 56 50 $$,
400 2306 44 34 13
466 2303 55 37 till
541 2303 70 38 och
633 2304 85 37 med
740 2307 45 34 31
808 2304 57 50 $$,
888 2306 117 36 första

1378 1500 47 36 80
1454 1498 32 50 $.

1164 1585 211 50 Angående
1404 1585 55 36 tid
1487 1585 70 37 och
1587 1584 166 48 ordning
1772 1584 58 36 för

1060 1637 164 49 fullföljd
1252 1637 42 36 af
1317 1637 114 48 talan,
1458 1650 80 24 som
1553 1636 154 50 jemlikt
1727 1638 45 34 25
1795 1636 33 49 $,

1061 1691 45 34 27
1144 1688 21 49 &
1203 1692 17 33 1
1255 1702 126 33 mom.,
1417 1690 58 46 29,
1509 1691 60 45 36,
1599 1691 61 44 41,
1691 1690 59 45 43,
1781 1689 47 34 50

1058 1740 85 36 eller
1175 1741 53 35 52
1259 1741 27 46 $
1318 1743 61 33 må
1411 1753 139 36 genom
1581 1740 137 36 besvär
1745 1739 85 36 full-

1061 1791 123 48 följas,
1208 1791 101 49 gälle
1330 1791 98 37 hvad
1449 1792 11 36 i
1482 1792 105 47 fråga
1608 1804 59 23 om
1688 1790 141 49 klagan

1061 1843 107 36 öfver
1201 1843 149 49 slutligt
1385 1843 129 49 utslag
1541 1842 12 37 i
1581 1842 179 38 brottmål
1788 1847 42 31 är

1063 1894 191 49 stadgadt.

1376 2016 45 34 81
1453 2014 33 49 8.

1164 2099 147 37 Genom
1347 2100 123 36 denna
1505 2100 63 47 lag
1597 2099 231 48 upphäfvas:

1165 2152 20 34 9
1228 2151 70 36 och
1344 2152 45 35 10
1423 2150 80 49 $$
1480 2146 22 58 :i
1536 2154 43 33 14
1615 2151 86 47 kap.
1732 2157 98 30 samt

1065 2204 16 34 1
1109 2201 33 49 $,
1174 2202 128 44 första,
1332 2202 133 48 tredje,
1483 2201 118 49 fjerde
1623 2201 70 37 och
1716 2201 113 37 femte

1061 2254 217 48 punkterna
1321 2253 41 36 af
1395 2256 20 34 3
1443 2253 32 49 $,
1504 2255 23 35 4
1556 2253 58 36 till
1643 2253 71 36 och
1745 2253 83 36 med

1063 2307 42 34 11
1138 2303 55 51 $$,
1229 2308 42 34 13
1293 2304 56 37 till
1371 2305 70 37 och
1463 2304 83 37 med
1567 2307 45 34 31
1633 2304 57 50 $$,
1714 2305 115 36 första
