2190 2616
359 191 39 31 18
553 190 245 31 Sammansatta
820 192 93 29 stats-
937 189 55 31 och
1015 190 107 30 andra
1144 189 223 40 lagutskottets
1390 199 40 20 nr
1453 191 18 28 1
1495 189 171 31 utlåtande
1688 188 54 31 Nr
1764 191 29 28 3.

465 275 66 37 Uti
560 275 64 36 sitt
652 275 57 35 till
738 274 418 49 statsrådsprotokollet
1184 274 167 49 avgivna
1378 274 179 49 yttrande
1575 274 13 35 i
1607 278 127 31 ämnet
1753 274 68 35 har
1840 273 136 36 chefen

359 328 58 36 för
445 327 552 63 lantförsvarsdepartementet
1025 326 135 47 anfört,
1191 304 67 57 att
1273 339 140 35 genom
1444 331 54 31 ett
1518 326 192 35 rationellt
1730 325 246 49 utnyttjande

360 393 46 23 av
436 378 270 47 övningstiden
749 378 70 36 och
860 391 139 35 genom
1030 355 200 58 utmönstri
1220 391 67 35 ing
1314 391 44 22 ur
1384 377 565 49 utbildningsprogrammen
1929 390 47 23 av

359 445 47 22 en
444 431 60 36 del
536 408 144 58 mindre
708 408 206 69 väsentligt
943 430 56 35 till
1028 429 119 36 fördel
1176 429 58 36 för
1262 429 63 36 det
1353 442 102 23 mera
1482 429 211 48 väsentliga
1721 434 54 30 ett
1803 434 87 43 gott
1918 434 58 30 ut-

358 482 354 48 bildningsresultat
741 481 68 36 bör
837 482 129 35 kunna
993 481 136 36 vinnas
1156 481 121 36 under
1305 486 176 31 avsevärt
1509 481 152 36 kortare
1689 480 55 36 tid
1764 485 48 31 än
1832 480 72 36 den
1924 494 52 22 nu

358 535 12 35 i
411 534 328 49 värnpliktslagen
782 533 223 36 fastställda.
1061 532 193 38 Utskottet
1295 533 138 35 tillåter
1474 533 60 47 sig
1571 532 213 45 framhålla,
1817 537 57 31 att
1903 532 72 36 för-

360 586 322 36 svarsrevisionen
724 585 63 35 vid
830 584 267 50 uppgörandet
1139 598 47 22 av
1227 585 65 35 sitt
1323 584 144 48 förslag
1494 584 117 36 redan
1639 584 137 35 räknat
1804 584 85 36 med

360 652 47 22 en
436 638 107 48 dylik
572 637 253 60 omläggning
852 650 47 22 av
927 636 513 49 utbildningsprogrammen
1469 639 122 33 måste
1620 641 74 43 äga
1721 649 94 22 rum.

462 680 199 46 Utskottet
699 691 167 73 ÖVErga
905 688 165 36 härefter
1110 689 57 35 till
1208 701 47 23 en
1295 688 240 47 granskning
1577 701 45 22 av
1643 664 161 71 Kungl
1846 686 130 50 Maj:ts

359 741 148 48 förslag
535 742 12 34 i
575 740 72 36 vad
690 740 63 36 det
782 753 107 23 avser
916 740 282 48 tjänstgörings
1182 716 143 60 stidens
1353 739 117 49 längd
1500 716 71 60 och
1600 717 216 70 fördelning
1843 739 59 36 för
1930 738 47 37 de

359 793 102 36 olika
480 769 497 76 värnpliktskategorierna.

463 844 84 36 Vad
590 844 46 35 då
677 844 97 36 först
795 844 171 49 fotfolket
994 846 132 45 angår,
1156 843 120 35 skulle
1305 842 103 36 tiden
1437 843 59 35 för
1524 842 118 36 första
1669 842 307 49 tjänstgöringen

358 896 59 36 för
446 896 105 36 detta
577 896 202 48 truppslag
806 895 190 36 tilldelade
1024 895 207 48 vapenföra
1250 894 259 49 värnpliktiga
1527 899 141 43 utgöra
1688 894 121 48 enligt
1831 893 142 48 Kungl.

357 947 130 49 Maj:ts
517 948 143 47 förslag
690 948 47 35 90
768 947 117 48 dagar
913 946 72 37 och
1013 947 120 47 enligt
1161 946 408 36 försvarsrevisionens
1599 946 143 47 förslag
1765 947 70 34 105
1857 945 122 48 dagar

359 999 74 49 (för
460 1000 301 47 vintergruppen
792 1000 70 35 135
893 998 144 48 dagar).
1095 997 220 36 Skillnaden
1343 998 139 35 mellan
1511 997 46 36 de
1585 997 97 36 båda
1710 997 196 48 förslagen
1934 1003 43 29 är

359 1051 149 36 således
549 1051 124 48 ifråga
715 1063 61 23 om
819 1050 219 48 dagantalet
1078 1049 82 36 icke
1202 1054 90 42 stor,
1322 1062 86 22 men
1436 1048 86 36 med
1550 1048 150 49 hänsyn
1729 1049 58 35 till
1814 1048 73 36 vad
1915 1053 61 30 ut-

358 1103 144 36 skottet
547 1103 102 36 förut
695 1102 127 35 anfört
862 1101 232 37 beträffande
1135 1100 132 36 värdet
1307 1113 48 23 av
1397 1100 46 36 de
1490 1100 129 48 dagar,
1651 1113 81 23 som
1765 1100 212 36 tillkomma

359 1155 96 36 efter
483 1154 73 36 den
585 1153 321 49 grundläggande
934 1153 288 48 utbildningens
1251 1152 259 48 meddelande,
1527 1129 209 71 ingalunda
1762 1151 214 49 betydelse-

358 1206 70 36 lös.
484 1206 76 36 Det
600 1206 76 35 kan
718 1205 127 36 därför
872 1210 92 31 utan
993 1204 140 36 tvekan
1162 1209 125 43 sägas,
1317 1209 55 30 att
1401 1181 402 59 försvarsrevisionens
1832 1204 147 48 förslag

357 1259 14 35 i
399 1258 251 36 förevarande
678 1256 215 37 hänseende
921 1261 41 31 är
989 1256 144 48 Kungl.
1162 1255 128 49 Maj:ts
1310 1256 225 47 överlägset.
1594 1255 79 36 Vad
1694 1255 73 36 den
1787 1256 47 35 30
1856 1255 121 48 dagar

359 1310 135 48 längre
535 1308 387 49 tjänstgöringstiden
964 1308 59 36 för
1063 1308 298 48 vintergruppen
1403 1307 189 47 beträffar,
1630 1307 178 48 betingas
1851 1306 123 37 denna

359 1361 130 46 därav,
520 1366 53 30 att
618 1360 266 48 utbildningen
929 1360 122 36 under
1095 1360 148 35 vintern
1284 1359 85 36 med
1411 1358 85 37 dess
1537 1359 110 36 korta
1690 1359 119 48 dagar
1836 1358 141 36 kräver

359 1413 134 47 längre
537 1412 53 36 tid
633 1418 48 30 än
723 1412 120 36 under
871 1424 225 24 sommaren.
1153 1410 132 37 Såsom
1329 1410 384 37 försvarsrevisionen
1755 1410 217 45 framhållit,

360 1467 121 34 måste
520 1464 62 36 det
610 1463 204 37 emellertid
844 1463 57 36 för
929 1464 72 35 alla
1030 1462 141 37 sådana
1198 1462 269 57 värnpliktiga,
1497 1462 230 48 exempelvis
1751 1440 223 70 jordbruks-

361 1517 171 35 arbetare
560 1516 70 36 oeh
658 1516 102 36 vissa
789 1515 326 48 säsongarbetare,
1134 1514 103 36 vilka
1264 1514 98 36 hava
1390 1527 58 23 sin
1477 1519 98 31 mest
1595 1513 381 48 inkomstbringande

360 1568 297 48 sysselsättning
685 1567 149 49 förlagd
862 1567 56 35 till
947 1567 344 46 sommarhalvåret,
1320 1566 164 48 givetvis
1517 1565 181 37 imnebära
1726 1579 47 23 en
1800 1566 174 36 bestämd

361 1620 123 37 fördel
512 1625 56 30 att
595 1619 38 36 få
662 1619 164 49 fullgöra
854 1620 118 34 första
1000 1618 307 48 tjänstgöringen
1326 1618 119 35 under
1463 1617 163 47 vintern,
1644 1622 96 31 även
1760 1630 61 23 om
1837 1618 139 47 tjänst-

360 1671 265 49 göringstiden
654 1671 220 48 därigenom
903 1670 121 36 skulle
1052 1670 102 36 bliva
1181 1672 117 45 något
1327 1669 186 48 förlängd.

465 1723 148 45 Därest,
646 1725 49 46 på
740 1728 76 31 sätt
861 1722 142 48 Kungl.
1051 1721 107 49 Maj:t
1204 1721 167 47 föreslår,
1401 1722 117 35 första
1560 1720 312 49 tjänstgöringen
1909 1720 64 36 be-

361 1780 182 31 stämmes
585 1752 132 59 endast
759 1774 56 35 till
845 1775 47 34 90
926 1773 130 48 dagar,
1085 1776 120 33 måste
1234 1776 126 33 såsom
1389 1772 415 64 departementschefen
1828 1772 146 47 jämväl

362 1826 228 46 framhåller,
620 1826 46 36 de
695 1825 258 48 värnpliktiga
975 1802 168 59 inkallas
1171 1825 13 35 i
1211 1829 57 31 tre
1297 1827 222 46 omgångar,
1550 1824 114 35 därav
1691 1823 284 36 huvudmassan

360 1880 49 46 på
438 1891 211 23 sommaren
678 1878 72 36 och
779 1877 45 36 de
852 1877 97 36 båda
977 1877 59 36 för
1063 1876 241 36 uteslutande
1332 1877 107 35 vakt-
1469 1876 70 36 och
1566 1875 214 48 vårdtjänst
1809 1875 168 36 avsedda

361 1932 264 45 omgångarna
653 1930 122 35 under
804 1929 132 48 övriga
965 1928 105 36 delar
1097 1942 47 22 av
1172 1931 89 33 året.
1317 1927 172 37 Frånsett
1523 1927 73 36 den
1624 1927 245 49 synnerligen
1898 1932 77 31 stö-

361 1981 118 36 rande
522 1981 185 36 inverkan
749 1983 49 46 på
838 1960 72 57 den
939 1981 82 35 inre
1048 1980 185 59 tjänstens
1263 1979 204 47 ordnande,
1497 1993 81 22 som
1608 1992 46 23 en
1683 1978 106 49 dylik
1816 1974 160 72 uppdel-

360 2033 96 48 ning
499 2046 46 22 av
587 2033 214 36 Åårsklassen
829 2033 11 35 i
869 2040 55 28 tre
953 2035 213 62 omgångar
1193 2032 170 36 kommer
1391 2036 55 31 att
1475 2031 180 43 medföra,
1686 2031 132 47 skulle,
1849 2033 125 33 såsom

360 2086 103 35 förut
505 2089 164 43 nämnts,
699 2085 46 36 de
788 2085 58 35 för
885 2084 109 36 vakt-
1037 2084 70 35 och
1143 2083 263 49 vårdtjänsten
1435 2083 169 36 avsedda
1631 2060 97 58 båda
1755 2095 222 36 grupperna

362 2137 84 35 icke
489 2136 141 36 erhålla
670 2140 129 45 någon
836 2149 81 23 som
947 2136 98 36 helst
1073 2135 140 36 militär
1240 2135 227 48 utbildning.
1525 2134 133 48 Enligt
1686 2133 75 37 vad
1788 2134 188 36 utskottet

361 2188 189 36 inhämtat
596 2187 105 37 torde
749 2188 57 36 för
847 2188 159 35 vardera
1047 2187 296 48 vintergruppen
1383 2164 136 58 krävas
1560 2186 115 36 minst
1717 2187 48 34 60
1794 2199 86 22 man
1908 2198 70 35 per

361 2247 232 41 regemente.
649 2239 59 36 Då
764 2202 142 73 antalet
960 2239 422 48 infanteriregementen
1429 2243 114 43 utgör
1590 2240 61 44 28,
1699 2238 122 36 skulle
1867 2237 109 36 alltså

360 2312 52 4 —
440 2292 160 36 frånsett
640 2291 47 36 de
715 2291 284 48 kontingenter,
1029 2303 81 23 som
1143 2291 118 46 enligt
1289 2290 103 36 såväl
1421 2289 401 37 försvarsrevisionens
1852 2302 81 23 som
1962 2288 14 35 i
