2200 2666
695 157 232 43 Lagutskottets
954 156 166 32 Utlåtande
1142 156 64 32 N:o
1230 156 50 32 70.
1745 155 20 31 3

327 244 72 49 1:0)
426 247 176 36 Tilltalad
628 254 67 41 äge
723 244 165 49 fullfölja
914 246 113 42 talan,
1068 245 66 35 där
1161 244 73 37 han
1261 244 59 36 för
1346 244 112 44 brott,
1488 256 77 24 som
1593 245 13 34 i
1633 244 108 46 lagen
1769 250 41 28 är

191 298 152 49 belagdt
382 298 85 36 med
493 296 210 45 dödsstraff,
733 296 241 43 straffarbete,
1004 295 177 50 fängelse,
1210 294 206 49 afsättning
1442 295 92 36 eller
1560 295 184 48 mistning
1771 293 41 37 af

191 350 144 37 ämbete
362 353 47 45 på
435 350 74 36 viss
537 348 66 45 tid,
632 347 128 37 blifvit
787 346 158 37 sakfälld
973 347 90 36 eller
1091 346 119 36 under
1236 345 203 37 framtiden
1467 345 121 37 ställd.

327 397 73 48 2:0)
427 399 234 49 Målsägande
700 411 86 23 vare
826 399 138 34 tillåtet
1004 396 80 37 föra
1110 397 145 48 klagan,
1285 397 66 36 där
1377 397 92 36 hans
1495 397 99 35 talan
1622 395 97 36 afser
1746 408 64 23 an-

190 464 83 24 svar
312 450 58 36 för
409 450 113 45 brott,
565 463 77 23 som
681 450 14 34 i
726 450 108 47 lagen
866 456 40 28 är
931 448 150 48 belagdt
1108 448 85 36 med
1220 446 211 46 dödsstraff,
1461 446 231 37 straffarbete
1720 447 91 35 eller

190 501 217 48 afsättning.

327 550 74 47 3:0)
429 551 16 36 I
485 550 171 37 afseende
687 553 22 33 å
735 563 132 23 ansvar
894 549 58 36 för
978 549 102 36 brott
1107 548 41 37 af
1171 548 264 44 beskaffenhet,
1464 560 79 24 som
1570 549 12 34 i
1612 544 74 48 2:0)
1715 555 93 40 sägs,

191 607 71 40 må,
304 603 67 35 där
408 602 139 36 brottet
586 602 31 47 ej
653 608 40 29 är
721 600 142 45 sådant,
892 605 54 31 att
973 600 63 36 det
1062 601 155 35 allenast
1244 599 40 36 af
1309 598 261 48 målsäganden
1597 599 114 35 åtalas
1738 601 71 41 må,

187 654 321 48 justitiekanslern
548 651 176 37 förordna
763 664 60 24 om
864 650 170 48 fullföljd
1074 650 41 36 af
1143 651 110 43 talan,
1287 657 67 28 när
1381 650 213 48 synnerliga
1620 649 80 36 skäl
1728 648 82 36 där-

190 705 62 35 till
279 712 74 28 äro.

327 752 74 48 4:o)
428 754 78 37 Har
532 758 84 44 part
642 753 122 36 dömts
792 753 59 35 till
878 752 106 37 böter
1011 753 90 35 eller
1127 752 75 36 vite
1230 752 90 35 eller
1346 751 67 35 har
1431 751 161 47 utslaget
1611 750 106 47 eljest
1730 753 80 44 gått

192 806 136 36 honom
369 810 97 31 emot
505 804 157 36 rörande
702 804 209 48 penningar
951 804 90 34 eller
1080 802 141 45 sådant,
1251 815 78 23 som
1355 802 73 35 kan
1454 802 59 35 till
1541 801 92 35 visst
1659 800 112 36 värde
1797 801 14 34 i

193 857 209 48 penningar
441 856 149 43 skattas,
631 861 67 41 äge
729 859 131 44 parten
892 852 166 49 fullfölja
1088 854 113 41 talan,
1230 852 122 37 såvidt
1378 853 31 47 ej
1440 851 209 50 uppenbart
1677 858 51 36 är,
1757 856 54 31 att

192 906 277 48 sammanlagda
507 905 127 36 värdet
675 904 40 37 af
744 904 95 36 hvad
865 904 72 36 han
965 909 128 44 tappat
1119 904 81 35 icke
1227 902 220 50 öfverstiger
1473 905 61 33 två
1561 907 109 30 tusen
1697 901 112 36 daler.

192 957 71 36 För
303 958 138 35 allmän
483 957 170 46 åklagare
693 956 91 35 skall
824 955 63 36 det
926 955 112 35 värde
1077 954 180 36 beräknas
1289 953 84 36 med
1400 953 143 48 hänsyn
1570 952 157 36 allenast
1753 952 58 35 till

192 1008 139 35 honom
370 1007 135 36 ådömd
544 1019 170 24 ansvars-
747 1006 89 35 eller
867 1004 456 50 ersättningsskyldighet;
1356 1004 66 36 och
1450 1006 60 33 må
1535 1003 73 35 han
1634 1003 32 47 ej
1697 1002 115 37 heller

193 1059 88 35 söka
308 1057 158 47 ändring
492 1059 13 34 i
532 1062 113 31 annat
671 1056 207 36 hänseende
905 1063 48 28 än
979 1069 51 22 nu
1057 1063 41 28 är
1125 1055 121 48 sagdt.

329 1107 72 46 5:0)
428 1109 89 36 Part
544 1111 60 33 må
630 1107 81 36 föra
738 1108 143 47 klagan,
910 1114 68 28 när
1005 1107 160 47 utslaget
1192 1109 80 45 gått
1299 1105 134 36 honom
1462 1110 99 30 emot
1580 1102 231 38 beträffande

193 1163 124 45 något,
347 1173 76 22 som
451 1160 80 35 icke
558 1161 114 46 angår
699 1171 130 23 ansvar
856 1158 67 35 och
952 1158 31 47 ej
1013 1158 72 35 kan
1112 1158 13 34 i
1152 1156 210 50 penningar
1389 1156 150 36 skattas.

329 1208 140 38 Genom
502 1209 94 36 hvad
627 1222 51 22 nu
706 1216 41 28 är
774 1208 170 48 stadgadt
970 1215 106 41 göres
1104 1207 31 48 ej
1165 1208 192 47 rubbning
1383 1208 14 34 i
1424 1206 72 36 den
1523 1207 179 42 åtalsrätt,
1732 1218 78 22 som

190 1260 229 48 Riksdagens
442 1259 398 49 justitieombudsman
867 1259 238 35 tillkommer.

961 1399 83 45 78

327 1485 59 38 År
413 1487 117 47 enligt
558 1488 20 34 5
608 1487 89 34 eller
727 1487 19 34 6
775 1483 24 46 &
826 1490 99 42 parts
953 1489 73 31 rätt
1045 1489 53 31 att
1116 1483 165 48 fullfölja
1299 1485 99 34 talan
1416 1482 184 37 beroende
1619 1485 48 45 på
1684 1481 128 36 värdet

194 1537 40 36 af
272 1540 122 45 något,
436 1537 149 36 hvarom
626 1536 129 36 dömdt
794 1535 137 44 blifvit,
969 1538 60 33 må
1054 1535 63 36 vid
1143 1535 208 47 beräkning
1378 1533 40 36 af
1442 1533 62 36 det
1530 1532 111 36 värde
1667 1532 145 49 hänsyn

194 1588 82 36 icke
303 1589 13 34 i
344 1591 113 44 något
484 1586 66 37 fall
577 1592 102 43 tagas
707 1587 60 35 till
794 1585 382 49 rättegångskostnad.

330 1638 77 36 Har
433 1651 133 35 genom
593 1637 158 36 hofrätts
779 1638 122 46 utslag
928 1636 241 48 värjemålsed
1196 1635 128 36 blifvit
1350 1639 82 44 part
1459 1634 118 48 ålagd,
1606 1641 67 40 äge
1700 1633 72 36 han
1799 1634 13 34 i

194 1690 162 46 utslaget
395 1689 87 35 söka
521 1688 160 47 ändring
712 1692 89 31 utan
829 1687 133 36 hinder
988 1685 40 37 af
1052 1686 95 36 hvad
1173 1687 13 34 i
1215 1688 20 34 5
1264 1686 69 35 och
1363 1687 19 34 6
1410 1683 50 46 $$
1487 1692 40 28 är
1554 1683 171 48 stadgadt
1752 1696 59 23 om

194 1739 272 47 inskränkning
493 1739 12 34 i
533 1743 74 30 rätt
634 1743 53 30 att
715 1737 165 49 fullfölja
906 1739 112 34 talan.

961 1881 20 34 8
1010 1877 34 46 8.

332 1957 114 44 Öfver
487 1964 157 36 hofrätts
678 1965 122 47 utslag
831 1965 12 34 i
871 1963 114 49 fråga,
1015 1963 149 35 hvarom
1192 1963 13 34 i
1236 1963 43 35 16
1308 1962 81 47 kap.
1422 1963 44 34 10
1494 1959 23 45 $&
1544 1960 174 36 förmäles
1746 1959 67 36 och

197 2028 79 23 som
304 2014 125 37 blifvit
456 2014 83 36 från
567 2015 195 35 underrätt
788 2014 179 49 fullföljd,
996 2016 59 32 må
1082 2014 31 47 ej
1144 2013 136 47 klagas,
1309 2017 105 30 utom
1434 2011 40 36 af
1490 2011 82 43 den,
1593 2023 79 23 som
1692 2010 121 36 dömts

196 2066 60 35 till
297 2065 163 48 fängelse
501 2066 89 34 eller
629 2065 117 44 böter,
774 2078 78 22 mer
891 2072 47 28 än
978 2067 60 32 två
1069 2068 107 30 tusen
1208 2063 112 41 daler,
1350 2063 90 35 eller
1465 2062 13 35 i
1506 2060 65 36 fall
1599 2060 215 47 fullmäktig

195 2114 128 37 blifvit
362 2115 96 35 skild
498 2114 83 36 från
621 2114 342 48 fullmäktigskapet
1008 2114 89 35 eller
1124 2112 140 36 hofrätt
1303 2112 175 35 fastställt
1517 2111 134 43 beslut,
1693 2110 120 35 hvari-

195 2177 135 36 genom
359 2164 170 36 kvarstad
556 2166 90 34 eller
673 2163 352 49 skingringsförbud
1052 2164 89 34 eller
1164 2176 122 22 annan
1305 2161 152 36 därmed
1472 2160 194 49 jämförlig
1684 2160 130 47 åtgärd

194 2215 173 47 beviljats
396 2216 89 34 eller
511 2214 165 49 yrkande
703 2227 59 23 om
791 2213 180 37 häfvande
999 2213 39 36 af
1063 2213 112 35 sådan
1202 2212 130 48 åtgärd
1359 2212 158 47 ogillats.
