2232 2624
458 163 42 31 32
851 161 411 32 Konstitutionsutskottets
1285 160 172 31 Memorial
1481 159 63 32 N:o
1569 161 29 29 1.

615 239 218 42 (Nuvarande
856 239 149 41 lydelse:)

413 292 311 50 ningshafvande
756 291 242 46 föranstalta,
1033 295 56 31 att
1121 303 74 33 nya

412 348 61 34 val
501 346 191 36 anställas.

492 396 72 37 Om
603 396 160 37 emellan
790 394 204 48 riksdagar
1023 393 174 48 ledighet

412 450 12 35 i
440 448 221 48 någondera
681 447 234 36 Kammaren
935 458 140 36 genom
1094 445 101 36 leda-

412 505 100 30 mots
528 500 147 48 afgång
689 501 169 47 uppstår,
875 498 153 48 åligger
1038 497 157 35 Konun-

411 565 98 35 gens
545 549 447 50 Befallningshafvande,
1023 553 68 32 när
1120 548 76 36 den

411 604 197 48 afgångne
632 579 148 59 tillhört
799 602 132 36 Andra
949 601 246 45 Kammaren,

412 632 64 60 att
490 632 234 68 föranstalta
753 666 54 24 om
836 657 80 43 nytt
945 654 78 45 val;
1043 652 82 47 och,
1147 629 48 58 då

412 708 73 36 den
500 707 197 48 afgångne
711 706 100 36 varit
825 706 167 36 ledamot
1004 683 41 57 af
1057 681 136 59 Första

411 758 245 47 Kammaren,
686 763 56 31 att
770 770 61 23 om
858 756 222 49 ledigheten
1100 761 95 42 göra

413 811 177 35 anmälan
631 810 71 36 hos
744 810 234 47 Konungen,
1008 821 81 23 som
1119 807 77 36 för-

412 862 140 36 ordnar
580 874 61 24 om
671 866 80 42 nytt
779 863 79 34 vals
887 860 245 37 anställande.

761 1032 21 49 $
811 1034 60 34 38.

496 1122 31 34 1.
541 1118 478 37 Konstitutionsutskottet
1030 1118 166 36 tillkom-

413 1185 80 23 mer
527 1176 55 31 att
615 1171 169 49 granska
811 1170 120 36 rikets
960 1170 237 48 grundlagar

413 1229 100 31 samt
547 1228 55 31 att
635 1223 69 36 hos
732 1221 221 50 Riksdagen
982 1222 138 36 föreslå
1149 1221 46 37 de

413 1275 209 48 ändringar
650 1274 135 47 däruti,
816 1274 86 36 dem
922 1274 191 36 utskottet
1132 1287 66 22 an-

414 1340 60 24 ser
501 1327 117 47 högst
646 1326 143 49 nödiga
821 1325 91 36 eller
940 1326 155 48 nyttiga
1123 1325 72 36 och

413 1379 160 49 möjliga
615 1382 56 32 att
711 1377 218 47 verkställa,
973 1380 42 33 så
1043 1377 71 36 ock
1142 1382 55 30 att

413 1430 174 37 meddela
628 1429 195 36 utlåtande
871 1429 110 36 öfver
1023 1428 46 37 de
1111 1429 84 36 från

414 1482 215 36 Kamrarna
671 1481 57 36 till
770 1481 187 36 utskottet
990 1480 208 37 hänvisade

412 1534 361 49 grundlagsfrågor.

494 1639 33 34 2.
584 1636 198 37 Utskottet
836 1637 149 48 åligger
1027 1635 70 36 ock
1138 1640 57 31 att

413 1689 90 36 äska
547 1689 46 35 de
633 1688 13 36 i
689 1687 215 38 Statsrådet
932 1687 108 37 förda
1067 1692 130 43 proto-

415 1740 89 47 koll,
547 1740 86 36 med
675 1740 200 48 undantag
916 1740 40 36 af
989 1739 98 46 dem,
1116 1751 82 24 som

414 1795 102 45 angå
535 1792 261 36 ministeriella
815 1792 169 36 ärenden
1004 1791 70 36 och
1091 1790 105 36 kom-

413 1844 230 46 mandomål,
687 1843 131 36 hvilka
865 1843 136 37 endast
1042 1843 12 36 i
1097 1842 99 36 hvad

414 1908 82 24 som
539 1900 105 32 rörer
685 1895 126 36 kända
844 1896 70 36 och
945 1895 41 36 af
1011 1894 187 36 utskottet

414 1947 192 50 uppgifna
642 1947 200 37 händelser
878 1948 131 35 kunna
1036 1946 160 37 fordras.

416 1998 72 38 Om
531 1999 207 36 utskottets
778 2004 76 32 rätt
895 1999 71 36 och
1003 1998 98 49 plikt
1129 2003 67 41 att,

414 2051 99 36 efter
554 2050 243 49 granskning
838 2051 42 36 af
918 2051 112 36 dessa
1070 2054 129 45 proto-

415 2102 89 46 koll,
534 2102 70 36 hos
632 2102 220 49 Riksdagen
879 2102 152 37 anmäla
1059 2101 46 36 de
1134 2114 66 23 an-

416 2154 260 48 märkuvingar,
706 2155 153 36 hvartill
887 2155 126 36 denna
1036 2152 162 50 gransk-

415 2206 96 49 ning
548 2205 145 37 funnits
730 2206 196 37 föranleda
963 2206 91 36 eller
1091 2205 108 48 eljest

414 2257 161 49 vidtaga
603 2257 72 37 den
697 2258 86 36 med
803 2258 209 48 anledning
1032 2257 41 36 af
1084 2257 113 49 gjord

1439 236 210 42 (Föreslagen
1672 238 148 41 lydelse:)

1251 289 240 47 föranstalta,
1521 293 56 32 att
1611 291 257 45 riksdagsmän
1895 295 98 32 utses
2021 292 13 34 i

1252 342 43 35 de
1323 341 207 46 afgångnes
1558 342 116 35 ställe.

1329 396 37 33 2.
1397 391 72 38 Om
1490 392 139 36 mellan
1644 392 205 49 riksdagar
1862 394 173 49 ledighet

1251 444 12 36 i
1291 444 222 48 någondera
1532 443 221 37 kammaren
1773 457 140 32 genom
1931 446 103 36 leda-

1251 501 99 31 mots
1388 496 149 48 afgång
1574 498 169 46 uppstår,
1773 472 155 72 åligger
1956 497 78 36 Ko-

1251 561 179 35 nungens
1480 547 438 48 befallningshafvande,
1966 553 69 32 när

1252 600 73 36 den
1360 599 196 49 afgångne
1584 599 145 36 tillhört
1757 598 132 37 Andra
1916 599 119 37 Kam-

1250 664 142 34 maren,
1422 656 57 31 att
1505 653 43 34 så
1569 651 168 46 förfara,
1762 663 76 24 som
1856 653 14 34 i
1889 656 22 31 I
1928 664 104 24 mom.

1248 709 43 30 är
1335 705 126 44 sagdt;
1507 703 83 47 och,
1633 702 47 36 då
1722 703 74 36 den
1839 703 195 49 afgångne

1249 755 100 36 varit
1376 755 168 36 ledamot
1572 755 42 35 af
1637 754 136 36 Första
1791 754 242 48 Kammaren,

1252 812 55 30 att
1349 820 60 22 om
1457 806 220 48 ledigheten
1719 811 97 43 göra
1857 807 178 36 anmälan

1252 858 70 36 hos
1355 858 235 48 Konungen,
1623 871 82 22 som
1739 857 201 37 förordnar
1972 872 62 23 om

1246 911 221 45 ledighetens
1489 910 185 46 fyllande.

1575 1030 20 50 $
1623 1033 60 34 38.

1333 1119 31 34 1.
1378 1117 478 37 Konstitutionsutskottet
1866 1118 168 36 tillkom-

1252 1183 79 23 mer
1366 1175 56 30 att
1454 1170 169 47 granska
1649 1169 119 36 rikets
1796 1169 239 50 grundlagar

1251 1223 65 35 och
1343 1222 168 44 vallagen
1528 1226 99 31 samt
1647 1225 56 32 att
1722 1221 70 36 hos
1813 1221 222 48 Riksdagen

1255 1273 139 36 föreslå
1436 1273 46 36 de
1524 1273 208 47 ändringar
1773 1272 136 47 däruti,
1948 1273 87 36 dem

1250 1325 187 36 utskottet
1470 1338 114 23 anser
1616 1324 117 48 högst
1766 1324 144 49 nödiga
1944 1325 91 36 eller

1252 1377 153 63 nyttiga
1437 1376 73 36 och
1545 1376 158 48 möjliga
1731 1381 56 31 att
1813 1349 220 79 verkställa,

1252 1431 40 33 så
1320 1428 71 36 ock
1419 1433 56 31 att
1503 1428 172 36 meddela
1702 1428 196 36 utlåtande
1926 1427 110 37 öfver

1254 1480 46 36 de
1354 1480 85 36 från
1494 1480 203 36 kamrarna
1742 1479 58 37 till
1844 1479 192 37 utskottet

1251 1532 210 36 hänvisade
1503 1531 230 49 grundlags-
1776 1533 64 35 och
1875 1533 160 45 vallags-

1249 1583 140 49 frågor.

1329 1637 33 34 2.
1419 1634 198 38 Utskottet
1667 1634 150 48 åligger
1862 1633 70 37 ock
1979 1639 57 31 att

1253 1687 91 36 äska
1386 1687 45 36 de
1474 1687 12 35 i
1524 1685 207 37 statsrådet
1767 1685 110 37 förda
1903 1691 132 43 proto-

1253 1738 89 47 koll,
1385 1739 87 36 med
1515 1738 198 48 undantag
1755 1737 42 36 af
1824 1737 97 48 dem,
1951 1750 103 24 som:

1253 1793 99 45 angå
1372 1789 261 37 ministeriella
1652 1789 168 36 ärenden
1840 1789 72 36 och
1926 1789 108 36 kom-

1252 1842 228 46 mandomål,
1532 1841 132 36 hvilka
1704 1841 135 36 endast
1879 1841 12 35 i
1933 1840 102 37 hvad

1253 1906 79 24 som
1375 1899 105 31 rörer
1522 1893 126 36 kända
1680 1893 72 36 och
1780 1892 42 36 af
1846 1893 190 36 utskottet

1253 1945 191 49 uppgifna
1476 1944 203 37 händelser
1712 1944 130 36 kunna
1874 1944 159 36 fordras.

1254 1996 70 37 Om
1366 1991 208 43 utskottets
1615 2001 76 31 rätt
1732 1996 71 36 och
1839 1995 98 50 plikt
1966 2000 67 42 att,

1254 2048 96 38 efter
1391 2048 242 49 granskning
1675 2048 43 36 af
1754 2047 111 37 dessa
1932 2020 103 79 roto-

1254 2100 90 46 koll,
1373 2100 70 37 hos
1472 2100 220 47 Riksdagen
1721 2099 149 36 anmäla
1897 2061 48 74 de
1969 2112 66 22 an-

1253 2152 261 48 märkningar,
1544 2151 153 37 hvartill
1726 2151 124 37 denna
1872 2149 162 49 gransk-

1254 2204 96 49 ning
1383 2204 149 36 funnits
1569 2203 206 47 föranleda,
1808 2203 90 36 eller
1925 2201 110 50 eljest

1253 2256 158 48 vidtaga
1440 2256 74 36 den
1535 2255 83 37 med
1639 2255 210 48 anledning
1867 2253 42 36 af
1921 2253 114 50 gjord
