<?xml version="1.0" encoding="UTF-8"?>
<alto xmlns="http://www.loc.gov/standards/alto/ns-v3#" xmlns:xlink="http://www.w3.org/1999/xlink" xmlns:xsi="http://www.w3.org/2001/XMLSchema-instance" xsi:schemaLocation="http://www.loc.gov/standards/alto/ns-v3# http://www.loc.gov/alto/v3/alto-3-0.xsd">
	<Description>
		<MeasurementUnit>pixel</MeasurementUnit>
		<sourceImageInformation>
			<fileName>/tmp/tess_ofnxuiqw_input.PNG</fileName>
		</sourceImageInformation>
		<OCRProcessing ID="OCR_0">
			<ocrProcessingStep>
				<processingSoftware>
					<softwareName>tesseract 5.3.0</softwareName>
				</processingSoftware>
			</ocrProcessingStep>
		</OCRProcessing>
	</Description>
	<Layout>
		<Page WIDTH="2240" HEIGHT="2624" PHYSICAL_IMG_NR="0" ID="page_0">
			<PrintSpace HPOS="0" VPOS="0" WIDTH="2240" HEIGHT="2624">
				<ComposedBlock ID="cblock_0" HPOS="442" VPOS="164" WIDTH="1140" HEIGHT="40">
					<TextBlock ID="block_0" HPOS="442" VPOS="164" WIDTH="1140" HEIGHT="40">
						<TextLine ID="line_0" HPOS="442" VPOS="164" WIDTH="1140" HEIGHT="40">
							<String ID="string_0" HPOS="442" VPOS="164" WIDTH="43" HEIGHT="30" WC="0.95" CONTENT="20"/><SP WIDTH="351" VPOS="164" HPOS="485"/>
							<String ID="string_1" HPOS="836" VPOS="166" WIDTH="410" HEIGHT="35" WC="0.88" CONTENT="Konstitutionsutskottets"/><SP WIDTH="24" VPOS="166" HPOS="1246"/>
							<String ID="string_2" HPOS="1270" VPOS="170" WIDTH="173" HEIGHT="33" WC="0.94" CONTENT="Memorial"/><SP WIDTH="22" VPOS="170" HPOS="1443"/>
							<String ID="string_3" HPOS="1465" VPOS="171" WIDTH="63" HEIGHT="33" WC="0.94" CONTENT="N:o"/><SP WIDTH="23" VPOS="171" HPOS="1528"/>
							<String ID="string_4" HPOS="1551" VPOS="174" WIDTH="31" HEIGHT="30" WC="0.95" CONTENT="1."/>
						</TextLine>
					</TextBlock>
				</ComposedBlock>
				<ComposedBlock ID="cblock_1" HPOS="392" VPOS="242" WIDTH="792" HEIGHT="930">
					<TextBlock ID="block_1" HPOS="600" VPOS="242" WIDTH="391" HEIGHT="44">
						<TextLine ID="line_1" HPOS="600" VPOS="242" WIDTH="391" HEIGHT="44">
							<String ID="string_5" HPOS="600" VPOS="242" WIDTH="223" HEIGHT="41" WC="0.92" CONTENT="(Nuvarande"/><SP WIDTH="23" VPOS="242" HPOS="823"/>
							<String ID="string_6" HPOS="846" VPOS="244" WIDTH="145" HEIGHT="42" WC="0.92" CONTENT="lydelse:)"/>
						</TextLine>
					</TextBlock>
					<TextBlock ID="block_2" HPOS="392" VPOS="293" WIDTH="792" HEIGHT="879">
						<TextLine ID="line_2" HPOS="401" VPOS="293" WIDTH="783" HEIGHT="53">
							<String ID="string_7" HPOS="401" VPOS="293" WIDTH="136" HEIGHT="37" WC="0.96" CONTENT="förlust"/><SP WIDTH="28" VPOS="293" HPOS="537"/>
							<String ID="string_8" HPOS="565" VPOS="295" WIDTH="42" HEIGHT="36" WC="0.95" CONTENT="af"/><SP WIDTH="24" VPOS="295" HPOS="607"/>
							<String ID="string_9" HPOS="631" VPOS="295" WIDTH="117" HEIGHT="47" WC="0.95" CONTENT="talan,"/><SP WIDTH="30" VPOS="295" HPOS="748"/>
							<String ID="string_10" HPOS="778" VPOS="295" WIDTH="83" HEIGHT="37" WC="0.96" CONTENT="sina"/><SP WIDTH="24" VPOS="295" HPOS="861"/>
							<String ID="string_11" HPOS="885" VPOS="296" WIDTH="59" HEIGHT="36" WC="0.96" CONTENT="till"/><SP WIDTH="19" VPOS="296" HPOS="944"/>
							<String ID="string_12" HPOS="963" VPOS="297" WIDTH="221" HEIGHT="49" WC="0.96" CONTENT="Konungen"/>
						</TextLine>
						<TextLine ID="line_3" HPOS="400" VPOS="345" WIDTH="780" HEIGHT="48">
							<String ID="string_13" HPOS="400" VPOS="345" WIDTH="136" HEIGHT="37" WC="0.95" CONTENT="ställda"/><SP WIDTH="28" VPOS="345" HPOS="536"/>
							<String ID="string_14" HPOS="564" VPOS="346" WIDTH="152" HEIGHT="47" WC="0.95" CONTENT="besvär,"/><SP WIDTH="31" VPOS="346" HPOS="716"/>
							<String ID="string_15" HPOS="747" VPOS="347" WIDTH="69" HEIGHT="36" WC="0.95" CONTENT="sist"/><SP WIDTH="28" VPOS="347" HPOS="816"/>
							<String ID="string_16" HPOS="844" VPOS="348" WIDTH="105" HEIGHT="36" WC="0.96" CONTENT="inom"/><SP WIDTH="27" VPOS="348" HPOS="949"/>
							<String ID="string_17" HPOS="976" VPOS="362" WIDTH="46" HEIGHT="23" WC="0.96" CONTENT="en"/><SP WIDTH="20" VPOS="362" HPOS="1022"/>
							<String ID="string_18" HPOS="1042" VPOS="350" WIDTH="138" HEIGHT="35" WC="0.96" CONTENT="månad"/>
						</TextLine>
						<TextLine ID="line_4" HPOS="399" VPOS="397" WIDTH="784" HEIGHT="51">
							<String ID="string_19" HPOS="399" VPOS="397" WIDTH="98" HEIGHT="36" WC="0.93" CONTENT="efter"/><SP WIDTH="27" VPOS="397" HPOS="497"/>
							<String ID="string_20" HPOS="524" VPOS="397" WIDTH="371" HEIGHT="50" WC="0.91" CONTENT="valförrättningens"/><SP WIDTH="29" VPOS="397" HPOS="895"/>
							<String ID="string_21" HPOS="924" VPOS="400" WIDTH="87" HEIGHT="48" WC="0.93" CONTENT="slut,"/><SP WIDTH="21" VPOS="400" HPOS="1011"/>
							<String ID="string_22" HPOS="1032" VPOS="400" WIDTH="151" HEIGHT="48" WC="0.92" CONTENT="ingifva"/>
						</TextLine>
						<TextLine ID="line_5" HPOS="397" VPOS="448" WIDTH="784" HEIGHT="52">
							<String ID="string_23" HPOS="397" VPOS="448" WIDTH="60" HEIGHT="36" WC="0.95" CONTENT="till"/><SP WIDTH="20" VPOS="448" HPOS="457"/>
							<String ID="string_24" HPOS="477" VPOS="449" WIDTH="240" HEIGHT="48" WC="0.91" CONTENT="Konungens"/><SP WIDTH="16" VPOS="449" HPOS="717"/>
							<String ID="string_25" HPOS="733" VPOS="450" WIDTH="448" HEIGHT="50" WC="0.91" CONTENT="Befallningshafvande,"/>
						</TextLine>
						<TextLine ID="line_6" HPOS="397" VPOS="501" WIDTH="784" HEIGHT="50">
							<String ID="string_26" HPOS="397" VPOS="512" WIDTH="82" HEIGHT="23" WC="0.96" CONTENT="som"/><SP WIDTH="43" VPOS="512" HPOS="479"/>
							<String ID="string_27" HPOS="522" VPOS="513" WIDTH="141" HEIGHT="35" WC="0.94" CONTENT="genom"/><SP WIDTH="42" VPOS="513" HPOS="663"/>
							<String ID="string_28" HPOS="705" VPOS="501" WIDTH="244" HEIGHT="50" WC="0.94" CONTENT="kungörelse,"/><SP WIDTH="34" VPOS="501" HPOS="949"/>
							<String ID="string_29" HPOS="983" VPOS="503" WIDTH="157" HEIGHT="37" WC="0.96" CONTENT="hvilken"/><SP WIDTH="28" VPOS="503" HPOS="1140"/>
							<String ID="string_30" HPOS="1168" VPOS="505" WIDTH="13" HEIGHT="35" WC="0.96" CONTENT="i"/>
						</TextLine>
						<TextLine ID="line_7" HPOS="397" VPOS="551" WIDTH="782" HEIGHT="51">
							<String ID="string_31" HPOS="397" VPOS="551" WIDTH="192" HEIGHT="36" WC="0.95" CONTENT="allmänna"/><SP WIDTH="41" VPOS="551" HPOS="589"/>
							<String ID="string_32" HPOS="630" VPOS="553" WIDTH="251" HEIGHT="49" WC="0.93" CONTENT="tidningarna"/><SP WIDTH="40" VPOS="553" HPOS="881"/>
							<String ID="string_33" HPOS="921" VPOS="555" WIDTH="155" HEIGHT="47" WC="0.91" CONTENT="införes,"/><SP WIDTH="43" VPOS="555" HPOS="1076"/>
							<String ID="string_34" HPOS="1119" VPOS="562" WIDTH="60" HEIGHT="30" WC="0.91" CONTENT="ut-"/>
						</TextLine>
						<TextLine ID="line_8" HPOS="396" VPOS="603" WIDTH="781" HEIGHT="51">
							<String ID="string_35" HPOS="396" VPOS="607" WIDTH="118" HEIGHT="32" WC="0.94" CONTENT="sätter"/><SP WIDTH="40" VPOS="607" HPOS="514"/>
							<String ID="string_36" HPOS="554" VPOS="603" WIDTH="80" HEIGHT="37" WC="0.96" CONTENT="viss"/><SP WIDTH="40" VPOS="603" HPOS="634"/>
							<String ID="string_37" HPOS="674" VPOS="605" WIDTH="89" HEIGHT="36" WC="0.96" CONTENT="kort"/><SP WIDTH="27" VPOS="605" HPOS="763"/>
							<String ID="string_38" HPOS="790" VPOS="606" WIDTH="66" HEIGHT="48" WC="0.95" CONTENT="tid,"/><SP WIDTH="30" VPOS="606" HPOS="856"/>
							<String ID="string_39" HPOS="886" VPOS="607" WIDTH="103" HEIGHT="36" WC="0.96" CONTENT="inom"/><SP WIDTH="30" VPOS="607" HPOS="989"/>
							<String ID="string_40" HPOS="1019" VPOS="607" WIDTH="158" HEIGHT="37" WC="0.96" CONTENT="hvilken"/>
						</TextLine>
						<TextLine ID="line_9" HPOS="395" VPOS="655" WIDTH="784" HEIGHT="51">
							<String ID="string_41" HPOS="395" VPOS="655" WIDTH="242" HEIGHT="50" WC="0.91" CONTENT="underdånig"/><SP WIDTH="28" VPOS="655" HPOS="637"/>
							<String ID="string_42" HPOS="665" VPOS="657" WIDTH="217" HEIGHT="49" WC="0.96" CONTENT="förklaring"/><SP WIDTH="23" VPOS="657" HPOS="882"/>
							<String ID="string_43" HPOS="905" VPOS="662" WIDTH="62" HEIGHT="32" WC="0.96" CONTENT="må"/><SP WIDTH="20" VPOS="662" HPOS="967"/>
							<String ID="string_44" HPOS="987" VPOS="659" WIDTH="108" HEIGHT="36" WC="0.93" CONTENT="öfver"/><SP WIDTH="19" VPOS="659" HPOS="1095"/>
							<String ID="string_45" HPOS="1114" VPOS="659" WIDTH="65" HEIGHT="37" WC="0.91" CONTENT="be-"/>
						</TextLine>
						<TextLine ID="line_10" HPOS="395" VPOS="707" WIDTH="783" HEIGHT="52">
							<String ID="string_46" HPOS="395" VPOS="711" WIDTH="138" HEIGHT="32" WC="0.92" CONTENT="svären"/><SP WIDTH="29" VPOS="711" HPOS="533"/>
							<String ID="string_47" HPOS="562" VPOS="707" WIDTH="58" HEIGHT="36" WC="0.95" CONTENT="till"/><SP WIDTH="32" VPOS="707" HPOS="620"/>
							<String ID="string_48" HPOS="652" VPOS="708" WIDTH="239" HEIGHT="50" WC="0.93" CONTENT="Konungens"/><SP WIDTH="28" VPOS="708" HPOS="891"/>
							<String ID="string_49" HPOS="919" VPOS="710" WIDTH="259" HEIGHT="49" WC="0.92" CONTENT="Befallnings-"/>
						</TextLine>
						<TextLine ID="line_11" HPOS="394" VPOS="757" WIDTH="783" HEIGHT="42">
							<String ID="string_50" HPOS="394" VPOS="757" WIDTH="194" HEIGHT="38" WC="0.91" CONTENT="hafvande"/><SP WIDTH="29" VPOS="757" HPOS="588"/>
							<String ID="string_51" HPOS="617" VPOS="760" WIDTH="193" HEIGHT="37" WC="0.92" CONTENT="aflämnas."/><SP WIDTH="56" VPOS="760" HPOS="810"/>
							<String ID="string_52" HPOS="866" VPOS="761" WIDTH="125" HEIGHT="37" WC="0.2" CONTENT="Sedan"/><SP WIDTH="28" VPOS="761" HPOS="991"/>
							<String ID="string_53" HPOS="1019" VPOS="762" WIDTH="75" HEIGHT="36" WC="0.95" CONTENT="den"/><SP WIDTH="28" VPOS="762" HPOS="1094"/>
							<String ID="string_54" HPOS="1122" VPOS="763" WIDTH="55" HEIGHT="36" WC="0.96" CONTENT="tid"/>
						</TextLine>
						<TextLine ID="line_12" HPOS="395" VPOS="809" WIDTH="781" HEIGHT="53">
							<String ID="string_55" HPOS="395" VPOS="809" WIDTH="257" HEIGHT="49" WC="0.91" CONTENT="tilländagått,"/><SP WIDTH="31" VPOS="809" HPOS="652"/>
							<String ID="string_56" HPOS="683" VPOS="812" WIDTH="70" HEIGHT="36" WC="0.93" CONTENT="har"/><SP WIDTH="19" VPOS="812" HPOS="753"/>
							<String ID="string_57" HPOS="772" VPOS="812" WIDTH="241" HEIGHT="50" WC="0.0" CONTENT="Konuigens"/><SP WIDTH="24" VPOS="812" HPOS="1013"/>
							<String ID="string_58" HPOS="1037" VPOS="814" WIDTH="139" HEIGHT="37" WC="0.91" CONTENT="Befall-"/>
						</TextLine>
						<TextLine ID="line_13" HPOS="394" VPOS="861" WIDTH="783" HEIGHT="49">
							<String ID="string_59" HPOS="394" VPOS="861" WIDTH="311" HEIGHT="49" WC="0.91" CONTENT="ningshafvande"/><SP WIDTH="43" VPOS="861" HPOS="705"/>
							<String ID="string_60" HPOS="748" VPOS="869" WIDTH="56" HEIGHT="31" WC="0.92" CONTENT="att"/><SP WIDTH="36" VPOS="869" HPOS="804"/>
							<String ID="string_61" HPOS="840" VPOS="865" WIDTH="337" HEIGHT="37" WC="0.90" CONTENT="besvärshandlin-"/>
						</TextLine>
						<TextLine ID="line_14" HPOS="394" VPOS="914" WIDTH="782" HEIGHT="51">
							<String ID="string_62" HPOS="394" VPOS="926" WIDTH="124" HEIGHT="35" WC="0.96" CONTENT="garna"/><SP WIDTH="36" VPOS="926" HPOS="518"/>
							<String ID="string_63" HPOS="554" VPOS="914" WIDTH="124" HEIGHT="48" WC="0.96" CONTENT="jämte"/><SP WIDTH="37" VPOS="914" HPOS="678"/>
							<String ID="string_64" HPOS="715" VPOS="916" WIDTH="46" HEIGHT="36" WC="0.96" CONTENT="de"/><SP WIDTH="33" VPOS="916" HPOS="761"/>
							<String ID="string_65" HPOS="794" VPOS="916" WIDTH="269" HEIGHT="49" WC="0.96" CONTENT="förklaringar,"/><SP WIDTH="31" VPOS="916" HPOS="1063"/>
							<String ID="string_66" HPOS="1094" VPOS="931" WIDTH="82" HEIGHT="23" WC="0.96" CONTENT="som"/>
						</TextLine>
						<TextLine ID="line_15" HPOS="394" VPOS="966" WIDTH="782" HEIGHT="52">
							<String ID="string_67" HPOS="394" VPOS="967" WIDTH="62" HEIGHT="33" WC="0.95" CONTENT="må"/><SP WIDTH="42" VPOS="967" HPOS="456"/>
							<String ID="string_68" HPOS="498" VPOS="966" WIDTH="114" HEIGHT="36" WC="0.95" CONTENT="hafva"/><SP WIDTH="36" VPOS="966" HPOS="612"/>
							<String ID="string_69" HPOS="648" VPOS="967" WIDTH="215" HEIGHT="49" WC="0.93" CONTENT="inkommit,"/><SP WIDTH="35" VPOS="967" HPOS="863"/>
							<String ID="string_70" HPOS="898" VPOS="969" WIDTH="278" HEIGHT="49" WC="0.92" CONTENT="ofördröjligen"/>
						</TextLine>
						<TextLine ID="line_16" HPOS="394" VPOS="1016" WIDTH="782" HEIGHT="52">
							<String ID="string_71" HPOS="394" VPOS="1016" WIDTH="57" HEIGHT="36" WC="0.93" CONTENT="till"/><SP WIDTH="42" VPOS="1016" HPOS="451"/>
							<String ID="string_72" HPOS="493" VPOS="1016" WIDTH="224" HEIGHT="51" WC="0.95" CONTENT="Konungen"/><SP WIDTH="41" VPOS="1016" HPOS="717"/>
							<String ID="string_73" HPOS="758" VPOS="1020" WIDTH="171" HEIGHT="48" WC="0.95" CONTENT="insända,"/><SP WIDTH="45" VPOS="1020" HPOS="929"/>
							<String ID="string_74" HPOS="974" VPOS="1020" WIDTH="58" HEIGHT="37" WC="0.95" CONTENT="för"/><SP WIDTH="42" VPOS="1020" HPOS="1032"/>
							<String ID="string_75" HPOS="1074" VPOS="1027" WIDTH="56" HEIGHT="31" WC="0.95" CONTENT="att"/><SP WIDTH="34" VPOS="1027" HPOS="1130"/>
							<String ID="string_76" HPOS="1164" VPOS="1023" WIDTH="12" HEIGHT="36" WC="0.96" CONTENT="i"/>
						</TextLine>
						<TextLine ID="line_17" HPOS="392" VPOS="1068" WIDTH="783" HEIGHT="54">
							<String ID="string_77" HPOS="392" VPOS="1068" WIDTH="97" HEIGHT="37" WC="0.96" CONTENT="Dess"/><SP WIDTH="48" VPOS="1068" HPOS="489"/>
							<String ID="string_78" HPOS="537" VPOS="1069" WIDTH="153" HEIGHT="49" WC="0.96" CONTENT="Högsta"/><SP WIDTH="47" VPOS="1069" HPOS="690"/>
							<String ID="string_79" HPOS="737" VPOS="1071" WIDTH="165" HEIGHT="37" WC="0.96" CONTENT="domstol"/><SP WIDTH="46" VPOS="1071" HPOS="902"/>
							<String ID="string_80" HPOS="948" VPOS="1072" WIDTH="227" HEIGHT="50" WC="0.74" CONTENT="skyndsamt"/>
						</TextLine>
						<TextLine ID="line_18" HPOS="392" VPOS="1119" WIDTH="522" HEIGHT="53">
							<String ID="string_81" HPOS="392" VPOS="1119" WIDTH="225" HEIGHT="50" WC="0.92" CONTENT="föredragas"/><SP WIDTH="30" VPOS="1119" HPOS="617"/>
							<String ID="string_82" HPOS="647" VPOS="1123" WIDTH="72" HEIGHT="36" WC="0.91" CONTENT="och"/><SP WIDTH="29" VPOS="1123" HPOS="719"/>
							<String ID="string_83" HPOS="748" VPOS="1124" WIDTH="166" HEIGHT="48" WC="0.91" CONTENT="afgöras."/>
						</TextLine>
					</TextBlock>
				</ComposedBlock>
				<ComposedBlock ID="cblock_2" HPOS="740" VPOS="1208" WIDTH="109" HEIGHT="50">
					<TextBlock ID="block_3" HPOS="740" VPOS="1208" WIDTH="109" HEIGHT="50">
						<TextLine ID="line_19" HPOS="740" VPOS="1208" WIDTH="109" HEIGHT="50">
							<String ID="string_84" HPOS="740" VPOS="1208" WIDTH="21" HEIGHT="50" WC="0.32" CONTENT="8"/><SP WIDTH="30" VPOS="1208" HPOS="761"/>
							<String ID="string_85" HPOS="791" VPOS="1211" WIDTH="58" HEIGHT="35" WC="0.95" CONTENT="12."/>
						</TextLine>
					</TextBlock>
				</ComposedBlock>
				<ComposedBlock ID="cblock_3" HPOS="391" VPOS="1277" WIDTH="785" HEIGHT="360">
					<TextBlock ID="block_4" HPOS="391" VPOS="1277" WIDTH="785" HEIGHT="360">
						<TextLine ID="line_20" HPOS="472" VPOS="1277" WIDTH="701" HEIGHT="48">
							<String ID="string_86" HPOS="472" VPOS="1277" WIDTH="270" HEIGHT="48" WC="0.80" CONTENT="Riksdagsman"/><SP WIDTH="20" VPOS="1277" HPOS="742"/>
							<String ID="string_87" HPOS="762" VPOS="1280" WIDTH="15" HEIGHT="33" WC="0.96" CONTENT="i"/><SP WIDTH="18" VPOS="1280" HPOS="777"/>
							<String ID="string_88" HPOS="795" VPOS="1279" WIDTH="134" HEIGHT="37" WC="0.95" CONTENT="Första"/><SP WIDTH="19" VPOS="1279" HPOS="929"/>
							<String ID="string_89" HPOS="948" VPOS="1280" WIDTH="225" HEIGHT="38" WC="0.96" CONTENT="Kammaren"/>
						</TextLine>
						<TextLine ID="line_21" HPOS="392" VPOS="1329" WIDTH="784" HEIGHT="52">
							<String ID="string_90" HPOS="392" VPOS="1332" WIDTH="86" HEIGHT="43" WC="0.96" CONTENT="äger"/><SP WIDTH="28" VPOS="1332" HPOS="478"/>
							<String ID="string_91" HPOS="506" VPOS="1329" WIDTH="34" HEIGHT="46" WC="0.95" CONTENT="ej"/><SP WIDTH="25" VPOS="1329" HPOS="540"/>
							<String ID="string_92" HPOS="565" VPOS="1333" WIDTH="52" HEIGHT="32" WC="0.95" CONTENT="att"/><SP WIDTH="16" VPOS="1333" HPOS="617"/>
							<String ID="string_93" HPOS="633" VPOS="1329" WIDTH="64" HEIGHT="47" WC="0.96" CONTENT="för"/><SP WIDTH="19" VPOS="1329" HPOS="697"/>
							<String ID="string_94" HPOS="716" VPOS="1330" WIDTH="117" HEIGHT="37" WC="0.96" CONTENT="denna"/><SP WIDTH="20" VPOS="1330" HPOS="833"/>
							<String ID="string_95" HPOS="853" VPOS="1331" WIDTH="197" HEIGHT="49" WC="0.95" CONTENT="befattning"/><SP WIDTH="18" VPOS="1331" HPOS="1050"/>
							<String ID="string_96" HPOS="1068" VPOS="1334" WIDTH="108" HEIGHT="47" WC="0.96" CONTENT="något"/>
						</TextLine>
						<TextLine ID="line_22" HPOS="392" VPOS="1379" WIDTH="784" HEIGHT="50">
							<String ID="string_97" HPOS="392" VPOS="1379" WIDTH="151" HEIGHT="46" WC="0.90" CONTENT="arfvode"/><SP WIDTH="39" VPOS="1379" HPOS="543"/>
							<String ID="string_98" HPOS="582" VPOS="1381" WIDTH="178" HEIGHT="48" WC="0.96" CONTENT="uppbära."/><SP WIDTH="56" VPOS="1381" HPOS="760"/>
							<String ID="string_99" HPOS="816" VPOS="1381" WIDTH="77" HEIGHT="37" WC="0.95" CONTENT="Vill"/><SP WIDTH="36" VPOS="1381" HPOS="893"/>
							<String ID="string_100" HPOS="929" VPOS="1383" WIDTH="72" HEIGHT="37" WC="0.92" CONTENT="kan"/><SP WIDTH="37" VPOS="1383" HPOS="1001"/>
							<String ID="string_101" HPOS="1038" VPOS="1384" WIDTH="138" HEIGHT="36" WC="0.91" CONTENT="befatt-"/>
						</TextLine>
						<TextLine ID="line_23" HPOS="392" VPOS="1431" WIDTH="783" HEIGHT="52">
							<String ID="string_102" HPOS="392" VPOS="1431" WIDTH="146" HEIGHT="48" WC="0.96" CONTENT="ningen"/><SP WIDTH="42" VPOS="1431" HPOS="538"/>
							<String ID="string_103" HPOS="580" VPOS="1433" WIDTH="62" HEIGHT="47" WC="0.93" CONTENT="sig"/><SP WIDTH="42" VPOS="1433" HPOS="642"/>
							<String ID="string_104" HPOS="684" VPOS="1433" WIDTH="145" HEIGHT="48" WC="0.90" CONTENT="afsäga,"/><SP WIDTH="43" VPOS="1433" HPOS="829"/>
							<String ID="string_105" HPOS="872" VPOS="1439" WIDTH="94" HEIGHT="44" WC="0.96" CONTENT="äger"/><SP WIDTH="33" VPOS="1439" HPOS="966"/>
							<String ID="string_106" HPOS="999" VPOS="1435" WIDTH="75" HEIGHT="36" WC="0.95" CONTENT="han"/><SP WIDTH="37" VPOS="1435" HPOS="1074"/>
							<String ID="string_107" HPOS="1111" VPOS="1436" WIDTH="64" HEIGHT="37" WC="0.95" CONTENT="det"/>
						</TextLine>
						<TextLine ID="line_24" HPOS="392" VPOS="1483" WIDTH="782" HEIGHT="47">
							<String ID="string_108" HPOS="392" VPOS="1487" WIDTH="96" HEIGHT="43" WC="0.96" CONTENT="göra"/><SP WIDTH="41" VPOS="1487" HPOS="488"/>
							<String ID="string_109" HPOS="529" VPOS="1483" WIDTH="66" HEIGHT="36" WC="0.91" CONTENT="vid"/><SP WIDTH="42" VPOS="1483" HPOS="595"/>
							<String ID="string_110" HPOS="637" VPOS="1484" WIDTH="234" HEIGHT="38" WC="0.91" CONTENT="valtillfället"/><SP WIDTH="41" VPOS="1484" HPOS="871"/>
							<String ID="string_111" HPOS="912" VPOS="1487" WIDTH="93" HEIGHT="36" WC="0.93" CONTENT="eller"/><SP WIDTH="41" VPOS="1487" HPOS="1005"/>
							<String ID="string_112" HPOS="1046" VPOS="1488" WIDTH="128" HEIGHT="36" WC="0.87" CONTENT="seder-"/>
						</TextLine>
						<TextLine ID="line_25" HPOS="391" VPOS="1535" WIDTH="781" HEIGHT="51">
							<String ID="string_113" HPOS="391" VPOS="1546" WIDTH="117" HEIGHT="35" WC="0.96" CONTENT="mera,"/><SP WIDTH="20" VPOS="1546" HPOS="508"/>
							<String ID="string_114" HPOS="528" VPOS="1535" WIDTH="143" HEIGHT="37" WC="0.96" CONTENT="mellan"/><SP WIDTH="18" VPOS="1535" HPOS="671"/>
							<String ID="string_115" HPOS="689" VPOS="1536" WIDTH="214" HEIGHT="50" WC="0.95" CONTENT="riksdagar,"/><SP WIDTH="22" VPOS="1536" HPOS="903"/>
							<String ID="string_116" HPOS="925" VPOS="1538" WIDTH="69" HEIGHT="37" WC="0.92" CONTENT="hos"/><SP WIDTH="19" VPOS="1538" HPOS="994"/>
							<String ID="string_117" HPOS="1013" VPOS="1539" WIDTH="159" HEIGHT="37" WC="0.91" CONTENT="Konun-"/>
						</TextLine>
						<TextLine ID="line_26" HPOS="392" VPOS="1586" WIDTH="575" HEIGHT="51">
							<String ID="string_118" HPOS="392" VPOS="1598" WIDTH="98" HEIGHT="36" WC="0.93" CONTENT="gens"/><SP WIDTH="30" VPOS="1598" HPOS="490"/>
							<String ID="string_119" HPOS="520" VPOS="1586" WIDTH="447" HEIGHT="51" WC="0.91" CONTENT="Befallningshafvande."/>
						</TextLine>
					</TextBlock>
				</ComposedBlock>
				<ComposedBlock ID="cblock_4" HPOS="1231" VPOS="248" WIDTH="787" HEIGHT="826">
					<TextBlock ID="block_5" HPOS="1422" VPOS="248" WIDTH="381" HEIGHT="48">
						<TextLine ID="line_27" HPOS="1422" VPOS="248" WIDTH="381" HEIGHT="48">
							<String ID="string_120" HPOS="1422" VPOS="248" WIDTH="210" HEIGHT="44" WC="0.93" CONTENT="(Föreslagen"/><SP WIDTH="24" VPOS="248" HPOS="1632"/>
							<String ID="string_121" HPOS="1656" VPOS="252" WIDTH="147" HEIGHT="44" WC="0.91" CONTENT="lydelse:)"/>
						</TextLine>
					</TextBlock>
					<TextBlock ID="block_6" HPOS="1231" VPOS="300" WIDTH="787" HEIGHT="774">
						<TextLine ID="line_28" HPOS="1239" VPOS="300" WIDTH="777" HEIGHT="55">
							<String ID="string_122" HPOS="1239" VPOS="300" WIDTH="138" HEIGHT="36" WC="0.96" CONTENT="månad"/><SP WIDTH="30" VPOS="300" HPOS="1377"/>
							<String ID="string_123" HPOS="1407" VPOS="301" WIDTH="96" HEIGHT="36" WC="0.93" CONTENT="efter"/><SP WIDTH="28" VPOS="301" HPOS="1503"/>
							<String ID="string_124" HPOS="1531" VPOS="302" WIDTH="369" HEIGHT="53" WC="0.91" CONTENT="valförrättningens"/><SP WIDTH="30" VPOS="302" HPOS="1900"/>
							<String ID="string_125" HPOS="1930" VPOS="307" WIDTH="86" HEIGHT="47" WC="0.95" CONTENT="slut,"/>
						</TextLine>
						<TextLine ID="line_29" HPOS="1237" VPOS="351" WIDTH="781" HEIGHT="56">
							<String ID="string_126" HPOS="1237" VPOS="351" WIDTH="150" HEIGHT="48" WC="0.92" CONTENT="ingifva"/><SP WIDTH="28" VPOS="351" HPOS="1387"/>
							<String ID="string_127" HPOS="1415" VPOS="353" WIDTH="57" HEIGHT="35" WC="0.96" CONTENT="till"/><SP WIDTH="28" VPOS="353" HPOS="1472"/>
							<String ID="string_128" HPOS="1500" VPOS="353" WIDTH="241" HEIGHT="49" WC="0.93" CONTENT="Konungens"/><SP WIDTH="25" VPOS="353" HPOS="1741"/>
							<String ID="string_129" HPOS="1766" VPOS="356" WIDTH="252" HEIGHT="51" WC="0.92" CONTENT="befallnings-"/>
						</TextLine>
						<TextLine ID="line_30" HPOS="1237" VPOS="402" WIDTH="779" HEIGHT="55">
							<String ID="string_130" HPOS="1237" VPOS="402" WIDTH="204" HEIGHT="45" WC="0.90" CONTENT="hafvande,"/><SP WIDTH="45" VPOS="402" HPOS="1441"/>
							<String ID="string_131" HPOS="1486" VPOS="417" WIDTH="82" HEIGHT="24" WC="0.96" CONTENT="som"/><SP WIDTH="33" VPOS="417" HPOS="1568"/>
							<String ID="string_132" HPOS="1601" VPOS="418" WIDTH="143" HEIGHT="35" WC="0.96" CONTENT="genom"/><SP WIDTH="28" VPOS="418" HPOS="1744"/>
							<String ID="string_133" HPOS="1772" VPOS="407" WIDTH="244" HEIGHT="50" WC="0.96" CONTENT="kungörelse,"/>
						</TextLine>
						<TextLine ID="line_31" HPOS="1237" VPOS="454" WIDTH="781" HEIGHT="53">
							<String ID="string_134" HPOS="1237" VPOS="454" WIDTH="158" HEIGHT="37" WC="0.96" CONTENT="hvilken"/><SP WIDTH="27" VPOS="454" HPOS="1395"/>
							<String ID="string_135" HPOS="1422" VPOS="456" WIDTH="13" HEIGHT="35" WC="0.88" CONTENT="i"/><SP WIDTH="29" VPOS="456" HPOS="1435"/>
							<String ID="string_136" HPOS="1464" VPOS="456" WIDTH="192" HEIGHT="37" WC="0.96" CONTENT="allmänna"/><SP WIDTH="28" VPOS="456" HPOS="1656"/>
							<String ID="string_137" HPOS="1684" VPOS="457" WIDTH="249" HEIGHT="50" WC="0.92" CONTENT="tidningarna"/><SP WIDTH="28" VPOS="457" HPOS="1933"/>
							<String ID="string_138" HPOS="1961" VPOS="462" WIDTH="57" HEIGHT="36" WC="0.92" CONTENT="in-"/>
						</TextLine>
						<TextLine ID="line_32" HPOS="1236" VPOS="505" WIDTH="780" HEIGHT="53">
							<String ID="string_139" HPOS="1236" VPOS="505" WIDTH="113" HEIGHT="46" WC="0.92" CONTENT="föres,"/><SP WIDTH="44" VPOS="505" HPOS="1349"/>
							<String ID="string_140" HPOS="1393" VPOS="512" WIDTH="164" HEIGHT="32" WC="0.96" CONTENT="utsätter"/><SP WIDTH="34" VPOS="512" HPOS="1557"/>
							<String ID="string_141" HPOS="1591" VPOS="509" WIDTH="81" HEIGHT="36" WC="0.96" CONTENT="viss"/><SP WIDTH="29" VPOS="509" HPOS="1672"/>
							<String ID="string_142" HPOS="1701" VPOS="509" WIDTH="87" HEIGHT="36" WC="0.96" CONTENT="kort"/><SP WIDTH="27" VPOS="509" HPOS="1788"/>
							<String ID="string_143" HPOS="1815" VPOS="511" WIDTH="66" HEIGHT="47" WC="0.95" CONTENT="tid,"/><SP WIDTH="32" VPOS="511" HPOS="1881"/>
							<String ID="string_144" HPOS="1913" VPOS="513" WIDTH="103" HEIGHT="36" WC="0.96" CONTENT="inom"/>
						</TextLine>
						<TextLine ID="line_33" HPOS="1233" VPOS="556" WIDTH="782" HEIGHT="55">
							<String ID="string_145" HPOS="1233" VPOS="556" WIDTH="159" HEIGHT="38" WC="0.92" CONTENT="hvilken"/><SP WIDTH="41" VPOS="556" HPOS="1392"/>
							<String ID="string_146" HPOS="1433" VPOS="559" WIDTH="241" HEIGHT="50" WC="0.89" CONTENT="underdånig"/><SP WIDTH="37" VPOS="559" HPOS="1674"/>
							<String ID="string_147" HPOS="1711" VPOS="561" WIDTH="215" HEIGHT="50" WC="0.94" CONTENT="förklaring"/><SP WIDTH="28" VPOS="561" HPOS="1926"/>
							<String ID="string_148" HPOS="1954" VPOS="567" WIDTH="61" HEIGHT="34" WC="0.96" CONTENT="må"/>
						</TextLine>
						<TextLine ID="line_34" HPOS="1234" VPOS="609" WIDTH="782" HEIGHT="53">
							<String ID="string_149" HPOS="1234" VPOS="609" WIDTH="108" HEIGHT="37" WC="0.96" CONTENT="öfver"/><SP WIDTH="37" VPOS="609" HPOS="1342"/>
							<String ID="string_150" HPOS="1379" VPOS="610" WIDTH="187" HEIGHT="38" WC="0.96" CONTENT="besvären"/><SP WIDTH="34" VPOS="610" HPOS="1566"/>
							<String ID="string_151" HPOS="1600" VPOS="612" WIDTH="58" HEIGHT="36" WC="0.95" CONTENT="till"/><SP WIDTH="28" VPOS="612" HPOS="1658"/>
							<String ID="string_152" HPOS="1686" VPOS="612" WIDTH="237" HEIGHT="50" WC="0.92" CONTENT="Konungens"/><SP WIDTH="29" VPOS="612" HPOS="1923"/>
							<String ID="string_153" HPOS="1952" VPOS="615" WIDTH="64" HEIGHT="37" WC="0.92" CONTENT="be-"/>
						</TextLine>
						<TextLine ID="line_35" HPOS="1234" VPOS="660" WIDTH="781" HEIGHT="51">
							<String ID="string_154" HPOS="1234" VPOS="660" WIDTH="378" HEIGHT="51" WC="0.90" CONTENT="fallningshafvande"/><SP WIDTH="29" VPOS="660" HPOS="1612"/>
							<String ID="string_155" HPOS="1641" VPOS="664" WIDTH="193" HEIGHT="37" WC="0.91" CONTENT="aflämnas."/><SP WIDTH="56" VPOS="664" HPOS="1834"/>
							<String ID="string_156" HPOS="1890" VPOS="665" WIDTH="125" HEIGHT="38" WC="0.0" CONTENT="HVSedan"/>
						</TextLine>
						<TextLine ID="line_36" HPOS="1234" VPOS="712" WIDTH="780" HEIGHT="56">
							<String ID="string_157" HPOS="1234" VPOS="712" WIDTH="72" HEIGHT="37" WC="0.96" CONTENT="den"/><SP WIDTH="25" VPOS="712" HPOS="1306"/>
							<String ID="string_158" HPOS="1331" VPOS="714" WIDTH="54" HEIGHT="36" WC="0.93" CONTENT="tid"/><SP WIDTH="21" VPOS="714" HPOS="1385"/>
							<String ID="string_159" HPOS="1406" VPOS="714" WIDTH="259" HEIGHT="50" WC="0.92" CONTENT="tilländagått,"/><SP WIDTH="21" VPOS="714" HPOS="1665"/>
							<String ID="string_160" HPOS="1686" VPOS="716" WIDTH="70" HEIGHT="36" WC="0.96" CONTENT="har"/><SP WIDTH="19" VPOS="716" HPOS="1756"/>
							<String ID="string_161" HPOS="1775" VPOS="717" WIDTH="239" HEIGHT="51" WC="0.95" CONTENT="Konungens"/>
						</TextLine>
						<TextLine ID="line_37" HPOS="1232" VPOS="764" WIDTH="782" HEIGHT="51">
							<String ID="string_162" HPOS="1232" VPOS="764" WIDTH="430" HEIGHT="51" WC="0.90" CONTENT="befallningshafvande"/><SP WIDTH="65" VPOS="764" HPOS="1662"/>
							<String ID="string_163" HPOS="1727" VPOS="773" WIDTH="57" HEIGHT="31" WC="0.92" CONTENT="att"/><SP WIDTH="53" VPOS="773" HPOS="1784"/>
							<String ID="string_164" HPOS="1837" VPOS="769" WIDTH="177" HEIGHT="38" WC="0.90" CONTENT="besvärs-"/>
						</TextLine>
						<TextLine ID="line_38" HPOS="1231" VPOS="815" WIDTH="781" HEIGHT="56">
							<String ID="string_165" HPOS="1231" VPOS="815" WIDTH="283" HEIGHT="51" WC="0.96" CONTENT="handlingarna"/><SP WIDTH="14" VPOS="815" HPOS="1514"/>
							<String ID="string_166" HPOS="1528" VPOS="819" WIDTH="123" HEIGHT="48" WC="0.96" CONTENT="jämte"/><SP WIDTH="24" VPOS="819" HPOS="1651"/>
							<String ID="string_167" HPOS="1675" VPOS="819" WIDTH="48" HEIGHT="37" WC="0.96" CONTENT="de"/><SP WIDTH="19" VPOS="819" HPOS="1723"/>
							<String ID="string_168" HPOS="1742" VPOS="820" WIDTH="270" HEIGHT="51" WC="0.96" CONTENT="förklaringar,"/>
						</TextLine>
						<TextLine ID="line_39" HPOS="1233" VPOS="870" WIDTH="780" HEIGHT="53">
							<String ID="string_169" HPOS="1233" VPOS="880" WIDTH="82" HEIGHT="24" WC="0.95" CONTENT="som"/><SP WIDTH="28" VPOS="880" HPOS="1315"/>
							<String ID="string_170" HPOS="1343" VPOS="872" WIDTH="63" HEIGHT="33" WC="0.95" CONTENT="må"/><SP WIDTH="28" VPOS="872" HPOS="1406"/>
							<String ID="string_171" HPOS="1434" VPOS="870" WIDTH="115" HEIGHT="36" WC="0.96" CONTENT="hafva"/><SP WIDTH="28" VPOS="870" HPOS="1549"/>
							<String ID="string_172" HPOS="1577" VPOS="871" WIDTH="217" HEIGHT="47" WC="0.93" CONTENT="inkommit,"/><SP WIDTH="31" VPOS="871" HPOS="1794"/>
							<String ID="string_173" HPOS="1825" VPOS="872" WIDTH="188" HEIGHT="51" WC="0.92" CONTENT="ofördröj-"/>
						</TextLine>
						<TextLine ID="line_40" HPOS="1232" VPOS="919" WIDTH="781" HEIGHT="52">
							<String ID="string_174" HPOS="1232" VPOS="919" WIDTH="106" HEIGHT="49" WC="0.96" CONTENT="ligen"/><SP WIDTH="30" VPOS="919" HPOS="1338"/>
							<String ID="string_175" HPOS="1368" VPOS="921" WIDTH="57" HEIGHT="36" WC="0.96" CONTENT="till"/><SP WIDTH="23" VPOS="921" HPOS="1425"/>
							<String ID="string_176" HPOS="1448" VPOS="921" WIDTH="218" HEIGHT="49" WC="0.95" CONTENT="Konungen"/><SP WIDTH="19" VPOS="921" HPOS="1666"/>
							<String ID="string_177" HPOS="1685" VPOS="923" WIDTH="171" HEIGHT="48" WC="0.96" CONTENT="insända,"/><SP WIDTH="21" VPOS="923" HPOS="1856"/>
							<String ID="string_178" HPOS="1877" VPOS="924" WIDTH="60" HEIGHT="37" WC="0.96" CONTENT="för"/><SP WIDTH="19" VPOS="924" HPOS="1937"/>
							<String ID="string_179" HPOS="1956" VPOS="931" WIDTH="57" HEIGHT="31" WC="0.96" CONTENT="att"/>
						</TextLine>
						<TextLine ID="line_41" HPOS="1231" VPOS="971" WIDTH="784" HEIGHT="54">
							<String ID="string_180" HPOS="1231" VPOS="971" WIDTH="12" HEIGHT="36" WC="0.94" CONTENT="i"/><SP WIDTH="27" VPOS="971" HPOS="1243"/>
							<String ID="string_181" HPOS="1270" VPOS="971" WIDTH="97" HEIGHT="37" WC="0.96" CONTENT="Dess"/><SP WIDTH="42" VPOS="971" HPOS="1367"/>
							<String ID="string_182" HPOS="1409" VPOS="973" WIDTH="142" HEIGHT="49" WC="0.96" CONTENT="högsta"/><SP WIDTH="37" VPOS="973" HPOS="1551"/>
							<String ID="string_183" HPOS="1588" VPOS="974" WIDTH="165" HEIGHT="37" WC="0.96" CONTENT="domstol"/><SP WIDTH="35" VPOS="974" HPOS="1753"/>
							<String ID="string_184" HPOS="1788" VPOS="976" WIDTH="227" HEIGHT="49" WC="0.96" CONTENT="skyndsamt"/>
						</TextLine>
						<TextLine ID="line_42" HPOS="1232" VPOS="1023" WIDTH="518" HEIGHT="51">
							<String ID="string_185" HPOS="1232" VPOS="1023" WIDTH="224" HEIGHT="50" WC="0.92" CONTENT="föredragas"/><SP WIDTH="28" VPOS="1023" HPOS="1456"/>
							<String ID="string_186" HPOS="1484" VPOS="1024" WIDTH="70" HEIGHT="37" WC="0.93" CONTENT="och"/><SP WIDTH="29" VPOS="1024" HPOS="1554"/>
							<String ID="string_187" HPOS="1583" VPOS="1026" WIDTH="167" HEIGHT="48" WC="0.92" CONTENT="afgöras."/>
						</TextLine>
					</TextBlock>
				</ComposedBlock>
				<ComposedBlock ID="cblock_5" HPOS="1547" VPOS="1215" WIDTH="113" HEIGHT="49">
					<TextBlock ID="block_7" HPOS="1547" VPOS="1215" WIDTH="113" HEIGHT="49">
						<TextLine ID="line_43" HPOS="1547" VPOS="1215" WIDTH="113" HEIGHT="49">
							<String ID="string_188" HPOS="1547" VPOS="1215" WIDTH="21" HEIGHT="49" WC="0.83" CONTENT="8"/><SP WIDTH="32" VPOS="1215" HPOS="1568"/>
							<String ID="string_189" HPOS="1600" VPOS="1217" WIDTH="60" HEIGHT="35" WC="0.95" CONTENT="12."/>
						</TextLine>
					</TextBlock>
				</ComposedBlock>
				<ComposedBlock ID="cblock_6" HPOS="1222" VPOS="1283" WIDTH="792" HEIGHT="1022">
					<TextBlock ID="block_8" HPOS="1222" VPOS="1283" WIDTH="792" HEIGHT="1022">
						<TextLine ID="line_44" HPOS="1307" VPOS="1283" WIDTH="705" HEIGHT="49">
							<String ID="string_190" HPOS="1307" VPOS="1283" WIDTH="142" HEIGHT="48" WC="0.89" CONTENT="Hvarje"/><SP WIDTH="32" VPOS="1283" HPOS="1449"/>
							<String ID="string_191" HPOS="1481" VPOS="1285" WIDTH="154" HEIGHT="37" WC="0.96" CONTENT="ledamot"/><SP WIDTH="28" VPOS="1285" HPOS="1635"/>
							<String ID="string_192" HPOS="1663" VPOS="1286" WIDTH="46" HEIGHT="46" WC="0.96" CONTENT="af"/><SP WIDTH="24" VPOS="1286" HPOS="1709"/>
							<String ID="string_193" HPOS="1733" VPOS="1287" WIDTH="133" HEIGHT="36" WC="0.93" CONTENT="Första"/><SP WIDTH="29" VPOS="1287" HPOS="1866"/>
							<String ID="string_194" HPOS="1895" VPOS="1288" WIDTH="117" HEIGHT="36" WC="0.92" CONTENT="Kam-"/>
						</TextLine>
						<TextLine ID="line_45" HPOS="1230" VPOS="1337" WIDTH="782" HEIGHT="47">
							<String ID="string_195" HPOS="1230" VPOS="1347" WIDTH="125" HEIGHT="24" WC="0.95" CONTENT="maren"/><SP WIDTH="42" VPOS="1347" HPOS="1355"/>
							<String ID="string_196" HPOS="1397" VPOS="1337" WIDTH="156" HEIGHT="47" WC="0.78" CONTENT="åtnjuter"/><SP WIDTH="33" VPOS="1337" HPOS="1553"/>
							<String ID="string_197" HPOS="1586" VPOS="1338" WIDTH="45" HEIGHT="46" WC="0.93" CONTENT="af"/><SP WIDTH="24" VPOS="1338" HPOS="1631"/>
							<String ID="string_198" HPOS="1655" VPOS="1339" WIDTH="202" HEIGHT="36" WC="0.91" CONTENT="statsmedel"/><SP WIDTH="27" VPOS="1339" HPOS="1857"/>
							<String ID="string_199" HPOS="1884" VPOS="1344" WIDTH="128" HEIGHT="32" WC="0.92" CONTENT="ersätt-"/>
						</TextLine>
						<TextLine ID="line_46" HPOS="1231" VPOS="1388" WIDTH="782" HEIGHT="50">
							<String ID="string_200" HPOS="1231" VPOS="1388" WIDTH="86" HEIGHT="47" WC="0.96" CONTENT="ning"/><SP WIDTH="39" VPOS="1388" HPOS="1317"/>
							<String ID="string_201" HPOS="1356" VPOS="1388" WIDTH="63" HEIGHT="47" WC="0.90" CONTENT="för"/><SP WIDTH="41" VPOS="1388" HPOS="1419"/>
							<String ID="string_202" HPOS="1460" VPOS="1389" WIDTH="229" HEIGHT="36" WC="0.90" CONTENT="resekostnad"/><SP WIDTH="42" VPOS="1389" HPOS="1689"/>
							<String ID="string_203" HPOS="1731" VPOS="1390" WIDTH="56" HEIGHT="35" WC="0.95" CONTENT="till"/><SP WIDTH="39" VPOS="1390" HPOS="1787"/>
							<String ID="string_204" HPOS="1826" VPOS="1391" WIDTH="63" HEIGHT="36" WC="0.96" CONTENT="och"/><SP WIDTH="33" VPOS="1391" HPOS="1889"/>
							<String ID="string_205" HPOS="1922" VPOS="1391" WIDTH="91" HEIGHT="47" WC="0.96" CONTENT="från"/>
						</TextLine>
						<TextLine ID="line_47" HPOS="1231" VPOS="1439" WIDTH="783" HEIGHT="49">
							<String ID="string_206" HPOS="1231" VPOS="1439" WIDTH="208" HEIGHT="48" WC="0.95" CONTENT="Riksdagen"/><SP WIDTH="33" VPOS="1439" HPOS="1439"/>
							<String ID="string_207" HPOS="1472" VPOS="1444" WIDTH="93" HEIGHT="32" WC="0.93" CONTENT="samt"/><SP WIDTH="32" VPOS="1444" HPOS="1565"/>
							<String ID="string_208" HPOS="1597" VPOS="1440" WIDTH="153" HEIGHT="47" WC="0.91" CONTENT="arfvode"/><SP WIDTH="27" VPOS="1440" HPOS="1750"/>
							<String ID="string_209" HPOS="1777" VPOS="1441" WIDTH="45" HEIGHT="47" WC="0.95" CONTENT="af"/><SP WIDTH="21" VPOS="1441" HPOS="1822"/>
							<String ID="string_210" HPOS="1843" VPOS="1446" WIDTH="45" HEIGHT="32" WC="0.96" CONTENT="ett"/><SP WIDTH="27" VPOS="1446" HPOS="1888"/>
							<String ID="string_211" HPOS="1915" VPOS="1447" WIDTH="99" HEIGHT="33" WC="0.96" CONTENT="tusen"/>
						</TextLine>
						<TextLine ID="line_48" HPOS="1230" VPOS="1491" WIDTH="782" HEIGHT="52">
							<String ID="string_212" HPOS="1230" VPOS="1491" WIDTH="60" HEIGHT="34" WC="0.96" CONTENT="två"/><SP WIDTH="27" VPOS="1491" HPOS="1290"/>
							<String ID="string_213" HPOS="1317" VPOS="1491" WIDTH="143" HEIGHT="36" WC="0.63" CONTENT="hundra"/><SP WIDTH="27" VPOS="1491" HPOS="1460"/>
							<String ID="string_214" HPOS="1487" VPOS="1492" WIDTH="183" HEIGHT="36" WC="0.96" CONTENT="riksdaler"/><SP WIDTH="26" VPOS="1492" HPOS="1670"/>
							<String ID="string_215" HPOS="1696" VPOS="1493" WIDTH="63" HEIGHT="46" WC="0.96" CONTENT="för"/><SP WIDTH="26" VPOS="1493" HPOS="1759"/>
							<String ID="string_216" HPOS="1785" VPOS="1494" WIDTH="124" HEIGHT="47" WC="0.91" CONTENT="hvarje"/><SP WIDTH="27" VPOS="1494" HPOS="1909"/>
							<String ID="string_217" HPOS="1936" VPOS="1495" WIDTH="76" HEIGHT="48" WC="0.91" CONTENT="lag-"/>
						</TextLine>
						<TextLine ID="line_49" HPOS="1228" VPOS="1543" WIDTH="785" HEIGHT="52">
							<String ID="string_218" HPOS="1228" VPOS="1543" WIDTH="90" HEIGHT="35" WC="0.92" CONTENT="tima"/><SP WIDTH="27" VPOS="1543" HPOS="1318"/>
							<String ID="string_219" HPOS="1345" VPOS="1543" WIDTH="170" HEIGHT="48" WC="0.96" CONTENT="riksdag;"/><SP WIDTH="27" VPOS="1543" HPOS="1515"/>
							<String ID="string_220" HPOS="1542" VPOS="1544" WIDTH="87" HEIGHT="35" WC="0.96" CONTENT="dock"/><SP WIDTH="28" VPOS="1544" HPOS="1629"/>
							<String ID="string_221" HPOS="1657" VPOS="1548" WIDTH="63" HEIGHT="44" WC="0.96" CONTENT="att,"/><SP WIDTH="29" VPOS="1548" HPOS="1720"/>
							<String ID="string_222" HPOS="1749" VPOS="1550" WIDTH="70" HEIGHT="31" WC="0.96" CONTENT="när"/><SP WIDTH="24" VPOS="1550" HPOS="1819"/>
							<String ID="string_223" HPOS="1843" VPOS="1547" WIDTH="170" HEIGHT="48" WC="0.96" CONTENT="antingen"/>
						</TextLine>
						<TextLine ID="line_50" HPOS="1232" VPOS="1594" WIDTH="781" HEIGHT="51">
							<String ID="string_224" HPOS="1232" VPOS="1594" WIDTH="200" HEIGHT="48" WC="0.92" CONTENT="Konungen"/><SP WIDTH="50" VPOS="1594" HPOS="1432"/>
							<String ID="string_225" HPOS="1482" VPOS="1595" WIDTH="165" HEIGHT="48" WC="0.65" CONTENT="upplöser"/><SP WIDTH="45" VPOS="1595" HPOS="1647"/>
							<String ID="string_226" HPOS="1692" VPOS="1597" WIDTH="161" HEIGHT="48" WC="0.96" CONTENT="riksdag,"/><SP WIDTH="46" VPOS="1597" HPOS="1853"/>
							<String ID="string_227" HPOS="1899" VPOS="1599" WIDTH="114" HEIGHT="35" WC="0.96" CONTENT="innan"/>
						</TextLine>
						<TextLine ID="line_51" HPOS="1228" VPOS="1645" WIDTH="782" HEIGHT="52">
							<String ID="string_228" HPOS="1228" VPOS="1645" WIDTH="67" HEIGHT="36" WC="0.96" CONTENT="den"/><SP WIDTH="27" VPOS="1645" HPOS="1295"/>
							<String ID="string_229" HPOS="1322" VPOS="1648" WIDTH="98" HEIGHT="34" WC="0.95" CONTENT="varit"/><SP WIDTH="25" VPOS="1648" HPOS="1420"/>
							<String ID="string_230" HPOS="1445" VPOS="1646" WIDTH="91" HEIGHT="49" WC="0.96" CONTENT="fyra"/><SP WIDTH="27" VPOS="1646" HPOS="1536"/>
							<String ID="string_231" HPOS="1563" VPOS="1648" WIDTH="177" HEIGHT="36" WC="0.96" CONTENT="månader"/><SP WIDTH="19" VPOS="1648" HPOS="1740"/>
							<String ID="string_232" HPOS="1759" VPOS="1648" WIDTH="251" HEIGHT="49" WC="0.96" CONTENT="tillsammans,"/>
						</TextLine>
						<TextLine ID="line_52" HPOS="1228" VPOS="1697" WIDTH="784" HEIGHT="52">
							<String ID="string_233" HPOS="1228" VPOS="1697" WIDTH="86" HEIGHT="36" WC="0.96" CONTENT="eller"/><SP WIDTH="19" VPOS="1697" HPOS="1314"/>
							<String ID="string_234" HPOS="1333" VPOS="1698" WIDTH="154" HEIGHT="37" WC="0.96" CONTENT="ledamot"/><SP WIDTH="19" VPOS="1698" HPOS="1487"/>
							<String ID="string_235" HPOS="1506" VPOS="1699" WIDTH="46" HEIGHT="47" WC="0.96" CONTENT="af"/><SP WIDTH="10" VPOS="1699" HPOS="1552"/>
							<String ID="string_236" HPOS="1562" VPOS="1699" WIDTH="211" HEIGHT="37" WC="0.96" CONTENT="kammaren"/><SP WIDTH="15" VPOS="1699" HPOS="1773"/>
							<String ID="string_237" HPOS="1788" VPOS="1700" WIDTH="97" HEIGHT="46" WC="0.93" CONTENT="eljest"/><SP WIDTH="15" VPOS="1700" HPOS="1885"/>
							<String ID="string_238" HPOS="1900" VPOS="1701" WIDTH="112" HEIGHT="48" WC="0.91" CONTENT="afgår"/>
						</TextLine>
						<TextLine ID="line_53" HPOS="1224" VPOS="1748" WIDTH="786" HEIGHT="53">
							<String ID="string_239" HPOS="1224" VPOS="1748" WIDTH="92" HEIGHT="47" WC="0.96" CONTENT="från"/><SP WIDTH="27" VPOS="1748" HPOS="1316"/>
							<String ID="string_240" HPOS="1343" VPOS="1750" WIDTH="59" HEIGHT="35" WC="0.96" CONTENT="sin"/><SP WIDTH="28" VPOS="1750" HPOS="1402"/>
							<String ID="string_241" HPOS="1430" VPOS="1750" WIDTH="198" HEIGHT="48" WC="0.90" CONTENT="befattning"/><SP WIDTH="27" VPOS="1750" HPOS="1628"/>
							<String ID="string_242" HPOS="1655" VPOS="1751" WIDTH="116" HEIGHT="36" WC="0.96" CONTENT="under"/><SP WIDTH="19" VPOS="1751" HPOS="1771"/>
							<String ID="string_243" HPOS="1790" VPOS="1752" WIDTH="220" HEIGHT="49" WC="0.96" CONTENT="Riksdagen,"/>
						</TextLine>
						<TextLine ID="line_54" HPOS="1227" VPOS="1801" WIDTH="782" HEIGHT="48">
							<String ID="string_244" HPOS="1227" VPOS="1801" WIDTH="113" HEIGHT="36" WC="0.96" CONTENT="innan"/><SP WIDTH="37" VPOS="1801" HPOS="1340"/>
							<String ID="string_245" HPOS="1377" VPOS="1802" WIDTH="43" HEIGHT="35" WC="0.96" CONTENT="så"/><SP WIDTH="41" VPOS="1802" HPOS="1420"/>
							<String ID="string_246" HPOS="1461" VPOS="1802" WIDTH="83" HEIGHT="47" WC="0.95" CONTENT="lång"/><SP WIDTH="28" VPOS="1802" HPOS="1544"/>
							<String ID="string_247" HPOS="1572" VPOS="1802" WIDTH="54" HEIGHT="35" WC="0.96" CONTENT="tid"/><SP WIDTH="28" VPOS="1802" HPOS="1626"/>
							<String ID="string_248" HPOS="1654" VPOS="1802" WIDTH="47" HEIGHT="47" WC="0.96" CONTENT="af"/><SP WIDTH="23" VPOS="1802" HPOS="1701"/>
							<String ID="string_249" HPOS="1724" VPOS="1803" WIDTH="80" HEIGHT="36" WC="0.93" CONTENT="dess"/><SP WIDTH="26" VPOS="1803" HPOS="1804"/>
							<String ID="string_250" HPOS="1830" VPOS="1816" WIDTH="179" HEIGHT="25" WC="0.75" CONTENT="samman-"/>
						</TextLine>
						<TextLine ID="line_55" HPOS="1228" VPOS="1852" WIDTH="781" HEIGHT="51">
							<String ID="string_251" HPOS="1228" VPOS="1852" WIDTH="103" HEIGHT="36" WC="0.96" CONTENT="träde"/><SP WIDTH="37" VPOS="1852" HPOS="1331"/>
							<String ID="string_252" HPOS="1368" VPOS="1852" WIDTH="169" HEIGHT="48" WC="0.96" CONTENT="förflutit,"/><SP WIDTH="30" VPOS="1852" HPOS="1537"/>
							<String ID="string_253" HPOS="1567" VPOS="1854" WIDTH="86" HEIGHT="35" WC="0.94" CONTENT="eller"/><SP WIDTH="29" VPOS="1854" HPOS="1653"/>
							<String ID="string_254" HPOS="1682" VPOS="1855" WIDTH="207" HEIGHT="48" WC="0.93" CONTENT="Riksdagen"/><SP WIDTH="26" VPOS="1855" HPOS="1889"/>
							<String ID="string_255" HPOS="1915" VPOS="1867" WIDTH="94" HEIGHT="25" WC="0.92" CONTENT="sam-"/>
						</TextLine>
						<TextLine ID="line_56" HPOS="1227" VPOS="1905" WIDTH="782" HEIGHT="51">
							<String ID="string_256" HPOS="1227" VPOS="1905" WIDTH="241" HEIGHT="35" WC="0.83" CONTENT="manträder"/><SP WIDTH="-17" VPOS="1905" HPOS="1468"/>
							<String ID="string_257" HPOS="1451" VPOS="1901" WIDTH="16" HEIGHT="59" WC="0.93" CONTENT="i"/><SP WIDTH="12" VPOS="1901" HPOS="1467"/>
							<String ID="string_258" HPOS="1479" VPOS="1905" WIDTH="96" HEIGHT="47" WC="0.96" CONTENT="följd"/><SP WIDTH="19" VPOS="1905" HPOS="1575"/>
							<String ID="string_259" HPOS="1594" VPOS="1906" WIDTH="121" HEIGHT="46" WC="0.96" CONTENT="däraf"/><SP WIDTH="14" VPOS="1906" HPOS="1715"/>
							<String ID="string_260" HPOS="1729" VPOS="1910" WIDTH="51" HEIGHT="32" WC="0.96" CONTENT="att"/><SP WIDTH="18" VPOS="1910" HPOS="1780"/>
							<String ID="string_261" HPOS="1798" VPOS="1907" WIDTH="211" HEIGHT="49" WC="0.95" CONTENT="Konungen,"/>
						</TextLine>
						<TextLine ID="line_57" HPOS="1227" VPOS="1956" WIDTH="785" HEIGHT="51">
							<String ID="string_262" HPOS="1227" VPOS="1956" WIDTH="78" HEIGHT="35" WC="0.95" CONTENT="med"/><SP WIDTH="28" VPOS="1956" HPOS="1305"/>
							<String ID="string_263" HPOS="1333" VPOS="1956" WIDTH="218" HEIGHT="48" WC="0.95" CONTENT="upplösande"/><SP WIDTH="22" VPOS="1956" HPOS="1551"/>
							<String ID="string_264" HPOS="1573" VPOS="1957" WIDTH="47" HEIGHT="46" WC="0.96" CONTENT="af"/><SP WIDTH="14" VPOS="1957" HPOS="1620"/>
							<String ID="string_265" HPOS="1634" VPOS="1958" WIDTH="163" HEIGHT="49" WC="0.93" CONTENT="riksdag,"/><SP WIDTH="18" VPOS="1958" HPOS="1797"/>
							<String ID="string_266" HPOS="1815" VPOS="1959" WIDTH="197" HEIGHT="48" WC="0.89" CONTENT="förordnat"/>
						</TextLine>
						<TextLine ID="line_58" HPOS="1228" VPOS="2009" WIDTH="782" HEIGHT="47">
							<String ID="string_267" HPOS="1228" VPOS="2019" WIDTH="54" HEIGHT="24" WC="0.96" CONTENT="om"/><SP WIDTH="41" VPOS="2019" HPOS="1282"/>
							<String ID="string_268" HPOS="1323" VPOS="2020" WIDTH="74" HEIGHT="36" WC="0.94" CONTENT="nya"/><SP WIDTH="40" VPOS="2020" HPOS="1397"/>
							<String ID="string_269" HPOS="1437" VPOS="2009" WIDTH="69" HEIGHT="46" WC="0.95" CONTENT="val,"/><SP WIDTH="42" VPOS="2009" HPOS="1506"/>
							<String ID="string_270" HPOS="1548" VPOS="2009" WIDTH="43" HEIGHT="35" WC="0.96" CONTENT="så"/><SP WIDTH="39" VPOS="2009" HPOS="1591"/>
							<String ID="string_271" HPOS="1630" VPOS="2010" WIDTH="63" HEIGHT="35" WC="0.96" CONTENT="ock"/><SP WIDTH="41" VPOS="2010" HPOS="1693"/>
							<String ID="string_272" HPOS="1734" VPOS="2010" WIDTH="113" HEIGHT="36" WC="0.96" CONTENT="under"/><SP WIDTH="27" VPOS="2010" HPOS="1847"/>
							<String ID="string_273" HPOS="1874" VPOS="2010" WIDTH="136" HEIGHT="37" WC="0.96" CONTENT="urtima"/>
						</TextLine>
						<TextLine ID="line_59" HPOS="1226" VPOS="2059" WIDTH="781" HEIGHT="49">
							<String ID="string_274" HPOS="1226" VPOS="2059" WIDTH="164" HEIGHT="49" WC="0.95" CONTENT="riksdag,"/><SP WIDTH="29" VPOS="2059" HPOS="1390"/>
							<String ID="string_275" HPOS="1419" VPOS="2060" WIDTH="230" HEIGHT="36" WC="0.96" CONTENT="kammarens"/><SP WIDTH="27" VPOS="2060" HPOS="1649"/>
							<String ID="string_276" HPOS="1676" VPOS="2061" WIDTH="153" HEIGHT="37" WC="0.93" CONTENT="ledamot"/><SP WIDTH="26" VPOS="2061" HPOS="1829"/>
							<String ID="string_277" HPOS="1855" VPOS="2061" WIDTH="152" HEIGHT="47" WC="0.90" CONTENT="undfår,"/>
						</TextLine>
						<TextLine ID="line_60" HPOS="1222" VPOS="2110" WIDTH="787" HEIGHT="52">
							<String ID="string_278" HPOS="1222" VPOS="2110" WIDTH="112" HEIGHT="46" WC="0.84" CONTENT="jämte"/><SP WIDTH="41" VPOS="2110" HPOS="1334"/>
							<String ID="string_279" HPOS="1375" VPOS="2112" WIDTH="458" HEIGHT="49" WC="0.77" CONTENT="resekostnadsersättning,"/><SP WIDTH="35" VPOS="2112" HPOS="1833"/>
							<String ID="string_280" HPOS="1868" VPOS="2115" WIDTH="17" HEIGHT="34" WC="0.93" CONTENT="i"/><SP WIDTH="35" VPOS="2115" HPOS="1885"/>
							<String ID="string_281" HPOS="1920" VPOS="2114" WIDTH="89" HEIGHT="48" WC="0.77" CONTENT="dag-"/>
						</TextLine>
						<TextLine ID="line_61" HPOS="1227" VPOS="2162" WIDTH="783" HEIGHT="50">
							<String ID="string_282" HPOS="1227" VPOS="2162" WIDTH="235" HEIGHT="38" WC="0.89" CONTENT="traktamente"/><SP WIDTH="27" VPOS="2162" HPOS="1462"/>
							<String ID="string_283" HPOS="1489" VPOS="2165" WIDTH="49" HEIGHT="35" WC="0.76" CONTENT="tio"/><SP WIDTH="22" VPOS="2165" HPOS="1538"/>
							<String ID="string_284" HPOS="1560" VPOS="2164" WIDTH="195" HEIGHT="48" WC="0.96" CONTENT="riksdaler,"/><SP WIDTH="19" VPOS="2164" HPOS="1755"/>
							<String ID="string_285" HPOS="1774" VPOS="2164" WIDTH="130" HEIGHT="38" WC="0.95" CONTENT="hvilket"/><SP WIDTH="17" VPOS="2164" HPOS="1904"/>
							<String ID="string_286" HPOS="1921" VPOS="2165" WIDTH="89" HEIGHT="36" WC="0.96" CONTENT="dock"/>
						</TextLine>
						<TextLine ID="line_62" HPOS="1227" VPOS="2215" WIDTH="782" HEIGHT="50">
							<String ID="string_287" HPOS="1227" VPOS="2215" WIDTH="35" HEIGHT="46" WC="0.95" CONTENT="ej"/><SP WIDTH="43" VPOS="2215" HPOS="1262"/>
							<String ID="string_288" HPOS="1305" VPOS="2216" WIDTH="60" HEIGHT="34" WC="0.83" CONTENT="må"/><SP WIDTH="46" VPOS="2216" HPOS="1365"/>
							<String ID="string_289" HPOS="1411" VPOS="2216" WIDTH="195" HEIGHT="48" WC="0.82" CONTENT="öfverstiga"/><SP WIDTH="48" VPOS="2216" HPOS="1606"/>
							<String ID="string_290" HPOS="1654" VPOS="2217" WIDTH="264" HEIGHT="48" WC="0.90" CONTENT="sammanlagdt"/><SP WIDTH="46" VPOS="2217" HPOS="1918"/>
							<String ID="string_291" HPOS="1964" VPOS="2220" WIDTH="45" HEIGHT="34" WC="0.90" CONTENT="ett"/>
						</TextLine>
						<TextLine ID="line_63" HPOS="1227" VPOS="2267" WIDTH="576" HEIGHT="38">
							<String ID="string_292" HPOS="1227" VPOS="2269" WIDTH="97" HEIGHT="33" WC="0.96" CONTENT="tusen"/><SP WIDTH="28" VPOS="2269" HPOS="1324"/>
							<String ID="string_293" HPOS="1352" VPOS="2268" WIDTH="59" HEIGHT="35" WC="0.96" CONTENT="två"/><SP WIDTH="28" VPOS="2268" HPOS="1411"/>
							<String ID="string_294" HPOS="1439" VPOS="2267" WIDTH="142" HEIGHT="36" WC="0.96" CONTENT="hundra"/><SP WIDTH="27" VPOS="2267" HPOS="1581"/>
							<String ID="string_295" HPOS="1608" VPOS="2268" WIDTH="195" HEIGHT="37" WC="0.96" CONTENT="riksdaler."/>
						</TextLine>
					</TextBlock>
				</ComposedBlock>
			</PrintSpace>
		</Page>
	</Layout>
</alto>
