2198 2624
644 166 399 32 Konstitutionsutskottete
1068 166 167 32 Memorial
1259 166 61 32 N:o
1346 169 26 29 I.
1721 167 40 31 39

212 451 39 44 +)
280 452 185 44 angående
493 451 144 36 ändrad
666 451 131 44 lydelse
826 450 47 44 af
893 450 26 46 $
949 453 23 33 4
1001 463 101 24 mom.
1135 455 22 31 9I
1186 453 62 34 och
1276 452 26 46 $
1322 453 23 35 5
1364 464 99 23 mom.
1484 455 51 32 10
1555 452 251 45 tryckfrihets-

392 502 263 45 förordningen
684 502 185 43 äfvensom
899 502 56 35 till
982 502 198 44 införande
1208 504 13 33 i
1243 503 264 43 förstnämnda
1535 503 22 45 $
1586 503 47 43 af

736 553 150 45 tillagda
914 565 102 24 mom.
1048 556 48 33 13
1124 555 64 35 och
1216 557 60 32 14.

715 707 593 51 Tryckfrihetsförordningen.

419 821 215 39 (Nuvarande
657 821 114 41 lydelse
780 822 23 37 :)

289 1073 70 34 9:o.
403 1072 121 46 Hvar,
537 1084 75 24 som
629 1073 162 36 beträdes
805 1076 53 33 att
873 1072 109 44 kafva

203 1123 143 44 försålt
373 1124 87 36 eller
487 1125 163 45 utspridt
677 1136 43 25 en
747 1126 14 34 i
790 1126 81 44 laga
900 1125 82 35 ord-

210 1177 88 44 ning
326 1177 81 35 med
434 1177 173 35 kvarstad
637 1177 124 46 belagd
788 1177 86 36 eller
895 1177 86 35 kon-

204 1228 166 43 fiskerad
398 1228 123 44 skrift,
550 1241 86 24 vare
663 1230 62 35 vid
747 1230 75 34 alla
841 1229 140 36 sådana

211 1280 190 47 tillfällen,
448 1281 47 34 då
547 1281 72 35 han
665 1293 54 23 om
765 1281 218 36 kvarstaden

211 1333 166 44 kunskap
397 1336 61 41 ägt
477 1333 86 35 eller
584 1333 75 35 bort
674 1339 81 39 äga,
773 1333 57 35 till
844 1344 137 24 samma

210 1395 136 24 ansvar
384 1395 76 24 som
494 1384 236 44 förfallaren
756 1384 225 45 förbunden,

210 1435 63 36 och
314 1436 158 45 umgälle
501 1435 249 47 förbrytelsen
778 1435 91 45 efter
897 1447 83 25 ena-

211 1488 126 35 handa
358 1489 174 44 grunder.
589 1489 197 46 RBubbning
811 1488 48 44 af
877 1489 105 35 kvar-

209 1540 96 46 stad,
332 1540 190 46 hvaruppå
550 1540 233 47 försäljning
813 1541 86 36 eller
927 1544 54 32 ut-

209 1592 201 45 spridande
441 1593 75 35 icke
538 1593 105 45 följt,
671 1593 174 46 umgälles
872 1592 111 46 enligt

210 1643 138 36 allmän
377 1644 68 45 lag.

1223 821 207 42 (Föreslagen
1454 821 143 41 lydelse:)

1116 1073 70 35 9J:o.
1241 1073 81 36 Den
1363 1084 87 36 som,
1495 1073 128 36 medan
1652 1073 154 44 förord-

1036 1125 121 35 nande
1185 1137 54 23 om
1268 1126 173 35 kvarstad
1459 1126 21 35 å
1501 1126 117 45 tryckt
1636 1125 111 44 skrift
1767 1131 42 30 är

1033 1177 183 46 gällande,
1245 1178 81 35 med
1344 1178 146 45 velskap
1511 1189 55 24 om
1579 1177 228 43 förordnan-

1037 1229 58 35 det
1143 1230 188 45 wutsprider
1372 1230 87 35 eller
1506 1230 89 35 låter
1639 1230 168 45 utsprida

1036 1280 169 45 skriften,
1233 1281 147 44 straffes
1406 1282 80 35 med
1516 1282 97 35 böter
1630 1281 96 43 från
1746 1282 63 35 och

1037 1333 80 35 med
1157 1334 177 35 trettiotre
1364 1333 179 36 riksdaler
1569 1336 125 33 sexton
1722 1333 86 35 skil-

1037 1384 119 45 lingar
1176 1385 57 35 till
1253 1385 64 35 och
1334 1386 80 34 med
1433 1385 376 36 trehundratrettiotre

1038 1436 179 37 riksdaler
1244 1440 125 33 sexton
1395 1436 195 46 skillingar
1618 1437 86 36 eller
1728 1438 81 35 med

1031 1487 170 47 fängelse
1222 1488 98 45 från
1348 1489 63 35 och
1436 1489 80 36 med
1535 1500 44 25 en
1598 1489 136 35 månad
1753 1489 56 35 till

1036 1540 62 36 och
1138 1542 81 35 med
1259 1544 48 33 ett
1339 1542 53 34 år.
1448 1541 148 36 Samma
1624 1541 58 45 lag
1710 1553 97 34 vare,

1036 1593 70 35 där
1133 1594 120 44 någon
1279 1594 82 35 med
1379 1594 146 45 vetskap
1545 1605 56 24 om
1621 1596 52 32 att
1693 1594 115 45 tryckt

1035 1644 114 45 skrift
1156 1645 209 43 förklarats
1380 1644 230 45 konfiskerad
1625 1646 184 45 utsprider

1036 1696 87 37 eller
1151 1696 91 37 låter
1271 1698 168 45 utsprida
1466 1697 170 45 skriften.

1114 1749 112 36 Hvad
1270 1761 51 24 nu
1367 1755 42 30 är
1452 1750 173 45 stadgadt
1669 1754 64 40 äge
1774 1751 36 42 ej

1038 1800 230 47 tillämpning
1310 1802 14 34 i
1365 1802 58 35 det
1455 1800 90 47 fall,
1587 1804 53 33 alt
1674 1813 135 24 ansvar

1036 1858 86 41 äger
1158 1865 79 24 rum
1270 1853 114 46 enligt
1411 1855 50 34 14
1489 1865 103 24 mom.
1623 1853 118 36 denna
1769 1853 36 46 $.

1114 1905 197 47 Rubbning
1351 1905 48 44 af
1435 1906 185 46 kvarstad,
1661 1917 75 24 som
1774 1908 34 41 ej

1034 1957 209 44 innefattar
1256 1957 194 45 straffbart
1466 1958 251 46 utspridande,
1729 1970 77 23 um-

1031 2010 114 45 gäiles
1170 2009 111 46 enligt
1309 2009 137 36 allmän
1475 2010 68 45 lag.

1112 2115 93 35 13:o.
1267 2114 71 36 Vid
1377 2115 118 35 sådan
1537 2114 191 46 afdelning
1767 2114 47 44 af

1036 2167 254 46 krigsmakten,
1306 2178 76 24 som
1394 2166 125 37 ställes
1539 2167 87 36 eller
1640 2172 43 30 är
1697 2167 111 35 ställd

1030 2219 54 45 på
1112 2218 167 47 krigsfot,
1309 2224 65 41 äge
1386 2219 144 44 jämväl
1554 2219 120 45 högste
1694 2218 112 44 befäl-

1035 2270 175 47 hafveren
1252 2271 70 36 den
1361 2274 74 33 rätt
1466 2274 52 32 att
1540 2271 183 45 förordna
1752 2282 54 25 om

1838 451 70 33 Ang.
1928 451 83 25 rubb-

1826 487 67 31 ning
1910 486 27 24 af
1949 486 82 24 kvar-

1827 521 60 24 stad
1907 520 53 25 och
1979 521 42 23 in-

1836 556 135 32 dragning
1991 555 29 24 af

1855 590 113 25 skrifter
1986 590 10 23 i

1861 625 133 24 försvars-

1861 659 132 32 fiendtlig

1861 694 133 32 riktning.
