1876 2782
412 183 120 30 Andra
548 182 247 36 lagutskottets
811 179 179 31 utlåtande
1005 187 42 21 nr
1061 180 40 28 35
1116 177 40 30 år
1171 177 81 30 1961
1547 173 36 29 19

95 281 119 23 varom
235 281 48 22 nu
303 272 201 37 ytterligare
524 270 187 38 utredning
731 270 154 36 begäres.
905 267 87 31 NTF
1015 267 114 29 finner
1150 265 58 30 det
1228 263 210 38 lämpligast,
1459 263 52 28 att
1532 269 48 21 se-

95 318 69 30 dan
181 316 361 37 kostnadsutredning
562 315 193 37 framlagts,
776 314 124 37 frågan
919 321 57 22 om
994 310 171 38 övergång
1185 309 53 30 till
1258 306 218 39 högertrafik
1496 314 84 29 upp-

95 366 95 34 tages
216 362 53 30 till
296 360 350 40 principbehandling
672 360 11 29 i
710 359 199 36 riksdagen.
934 356 65 31 Vid
1026 355 143 39 positivt
1194 353 118 32 beslut
1337 352 64 30 bör
1427 351 152 30 därefter

96 408 67 30 den
178 416 44 21 av
237 407 260 30 motionärerna
515 404 198 39 föreslagna
730 402 234 38 utredningen
980 401 142 30 komma
1139 399 54 30 till
1212 397 113 32 stånd.
1343 396 239 37 Utredningen

96 453 63 30 bör
180 452 36 31 få
238 452 53 30 till
312 451 140 38 uppgift
474 452 51 29 att
544 450 46 38 på
610 449 95 31 basis
727 457 44 22 av
791 446 288 40 principbeslutet
1100 444 185 39 planlägga
1307 442 69 31 alla
1400 440 148 38 detaljer
1572 440 9 28 i

97 497 169 31 samband
283 496 80 31 med
378 495 219 38 övergången
613 494 52 31 till
683 492 229 39 högertrafik.

140 567 174 40 Kungliga
333 567 345 31 automobilklubben
699 565 206 31 framhåller
924 566 51 28 att
993 562 236 31 kostnaderna
1251 561 70 30 inte
1342 560 71 30 kan
1431 558 152 31 behand-

97 623 52 30 las
164 622 172 33 isolerade
352 624 85 28 utan
454 621 111 30 måste
583 621 108 29 sättas
706 621 10 29 i
735 620 148 29 relation
899 618 53 30 till
969 618 41 30 de
1026 616 170 38 åtgärder,
1216 623 75 22 som
1308 614 38 30 är
1363 612 219 36 nödvändiga

97 676 58 31 vid
174 685 44 21 en
236 675 182 40 övergång.
439 675 137 31 Sådana
595 674 161 37 åtgärder
776 674 39 29 är
831 672 87 30 både
938 681 42 21 av
998 669 253 31 trafikteknisk
1271 667 65 31 och
1355 665 228 32 trafiksäker-

98 729 210 38 hetsmässig
326 730 115 30 natur.
461 729 66 29 Det
546 727 167 31 framstår
732 726 122 30 därför
873 725 107 37 enligt
999 724 171 30 klubbens
1190 722 142 36 mening
1352 728 74 22 som
1447 718 137 31 absolut

97 783 216 37 nödvändigt
332 784 52 29 att
405 782 161 37 samtliga
586 781 116 37 frågor
724 778 316 32 sammanhörande
1061 776 79 30 med
1162 775 157 40 Sveriges
1339 772 173 38 övergång
1532 772 53 29 till

98 836 220 39 högertrafik
342 836 120 30 utreds
487 834 175 39 parallellt
686 834 79 29 med
788 832 187 37 utredning
1002 840 42 21 av
1068 829 247 31 kostnaderna.
1340 826 132 31 Härför
1496 826 88 30 talar

98 890 107 31 också
226 892 52 29 att
299 899 83 21 man
403 890 11 29 i
437 889 147 37 tidigare
606 887 229 37 utredningar
857 886 76 30 icke
954 884 117 31 berört
1091 881 295 40 planläggningen
1408 889 44 21 av
1474 879 111 37 själva

99 944 218 37 övergången
333 943 65 31 och
415 942 143 31 därmed
577 939 345 38 sammanhängande
940 938 127 37 frågor,
1085 936 158 38 problem
1261 943 74 22 som
1354 935 58 30 det
1428 934 40 29 är
1485 940 101 29 ange-

97 998 91 38 läget
204 999 52 29 att
271 997 38 31 få
323 997 159 30 utredda.

143 1049 286 39 Motormännens
450 1048 230 38 riksförbund
700 1047 157 30 ansluter
879 1046 51 37 sig
950 1045 52 30 till
1022 1044 66 30 vad
1111 1052 74 21 som
1207 1041 204 32 framhålles
1431 1041 11 29 i
1464 1035 122 47 motio-

101 1113 108 21 nerna
226 1103 66 31 och
312 1103 194 37 tillstyrker
525 1103 10 28 i
555 1102 110 29 likhet
684 1100 78 30 med
783 1098 302 31 Folkrörelsernas
1105 1094 270 40 motorförbund
1395 1103 43 21 en
1460 1093 126 37 skynd-

102 1167 75 21 sam
196 1156 189 38 utredning
404 1165 42 21 av
467 1155 160 39 samtliga
647 1154 127 37 frågor,
794 1161 74 22 som
890 1151 291 36 sammanhänger
1201 1149 79 30 med
1302 1157 42 21 en
1364 1147 223 37 omläggning

101 1206 61 35 till
174 1209 228 39 högertrafik.

145 1263 277 38 Motorförarnas
451 1259 419 40 helnykterhetsförbund
900 1257 193 38 tillstyrker
1122 1256 219 30 motionerna
1371 1262 82 21 men
1482 1253 106 30 fram-

101 1318 120 35 håller,
242 1318 53 29 att
313 1316 182 30 resultatet
516 1324 42 21 av
577 1314 67 30 den
663 1314 11 29 i
695 1314 102 30 dessa
814 1312 150 37 begärda
984 1310 232 37 utredningen
1236 1309 72 29 inte
1330 1307 149 31 behöver
1500 1306 88 30 före-

102 1371 91 37 ligga
213 1370 11 30 i
247 1370 55 30 sin
323 1369 126 35 helhet,
471 1368 109 30 innan
601 1367 114 30 beslut
736 1374 57 22 om
816 1356 294 46 trafiksystemets
1133 1361 223 38 omläggning
1377 1361 72 29 kan
1471 1360 116 33 fattas,

103 1424 166 30 eftersom
298 1423 58 30 det
384 1423 108 29 redan
520 1430 48 21 nu
598 1420 184 36 föreligger
811 1418 159 30 avsevärt
997 1416 159 30 material
1186 1414 222 31 beträffande
1438 1413 150 37 omlägg-

103 1478 147 38 ningens
274 1474 283 41 genomförande.
579 1474 81 29 Man
683 1473 112 29 måste
819 1471 105 30 också
947 1470 111 30 räkna
1082 1468 79 31 med
1184 1471 51 28 att
1258 1468 71 30 viss
1352 1468 51 29 tid
1427 1466 162 38 förflyter

103 1531 131 30 mellan
252 1530 168 30 beslutets
439 1528 159 30 fattande
617 1527 65 30 och
702 1526 79 30 dess
801 1523 290 38 förverkligande.
1111 1522 48 31 Ur
1178 1520 355 38 kostnadssynpunkt
1552 1519 38 29 är

104 1585 57 30 det
182 1583 193 31 emellertid
393 1582 126 37 viktigt
539 1582 50 29 att
609 1580 187 36 riksdagen
817 1579 137 29 snarast
974 1576 138 40 möjligt
1132 1578 54 27 tar
1208 1575 164 36 ställning
1392 1573 53 31 till
1467 1573 123 37 frågan

104 1647 57 21 om
182 1646 44 22 en
244 1635 345 38 trafikomläggning.

748 1779 195 36 Utskottet

148 1878 121 30 Såsom
291 1877 155 38 framgår
466 1886 41 20 av
528 1877 65 29 den
614 1875 146 37 tidigare
782 1872 239 38 redogörelsen
1043 1872 64 28 har
1127 1870 125 30 chefen
1273 1869 55 30 för
1347 1867 246 31 kommunika-

104 1931 371 37 tionsdepartementet
500 1930 10 29 i
536 1928 179 31 december
740 1927 96 29 förra
862 1926 73 29 året
958 1924 165 31 tillkallat
1149 1933 41 20 en
1216 1922 152 30 särskild
1394 1920 199 36 sakkunnig

105 1985 55 30 för
175 1986 50 29 att
240 1984 125 30 utreda
380 1982 238 31 kostnaderna
632 1981 57 30 vid
706 1990 42 20 en
765 1979 172 37 övergång
952 1978 53 30 till
1021 1976 219 38 högertrafik
1258 1976 10 29 i
1285 1975 147 38 Sverige.
1450 1974 13 29 I
1482 1973 112 31 direk-

104 2039 93 29 tiven
220 2037 56 30 för
297 2036 232 37 utredningen
551 2035 65 29 har
639 2034 143 30 särskilt
805 2031 271 34 understrukits,
1099 2031 51 29 att
1174 2028 252 31 förordnandet
1450 2036 40 20 av
1514 2027 80 29 den-

105 2100 135 21 samma
260 2091 72 29 inte
351 2090 145 29 innebär
515 2088 105 37 något
641 2086 336 37 ställningstagande
998 2084 50 30 till
1071 2083 122 36 frågan
1214 2082 174 30 huruvida
1409 2090 42 20 en
1471 2080 123 29 trafik-

105 2144 223 37 omläggning
348 2143 64 30 bör
432 2143 64 36 äga
517 2150 89 21 rum.

150 2198 13 28 I
188 2196 231 31 förevarande
443 2195 173 29 motioner
640 2195 99 35 göres
764 2192 171 37 gällande,
961 2192 50 28 att
1035 2199 42 20 en
1103 2189 173 37 övergång
1300 2188 52 29 till
1376 2186 219 37 högertrafik

105 2251 72 29 inte
199 2250 208 29 förutsätter
427 2248 124 30 endast
572 2256 41 20 en
635 2246 188 35 utredning
846 2244 147 29 rörande
1014 2242 238 29 kostnaderna
1275 2241 55 29 för
1350 2249 43 20 en
1415 2239 110 30 sådan
1547 2239 49 29 åt-

106 2303 94 35 gärd.
228 2303 195 28 Därutöver
449 2300 123 34 måste,
600 2298 206 30 framhåller
833 2297 270 32 motionärerna,
1131 2295 143 29 utredas
1303 2293 72 29 dels
1402 2293 50 28 ett
1480 2291 114 30 fiertal

108 2355 157 37 problem
299 2354 10 30 i
342 2353 171 31 samband
545 2352 79 29 med
657 2351 114 37 själva
803 2349 290 39 genomförandet
1123 2357 46 24 av
1203 2345 392 37 trafikomläggningen,

108 2410 127 28 främst
255 2407 131 30 sådana
407 2415 74 21 som
503 2407 54 28 tar
579 2405 88 29 sikte
686 2405 44 36 på
752 2405 50 28 att
823 2405 119 34 trygga
965 2401 206 30 säkerheten
1194 2401 9 28 i
1226 2399 153 30 trafiken
1400 2398 112 29 under
1533 2397 61 29 och
