1898 2858
288 178 43 31 66
681 173 114 28 Första
827 171 222 36 lagutskottets
1082 169 163 30 utlåtande
1277 169 49 29 Nr
1350 172 48 30 29.

438 250 142 43 (Kungl.
599 250 116 40 Maj:ts
734 248 151 42 förslag.)
1237 247 198 41 (Utskottets
1454 246 151 41 förslag.)

290 317 325 41 överförmyndaren,
641 315 43 41 på
708 316 95 30 sätt
798 307 18 55 i
829 315 41 31 10
895 315 72 39 kap.
993 315 21 30 4
1061 313 325 40 överförmyndaren,
1424 311 43 41 på
1502 315 65 29 sätt
1601 313 11 30 i
1642 311 41 32 10
1708 311 76 40 kap.

289 369 22 42 &
346 374 85 37 sägs,
468 370 19 32 å
520 369 105 32 sådan
657 369 159 39 handling
848 369 84 39 gjort
960 377 53 22 an-
1060 368 20 30 4
1103 364 22 43 $
1148 369 85 37 sägs,
1265 365 20 32 å
1313 365 103 32 sådan
1440 366 160 40 handling
1623 366 84 39 gjort
1730 374 56 21 an-

289 425 154 39 teckning
490 433 54 22 om
584 422 226 39 anmärkning,
851 424 78 28 utan
970 424 46 28 att
1061 420 154 40 teckning
1261 429 55 22 om
1355 419 229 40 anmärkning,
1624 422 79 28 utan
1740 421 47 28 att

290 478 260 38 anmärkningen
589 475 155 32 föranlett
779 475 149 31 ansökan
964 474 48 31 till
1059 473 261 40 anmärkningen
1361 472 154 32 föranlett
1551 472 149 31 ansökan
1736 471 48 31 till

290 533 116 30 rätten.
1061 529 115 29 rätten.

335 585 92 31 Hava
464 584 39 31 de
539 582 205 40 handlingar,
771 591 71 22 som
867 581 10 30 i
901 581 104 31 första
1030 580 126 40 stycket
1180 589 107 29 avses,
1312 579 156 31 tillställts
1494 588 43 31 ny
1562 578 223 40 förmyndare,

290 637 121 41 åligger
447 637 54 32 det
536 637 106 31 denne
679 638 46 28 att
748 635 90 31 inom
862 633 55 32 två
941 632 158 33 månader
1124 633 143 31 därefter
1291 632 47 31 till
1363 632 315 40 överförmyndaren
1703 630 82 32 åter-

290 691 96 31 ställa
420 690 249 39 handlingarna.
706 682 321 46 Överförmyndaren
1052 686 83 32 skall
1159 687 55 30 vid
1239 686 261 39 handlingarnas
1527 685 258 31 överlämnande

290 744 182 40 skriftligen
496 744 110 31 erinra
630 741 234 41 förmyndaren
889 741 125 31 härom.
1052 740 213 31 Försummar
1289 739 236 40 förmyndaren
1548 742 46 27 att
1617 737 170 32 återställa

289 798 250 39 handlingarna,
566 796 84 31 skall
674 795 64 31 vad
762 795 11 30 i
800 794 41 31 10
863 791 22 42 8
909 794 132 39 stadgas
1067 803 52 22 om
1154 792 126 41 påföljd
1317 801 40 22 av
1392 791 240 38 försummelse,
1670 800 115 22 varom

291 851 59 31 där
374 853 85 37 sägs,
485 852 61 37 äga
570 848 233 32 motsvarande
828 847 215 40 tillämpning.

335 904 91 32 Skall
461 902 125 41 åtgärd,
622 911 114 22 varom
773 902 10 30 i
819 901 103 31 första
951 901 127 40 stycket
1105 902 84 37 sägs,
1216 909 42 21 av
1282 898 316 40 överförmyndaren
1621 898 161 39 vidtagas,

290 958 63 31 och
387 957 119 31 varder
542 956 63 31 den
634 954 168 41 avgående
827 954 252 40 förmyndarens
1104 953 200 39 förvaltning
1327 951 153 41 godkänd
1507 961 41 21 av
1573 951 211 40 myndlingen

290 1011 80 32 eller
405 1020 42 30 ny
483 1009 221 41 förmyndare,
742 1009 101 30 innan
871 1007 240 39 handlingarna
1134 1006 157 32 tillställts
1315 1006 132 37 honom,
1472 1014 79 22 vare
1575 1004 212 40 godkännan-

293 1064 53 32 det
370 1067 78 28 utan
472 1063 134 31 verkan.

994 1122 40 31 13
1057 1119 30 43 8.

336 1198 66 30 När
437 1196 253 40 förmyndarens
724 1195 182 39 befattning
943 1194 151 40 upphört,
1126 1193 94 32 skola
1246 1193 39 31 de
1310 1192 141 32 rörande
1476 1191 311 41 förmynderskapet

291 1250 96 32 förda
410 1250 226 39 räkenskaper
660 1252 86 27 samt
770 1249 40 31 de
835 1247 277 40 betalningsbevis
1137 1247 62 31 och
1224 1246 105 31 andra
1353 1245 206 40 handlingar,
1585 1254 70 21 som
1680 1244 107 31 finnas

292 1303 174 32 förvarade
491 1303 47 31 till
563 1302 178 41 styrkande
766 1311 41 22 av
832 1301 164 31 särskilda
1020 1304 110 36 poster
1154 1301 10 30 i
1188 1300 280 39 räkenskaperna,
1496 1308 40 21 av
1553 1297 235 41 förmyndaren

291 1356 106 32 hållas
433 1357 51 31 för
519 1356 201 40 granskning
743 1355 201 39 tillgängliga
968 1353 20 32 å
1011 1354 46 31 tid
1082 1354 62 31 och
1168 1357 60 34 ort,
1255 1362 71 22 som
1350 1353 11 30 i
1385 1351 159 32 händelse
1570 1360 40 22 av
1634 1351 76 31 tvist
1734 1350 53 31 be-

291 1413 158 29 stämmas
485 1419 41 21 av
559 1409 324 40 överförmyndaren.
921 1407 110 32 Sedan
1059 1407 89 31 tiden
1173 1407 51 31 för
1249 1405 205 32 anställande
1482 1414 40 22 av
1547 1404 88 32 talan
1661 1413 54 22 om
1739 1413 48 22 er-

293 1464 143 39 sättning
460 1466 68 28 mot
552 1462 235 40 förmyndaren
812 1460 67 41 gått
901 1461 48 31 till
974 1461 96 37 ända,
1095 1460 89 38 eller,
1203 1460 61 30 där
1280 1458 104 32 sådan
1400 1458 91 31 talan
1509 1457 158 38 anställts,
1686 1455 102 33 målet

293 1517 93 31 blivit
409 1516 152 40 slutligen
587 1516 134 39 avgjort,
748 1514 95 31 skola
871 1514 145 30 nämnda
1038 1513 227 39 räkenskaper
1285 1512 62 32 och
1368 1511 196 39 handlingar
1588 1511 126 39 utgivas
1739 1509 49 31 till

294 1571 73 37 den,
393 1580 72 21 som
491 1572 77 37 äger
591 1572 145 36 mottaga
759 1567 212 39 redovisning
994 1567 51 31 för
1069 1567 253 39 förmyndarens
1346 1564 209 40 förvaltning.

996 1673 40 31 14
1060 1670 29 43 8,

340 1748 71 31 Vad
448 1747 10 30 i
494 1746 109 32 5—13
626 1742 45 43 88
706 1745 133 40 stadgas
875 1754 53 22 om
957 1744 211 40 förmyndare
1193 1743 95 38 skall,
1314 1752 53 22 om
1392 1742 234 40 förmyndaren
1651 1743 37 29 är
1712 1740 77 38 död,

296 1804 61 37 äga
392 1800 232 32 motsvarande
659 1799 209 39 tillämpning
903 1796 20 33 å
947 1797 177 40 delägarna
1147 1797 11 30 i
1182 1797 84 30 hans
1292 1796 41 31 bo
1358 1795 88 38 eller,
1473 1795 10 30 i
1508 1795 57 31 fall
1589 1795 82 30 hans
1697 1794 93 31 kvar-

296 1854 172 40 låtenskap
493 1855 37 29 är
554 1852 137 32 avträdd
716 1852 48 31 till
790 1851 157 38 konkurs,
973 1850 399 39 konkursförvaltningen.

525 2014 39 29 10
588 2013 83 38 kap.
698 2012 67 31 Om
788 2011 125 39 tillsyn
938 2010 90 31 över
1050 2010 254 39 förmyndares
1328 2009 236 39 förvaltning.

1009 2095 71 43 18.

345 2174 265 40 Förmyndarens
646 2172 199 39 förvaltning
880 2180 40 22 av
957 2170 62 32 den
1047 2170 192 40 omyndiges
1265 2169 159 40 egendom
1450 2168 85 32 skall
1560 2168 73 32 med
1658 2167 135 39 ledning

299 2237 41 22 av
375 2227 130 40 ingiven
536 2226 205 39 förteckning
766 2228 85 28 samt
875 2223 65 32 års-
964 2224 63 31 och
1051 2223 245 39 sluträkningar
1320 2222 160 41 granskas
1506 2231 40 22 av
1570 2221 222 40 överförmyn-

300 2281 109 31 daren.
436 2280 62 31 Vid
523 2280 242 40 granskningen
791 2278 83 31 skall
900 2277 133 31 särskilt
1055 2277 112 37 tillses,
1194 2280 46 27 att
1264 2276 170 40 omyndigs
1459 2274 172 41 tillgångar
1655 2276 58 29 äro
1739 2283 54 22 an-

300 2334 114 39 bragta
447 2332 150 39 sålunda,
635 2336 46 27 att
715 2331 194 39 erforderlig
940 2331 148 40 trygghet
1111 2330 105 31 finnes
1241 2329 51 32 för
1317 2330 94 31 deras
1437 2327 139 33 bestånd
1600 2328 62 32 och
1686 2327 108 40 skälig

300 2387 195 39 avkastning
530 2385 150 39 erhålles,
718 2384 38 32 så
791 2385 61 31 ock
889 2387 46 28 att
964 2384 175 39 utgifterna
1166 2383 53 31 för
1243 2383 63 31 den
1331 2382 174 41 omyndige
1530 2382 70 31 icke
1625 2381 169 40 överstigit

298 2440 64 31 vad
398 2440 74 31 med
508 2440 128 39 hänsyn
665 2439 48 31 till
738 2439 83 30 hans
846 2436 476 41 förmögenhetsförhållanden
1347 2436 62 31 och
1433 2435 324 40 omständigheterna
1782 2435 9 30 i

300 2494 104 39 övrigt
427 2492 54 32 må
506 2502 97 22 anses
628 2492 126 40 skäligt.
