1914 2868
504 188 112 28 Första
647 186 222 35 lagutskottets
903 183 163 30 utlåtande
1099 182 48 29 Nr
1170 186 49 29 29.
1564 181 42 31 5H

261 267 142 42 (Kungl.
423 267 116 39 Maj:ts
557 264 150 41 förslag.)
1059 260 199 42 (Utskottets
1277 258 150 40 förslag.)

352 425 17 28 7
395 423 83 38 kap.
505 421 65 31 Om
595 420 90 30 vård
709 429 46 20 av
780 418 192 39 omyndigs
996 416 74 31 rätt
1093 416 12 29 i
1130 415 154 31 oskiftat
1309 415 57 29 bo.

824 512 71 41 18.

160 601 68 31 Har
252 599 155 40 omyndig
431 597 53 32 del
508 598 10 30 i
543 596 134 32 oskiftat
702 595 52 37 bo,
781 594 84 31 skall
890 592 244 40 förmyndaren,
1160 591 74 31 med
1261 589 208 40 iakttagande
1488 597 40 21 av
1544 587 63 31 vad

115 654 109 32 nedan
249 652 142 40 stadgas,
418 650 103 32 vårda
546 650 62 31 den
633 648 194 40 omyndiges
852 649 63 29 rätt
939 647 9 30 i
974 646 84 30 boet.

825 741 74 42 28.

160 830 235 41 Förmyndare,
422 838 71 22 som
519 828 51 30 för
593 826 156 40 omyndig
773 825 152 39 delägare
949 824 11 30 i
985 823 136 31 oskiftat
1144 821 128 32 dödsbo
1296 821 55 30 vid
1368 819 241 39 förvaltningen

115 894 41 22 av
181 885 63 30 den
270 883 102 32 dödes
397 881 160 40 egendom
582 879 145 40 deltager
751 879 10 30 i
786 877 248 39 rättshandling,
1060 884 77 22 vare
1162 874 115 40 pliktig
1301 877 46 28 att
1362 873 48 31 till
1427 871 182 32 rättshand-

116 938 109 39 lingen
250 937 147 30 inhämta
422 932 333 41 överförmyndarens
780 931 81 31 eller
884 932 123 28 rättens
1032 928 180 40 samtycke,
1238 926 137 32 såframt
1392 924 118 32 sådant
1526 933 83 22 sam-

115 991 96 40 tycke
247 990 52 31 för
331 988 187 40 giltigheten
554 995 40 22 av
630 985 89 40 dylik
757 983 240 39 rättshandling
1027 981 55 31 vid
1106 980 241 39 förvaltningen
1372 988 41 22 av
1438 977 171 41 omyndigs

117 1044 162 41 egendom
304 1044 37 29 är
364 1040 215 40 erforderligt.

162 1097 61 32 Det
257 1095 122 41 åligger
413 1094 62 32 ock
512 1092 234 41 förmyndaren
782 1093 55 35 att,
875 1088 42 32 då
950 1088 177 39 anledning
1151 1086 109 32 därtill
1285 1085 182 40 föreligger,
1492 1093 116 31 genom

116 1149 251 41 urarvagörelse
392 1147 122 33 bereda
539 1146 63 32 den
628 1145 175 40 omyndige
828 1143 152 32 befrielse
1005 1140 74 33 från
1103 1141 63 31 den
1192 1140 103 32 dödes
1319 1139 84 40 gäld.

826 1247 74 42 38.

161 1327 224 41 Förmyndare
409 1324 55 32 må
487 1326 28 38 ej
541 1324 52 32 för
618 1322 156 41 omyndig
798 1321 151 39 delägare
974 1321 10 30 i
1010 1319 127 32 dödsbo
1162 1318 87 31 sluta
1273 1317 86 32 avtal
1377 1327 53 21 om
1448 1324 162 23 samman-

116 1381 121 32 levnad
272 1381 10 30 i
318 1379 135 32 oskiftat
487 1378 42 31 bo
564 1380 80 28 utan
680 1374 332 41 överförmyndarens
1037 1372 179 40 samtycke.
1242 1371 34 39 Ej
1303 1369 54 32 må
1381 1369 120 32 avtalet
1524 1368 87 41 gälla

117 1436 52 31 för
193 1435 113 39 längre
330 1433 56 38 tid,
412 1434 42 29 än
479 1430 254 41 omyndigheten
757 1437 106 23 varar.

161 1488 99 32 Visar
292 1487 54 31 det
369 1486 58 40 sig,
454 1488 45 28 att
524 1484 63 32 den
612 1482 194 42 omyndiges
830 1481 95 31 bästa
949 1480 107 31 skulle
1080 1488 119 31 genom
1224 1477 137 32 avtalets
1386 1477 151 31 fortsatta
1560 1474 52 32 be-

118 1541 98 32 stånd
241 1543 185 37 äventyras,
452 1541 59 37 äge
537 1540 107 29 rätten
667 1537 87 30 häva
778 1534 130 38 avtalet,
934 1532 88 33 ändå
1046 1536 46 28 att
1116 1532 63 31 den
1204 1532 56 38 tid,
1286 1531 51 32 för
1360 1530 110 31 vilken
1493 1528 121 33 avtalet

118 1596 118 37 slutits,
262 1595 28 39 ej
316 1591 216 41 tilländagått.

161 1649 104 31 Innan
290 1647 108 32 beslut
421 1646 98 31 fattas
544 1645 9 31 i
579 1643 103 41 fråga,
709 1653 72 21 som
806 1651 95 22 avses
926 1642 11 30 i
961 1641 105 31 andra
1089 1639 137 41 stycket,
1252 1638 84 31 skall
1360 1614 106 55 rätten
1491 1635 122 33 bereda

118 1703 115 39 övriga
257 1701 153 39 delägare
434 1700 11 30 i
470 1699 77 31 boet
570 1697 128 32 tillfälle
723 1699 46 29 att
793 1699 85 37 yttra
902 1695 49 39 sig
975 1695 9 30 i
1009 1693 146 32 ärendet.

825 1794 21 30 4
870 1790 30 43 8.

163 1871 111 32 Slutes
299 1871 28 38 ej
354 1869 51 32 för
429 1867 155 41 omyndig
609 1866 152 40 delägare
786 1866 10 30 i
821 1864 128 32 dödsbo
974 1863 86 32 avtal
1085 1872 54 22 om
1165 1860 271 33 sammanlevnad
1453 1860 11 30 i
1480 1858 135 33 oskiftat

119 1926 53 38 bo,
207 1924 86 32 skall
317 1921 234 42 förmyndaren
576 1920 96 38 tillse,
698 1922 47 29 att
768 1918 180 39 bodelning
972 1917 63 32 och
1059 1916 108 38 skifte,
1193 1914 38 32 så
1254 1917 92 29 snart
1368 1914 59 31 ske
1452 1913 75 38 kan,
1552 1912 62 31 för-

120 1981 112 29 rättas.
271 1977 134 32 Samma
440 1976 53 39 lag
528 1983 88 29 vare,
653 1983 53 22 om
733 1972 104 41 dylikt
860 1971 87 32 avtal
972 1970 144 41 upphört
1140 1973 47 27 att
1210 1968 86 41 gälla
1319 1967 81 32 eller
1423 1967 62 31 ock
1509 1965 105 32 sådan

120 2032 159 31 händelse
310 2030 154 37 inträffat,
491 2031 46 29 att
560 2027 131 38 avtalet,
719 2026 100 40 enligt
842 2025 63 31 vad
930 2025 9 31 i
967 2025 37 30 11
1032 2024 74 39 kap.
1132 2023 20 31 2
1176 2019 22 43 &
1222 2021 223 32 ärvdabalken
1471 2019 142 40 stadgas,

120 2086 73 31 icke
218 2087 95 38 utgör
338 2083 117 32 hinder
479 2082 51 31 för
553 2081 107 31 skifte.

828 2167 20 32 5
871 2164 31 43 8.

167 2253 233 42 Förmyndare,
426 2262 72 22 som
523 2252 51 31 för
598 2250 156 41 omyndig
778 2248 152 40 delägare
954 2248 10 30 i
990 2246 127 32 dödsbo
1143 2245 144 40 deltager
1311 2245 10 30 i
1343 2243 177 40 bodelning
1535 2242 81 32 eller

121 2309 108 38 skifte,
266 2317 78 22 vare
380 2306 115 41 pliktig
530 2308 46 28 att
599 2304 148 31 inhämta
771 2301 333 41 överförmyndarens
1129 2299 169 40 samtycke
1322 2298 48 31 till
1394 2297 221 40 egendomens

122 2362 195 39 fördelning,
343 2359 97 33 såvitt
465 2359 108 32 denna
597 2359 28 39 ej
652 2357 77 32 sker
752 2365 118 32 genom
894 2355 147 39 lottning.

167 2415 107 38 Avtal,
311 2414 190 40 varigenom
537 2412 152 40 delägare
725 2411 11 30 i
772 2410 77 31 boet
871 2412 69 28 mot
963 2407 163 40 vederlag,
1152 2416 72 22 som
1249 2406 88 40 gives
1362 2405 81 32 eller
1466 2404 148 37 utfästes,

123 2471 172 37 övertager
330 2468 64 31 den
429 2466 192 41 omyndiges
657 2465 60 31 lott
753 2464 10 30 i
796 2463 85 38 boet,
907 2464 59 38 äge
991 2461 235 40 förmyndaren
1251 2460 27 39 ej
1304 2459 96 31 träffa
1424 2461 78 28 utan
1526 2459 90 30 över-

124 2522 253 41 förmyndarens
401 2519 178 41 samtycke.
