1918 2866
508 173 114 28 Första
653 172 223 34 lagutskottets
909 172 163 29 utlåtande
1105 172 49 29 Nr
1177 176 49 29 29,
1573 176 40 29 77

269 250 141 41 (Kungl.
430 251 115 38 Maj:ts
564 248 151 40 förslag.)
1068 250 199 39 (Utskottets
1286 250 150 40 förslag.)

114 318 105 31 andra
254 317 126 40 stycket
415 318 84 37 sägs,
536 316 28 39 ej
599 316 92 38 givas
726 315 202 31 beträffande
954 315 73 38 den,
1053 325 71 21 som
1150 325 95 22 avses
1270 316 74 31 med
1370 317 238 37 ansökningen,

115 372 138 30 säframt
278 371 53 30 det
354 370 114 37 finnes,
494 372 46 28 att
564 369 203 31 inställelsen
793 368 105 31 skulle
924 369 52 30 för
999 369 122 31 honom
1144 369 113 31 kunna
1274 370 148 31 medföra
1439 380 74 21 men
1531 370 81 31 eller

120 425 81 30 fara.

821 474 42 31 23
886 471 30 42 8.

162 538 9 30 I
210 537 65 32 mål
310 538 79 30 eller
422 537 131 37 ärende,
581 536 71 30 däri
677 536 315 39 överförmyndaren
1018 536 64 31 fört
1105 536 100 38 talan,
1232 539 58 37 äge
1315 539 116 36 rätten,
1457 540 60 28 när
1542 538 72 30 skäl

118 591 109 31 därtill
261 593 67 35 äro,
366 591 9 30 i
410 590 53 31 det
487 590 132 38 slutliga
643 589 140 39 utslaget
806 589 199 31 tillerkänna
1029 589 315 40 överförmyndaren
1369 591 180 39 ersättning
1574 600 42 21 av

120 645 169 30 allmänna
324 643 106 32 medel
459 643 51 31 för
535 643 53 30 det
613 642 111 31 arbete
748 642 65 31 han
839 642 132 39 nedlagt
995 641 19 32 å
1039 641 116 32 målets
1181 643 173 31 utförande
1380 645 156 30 ävensom
1563 644 52 31 för

120 698 121 38 nödiga
274 697 139 39 utgifter.
451 696 118 31 Rätten
597 697 100 38 pröve
723 696 61 30 ock
809 696 10 30 i
844 695 149 40 utslaget,
1018 695 165 31 huruvida
1207 697 222 39 ersättningen
1454 697 84 31 skall
1567 697 48 31 till

121 751 197 31 statsverket
343 750 184 39 återgiäldas
553 759 40 21 av
618 749 333 40 överförmyndarens
978 752 151 37 motpart.

165 804 126 31 Varder
326 803 108 40 någon
471 803 42 40 på
539 803 145 39 begäran
712 811 40 22 av
777 802 316 41 överförmyndaren
1118 803 80 31 eller
1222 803 100 39 enligt
1345 806 123 29 rättens
1495 804 125 31 förord-

123 857 107 31 nande
255 857 145 31 inkallad
419 855 109 32 såsom
553 856 101 31 vittne
672 856 80 31 eller
770 856 51 31 för
838 859 46 27 att
900 856 269 39 upplysningsvis
1186 856 110 38 höras,
1315 857 83 30 skall
1418 856 203 32 beträffande

120 911 180 38 ersättning
336 919 39 22 av
412 909 167 31 allmänna
605 909 107 31 medel
737 909 51 31 för
813 909 203 31 inställelsen
1041 909 63 31 och
1129 908 104 32 sådan
1258 910 197 39 ersättnings
1482 909 136 40 återgäl-

122 964 108 30 dande
255 964 10 30 i
288 963 194 39 tillämpliga
507 962 92 31 delar
622 962 87 39 gälla
732 962 64 30 vad
824 962 11 30 i
859 962 164 31 avseende
1049 961 19 31 å
1097 961 153 32 brottmål
1276 965 37 28 är
1336 963 137 39 stadgat.

168 1010 321 47 Överförmyndaren
514 1018 58 37 äge
597 1016 11 30 i
625 1014 66 32 mål
709 1015 79 31 eller
806 1015 131 38 ärende,
957 1015 71 31 däri
1045 1015 66 31 han
1128 1015 51 31 för
1192 1016 99 38 talan,
1307 1016 101 31 anlita
1422 1016 196 40 fullmäktig.

824 1113 42 31 24
889 1109 31 43 8.

168 1178 68 30 Har
259 1179 104 29 rätten
388 1176 80 32 eller
494 1177 158 31 domaren
677 1174 43 42 på
748 1175 244 40 framställning
1016 1185 40 21 av
1081 1176 293 40 överförmyndare
1400 1176 79 32 eller
1504 1177 118 31 barna-

122 1231 224 31 vårdsnämnd
380 1231 10 30 i
426 1231 121 31 ärende
585 1228 170 41 angående
784 1229 276 40 förmynderskap
1085 1229 81 32 eller
1189 1230 238 40 godmanskap,
1453 1230 81 32 eller
1559 1231 63 31 ock

123 1285 10 30 i
169 1284 178 40 anledning
381 1294 41 21 av
457 1284 159 37 ansökan,
646 1292 115 22 varom
786 1283 10 30 i
821 1283 20 31 5
865 1279 21 43 8
911 1285 85 37 sägs,
1022 1283 166 31 meddelat
1212 1283 116 38 beslut,
1354 1293 76 22 som
1455 1286 37 29 är
1517 1287 107 28 avsett

124 1341 46 27 att
204 1337 164 31 tillställas
404 1337 220 40 förmyndare,
662 1336 63 40 god
761 1346 77 21 man
871 1336 80 31 eller
975 1345 121 29 annan,
1122 1345 78 22 vare
1224 1339 106 29 rätten
1355 1337 80 31 eller
1460 1338 161 31 domaren

125 1391 115 40 pliktig
264 1394 45 27 att
334 1390 83 40 själv
442 1390 101 40 draga
567 1390 129 39 försorg
721 1389 124 38 därom,
872 1392 46 28 att
942 1389 229 40 delgivningen
1195 1390 120 31 varder
1338 1390 190 31 verkställd.

824 1486 41 32 25
889 1483 31 43 8.

168 1551 64 31 Vill
257 1550 106 40 någon
389 1551 72 31 föra
484 1550 89 31 talan
599 1553 68 28 mot
686 1550 334 39 överförmyndarens
1044 1549 118 38 beslut,
1188 1552 77 38 göre
1291 1550 54 32 det
1361 1550 182 40 skriftligen
1561 1552 60 30 hos

124 1607 116 29 rätten.
278 1604 209 40 Klagandens
523 1603 110 40 inlaga
669 1603 83 31 skall
789 1603 125 40 ingivas
951 1603 10 30 i
986 1603 83 38 stad,
1100 1603 59 31 där
1182 1602 227 33 rådstuvurätt
1432 1604 115 38 finnes,
1572 1605 50 30 till

125 1660 107 29 rätten
257 1658 62 31 och
342 1658 95 39 eljest
460 1657 47 31 till
533 1657 159 31 domaren
716 1657 89 31 inom
830 1657 91 39 tjugu
951 1656 101 40 dagar
1075 1655 74 32 från
1175 1657 54 31 det
1245 1657 184 40 klaganden
1446 1654 105 35 erhöll
1570 1658 52 31 del

127 1721 41 21 av
205 1711 141 32 beslutet
380 1710 80 32 eller
495 1711 61 31 ock
594 1709 43 41 på
673 1710 203 39 klagandens
904 1713 73 37 eget
1000 1712 138 38 äventyr
1161 1710 75 31 med
1261 1714 115 38 posten
1402 1711 158 31 insändas
1586 1710 38 33 så

125 1765 103 39 tidigt,
265 1768 46 28 att
345 1765 132 39 inlagan
513 1762 54 33 må
591 1773 81 21 vara
695 1766 106 29 rätten
826 1763 80 32 eller
931 1764 158 31 domaren
1114 1763 161 31 tillhanda
1299 1764 70 32 före
1394 1763 163 41 utgången
1582 1774 41 22 av

127 1818 64 31 den
215 1818 56 38 tid,
297 1827 71 22 som
393 1827 79 30 nyss
497 1817 155 40 stadgats.

827 1879 41 31 26
892 1876 30 43 8.

193 1943 104 32 Talan
321 1946 69 29 mot
412 1945 124 29 rättens
561 1943 80 32 eller
666 1943 176 31 domarens
867 1942 109 32 beslut
999 1942 88 32 föres
1105 1952 117 30 genom
1240 1942 127 32 besvär.
1402 1943 125 41 Klagan
1545 1945 80 30 över

128 1998 176 31 domarens
317 1997 109 31 beslut
438 1996 87 32 föres
543 1997 10 30 i
569 1997 183 37 hovrätten,
771 1996 62 32 och
849 1996 102 31 varde
968 1996 89 31 tiden
1074 1996 52 31 för
1143 1996 135 32 besvärs
1296 1997 181 32 anförande
1495 1997 129 31 räknad

128 2050 74 32 från
227 2051 55 31 det
305 2050 185 40 klaganden
514 2050 105 32 erhöll
645 2050 51 32 del
722 2059 40 22 av
786 2049 150 32 beslutet.

173 2104 12 31 I
212 2104 155 38 ärenden,
393 2113 71 22 som
489 2104 83 31 först
596 2103 173 40 handlagts
795 2113 40 21 av
860 2103 326 40 överförmyndaren,
1212 2102 38 33 så
1266 2104 61 31 ock
1346 2104 9 31 i
1372 2103 118 41 frågor,
1509 2113 115 23 varom

128 2159 9 30 i
174 2158 21 31 8
232 2156 19 39 8
275 2157 104 31 första
403 2157 127 40 stycket
553 2160 86 28 samt
665 2157 40 31 14
733 2157 62 31 och
827 2156 39 32 15
890 2153 44 43 $$
958 2156 167 39 förmäles,
1151 2156 54 32 må
1229 2157 89 31 talan
1343 2161 68 28 mot
1433 2158 191 31 hovrättens

129 2211 109 32 beslut
262 2211 27 39 ej
315 2211 99 32 föras.

831 2272 40 31 27
897 2269 30 43 8.

175 2337 121 37 Beslut,
324 2346 69 22 som
421 2345 39 22 av
485 2336 325 40 överförmyndaren,
836 2337 106 30 rätten
967 2335 80 32 eller
1072 2336 158 31 domaren
1254 2336 169 32 meddelas
1448 2337 10 30 i
1479 2335 66 32 mål
1563 2337 62 31 och

130 2390 147 32 ärenden
301 2390 100 40 enligt
424 2389 108 32 denna
557 2389 61 40 lag,
644 2389 95 32 skola
763 2389 100 31 lända
886 2389 48 31 till
952 2389 217 32 efterrättelse
1186 2393 79 27 utan
1281 2390 118 31 hinder
1416 2399 39 22 av
1473 2393 46 28 att
1535 2390 90 31 talan

131 2444 152 31 däremot
305 2443 99 38 föres,
430 2447 89 28 utom
544 2443 52 31 för
620 2442 38 32 så
681 2444 60 30 vitt
764 2442 103 41 angår
894 2445 124 29 rättens
1043 2443 117 35 beslut,
1178 2443 190 40 varigenom
1386 2444 240 40 omyndighets-

133 2497 181 40 förklaring
337 2497 80 31 eller
440 2497 87 31 avtal
552 2506 53 22 om
631 2496 271 32 sammanlevnad
927 2497 11 30 i
962 2496 135 32 oskiftat
1121 2496 42 32 bo
1188 2497 100 31 häves
1306 2497 80 32 eller
1400 2497 226 32 förordnande
