2198 2632
420 205 39 31 26
804 207 361 44 PBevillningsutskoltels
1190 211 204 34 Betänkande
1417 213 63 32 N:o
1502 215 49 30 30.

377 283 119 37 innan
525 285 44 36 de
598 285 92 49 ingå
719 286 58 36 till
804 287 241 50 förtullning,
1074 290 120 36 hållas
1222 292 193 48 upplagda
1443 295 48 46 på
1511 297 52 32 ett
1582 293 160 49 frilager
1758 294 209 47 härstädes,

375 335 100 37 lärer
515 337 194 49 svårligen
752 338 124 37 kunna
918 341 175 36 utfinnas.
1150 342 73 36 Det
1265 356 112 36 synes
1405 344 61 36 för
1494 344 116 49 öfrigt
1638 345 83 36 icke
1749 345 120 37 heller
1897 346 71 36 lätt

375 392 56 31 att
472 388 81 37 inse
591 389 156 37 hvilken
775 390 118 37 fördel
923 392 121 37 skulle
1073 394 136 36 vinnas
1239 395 41 35 af
1303 400 54 31 att
1385 396 160 36 bekosta
1572 397 159 36 införsel
1760 398 40 35 af
1826 398 140 36 sådana

374 453 123 34 varor,
537 440 114 37 innan
682 441 103 37 detta
813 443 97 36 visat
939 444 61 49 sig
1026 445 198 48 behöfligt,
1254 447 69 36 och
1350 447 11 35 i
1390 448 181 36 afvaktan
1600 449 116 49 derpå
1744 449 98 36 hålla
1867 450 97 42 dem,

374 496 79 31 mot
494 492 188 48 gäldande
729 494 39 35 af
808 496 288 49 magasinshyra
1138 497 92 37 eller
1272 499 114 36 andra
1416 500 278 47 omkostnader,
1724 501 192 49 upplagda
1946 504 20 33 å

373 542 167 50 frilager.
597 544 149 37 Genom
788 547 298 50 ompackningar
1114 549 12 35 i
1162 550 118 36 andra
1309 551 212 48 emballage
1550 552 134 40 skulle,
1716 552 120 49 enligt
1864 553 100 36 hvad

372 594 170 38 komitén
582 596 118 36 redan
742 598 144 48 antydt,
926 602 128 46 någon
1081 601 71 35 tull
1181 601 83 37 icke
1291 602 129 37 kunna
1449 603 232 49 inbesparas.
1741 603 225 50 Säkerligen

372 646 123 37 skulle
523 647 233 38 hitförandet
785 650 39 36 af
848 650 127 49 dylika
1003 666 121 34 varor,
1154 653 130 36 hvilka
1312 654 60 36 väl
1402 655 135 36 endast
1563 656 92 48 ingå
1673 658 123 34 såsom
1812 657 152 48 stycke-

370 699 98 47 gods
497 704 20 31 å
545 699 44 37 de
617 701 186 48 reguliert
829 703 227 37 trafikerade
1085 705 320 48 ångbåtslederna
1435 706 90 37 eller
1554 710 19 33 å
1598 708 169 48 jernväg
1781 708 71 36 och
1867 711 95 46 ång-

371 750 109 49 färja,
525 752 83 36 med
636 752 88 36 fullt
751 758 41 31 ut
819 754 75 36 lika
925 760 78 31 stor
1031 756 121 37 fördel
1182 757 77 47 ske,
1290 757 64 36 allt
1383 758 99 36 efter
1510 771 78 24 som
1619 760 46 35 de
1693 759 184 37 behöfdes
1905 761 59 35 för

372 802 213 50 afsättning
612 803 104 37 inom
745 805 136 37 landet.

500 855 149 49 Frågan
697 869 61 23 om
799 857 178 49 frilagers
1018 860 201 48 nyttjande
1261 861 58 36 för
1359 861 203 37 utländska
1605 863 359 36 manufakturvaror

370 906 68 36 har
467 906 96 36 dock
590 906 115 38 äfven
734 921 45 23 en
807 922 126 23 annan
962 910 90 36 sida.
1108 911 83 37 Den
1220 912 106 36 faran
1354 913 98 48 låge,
1482 913 68 36 har
1570 927 88 23 man
1678 914 168 48 invändt,
1868 920 93 31 nära

369 957 59 36 till
456 958 132 47 hands,
618 964 55 31 att
702 962 21 33 å
750 960 181 49 frilagren
960 962 120 37 skulle
1109 963 120 37 hållas
1258 964 192 49 proflager
1479 965 41 36 af
1544 965 129 49 dylika
1694 979 120 35 varor,
1831 967 130 36 hvilka

370 1009 65 36 der
477 1010 125 36 kunde
630 1010 12 36 i
673 1011 113 50 detalj
827 1012 172 49 afyttras.
1057 1014 134 38 Denna
1220 1016 81 36 fara
1328 1016 76 36 kan
1434 1016 97 37 dock
1559 1031 141 35 genom
1729 1018 230 49 lagbestäm-

369 1061 139 37 melser
536 1062 244 49 förebyggas.
836 1064 180 38 Komitén
1044 1079 110 24 anser
1183 1067 63 37 det
1273 1068 195 49 nemligen
1496 1069 102 47 böra,
1629 1069 12 36 i
1666 1070 293 37 öfverensstäm-

368 1113 118 36 melse
516 1114 83 36 med
627 1114 102 37 hvad
756 1115 12 36 i
796 1115 99 37 vissa
924 1117 234 38 främmande
1187 1119 274 49 författningar
1490 1121 111 47 skett,
1632 1121 195 50 förbjudas
1856 1128 56 31 att
1940 1126 20 33 å

367 1164 156 50 frilager
550 1165 87 36 idka
666 1166 346 52 detaljförsäljning
1039 1170 41 36 af
1105 1170 93 37 eller
1227 1174 39 33 så
1295 1171 125 36 kallad
1449 1172 263 37 minuthandel
1741 1174 83 36 med
1849 1188 111 23 varor

368 1217 84 35 från
494 1217 74 36 bod
609 1217 91 37 eller
743 1224 114 31 annat
894 1221 288 49 upplagsställe,
1213 1223 66 36 der
1308 1236 164 24 varorna
1496 1224 121 37 finnas
1647 1226 192 48 upplagda
1867 1226 92 37 eller

367 1269 85 48 prof
493 1269 88 36 derå
614 1269 195 38 förevisas.
864 1271 76 37 För
968 1273 114 48 öfrigt
1111 1274 69 37 bör
1209 1275 73 36 den
1311 1276 254 48 anmärkning
1592 1276 70 37 här
1693 1277 265 43 förutskickas,

368 1325 56 31 att
453 1320 120 49 enligt
601 1321 190 37 komiténs
818 1322 144 51 förslag
991 1325 12 35 i
1031 1330 128 32 ämnet
1187 1326 101 37 lokal
1316 1327 102 36 inom
1447 1328 159 48 frilager
1634 1329 34 47 ej
1700 1332 60 33 må
1783 1330 176 48 upplåtas

367 1372 57 35 till
459 1385 124 23 annan
610 1377 49 32 än
687 1374 86 47 den,
803 1387 78 23 som
906 1376 126 36 blifvit
1056 1380 124 33 såsom
1209 1378 335 49 frilagershafvare
1573 1380 191 48 godkänd.
1820 1381 16 36 TI
1865 1382 94 36 strid

367 1428 79 31 mot
487 1424 177 48 gällande
701 1426 185 36 traktater
916 1428 86 36 med
1030 1429 236 38 främmande
1295 1436 150 43 magter
1473 1431 75 36 kan
1577 1432 62 36 väl
1667 1432 82 37 icke
1778 1433 180 36 utländsk

366 1475 215 48 undersåte,
625 1490 81 23 som
748 1478 150 36 undfått
940 1484 77 32 rätt
1057 1486 54 30 att
1153 1482 69 36 här
1263 1482 12 35 i
1302 1482 99 36 riket
1429 1483 89 36 idka
1546 1483 139 37 handel
1715 1484 89 37 eller
1833 1498 124 23 annan

366 1527 148 49 näring,
558 1528 207 49 förbjudas,
807 1533 46 46 på
901 1531 72 36 den
1001 1532 124 48 grund
1154 1538 55 31 att
1237 1534 75 35 han
1340 1539 41 30 är
1409 1534 215 49 utländing,
1656 1540 56 31 att
1740 1537 123 48 nyttja
1890 1537 67 36 fri-

365 1579 118 49 lager.
540 1580 87 36 Men
655 1580 64 36 vid
748 1582 72 36 den
847 1583 183 49 pröfning
1058 1584 40 36 af
1113 1598 209 35 personens
1342 1585 237 50 lämplighet,
1601 1600 82 23 som
1700 1587 121 49 enligt
1835 1588 121 37 komi-

365 1632 85 35 téns
492 1632 144 48 förslag
677 1633 121 37 skulle
840 1635 40 35 af
909 1635 226 49 myndighet
1163 1637 203 49 företagas,
1396 1638 71 36 bör
1493 1643 110 44 tagas
1632 1639 12 36 i
1674 1639 282 50 öfvervägande

361 1683 157 48 Jemväl,
547 1684 187 37 huruvida
762 1691 77 30 mot
866 1687 74 36 den
969 1688 150 47 rörelse,
1150 1702 82 23 som
1261 1690 121 36 denne
1412 1690 66 36 vill
1507 1693 20 33 å
1555 1691 177 49 frilagret
1758 1692 100 47 idka,
1880 1693 75 35 kan

365 1747 91 24 vara
498 1738 117 46 något
650 1741 57 31 att
736 1738 189 36 anmärka.
984 1738 78 38 Och
1090 1740 123 37 finnes
1243 1741 266 48 frilagersrätt,
1540 1755 79 23 som
1649 1743 116 36 redan
1793 1744 161 49 medgif-

364 1786 86 46 vits,
494 1787 144 36 brukad
680 1788 58 36 till
779 1790 132 36 sådant
939 1791 191 49 proflager
1159 1793 85 36 med
1273 1793 360 50 detaljförsäljning,
1663 1798 70 44 går
1760 1795 194 49 frilagers-

363 1838 186 37 hafvaren
590 1839 57 36 sin
683 1844 76 32 rätt
782 1841 187 49 förlustig.
1024 1843 291 50 Invändningen
1344 1845 217 37 föranleder
1590 1846 109 36 alltså
1727 1847 81 36 icke
1834 1848 120 36 heller

364 1890 12 35 i
404 1890 125 36 denna
571 1890 60 37 del
672 1891 59 36 till
764 1893 243 38 förkastande
1037 1895 39 36 af
1100 1895 452 51 frilagersinrättningen,
1584 1911 87 23 men
1700 1898 56 36 till
1785 1899 168 49 lagstift-

364 1942 296 49 ningsåtgärder
690 1944 195 48 angående
914 1945 229 38 densamma.

492 1994 88 36 Man
620 1994 68 37 har
729 1996 128 37 vidare
899 2002 79 31 mot
1018 1998 184 50 frilagren
1245 2001 185 47 anmärkt,
1461 2006 55 31 att
1544 2002 109 36 dessa
1684 2002 120 36 skulle
1834 2002 119 37 blifva

363 2045 101 36 hvad
506 2059 83 23 man
632 2046 120 37 kallat
792 2049 222 37 »utländska
1055 2051 280 37 småkolonier».
1392 2053 69 48 Ty,
1505 2053 68 36 har
1614 2066 89 23 man
1732 2059 95 43 sagt,
1857 2055 96 36 intet

363 2096 184 38 hindrade
589 2103 55 31 att
687 2100 171 36 använda
893 2101 200 38 utländske
1123 2103 174 37 arbetare
1325 2104 102 36 inom
1456 2105 195 48 frilagren.
1709 2106 136 48 Någon
1874 2111 77 31 sär-

363 2148 99 36 skild
505 2149 206 49 anledning
746 2150 57 36 till
831 2152 62 36 det
923 2155 245 47 antagandet,
1199 2160 57 31 att
1282 2156 247 49 utländingar
1557 2156 121 37 skulle
1709 2158 134 36 anlitas
1872 2172 81 23 mer

362 2200 64 36 vid
455 2200 157 37 arbeten
639 2202 104 36 inom
771 2203 155 49 frilager
954 2210 49 31 än
1031 2206 61 36 vid
1121 2207 237 36 industriella
1387 2208 284 49 anläggningar
1686 2210 91 35 eller
1796 2210 156 36 arbeten

362 2255 20 33 å
411 2252 117 37 andra
561 2258 101 31 orter
696 2254 101 36 inom
831 2256 109 47 riket,
971 2271 112 34 synes
1112 2258 97 37 dock
1237 2258 81 37 icke
1347 2260 216 48 förefinnas,
1589 2261 154 36 hvarför
1775 2262 175 35 anmärk-

361 2303 146 50 ningen
549 2304 82 37 icke
673 2305 100 38 lärer
810 2307 125 37 kunna
963 2308 248 39 tillerkännas
1240 2313 115 46 något
1383 2312 279 49 berättigande.
1719 2313 73 36 För
1819 2313 131 49 hvarje
