2204 2632
420 199 38 31 76
835 205 367 44 Bevillningsutskottelts
1226 210 207 34 Betänkande
1456 212 62 33 N:o
1540 214 51 31 30.

275 384 3 24 I

275 416 3 16 |
292 413 135 30 Metaller
452 415 55 29 och
531 415 25 37 ej
581 417 205 36 specificerade
809 420 120 29 arbeten
954 421 95 30 deraf:

333 475 37 29 Å.
416 475 83 35 Bly:

418 519 150 30 arbetadt:
594 521 91 29 andra
708 523 135 29 arbeten:
868 524 139 37 förgylda
1030 525 70 29 eller
1123 526 167 31 försilfrade
1717 532 142 45 kilogram

333 577 30 31 C.
410 579 77 30 Jern
511 581 54 28 och
589 579 79 31 Stål:

418 623 101 36 andra,
544 624 25 36 ej
594 621 203 57 specificerade
821 627 54 28 och
900 628 47 28 till
969 629 281 37 Jernvägsmateriel
1274 633 70 28 eller
1366 633 161 37 Maskiner,
1551 616 147 60 Redskap!

463 668 54 28 och
540 668 141 37 Verktyg
705 668 26 36 ej
756 668 167 40 hänförliga
946 672 85 29 Jern-
1055 674 53 28 och
1131 673 170 32 Stålvaror:
1695 692 3 48 |

275 704 3 64 |
507 711 136 37 förgylda
666 713 73 28 eller
762 712 167 32 försilfrade
956 740 4 2 .
1054 740 2 4 .
1316 744 142 4 FURNENERe
1696 756 2 16 |
1719 714 140 62 kilogram

333 770 40 29 D.
421 770 129 37 Koppar
583 773 53 28 och
670 773 86 28 deraf
787 774 63 28 med
879 776 80 35 zink,
988 778 67 27 tenn
1083 778 71 29 eller
1177 787 95 21 annan
1295 780 81 28 oädel
1398 782 100 28 metall
1517 752 181 71 framstälda

275 832 4 44 |
417 815 178 37 legeringar,
620 815 92 30 såsom
737 818 133 36 messing,
895 820 98 34 brons,
1018 821 150 36 nysilfver,
1194 823 244 29 britanniametall
1461 833 35 22 m,
1522 826 43 28 fl.:
1694 824 3 12 |

463 859 134 29 arbetad:
623 860 91 28 andra
739 861 134 29 arbeten:
899 863 139 36 förgylda
1060 865 71 28 eller
1153 866 168 30 försilfrade
1335 865 23 39 1)
1446 894 122 2 oc.
1662 896 24 2 ...
1715 872 142 37 kilogram
1878 865 2 17 |

274 888 4 96 |
333 918 40 29 H.
424 919 97 29 Tenn:
1877 960 3 16 ;

420 963 151 29 arbetadt:
597 964 91 29 andra
712 965 131 29 arbeten:
868 966 139 37 förgylda
1030 968 71 29 eller
1123 969 169 30 försilfrade
1306 968 23 41 2)
1392 996 176 4 .....v...
1662 998 2 4 .
1715 977 142 36 kilogram

275 1032 2 24 |
334 1022 29 30 FR
410 1022 98 31 Zink:

419 1067 138 29 arbetad:
582 1067 90 29 andra
695 1069 137 29 arbeten:
856 1070 141 36 förgylda
1019 1072 69 28 eller
1110 1072 169 30 försilfrade
1316 1098 12 4 ...
1358 1098 2 4 ..
1662 1102 2 4 +
1696 1081 161 36 kilogram
1877 1112 2 8 |

292 1127 107 35 Papp-,
425 1126 149 37 Pappers-
597 1128 53 28 och
675 1127 355 41 Pappersmassearbeten,
1055 1133 25 36 ej
1105 1134 216 35 specificerade:

374 1171 167 36 lackerade,
566 1172 185 36 bronserade,
775 1173 138 37 förgylda
936 1175 73 29 eller
1031 1176 166 30 försilfrade
1209 1176 25 39 3)
1262 1202 196 4 =msmmmmmmmmn
1488 1204 66 4 vn
1662 1206 2 4 ...|
1714 1185 143 37 kilogram
1876 1208 2 8 |

275 1216 3 18 |
292 1230 136 37 Plymer:
441 1229 26 40 ")
1693 1236 2 11 |

376 1275 158 29 Oarbetade
564 1300 396 6 esmssssrsrerrsrrrerereserrsrsrrer
956 1271 27 45 ers
990 1304 2 2 r
1022 1304 2 2 sar
1054 1304 34 4 sars
1118 1304 34 4 Asea
1184 1306 80 4 sansa
1713 1283 144 48 kilogram

377 1319 139 29 Arbetade.
557 1344 41 2 ss
614 1344 202 6 esrrrsrrrreserssror
836 1346 12 4 ser
868 1346 12 4 snr
887 1315 18 46 ss
934 1346 14 4 snar
966 1348 4 2 na
1680 1354 2 2 -|
1712 1334 145 37 kilogram

292 1374 157 46 Portföljer
464 1389 10 18 :
1875 1396 3 4 I

376 1423 33 28 af
428 1423 61 28 hel-
514 1424 71 28 eller
607 1424 145 30 halfsiden
782 1450 98 4 ..........
1713 1434 143 46 kilogram

275 1472 3 19 I
376 1467 92 28 andra
491 1467 171 37 slag........
1680 1504 2 2 -|
1713 1482 143 36 kilogram

293 1526 116 30 Sazxar:

376 1571 92 28 andra
492 1571 77 37 slag:

420 1615 150 36 polerade:
587 1613 23 43 5)

464 1658 33 29 af
517 1667 61 21 mer
600 1662 35 26 än
660 1660 39 28 15
725 1668 52 21 cm.
802 1661 87 36 längd
944 1686 46 4 ........
1150 1688 100 4 ässFrän
1376 1690 2 4 ;
1466 1694 162 2 ARE
1713 1667 143 46 kilogram

276 1712 3 48 |
464 1702 33 28 af
520 1702 38 29 15
583 1711 51 21 cm.
658 1704 90 36 längd
772 1704 52 28 och
847 1704 147 30 derunder
1454 1736 68 2 åbkvrg
1616 1738 2 2 i
1713 1710 144 46 kilogram

276 1772 49 80 I
294 1761 164 37 Solfjädrar
470 1757 32 48 ...
1670 1798 4 4 :
1693 1760 3 64 |
1714 1772 142 46 kilogram

297 1822 62 30 Ur:

276 1856 3 56 |
386 1869 90 34 vägg-
501 1868 52 28 och
577 1868 143 29 studsare-
742 1870 11 27 i
775 1869 90 37 foder,
889 1870 148 29 äfvensom
1060 1872 127 37 urfoder,
1212 1871 112 40 lösa:9)
1876 1916 2 4 |

426 1911 33 28 af
480 1911 106 36 metall,
610 1912 147 29 alabaster
779 1914 69 28 eller
870 1914 109 36 porslin
1002 1938 130 6 .............
1715 1920 141 45 kilogram

276 1920 3 64 |
379 1955 62 28 lösa
472 1955 71 29 eller
571 1934 160 51 oinfattade
759 1958 73 28 verk
860 1958 46 28 till
934 1960 92 35 vägg-
1049 1959 70 29 eller
1141 1940 172 50 studsareur
1292 1942 110 92 rä
1384 1944 148 48 äfvensom
1557 1965 79 28 delar
1626 1946 70 90 af

276 2016 3 19 |
419 2007 45 27 ur,
489 1999 26 36 ej
540 1999 202 37 specificerade
958 2026 66 4 SES
1044 2026 2 4 SE
1086 2028 46 4 TE
1216 2028 14 4 a
1376 2030 2 4 ;
1714 2011 142 37 kilogram

377 2092 20 31 1)
415 2093 65 24 Före
499 2094 28 23 år
547 2094 64 25 1893
630 2095 42 23 äro
691 2095 73 24 dessa
781 2096 118 31 varuslag
917 2097 185 25 sammanförda
1121 2099 58 23 med
1199 2099 79 24 andra
1296 2100 103 25 arbeten
1417 2102 28 23 af
1461 2098 106 41 koppar.

376 2134 22 34 ?)
417 2136 65 24 Före
502 2137 28 23 år
550 2138 65 24 1893
633 2139 42 23 äro
694 2139 72 24 dessa
784 2139 118 32 varuslag
920 2141 186 24 sammanförda
1124 2142 58 24 med
1201 2142 80 24 andra
1300 2143 103 26 arbeten
1422 2146 29 23 af
1466 2148 68 23 tenn.

377 2178 20 33 ?)
416 2180 66 24 Före
500 2180 49 24 den
568 2181 30 24 21
616 2181 57 31 juni
694 2183 67 24 1892
779 2183 133 24 hänfördes
932 2184 39 24 hit
989 2184 51 24 alla
1057 2186 302 31 pappersmassearbeten.

377 2222 21 32 4)
417 2223 66 24 Före
502 2223 48 24 den
570 2225 29 23 21
616 2224 60 31 juni
698 2226 66 25 1892
783 2225 95 25 skildes
897 2227 22 31 ej
940 2227 35 31 på
993 2227 133 26 oarbetade
1144 2229 46 25 och
1210 2229 119 25 arbetade
1348 2231 108 31 plymer.

1941 724 91 36 2,051

1915 1671 6 37 |

1910 1693 150 56 11058)

1940 1776 90 39 1,237

1875 1948 3 28 |
1916 1925 116 37 25,902

1938 2014 93 36 2,653
