2206 2626
362 184 21 29 4
630 185 109 28 Första
760 186 185 27 kammarens
965 186 119 36 första
1106 185 147 37 tillfälliga
1277 186 120 27 utskotts
1419 186 152 27 utlåtande
1593 185 48 30 Nr
1662 187 50 28 26.

364 263 72 34 lots
464 261 84 36 med
575 263 95 34 vissa
696 262 144 43 villkor,
869 261 192 35 varibland
1088 261 62 35 det
1176 266 54 30 att
1257 260 172 49 fartygen
1458 262 80 34 icke
1558 274 85 24 vore
1663 266 117 32 såsom
1801 262 171 36 handels-

365 312 126 48 fartyg
518 311 161 36 däckade
706 312 68 35 och
800 311 222 36 bemastade.

465 361 103 36 Efter
596 363 184 47 åtskilliga
807 361 316 47 framställningar
1150 361 83 35 från
1261 362 94 34 olika
1382 362 75 34 håll
1486 361 171 47 medgavs
1684 375 132 34 genom
1845 364 128 46 kungl.

365 413 249 47 kungörelsen
654 412 70 36 den
768 413 42 34 12
853 411 165 36 februari
1061 413 91 34 1861
1196 411 114 35 frihet
1345 414 11 32 i
1389 414 97 33 vissa
1514 410 65 37 fall
1606 411 81 35 från
1717 413 257 47 skyldigheten

366 468 54 30 att
460 463 115 35 anlita
614 463 72 35 lots
718 462 61 36 vid
806 461 115 36 infart
949 460 83 37 från
1059 468 120 41 öppen
1207 463 66 46 sjö.
1327 463 83 34 Alla
1437 462 191 35 inhemska
1655 467 94 30 samt
1778 462 111 35 andra
1916 464 58 34 till

366 512 161 37 kustfart
568 515 11 33 i
620 514 94 34 riket
748 512 229 48 berättigade
1010 512 124 48 fartyg
1162 513 68 34 och
1258 513 104 34 båtar
1389 525 79 22 som
1497 512 172 36 tillhörde
1697 513 166 34 enskilda
1890 526 84 34 per-

367 577 66 22 ner
469 570 172 29 ävensom
675 564 159 35 kronans
869 562 224 48 lastdragare
1127 563 68 35 och
1232 563 113 35 andra
1372 563 133 35 flottan
1533 562 219 35 tillhörande
1781 562 123 48 fartyg
1932 576 43 22 av

367 614 145 35 mindre
540 622 46 27 än
615 627 63 22 sex
706 613 73 35 fots
806 613 246 48 djupgående,
1081 613 129 41 skulle,
1240 613 46 35 då
1313 613 43 35 de
1383 614 111 47 ginge
1522 613 137 35 inrikes
1686 618 99 30 orter
1805 613 169 43 emellan,

367 678 86 22 vara
480 664 194 35 frikallade
694 663 82 36 från
796 663 258 49 skyldigheten
1074 668 64 38 att,
1161 663 62 35 vid
1238 662 113 36 infart
1370 663 81 35 från
1472 670 121 41 öppen
1612 664 67 46 sjö,
1698 664 123 47 nyttja
1840 664 135 34 krono-

367 717 72 34 lots
467 715 59 35 till
554 714 114 36 första
694 714 236 48 lotsombyte.

469 766 131 34 Denna
634 764 186 36 lotsfrihet
854 764 158 35 innebar
1038 765 31 46 ej
1101 763 112 36 frihet
1240 763 82 36 från
1351 764 171 48 avgifter,
1552 769 89 30 utan
1669 764 118 35 skulle
1815 763 57 36 för
1899 763 76 36 far-

370 821 77 42 tyg,
488 828 82 22 vars
610 815 234 35 befälhavare
883 814 215 48 begagnade
1138 816 56 46 sig
1226 828 42 21 av
1296 814 69 35 den
1393 814 196 48 medgivna
1617 814 170 41 friheten,
1816 815 11 34 i
1855 815 122 34 stället

369 866 58 36 för
453 866 339 47 lotspenningarna,
821 868 118 32 såsom
966 864 132 48 bidrag
1124 865 59 35 till
1210 866 179 34 lotsarnas
1417 865 196 35 underhåll
1633 866 167 46 erläggas
1820 878 44 21 en
1883 864 95 35 efter

369 917 96 35 vissa
491 923 168 28 närmare
687 917 157 46 angivna
871 915 165 48 grunder
1062 914 185 36 beräknad
1275 928 27 22 s.
1331 916 32 34 k.
1391 914 264 48 infartsavgift.

474 966 81 36 Den
585 968 19 34 9
630 967 72 46 juli
733 967 93 35 1862
857 965 215 36 utfärdades
1091 978 50 36 ny
1160 965 217 48 förordning
1396 966 68 34 och
1484 966 224 47 reglemente
1728 963 56 37 för
1803 966 89 34 lots-
1909 965 69 35 och

371 1016 321 50 fyrinrättningen
719 1017 13 35 i
751 1017 96 35 riket
862 1017 118 46 jämte
999 1019 61 32 två
1078 1016 124 35 därtill
1222 1016 161 35 hörande
1401 1022 121 29 taxor.
1552 1016 126 46 Enligt
1698 1015 121 36 denna
1833 1015 144 36 förord-

370 1068 92 47 ning
489 1068 117 35 skulle
634 1067 83 36 med
749 1069 96 33 vissa
873 1066 189 48 undantag
1089 1066 229 35 främmande
1345 1068 188 34 nationers
1561 1065 248 49 örlogsfartyg
1837 1079 42 22 av
1905 1065 71 36 vad

372 1117 235 49 djupgående
635 1131 77 22 som
740 1118 94 34 helst
862 1122 95 30 samt
984 1117 71 35 alla
1083 1116 126 50 fartyg
1236 1117 68 35 och
1331 1117 104 35 båtar
1463 1116 221 36 tillhörande
1712 1115 165 36 enskilda
1896 1129 83 35 per-

372 1181 108 23 soner
508 1182 44 22 av
580 1168 112 36 sådan
711 1169 138 41 nation,
866 1180 78 23 som
960 1168 80 34 icke
1056 1180 87 23 vore
1157 1168 57 35 till
1230 1166 157 36 kustfart
1401 1168 12 34 i
1429 1167 95 35 riket
1539 1166 218 48 berättigad,
1773 1180 85 22 vara
1877 1168 101 47 skyl-

373 1219 85 47 diga
486 1224 53 30 att
566 1220 177 46 antingen
772 1217 43 36 de
842 1219 146 34 komme
1015 1217 98 36 ifrån
1141 1218 88 34 eller
1258 1219 154 46 avginge
1440 1217 58 35 till
1527 1217 139 35 utrikes
1685 1222 58 31 ort
1763 1218 88 34 eller
1866 1218 112 46 ginge

372 1268 98 36 ifrån
498 1282 46 22 en
571 1269 130 35 svensk
729 1269 110 34 hamn
857 1269 58 34 till
935 1281 45 22 en
999 1281 132 30 annan,
1152 1273 85 42 taga
1255 1269 71 34 lots
1345 1269 96 34 såväl
1460 1267 64 36 vid
1542 1266 111 36 infart
1667 1266 84 36 från
1767 1274 120 41 öppen
1911 1268 67 46 sjö,

372 1332 78 23 som
479 1319 68 36 ock
574 1319 64 35 vid
664 1319 72 35 alla
761 1319 211 47 lotsplatser
1000 1318 44 35 de
1071 1318 205 48 passerade.
1329 1318 83 35 Alla
1439 1318 191 35 inhemska
1660 1323 96 30 samt
1788 1318 114 35 andra
1920 1319 60 33 till

372 1368 160 37 kustfart
559 1371 13 33 i
599 1369 94 35 riket
720 1368 240 48 berättigade,
990 1369 164 35 enskilda
1182 1381 175 35 personer
1382 1368 224 35 tillhörande
1633 1367 125 49 fartyg
1777 1368 68 36 och
1863 1368 116 38 båtar,

373 1433 77 22 som
491 1420 80 35 icke
612 1419 147 36 särskilt
791 1419 242 47 undantoges,
1063 1420 129 41 skulle,
1221 1419 47 35 då
1295 1418 44 36 de
1366 1420 146 34 komme
1541 1418 82 35 från
1651 1419 142 34 utrikes
1822 1423 66 36 ort,
1918 1418 62 35 vid

373 1470 115 36 infart
528 1469 83 36 från
652 1477 120 40 öppen
804 1470 55 46 sjö
886 1475 86 42 taga
999 1471 70 34 lots
1097 1474 95 30 samt
1220 1469 111 36 sådan
1359 1468 163 36 därefter
1549 1482 131 35 genom
1709 1470 71 34 alla
1807 1469 174 35 lotsleder

373 1521 179 48 begagna,
594 1523 40 32 så
664 1521 107 46 länge
799 1520 44 35 de
869 1520 184 35 innehade
1079 1520 80 44 last,
1187 1520 123 35 vilken
1336 1519 45 36 de
1409 1522 20 32 å
1456 1520 140 34 utrikes
1623 1525 57 29 ort
1707 1520 145 46 intagit.
1905 1519 77 35 När

374 1571 162 35 nämnda
577 1570 122 49 fartyg
740 1570 68 35 och
834 1570 106 35 båtar
967 1572 156 46 avginge
1151 1570 57 35 till
1236 1570 136 35 utrikes
1400 1575 70 38 ort,
1500 1571 116 34 skulle
1644 1569 44 36 de
1715 1569 167 48 begagna
1909 1570 72 34 lots

375 1621 82 36 från
485 1621 352 51 inlastningsstället
859 1626 41 30 ut
927 1622 58 33 till
1013 1627 121 41 öppen
1162 1621 65 46 sjö.
1271 1620 125 36 Såsom
1423 1627 122 41 öppen
1574 1620 54 47 sjö
1647 1622 131 45 ansågs
1795 1620 185 47 Kattegat,

375 1665 181 49 Öresund,
585 1665 203 53 Östersjön,
816 1670 141 36 Ålands
981 1671 69 35 hav
1076 1671 68 35 och
1172 1671 190 35 Bottniska
1388 1671 120 34 viken.
1551 1670 294 48 Lotspenningar
1863 1670 120 35 skulle

374 1722 179 35 beräknas
581 1720 95 37 efter
702 1721 70 36 den
797 1734 68 22 ena
892 1722 89 34 eller
1009 1721 70 35 den
1106 1720 115 37 andra
1249 1734 43 22 av
1319 1720 43 36 de
1385 1726 137 30 tvenne
1549 1726 166 37 taxorna,
1733 1722 54 33 uti
1807 1721 97 34 vilka
1923 1720 59 35 till

375 1772 101 36 förut
503 1772 176 47 stadgade
706 1771 271 49 avgiftsbelopp
1005 1772 94 47 lagts
1127 1773 206 45 ersättning
1359 1771 57 35 till
1443 1772 163 34 lotsarna
1637 1770 57 36 för
1726 1771 257 47 hemvägskost

376 1822 93 36 efter
509 1822 205 47 beräkning
741 1835 43 22 av
811 1823 48 35 40
886 1828 62 29 öre
976 1823 184 47 riksmynt
1186 1821 57 36 för
1270 1821 99 47 varje
1395 1822 120 34 lotsad
1543 1822 131 46 sjömil.
1724 1820 150 49 Fartyg,
1903 1833 79 23 som

376 1872 215 49 begagnade
631 1874 55 46 sig
722 1885 44 23 av
792 1872 195 48 medgiven
1015 1872 112 35 frihet
1155 1871 83 36 från
1266 1871 259 49 skyldigheten
1552 1877 52 29 att
1629 1877 85 41 taga
1741 1872 81 42 lots,
1852 1872 130 42 skulle,

377 1923 45 35 då
462 1923 45 35 de
547 1924 146 34 komme
733 1922 82 36 från
855 1929 121 41 öppen
1008 1923 66 46 sjö,
1103 1923 150 47 erlägga
1280 1921 349 49 infartspenningar.
1683 1920 143 37 Genom
1854 1922 128 46 kungl.

376 1974 222 47 kungörelse
626 1973 70 35 den
728 1975 44 34 31
802 1973 66 35 dec
899 1974 94 34 1868
1023 1972 251 42 förordnades,
1303 1978 54 30 att
1383 1972 342 48 infartspenningar
1753 1973 118 34 skulle
1898 1971 84 35 från

378 2024 68 35 och
474 2024 85 35 med
587 2023 70 36 den
688 2026 17 33 1
736 2023 91 36 febr.
857 2024 95 35 1869
983 2023 167 48 upphöra
1177 2028 53 30 att
1259 2026 97 44 utgå.

478 2074 120 36 Sedan
625 2073 117 36 under
770 2073 44 35 de
846 2073 114 48 därpå
987 2072 162 49 följande
1177 2076 87 32 åren
1294 2074 92 34 1862
1415 2076 59 32 års
1503 2072 273 36 bestämmelser
1794 2072 192 47 angående

377 2125 321 47 lotspliktigheten
718 2123 198 48 undergått
930 2124 264 47 jämkningar
1177 2118 19 58 i
1210 2123 183 48 åtskilliga
1412 2123 218 46 avseenden,
1646 2124 123 34 anhöll
1787 2122 196 47 riksdagen

378 2176 13 34 i
420 2175 174 35 skrivelse
623 2175 70 34 den
724 2176 44 33 14
796 2175 72 47 maj
901 2175 108 42 1880,
1038 2173 61 36 det
1125 2175 140 35 täcktes
1291 2173 138 48 Kungl.
1458 2173 103 48 Maj:t
1587 2174 73 35 låta
1678 2175 12 33 i
1709 2171 171 49 gällande
1899 2173 87 35 lots-

379 2230 87 30 taxa
490 2224 123 36 införa
640 2225 112 35 sådan
779 2224 170 46 ändring,
979 2229 54 31 att
1060 2224 125 49 fartyg
1211 2224 118 35 under
1347 2226 46 34 40
1412 2229 66 30 ton
1497 2227 114 32 måtte
1629 2223 137 36 befrias
1785 2222 83 36 från
1886 2223 100 48 skyl-

380 2275 128 48 dighet
535 2280 53 31 att
614 2275 168 48 begagna
808 2276 83 34 lots.
946 2275 15 35 I
989 2276 361 34 överensstämmelse
1376 2274 85 36 med
1490 2274 119 36 denna
1635 2273 216 47 riksdagens
1871 2272 114 37 fram-
