2206 2628
371 212 20 30 8
634 213 106 28 Första
762 212 185 27 kammarens
968 211 122 35 första
1112 208 147 37 tillfälliga
1283 207 119 28 utskotts
1424 206 152 28 utlåtande
1598 205 47 28 Nr
1666 206 50 27 26.

474 290 64 36 Uti
554 291 65 33 sitt
633 286 316 39 ovanomnämnda
963 284 233 37 betänkande
1224 288 145 43 upptog
1395 282 70 35 den
1494 294 27 22 s.
1551 282 34 33 k.
1614 281 171 36 handels-
1814 281 66 36 och
1908 280 73 46 sjö-

374 340 315 37 fartskommittén
717 339 57 34 till
801 336 252 47 övervägande
1081 348 45 22 en
1153 333 283 48 omständighet,
1465 344 79 23 som
1566 330 176 36 förefallit
1761 331 216 36 kommittén

373 396 123 31 såsom
524 403 45 22 en
598 388 261 49 oegentlighet,
887 387 188 45 nämligen
1099 390 53 30 att
1178 386 82 41 lots,
1290 384 45 35 då
1362 382 279 48 lotspenningar
1668 382 118 34 skulle
1814 383 166 45 erläggas

376 441 56 36 för
459 441 164 47 lotsning
650 453 42 22 av
720 444 52 30 ett
798 437 134 49 fartyg,
962 436 165 47 åtnjuter
1158 433 393 48 hemvägsersättning,
1589 438 89 28 även
1705 432 13 33 i
1746 431 63 35 det
1836 431 63 35 fall
1928 435 54 31 att

375 493 165 46 lotsning
575 491 32 47 ej
646 489 97 35 blivit
770 488 130 45 begärd
940 488 84 34 eller
1059 498 44 23 av
1131 486 126 34 honom
1286 484 133 47 utförd.
1472 482 72 36 Det
1571 481 103 42 hade,
1702 480 148 49 yttrade
1877 481 105 34 kom”

376 543 146 42 mittén,
539 542 158 41 invänts,
726 544 53 30 att
806 536 428 49 hemvägsersättningen
1262 536 12 33 i
1302 535 100 35 detta
1429 532 64 36 fall
1522 532 129 35 endast
1678 544 86 23 vore
1792 536 52 30 ett
1871 537 112 28 annat

376 594 79 47 slag
482 605 44 22 av
551 589 200 49 lotsavgift,
780 601 78 23 som
885 600 87 24 vore
998 587 76 36 lika
1100 586 198 46 berättigat
1325 597 77 23 som
1429 583 339 47 lotspenningarna,
1793 581 47 35 då
1857 582 71 33 lots
1948 581 32 46 ej

376 644 216 47 begagnats.
645 641 51 35 På
735 645 71 30 sätt
845 637 132 37 anförd
1004 638 159 35 historik
1189 637 103 43 visat,
1320 634 93 36 hade
1440 632 207 37 emellertid
1674 632 309 47 hemvägsersätt-

377 695 139 46 ningen
559 691 287 48 ursprungligen
885 690 96 34 varit
1017 686 135 37 avsedd
1178 692 55 30 att
1261 690 132 43 utgöra
1419 697 46 22 en
1493 684 207 35 ekvivalent
1727 681 59 36 för
1813 681 44 36 de
1884 682 100 34 kost-

378 744 115 36 nader
533 756 46 22 en
606 744 83 40 lots,
718 754 78 22 som
823 741 113 34 lotsat
964 744 53 30 ett
1043 737 135 49 fartyg,
1206 736 94 36 hade
1328 741 54 30 att
1408 734 202 36 vidkännas
1637 732 60 36 för
1724 733 165 35 hemresa
1916 732 68 35 och

379 794 194 36 underhåll
614 791 117 37 under
767 790 129 36 färden
937 788 83 36 från
1060 788 71 36 den
1158 788 108 47 plats,
1296 786 65 35 där
1388 786 72 35 han
1488 785 140 35 lämnat
1656 783 61 35 det
1744 782 141 36 lotsade
1912 780 74 37 far-

379 850 118 44 tyget.
552 842 392 47 Hemvägsersättning
972 839 127 48 utgick
1126 839 109 34 också
1262 838 57 34 till
1348 849 44 22 en
1418 836 133 46 början
1579 837 118 32 såsom
1725 833 260 46 hemvägskost

378 896 41 35 in
458 899 134 31 natura
632 893 67 35 och
738 891 187 36 lämnades
965 891 119 34 lotsen
1118 887 62 36 vid
1216 890 144 45 avgång
1399 885 81 36 från
1522 886 62 35 det
1611 884 126 48 fartyg
1763 884 74 34 han
1863 884 122 34 lotsat.

380 945 216 37 Sedermera
623 943 92 35 hade
743 942 121 35 denna
891 940 336 47 naturaprestation
1254 939 132 34 liksom
1414 937 43 35 de
1484 936 106 35 flesta
1617 934 113 36 andra
1757 933 134 36 sådana
1912 945 73 23 om-

380 1001 91 31 satts
499 996 13 34 i
539 995 207 48 penningar
772 993 68 35 och
868 991 93 36 hade
988 992 13 34 i
1029 990 120 36 denna
1175 988 98 36 form
1306 989 120 46 ingått
1452 988 12 34 i
1493 986 71 35 den
1592 984 205 36 dåvarande
1825 982 161 49 lagstift-

381 1048 152 46 ningen.
587 1044 239 42 Kommittén,
855 1054 78 23 som
961 1039 207 38 emellertid
1194 1042 135 44 ansåge
1357 1038 61 35 det
1443 1049 88 23 vara
1559 1049 45 22 en
1631 1034 261 48 oegentlighet,
1921 1039 64 38 att,

382 1096 47 36 då
456 1098 72 34 lots
557 1096 31 47 ej
620 1094 189 42 anlitades,
838 1092 173 48 fartygen
1052 1089 204 37 belastades
1301 1088 83 36 med
1428 1087 121 36 denna
1594 1085 124 49 avgift,
1755 1083 231 43 hemställde,

379 1152 57 31 att
477 1146 136 48 Kungl.
654 1144 105 48 Maj:t
797 1144 139 35 täcktes
976 1141 185 43 förordna,
1194 1145 54 30 att
1288 1138 382 48 hemvägsersättning
1704 1136 58 35 till
1789 1137 73 34 lots
1888 1135 99 47 finge

383 1198 186 48 uppbäras
597 1196 140 42 endast,
765 1194 47 36 då
838 1195 71 34 lots
936 1192 59 36 för
1022 1191 162 49 fartyget
1210 1190 190 47 verkligen
1427 1189 161 35 anlitats.

484 1248 92 34 Före
612 1246 71 35 den
710 1244 62 36 vid
802 1246 95 34 1914
925 1246 57 32 års
1010 1255 28 23 s.
1067 1242 148 46 riksdag
1243 1239 84 36 med
1355 1238 177 37 avseende
1560 1241 21 32 å
1608 1242 107 31 sättet
1742 1235 59 36 för
1829 1235 160 36 faststäl-

382 1298 109 36 lande
532 1309 44 23 av
610 1296 217 35 lotsverkets
868 1299 71 30 stat
975 1293 175 47 vidtagna
1176 1290 220 48 förändring
1422 1287 150 38 tillföllo
1598 1286 281 49 lotsavgifterna
1905 1284 85 36 med

384 1350 82 34 hela
493 1348 62 35 det
581 1347 159 35 influtna
766 1345 173 47 beloppet
964 1342 303 49 lotspersonalen.
1321 1339 442 48 Hemvägsersättningen
1790 1337 83 47 gick
1891 1348 99 23 ome-

382 1399 146 35 delbart
567 1398 58 34 till
666 1396 70 35 den
776 1394 177 37 lotsande.
1007 1394 345 47 Lotspenningarna
1391 1393 77 32 åter
1507 1387 259 50 uppsamlades
1807 1386 57 36 för
1889 1386 101 47 varje

384 1450 172 47 lotsplats
597 1447 68 36 och
706 1445 206 36 fördelades
952 1445 227 44 månatligen
1224 1443 156 34 emellan
1412 1442 164 46 platsens
1603 1438 180 49 personal,
1811 1438 13 34 i
1851 1437 99 47 regel
1979 1437 11 33 i

384 1501 75 34 lika
500 1498 101 36 delar
628 1498 88 34 eller
744 1509 26 23 s.
800 1497 33 34 k.
862 1496 192 35 lotslotter.
1107 1493 156 36 Lotsens
1291 1493 201 34 inkomster
1519 1503 89 22 voro
1635 1488 155 36 sålunda
1817 1488 77 34 helt
1921 1487 69 35 och

385 1551 114 35 hållet
528 1547 184 37 beroende
739 1550 20 32 å
786 1545 197 48 sjöfartens
1010 1544 178 48 livlighet.
1242 1543 55 35 Då
1323 1544 111 34 lotsar
1461 1539 208 37 emellertid
1696 1541 95 33 måst
1819 1537 172 36 anställas

386 1608 93 28 även
505 1599 63 36 vid
595 1600 147 47 platser,
771 1597 66 35 där
864 1595 176 49 sjöfarten
1070 1596 95 34 varit
1188 1592 270 49 jämförelsevis
1478 1590 192 49 obetydlig
1697 1590 69 34 och
1786 1589 107 34 alltså
1906 1589 87 34 lots-

386 1650 377 49 penninginkomsten
801 1648 95 35 varit
935 1646 117 47 ringa,
1093 1644 93 36 hade
1214 1644 63 35 det
1305 1642 57 36 för
1389 1647 51 30 att
1467 1641 135 36 bereda
1629 1637 222 49 nödtorftigt
1877 1650 116 35 uppe-

386 1702 98 35 hälle
523 1703 39 32 åt
600 1701 119 34 lotsen
758 1697 68 36 och
854 1698 90 35 hans
971 1695 118 48 familj
1119 1696 96 34 varit
1241 1693 226 46 nödvändigt
1494 1697 55 30 att
1576 1691 140 35 tilldela
1742 1690 135 35 honom
1904 1687 89 49 fyll-

387 1751 73 36 nad
485 1752 14 34 i
525 1749 458 49 lotspenninginkomsten.
1037 1746 108 35 Detta
1188 1744 93 36 hade
1308 1744 97 35 skett
1430 1755 133 35 genom
1589 1755 25 22 s.
1641 1742 33 34 k.
1691 1740 303 48 uppmuntrings-

388 1803 219 47 penningar,
649 1812 77 23 som
766 1798 72 35 fått
877 1799 80 34 löns
998 1797 180 43 karaktär,
1206 1794 185 47 tillfälligt
1417 1793 133 35 arvode
1578 1797 93 30 samt
1697 1789 167 48 tillfällig
1894 1790 99 34 avlö-

389 1850 345 50 ningsförbättring.

490 1902 81 35 Den
607 1914 44 22 av
686 1901 94 34 1914
809 1902 57 32 års
893 1898 150 47 riksdag
1068 1895 57 37 för
1151 1896 199 35 lotsverket
1377 1898 159 42 antagna
1563 1897 71 30 stat
1661 1890 156 36 innebär
1845 1903 43 22 en
1918 1888 75 36 för-

390 1952 158 48 ändring
592 1964 44 23 av
679 1954 110 32 sättet
834 1949 57 36 för
934 1950 179 33 lotsarnas
1153 1945 211 42 avlönande,
1397 1944 215 47 varigenom
1640 1941 100 36 detta
1767 1939 228 49 principiellt

389 2004 149 46 bragtes
564 2003 13 33 i
604 1999 361 38 överensstämmelse
992 1997 85 36 med
1103 1996 59 37 för
1179 1996 115 36 andra
1310 2000 136 30 statens
1460 1992 379 49 tjänstemannakårer
1857 1990 137 35 tilläm-

390 2053 94 47 pade
512 2053 234 47 lönesystem.
800 2050 178 35 Lotsarna
1004 2048 117 35 skulle
1149 2046 82 36 från
1259 2046 69 36 och
1355 2044 82 36 med
1466 2048 40 31 år
1536 2045 94 34 1915
1660 2043 147 46 åtnjuta
1833 2040 73 35 fast
1934 2041 61 34 lön

391 2108 96 30 samt
514 2102 107 36 andel
650 2103 54 34 uti
733 2100 44 36 de
805 2099 57 37 för
888 2100 213 46 lotsningen
1127 2097 62 36 vid
1215 2095 272 37 vederbörande
1514 2095 169 46 lotsplats
1702 2090 188 49 intjänade
1904 2091 91 34 lots-

393 2155 268 46 penningarna,
689 2151 100 36 vilka
814 2151 14 35 i
855 2151 119 47 övrigt
1002 2149 118 36 skulle
1147 2149 87 46 ingå
1260 2147 59 35 till
1346 2145 226 36 statsverket.

494 2204 144 46 Frågan
674 2215 59 23 om
773 2201 183 36 storleken
984 2213 44 22 av
1055 2199 71 35 den
1153 2198 109 35 andel
1289 2202 87 30 utav
1402 2196 341 47 lotspenningarna,
1772 2205 79 22 som
1881 2190 115 36 borde

394 2257 90 44 utgå
524 2254 58 35 till
626 2254 161 34 lotsarna
823 2244 450 54 (lotsningsprovisionen)
1308 2260 70 34 gav
1418 2246 119 35 under
1564 2244 232 36 förarbetena
1822 2242 57 35 till
1906 2243 90 34 lots-
