2208 2634
515 192 104 28 Första
643 193 185 29 kammarens
848 197 118 35 första
990 197 147 37 tillfälliga
1162 199 119 27 utskotts
1303 200 151 28 utlåtande
1478 201 45 27 Nr
1545 203 50 26 26.
1836 204 17 28 7

245 266 71 34 lots
356 268 114 34 måtte
510 268 136 35 befrias
687 270 236 49 segelfartyg,
966 286 80 21 vars
1083 274 293 48 avgiftspliktiga
1404 276 214 49 dräktighet
1644 280 79 35 icke
1751 286 102 29 över-

245 320 102 42 stege
386 318 71 34 100
494 323 76 30 ton.
627 320 246 36 Kommitténs
914 322 153 36 berörda
1099 324 277 49 framställning
1405 327 213 37 föranledde
1647 331 204 35 emellertid

244 366 79 34 icke
352 367 57 35 till
439 368 68 35 den
538 368 168 49 åsyftade
737 371 271 48 utvidgningen
1038 387 42 22 av
1108 375 246 36 lotsfriheten.

345 466 11 34 I
387 467 102 35 äldre
515 469 97 34 tider
640 470 93 35 hade
760 472 163 34 lotsarna
950 473 89 34 eller
1067 473 43 36 de
1138 488 26 21 s.
1195 476 32 34 k.
1258 481 241 43 styrmännen
1541 481 210 46 egentligen
1792 483 59 34 till

242 515 212 49 skyldighet
495 523 53 29 att
581 520 95 34 lotsa
703 521 159 34 kronans
891 521 134 49 fartyg.
1079 523 51 35 På
1157 526 122 45 grund
1307 526 113 36 härav
1447 528 193 47 utgjordes
1668 530 70 35 den
1766 531 84 36 dem

243 565 126 37 härför
408 567 281 36 tillkommande
712 572 207 46 ersättning
946 575 118 32 såsom
1092 587 93 22 ovan
1214 581 147 30 nämnts
1389 590 43 22 av
1460 577 82 36 dem
1571 580 278 37 tillkommande

242 614 155 36 friheter
433 615 57 36 för
517 618 80 34 sina
625 619 181 36 hemman.
859 620 118 37 Sedan
1006 624 161 35 lotsarna
1195 626 206 35 emellertid
1424 628 118 47 ålagts
1565 629 212 48 skyldighet
1796 637 54 30 att

241 665 148 47 betjäna
417 665 71 37 den
527 668 185 36 allmänna
752 670 190 47 sjöfarten,
972 673 235 36 tillerkändes
1235 675 84 36 dem
1347 682 73 30 rätt
1447 683 53 30 att
1528 679 126 35 härför
1683 681 166 47 uppbära

240 715 160 47 avgifter
427 730 44 22 av
498 717 94 44 dem,
622 732 78 23 som
729 721 214 48 begagnade
971 724 56 47 sig
1054 737 43 22 av
1124 724 104 36 deras
1256 726 111 48 hjälp,
1396 728 67 35 och
1489 728 213 37 utfärdades
1723 731 126 36 därför

239 766 191 43 lotstaxor,
459 768 160 36 varefter
646 771 178 36 lotsarnas
852 775 205 47 ersättning
1084 776 119 34 skulle
1230 780 98 44 utgå.

339 816 158 37 Jämlikt
524 819 128 47 kungl.
682 820 266 49 förordningen
968 826 188 45 angående
1175 827 199 36 lotsverket
1394 828 70 35 den
1487 831 43 33 15
1551 829 164 37 februari
1739 833 106 43 1881,

239 867 117 47 enligt
383 867 82 36 dess
492 869 140 47 lydelse
661 871 226 36 härutinnan
915 876 47 45 på
988 875 123 46 grund
1139 889 42 21 av
1208 878 128 46 kungl.
1366 878 220 48 kungörelse
1605 880 72 36 den
1699 884 45 33 10
1764 882 81 35 feb-

238 918 101 34 ruari
370 919 107 42 1911,
507 919 101 43 skall,
637 920 47 35 då
712 922 189 36 kronolots
930 925 132 34 anlitas
1090 924 57 36 för
1174 925 144 49 fartygs
1345 929 224 47 vägledning
1595 943 134 35 genom
1757 933 90 35 lots-

237 967 60 35 led
325 968 89 34 eller
441 981 134 34 genom
604 970 113 36 sådan
744 971 131 45 farled,
904 986 78 22 som
1011 975 77 35 icke
1117 982 39 28 är
1183 983 120 41 öppen
1331 978 67 46 sjö,
1426 992 86 22 vare
1539 982 58 46 sig
1624 980 163 50 fartyget
1806 990 39 28 är

236 1018 227 48 lotspliktigt
491 1020 88 34 eller
606 1021 47 47 ej,
682 1020 59 37 för
768 1021 183 50 fartygets
978 1025 166 48 lotsning
1171 1027 165 48 erläggas
1365 1031 96 33 såväl
1485 1031 283 48 lotspenningar
1786 1046 59 23 en-

236 1069 70 46 ligt
331 1068 173 47 gällande
544 1075 86 31 taxa
657 1084 78 23 som
763 1073 384 51 hemvägsersättning
1174 1079 116 46 enligt
1318 1077 183 38 fastställd
1528 1081 316 38 lotsledsförteck-

235 1119 103 46 ning,
368 1117 93 37 dock
489 1125 53 30 att
568 1122 12 33 i
608 1123 97 34 vissa
732 1123 245 37 omförmälda
1004 1124 65 37 fall
1097 1127 327 49 lotspenningarna
1452 1131 101 36 skola
1581 1136 89 44 utgå
1688 1134 156 36 allenast

235 1168 85 35 med
348 1168 142 36 hälften
519 1183 42 22 av
589 1171 62 36 det
677 1172 146 50 belopp,
853 1187 76 23 som
960 1176 105 47 eljest
1092 1177 83 36 bort
1203 1184 160 42 utgöras.

335 1218 81 36 Den
457 1222 45 33 27
535 1223 199 36 november
764 1226 94 35 1896
888 1225 214 38 utfärdades
1129 1228 127 48 kungl.
1285 1230 220 48 kungörelse
1533 1233 190 47 angående
1749 1236 92 35 lots-

234 1268 223 48 avgifternas
484 1271 233 38 beräknande
745 1275 117 48 enligt
888 1275 206 38 fastställda
1120 1292 74 35 nya
1220 1286 107 29 taxor
1357 1282 68 34 och
1440 1278 401 58 lotsledsförteckning.

335 1320 244 38 Lotstaxorna
619 1336 90 23 voro
749 1326 58 34 till
847 1328 139 34 antalet
1026 1327 85 36 fem.
1165 1329 125 36 "Taxan
1321 1332 18 33 1
1368 1332 165 35 innehöll
1561 1334 45 34 de
1633 1335 118 47 lägsta
1778 1349 63 22 av-

232 1369 163 47 gifterna
422 1371 68 36 och
518 1372 44 36 de
589 1372 164 49 följande
781 1376 182 36 inneburo
992 1391 45 22 en
1065 1380 144 47 stegrad
1234 1380 128 48 avgift,
1383 1394 79 23 som
1480 1384 12 33 i
1512 1383 71 35 den
1602 1383 114 37 femte
1735 1387 106 35 alltså

233 1420 119 36 nådde
380 1422 57 35 sin
466 1427 133 32 största
626 1425 99 47 höjd.
780 1426 105 35 Inom
921 1429 100 47 varje
1048 1434 86 30 taxa
1161 1443 64 22 var
1252 1431 72 35 den
1352 1444 45 23 av
1424 1431 180 50 fartygets
1628 1434 212 49 dräktighet

232 1471 185 36 beroende
445 1473 325 50 avgiftsökningen
798 1477 206 48 begränsad
1031 1480 55 34 till
1117 1493 45 22 en
1190 1481 212 48 dräktighet
1430 1496 43 22 av
1500 1485 111 42 2,000
1634 1490 75 41 ton,
1729 1490 39 31 så
1786 1492 54 31 att

231 1520 126 50 fartyg
397 1523 85 35 med
522 1530 117 30 större
680 1526 211 49 dräktighet
932 1535 46 29 än
1017 1531 249 48 nyssnämnda
1293 1534 117 34 tontal
1439 1534 143 37 ändock
1609 1536 79 35 icke
1716 1538 123 35 erlade

231 1572 114 47 högre
372 1572 117 49 avgift
516 1582 45 28 än
590 1581 53 30 ett
670 1575 127 50 fartyg
823 1591 59 23 om
911 1581 111 41 2,000
1048 1585 76 31 ton.

330 1622 85 36 Med
455 1626 179 36 avseende
662 1630 20 32 å
709 1628 286 49 tillämpningen
1032 1644 43 22 av
1100 1637 107 30 taxor
1234 1633 68 35 och
1329 1634 389 51 lotsledsförteckning
1745 1637 94 37 före-

230 1673 138 36 skrives
395 1674 13 35 i
436 1675 229 37 sistnämnda
691 1679 231 47 kungörelse,
950 1680 114 37 bland
1091 1688 122 38 annat,
1234 1688 55 31 att
1302 1684 235 49 lotsavgifter
1551 1690 90 45 utgå
1656 1687 57 36 för
1727 1689 110 36 lotsat

229 1723 126 49 fartyg
394 1725 85 35 med
519 1726 76 36 dels
635 1729 281 49 lotspenningar
947 1732 12 34 i
992 1731 228 37 förhållande
1247 1734 59 35 till
1333 1734 182 50 fartygets
1543 1737 294 50 avgiftspliktiga

229 1774 211 49 dräktighet
480 1777 68 35 och
589 1778 71 36 den
699 1779 143 36 lotsade
880 1788 137 41 vägens
1043 1783 113 47 längd
1182 1785 60 34 till
1268 1785 147 48 belopp,
1443 1799 78 23 som
1549 1788 150 47 angives
1726 1791 11 33 i
1766 1789 70 37 den

228 1825 171 40 lotstaxa,
415 1828 122 34 vilken
552 1830 117 46 enligt
686 1830 436 51 lotsledsförteckningen
1141 1834 91 36 skall
1252 1836 187 36 användas
1466 1838 12 34 i
1506 1837 70 36 den
1603 1839 145 44 lotsled,
1779 1840 57 36 för

227 1876 122 35 vilken
389 1876 189 49 lotsavgift
619 1880 90 35 skall
746 1881 178 48 erläggas,
953 1882 77 36 dels
1058 1885 204 48 ersättning
1289 1885 59 36 för
1374 1887 137 36 lotsens
1538 1889 201 37 inställelse
1766 1892 68 35 och

228 1926 167 37 hemresa
431 1928 58 35 till
530 1928 62 37 det
632 1930 146 49 belopp,
808 1944 78 24 som
915 1933 118 36 under
1060 1934 129 36 rubrik
1217 1936 381 51 hemvägsersättning
1624 1940 13 35 i
1664 1940 169 37 lotsleds-

227 1976 281 50 förteckningen
547 1980 119 36 finnes
707 1987 190 44 upptaget,
939 1984 119 36 under
1088 1986 235 48 iakttagande
1351 1992 53 31 att
1431 1988 70 36 den
1528 1990 12 35 i
1568 1991 161 35 nämnda
1756 1991 78 36 för-

225 2028 176 49 teckning
441 2028 58 37 för
533 2031 101 46 varje
673 2032 135 36 lotsled
849 2035 158 46 angivna
1041 2040 88 31 taxa
1155 2037 186 48 tillämpas
1368 2037 83 37 från
1479 2040 68 35 och
1575 2041 83 35 med
1685 2041 72 36 den
1787 2045 44 34 16

226 2079 94 47 april
347 2081 58 34 till
433 2080 68 35 och
529 2081 84 35 med
640 2081 70 36 den
739 2085 44 34 31
814 2085 148 47 augusti
988 2085 62 36 vid
1076 2087 165 48 lotsning
1268 2087 82 36 från
1378 2095 69 38 ort,
1474 2089 156 50 belägen
1657 2104 88 23 norr
1771 2105 61 24 om

228 2129 106 36 60:de
373 2130 258 48 breddgraden
671 2139 95 29 samt
806 2133 83 37 från
917 2136 69 35 och
1010 2136 84 35 med
1121 2137 71 36 den
1223 2141 16 32 1
1270 2140 94 46 april
1392 2141 57 34 till
1477 2142 68 34 och
1574 2141 83 36 med
1684 2142 70 36 den
1785 2146 44 34 15

226 2181 207 46 september
459 2181 61 36 vid
547 2183 165 48 lotsning
738 2183 83 37 från
848 2191 58 29 ort
932 2186 154 49 belägen
1114 2188 105 36 söder
1246 2201 59 24 om
1335 2190 104 36 60:de
1458 2191 268 49 breddgraden,
1746 2207 85 23 men

224 2235 55 31 att
306 2237 165 31 närmast
498 2232 111 49 högre
636 2239 86 30 taxa
749 2236 187 48 tillämpas
963 2238 125 47 övriga
1114 2239 96 35 tider
1238 2253 43 23 av
1308 2243 88 33 året.
