1880 2842
480 155 393 37 Bevillningsutskottets
895 154 218 31 betänkande
1133 153 48 31 Nr
1208 154 27 28 ö.
1591 145 19 30 D

105 254 53 20 ser
176 254 44 20 m.
240 243 48 36 fl.,
309 243 89 30 hade
419 250 123 28 genom
562 239 176 37 mångårig
759 240 115 37 praxis
894 249 40 20 en
955 239 68 30 viss
1043 238 135 30 klarhet
1199 237 148 30 vunnits.
1390 236 55 30 Att
1466 245 47 21 nu
1532 235 76 37 giva

105 295 96 30 klara
227 292 438 39 begreppsbestämningar,
691 291 151 30 avsedda
866 290 55 30 för
946 299 42 21 en
1014 297 110 29 grupp
1152 298 42 20 av
1220 288 229 36 nytillkomna
1476 286 56 31 för
1557 286 51 31 sin

106 344 293 36 fondavkastning
428 342 181 31 skattefria
638 341 240 36 institutioner,
907 341 97 29 torde
1033 349 82 21 vara
1146 339 217 37 synnerligen
1391 337 102 31 svårt.
1547 337 62 30 Det

106 406 79 21 vore
201 399 48 27 att
266 396 120 30 befara
403 404 39 21 en
460 394 63 30 rad
539 394 79 30 med
635 402 66 27 nya
717 392 211 36 tvistigheter
945 391 148 30 rörande
1110 389 177 37 gränsfall,
1305 389 104 30 vilket
1427 389 88 30 helst
1532 389 77 29 bor-

106 448 41 30 de
166 447 182 31 undvikas.

151 525 12 29 I
186 524 131 30 motion
340 523 56 30 vid
422 523 83 29 1933
527 522 55 30 års
605 521 139 37 riksdug
766 519 226 37 ifrågasattes,
1017 522 48 27 att
1089 518 261 30 skattefriheten
1374 517 53 30 för
1451 516 160 30 stiftelser

106 576 109 29 skulle
235 575 185 35 borttagas.
465 573 83 30 1933
568 572 56 31 års
643 571 337 36 bevillningsutskott
997 570 206 30 hemställde
1224 569 9 30 i
1255 569 56 30 sitt
1331 568 219 30 betänkande
1570 577 41 20 nr

105 627 52 34 33,
181 629 48 27 att
252 625 176 30 motionen
453 624 74 30 icke
550 622 106 31 måtte
679 622 179 30 föranleda
883 620 112 37 någon
1020 620 131 36 åtgärd,
1178 620 65 30 och
1268 620 112 30 denna
1404 619 206 30 hemställan

105 676 116 31 bifölls
242 685 42 21 av
305 676 194 36 riksdagen.

151 728 65 29 Till
237 728 75 30 stöd
332 726 56 30 för
408 726 153 30 nämnda
582 725 206 30 hemställan
809 723 145 31 anförde
975 722 372 37 bevillningsutskottet
1368 721 106 30 bland
1494 723 117 32 annat,

107 781 49 28 att
184 779 66 29 den
278 777 159 37 gällande
465 775 294 31 skattebefrielsen
789 774 55 31 för
873 773 311 32 donationsfonder
1212 782 81 21 vore
1321 772 163 36 tämligen
1513 772 99 30 snävt

106 829 193 36 begränsad
319 829 65 30 och
403 827 191 31 omfattade
613 827 120 30 endast
751 825 132 31 sådana
904 824 241 36 institutioner,
1167 833 73 21 som
1261 823 116 31 kunde
1397 832 99 21 anses
1516 822 96 37 tjäna

108 878 163 33 ändamål
299 889 43 20 av
372 878 243 36 allmännyttig
643 881 111 26 natur.
807 877 78 30 Med
912 877 138 36 hänsyn
1077 875 117 30 härtill
1224 875 92 30 hade
1343 874 165 30 utskottet
1538 873 74 31 icke

107 934 111 27 ansett
234 931 49 36 sig
300 931 119 29 kunna
434 929 136 30 biträda
588 928 232 30 motionärens
837 927 128 36 förslag
982 929 49 28 att
1047 926 191 30 inskränka
1255 926 81 29 eller
1353 924 162 31 avskaffa
1532 925 79 30 den-

108 991 42 21 na
171 981 280 30 skattebefrielse.

152 1058 13 30 I
183 1057 188 36 anledning
388 1067 42 20 av
449 1067 42 19 en
509 1056 57 30 vid
588 1057 82 29 1937
692 1056 55 29 års
768 1055 139 36 riksdag
926 1055 102 29 väckt
1049 1054 142 35 motion,
1212 1053 73 30 vari
1304 1052 197 37 ifrågasatts
1520 1053 91 29 skat-

107 1108 138 31 tefrihet
266 1108 56 30 för
343 1108 76 30 icke
440 1107 157 30 erkända
617 1106 368 31 arbetslöshetskassor
1006 1105 65 30 och
1095 1105 110 30 andra
1227 1104 128 30 sociala
1376 1103 235 36 hjälpfonder,

107 1158 145 31 anförde
276 1159 82 29 1937
381 1157 55 31 års
458 1157 337 36 bevillningsutskott
817 1156 9 29 i
848 1156 57 30 sitt
925 1155 222 30 betänkande
1169 1164 41 20 nr
1231 1155 41 29 30
1295 1155 106 29 bland
1422 1157 117 32 annat,
1565 1156 48 27 att

107 1210 164 30 utskottet
289 1209 9 30 i
317 1209 107 29 likhet
441 1208 79 30 med
536 1208 217 30 motionären
771 1207 108 30 funne
896 1207 77 30 skäl
990 1206 70 30 tala
1078 1206 55 30 för
1151 1208 48 28 att
1218 1204 131 32 sådana
1366 1205 75 30 icke
1459 1205 154 29 erkända

107 1260 367 31 arbetslöshetskassor
495 1259 65 30 och
582 1258 233 37 hjälpfonder,
838 1258 93 30 vilka
952 1257 219 30 uteslutande
1192 1257 91 30 hade
1303 1257 50 29 till
1377 1255 88 37 syfte
1487 1259 49 27 att
1557 1256 55 29 be-

107 1312 81 30 reda
209 1311 204 30 behövande
437 1310 227 30 medlemmar
686 1319 42 20 av
750 1308 358 37 fackorganisationer
1129 1308 189 30 understöd
1341 1307 57 30 vid
1420 1306 193 31 oförvållad

107 1363 236 34 arbetslöshet,
365 1361 57 30 vid
442 1361 164 36 sjukdom
627 1361 80 30 eller
726 1360 120 37 dylikt,
868 1360 10 29 i
897 1359 439 36 beskattningshänseende
1354 1359 97 29 bleve
1471 1358 141 30 likställ-

108 1414 44 30 da
166 1413 79 30 med
262 1412 131 31 sådana
407 1411 408 36 understödsföreningar
830 1410 193 37 respektive
1037 1410 153 30 fromma
1207 1409 169 35 stiftelser,
1394 1419 74 21 som
1484 1408 128 37 utgjor-

108 1464 41 30 de
169 1463 249 37 självständiga
437 1462 236 36 rättssubjekt.
718 1462 170 30 Utskottet
909 1460 126 36 ansåge
1055 1460 200 35 emellertid,
1275 1463 50 27 att
1346 1459 54 31 för
1422 1458 108 32 sådan
1551 1459 61 30 lik-

108 1515 170 36 ställighet
300 1514 10 29 i
330 1513 436 36 beskattningshänseende
788 1512 126 30 mellan
938 1512 42 29 de
1001 1511 10 30 i
1032 1511 177 30 motionen
1231 1510 233 30 omförmälda
1486 1510 127 30 arbets-

108 1565 298 30 löshetskassorna
429 1564 65 30 och
517 1563 282 36 hjälpfonderna,
824 1561 20 32 å
868 1572 65 20 ena
958 1562 110 35 sidan,
1092 1565 91 26 samt
1208 1560 406 37 understödsföreningar

108 1616 65 30 och
193 1615 153 31 fromma
367 1614 169 35 stiftelser,
558 1613 21 31 å
599 1614 108 31 andra
729 1614 109 35 sidan,
860 1613 107 30 borde
987 1612 148 36 fordras,
1158 1615 49 27 att
1228 1612 41 30 de
1290 1612 55 30 för
1367 1612 55 30 det
1444 1611 169 30 särskilda

110 1666 197 31 ändamålet
329 1666 149 30 avsedda
502 1666 136 29 medlen
660 1675 80 20 vore
762 1664 43 38 på
827 1668 46 26 ett
893 1664 234 36 betryggande
1149 1665 66 28 sätt
1237 1663 157 30 avskilda
1417 1662 79 31 från
1519 1662 94 30 fack-

108 1717 336 37 organisationernas
467 1716 117 36 övriga
607 1715 190 37 tillgångar,
821 1718 88 27 samt
932 1717 50 28 att
1006 1715 41 29 de
1070 1713 265 37 ifrågavarande
1358 1714 168 30 kassorna
1549 1713 65 30 och

109 1769 170 30 fonderna
304 1768 115 31 såsom
444 1767 227 36 rättssubjekt
697 1767 128 30 erhölle
850 1776 41 21 en
919 1765 227 37 självständig
1172 1765 162 36 ställning
1359 1765 10 29 i
1394 1764 219 31 förhållande

108 1819 50 30 till
178 1818 414 36 fackorganisationerna.
637 1818 119 29 Ehuru
776 1817 166 30 utskottet
962 1816 108 30 funne
1092 1816 57 30 det
1169 1816 175 34 önskvärt,
1369 1818 48 27 att
1439 1815 65 30 den
1526 1815 87 30 före-

109 1870 158 36 liggande
290 1868 124 37 frågan
439 1868 137 37 gjordes
603 1868 49 29 till
677 1867 145 31 föremål
848 1867 56 30 för
928 1868 161 29 närmare
1115 1866 193 36 utredning,
1335 1866 89 30 hade
1450 1866 164 30 utskottet

109 1920 105 30 likväl
234 1920 76 30 icke
330 1922 110 27 ansett
462 1919 48 35 sig
530 1919 85 30 böra
636 1919 134 29 biträda
791 1918 234 30 motionärens
1045 1917 130 35 förslag
1196 1926 57 20 om
1273 1916 162 30 skrivelse
1456 1916 10 29 i
1487 1917 126 29 ämnet.

110 1970 171 30 Utskottet
300 1970 182 30 förutsatte
502 1969 185 36 nämligen,
708 1972 49 27 att
787 1968 3 30 i
811 1968 170 30 samband
1003 1968 79 29 med
1103 1968 66 29 den
1190 1966 177 37 pågående
1387 1966 227 36 utredningen

109 2020 44 37 på
170 2020 282 36 beskattningens
473 2018 142 32 område
634 2019 128 36 jämväl
783 2019 55 30 det
864 2019 4 29 i
888 2018 176 30 motionen
1084 2018 147 30 berörda
1252 2016 203 37 spörsmålet
1476 2017 138 30 komme

109 2075 49 26 att
176 2075 96 32 tagas
291 2071 110 30 under
420 2071 160 30 närmare
599 2070 237 36 omprövning.

153 2123 13 28 I
188 2122 149 35 enlighet
358 2122 78 29 med
457 2121 182 30 utskottets
661 2121 206 30 hemställan
888 2120 109 30 beslöt
1021 2120 183 34 riksdagen
1227 2118 95 31 avslå
1343 2119 184 30 motionen.

155 2198 12 29 I
185 2207 41 20 en
243 2198 133 29 motion
392 2197 56 30 vid
467 2197 85 30 1938
568 2197 55 29 års
640 2196 148 38 riksdag,
809 2196 70 30 vari
898 2196 162 30 berördes
1077 2194 123 37 frågan
1218 2205 56 20 om
1292 2195 262 35 beskattningen
1573 2204 42 20 av

109 2248 476 36 studentorganisationernas
606 2247 132 36 fonder,
760 2247 165 35 föreslogs
947 2246 217 30 skattefrihet
1185 2245 54 30 för
1261 2245 89 30 vissa
1372 2245 242 30 sammanslut-

110 2298 121 36 ningar
253 2308 44 20 av
317 2298 210 30 studerande
550 2298 57 29 vid
631 2297 102 30 rikets
756 2297 199 30 universitet
979 2297 65 29 och
1067 2296 196 35 högskolor.
1315 2296 80 29 1938
1419 2295 55 30 års
1498 2295 116 30 bevill-

111 2348 232 37 ningsutskott
362 2348 204 30 hemställde
587 2348 8 29 i
616 2347 54 30 sitt
689 2347 219 30 betänkande
928 2356 40 20 nr
988 2348 52 33 28,
1061 2349 48 27 att
1132 2346 175 30 motionen
1329 2346 73 29 icke
1421 2345 106 30 måtte
1547 2345 67 29 för-

110 2399 123 30 anleda
254 2398 113 36 någon
389 2398 203 36 riksdagens
615 2398 129 36 åtgärd,
765 2399 65 29 och
853 2398 113 29 denna
989 2397 208 30 hemställan
1218 2396 117 30 bifölls
1356 2405 41 21 av
1420 2396 192 35 riksdagen.

111 2449 169 29 Utskottet
302 2448 145 30 anförde
468 2448 121 30 därvid
611 2448 103 29 bland
737 2450 115 32 annat,
875 2450 48 27 att
950 2447 2 29 i
976 2447 174 29 motionen
1174 2447 143 29 allenast
1338 2446 132 30 berörts
1492 2445 121 36 frågan
