2240 2640
467 195 242 32 Sammansatta
732 196 95 30 stats-
851 193 51 33 och
921 193 340 41 jordbruksutskottets
1283 194 166 31 utlåtande
1473 193 52 32 Nr
1551 196 23 29 1.
1802 194 13 30 1

985 597 66 40 Nr
1079 597 33 39 1.

710 703 124 29 Ankom
857 703 49 28 till
930 703 187 37 riksdagens
1141 702 105 28 kansli
1269 702 62 28 den
1358 702 37 28 10
1418 702 64 37 maj
1511 701 78 29 1915
1613 701 40 28 kl.
1678 701 28 28 4.
1730 710 26 19 e.
1780 710 43 21 m,.

544 796 205 47 Utlåtande,
773 797 14 35 i
813 795 196 50 anledning
1038 808 44 24 av
1103 795 133 49 Kungl.
1257 795 129 49 Maj:ts
1397 795 227 48 proposition
1642 794 183 48 angdende

641 856 200 36 överlåtelse
878 869 45 23 av
960 856 102 36 mark
1102 856 56 36 till
1190 855 256 49 lantförsvaret
1473 861 52 29 att
1551 855 191 35 användas
1771 853 54 37 till

635 915 359 50 förläggningsplats
1030 916 61 36 och
1129 915 224 49 övningsfält
1382 916 67 48 för
1481 913 344 50 Fälttelegrafkåren

631 976 116 48 jämte
775 975 61 37 två
861 976 14 36 i
901 980 116 32 ämnet
1045 975 126 37 väckta
1198 976 179 35 motioner.

329 1077 18 38 I
375 1092 46 23 en
462 1078 57 37 till
546 1077 204 51 riksdagen
779 1077 72 38 den
880 1080 48 35 12
957 1091 100 25 mars
1088 1079 97 36 1915
1216 1077 147 37 avlåten
1391 1077 246 50 proposition,
1666 1090 44 23 nr
1741 1078 84 44 110,

229 1131 68 37 har
329 1130 141 49 Kungl.
501 1131 119 49 Maj:t,
649 1131 119 36 under
795 1130 238 50 åberopande
1075 1144 45 23 av
1157 1129 121 49 bilagt
1314 1129 139 50 utdrag
1480 1143 47 23 av
1547 1128 279 51 statsrådspro-

229 1182 156 37 tokollet
427 1188 90 32 över
558 1182 418 38 lantförsvarsärenden
1018 1183 56 36 för
1100 1196 143 23 samma
1280 1182 86 50 dag,
1396 1182 195 49 föreslagit
1619 1181 207 48 riksdagen

228 1234 187 50 medgiva,

332 1291 57 32 att
434 1285 75 38 den
553 1288 46 35 14
641 1300 100 23 mars
784 1288 97 35 1916
925 1286 58 36 till
1024 1286 282 47 lantförsvaret,
1349 1286 59 36 för
1450 1290 55 32 att
1549 1284 194 38 användas
1771 1283 57 38 till

229 1337 373 51 förläggningsplats
643 1338 72 37 och
756 1338 238 49 övningsfält
1035 1338 60 37 för
1123 1337 371 49 fälttelegrafkåren,
1528 1337 189 37 överlåtas
1747 1336 81 37 dels

228 1391 86 36 från
354 1389 330 50 domänstyrelsen
726 1388 46 38 de
812 1390 121 37 under
966 1390 209 49 styrelsens
1204 1388 237 50 förvaltning
1469 1389 166 36 varande
1663 1389 166 36 lotterna

229 1456 46 23 nr
318 1444 110 46 1—4,
474 1444 18 34 7
536 1442 71 37 och
651 1443 148 35 12—21
841 1455 62 23 om
944 1442 160 49 tillhopa
1147 1443 131 44 38,5390
1318 1440 136 38 hektar
1483 1454 46 24 av
1556 1453 113 25 norra
1697 1440 133 37 skiftet

230 1508 47 23 av
317 1493 168 51 Uppsala
526 1493 254 49 hovstalläng,
826 1493 82 38 dels
951 1493 71 38 ock
1063 1494 84 36 från
1188 1492 144 39 Ultuna
1372 1492 354 38 lantbruksinstitut
1754 1492 74 37 den

230 1546 61 37 del
328 1560 47 23 av
411 1547 280 49 Kungsängen,
721 1559 79 24 som
829 1546 110 37 faller
967 1546 104 37 inom
1110 1546 45 37 de
1193 1548 21 34 å
1242 1559 48 23 en
1318 1545 64 37 vid
1410 1543 420 52 statsrådsprotokollet

229 1598 116 49 fogad
387 1598 110 37 karta
537 1598 168 50 angivna
746 1597 216 50 fulldragna
1003 1598 84 37 blåa
1127 1597 162 49 linjerna
1330 1597 71 37 och
1438 1597 13 37 i
1480 1598 100 37 areal
1619 1596 211 38 innehåller

231 1652 47 35 86
306 1650 148 48 hektar,

334 1707 65 43 att,
443 1705 125 34 såsom
605 1700 182 51 vederlag
826 1702 61 36 för
928 1701 235 38 sistnämnda
1191 1699 236 50 överlåtelse,
1457 1705 136 33 utöver
1619 1700 79 38 viss
1726 1705 104 44 gott-

230 1755 151 48 görelse
410 1754 12 37 i
451 1754 224 49 penningar,
704 1753 57 37 till
789 1753 141 38 Ultuna
958 1752 352 39 lantbruksinstitut
1339 1753 75 37 den
1439 1754 47 35 14
1506 1766 101 23 mars
1629 1753 97 37 1916
1747 1753 82 37 från

231 1805 331 50 domänstyrelsen
590 1805 189 38 överlåtes
808 1805 113 38 södra
949 1806 132 37 skiftet
1108 1819 48 23 av
1182 1805 168 50 Uppsala
1377 1804 258 50 hovstalläng,
1655 1803 87 38 med
1761 1818 68 23 un-

230 1858 143 49 dantag
400 1858 98 37 dock
527 1859 59 36 för
614 1858 91 37 därå
732 1857 199 50 befintliga
958 1858 228 49 lägenheten
1215 1857 186 47 Grönvik,
1432 1870 83 23 som
1542 1857 87 36 med
1658 1870 47 23 en
1729 1855 101 38 areal

232 1924 46 23 av
307 1912 47 35 50
384 1924 40 23 ar
444 1910 108 37 torde
570 1910 60 37 för
649 1910 304 37 domänfondens
971 1909 168 50 räkning
1158 1910 36 36 få
1212 1910 58 36 till
1288 1908 132 38 Ruben
1440 1908 177 49 Jansson,
1638 1922 81 24 som
1739 1913 94 45 äger

231 1963 91 37 därå
350 1962 197 50 befintliga
574 1962 239 50 byggnader,
842 1963 178 49 försäljas
1048 1962 60 37 för
1137 1976 47 23 en
1202 1961 260 50 köpeskilling
1481 1974 47 24 av
1550 1963 110 47 1,000
1676 1961 154 48 kronor,

334 2019 97 32 samt
460 2020 54 31 att
541 2014 259 49 nyssnämnda
827 2013 248 38 överlåtelser
1103 2014 83 37 från
1211 2013 329 50 domänstyrelsen
1571 2015 60 35 må
1663 2012 69 38 ske
1752 2018 80 31 mot

232 2066 75 38 den
348 2066 228 50 ersättning,
618 2066 142 49 Kungl.
803 2066 108 49 Maj:t
951 2066 75 37 kan
1067 2066 221 48 bestämma,
1318 2065 93 37 eller
1440 2064 97 38 efter
1564 2064 267 38 motsvarande

232 2118 278 50 nedskrivning
537 2118 12 37 1
578 2123 145 32 statens
752 2117 201 38 domäners
982 2117 104 38 fond.

333 2197 18 36 I
380 2196 207 50 anledning
614 2210 47 23 av
691 2195 245 38 förenämnda
962 2196 235 50 proposition
1224 2196 99 36 hava
1349 2195 103 37 inom
1482 2195 115 37 andra
1615 2195 216 36 kammaren

232 2249 132 37 väckts
405 2251 64 34 två
510 2249 196 48 motioner,
736 2249 193 49 nämligen
968 2262 46 23 nr
1042 2249 72 36 209
1144 2261 47 24 av
1230 2248 86 37 herr
1342 2248 252 46 Zetterstrand,
1624 2247 79 37 däri
1730 2247 100 36 hem-

232 2301 133 48 ställts,
395 2307 55 30 att
490 2301 285 50 propositionen
810 2300 83 37 icke
921 2302 116 36 måtte
1067 2313 45 24 av
1138 2300 204 49 riksdagen
1369 2299 163 49 bifallas,
1560 2305 98 31 samt
1684 2312 46 23 nr
1757 2301 71 35 221

316 2363 117 37 Bihang
456 2363 45 29 till
523 2363 168 37 riksdagens
708 2363 147 37 protokoll
878 2363 92 28 1915.
1018 2363 18 27 6
1058 2363 82 29 saml.
1186 2363 19 27 4
1228 2362 56 29 avd
1330 2362 26 28 I
1380 2362 74 36 häft.
1501 2362 61 33 (Nr
1586 2362 43 33 1)

1885 2204 138 24 Motioner.
