1904 2830
114 875 131 26 Utskottet.

289 174 38 30 76
743 181 272 30 Statsutskottets
1041 181 176 31 utlåtande
1242 192 40 20 nr
1306 183 29 30 9.

335 261 89 40 94:0)
448 263 182 37 Reglering
652 272 42 22 av
713 264 96 36 sjöar
828 264 97 30 inom
947 265 240 31 Indalsälvens
1210 266 232 31 flodområde.
1464 267 122 36 Kungl.
1610 268 100 36 Maj:t
1730 269 65 29 har

297 314 123 39 (punkt
437 315 52 35 94,
507 325 25 21 s.
556 315 71 38 152)
650 316 177 35 föreslagit
843 316 182 36 riksdagen
1045 320 49 27 att
1111 317 49 30 till
1181 317 178 37 Reglering
1376 327 43 21 av
1437 318 94 36 sjöar
1547 319 95 29 inom
1660 319 130 31 Indals-

293 366 116 30 älvens
437 365 214 32 flodområde
679 367 53 29 för
761 367 200 36 budgetåret
992 366 137 39 1947/48
1156 369 120 30 anvisa
1305 373 46 26 ett
1379 369 345 39 investeringsanslag
1750 380 43 20 av

294 416 62 30 500
371 416 62 30 000
456 417 137 30 kronor.

338 516 64 30 Till
425 518 227 30 förevarande
673 518 162 31 ändamål
858 520 44 30 ha
928 521 119 36 anslag
1070 521 143 36 tidigare
1236 523 149 30 anvisats
1410 523 50 29 till
1484 524 230 36 sammanlagt
1737 525 56 29 be-

293 568 81 35 lopp
400 576 42 21 av
471 568 169 30 7710540
666 568 138 31 kronor.

340 617 369 38 Vattenfallsstyrelsen
731 620 63 29 har
819 620 180 36 meddelat,
1023 625 48 27 att
1097 623 182 35 styrelsens
1303 623 234 36 kapitalandel
1562 624 8 29 i
1595 624 198 36 reglerings-

298 667 163 37 företaget
485 669 169 31 beräknas
679 670 142 31 komma
844 675 50 26 att
919 672 115 35 uppgå
1063 672 50 29 till
1137 674 147 34 ungefär
1308 674 95 29 8205
1418 674 63 30 000
1508 676 128 29 kronor
1660 676 66 29 den
1754 675 41 30 30

296 718 73 37 juni
389 719 92 36 1948,
500 719 43 37 på
561 721 112 35 grund
691 729 104 22 varav
812 720 195 38 ytterligare
1026 722 120 37 anslag
1164 724 216 29 erfordrades
1400 726 78 29 med
1498 725 62 29 500
1573 725 65 29 000
1656 727 138 29 kronor.

338 769 389 39 Departementschefen
751 771 64 29 har
838 770 162 38 tillstyrkt
1023 772 203 32 anvisandet
1248 783 41 21 av
1312 775 153 31 nämnda
1487 776 135 35 belopp.

339 870 77 29 Med
439 869 239 38 tillstyrkande
702 881 42 21 av
768 871 120 37 Kungl.
912 872 117 36 Maj:ts
1052 873 128 36 förslag
1202 874 196 31 hemställer
1421 876 176 35 utskottet,

647 943 48 26 att
716 938 183 37 riksdagen
919 940 56 31 må
998 939 50 32 till
1066 940 181 38 Reglering
1266 951 41 22 av
1331 944 93 35 sjöar
1446 943 93 31 inom
1560 942 237 32 Indalsälvens

603 989 216 35 flodområde
840 990 54 31 för
915 989 198 37 budgetåret
1138 986 138 42 1947/48
1300 992 119 32 anvisa
1441 996 45 28 ett
1510 993 285 37 investeringsan-

604 1039 72 36 slag
698 1049 43 21 av
768 1040 64 30 500
844 1040 64 31 000
932 1042 138 31 kronor.

335 1170 91 41 95:0)
448 1172 365 38 Regleringsåtgärder
837 1174 6 31 i
861 1169 322 42 Ångermanälvens
1203 1176 233 33 flodområde.
1458 1177 122 37 Kungl.
1602 1178 102 37 Maj:t
1722 1179 75 35 har,

300 1222 123 39 (punkt
448 1224 52 35 95,
523 1234 24 20 s.
574 1225 60 30 153
657 1227 65 29 och
750 1225 71 40 154)
850 1226 176 36 föreslagit
1049 1228 184 36 riksdagen
1257 1232 50 27 att
1330 1229 51 29 till
1405 1229 356 37 Regleringsåtgärder
1787 1230 9 30 i

294 1268 314 42 Ångermanälvens
632 1275 216 32 flodområde
874 1277 55 30 för
952 1277 200 36 budgetåret
1179 1274 138 42 1947/48
1342 1279 119 31 anvisa
1487 1283 46 27 ett
1557 1279 239 38 investerings-

292 1324 122 38 anslag
436 1334 43 21 av
502 1326 19 29 3
534 1326 65 30 000
611 1326 64 30 000
699 1326 137 31 kronor.

338 1407 66 32 Till
444 1409 228 31 förevarande
710 1410 163 32 ändamål
913 1412 45 31 ha
996 1412 119 37 anslag
1152 1411 144 38 tidigare
1335 1413 152 32 anvisats
1531 1415 78 30 med
1651 1414 146 38 tillhopa

297 1458 39 30 10
348 1460 64 29 000
426 1459 63 30 000
511 1460 137 31 kronor.

341 1509 370 39 Vattenfallsstyrelsen
733 1511 63 30 har
815 1521 48 21 nu
887 1512 98 31 äskat
1005 1514 119 35 anslag
1145 1514 78 30 med
1244 1515 18 29 3
1275 1514 63 30 000
1350 1515 64 30 000
1435 1516 128 29 kronor
1583 1514 50 32 till
1656 1516 73 31 dels
1750 1519 48 27 ett

295 1560 231 32 fortsättande
545 1570 42 21 av
605 1561 212 37 regleringen
837 1572 43 21 av
899 1563 89 31 vissa
1006 1563 95 37 sjöar
1120 1564 10 30 i
1150 1563 255 38 Fjällsjöälven,
1427 1565 71 32 dels
1520 1565 215 37 påbörjande
1756 1576 41 22 av

295 1610 200 37 Vojmsjöns
520 1611 176 38 reglering,
721 1612 72 32 dels
816 1614 65 29 ock
904 1613 90 32 vissa
1017 1615 79 30 med
1124 1614 189 31 Faxälvens
1338 1615 168 38 reglering
1530 1617 267 36 sammanhäng-

295 1661 89 31 ande
400 1661 169 37 åtgärder.

337 1711 389 39 Departementschefen
744 1714 65 30 har
825 1714 116 31 anfört
957 1715 107 30 bland
1084 1718 107 28 annat
1211 1715 165 36 följande.

336 1771 74 31 Vad
437 1772 86 31 först
550 1771 106 37 angår
686 1773 211 36 regleringen
924 1775 9 29 i
961 1774 246 36 Fjällsjöälven
1236 1775 180 37 föreligger
1443 1785 41 22 en
1513 1777 280 36 regleringsplan,

291 1822 78 22 vars
393 1814 269 36 genomförande
683 1816 186 31 beräknats
892 1817 106 35 draga
1019 1826 41 20 en
1085 1818 148 30 kostnad
1255 1828 42 21 av
1318 1818 161 37 omkring
1502 1820 37 29 12
1554 1819 63 30 000
1631 1820 63 30 000
1716 1820 77 30 kro-

292 1864 72 27 nor,
387 1864 105 21 varav
519 1857 37 29 10
569 1857 65 30 000
647 1858 64 29 000
733 1858 128 29 kronor
881 1859 107 30 redan
1011 1859 151 30 anvisats
1185 1869 41 21 av
1248 1860 193 36 riksdagen.
1467 1861 64 36 Jag
1552 1862 64 30 har
1637 1861 86 31 intet
1745 1865 49 28 att

291 1897 114 32 erinra
424 1901 71 27 mot
516 1902 48 27 att
583 1900 110 30 medel
711 1899 136 32 anvisas
868 1900 53 30 för
940 1901 230 31 fortsättande
1190 1911 42 21 av
1249 1902 115 31 denna
1386 1902 176 37 reglering.

337 1940 67 30 För
430 1940 198 37 Vojmsjöns
653 1941 166 36 reglering
844 1944 65 29 har
932 1943 128 36 förslag
1085 1945 205 34 upprättats,
1316 1946 66 29 och
1408 1946 234 30 kostnaderna
1667 1947 46 30 ha
1737 1947 56 30 be-

292 1983 143 30 räknats
458 1983 49 30 till
532 1984 159 36 omkring
714 1985 18 29 5
747 1984 62 30 500
822 1985 64 29 000
910 1986 136 29 kronor.
1073 1986 64 35 Jag
1162 1985 194 37 tillstyrker,
1385 1989 49 28 att
1458 1987 112 31 medel
1593 1988 54 30 för
1671 1988 122 36 påbör-

291 2024 106 37 jande
419 2034 42 21 av
480 2026 163 30 arbetena
664 2027 116 30 ställas
806 2026 50 30 till
878 2027 204 35 förfogande
1104 2028 109 30 under
1234 2029 101 30 nästa
1358 2029 176 35 budgetår.

336 2067 225 32 Beträffande
592 2069 56 30 det
679 2077 41 21 av
753 2068 363 37 vattenfallsstyrelsen
1148 2069 202 37 ifrågasatta
1379 2071 237 36 utnyttjandet
1649 2081 42 20 av
1727 2072 66 36 sjö-

292 2108 254 37 regleringarna
566 2111 10 29 i
598 2112 82 29 övre
700 2110 172 30 Faxälven
892 2112 53 29 för
969 2111 176 30 Nämfors-
1166 2113 65 29 och
1252 2112 431 32 Forsmoforsstationerna
1707 2115 86 29 före-

293 2151 88 37 ligga
406 2153 93 29 ännu
525 2152 73 30 icke
624 2152 106 36 några
756 2152 408 37 kostnadsberäkningar.
1191 2153 67 32 Om
1285 2154 184 36 riksdagen
1493 2155 76 31 icke
1595 2156 114 30 finner
1734 2166 59 20 an-

293 2193 139 36 ledning
451 2193 50 31 till
516 2194 138 31 erinran
670 2195 166 35 däremot,
852 2196 95 30 torde
965 2195 55 31 det
1035 2196 36 30 få
1088 2197 187 30 ankomma
1292 2196 43 36 på
1353 2197 122 36 Kungl.
1493 2196 101 37 Maj:t
1613 2201 58 32 att,
1688 2198 107 32 sedan

291 2237 169 35 styrelsen
487 2237 174 35 förebragt
690 2238 158 30 närmare
874 2237 182 36 utredning
1083 2238 10 29 i
1119 2238 149 36 ärendet,
1296 2241 107 34 pröva
1434 2239 121 36 frågan
1583 2250 58 20 om
1667 2243 128 28 statens

293 2279 203 36 deltagande
519 2279 10 30 i
553 2279 410 36 Faxälvsregleringarna.
988 2280 64 35 Jag
1076 2281 198 31 förutsätter
1300 2281 122 31 därvid
1445 2285 49 27 att
1518 2283 277 29 medelsbehovet

292 2322 111 30 under
420 2323 99 29 nästa
534 2320 167 37 budgetår
718 2322 86 30 skall
822 2323 119 29 kunna
956 2322 195 36 tillgodoses
1168 2323 93 29 inom
1279 2333 119 21 ramen
1419 2324 54 30 för
1490 2325 57 30 det
1566 2333 41 22 av
1628 2325 167 35 styrelsen

292 2373 49 21 nu
370 2364 128 30 äskade
528 2364 162 35 anslaget.
722 2363 134 36 Frågan
886 2373 56 21 om
975 2364 138 31 fortsatt
1143 2364 313 37 medelsanvisning
1486 2366 50 30 till
1567 2367 228 30 förevarande

293 2405 164 31 ändamål
481 2406 97 30 torde
599 2405 184 31 framdeles
806 2406 36 31 få
863 2406 154 31 anmälas
1041 2406 56 31 för
1121 2406 192 37 riksdagen.

337 2448 73 30 Mot
431 2448 182 36 styrelsens
637 2447 231 36 beräkningar
889 2448 147 31 rörande
1057 2449 276 31 medelsbehovet
1357 2449 55 30 för
1435 2452 99 29 nästa
1555 2449 168 37 budgetår
1744 2449 51 33 till

293 2489 346 37 regleringsåtgärder
661 2490 10 30 i
692 2484 314 41 Ångermanälvens
1026 2490 216 32 flodområde
1263 2500 100 27 synes
1385 2491 86 31 intet
1493 2501 82 21 vara
1597 2496 50 27 att
1672 2492 122 31 erinra.
