1902 2848
544 184 293 32 Statsutskottets
869 186 188 31 utlåtande
1089 187 51 30 Nr
1166 187 50 30 98.
1565 188 17 29 9

157 267 17 30 I
197 278 43 21 en
265 269 59 30 vid
351 269 94 31 detta
469 270 183 31 utlåtande
676 271 105 35 fogad
806 272 224 35 förteckning
1055 272 147 35 angives
1226 272 57 31 det
1307 283 44 20 av
1369 273 132 35 Kungl.
1519 274 102 36 Maj:t

117 320 197 36 föreslagna
349 322 133 30 antalet
517 322 174 31 ordinarie
729 323 348 35 befattningshavare
1101 324 61 30 vid
1186 325 193 30 tullverket
1402 325 53 30 för
1478 326 142 36 budget-

114 373 73 29 äret
212 373 213 30 1925—1926
450 371 81 35 (Bil.
556 372 56 35 A.)

156 475 86 30 Före
277 476 280 35 framläggandet
590 488 44 19 av
662 478 272 35 ifrågavarande
958 479 132 35 förslag
1114 479 57 30 till
1196 480 239 35 utgiftsstater
1459 482 53 29 för
1535 482 81 30 tull-

114 526 119 31 verket
256 527 54 30 för
334 527 206 36 budgetåret
563 529 212 30 1925—1926
800 530 64 29 har
888 530 382 35 departementschefen
1298 532 176 36 redogjort
1491 533 53 30 för
1560 532 57 31 det

114 577 262 37 huvudsakliga
406 579 193 31 innehållet
623 590 44 20 av
692 580 56 30 det
772 581 229 35 betänkande,
1026 591 73 21 som
1123 581 66 31 den
1213 583 78 30 med
1314 583 76 31 stöd
1413 593 44 20 av
1481 584 135 36 Kungl.

113 629 119 36 Maj:ts
256 630 281 36 bemyndigande
561 631 64 30 den
650 632 39 29 21
713 632 80 35 juni
818 632 82 30 1922
918 633 150 30 tillsatta
1086 633 532 37 tjänstgöringskommissionen

113 680 53 30 för
201 681 194 31 tullverket
430 682 65 30 den
520 682 40 31 30
584 682 79 36 juni
688 684 83 30 1924
795 684 150 35 avgivit.
992 684 388 36 Departementsehefen
1405 687 63 30 har
1492 687 124 31 härvid

112 732 88 30 först
223 732 136 31 lämnat
382 743 43 21 en
450 734 214 35 redogörelse
689 735 53 30 för
766 736 291 31 kommissionens
1081 737 133 36 förslag
1240 738 147 31 rörande
1410 738 56 31 det
1484 739 60 30 vid
1560 748 57 21 en-

112 793 63 21 var
210 785 295 36 tullförvaltning
539 786 228 36 erforderliga
802 788 133 30 antalet
970 788 216 36 tjänstemän
1209 799 45 20 av
1279 790 96 35 lägre
1399 790 217 37 tjänstegrad

111 838 46 28 än
181 836 107 30 förste
312 837 281 31 tullkontrollörs
617 838 63 30 och
703 839 142 35 angivit
868 840 55 30 sin
947 840 173 36 ställning
1144 841 56 30 till
1226 841 193 31 detsamma
1434 844 91 29 samt
1541 843 75 30 där-

111 887 87 30 efter
221 889 162 34 övergått
407 888 57 31 till
482 889 290 32 kommissionens
789 891 131 35 förslag
938 892 12 29 i
966 892 101 34 fråga
1084 902 55 20 om
1156 893 460 36 tullförvaltartjänsternas

111 938 259 37 klassificering
394 949 45 20 m.
464 950 45 20 m.

153 990 122 31 Såsom
309 1001 44 20 av
388 992 380 35 statsrådsprotokollet
803 991 77 36 (sid.
906 993 140 35 20—22)
1070 996 167 36 framgår,
1262 996 63 30 har
1349 996 267 37 departements-

110 1041 132 37 chefen,
278 1043 12 30 i
325 1043 112 31 likhet
472 1043 77 31 med
573 1045 398 37 generaltullstyrelsen,
997 1047 75 30 icke
1096 1047 76 31 haft
1196 1049 108 35 något
1327 1050 52 29 att
1403 1049 118 30 erinra
1544 1051 71 29 mot

110 1093 41 31 de
186 1094 183 31 allmänna
403 1096 229 36 synpunkter,
658 1097 98 30 vilka
780 1097 535 37 tjänstgöringskommissionen
1338 1100 140 36 angivit
1502 1101 113 30 såsom

110 1146 216 36 vägledande
349 1146 55 31 för
428 1147 75 31 dess
527 1148 87 31 först
637 1149 234 31 omförmälda
894 1150 142 36 förslag.
1082 1151 75 31 Den
1180 1151 204 37 fördelning
1408 1152 12 30 i
1443 1153 100 35 fråga
1559 1163 56 20 om

109 1198 134 30 arbetet
278 1198 131 31 mellan
443 1200 350 36 befattningshavare
828 1202 78 31 med
940 1203 511 37 kammarskrivarutbildning
1475 1205 63 30 och
1561 1205 54 30 be-

109 1249 309 36 fattningshavare
442 1252 86 30 utan
553 1252 109 31 sådan
686 1253 216 37 utbildning,
927 1255 274 31 kommissionen
1224 1255 128 31 härvid
1368 1256 165 36 förordat,
1551 1256 63 31 har

109 1300 31 36 ej
177 1301 110 30 heller
322 1303 98 35 synts
456 1303 381 36 departementschefen
871 1306 83 35 giva
989 1306 194 37 anledning
1218 1307 58 31 till
1300 1308 142 30 erinran
1466 1308 63 31 och
1552 1308 62 31 har

109 1352 381 36 departementschefen
524 1355 183 31 ävenledes
742 1357 130 31 uttalat
905 1358 57 30 sin
996 1359 211 35 anslutning
1242 1359 57 30 till
1323 1360 291 31 kommissionens

108 1404 132 36 förslag
269 1405 12 30 i
305 1405 102 36 fråga
431 1416 55 20 om
510 1407 364 38 arbetsfördelningen
897 1409 132 31 mellan
1052 1411 21 29 å
1097 1420 62 20 ena
1183 1410 103 31 sidan
1309 1411 305 32 tullkontrollörer

108 1456 63 31 och
194 1456 324 32 kammarskrivare
541 1459 63 30 och
627 1460 21 29 å
670 1459 112 31 andra
805 1461 101 30 sidan
930 1461 41 31 de
995 1461 97 36 lägre
1115 1462 389 36 befattningshavarna.
1543 1463 70 31 Till

110 1508 66 30 den
200 1508 229 37 ståndpunkt,
454 1509 380 37 departementschefen
858 1513 150 31 sålunda
1031 1514 133 36 intagit
1187 1515 59 30 till
1270 1514 144 31 berörda
1431 1516 181 36 spörsmål,

107 1560 64 30 har
205 1560 63 31 ock
303 1561 171 31 utskottet
509 1562 147 31 kommit
680 1564 63 30 och
766 1574 103 26 synes
892 1565 105 31 alltså
1020 1566 113 36 enligt
1157 1566 188 32 utskottets
1369 1567 145 36 mening
1537 1568 75 30 skäl

106 1611 58 31 till
188 1613 144 30 erinran
356 1615 71 29 mot
451 1614 169 36 förslaget
644 1615 12 30 i
679 1625 49 21 nu
752 1617 153 30 nämnda
929 1617 96 31 delar
1049 1618 75 30 icke
1149 1618 200 31 förefinnas.

149 1663 125 37 Enligt
308 1665 69 31 vad
411 1666 381 36 statsrådsprotokollet
827 1669 121 30 vidare
972 1670 147 36 utvisar,
1144 1670 65 30 har
1233 1670 380 36 departementschefen

106 1717 115 29 ansett
256 1716 56 31 det
347 1717 76 31 icke
457 1728 87 20 vara
577 1719 142 36 möjligt
753 1721 52 29 att
836 1720 111 31 under
970 1731 49 21 nu
1044 1721 151 32 rådande
1218 1722 248 32 förhållanden
1490 1724 122 36 intaga

105 1768 119 35 någon
259 1768 156 31 bestämd
443 1770 219 35 ståndpunkt
685 1771 58 31 till
768 1782 81 20 vare
873 1773 55 35 sig
952 1773 551 37 tjänstgöringskommissionens
1527 1775 85 31 eller

105 1819 404 37 generaltullstyrelsens
544 1822 131 36 förslag
709 1823 57 31 till
802 1825 218 35 normalstat,
1048 1826 111 30 såvitt
1181 1827 113 35 angår
1317 1828 131 30 statens
1472 1827 139 32 omfatt-

105 1871 98 36 ning.
250 1871 72 31 Till
357 1872 114 31 denna
494 1873 397 36 departementschefens
915 1877 144 36 mening
1082 1878 159 31 ansluter
1265 1879 54 35 sig
1344 1879 62 31 ock
1429 1879 180 31 utskottet.

105 1922 77 32 Vad
217 1923 155 32 diiremot
408 1926 110 35 angår
552 1926 246 38 fördelningen
826 1938 44 20 av
895 1928 39 31 de
959 1929 95 31 olika
1078 1930 200 35 göromålen
1302 1931 54 30 för
1381 1931 228 37 befattnings-

105 1975 131 30 havare
270 1976 13 30 i
318 1976 115 31 skilda
467 1977 206 37 lönegrader
700 1979 97 31 torde
821 1990 92 26 man,
938 1982 45 34 på
1006 1982 70 30 sätt
1099 1982 382 36 departementschefen
1504 1983 105 31 fram-

104 2026 115 37 hållit,
255 2027 121 31 kunna
399 2029 44 35 på
467 2029 223 36 grundvalen
713 2041 45 20 av
783 2032 292 32 kommissionens
1099 2034 232 37 utredningar
1355 2034 107 31 redan
1485 2045 49 20 nu
1558 2036 51 30 in-

104 2080 83 35 taga
220 2080 213 31 åtminstone
467 2082 201 36 principiell
703 2083 174 37 ställning
906 2085 56 30 till
987 2086 254 31 normalstaten
1264 2087 64 30 och
1350 2097 103 26 synes
1477 2087 57 31 det
1556 2089 54 29 ut-

103 2130 139 36 skottet,
266 2132 52 30 att
342 2141 92 26 man,
458 2134 44 34 på
525 2135 70 29 sätt
619 2135 12 30 i
654 2136 262 35 propositionen
940 2137 63 30 ock
1027 2138 101 35 skett,
1151 2138 60 31 vid
1228 2139 221 35 prövningen
1466 2149 45 20 av
1528 2139 80 31 tull-

103 2182 139 31 verkets
276 2184 274 35 personalbehov
585 2186 60 31 bör
674 2187 86 30 söka
783 2190 124 29 närma
930 2189 55 35 sig
1009 2189 66 31 den
1098 2190 202 36 fördelning
1323 2201 45 20 av
1392 2191 215 36 personalen,

102 2244 74 21 som
200 2235 150 31 kommit
373 2236 57 31 till
455 2238 143 35 uttryck
623 2238 12 30 i
658 2233 293 38 kommissionens
976 2241 132 36 förslag
1133 2242 57 31 till
1215 2243 218 30 normalstat.

146 2286 77 32 Vad
258 2287 154 32 härefter
446 2289 168 31 beträffar
648 2290 135 38 Kungl.
811 2291 120 37 Maj:ts
955 2292 131 37 förslag
1111 2294 11 30 i
1147 2294 101 37 fråga
1272 2304 56 21 om
1351 2294 256 32 tullförvaltar-

102 2338 215 36 tjänsternas
352 2340 256 38 klassificering
642 2352 45 21 m.
720 2353 57 26 m.,
801 2344 64 30 har
889 2345 169 36 förslaget
1080 2345 220 32 härutinnan
1324 2347 31 36 ej
1381 2347 109 31 heller
1514 2348 92 35 givit

102 2390 172 31 utskottet
298 2392 192 36 anledning
514 2393 56 31 till
594 2394 142 31 erinran
760 2396 64 30 och
848 2397 198 36 tillstyrker
1072 2398 168 31 utskottet
1263 2394 116 40 alltså,
1400 2400 53 30 att
1469 2399 138 31 tullför-

102 2442 275 36 valtartjänsten
402 2444 12 30 i
437 2444 219 33 Stockholms
680 2447 158 31 frihamn
862 2449 193 36 uppflyttas
1080 2450 79 31 från
1183 2450 95 31 klass
1303 2452 18 29 2
1345 2451 56 31 till
1423 2451 94 31 klass
1537 2452 15 30 1
1566 2451 39 31 B.

1673 481 137 24 Utskottets

1674 516 131 30 yttrande.
