1886 2852
236 163 244 36 Sammansatt
503 166 103 33 stats-
630 162 66 36 och
717 162 351 41 jordbruksutskotts
1090 161 188 36 utlåtande
1300 162 53 36 Nr
1379 165 31 32 7.
1518 163 19 34 1

774 508 58 40 Nr
860 507 36 42 7.

603 636 112 25 Ankom
735 636 43 24 till
797 636 163 31 riksdagens
979 636 91 24 kansli
1090 635 54 25 den
1166 637 30 23 15
1217 636 55 31 maj
1291 636 64 24 1931
1379 636 38 24 kl.
1436 636 14 24 4
1471 643 22 17 e.
1513 642 37 17 m.

184 737 194 32 Utlåtande
402 738 14 30 i
438 737 194 38 anledning
657 748 46 21 av
727 738 134 38 Kungl.
885 737 130 38 Maj:ts
1039 738 221 37 proposition
1285 737 186 37 angående
1494 736 91 32 lant-

382 790 457 38 mäteriundervisningens
881 790 184 32 ordnande
1105 791 112 36 jämte
1257 790 13 30 i
1303 791 120 30 ämnet
1455 789 131 31 väckta

382 842 185 32 motioner.

123 962 18 31 I
162 972 45 22 en
229 962 57 32 till
308 962 195 37 riksdagen
526 963 68 31 den
617 962 38 32 13
679 972 96 22 mars
797 963 78 31 1931
898 963 155 37 avlåten,
1078 963 56 31 till
1157 963 172 32 utskottet
1354 962 231 32 överlämnad

83 1014 231 37 proposition,
334 1024 43 21 nr
399 1014 68 37 183,
490 1015 65 31 har
579 1015 135 36 Kungl.
736 1014 110 37 Maj:t
869 1015 113 32 under
1005 1015 223 37 åberopande
1250 1025 47 21 av
1318 1014 268 37 propositionen

85 1066 114 37 bilagt
225 1067 131 36 utdrag
385 1077 46 21 av
458 1066 392 37 statsrådsprotokollet
877 1069 84 29 över
989 1066 352 37 jordbruksärenden
1366 1067 56 31 för
1450 1077 136 21 samma

85 1118 69 37 dag
175 1118 188 37 föreslagit
386 1118 194 37 riksdagen
602 1120 55 30 att

124 1178 32 36 1)
181 1179 190 36 godkänna
403 1189 47 21 av
482 1179 392 37 departementschefen
905 1179 203 37 tillstyrkta
1138 1180 285 36 huvudgrunder
1456 1180 55 31 för
1543 1189 44 21 en

85 1231 305 36 omorganisation
422 1241 46 21 av
501 1231 519 37 lantmäteriundervisningen
1050 1234 94 29 samt

123 1291 33 36 2)
181 1291 217 38 bemyndiga
422 1291 135 37 Kungl.
583 1291 110 37 Maj:t
720 1293 54 30 att
800 1292 148 36 vidtaga
974 1292 112 32 under
1112 1292 100 32 tiden
1237 1292 68 32 den
1330 1293 18 30 1
1374 1292 69 37 juli
1470 1292 118 31 1931—

86 1344 68 32 den
179 1343 38 32 30
243 1343 80 37 juni
349 1343 77 31 1932
454 1343 239 37 erforderliga
717 1344 170 36 åtgärder
915 1344 56 31 för
998 1344 224 32 tillsättande
1249 1355 45 21 av
1322 1345 225 36 professurer
1574 1344 13 31 i

84 1396 149 36 juridik,
258 1395 252 32 kulturteknik
534 1396 65 30 och
622 1395 328 37 jorddelningslära
977 1396 60 32 vid
1060 1396 527 37 lantmäteriundervisningen.

124 1447 238 32 Beträffande
389 1447 42 32 de
458 1447 88 36 skäl,
573 1457 76 21 som
675 1447 139 32 anförts
841 1447 58 31 till
925 1448 80 31 stöd
1031 1448 56 33 för
1114 1448 134 36 Kungl.
1274 1448 130 37 Maj:ts
1430 1448 157 37 proposi-

88 1500 83 36 tion,
203 1499 180 37 hänvisas,
414 1499 13 31 i
459 1499 68 32 den
558 1499 85 31 mån
675 1499 221 36 redogörelse
930 1499 125 31 härför
1086 1499 77 31 icke
1195 1500 117 32 nedan
1344 1500 149 37 lämnas,
1528 1500 55 32 till

88 1552 149 31 berörda
260 1551 365 37 statsrådsprotokoll.

125 1630 18 31 I
169 1630 99 32 detta
291 1629 261 37 sammanhang
578 1630 66 31 har
670 1629 172 32 utskottet
868 1630 121 31 tillika
1016 1630 157 32 förehaft
1199 1631 62 31 två
1285 1631 12 30 i
1323 1631 196 37 anledning
1543 1641 45 21 av

86 1682 267 37 propositionen
384 1682 142 37 väckta,
558 1681 59 32 till
648 1682 175 31 utskottet
855 1682 251 31 överlämnade
1139 1682 230 37 likalydande
1402 1683 186 37 motioner,

86 1734 184 36 nämligen
287 1733 32 32 I:
333 1734 59 30 249
412 1744 46 21 av
480 1734 82 31 herr
586 1733 155 32 Forssell
762 1734 65 31 och
848 1733 52 32 II:
916 1734 58 30 415
995 1744 46 21 av
1062 1734 125 31 herrar
1211 1735 145 32 Wohlin
1376 1735 65 31 och
1464 1735 124 31 Thom-

86 1796 73 27 son,
180 1786 80 31 vari
280 1785 212 37 hemställts,
510 1787 54 30 att
585 1785 194 37 riksdagen
798 1785 96 38 ville,
914 1786 82 31 med
1017 1786 125 37 avslag
1163 1788 21 29 å
1205 1786 134 37 Kungl.
1361 1786 129 38 Maj:ts
1510 1797 78 27 pro-

86 1838 166 37 position,
275 1838 55 31 för
351 1838 56 31 sin
431 1837 56 32 del
508 1837 141 32 besluta
670 1841 55 27 att

125 1896 32 37 1)
183 1898 56 32 för
265 1897 519 37 lantmäteriundervisningen
808 1898 92 30 skall
924 1898 208 35 nyinrättas
1156 1908 44 21 en
1227 1899 280 37 fackavdelning
1533 1900 55 31 för

88 1949 309 37 mätningsteknik
423 1949 62 31 vid
512 1949 166 31 tekniska
704 1949 206 36 högskolan,
938 1949 183 31 anordnad
1148 1950 113 36 enligt
1288 1951 41 30 de
1356 1951 233 37 huvudgrun-

88 2001 71 37 der,
180 2011 76 21 som
275 2001 151 37 angivas
447 2001 13 30 i
481 2002 52 30 ett
555 2011 46 20 av
620 2000 167 31 tekniska
808 2000 197 37 högskolan
1027 2000 66 31 den
1114 2001 37 31 30
1173 2001 145 36 januari
1341 2002 79 31 1931
1442 2003 147 36 avgivet

88 2055 116 29 såsom
227 2053 121 37 bilaga
370 2052 60 31 till
452 2052 224 31 motionerna
700 2052 100 36 fogat
824 2052 180 36 yttrande,
1028 2052 79 31 med
1130 2052 41 31 de
1194 2053 294 32 modifikationer
1512 2055 77 31 där-

89 2116 55 25 av,
174 2115 75 21 som
278 2105 12 31 i
318 2104 226 31 motionerna
574 2103 206 38 föreslagits
809 2104 12 30 i
851 2103 211 38 anslutning
1092 2104 57 31 till
1179 2105 410 36 departementschefens

90 2156 136 38 förslag
250 2158 93 29 samt

127 2215 33 37 2)
185 2216 217 37 bemyndiga
427 2216 134 37 Kungl.
586 2215 111 37 Maj:t
723 2217 53 29 att
803 2215 150 37 vidtaga
978 2216 111 31 under
1116 2216 99 32 tiden
1240 2217 67 31 den
1333 2219 18 30 1
1376 2218 69 36 juli
1472 2218 119 31 1931—

91 2268 68 31 den
185 2269 37 30 30
249 2268 80 36 juni
356 2268 78 31 1932
462 2267 239 37 erforderliga
727 2266 168 37 åtgärder
923 2267 56 31 för
1007 2267 224 32 tillsättande
1258 2279 46 21 av
1329 2270 224 35 professurer
1580 2271 10 29 i

91 2319 260 35 kulturteknik,
376 2318 141 36 geodesi
540 2318 64 31 och
625 2317 327 37 jorddelningslära
974 2318 62 31 vid
1058 2319 165 31 tekniska
1244 2320 207 36 högskolan.

128 2370 237 31 Beträffande
386 2370 41 30 de
446 2369 88 36 skäl,
553 2379 75 21 som
647 2369 140 31 anförts
805 2369 56 30 till
882 2369 77 30 stöd
980 2370 55 30 för
1056 2369 40 31 de
1117 2370 126 36 gjorda
1263 2371 327 38 framställningar-

91 2432 55 26 na,
171 2421 170 31 hänvisas
365 2420 58 31 till
446 2420 234 31 motionerna.

92 2510 109 32 Bihang
223 2509 40 25 till
283 2508 167 32 riksdagens
471 2508 144 32 protokoll
639 2508 74 25 1931.
743 2510 16 23 6
778 2509 81 24 saml.
897 2509 16 25 2
932 2509 62 25 avd.
1032 2510 16 22 3
1067 2509 69 32 häft.
1175 2508 51 31 (Nr
1246 2508 33 30 7.)
1546 2514 10 23 1

1639 1645 140 24 Motioner.
