2198 2628
404 168 39 31 28
885 163 234 42 Lagutskottets
1142 160 161 47 utlåtande
1325 159 53 31 Nr»
1399 160 50 29 14.

519 249 141 42 (Kungl.
684 248 119 40 Maj:ts
825 246 146 42 förslag.)
1402 241 198 42 (Utskottets
1622 239 149 41 förslag.)

364 356 159 35 ämbets-
564 356 90 34 eller
684 354 242 46 tjänstemäns
954 350 212 47 skiljaktiga
1192 349 164 46 begrepp
1389 360 59 22 om
1477 346 83 34 dess
1588 344 168 35 ändamål
1784 342 194 36 föranleda

364 407 99 35 olika
502 406 91 35 eller
633 404 138 47 oriktig
811 403 238 46 tillämpning
1089 400 122 43 därav,
1249 399 66 34 bör
1355 398 71 35 han
1453 398 13 33 i
1495 397 57 34 sin
1579 395 193 35 berättelse
1799 393 58 35 till
1885 394 92 34 riks-

364 457 119 47 dagen
523 456 93 49 yrka
649 467 44 23 en
726 455 59 34 till
814 453 108 35 enhet
949 452 68 35 och
1045 450 267 46 sammanhang
1338 448 14 35 i
1378 447 287 47 tillämpningen
1691 443 185 37 verkande
1904 442 74 36 för-

365 508 148 46 klaring
540 519 43 22 av
611 518 46 22 en
684 504 114 36 sådan
826 505 61 46 lag
914 503 89 35 eller
1028 500 234 47 författning.

1120 618 43 34 15
1192 615 34 45 8.

502 706 129 37 Skulle
672 702 453 38 militieombudsmannen
1165 699 132 43 erfara,
1339 704 53 30 att
1431 700 102 33 inom
1580 696 167 36 området
1791 694 58 36 för
1892 694 89 35 hans

368 757 328 46 ämbetsutövning
734 758 115 44 något
888 758 98 31 emot
1025 751 170 48 gällande
1235 750 276 35 bestämmelser
1552 746 188 37 stridande
1767 744 214 37 förfarande

368 816 40 27 är
434 808 170 47 brukligt
631 806 60 36 vid
721 806 202 34 domstolar
950 804 89 35 eller
1066 801 229 36 ämbetsverk
1323 801 90 34 eller
1438 799 68 35 hos
1535 798 157 35 ämbets-
1706 797 104 46 eller
1830 796 151 47 tjänste-

368 866 97 36 män,
506 861 59 31 må
598 857 70 35 han
695 857 13 33 i
736 856 58 35 sin
822 855 193 35 berättelse
1043 852 174 35 anmärka
1243 850 248 47 oriktigheten
1519 848 122 35 därav.
1695 845 60 37 Ar
1774 849 78 33 åter
1869 848 112 44 något

369 908 186 36 missbruk
596 907 242 47 uppkommet
877 906 12 34 i
928 905 93 35 brist
1062 916 44 23 av
1140 901 239 48 stadganden,
1408 901 122 45 åligge
1558 899 135 34 honom
1721 901 56 31 att
1805 896 60 35 för
1890 896 91 35 riks-

369 959 119 48 dagen
515 958 197 35 framhålla
739 955 314 48 angelägenheten
1082 966 44 22 av
1154 951 243 47 erforderliga
1416 949 293 36 bestämmelsers
1728 941 252 58 meddelande.

1123 1071 43 35 16
1195 1068 34 44 $.

506 1157 127 37 Anser
672 1155 466 42 militieombudsmannen,
1179 1158 53 30 att
1271 1153 100 34 inom
1413 1150 168 36 området
1620 1148 58 37 för
1704 1149 92 34 hans
1823 1147 160 36 ämbets-

371 1210 184 46 utövning
595 1212 120 43 någon
755 1207 267 40 bestämmelse,
1053 1218 77 22 som
1159 1204 60 35 det
1247 1204 216 34 ankommer
1490 1204 48 44 på
1566 1200 206 45 Konungen
1800 1203 55 30 ati
1881 1197 102 35 med-

371 1260 92 40 dela,
505 1267 40 27 är
584 1258 184 47 behövlig,
809 1258 89 34 eller
937 1259 121 44 någon
1086 1254 158 47 ändring
1270 1252 184 37 erfordras
1482 1253 12 33 i
1523 1250 101 36 förut
1650 1248 194 37 meddelad
1871 1248 113 36 sådan

372 1311 267 42 bestämmelse,
681 1309 89 34 eller
810 1307 104 46 eljest
952 1309 124 44 någon
1108 1305 135 35 anstalt
1269 1310 40 29 är
1336 1302 114 47 nödig
1477 1302 59 34 till
1565 1299 253 48 befrämjande
1845 1311 45 24 av
1917 1299 67 35 all-

373 1366 104 30 mänt
504 1373 109 35 gagn,
644 1362 58 32 må
728 1359 75 35 han
830 1358 125 34 därom
983 1365 93 39 göra
1103 1355 169 36 anmälan
1299 1354 67 35 hos
1395 1352 222 47 Konungen.

1127 1474 43 33 17
1199 1471 34 44 8.

509 1560 137 36 Finner
681 1557 464 40 militieombndsmannen,
1187 1560 54 30 att
1281 1555 103 35 inom
1425 1553 167 37 området
1624 1551 57 36 för
1708 1552 92 35 hans
1828 1551 158 35 ämbets-

375 1611 183 48 utövning
597 1613 121 45 någon
759 1608 224 47 författning
1022 1608 82 35 icke
1146 1605 193 37 efterleves
1381 1609 89 31 utan
1511 1603 97 35 fallit
1646 1604 13 33 i
1698 1602 178 48 glömska,
1917 1601 68 35 och

375 1675 106 23 anser
508 1662 71 35 han
608 1660 62 36 det
696 1673 86 22 vara
810 1667 87 27 utan
926 1663 116 43 nytta,
1072 1662 53 30 att
1164 1656 70 36 den
1276 1658 77 32 åter
1393 1656 150 45 bringas
1583 1654 12 34 i
1635 1652 251 48 tillämpning,
1928 1654 59 32 må

375 1714 83 43 han,
500 1725 59 22 om
601 1711 62 35 det
700 1710 216 36 ankommer
956 1711 45 44 på
1033 1708 206 46 Konungen
1267 1711 55 30 att
1351 1705 171 48 upphäva
1549 1702 280 47 författningen,
1860 1702 126 34 därom

376 1770 88 41 göra
504 1761 220 36 hemställan
763 1760 68 35 hos
871 1759 211 47 Konungen
1114 1757 69 36 och
1209 1758 13 34 i
1250 1760 110 32 annat
1388 1755 65 36 fall
1480 1754 146 36 anmäla
1652 1752 250 37 förhållandet
1929 1751 58 35 för

375 1813 208 48 riksdagen.

1132 1877 45 34 18
1204 1873 35 44 8.

511 1961 455 37 Militieombudsmannen
1007 1960 68 35 bör
1113 1959 165 35 inhämta
1317 1969 193 36 noggrann
1539 1955 206 36 kännedom
1775 1966 61 23 om
1864 1952 124 37 anled-

378 2016 181 46 ningarna
586 2014 57 34 till
671 2011 182 36 häktande
881 2025 43 21 av
951 2023 186 35 personer,
1166 2022 78 23 som
1273 2009 115 35 åtalas
1415 2007 59 36 vid
1505 2005 271 48 krigsdomstol,
1806 2008 97 31 samt
1928 2015 60 23 om

378 2065 103 35 tiden
522 2063 59 36 för
609 2062 168 37 hållande
804 2063 13 33 i
846 2061 173 48 fängsligt
1052 2060 123 35 förvar
1201 2072 44 22 av
1272 2059 135 35 sådana
1433 2057 159 35 häktade
1619 2056 66 35 och
1714 2068 43 22 av
1785 2054 97 43 dem,
1910 2066 79 23 som

378 2115 62 36 vid
481 2114 264 44 krigsdomstol
786 2112 121 35 dömts
947 2113 57 33 till
1041 2109 248 37 fribetsstraff.
1347 2109 69 35 Det
1443 2108 122 47 åligge
1592 2107 133 34 honom
1753 2105 68 35 ock
1847 2110 55 29 att
1929 2104 61 35 be-

380 2166 88 35 söka
494 2164 287 41 militärhäkten,
811 2167 156 31 arrester
993 2162 68 35 och
1090 2160 183 48 fängelser
1299 2158 59 37 för
1385 2164 52 30 att
1464 2165 90 41 göra
1582 2158 57 44 sig
1666 2154 240 37 underrättad
1929 2167 60 22 om

379 2215 161 36 nämnda
575 2214 148 48 fångars
764 2213 135 36 skötsel
939 2212 69 35 och
1050 2211 203 35 underhåll.
1309 2209 53 36 De
1401 2209 201 46 fånglistor
1628 2206 58 36 för
1716 2205 274 36 militärhäkten
