2190 2628
639 208 402 31 Konstilutionsutskottets
1066 209 162 30 utlåtande
1251 208 51 30 Nr
1330 210 43 28 14.
1784 208 19 29 3

210 292 238 49 vederbörlig
489 292 167 49 ordning
696 293 148 36 indriva
886 294 70 35 och
998 293 56 36 till
1084 293 188 36 nämnden
1301 293 178 36 redovisa
1508 292 46 36 de
1583 292 219 36 resterande

210 344 257 50 utskylderna.
524 344 204 49 Samtidigt
770 345 85 36 med
894 345 311 36 överlämnandet
1234 358 45 23 av
1307 344 245 48 restlängden
1582 344 57 35 till
1667 348 136 32 utmät-

210 396 278 49 ningsmannen
518 396 95 36 skall
642 397 186 35 nämnden
860 397 129 35 härom
1031 397 56 36 till
1123 397 237 47 Konungens
1396 395 407 48 befallningshavande

209 448 158 36 insända
396 448 169 47 skriftlig
592 447 173 37 anmälan
794 449 84 35 med
907 448 152 49 uppgift
1088 451 20 33 å
1136 447 265 48 restlängdens
1430 447 230 36 slutsumma.

314 499 71 36 Vid
426 499 240 36 indrivandet
707 513 45 22 av
794 499 46 36 de
883 499 221 36 resterande
1145 499 249 48 utskylderna
1429 504 93 42 äger
1550 499 254 47 utmätnings-

211 563 162 23 mannen
414 555 55 31 att
510 552 124 34 såsom
667 550 395 49 uppbördsprovision
1086 551 142 48 jämväl
1256 555 132 42 uttaga
1416 550 71 35 hos
1516 550 73 35 den
1617 550 185 47 restskyl-

211 601 87 48 dige
327 607 56 30 tre
412 606 160 44 procent
600 615 47 23 av
676 602 65 35 det
768 602 218 37 resterande
1015 602 189 49 beloppet.

314 807 57 37 Gå
415 831 1 1 —
498 829 104 4 ——
647 803 111 58 —-—
788 803 40 58 —-
895 830 94 3 oo
1019 830 48 4 —
1101 829 43 4 S
1188 830 3 3 —
1253 829 46 4 —
1328 829 49 3 —
1407 829 46 3 —
1484 829 19 3 —
1553 829 14 3 —
1579 806 223 49 förbjuda.

314 859 172 37 Grundag
538 882 36 3 —
613 881 39 4 —
690 881 34 4 —
767 881 28 4 —
846 882 17 2 -
926 881 118 5 ——
1080 881 44 3 —
1231 881 48 4 —
1308 880 49 4 —
1386 881 9 2 —
1464 882 47 4 —
1529 854 40 57 —
1617 858 186 36 förordna.

314 910 68 37 Om
412 911 237 48 Konungens
677 911 403 48 befallningshavande
1108 911 64 35 vid
1200 910 190 49 prövning
1417 924 47 22 av
1492 909 158 37 anförda
1669 909 137 37 besvär

211 968 88 31 över
339 963 426 36 kommunalstämmans
806 962 123 36 beslut
957 962 11 35 i
997 963 107 48 fråga
1132 975 60 23 om
1209 962 207 36 framställd
1446 961 252 48 anmärkning
1725 966 80 31 mot

212 1014 246 49 debiterings-
499 1015 70 35 och
609 1014 357 49 uppbördslängden
995 1015 87 36 eller
1109 1017 47 46 på
1189 1013 279 49 framställning
1497 1026 46 22 av
1571 1013 234 36 kommunal-

210 1066 188 37 nämnden
425 1067 130 46 finner,
585 1071 54 31 att
668 1066 211 49 debitering
905 1066 222 36 underlåtits
1153 1067 87 35 eller
1261 1066 32 48 ej
1315 1066 99 36 skett
1429 1065 54 36 till
1503 1065 133 48 riktigt
1655 1065 148 48 belopp,

211 1124 90 43 äger
328 1119 235 48 Konungens
583 1118 414 49 befallningshavande,
1018 1118 94 37 efter
1126 1117 297 38 vederbörandes
1452 1117 177 46 hörande,
1650 1116 156 49 vidtaga

210 1171 220 48 erforderlig
457 1171 153 35 rättelse
638 1171 10 35 i
677 1170 268 49 debiteringen.
1000 1170 151 37 Jämväl
1179 1173 71 44 må,
1277 1183 60 22 om
1356 1172 128 46 någon
1505 1182 46 23 av
1570 1169 235 48 Konungens

209 1222 400 49 befallningshavande
638 1222 136 36 befrias
795 1222 81 37 från
896 1223 138 35 honom
1053 1223 12 35 i
1090 1222 246 47 debiterings-
1357 1222 69 36 och
1446 1220 359 50 uppbördslängden

209 1274 156 49 påförda
408 1274 412 48 kommunalutskylder
856 1277 48 46 på
933 1274 71 36 den
1032 1273 137 49 grund,
1199 1279 54 31 att
1281 1287 124 22 annan
1434 1286 137 36 person
1599 1273 85 36 bort
1712 1286 92 35 upp-

212 1326 97 36 föras
353 1326 53 36 till
446 1325 211 49 utgörande
699 1339 45 22 av
773 1325 470 49 desamma,.Konungens
1266 1324 418 48 befallningshavande,
1709 1325 97 35 efter

210 1377 298 37 vederbörandes
532 1377 177 47 hörande,
726 1377 197 49 överflytta
943 1377 368 49 skattskyldigheten
1339 1379 47 46 på
1414 1377 132 36 denne.

312 1584 132 36 Denna
484 1584 64 48 lag
590 1584 123 36 träder
752 1584 12 36 i
806 1584 99 37 kraft
945 1584 124 49 dagen
1110 1584 94 37 efter
1230 1582 83 47 den,
1343 1582 46 36 då
1416 1582 124 48 lagen,
1569 1581 119 48 enligt
1717 1580 89 36 därå

211 1635 194 37 meddelad
447 1636 164 49 uppgift,
653 1636 83 36 från
769 1637 145 48 trycket
942 1636 200 36 utkommit
1169 1636 11 36 i
1210 1634 145 37 Svensk
1383 1633 419 49 författningssamling.

868 1841 34 41 b)
924 1840 182 41 Förslag

980 1914 53 32 till

955 1985 113 51 Lag

265 2071 178 43 angående
470 2073 134 32 ändrad
631 2073 135 40 lydelse
789 2083 41 22 av
853 2073 42 41 $$
919 2074 31 37 8,
974 2073 54 38 67,
1052 2073 43 31 68
1125 2072 65 32 och
1218 2072 39 32 77
1286 2072 13 31 i
1328 2071 259 39 förordningen
1618 2070 66 32 den
1714 2066 38 33 21

592 2133 94 22 mars
711 2124 86 32 1862
821 2132 56 24 om
901 2123 358 39 kommunalstyrelse
1282 2123 13 31 i
1318 2122 89 32 stad.

313 2209 230 49 Härigenom
586 2209 205 46 förordnas,
834 2214 54 31 att
930 2207 43 50 $$
1016 2210 33 46 8,
1094 2210 59 45 67,
1200 2210 46 34 68
1289 2207 69 37 och
1406 2209 44 34 77
1490 2206 11 36 1
1539 2205 268 48 förordningen

211 2262 72 35 den
325 2263 45 34 21
413 2274 98 23 mars
556 2263 97 35 1862
696 2274 60 24 om
785 2261 376 49 kommunalstyrelse
1189 2260 11 36 i
1229 2259 81 37 stad
1339 2259 106 37 skola
1473 2258 140 37 erhålla
1642 2257 165 50 följande

213 2312 161 38 ändrade
402 2313 156 49 lydelse:

1829 1987 200 30 Förordningen

1841 2030 39 15 om
1898 2022 114 23 kommu-

1836 2056 153 30 nalstyrelse
2010 2056 9 23 i

1893 2092 65 22 stad.
