2164 2622
447 146 38 29 12
927 151 230 41 Lagutskottets
1179 155 167 30 memorial
1368 156 53 30 Nr
1443 157 52 30 85.
1676 177 15 9 s

473 227 196 41 (Utskottets
692 232 238 40 ursprungliga
953 232 153 41 förslag.)
1262 236 195 41 (Utskottets
1479 241 499 46 sammanjämkningsförslag.)

478 331 76 35 Har
577 333 222 46 jordägaren
828 336 78 35 icke
934 337 61 35 vid
1020 337 150 37 förrätt-
1318 341 77 35 Har
1418 343 221 48 jordägaren
1667 347 81 36 icke
1775 348 60 35 vid
1862 349 150 37 förrätt-

400 381 138 47 ningen
571 384 159 46 påkallat
758 388 180 46 prövning
964 401 44 22 av
1036 388 134 36 förhål-
1240 391 137 47 ningen
1407 394 160 46 påkallat
1594 399 183 44 prövning
1804 412 43 22 av
1874 399 137 37 förhål-

399 431 118 44 lande,
544 445 125 23 varom
697 435 13 34 i
742 435 61 44 18
830 437 114 35 andra
968 439 144 47 stycket
1130 447 40 27 är
1239 442 121 43 lande,
1401 456 123 23 varom
1565 446 12 33 i
1616 448 17 32 1
1664 446 22 43 $
1715 450 21 33 I
1765 462 102 23 mom.
1897 451 114 35 andra

401 487 91 41 sagt,
510 485 57 32 må
588 483 201 37 detsamma
803 487 32 46 ej
852 487 124 36 vidare
991 489 178 48 åberopas
1239 493 144 46 stycket
1422 500 40 28 är
1501 500 91 42 sagt,
1636 499 57 32 må
1733 498 201 37 detsamma
1975 502 32 46 ej

400 532 56 34 till
485 532 236 37 bestridande
748 549 46 22 av
817 538 351 47 nyttjanderättsha-
1239 541 126 36 vidare
1405 544 173 48 åberopas
1618 547 56 34 till
1704 547 234 40 bestridande
1967 564 43 23 av

399 594 131 24 varens
557 584 336 49 lösningsanspråk.
1239 593 465 47 nyttjanderättshavarens
1732 601 166 46 anspråk.

1150 710 44 33 13
1223 707 34 45 8.

531 784 77 35 Har
647 787 451 46 nyttjanderättshavaren
1139 791 197 38 förklarats
1364 794 206 50 berättigad
1598 798 56 34 till
1683 799 156 47 inlösen,
1867 801 141 49 åligger

397 833 135 36 honom
560 835 59 35 vid
649 837 304 47 lösningsrättens
983 839 134 37 förlust
1149 848 52 29 att
1229 845 100 34 inom
1359 846 109 34 nittio
1496 846 114 47 dagar
1637 849 95 35 efter
1760 850 61 35 det
1848 851 159 37 beslutet

396 884 133 35 vunnit
556 886 83 47 laga
665 886 99 36 kraft
792 888 65 36 hos
886 889 227 49 Konungens
1132 892 390 50 befallningshavande
1541 897 168 37 nedsätta
1728 899 69 36 den
1818 901 189 36 bestämda

395 934 285 49 löseskillingen.

528 984 74 36 Vid
642 986 285 50 nedsättningen
967 992 126 46 ingive
1133 994 446 46 nyttjanderättshavaren
1606 998 57 35 till
1692 999 224 50 Konungens
1944 1002 62 36 be-

393 1033 344 49 fallningshavande
779 1041 315 45 gravationsbevis
1135 1044 156 35 rörande
1332 1044 233 47 fastigheten,
1607 1049 163 35 beslutet
1810 1052 11 34 i
1854 1052 151 36 ärendet

395 1090 95 29 samt
517 1085 111 45 bevis,
657 1093 54 30 att
739 1090 67 34 och
834 1097 66 28 när
927 1091 61 35 det
1015 1094 132 34 vunnit
1173 1095 84 46 laga
1283 1095 106 43 kraft,
1411 1104 171 28 ävensom
1603 1099 99 35 karta
1724 1107 87 29 över
1829 1103 175 35 området.

392 1134 235 38 Försummas
668 1139 141 44 sådant,
851 1141 141 47 åligger
1035 1142 225 49 Konungens
1301 1145 388 49 befallningshavande
1733 1156 55 29 att
1829 1155 44 44 på
1901 1159 103 41 nytt-

390 1185 382 46 janderättshavarens
818 1191 202 36 bekostnad
1064 1193 268 49 ofördröjligen
1374 1196 162 36 anskaffa
1580 1200 163 35 nämnda
1783 1201 220 49 handlingar

393 1235 67 35 och
490 1236 110 35 karta.

527 1286 290 50 Löseskillingen
857 1291 90 35 skall
988 1305 44 22 av
1059 1293 226 49 Konungens
1313 1295 392 50 befallningshavande
1734 1300 268 51 ofördröjligen

392 1335 151 36 insättas
571 1338 12 34 i
610 1338 305 51 bankinrättning
943 1341 58 36 för
1028 1348 53 30 att
1109 1344 65 35 där
1200 1346 147 35 innestå
1375 1352 75 30 mot
1478 1354 113 30 ränta.

1145 1462 43 33 14
1217 1460 33 44 8.

525 1537 137 35 Finner
689 1538 227 50 Konungens
944 1541 394 50 befallningshavande
1364 1548 184 35 områdets
1576 1551 229 45 avskiljande
1831 1559 169 30 överens-

393 1591 156 30 stämma
590 1588 82 35 med
713 1589 70 35 vad
813 1602 57 23 om
895 1592 313 49 jordavsöndring
1235 1602 41 27 är
1303 1596 158 48 stadgat,
1491 1599 164 36 meddele
1684 1600 226 48 Konungens
1938 1604 62 35 be-

390 1635 343 49 fallningshavande
774 1639 233 38 fastställelse
1048 1643 97 44 därå,
1188 1650 91 30 utan
1313 1646 131 36 hinder
1475 1648 110 36 därav
1612 1655 52 30 att
1691 1652 225 47 avhandling
1942 1661 58 28 rö-

389 1687 115 34 rande
544 1688 185 36 områdets
769 1692 233 35 överlåtande
1042 1694 78 35 icke
1153 1700 207 42 upprättats
1396 1699 88 34 eller
1510 1699 162 45 ingivits.
1727 1701 75 36 Vid
1830 1704 168 35 ärendets

389 1738 184 47 prövning
601 1739 65 34 har
696 1739 223 47 Konungens
952 1742 393 50 befallningshavande
1374 1752 52 30 att
1457 1752 39 31 så
1528 1749 145 43 förfara,
1704 1764 77 23 som
1809 1766 85 22 vore
1921 1767 77 22 om-

389 1786 104 35 rådet
520 1800 43 22 av
586 1788 223 49 jordägaren
837 1793 204 43 avsöndrat,
1075 1795 79 43 och,
1183 1795 66 35 där
1276 1797 59 34 till
1362 1799 182 36 områdets
1572 1801 252 37 avsöndrande
1852 1805 146 35 särskilt

388 1837 165 35 tillstånd
581 1840 117 34 skolat
726 1840 194 45 erfordras,
948 1843 130 36 sådant
1105 1858 84 22 vore
1217 1847 93 34 sökt.

522 1887 54 35 Då
603 1889 161 36 beslutet
792 1904 60 22 om
884 1891 233 39 fastställelse
1144 1897 136 34 vunnit
1308 1898 82 47 laga
1416 1899 108 44 kraft,
1549 1913 82 23 vare
1651 1902 184 36 områdets
1854 1905 143 35 inlösen

388 1935 224 48 fullbordad,
654 1940 67 35 och
754 1948 88 40 göre
875 1942 226 50 Konungens
1128 1946 389 49 befallningshavande
1545 1963 58 22 om
1631 1952 160 36 beslutet
1818 1953 179 49 ofördröj-

386 1987 100 47 ligen
514 1990 169 35 anmälan
712 1991 65 35 hos
805 1992 186 36 domaren.

520 2038 115 36 Inlöst
677 2042 149 35 område
867 2043 90 36 skall
995 2049 132 44 övergå
1165 2048 58 34 till
1265 2061 73 35 nye
1369 2055 131 41 ägaren
1531 2050 82 36 fritt
1639 2051 81 36 från
1750 2059 74 30 rätt
1850 2055 56 34 till
1934 2068 62 22 av-

385 2086 122 37 komst
547 2090 87 34 eller
672 2103 121 24 annan
834 2092 155 44 förmån,
1032 2108 124 23 varom
1184 2098 12 33 i
1225 2099 20 33 7
1279 2097 24 44 &
1335 2098 119 47 fjärde
1481 2101 142 47 stycket
1650 2110 93 40 sägs.
1797 2104 200 48 Angående

384 2137 114 36 inlöst
537 2140 168 36 områdes
747 2142 170 37 befrielse
950 2144 82 36 från
1060 2159 129 23 ansvar
1215 2147 59 36 för
1301 2150 11 33 i
1341 2150 316 49 stamfastigheten
1685 2154 196 36 intecknad
1908 2156 87 47 gäld

385 2194 39 28 är
452 2190 148 35 särskilt
627 2191 157 48 stadgat.
