1907 2833
493 182 125 39 Tredje
636 179 245 41 lagutskottets
899 177 178 30 utlåtande
1094 176 78 29 nr.9
1189 175 39 30 år
1242 174 88 30 1969
1635 170 18 31 3

169 268 106 29 bland
306 266 349 30 remissinstanserna
680 263 72 29 den
784 260 271 40 uppfattningen
1086 260 49 28 att
1168 258 65 29 den
1265 257 136 39 privata
1431 254 225 30 förarutbild-

171 322 128 38 ningen
319 320 71 30 inte
411 329 47 20 nu
479 319 70 29 kan
570 318 176 29 undvaras
767 325 79 20 men"
868 317 56 27 att
939 323 82 20 man
1042 313 110 29 måste
1175 312 108 38 skapa
1305 319 43 20 en
1368 310 113 29 bättre
1503 307 153 30 kontroll

171 377 79 29 över
279 374 254 38 utbildningen.
563 372 114 39 Några
705 367 417 42 remissorgan
946 358 8 58 '
964 367 158 42 föreslog
1151 366 9 29 i
1190 366 56 29 det
1276 363 184 31 avseendet
1490 362 165 30 anmälan

170 430 64 29 hos
262 428 205 40 myndighet
495 426 65 30 och
590 424 196 41 skyldighet
817 424 50 29 att
896 422 88 39 följa
1013 421 168 39 kursplan
1214 429 74 20 som
1319 417 252 38 förutsättning
1602 416 55 29 för

171 482 325 41 privatutbildning.

216 537 12 29 I
254 535 262 41 propositionen
545 533 153 30 1967:55
725 531 113 30 anslöt
865 531 53 39 sig
943 526 384 43 departementschefen
1353 527 11 28 i
1390 524 188 30 huvudsak
1604 523 53 29 till

171 591 67 29 vad
256 588 381 38 bilförarutredningen
657 585 193 31 framhållit
870 585 11 29 i
902 571 113 43 denna
1036 583 108 39 fråga.
1166 582 13 28 I
1200 581 58 29 sitt
1280 579 178 30 utlåtande
1484 578 58 34 (nr
1563 577 58 34 31)
1646 577 12 29 i

172 643 189 39 anledning
381 652 42 20 av
444 641 261 40 propositionen
728 639 162 29 lämnade
913 638 109 39 tredje
1046 636 227 39 lagutskottet
1295 634 67 29 vad
1384 633 273 38 departements-

173 698 123 30 chefen
316 697 118 30 anfört
454 698 85 27 utan
560 695 150 29 erinran.

217 752 13 28 I
250 751 220 30 motionerna
490 749 28 29 I:
538 748 59 30 193
617 748 65 30 och
702 747 45 29 II:
762 746 61 30 953
846 748 89 28 samt
957 745 28 30 1:
1002 744 62 30 282
1085 744 65 29 och
1171 743 44 29 II:
1232 742 61 30 353
1314 741 52 30 till
1389 740 83 30 1968
1492 739 56 30 års
1570 739 88 29 riks-

173 807 66 38 dag
260 805 169 38 föreslogs
450 806 50 27 att
522 811 85 31 prov
628 802 54 29 för
704 800 201 30 erhållande
927 809 43 20 av
990 798 145 30 körkort
1158 797 112 29 skulle
1293 795 36 30 få
1351 795 161 38 avläggas
1535 793 122 29 endast

173 870 41 19 av
234 860 68 29 den
323 867 74 21 som
419 857 128 30 företer
566 856 95 30 bevis
682 865 56 20 om
760 854 261 40 genomgången
1042 850 298 39 förarutbildning
1358 849 58 30 vid
1437 847 220 30 trafikskola.

175 915 11 28 I
216 912 246 31 förstnämnda
491 911 216 38 motionspar
737 909 168 38 föreslogs
934 908 11 29 i
975 907 109 29 andra
1113 905 95 30 hand
1238 914 42 19 en
1309 902 244 31 bestämmelse
1584 909 76 21 som

174 967 191 30 innefattar
386 966 86 29 krav
493 965 45 39 på
560 964 140 29 särskilt
721 963 159 29 tillstånd
901 962 54 29 för
977 958 313 42 privatutbildning
1313 967 42 20 av
1375 956 176 34 bilförare,
1575 955 84 29 dub-

173 1020 271 31 belkommando
463 1019 10 29 i
489 1018 93 30 bilen
600 1027 44 20 m.
658 1027 44 19 m.

220 1077 124 38 Tredje
367 1075 227 40 lagutskottet
616 1072 165 30 framhöll
803 1073 11 28 i
837 1070 58 30 sitt
917 1079 42 20 av
979 1068 186 39 riksdagen
1188 1065 185 40 godkända
1394 1063 180 30 utlåtande
1602 1062 58 34 (nr

173 1130 58 33 35)
257 1132 48 27 att
327 1129 122 39 frågan
470 1138 56 19 om
547 1127 112 40 privat
680 1123 296 39 förarutbildning
995 1123 11 29 i
1026 1117 497 43 lagstiftningssammanhang
1545 1117 116 27 senast

174 1185 134 29 berörts
329 1184 9 28 i
361 1182 261 40 propositionen
644 1190 41 19 nr
708 1180 38 29 55
769 1179 51 30 till
845 1178 82 29 1967
950 1177 56 29 års
1028 1175 151 38 riksdag.
1202 1174 174 30 Utskottet
1397 1170 191 31 hänvisade
1608 1170 53 29 till

174 1240 49 27 att
256 1235 382 41 departementschefen
672 1235 10 28 i
716 1232 261 40 propositionen
1009 1229 174 30 redovisat
1217 1224 359 41 ställningstaganden
1609 1224 55 28 rö-

174 1291 107 29 rande
307 1291 44 29 bl.
366 1300 29 19 a.
423 1288 295 37 förarutbildning
743 1287 65 29 och
833 1286 192 38 förarprov,
1052 1293 74 19 som
1153 1282 109 39 gjorts
1288 1281 45 38 på
1358 1279 169 40 grundval
1555 1287 42 20 av
1621 1277 41 29 de

175 1345 131 38 förslag
332 1353 76 20 som
432 1344 90 38 lagts
547 1343 91 28 fram
665 1351 40 19 av
731 1338 389 37 bilförarutredningen,
1148 1338 89 27 samt
1264 1333 160 30 erinrade
1448 1341 57 21 om
1531 1334 50 27 att
1607 1332 56 28 de-

174 1397 342 42 partementschefen
544 1395 140 31 bedömt
714 1395 66 28 den
810 1393 135 40 privata
974 1389 339 38 förarutbildningen
1343 1388 71 29 inte
1443 1387 122 29 kunna
1596 1385 68 29 för-

177 1453 129 40 bjudas
335 1452 44 29 bl.
409 1461 29 20 a.
468 1450 78 30 med
575 1450 139 39 hänsyn
741 1448 53 30 till
824 1444 452 43 glesbygdsbefolkningens
1305 1440 166 42 problem.
1501 1439 162 31 Härefter

177 1506 154 30 uttalade
353 1506 170 29 utskottet
544 1503 166 39 följande.

220 1588 51 28 Av
289 1586 173 39 väsentlig
479 1585 176 39 betydelse
675 1593 60 20 var
757 1581 192 31 emellertid
970 1580 106 40 enligt
1097 1576 385 43 departementschefen
1503 1577 49 28 att
1572 1575 92 29 tillse

177 1634 48 28 alt
255 1633 87 28 även
368 1631 67 29 den
463 1630 135 40 privata
627 1627 340 39 förarutbildningen
994 1627 74 29 inte
1094 1622 292 31 koncentrerades
1414 1622 85 29 bara
1529 1620 48 29 till
1608 1620 56 28 det

177 1677 184 39 praktiska
387 1674 272 31 handhavandet
689 1683 41 20 av
758 1672 161 30 fordonet
948 1673 85 27 utan
1064 1670 86 29 även
1178 1667 192 31 omfattade
1399 1666 41 30 de
1468 1666 87 29 bl.a.
1586 1664 78 30 från

178 1719 474 39 trafiksäkerhetssynpunkt
679 1718 132 37 viktiga
835 1716 189 30 teoretiska
1050 1715 259 37 kunskaperna.
1337 1711 103 30 Olika
1467 1710 132 38 förslag
1624 1718 41 20 av

178 1766 242 38 utredningen,
444 1765 44 29 bl.
504 1774 28 19 a.
557 1773 57 19 om
637 1762 199 31 fastställda
859 1761 209 38 kursplaner
1093 1759 64 29 och
1181 1757 145 30 förande
1350 1766 43 19 av
1417 1754 171 31 särskilda
1613 1757 53 26 ut-

179 1810 265 39 bildningskort,
472 1809 126 38 ansågs
623 1817 42 20 av
690 1804 387 42 departementschefen
1099 1804 55 29 väl
1181 1802 131 40 ägnade
1339 1802 50 29 att
1416 1799 130 40 främja
1572 1799 92 29 detta

179 1856 100 39 syfte.
312 1852 393 42 Departementschefen
738 1852 86 29 fann
857 1851 57 29 det
945 1849 108 30 också
1084 1848 177 39 angeläget
1295 1848 49 28 att
1377 1845 218 40 prövningen
1626 1853 40 20 av

179 1899 295 40 privatutbildade
492 1898 195 39 aspiranter
709 1896 130 30 skedde
857 1895 79 29 med
954 1893 198 31 beaktande
1170 1902 40 20 av
1231 1894 50 27 att
1301 1891 114 29 denna
1435 1889 232 38 utbildnings-

180 1945 91 28 form
299 1944 11 28 i
337 1944 111 29 visssa
476 1941 224 31 hänseenden
727 1941 71 29 inte
826 1940 117 29 kunde
972 1939 182 29 förväntas
1180 1945 39 31 ge
1248 1945 133 20 samma
1405 1932 169 40 kunskap
1603 1933 65 29 och

181 1989 173 39 färdighet
381 1997 76 20 som
482 1986 252 39 undervisning
757 1985 11 29 i
794 1984 220 30 trafikskola.
1041 2001 44 3 —
1109 1982 115 39 Några
1249 1980 170 30 motioner
1445 1979 11 29 i
1482 1979 41 29 de
1551 1978 119 39 frågor

181 2043 74 20 som
276 2043 47 19 nu
345 2033 39 29 är
405 2032 146 30 föremål
573 2031 55 29 för
648 2030 170 40 prövning
839 2029 142 30 väcktes
1000 2028 72 29 inte
1091 2028 11 28 i
1124 2026 188 39 anledning
1333 2034 43 21 av
1395 2024 271 40 propositionen.

224 2078 48 29 På
294 2077 133 39 förslag
446 2086 43 20 av
509 2076 169 29 utskottet
700 2074 164 30 lämnade
883 2072 188 39 riksdagen
1092 2069 405 41 departementschefens
1518 2068 151 29 uttalan-

181 2123 66 28 den
272 2124 85 27 utan
382 2122 150 28 erinran.
557 2120 197 38 Anledning
779 2119 53 29 för
856 2118 187 38 riksdagen
1068 2118 49 28 att
1143 2125 46 20 nu
1215 2115 108 29 ändra
1349 2114 58 30 sitt
1434 2113 235 38 ställningsta-

182 2167 110 39 gande
312 2167 9 28 i
342 2166 148 30 berörda
510 2165 117 39 frågor
648 2164 234 30 förekommer
903 2163 85 29 icke.
1008 2180 45 2 —
1352 2160 2 2 |

225 2256 66 29 Till
317 2256 189 29 utskottets
530 2253 234 39 avstyrkande
790 2252 181 30 utlåtande
994 2251 142 38 fogades
1161 2252 47 27 ett
1234 2248 141 30 särskilt
1400 2246 172 41 yttrande,
1597 2245 74 30 vari

183 2310 185 30 framhölls
391 2311 49 28 att
463 2309 104 29 orsak
590 2308 51 29 till
666 2307 103 39 något
792 2306 150 30 initiativ
966 2305 80 30 från
1068 2304 205 38 riksdagens
1298 2302 76 30 sida
1395 2302 11 29 i
1430 2301 102 30 dessa
1554 2300 117 39 frågor

186 2364 43 30 då
250 2363 71 30 inte
344 2363 141 39 förelåg,
510 2362 142 30 särskilt
675 2370 74 21 som
771 2360 57 30 det
848 2359 92 31 hade
960 2359 161 40 upplysts
1143 2360 50 28 att
1216 2357 94 30 såväl
1332 2354 341 42 rikspolisstyrelsen

184 2427 73 19 som
285 2416 414 30 trafiksäkerhetsverket
728 2415 62 28 har
820 2414 54 29 sin
902 2412 313 41 uppmärksamhet
1243 2411 116 28 riktad
1388 2410 44 39 på
1459 2409 212 39 problemen:

186 2472 126 30 Vidare
329 2470 185 31 framhölls
530 2470 11 30 i
557 2470 57 29 det
631 2468 173 31 särskilda
818 2467 195 41 yttrandet:
1026 2466 70 31 »Vi
1110 2466 60 30 vill
1187 2464 193 31 emellertid
1395 2464 75 29 icke
1487 2462 185 31 underlåta

186 2527 50 28 att
259 2525 10 29 i
290 2525 95 29 detta
409 2523 255 40 sammanhang
686 2522 205 35 framhålla,
907 2523 51 29 att
980 2520 107 40 'enligt
1108 2520 61 30 vår
1192 2518 225 41 uppfattning
1436 2516 125 31 starka
1584 2516 86 34 skäl,
