2190 2636
383 212 17 27 2
907 210 212 38 Lagutskottets
1149 210 151 29 Utlåtande
1322 210 61 28 N:o
1406 210 48 28 15.

483 280 337 55 Öfverläggningen
857 300 61 22 om
955 287 100 36 detta
1086 284 458 48 lagutskottsbetänkande
1570 297 59 23 n:o
1660 287 44 33 60
1733 283 151 46 började
1912 282 70 36 den

384 340 19 34 6
433 338 70 45 maj
533 339 8 34 i
571 337 123 36 denna
720 338 198 44 kammare,
946 338 68 35 och
1041 337 127 36 dervid
1196 336 199 36 framlades
1423 335 40 36 af
1487 335 98 35 såväl
1611 335 77 45 mig
1706 347 77 22 som
1803 333 40 36 af
1858 332 125 47 grefve

381 388 260 48 Lewenhaupt,
669 389 125 35 herrar
820 388 262 47 Björnstjerna,
1118 388 90 35 Lars
1241 387 97 45 Berg
1366 387 68 36 och
1463 385 190 46 Sandberg
1679 390 110 42 tungt
1815 383 168 47 vägande

383 440 81 34 skäl
490 438 56 36 för
571 438 271 46 godkännande
876 439 41 36 af
945 440 248 34 motionernas
1224 437 294 37 beaktansvärda
1549 435 105 49 syfte,
1687 449 83 22 men
1798 435 63 36 vid
1889 440 96 31 voter

382 490 130 45 ringen
551 489 214 46 godkändes
805 489 95 36 dock
939 490 261 45 lagutskottets
1241 488 193 48 afstyrkan
1465 487 84 36 med
1584 491 44 32 55
1657 492 116 30 röster
1800 491 100 31 emot
1928 488 56 41 38,

383 540 127 36 hvilka
536 540 228 36 sistnämnda
789 540 147 36 röstade
964 540 57 36 för
1047 540 282 36 reservationen.

484 590 16 36 I
527 590 130 37 Andra
683 591 221 36 Kammaren
932 590 211 37 försvarade
1171 590 71 36 den
1271 593 18 33 8
1317 590 75 46 maj
1422 589 83 35 herr
1531 587 171 48 Husberg
1726 587 11 35 i
1758 592 51 31 ett
1827 586 157 36 särdeles

384 641 146 47 gediget
556 641 204 37 anförande
787 643 55 34 sin
870 643 234 42 reservation,
1133 641 69 36 och
1229 642 52 34 uti
1310 641 102 35 detta
1437 638 202 37 anförande
1656 637 182 37 instämde
1857 637 129 36 herrar

384 690 230 49 Crusebjörn,
642 692 194 46 Poignant,
864 706 75 22 von
974 693 157 43 Friesen,
1168 690 282 45 Hammarlund,
1483 689 125 47 grefve
1634 689 201 44 Hamilton,
1863 687 122 46 Höjer,

383 742 227 48 Lindhagen,
651 743 166 45 Ploman,
856 743 223 36 friherrarne
1117 755 76 23 von
1228 742 188 45 Knorring
1455 741 65 35 och
1552 754 73 22 von
1654 739 195 45 Schwerin,
1877 738 109 45 Petri,

384 792 171 37 Carlsson
581 793 83 36 från
684 793 100 37 Hede
802 808 47 21 m.
869 794 45 44 fl.,
933 795 242 34 tillsammans
1196 797 42 32 41
1262 791 380 37 kammarledamöter.
1682 789 138 36 Vidare
1838 788 148 46 yttrade

385 845 56 44 sig
467 845 12 34 i
505 857 140 23 samma
672 844 94 48 syfte
793 844 216 36 nuvarande
1043 843 196 37 statsrådet
1269 843 204 44 Restadius,
1501 855 77 23 som
1605 841 114 36 bland
1746 848 114 28 annat
1888 839 97 36 sade:

390 909 12 15 »
411 894 71 36 Det
496 902 39 28 är
549 901 52 30 ett
619 900 94 30 stort
727 900 80 41 steg
820 896 138 35 mellan
975 895 43 36 de
1035 896 123 44 gamla
1173 895 169 46 lagarnes
1357 892 190 37 föreskrift
1562 893 136 43 derom,
1714 896 54 31 att
1777 890 210 46 barnagods

385 945 120 44 aldrig
531 944 56 37 får
613 946 133 46 sjunka
773 947 89 34 eller
888 947 142 41 brinna,
1058 946 68 35 och
1155 945 46 36 de
1227 945 95 36 blott
1348 944 170 36 formella
1544 943 274 48 skyddsmurar,
1838 954 80 23 som
1936 954 49 21 nu

385 1003 65 28 äro
477 995 136 47 gifna»;
641 996 69 36 och
736 996 127 36 vidare
890 1004 103 40 säser
1019 996 71 35 han
1127 1001 74 30 »att
1227 995 61 37 det
1315 992 503 47 oefterrättlighetstillstånd,
1839 1005 78 23 som
1936 1004 51 22 nu

384 1046 207 45 förefinnes,
611 1047 30 45 ej
662 1047 68 36 bör
747 1046 37 36 få
801 1048 128 45 längre
948 1046 192 37 fortfara».
1172 1046 133 35 Häruti
1318 1044 183 37 instämde
1514 1045 128 35 herrar
1655 1043 213 46 Bergmark,
1883 1042 105 43 Baaz,

386 1097 134 46 Björck
559 1098 69 35 och
670 1098 210 35 Andersson
922 1098 10 35 i
973 1097 249 46 Backgården.
1280 1096 96 36 Herr
1417 1095 233 37 Odencrantz
1689 1094 146 48 yttrade
1875 1093 114 36 bland

386 1154 130 30 annat:
561 1148 92 36 »Det
692 1148 104 36 torde
834 1162 91 22 vara
965 1161 44 23 en
1049 1148 39 35 af
1126 1147 150 46 mångas
1308 1146 209 37 erfarenhet
1548 1144 192 38 bekräftad
1769 1145 68 35 och
1864 1145 10 34 i
1902 1143 87 37 vida

385 1199 142 35 kretsar
554 1199 128 47 spridd
709 1198 101 47 åsigt,
838 1204 54 30 att
921 1198 69 37 den
1017 1199 12 34 i
1056 1198 83 36 vårt
1157 1198 89 35 land
1272 1211 52 22 nu
1342 1197 172 46 gällande
1532 1195 279 47 lagstiftningen
1831 1194 159 36 rörande

387 1249 46 36 de
461 1249 198 48 omyndige
687 1250 149 35 alldeles
872 1250 80 36 icke
992 1248 286 37 tillfredsställer
1320 1248 45 36 de
1400 1247 92 44 kraf,
1522 1261 87 22 man
1637 1254 40 28 är
1703 1245 207 46 berättigad
1938 1250 53 30 att

386 1301 109 34 ställa
521 1299 46 47 på
594 1300 247 36 densamma».

488 1350 16 36 I
542 1352 289 35 reservationens
872 1350 97 48 syfte
1007 1350 148 45 yttrade
1194 1351 55 46 sig
1286 1349 129 36 vidare
1456 1349 126 35 herrar
1623 1346 160 38 Ohlsson
1819 1347 12 35 i
1859 1346 130 44 Vexiö,

386 1400 198 47 Lindgren,
611 1401 155 37 friherre
792 1402 206 35 Barnekow
1025 1406 94 31 samt
1145 1402 86 35 herr
1258 1400 272 36 Waldenström
1555 1399 68 35 och
1642 1399 215 47 ytterligare
1875 1397 116 47 några

386 1452 310 45 instimmanden,
738 1452 116 36 under
895 1452 61 36 det
995 1457 53 30 att
1086 1452 260 46 lagutskottets
1383 1449 193 49 afstyrkan
1603 1449 129 36 endast
1758 1447 232 37 försvarades

388 1502 41 36 af
452 1503 125 36 herrar
604 1503 193 36 Petersson
824 1504 12 35 i
863 1503 159 36 Boestad
1050 1504 67 34 och
1145 1503 194 35 Petersson
1366 1502 13 35 i
1407 1501 190 45 Fräntorp.

488 1553 134 36 Andra
663 1554 223 36 Kammaren
927 1553 118 46 afslog
1084 1554 114 35 sedan
1238 1558 89 30 utan
1364 1553 170 45 votering
1564 1550 261 48 lagutskottets
1852 1548 139 46 förslag

388 1604 68 35 och
484 1604 104 36 biföll
614 1605 282 37 reservationen.

489 1655 52 36 Af
576 1655 126 36 denna
740 1655 275 47 framställning
1053 1655 108 35 torde
1199 1652 153 47 framgå,
1393 1657 55 31 att
1486 1653 169 35 intresset
1695 1650 58 37 för
1789 1656 54 30 att
1870 1651 120 35 bättre

388 1705 122 48 skydd
536 1706 94 35 skall
657 1707 139 36 lemnas
824 1706 197 49 omyndigs
1048 1705 192 47 egendom,
1268 1711 45 28 än
1342 1703 72 36 den
1441 1702 232 37 närvarande
1706 1701 281 47 lagstiftningen

388 1756 179 46 erbjuder,
595 1764 41 28 är
664 1758 144 48 mycket
836 1762 94 30 stort
956 1757 100 35 inom
1088 1756 220 47 Riksdagen.
1361 1754 73 48 Jag
1462 1761 39 28 är
1528 1753 122 36 derför
1678 1752 232 49 öfvertygad,
1938 1757 54 29 att

387 1808 244 44 lagutskottet
657 1808 93 35 skall
776 1808 123 35 känna
926 1808 55 44 sig
1006 1807 154 35 manadt
1188 1811 53 31 att
1267 1806 134 35 beakta
1420 1805 45 35 de
1483 1804 129 48 gjorda
1632 1804 170 45 inläggen
1821 1803 12 35 i
1850 1802 141 48 frågan,

386 1857 96 35 fästa
519 1857 132 47 nödigt
691 1857 168 37 afseende
894 1858 63 35 vid
989 1857 69 36 den
1087 1858 148 45 knappa
1262 1856 233 47 majoriteten
1522 1855 41 35 af
1589 1858 41 32 17
1660 1861 125 37 röster,
1813 1853 178 36 hvarmed

387 1907 132 46 frågan
559 1908 68 36 föll
667 1910 11 34 i
718 1909 128 35 Första
881 1908 233 43 Kammaren,
1148 1908 69 35 och
1245 1907 43 35 de
1315 1906 138 47 många
1480 1905 240 36 uttalandena
1746 1904 67 36 och
1840 1905 151 34 instäm-

387 1959 193 43 mandena,
617 1973 78 22 som
722 1960 145 48 gjordes
895 1960 13 35 i
934 1959 128 35 Andra
1088 1958 235 45 Kammaren,
1351 1956 149 37 hvarför
1523 1957 74 47 jag,
1624 1955 120 36 under
1771 1955 221 44 hänvisning

387 2010 60 35 till
482 2009 200 37 innehållet
708 2011 11 34 i
746 2010 266 36 förutnämnda
1045 2011 184 34 motioner
1256 2009 66 35 och
1351 2007 217 36 uttalanden
1596 2012 94 31 samt
1716 2005 97 37 hvad
1840 2006 14 35 i
1881 2004 112 47 öfrigt

388 2061 11 34 i
441 2060 120 36 denna
599 2060 105 47 fråga
741 2060 247 45 förekommit,
1028 2060 158 36 hvarvid
1226 2064 51 31 ett
1310 2059 151 44 mycket
1496 2056 401 49 uppseendeväckande
1925 2054 68 36 fall

387 2111 101 36 hvad
522 2111 177 36 beträffar
725 2111 255 49 förmyndares
1006 2111 251 47 förskingring
1284 2109 40 36 af
1348 2109 196 47 omyndigs
1572 2107 180 48 egendom
1779 2107 97 35 varit
1901 2105 92 37 före-

388 2161 75 36 mål
502 2160 58 37 för
598 2175 166 32 pressens
803 2162 330 47 uppmärksamhet
1168 2161 118 36 under
1318 2161 94 35 allra
1439 2161 87 35 sista
1552 2159 112 45 tiden,
1690 2157 221 44 hemställer,
1940 2162 53 30 att

388 2212 208 47 Riksdagen
638 2213 89 36 ville
765 2214 12 34 i
816 2212 191 37 skrifvelse
1041 2213 57 35 till
1131 2212 133 45 Kongl.
1291 2211 103 47 Maj:t
1421 2210 156 45 anhålla,
1605 2210 61 35 det
1692 2209 139 34 täcktes
1858 2207 134 47 Kongl.

388 2263 102 46 Maj:t
528 2269 85 41 taga
653 2264 11 34 i
705 2263 281 48 öfvervägande,
1022 2263 186 36 huruvida
1243 2263 78 35 icke
1358 2275 101 22 mera
1485 2259 252 47 betryggande
1764 2258 229 36 föreskrifter
