1918 2774
307 157 19 30 8
643 157 298 36 Statsutskottets
959 161 185 34 utlåtande
1162 175 42 21 nr
1223 165 66 31 133
1308 164 39 33 år
1366 167 89 31 1960

305 232 96 43 linje,
423 234 155 35 föredrar
598 236 67 34 den
686 237 118 42 längre
825 251 82 21 men
928 240 142 42 lugnare
1092 241 253 44 studiegången
1366 245 47 40 på
1434 243 154 44 fyraårig
1607 245 95 43 linje,
1724 250 68 31 sär-

306 278 83 33 skilt
414 278 10 34 i
450 280 106 33 tanke
581 285 54 29 att
660 281 63 33 där
747 282 35 33 få
807 283 118 34 bättre
951 284 117 43 betyg.
1092 285 74 35 Det
1189 287 65 33 har
1276 288 107 33 också
1407 288 110 42 gjorts
1542 290 171 41 gällande,
1739 296 54 29 att

305 321 156 44 fyraårig
484 324 207 43 studiegång
714 327 309 43 överhuvudtaget
1046 333 39 30 är
1109 330 68 33 den
1202 332 91 33 enda
1317 332 167 43 lämpliga
1507 333 54 34 för
1584 334 209 43 latinlinjen.

350 367 138 41 Frågan
511 380 57 22 om
590 370 269 43 studiegångens
881 373 105 42 längd
1008 374 47 41 på
1075 375 199 41 gymnasiet
1296 376 114 34 finner
1430 377 61 43 jag
1511 378 73 34 inte
1606 379 188 43 anledning

306 415 55 29 att
377 412 45 41 gå
438 415 159 31 närmare
613 413 35 34 in
664 415 46 41 på
725 416 75 39 här,
817 416 46 34 då
879 416 68 34 den
963 419 113 33 måste
1094 419 47 33 bli
1158 420 144 35 föremål
1320 420 54 34 för
1391 422 169 34 särskilda
1577 426 215 40 övervägan-

305 454 67 34 den
402 456 66 33 och
498 457 360 44 ställningstaganden
887 461 11 33 i
928 462 109 33 andra
1066 465 267 42 sammanhang.
1362 466 78 33 Vad
1470 466 60 34 det
1557 479 48 22 nu
1634 471 159 32 närmast

304 499 107 41 gäller
428 503 38 30 är
481 501 116 34 vilken
613 503 105 42 längd
735 516 74 21 som
826 505 70 34 tills
913 505 120 35 vidare
1050 507 87 34 skall
1155 520 99 22 anses
1270 521 86 22 vara
1372 510 68 33 den
1456 510 167 43 lämpliga
1638 511 54 34 för
1707 525 86 21 van-

303 543 69 42 liga
388 545 284 43 gymnasielinjer
688 547 58 34 vid
763 549 210 41 gymnasier,
990 563 75 21 som
1081 563 155 31 rymmer
1252 554 96 33 såväl
1366 554 133 35 sådana
1515 555 101 43 linjer
1632 569 75 21 som
1724 557 68 34 för-

303 588 376 45 söksgymnasielinjer.
695 592 138 35 Hittills
849 594 76 41 har,
941 595 80 33 med
1034 597 290 42 utgångspunkt
1309 584 20 61 i
1339 601 88 31 1950
1441 599 54 33 års
1508 600 204 41 skolbeslut,
1724 601 68 34 för-

304 633 328 43 söksgymnasierna
651 637 233 42 organiserats
904 651 75 21 som
999 640 150 43 treåriga
1168 642 200 41 gymnasier
1386 643 66 34 och
1472 643 60 35 det
1551 645 100 33 torde
1670 646 122 33 kunna

303 678 101 40 sägas
424 683 55 29 att
497 690 41 22 en
557 679 152 44 tolvårig
726 682 209 43 studiegång
953 683 90 34 fram
1062 685 52 33 till
1134 686 293 35 studentexamen
1447 688 92 34 varit
1557 689 233 42 riktpunkten

302 718 54 35 för
374 722 295 36 statsmakternas
687 725 217 42 åtgöranden
922 728 47 41 på
986 729 101 33 detta
1104 730 154 34 område.
1276 731 94 34 Från
1389 733 115 33 denna
1522 734 268 42 utgångspunkt

302 765 66 34 och
393 767 80 33 med
498 766 137 44 hänsyn
659 769 52 34 till
736 770 42 34 de
804 783 45 21 av
874 771 333 44 skolöverstyrelsen
1232 774 149 35 anförda
1406 777 120 33 skälen
1551 778 156 34 ansluter
1730 779 62 42 jag

302 809 72 43 mig
390 810 11 33 i
418 811 135 43 princip
570 812 53 34 till
641 815 272 41 överstyrelsens
931 816 232 44 uppfattning
1180 823 55 29 att
1253 831 42 21 en
1313 820 221 44 ombildning
1550 834 46 21 av
1613 822 177 42 fyraåriga

302 853 142 43 vanliga
466 856 282 44 gymnasielinjer
771 859 52 33 till
848 860 151 43 treåriga
1024 862 62 33 bör
1110 862 72 41 ske,
1206 863 63 34 där
1292 864 120 43 vanlig
1434 866 265 43 gymnasielinje
1723 868 66 33 och

301 896 403 48 försöksgymnasielinje
732 903 110 34 skulle
871 904 219 35 förekomma
1118 908 193 42 samtidigt.
1340 909 57 34 De
1425 910 141 42 vanliga
1593 912 196 41 gymnasie-

300 941 162 43 linjerna,
487 944 94 34 vilka
604 945 197 43 rekryteras
826 947 79 35 från
930 950 198 41 realskolor,
1152 951 160 35 kommer
1335 953 11 33 i
1372 954 101 33 dessa
1496 953 61 35 fall
1582 954 127 36 främst
1733 961 56 29 att

301 985 102 36 bestå
426 1000 46 22 av
494 990 144 33 resande
661 990 80 34 eller
764 990 273 37 inackorderade
1061 995 124 41 elever,
1208 995 54 34 för
1285 997 97 34 vilka
1404 1010 43 21 en
1472 999 128 42 treårig
1622 1000 168 42 lärogång

300 1032 38 31 är
361 1030 224 37 ekonomiskt
607 1032 282 45 fördelaktigare.
912 1036 256 45 Fördelningen
1192 1052 45 21 av
1260 1041 161 34 eleverna
1444 1043 47 41 på
1514 1043 101 42 linjer
1638 1044 65 34 och
1728 1057 60 21 av-

301 1074 182 43 delningar
499 1077 219 35 underlättas
735 1081 80 33 med
833 1080 101 43 linjer
952 1094 45 21 av
1015 1094 136 23 samma
1168 1084 116 42 längd.
1301 1085 129 34 Vidare
1449 1089 38 31 är
1504 1087 61 34 det
1582 1088 60 34 vid
1659 1089 129 34 elever-

299 1130 64 24 nas
386 1121 58 33 val
467 1134 45 21 av
533 1121 258 45 bildningslinje
813 1125 52 33 till
888 1125 110 34 fördel
1020 1126 54 34 för
1096 1128 80 33 dem
1199 1133 55 29 att
1275 1129 123 34 kunna
1419 1131 96 42 välja
1536 1132 128 34 mellan
1687 1133 102 41 linjer

300 1175 45 22 av
369 1176 137 23 samma
527 1166 106 43 längd
656 1168 65 33 och
743 1169 81 34 med
847 1170 224 43 anknytning
1093 1172 52 33 till
1170 1184 135 23 samma
1329 1174 152 35 årskurs.
1504 1176 73 34 Det
1601 1180 37 30 är
1662 1178 125 34 därvid

300 1207 142 35 särskilt
471 1210 181 42 angeläget
681 1216 56 29 att
765 1213 170 41 undvika,
965 1220 55 28 att
1049 1216 114 33 elever
1191 1217 11 33 i
1230 1216 303 37 försöksskolorna
1562 1221 108 42 avgår
1699 1222 89 33 efter

300 1251 148 36 åttonde
469 1254 194 41 årskursen,
683 1256 11 34 i
713 1257 191 41 synnerhet
923 1259 11 33 i
953 1259 136 34 mindre
1109 1260 219 42 kommuner,
1349 1263 64 33 där
1432 1276 43 21 en
1495 1263 227 44 försvagning
1742 1278 45 22 av

300 1300 19 29 9
332 1309 23 30 g
375 1298 48 42 på
444 1298 115 34 denna
579 1300 112 41 grund
713 1301 70 33 kan
805 1302 161 34 medföra
987 1308 55 29 att
1064 1304 213 43 samläsning
1298 1307 81 33 med
1402 1311 20 30 9
1436 1320 21 21 a
1478 1308 74 34 helt
1573 1309 81 34 eller
1676 1310 111 34 delvis

299 1341 114 35 måste
435 1342 144 35 komma
599 1344 53 33 till
674 1344 115 35 stånd.
813 1345 170 44 Slutligen
1006 1359 100 22 anser
1126 1348 61 42 jag
1208 1350 60 33 det
1290 1362 87 22 vara
1399 1364 45 21 av
1467 1357 73 29 stor
1561 1353 78 34 vikt
1662 1359 55 28 att
1739 1355 48 39 vi,

297 1383 109 36 innan
425 1392 54 28 ett
496 1388 221 41 gymnasium
735 1390 80 33 med
834 1390 248 35 enhetsskolan
1102 1405 75 21 som
1197 1394 268 35 understadium
1484 1409 96 22 mera
1598 1398 189 42 slutgiltigt

298 1428 87 35 skall
406 1429 183 42 utformas,
607 1431 55 34 får
680 1433 39 33 så
736 1434 92 41 goda
846 1434 297 44 förutsättningar
1162 1449 75 22 som
1255 1438 140 43 möjligt
1413 1440 11 33 i
1444 1440 214 35 åtminstone
1677 1443 109 41 några

297 1472 60 35 fall
388 1480 56 29 att
472 1475 176 43 verkligen
676 1480 112 31 pröva
816 1479 116 34 denna
960 1479 257 43 kombination,
1246 1483 183 35 anordnad
1459 1497 75 21 som
1563 1498 43 21 en
1635 1487 153 42 tolvårig

297 1518 210 44 studiegång
525 1520 90 34 fram
636 1521 52 33 till
710 1522 304 36 studentexamen.

342 1564 75 33 Det
435 1564 100 34 torde
553 1565 10 32 i
581 1565 152 43 enlighet
751 1567 80 33 med
851 1567 60 34 det
930 1580 46 20 av
993 1569 185 42 riksdagen
1198 1570 38 33 år
1255 1574 87 31 1953
1361 1571 107 42 givna
1486 1573 301 44 bemyndigandet

297 1608 192 34 ankomma
507 1609 46 42 på
572 1609 131 42 Kungl.
722 1610 111 42 Maj:t
853 1616 56 29 att
928 1611 93 34 fatta
1041 1613 115 34 beslut
1175 1614 10 33 i
1205 1614 42 34 de
1267 1615 71 40 fall,
1357 1616 61 42 jag
1436 1617 65 33 här
1519 1624 118 29 senast
1657 1624 130 35 avsett,

295 1652 177 42 nämligen
496 1658 55 29 att
573 1653 198 35 bestämma
794 1655 177 34 huruvida
993 1657 83 42 linje
1100 1658 60 33 vid
1184 1659 135 42 vanligt
1342 1661 223 42 gymnasium
1590 1663 87 34 skall
1701 1676 86 21 vara

295 1700 68 29 tre-
386 1697 82 33 eller
490 1697 162 43 fyraårig.
674 1699 67 42 Jag
762 1699 63 34 har
847 1701 193 34 emellertid
1063 1702 95 34 velat
1181 1703 161 35 redovisa
1363 1705 74 33 min
1459 1706 216 42 principiella
1697 1720 89 30 upp-

296 1740 158 43 fattning
473 1741 11 33 i
504 1741 121 43 frågan
645 1764 46 3 —
710 1743 110 34 vilket
841 1745 104 33 alltså
964 1745 73 35 inte
1057 1746 146 34 innebär
1223 1749 108 41 något
1352 1749 338 44 ställningstagande
1710 1753 11 33 i
1742 1753 44 33 de

294 1797 47 21 nu
362 1785 231 34 förevarande
612 1787 159 34 enskilda
789 1788 106 34 fallen
913 1809 47 5 —
977 1789 166 35 eftersom
1163 1792 42 33 de
1225 1804 45 21 av
1289 1793 333 43 skolöverstyrelsen
1642 1796 64 34 här
1725 1798 59 33 ak-

294 1829 212 35 tualiserade
528 1832 214 41 spörsmålen
764 1833 148 34 rörande
934 1834 466 43 gymnasieorganisationen
1422 1838 10 33 i
1454 1835 331 52 enhetsskoleregio-

294 1885 62 21 ner
383 1874 114 34 bildar
524 1881 53 28 ett
604 1877 348 42 sammanhängande
980 1879 84 39 helt,
1092 1879 77 33 från
1199 1880 109 34 vilket
1336 1881 124 43 frågan
1488 1895 57 22 om
1574 1884 42 34 de
1644 1886 140 42 vanliga

293 1918 349 43 gymnasielinjernas
659 1920 105 43 längd
781 1921 73 34 inte
871 1925 109 39 gärna
997 1923 70 33 kan
1084 1923 111 34 hållas
1212 1924 74 35 helt
1302 1925 103 36 skild.

341 2000 198 36 Utskottet.
561 2002 56 34 Av
640 2003 67 33 den
730 2004 164 34 lämnade
917 2005 242 42 redogörelsen
1182 2006 164 44 framgår,
1370 2014 56 30 att
1448 2010 132 42 Kungl.
1603 2011 111 42 Maj:t
1738 2024 46 22 av

294 2056 88 31 1953
409 2055 56 33 års
491 2054 141 44 riksdag
657 2056 137 34 erhållit
820 2057 284 43 bemyndigande
1131 2065 55 28 att
1212 2059 177 36 fastställa
1414 2062 368 44 linjeorganisationen

292 2106 53 33 för
361 2108 224 41 gymnasium
602 2109 60 33 vid
678 2109 105 43 högre
801 2111 149 33 allmänt
966 2111 161 35 läroverk
1144 2113 65 33 och
1226 2120 54 28 att
1297 2114 186 44 riksdagen
1499 2115 11 34 i
1527 2117 97 42 varje
1641 2119 141 33 särskilt

292 2159 60 34 fall
381 2160 131 34 brukat
539 2161 119 34 lämna
686 2163 131 42 Kungl.
845 2163 113 43 Maj:t
985 2164 283 44 bemyndigande
1297 2172 56 29 att
1381 2168 139 35 besluta
1547 2182 58 22 om
1633 2170 149 43 linjerna

291 2213 107 34 också
417 2213 60 34 vid
496 2214 227 42 nyinrättade
742 2216 348 43 försöksgymnasier.
1108 2219 190 35 Utskottet
1315 2221 65 34 har
1398 2221 118 36 funnit
1535 2225 247 41 övervägande

290 2266 186 42 praktiska
495 2267 74 33 skäl
589 2268 73 33 tala
681 2268 54 34 för
754 2274 54 29 att
827 2270 133 42 Kungl.
980 2270 111 43 Maj:t
1110 2272 145 34 erhåller
1275 2273 60 34 det
1355 2274 154 43 begärda
1528 2272 253 52 bemyndigan-

290 2319 60 34 det
374 2324 56 29 att
454 2319 174 35 fastställa
651 2322 215 42 gymnasiets
890 2323 323 43 linjeorganisation
1237 2326 59 34 vid
1319 2327 107 42 högre
1450 2328 147 35 allmänt
1619 2330 162 34 läroverk

290 2375 90 30 även
400 2373 10 33 i
431 2372 69 34 vad
521 2385 99 22 avser
638 2373 423 46 försöksgymnasielinjer
1079 2378 66 33 och
1165 2380 186 41 avstyrker
1370 2379 220 44 följaktligen
1610 2382 97 34 bifall
1727 2383 52 34 till

289 2426 178 41 yrkandet
484 2426 9 33 i
510 2427 220 34 motionerna
746 2428 30 33 I:
792 2432 65 30 642
875 2430 66 33 och
958 2430 48 33 II:
1023 2433 65 31 790
1105 2443 58 21 om
1181 2432 120 42 avslag
1317 2433 46 41 på
1380 2434 132 42 Kungl.
1528 2435 128 42 Maj:ts
1673 2436 107 34 fram-

289 2478 168 43 ställning
474 2479 10 33 i
503 2479 100 34 detta
620 2480 209 35 hänseende.
