2218 2648
197 737 65 30 Ang.
278 735 99 24 kostna-

218 770 75 24 derna
313 770 38 23 för

246 804 84 24 trafik-

198 838 179 33 inspektionen.

390 187 39 30 12
918 187 230 30 Statsutskottets
1175 187 156 30 Utlåtande
1354 184 53 32 Nr
1429 188 50 29 21.

978 469 422 49 Järnvägsstyrelsen.

1159 572 18 50 $
1195 572 43 50 4.

747 661 87 35 (Rev.
858 661 61 27 ber.
944 670 69 28 pag.
1038 661 59 28 184
1121 661 55 28 och
1201 661 74 36 185;
1298 661 55 27 utl.
1376 669 66 29 pag.
1468 661 187 35 652—654.)

493 736 77 37 Vid
608 738 231 48 granskning
879 737 38 36 af
956 743 138 31 statens
1132 738 216 48 järnvägars
1384 738 247 48 räkenskaper
1658 736 58 37 för
1743 738 260 36 revisionsåret

390 789 94 36 hade
510 789 62 36 det
598 789 109 36 väckt
734 790 248 35 revisorernas
1011 790 337 48 uppmärksamhet,
1377 794 65 40 att,
1471 792 47 46 på
1546 795 72 30 sätt
1644 788 277 49 nedanintagna
1947 795 56 30 ta-

390 841 75 36 bell
506 847 170 29 närmare
712 841 152 44 utvisar,
894 840 45 36 de
966 841 58 35 till
1051 841 393 48 trafikinspektörerna
1471 840 185 49 utgående
1684 853 97 23 rese-
1809 841 69 36 och
1905 841 99 35 trak-

390 893 461 47 tamentsersättningarna
878 895 158 45 uppgått
1062 892 58 36 till
1146 892 147 49 belopp,
1323 904 78 23 som
1429 894 21 33 å
1475 892 44 36 de
1539 892 98 36 olika
1655 892 349 36 trafiksektionerna

392 945 96 34 varit
514 944 12 34 i
554 943 73 49 hög
654 943 92 48 grad
772 943 191 36 växlande.
1017 942 163 37 Sålunda
1215 942 174 50 utgjorde
1417 944 228 47 exempelvis
1673 942 105 37 dessa
1804 943 201 36 kostnader

391 994 120 36 under
546 997 40 33 år
624 995 94 35 1908
756 992 228 38 beträffande
1011 993 114 38 femte
1152 995 303 35 trafiksektionen
1485 996 108 42 1,790
1621 995 146 44 kronor,
1796 994 119 36 under
1942 994 62 36 det

391 1051 55 30 att
487 1045 187 48 fjortonde
713 1046 324 35 trafiksektionens
1072 1045 156 49 utgifter
1263 1045 59 36 för
1355 1045 190 36 enahanda
1572 1045 169 36 ändamål
1771 1045 147 49 belöpte
1946 1046 58 48 sig

391 1097 59 36 till
478 1096 130 37 endast
637 1098 71 35 398
735 1097 147 36 kronor.

491 1148 120 35 Bland
651 1147 44 36 de
736 1151 133 45 många
909 1148 327 48 omständigheter,
1278 1149 124 35 hvilka
1437 1149 13 34 i
1486 1154 116 29 större
1630 1149 88 34 eller
1745 1148 144 35 mindre
1917 1151 86 33 mån

390 1198 200 37 inverkade
629 1201 47 46 på
716 1199 185 35 storleken
941 1198 40 36 af
1014 1199 105 35 dessa
1144 1199 146 48 belopp,
1319 1200 125 47 intoge
1472 1198 173 49 gifvetvis
1673 1199 44 35 de
1745 1200 97 35 olika
1869 1199 135 35 sektio-

391 1262 134 23 nernas
560 1249 230 49 banlängder
821 1255 54 30 ett
901 1251 138 47 ganska
1067 1249 248 36 framstående
1342 1263 95 22 rum.
1491 1250 99 35 Lade
1617 1263 86 22 man
1731 1250 121 36 denna
1879 1249 124 37 faktor

391 1301 59 35 till
491 1300 123 49 grund
652 1300 63 36 vid
746 1300 239 47 jämförelsen
1021 1301 136 36 mellan
1189 1301 44 36 de
1261 1302 97 35 olika
1385 1301 409 49 trafikinspektörernas
1821 1302 182 35 resekost-

391 1351 126 45 nader,
558 1351 123 36 visade
726 1353 56 47 sig
822 1351 105 36 dessa
958 1351 197 37 kostnader
1182 1359 47 28 än
1256 1365 101 22 mera
1383 1352 193 45 växlande,
1604 1354 13 33 i
1645 1352 61 36 det
1733 1357 55 31 att
1816 1352 187 35 desamma

392 1403 108 47 högst
540 1421 48 5 —
628 1402 230 36 beträffande
891 1402 136 36 nionde
1057 1403 303 36 trafiksektionen
1391 1422 48 4 —
1468 1406 158 45 uppgått
1653 1404 58 34 till
1751 1405 9 34 6
1789 1404 138 35 kronor
1956 1404 45 35 35

392 1460 61 29 öre
492 1466 67 36 per
598 1456 40 33 år
678 1454 68 36 och
785 1453 269 37 bankilometer
1093 1454 68 36 och
1201 1456 97 46 lägst
1324 1472 49 5 —
1399 1454 231 36 beträffande
1657 1453 191 49 fjortonde
1874 1455 128 34 trafik-

392 1505 190 35 sektionen
609 1524 50 4 —
685 1505 58 35 till
772 1506 45 34 95
846 1512 73 29 öre.

492 1555 67 36 Att
599 1559 39 32 så
673 1556 206 48 väsentliga
918 1556 298 48 skiljaktigheter
1251 1554 216 37 förefunnes
1494 1555 230 36 beträffande
1753 1557 184 35 storleken
1965 1555 39 36 af

392 1607 104 35 dessa
523 1606 283 37 resekossnader
832 1608 102 35 inom
962 1607 98 36 olika
1087 1607 161 44 distrikt,
1278 1612 126 44 syntes
1430 1606 100 49 gifva
1548 1606 65 37 vid
1631 1606 159 46 handen,
1811 1612 54 30 att
1884 1606 118 36 skilda

392 1659 188 47 principer
619 1658 233 48 tillämpades
888 1659 12 35 i
936 1658 106 48 fråga
1077 1671 60 23 om
1172 1658 408 48 trafikinspektörernas
1607 1657 394 50 inspektionsskyldig-

392 1709 105 35 heter
525 1709 67 36 och
621 1714 54 31 att
703 1707 232 51 följaktligen
962 1709 244 36 normerande
1233 1710 277 35 bestämmelser
1536 1711 13 33 i
1573 1709 105 36 dessa
1696 1708 199 37 afseenden
1915 1722 86 23 vore

392 1759 41 36 af
456 1759 176 37 behofvet
658 1760 200 48 påkallade.

493 1811 81 35 Den
602 1810 40 36 af
666 1812 229 35 revisorerna
922 1810 206 49 åberopade
1155 1811 160 36 tabellen
1343 1818 40 29 är
1410 1810 40 36 af
1474 1810 165 49 följande
1665 1811 158 49 lydelse:
