2224 2651
396 198 40 30 20
924 197 227 30 Statsutskottets
1179 197 154 29 Utlåtande
1355 194 51 32 Nr
1429 197 50 29 21.

396 281 47 46 på
495 282 123 31 västra
670 276 114 41 sidan,
844 276 101 36 förut
989 275 168 37 använda
1200 275 57 37 för
1301 276 300 35 växelkassornas
1657 276 155 46 räkning,
1859 274 146 37 mindre

390 329 179 49 lämpliga
612 328 58 36 för
713 328 285 36 arkivändamål.
1051 326 216 38 Detsamma
1306 328 117 48 gäller
1463 340 60 23 om
1564 340 45 23 en
1653 326 59 36 del
1757 325 39 37 af
1838 326 44 36 de
1927 329 79 33 små

392 394 172 23 rummen
617 383 36 33 åt
706 393 88 23 norr
846 379 64 37 vid
970 378 108 38 Stora
1129 379 264 49 Tullgränden.
1472 378 324 49 :Mellanvåningen
1851 383 155 44 utgöres

392 432 41 37 af
474 446 46 22 en
564 431 137 50 mängd
743 433 14 34 i
801 431 201 36 allmänhet
1046 435 78 32 små
1172 445 83 22 rum
1300 434 47 45 på
1391 431 71 35 alla
1505 429 84 51 fyra
1632 430 149 36 sidorna
1826 443 61 22 om
1931 429 75 36 den

393 488 132 45 trånga
564 484 67 36 och
673 485 114 35 smala
826 483 151 49 gården.
1031 482 185 37 Rummen
1257 486 35 32 åt
1328 482 45 36 de
1407 482 95 36 båda
1533 481 208 50 gränderna
1768 488 63 29 äro
1858 481 148 50 mycket

394 537 136 35 mörka.
584 534 57 37 Af
665 536 187 48 våningen
879 537 63 33 två
969 540 153 43 trappor
1150 548 76 35 upp
1254 534 216 48 disponeras
1498 538 117 31 större
1643 533 105 36 delen
1768 532 39 36 af
1831 532 175 49 telegraf-

395 589 140 42 verket;
564 586 129 37 endast
720 586 71 36 den
819 586 157 45 mindre,
1004 591 122 31 västra
1154 586 106 35 delen
1279 586 67 35 har
1363 586 203 48 begagnats
1598 583 57 38 för
1682 585 323 35 kammararkivets

395 640 167 47 räkning.
620 637 50 37 Af
706 639 186 35 lokalerna
929 637 64 36 där
1028 639 97 34 lärer
1161 637 62 36 det
1259 642 99 31 stora
1393 641 164 31 rummet
1592 639 38 33 åt
1666 636 116 45 söder,
1819 639 36 32 åt
1888 635 118 36 Norra

395 689 277 48 bankgränden,
702 692 46 44 på
775 688 123 48 grund
933 688 39 34 af
1005 701 45 22 en
1086 688 210 48 betydande
1333 688 145 47 spricka
1513 688 13 33 i
1562 699 141 30 muren,
1737 687 81 35 icke
1845 687 74 34 tåla
1945 685 62 36 vid

395 744 121 46 någon
544 745 120 31 större
691 739 226 49 belastning;
946 738 62 37 det
1035 740 97 35 lärer
1159 737 232 50 följaktligen
1418 738 80 36 icke
1524 751 87 23 vara
1647 736 57 37 för
1732 737 275 36 arkivändamål

396 792 238 36 användbart.
687 791 155 36 Återstå
869 791 153 35 sålunda
1048 791 14 34 i
1089 789 212 37 hufvudsak
1337 795 52 30 ett
1426 791 220 34 mellanrum
1682 789 85 35 med
1799 788 144 36 fönster
1971 791 36 32 åt

395 843 138 49 gården
563 843 68 35 och
659 847 52 31 ett
738 847 115 31 större
886 841 57 36 för
978 841 227 37 närvarande
1240 854 133 36 genom
1410 842 278 47 cloisonväggar
1724 839 164 37 afdeladt
1924 853 83 22 rum

396 898 36 32 åt
458 907 99 23 norr.

496 946 71 36 För
594 949 38 32 så
659 945 79 36 vidt
765 945 62 36 det
854 958 108 22 norra
989 944 40 36 af
1053 945 43 34 de
1123 943 108 37 forna
1248 943 215 36 bankhusen
1490 943 80 36 icke
1598 943 216 48 lämpligare
1842 943 73 35 kan
1942 955 65 35 ap-

396 1003 97 31 teras
520 996 58 37 för
605 1002 113 31 annat
745 996 271 45 statsändamål,
1046 1002 39 29 är
1113 995 63 36 det
1202 996 217 47 visserligen
1447 995 148 48 möjligt
1623 999 54 31 att
1704 993 65 36 där
1795 996 13 33 i
1836 998 53 31 ett
1908 994 99 35 antal

396 1062 84 22 rum
507 1048 145 37 förvara
678 1048 206 43 arkivalier,
913 1061 85 22 men
1026 1048 90 35 skall
1146 1047 64 35 där
1236 1045 117 37 blifva
1372 1060 45 22 en
1436 1051 218 43 permanent
1678 1045 208 48 arkivdepå,
1905 1043 101 37 kräf-

394 1113 62 24 vas
484 1100 186 48 åtskilliga
696 1098 321 49 förutsättningar.

496 1151 71 36 Det
601 1164 86 23 vore
723 1150 94 36 först
854 1151 68 34 och
958 1149 131 36 främst
1125 1149 199 36 önskvärdt
1359 1154 53 30 att
1444 1148 163 35 anordna
1634 1146 373 49 hufvuduppgången

396 1202 84 36 från
507 1207 133 43 porten
669 1204 37 33 åt
728 1201 120 37 Norra
873 1200 276 49 bankgränden.
1204 1199 315 36 HKammararkivet
1546 1199 66 35 har
1638 1199 83 35 låtit
1755 1202 253 44 transportera

396 1267 46 22 en
470 1259 75 30 stor
573 1253 59 35 del
659 1252 39 36 af
734 1254 79 34 sina
852 1253 194 35 arkivalier
1085 1250 103 38 öfver
1228 1251 72 36 den
1340 1253 131 46 tränga
1497 1250 140 49 gården
1665 1263 75 35 upp
1767 1250 58 35 till
1852 1250 154 34 mellan-

397 1305 197 47 våningen,
627 1317 46 22 en
701 1303 220 48 anordning,
951 1316 77 22 som
1056 1302 175 49 gifvetvis
1267 1309 40 28 är
1343 1302 188 47 olämplig.
1585 1301 71 36 För
1691 1306 54 30 att
1780 1300 37 36 få
1849 1299 159 37 hufvud-

396 1358 225 46 uppgången
647 1354 84 36 från
759 1354 106 36 söder
891 1356 77 34 lära
995 1353 204 36 emellertid
1227 1353 186 48 åtskilliga
1440 1351 310 50 skyddsåtgärder
1777 1350 146 37 kräfvas
1951 1349 58 36 för

397 1411 52 30 att
478 1405 228 36 förekomma
733 1405 122 48 ohägn
882 1407 12 33 i
921 1408 249 45 portgången;
1199 1404 121 36 denna
1347 1411 40 28 är
1413 1403 59 36 för
1498 1403 228 36 närvarande
1752 1401 205 37 tillmurad.

497 1457 185 36 Rummen
718 1456 150 36 befinna
904 1458 56 46 sig
987 1457 11 34 i
1027 1461 51 30 ett
1106 1455 264 36 afskräckande
1398 1455 113 44 skick,
1540 1455 180 47 smutsiga
1748 1454 68 35 och
1844 1453 162 35 sköflade

398 1512 46 44 på
480 1509 70 35 alla
585 1509 240 42 inventarier;
862 1520 187 35 gasarmar
1086 1508 68 35 och
1189 1507 144 47 lampor
1360 1509 63 33 åro
1449 1506 228 48 bortryckta,
1706 1505 197 36 elektriska
1929 1504 79 35 led-

395 1561 181 46 ningarna
604 1558 177 36 afbrutna
797 1577 49 5 —
865 1558 173 36 trådarna
1065 1558 122 48 hänga
1214 1557 65 35 här
1304 1557 68 35 och
1390 1557 90 35 hvar
1499 1557 13 35 i
1530 1557 109 35 taken
1657 1575 50 4 —
1726 1556 69 35 och
1814 1558 39 33 så
1870 1554 137 36 vidare.

395 1610 71 36 Det
500 1609 129 37 behöfs
670 1623 45 23 en
756 1609 179 49 grundlig
973 1609 201 48 rengöring
1210 1609 68 35 och
1314 1609 222 47 reparation.
1590 1607 109 36 Vissa
1735 1614 139 41 väggar
1901 1605 106 36 torde

397 1661 181 47 därjämte
613 1661 90 35 böra
727 1661 201 47 borttagas.
984 1659 158 38 Golfven
1170 1659 114 36 borde
1311 1659 175 48 beläggas
1513 1658 84 36 med
1625 1657 381 50 förhydningsmassa.

497 1712 294 49 Hyllinredning
826 1711 66 36 bör
929 1710 194 42 anordnas,
1156 1710 78 36 dels
1262 1710 230 49 vägghyllor,
1521 1709 77 36 dels
1626 1709 139 36 dubbla
1791 1707 217 50 golfhyllor.

397 1763 182 49 Hyllorna
605 1763 89 36 böra
721 1763 31 47 ej
783 1776 87 23 vara
897 1763 113 45 högre
1038 1769 46 28 än
1112 1767 53 30 att
1192 1775 45 22 en
1256 1761 201 36 medelstor
1476 1774 135 35 person
1630 1760 151 36 stående
1801 1763 47 45 på
1866 1758 142 50 golfvet

397 1815 72 34 kan
496 1817 49 33 nå
572 1828 77 34 upp
676 1815 58 34 till
762 1814 131 48 högsta
919 1813 134 36 facket.

498 1865 185 36 Rummen
711 1868 36 32 åt
775 1864 209 49 gränderna
1011 1871 62 29 äro
1101 1865 148 48 mycket
1276 1864 142 42 mörka;
1448 1864 173 34 elektrisk
1648 1862 199 49 belvsning
1866 1868 39 29 är
1924 1861 84 35 där-

397 1915 56 36 för
480 1916 226 48 nödvändig.

495 1967 57 36 En
579 1968 289 47 hissinrättning
893 1980 87 22 vore
1008 1966 193 45 önskvärd,
1243 1966 46 35 då
1316 1964 322 49 räkenskapsband
1665 1963 79 37 ofta
1771 1971 63 28 äro
1862 1964 145 48 mycket

395 2018 256 47 ohandterliga
678 2018 69 36 och
774 2024 124 42 tunga.

495 2068 244 37 Åtminstone
775 2074 53 31 ett
856 2082 65 35 par
948 2082 84 22 rum
1059 2068 90 36 böra
1175 2068 182 35 anordnas
1383 2068 59 34 till
1470 2067 218 43 arbetsrum,
1718 2070 39 31 så
1784 2071 54 30 att
1864 2065 142 36 arkiva-

396 2121 117 35 lierna
540 2121 127 35 kunna
699 2123 46 45 på
772 2121 122 34 stället
912 2119 186 48 begagnas
1117 2119 68 36 och
1207 2118 129 36 endast
1355 2118 265 48 undantagsvis
1638 2116 160 36 behöfde
1817 2121 190 43 transpor-

395 2176 98 31 teras
528 2172 58 34 till
622 2171 114 36 andra
770 2171 149 36 lokaler.
974 2170 16 36 I
1026 2169 129 37 sådant
1188 2169 65 36 fall
1284 2168 114 37 borde
1426 2182 85 23 man
1539 2167 205 37 emelertid
1772 2166 109 37 äfven
1909 2167 99 47 sörja

395 2221 58 36 för
481 2227 54 31 att
563 2222 103 36 dessa
693 2235 84 23 rum
805 2222 123 36 kunde
956 2229 232 41 uppvärmas.
