<?xml version="1.0" encoding="UTF-8"?>
<alto xmlns="http://www.loc.gov/standards/alto/ns-v3#" xmlns:xlink="http://www.w3.org/1999/xlink" xmlns:xsi="http://www.w3.org/2001/XMLSchema-instance" xsi:schemaLocation="http://www.loc.gov/standards/alto/ns-v3# http://www.loc.gov/alto/v3/alto-3-0.xsd">
	<Description>
		<MeasurementUnit>pixel</MeasurementUnit>
		<sourceImageInformation>
			<fileName>/tmp/tess_oop66gpz_input.PNG</fileName>
		</sourceImageInformation>
		<OCRProcessing ID="OCR_0">
			<ocrProcessingStep>
				<processingSoftware>
					<softwareName>tesseract 5.3.0</softwareName>
				</processingSoftware>
			</ocrProcessingStep>
		</OCRProcessing>
	</Description>
	<Layout>
		<Page WIDTH="1889" HEIGHT="2824" PHYSICAL_IMG_NR="0" ID="page_0">
			<PrintSpace HPOS="0" VPOS="0" WIDTH="1889" HEIGHT="2824">
				<ComposedBlock ID="cblock_0" HPOS="473" VPOS="183" WIDTH="1173" HEIGHT="54">
					<TextBlock ID="block_0" HPOS="473" VPOS="183" WIDTH="1173" HEIGHT="54">
						<TextLine ID="line_0" HPOS="473" VPOS="183" WIDTH="1173" HEIGHT="54">
							<String ID="string_0" HPOS="473" VPOS="198" WIDTH="121" HEIGHT="39" WC="0.93" CONTENT="Tredje"/><SP WIDTH="21" VPOS="198" HPOS="594"/>
							<String ID="string_1" HPOS="615" VPOS="195" WIDTH="239" HEIGHT="42" WC="0.92" CONTENT="lagutskottets"/><SP WIDTH="22" VPOS="195" HPOS="854"/>
							<String ID="string_2" HPOS="876" VPOS="190" WIDTH="175" HEIGHT="33" WC="0.96" CONTENT="utlåtande"/><SP WIDTH="22" VPOS="190" HPOS="1051"/>
							<String ID="string_3" HPOS="1073" VPOS="199" WIDTH="40" HEIGHT="21" WC="0.96" CONTENT="nr"/><SP WIDTH="21" VPOS="199" HPOS="1113"/>
							<String ID="string_4" HPOS="1134" VPOS="189" WIDTH="41" HEIGHT="30" WC="0.96" CONTENT="36"/><SP WIDTH="22" VPOS="189" HPOS="1175"/>
							<String ID="string_5" HPOS="1197" VPOS="187" WIDTH="36" HEIGHT="30" WC="0.96" CONTENT="år"/><SP WIDTH="24" VPOS="187" HPOS="1233"/>
							<String ID="string_6" HPOS="1257" VPOS="186" WIDTH="83" HEIGHT="31" WC="0.96" CONTENT="1968"/><SP WIDTH="292" VPOS="186" HPOS="1340"/>
							<String ID="string_7" HPOS="1632" VPOS="183" WIDTH="14" HEIGHT="29" WC="0.96" CONTENT="1"/>
						</TextLine>
					</TextBlock>
				</ComposedBlock>
				<ComposedBlock ID="cblock_1" HPOS="841" VPOS="496" WIDTH="148" HEIGHT="43">
					<TextBlock ID="block_1" HPOS="841" VPOS="496" WIDTH="148" HEIGHT="43">
						<TextLine ID="line_1" HPOS="841" VPOS="496" WIDTH="148" HEIGHT="43">
							<String ID="string_8" HPOS="841" VPOS="498" WIDTH="65" HEIGHT="41" WC="0.95" CONTENT="Nr"/><SP WIDTH="27" VPOS="498" HPOS="906"/>
							<String ID="string_9" HPOS="933" VPOS="496" WIDTH="56" HEIGHT="41" WC="0.95" CONTENT="36"/>
						</TextLine>
					</TextBlock>
				</ComposedBlock>
				<ComposedBlock ID="cblock_2" HPOS="373" VPOS="604" WIDTH="1285" HEIGHT="162">
					<TextBlock ID="block_2" HPOS="373" VPOS="604" WIDTH="1285" HEIGHT="162">
						<TextLine ID="line_2" HPOS="373" VPOS="604" WIDTH="1284" HEIGHT="53">
							<String ID="string_10" HPOS="373" VPOS="624" WIDTH="181" HEIGHT="32" WC="0.96" CONTENT="Utlåtande"/><SP WIDTH="22" VPOS="624" HPOS="554"/>
							<String ID="string_11" HPOS="576" VPOS="624" WIDTH="10" HEIGHT="29" WC="0.96" CONTENT="i"/><SP WIDTH="23" VPOS="624" HPOS="586"/>
							<String ID="string_12" HPOS="609" VPOS="620" WIDTH="185" HEIGHT="37" WC="0.96" CONTENT="anledning"/><SP WIDTH="23" VPOS="620" HPOS="794"/>
							<String ID="string_13" HPOS="817" VPOS="628" WIDTH="41" HEIGHT="19" WC="0.96" CONTENT="av"/><SP WIDTH="23" VPOS="628" HPOS="858"/>
							<String ID="string_14" HPOS="881" VPOS="617" WIDTH="168" HEIGHT="29" WC="0.96" CONTENT="motioner"/><SP WIDTH="24" VPOS="617" HPOS="1049"/>
							<String ID="string_15" HPOS="1073" VPOS="611" WIDTH="176" HEIGHT="40" WC="0.96" CONTENT="angående"/><SP WIDTH="34" VPOS="611" HPOS="1249"/>
							<String ID="string_16" HPOS="1283" VPOS="609" WIDTH="104" HEIGHT="30" WC="0.86" CONTENT="dels"/><SP WIDTH="34" VPOS="609" HPOS="1387"/>
							<String ID="string_17" HPOS="1421" VPOS="607" WIDTH="81" HEIGHT="29" WC="0.93" CONTENT="visst"/><SP WIDTH="24" VPOS="607" HPOS="1502"/>
							<String ID="string_18" HPOS="1526" VPOS="604" WIDTH="131" HEIGHT="38" WC="0.89" CONTENT="kungö-"/>
						</TextLine>
						<TextLine ID="line_3" HPOS="571" VPOS="658" WIDTH="1087" HEIGHT="53">
							<String ID="string_19" HPOS="571" VPOS="671" WIDTH="290" HEIGHT="40" WC="0.91" CONTENT="relseförfarande"/><SP WIDTH="26" VPOS="671" HPOS="861"/>
							<String ID="string_20" HPOS="887" VPOS="672" WIDTH="10" HEIGHT="29" WC="0.96" CONTENT="i"/><SP WIDTH="27" VPOS="672" HPOS="897"/>
							<String ID="string_21" HPOS="924" VPOS="669" WIDTH="70" HEIGHT="31" WC="0.96" CONTENT="mål"/><SP WIDTH="27" VPOS="669" HPOS="994"/>
							<String ID="string_22" HPOS="1021" VPOS="677" WIDTH="56" HEIGHT="21" WC="0.96" CONTENT="om"/><SP WIDTH="27" VPOS="677" HPOS="1077"/>
							<String ID="string_23" HPOS="1104" VPOS="663" WIDTH="327" HEIGHT="39" WC="0.89" CONTENT="vattenförorening,"/><SP WIDTH="33" VPOS="663" HPOS="1431"/>
							<String ID="string_24" HPOS="1464" VPOS="660" WIDTH="16" HEIGHT="30" WC="0.90" CONTENT="d"/><SP WIDTH="14" VPOS="660" HPOS="1480"/>
							<String ID="string_25" HPOS="1494" VPOS="659" WIDTH="69" HEIGHT="30" WC="0.90" CONTENT="els"/><SP WIDTH="28" VPOS="659" HPOS="1563"/>
							<String ID="string_26" HPOS="1591" VPOS="658" WIDTH="67" HEIGHT="30" WC="0.96" CONTENT="viss"/>
						</TextLine>
						<TextLine ID="line_4" HPOS="572" VPOS="716" WIDTH="864" HEIGHT="50">
							<String ID="string_27" HPOS="572" VPOS="728" WIDTH="181" HEIGHT="38" WC="0.95" CONTENT="utredning"/><SP WIDTH="25" VPOS="728" HPOS="753"/>
							<String ID="string_28" HPOS="778" VPOS="728" WIDTH="10" HEIGHT="29" WC="0.96" CONTENT="i"/><SP WIDTH="24" VPOS="728" HPOS="788"/>
							<String ID="string_29" HPOS="812" VPOS="724" WIDTH="70" HEIGHT="31" WC="0.95" CONTENT="mål"/><SP WIDTH="24" VPOS="724" HPOS="882"/>
							<String ID="string_30" HPOS="906" VPOS="721" WIDTH="177" HEIGHT="41" WC="0.95" CONTENT="angående"/><SP WIDTH="27" VPOS="721" HPOS="1083"/>
							<String ID="string_31" HPOS="1110" VPOS="716" WIDTH="326" HEIGHT="39" WC="0.89" CONTENT="vattenförorening."/>
						</TextLine>
					</TextBlock>
				</ComposedBlock>
				<ComposedBlock ID="cblock_3" HPOS="177" VPOS="820" WIDTH="1499" HEIGHT="914">
					<TextBlock ID="block_3" HPOS="177" VPOS="820" WIDTH="1486" HEIGHT="168">
						<TextLine ID="line_5" HPOS="221" VPOS="820" WIDTH="1440" HEIGHT="61">
							<String ID="string_32" HPOS="221" VPOS="842" WIDTH="127" HEIGHT="39" WC="0.96" CONTENT="Tredje"/><SP WIDTH="27" VPOS="842" HPOS="348"/>
							<String ID="string_33" HPOS="375" VPOS="840" WIDTH="227" HEIGHT="40" WC="0.96" CONTENT="lagutskottet"/><SP WIDTH="28" VPOS="840" HPOS="602"/>
							<String ID="string_34" HPOS="630" VPOS="837" WIDTH="65" HEIGHT="30" WC="0.96" CONTENT="har"/><SP WIDTH="27" VPOS="837" HPOS="695"/>
							<String ID="string_35" HPOS="722" VPOS="834" WIDTH="189" HEIGHT="31" WC="0.96" CONTENT="behandlat"/><SP WIDTH="27" VPOS="834" HPOS="911"/>
							<String ID="string_36" HPOS="938" VPOS="830" WIDTH="58" HEIGHT="32" WC="0.96" CONTENT="två"/><SP WIDTH="27" VPOS="830" HPOS="996"/>
							<String ID="string_37" HPOS="1023" VPOS="830" WIDTH="95" HEIGHT="30" WC="0.96" CONTENT="inom"/><SP WIDTH="28" VPOS="830" HPOS="1118"/>
							<String ID="string_38" HPOS="1146" VPOS="827" WIDTH="188" HEIGHT="38" WC="0.96" CONTENT="riksdagen"/><SP WIDTH="26" VPOS="827" HPOS="1334"/>
							<String ID="string_39" HPOS="1360" VPOS="823" WIDTH="126" HEIGHT="31" WC="0.96" CONTENT="väckta"/><SP WIDTH="28" VPOS="823" HPOS="1486"/>
							<String ID="string_40" HPOS="1514" VPOS="821" WIDTH="65" HEIGHT="30" WC="0.96" CONTENT="och"/><SP WIDTH="29" VPOS="821" HPOS="1579"/>
							<String ID="string_41" HPOS="1608" VPOS="820" WIDTH="53" HEIGHT="29" WC="0.95" CONTENT="till"/>
						</TextLine>
						<TextLine ID="line_6" HPOS="177" VPOS="872" WIDTH="1486" HEIGHT="64">
							<String ID="string_42" HPOS="177" VPOS="895" WIDTH="188" HEIGHT="41" WC="0.92" CONTENT="lagutskott"/><SP WIDTH="23" VPOS="895" HPOS="365"/>
							<String ID="string_43" HPOS="388" VPOS="891" WIDTH="190" HEIGHT="33" WC="0.96" CONTENT="hänvisade"/><SP WIDTH="23" VPOS="891" HPOS="578"/>
							<String ID="string_44" HPOS="601" VPOS="890" WIDTH="179" HEIGHT="33" WC="0.96" CONTENT="motioner,"/><SP WIDTH="24" VPOS="890" HPOS="780"/>
							<String ID="string_45" HPOS="804" VPOS="897" WIDTH="41" HEIGHT="20" WC="0.96" CONTENT="nr"/><SP WIDTH="24" VPOS="897" HPOS="845"/>
							<String ID="string_46" HPOS="869" VPOS="887" WIDTH="60" HEIGHT="29" WC="0.96" CONTENT="421"/><SP WIDTH="26" VPOS="887" HPOS="929"/>
							<String ID="string_47" HPOS="955" VPOS="885" WIDTH="10" HEIGHT="30" WC="0.96" CONTENT="i"/><SP WIDTH="24" VPOS="885" HPOS="965"/>
							<String ID="string_48" HPOS="989" VPOS="884" WIDTH="109" HEIGHT="30" WC="0.96" CONTENT="första"/><SP WIDTH="21" VPOS="884" HPOS="1098"/>
							<String ID="string_49" HPOS="1119" VPOS="882" WIDTH="206" HEIGHT="30" WC="0.96" CONTENT="kammaren"/><SP WIDTH="22" VPOS="882" HPOS="1325"/>
							<String ID="string_50" HPOS="1347" VPOS="887" WIDTH="42" HEIGHT="20" WC="0.96" CONTENT="av"/><SP WIDTH="21" VPOS="887" HPOS="1389"/>
							<String ID="string_51" HPOS="1410" VPOS="877" WIDTH="80" HEIGHT="29" WC="0.93" CONTENT="herr"/><SP WIDTH="23" VPOS="877" HPOS="1490"/>
							<String ID="string_52" HPOS="1513" VPOS="872" WIDTH="150" HEIGHT="40" WC="0.90" CONTENT="Lidgard"/>
						</TextLine>
						<TextLine ID="line_7" HPOS="178" VPOS="929" WIDTH="1318" HEIGHT="59">
							<String ID="string_53" HPOS="178" VPOS="961" WIDTH="44" HEIGHT="20" WC="0.91" CONTENT="m."/><SP WIDTH="15" VPOS="961" HPOS="222"/>
							<String ID="string_54" HPOS="237" VPOS="950" WIDTH="37" HEIGHT="38" WC="0.96" CONTENT="fl."/><SP WIDTH="20" VPOS="950" HPOS="274"/>
							<String ID="string_55" HPOS="294" VPOS="949" WIDTH="65" HEIGHT="30" WC="0.96" CONTENT="och"/><SP WIDTH="18" VPOS="949" HPOS="359"/>
							<String ID="string_56" HPOS="377" VPOS="958" WIDTH="41" HEIGHT="20" WC="0.96" CONTENT="nr"/><SP WIDTH="18" VPOS="958" HPOS="418"/>
							<String ID="string_57" HPOS="436" VPOS="947" WIDTH="63" HEIGHT="30" WC="0.96" CONTENT="519"/><SP WIDTH="20" VPOS="947" HPOS="499"/>
							<String ID="string_58" HPOS="519" VPOS="946" WIDTH="10" HEIGHT="29" WC="0.96" CONTENT="i"/><SP WIDTH="18" VPOS="946" HPOS="529"/>
							<String ID="string_59" HPOS="547" VPOS="945" WIDTH="110" HEIGHT="30" WC="0.96" CONTENT="andra"/><SP WIDTH="18" VPOS="945" HPOS="657"/>
							<String ID="string_60" HPOS="675" VPOS="944" WIDTH="204" HEIGHT="29" WC="0.96" CONTENT="kammaren"/><SP WIDTH="19" VPOS="944" HPOS="879"/>
							<String ID="string_61" HPOS="898" VPOS="949" WIDTH="41" HEIGHT="21" WC="0.96" CONTENT="av"/><SP WIDTH="20" VPOS="949" HPOS="939"/>
							<String ID="string_62" HPOS="959" VPOS="939" WIDTH="79" HEIGHT="29" WC="0.96" CONTENT="herr"/><SP WIDTH="19" VPOS="939" HPOS="1038"/>
							<String ID="string_63" HPOS="1057" VPOS="937" WIDTH="173" HEIGHT="37" WC="0.96" CONTENT="Bengtson"/><SP WIDTH="18" VPOS="937" HPOS="1230"/>
							<String ID="string_64" HPOS="1248" VPOS="934" WIDTH="10" HEIGHT="30" WC="0.96" CONTENT="i"/><SP WIDTH="20" VPOS="934" HPOS="1258"/>
							<String ID="string_65" HPOS="1278" VPOS="932" WIDTH="103" HEIGHT="30" WC="0.93" CONTENT="Solna"/><SP WIDTH="20" VPOS="932" HPOS="1381"/>
							<String ID="string_66" HPOS="1401" VPOS="940" WIDTH="43" HEIGHT="20" WC="0.90" CONTENT="m."/><SP WIDTH="16" VPOS="940" HPOS="1444"/>
							<String ID="string_67" HPOS="1460" VPOS="929" WIDTH="36" HEIGHT="37" WC="0.90" CONTENT="fl."/>
						</TextLine>
					</TextBlock>
					<TextBlock ID="block_4" HPOS="223" VPOS="991" WIDTH="922" HEIGHT="45">
						<TextLine ID="line_8" HPOS="223" VPOS="991" WIDTH="922" HEIGHT="45">
							<String ID="string_68" HPOS="223" VPOS="1006" WIDTH="13" HEIGHT="29" WC="0.96" CONTENT="I"/><SP WIDTH="25" VPOS="1006" HPOS="236"/>
							<String ID="string_69" HPOS="261" VPOS="1003" WIDTH="233" HEIGHT="33" WC="0.96" CONTENT="motionerna,"/><SP WIDTH="26" VPOS="1003" HPOS="494"/>
							<String ID="string_70" HPOS="520" VPOS="1009" WIDTH="76" HEIGHT="21" WC="0.96" CONTENT="som"/><SP WIDTH="24" VPOS="1009" HPOS="596"/>
							<String ID="string_71" HPOS="620" VPOS="999" WIDTH="40" HEIGHT="29" WC="0.96" CONTENT="är"/><SP WIDTH="23" VPOS="999" HPOS="660"/>
							<String ID="string_72" HPOS="683" VPOS="995" WIDTH="234" HEIGHT="39" WC="0.93" CONTENT="likalydande,"/><SP WIDTH="27" VPOS="995" HPOS="917"/>
							<String ID="string_73" HPOS="944" VPOS="991" WIDTH="201" HEIGHT="32" WC="0.92" CONTENT="hemställes"/>
						</TextLine>
					</TextBlock>
					<TextBlock ID="block_5" HPOS="181" VPOS="1035" WIDTH="1486" HEIGHT="221">
						<TextLine ID="line_9" HPOS="227" VPOS="1035" WIDTH="1438" HEIGHT="59">
							<String ID="string_74" HPOS="227" VPOS="1060" WIDTH="69" HEIGHT="28" WC="0.85" CONTENT="»att"/><SP WIDTH="21" VPOS="1060" HPOS="296"/>
							<String ID="string_75" HPOS="317" VPOS="1056" WIDTH="188" HEIGHT="38" WC="0.96" CONTENT="riksdagen"/><SP WIDTH="22" VPOS="1056" HPOS="505"/>
							<String ID="string_76" HPOS="527" VPOS="1054" WIDTH="9" HEIGHT="30" WC="0.96" CONTENT="i"/><SP WIDTH="23" VPOS="1054" HPOS="536"/>
							<String ID="string_77" HPOS="559" VPOS="1051" WIDTH="166" HEIGHT="32" WC="0.96" CONTENT="skrivelse"/><SP WIDTH="22" VPOS="1051" HPOS="725"/>
							<String ID="string_78" HPOS="747" VPOS="1050" WIDTH="52" HEIGHT="30" WC="0.96" CONTENT="till"/><SP WIDTH="21" VPOS="1050" HPOS="799"/>
							<String ID="string_79" HPOS="820" VPOS="1048" WIDTH="123" HEIGHT="39" WC="0.96" CONTENT="Kungl."/><SP WIDTH="23" VPOS="1048" HPOS="943"/>
							<String ID="string_80" HPOS="966" VPOS="1045" WIDTH="100" HEIGHT="39" WC="0.95" CONTENT="Maj:t"/><SP WIDTH="21" VPOS="1045" HPOS="1066"/>
							<String ID="string_81" HPOS="1087" VPOS="1043" WIDTH="108" HEIGHT="31" WC="0.95" CONTENT="måtte"/><SP WIDTH="22" VPOS="1043" HPOS="1195"/>
							<String ID="string_82" HPOS="1217" VPOS="1040" WIDTH="142" HEIGHT="32" WC="0.96" CONTENT="anhålla"/><SP WIDTH="22" VPOS="1040" HPOS="1359"/>
							<String ID="string_83" HPOS="1381" VPOS="1048" WIDTH="57" HEIGHT="21" WC="0.95" CONTENT="om"/><SP WIDTH="22" VPOS="1048" HPOS="1438"/>
							<String ID="string_84" HPOS="1460" VPOS="1037" WIDTH="130" HEIGHT="38" WC="0.95" CONTENT="förslag"/><SP WIDTH="23" VPOS="1037" HPOS="1590"/>
							<String ID="string_85" HPOS="1613" VPOS="1035" WIDTH="52" HEIGHT="30" WC="0.96" CONTENT="till"/>
						</TextLine>
						<TextLine ID="line_10" HPOS="181" VPOS="1091" WIDTH="1486" HEIGHT="56">
							<String ID="string_86" HPOS="181" VPOS="1110" WIDTH="109" HEIGHT="32" WC="0.96" CONTENT="sådan"/><SP WIDTH="29" VPOS="1110" HPOS="290"/>
							<String ID="string_87" HPOS="319" VPOS="1108" WIDTH="148" HEIGHT="39" WC="0.96" CONTENT="ändring"/><SP WIDTH="27" VPOS="1108" HPOS="467"/>
							<String ID="string_88" HPOS="494" VPOS="1117" WIDTH="42" HEIGHT="20" WC="0.93" CONTENT="av"/><SP WIDTH="27" VPOS="1117" HPOS="536"/>
							<String ID="string_89" HPOS="563" VPOS="1100" WIDTH="425" HEIGHT="43" WC="0.91" CONTENT="kungörelseförfarandet"/><SP WIDTH="26" VPOS="1100" HPOS="988"/>
							<String ID="string_90" HPOS="1014" VPOS="1098" WIDTH="55" HEIGHT="30" WC="0.96" CONTENT="för"/><SP WIDTH="26" VPOS="1098" HPOS="1069"/>
							<String ID="string_91" HPOS="1095" VPOS="1097" WIDTH="133" HEIGHT="37" WC="0.96" CONTENT="företag"/><SP WIDTH="27" VPOS="1097" HPOS="1228"/>
							<String ID="string_92" HPOS="1255" VPOS="1094" WIDTH="105" HEIGHT="38" WC="0.96" CONTENT="enligt"/><SP WIDTH="26" VPOS="1094" HPOS="1360"/>
							<String ID="string_93" HPOS="1386" VPOS="1093" WIDTH="19" HEIGHT="29" WC="0.96" CONTENT="8"/><SP WIDTH="26" VPOS="1093" HPOS="1405"/>
							<String ID="string_94" HPOS="1431" VPOS="1091" WIDTH="79" HEIGHT="38" WC="0.93" CONTENT="kap."/><SP WIDTH="28" VPOS="1091" HPOS="1510"/>
							<String ID="string_95" HPOS="1538" VPOS="1091" WIDTH="129" HEIGHT="28" WC="0.91" CONTENT="vatten-"/>
						</TextLine>
						<TextLine ID="line_11" HPOS="182" VPOS="1143" WIDTH="1484" HEIGHT="62">
							<String ID="string_96" HPOS="182" VPOS="1168" WIDTH="110" HEIGHT="37" WC="0.96" CONTENT="lagen,"/><SP WIDTH="25" VPOS="1168" HPOS="292"/>
							<String ID="string_97" HPOS="317" VPOS="1166" WIDTH="50" HEIGHT="28" WC="0.96" CONTENT="att"/><SP WIDTH="22" VPOS="1166" HPOS="367"/>
							<String ID="string_98" HPOS="389" VPOS="1161" WIDTH="229" HEIGHT="40" WC="0.95" CONTENT="kungörelser"/><SP WIDTH="22" VPOS="1161" HPOS="618"/>
							<String ID="string_99" HPOS="640" VPOS="1157" WIDTH="224" HEIGHT="32" WC="0.96" CONTENT="beträffande"/><SP WIDTH="24" VPOS="1157" HPOS="864"/>
							<String ID="string_100" HPOS="888" VPOS="1154" WIDTH="119" HEIGHT="40" WC="0.96" CONTENT="dylika"/><SP WIDTH="24" VPOS="1154" HPOS="1007"/>
							<String ID="string_101" HPOS="1031" VPOS="1153" WIDTH="135" HEIGHT="37" WC="0.96" CONTENT="företag"/><SP WIDTH="25" VPOS="1153" HPOS="1166"/>
							<String ID="string_102" HPOS="1191" VPOS="1150" WIDTH="89" HEIGHT="30" WC="0.95" CONTENT="skall"/><SP WIDTH="23" VPOS="1150" HPOS="1280"/>
							<String ID="string_103" HPOS="1303" VPOS="1148" WIDTH="134" HEIGHT="30" WC="0.96" CONTENT="införas"/><SP WIDTH="24" VPOS="1148" HPOS="1437"/>
							<String ID="string_104" HPOS="1461" VPOS="1146" WIDTH="88" HEIGHT="29" WC="0.94" CONTENT="även"/><SP WIDTH="24" VPOS="1146" HPOS="1549"/>
							<String ID="string_105" HPOS="1573" VPOS="1146" WIDTH="10" HEIGHT="30" WC="0.94" CONTENT="i"/><SP WIDTH="23" VPOS="1146" HPOS="1583"/>
							<String ID="string_106" HPOS="1606" VPOS="1143" WIDTH="60" HEIGHT="30" WC="0.91" CONTENT="all-"/>
						</TextLine>
						<TextLine ID="line_12" HPOS="182" VPOS="1216" WIDTH="412" HEIGHT="40">
							<String ID="string_107" HPOS="182" VPOS="1221" WIDTH="131" HEIGHT="29" WC="0.92" CONTENT="männa"/><SP WIDTH="25" VPOS="1221" HPOS="313"/>
							<String ID="string_108" HPOS="338" VPOS="1216" WIDTH="256" HEIGHT="40" WC="0.0" CONTENT="tidningarna»."/>
						</TextLine>
					</TextBlock>
					<TextBlock ID="block_6" HPOS="186" VPOS="1247" WIDTH="1484" HEIGHT="164">
						<TextLine ID="line_13" HPOS="230" VPOS="1247" WIDTH="1437" HEIGHT="56">
							<String ID="string_109" HPOS="230" VPOS="1273" WIDTH="175" HEIGHT="30" WC="0.96" CONTENT="Utskottet"/><SP WIDTH="26" VPOS="1273" HPOS="405"/>
							<String ID="string_110" HPOS="431" VPOS="1271" WIDTH="65" HEIGHT="29" WC="0.96" CONTENT="har"/><SP WIDTH="25" VPOS="1271" HPOS="496"/>
							<String ID="string_111" HPOS="521" VPOS="1269" WIDTH="118" HEIGHT="29" WC="0.96" CONTENT="vidare"/><SP WIDTH="27" VPOS="1269" HPOS="639"/>
							<String ID="string_112" HPOS="666" VPOS="1265" WIDTH="190" HEIGHT="31" WC="0.96" CONTENT="behandlat"/><SP WIDTH="28" VPOS="1265" HPOS="856"/>
							<String ID="string_113" HPOS="884" VPOS="1262" WIDTH="57" HEIGHT="31" WC="0.96" CONTENT="två"/><SP WIDTH="26" VPOS="1262" HPOS="941"/>
							<String ID="string_114" HPOS="967" VPOS="1261" WIDTH="52" HEIGHT="31" WC="0.93" CONTENT="till"/><SP WIDTH="27" VPOS="1261" HPOS="1019"/>
							<String ID="string_115" HPOS="1046" VPOS="1259" WIDTH="192" HEIGHT="40" WC="0.92" CONTENT="lagutskott"/><SP WIDTH="26" VPOS="1259" HPOS="1238"/>
							<String ID="string_116" HPOS="1264" VPOS="1255" WIDTH="192" HEIGHT="31" WC="0.96" CONTENT="hänvisade"/><SP WIDTH="27" VPOS="1255" HPOS="1456"/>
							<String ID="string_117" HPOS="1483" VPOS="1247" WIDTH="184" HEIGHT="49" WC="0.94" CONTENT="motioner,"/>
						</TextLine>
						<TextLine ID="line_14" HPOS="186" VPOS="1302" WIDTH="1484" HEIGHT="55">
							<String ID="string_118" HPOS="186" VPOS="1337" WIDTH="40" HEIGHT="20" WC="0.93" CONTENT="nr"/><SP WIDTH="19" VPOS="1337" HPOS="226"/>
							<String ID="string_119" HPOS="245" VPOS="1327" WIDTH="64" HEIGHT="29" WC="0.96" CONTENT="696"/><SP WIDTH="19" VPOS="1327" HPOS="309"/>
							<String ID="string_120" HPOS="328" VPOS="1326" WIDTH="11" HEIGHT="29" WC="0.96" CONTENT="i"/><SP WIDTH="20" VPOS="1326" HPOS="339"/>
							<String ID="string_121" HPOS="359" VPOS="1325" WIDTH="111" HEIGHT="30" WC="0.96" CONTENT="första"/><SP WIDTH="21" VPOS="1325" HPOS="470"/>
							<String ID="string_122" HPOS="491" VPOS="1323" WIDTH="206" HEIGHT="30" WC="0.96" CONTENT="kammaren"/><SP WIDTH="21" VPOS="1323" HPOS="697"/>
							<String ID="string_123" HPOS="718" VPOS="1330" WIDTH="43" HEIGHT="20" WC="0.96" CONTENT="av"/><SP WIDTH="19" VPOS="1330" HPOS="761"/>
							<String ID="string_124" HPOS="780" VPOS="1319" WIDTH="81" HEIGHT="30" WC="0.96" CONTENT="herr"/><SP WIDTH="20" VPOS="1319" HPOS="861"/>
							<String ID="string_125" HPOS="881" VPOS="1316" WIDTH="178" HEIGHT="31" WC="0.96" CONTENT="Eskilsson"/><SP WIDTH="19" VPOS="1316" HPOS="1059"/>
							<String ID="string_126" HPOS="1078" VPOS="1313" WIDTH="65" HEIGHT="31" WC="0.96" CONTENT="och"/><SP WIDTH="20" VPOS="1313" HPOS="1143"/>
							<String ID="string_127" HPOS="1163" VPOS="1322" WIDTH="41" HEIGHT="20" WC="0.96" CONTENT="nr"/><SP WIDTH="20" VPOS="1322" HPOS="1204"/>
							<String ID="string_128" HPOS="1224" VPOS="1310" WIDTH="63" HEIGHT="31" WC="0.96" CONTENT="889"/><SP WIDTH="19" VPOS="1310" HPOS="1287"/>
							<String ID="string_129" HPOS="1306" VPOS="1310" WIDTH="11" HEIGHT="30" WC="0.96" CONTENT="i"/><SP WIDTH="21" VPOS="1310" HPOS="1317"/>
							<String ID="string_130" HPOS="1338" VPOS="1309" WIDTH="109" HEIGHT="30" WC="0.96" CONTENT="andra"/><SP WIDTH="19" VPOS="1309" HPOS="1447"/>
							<String ID="string_131" HPOS="1466" VPOS="1302" WIDTH="204" HEIGHT="47" WC="0.96" CONTENT="kammaren"/>
						</TextLine>
						<TextLine ID="line_15" HPOS="186" VPOS="1372" WIDTH="645" HEIGHT="39">
							<String ID="string_132" HPOS="186" VPOS="1391" WIDTH="41" HEIGHT="20" WC="0.96" CONTENT="av"/><SP WIDTH="25" VPOS="1391" HPOS="227"/>
							<String ID="string_133" HPOS="252" VPOS="1381" WIDTH="119" HEIGHT="29" WC="0.95" CONTENT="herrar"/><SP WIDTH="26" VPOS="1381" HPOS="371"/>
							<String ID="string_134" HPOS="397" VPOS="1377" WIDTH="113" HEIGHT="31" WC="0.96" CONTENT="Hedin"/><SP WIDTH="24" VPOS="1377" HPOS="510"/>
							<String ID="string_135" HPOS="534" VPOS="1376" WIDTH="66" HEIGHT="30" WC="0.93" CONTENT="och"/><SP WIDTH="25" VPOS="1376" HPOS="600"/>
							<String ID="string_136" HPOS="625" VPOS="1372" WIDTH="206" HEIGHT="32" WC="0.92" CONTENT="Krönmark."/>
						</TextLine>
					</TextBlock>
					<TextBlock ID="block_7" HPOS="232" VPOS="1422" WIDTH="921" HEIGHT="44">
						<TextLine ID="line_16" HPOS="232" VPOS="1422" WIDTH="921" HEIGHT="44">
							<String ID="string_137" HPOS="232" VPOS="1435" WIDTH="13" HEIGHT="29" WC="0.96" CONTENT="I"/><SP WIDTH="25" VPOS="1435" HPOS="245"/>
							<String ID="string_138" HPOS="270" VPOS="1433" WIDTH="232" HEIGHT="33" WC="0.96" CONTENT="motionerna,"/><SP WIDTH="27" VPOS="1433" HPOS="502"/>
							<String ID="string_139" HPOS="529" VPOS="1439" WIDTH="76" HEIGHT="21" WC="0.96" CONTENT="som"/><SP WIDTH="23" VPOS="1439" HPOS="605"/>
							<String ID="string_140" HPOS="628" VPOS="1430" WIDTH="39" HEIGHT="28" WC="0.96" CONTENT="är"/><SP WIDTH="25" VPOS="1430" HPOS="667"/>
							<String ID="string_141" HPOS="692" VPOS="1426" WIDTH="234" HEIGHT="39" WC="0.93" CONTENT="likalydande,"/><SP WIDTH="26" VPOS="1426" HPOS="926"/>
							<String ID="string_142" HPOS="952" VPOS="1422" WIDTH="201" HEIGHT="32" WC="0.92" CONTENT="hemställes"/>
						</TextLine>
					</TextBlock>
					<TextBlock ID="block_8" HPOS="189" VPOS="1468" WIDTH="1487" HEIGHT="266">
						<TextLine ID="line_17" HPOS="236" VPOS="1468" WIDTH="1437" HEIGHT="56">
							<String ID="string_143" HPOS="236" VPOS="1491" WIDTH="68" HEIGHT="27" WC="0.87" CONTENT="»att"/><SP WIDTH="23" VPOS="1491" HPOS="304"/>
							<String ID="string_144" HPOS="327" VPOS="1486" WIDTH="186" HEIGHT="38" WC="0.96" CONTENT="riksdagen"/><SP WIDTH="23" VPOS="1486" HPOS="513"/>
							<String ID="string_145" HPOS="536" VPOS="1482" WIDTH="107" HEIGHT="31" WC="0.96" CONTENT="måtte"/><SP WIDTH="21" VPOS="1482" HPOS="643"/>
							<String ID="string_146" HPOS="664" VPOS="1482" WIDTH="136" HEIGHT="30" WC="0.96" CONTENT="besluta"/><SP WIDTH="22" VPOS="1482" HPOS="800"/>
							<String ID="string_147" HPOS="822" VPOS="1483" WIDTH="49" HEIGHT="27" WC="0.93" CONTENT="att"/><SP WIDTH="22" VPOS="1483" HPOS="871"/>
							<String ID="string_148" HPOS="893" VPOS="1475" WIDTH="272" HEIGHT="33" WC="0.91" CONTENT="vattendomstol"/><SP WIDTH="22" VPOS="1475" HPOS="1165"/>
							<String ID="string_149" HPOS="1187" VPOS="1475" WIDTH="10" HEIGHT="30" WC="0.96" CONTENT="i"/><SP WIDTH="22" VPOS="1475" HPOS="1197"/>
							<String ID="string_150" HPOS="1219" VPOS="1472" WIDTH="70" HEIGHT="31" WC="0.95" CONTENT="mål"/><SP WIDTH="23" VPOS="1472" HPOS="1289"/>
							<String ID="string_151" HPOS="1312" VPOS="1470" WIDTH="149" HEIGHT="32" WC="0.93" CONTENT="rörande"/><SP WIDTH="22" VPOS="1470" HPOS="1461"/>
							<String ID="string_152" HPOS="1483" VPOS="1468" WIDTH="190" HEIGHT="31" WC="0.92" CONTENT="vattenför-"/>
						</TextLine>
						<TextLine ID="line_18" HPOS="189" VPOS="1523" WIDTH="1485" HEIGHT="57">
							<String ID="string_153" HPOS="189" VPOS="1541" WIDTH="146" HEIGHT="39" WC="0.90" CONTENT="orening"/><SP WIDTH="22" VPOS="1541" HPOS="335"/>
							<String ID="string_154" HPOS="357" VPOS="1540" WIDTH="52" HEIGHT="30" WC="0.93" CONTENT="till"/><SP WIDTH="22" VPOS="1540" HPOS="409"/>
							<String ID="string_155" HPOS="431" VPOS="1538" WIDTH="191" HEIGHT="40" WC="0.90" CONTENT="tryggande"/><SP WIDTH="22" VPOS="1538" HPOS="622"/>
							<String ID="string_156" HPOS="644" VPOS="1546" WIDTH="43" HEIGHT="20" WC="0.96" CONTENT="av"/><SP WIDTH="21" VPOS="1546" HPOS="687"/>
							<String ID="string_157" HPOS="708" VPOS="1534" WIDTH="124" HEIGHT="31" WC="0.96" CONTENT="fiskets"/><SP WIDTH="23" VPOS="1534" HPOS="832"/>
							<String ID="string_158" HPOS="855" VPOS="1533" WIDTH="172" HEIGHT="30" WC="0.96" CONTENT="intressen"/><SP WIDTH="23" VPOS="1533" HPOS="1027"/>
							<String ID="string_159" HPOS="1050" VPOS="1529" WIDTH="190" HEIGHT="31" WC="0.92" CONTENT="förordnar"/><SP WIDTH="21" VPOS="1529" HPOS="1240"/>
							<String ID="string_160" HPOS="1261" VPOS="1524" WIDTH="340" HEIGHT="39" WC="0.92" CONTENT="fiskeritjänsteman"/><SP WIDTH="24" VPOS="1524" HPOS="1601"/>
							<String ID="string_161" HPOS="1625" VPOS="1523" WIDTH="49" HEIGHT="28" WC="0.96" CONTENT="att"/>
						</TextLine>
						<TextLine ID="line_19" HPOS="191" VPOS="1575" WIDTH="1484" HEIGHT="55">
							<String ID="string_162" HPOS="191" VPOS="1597" WIDTH="114" HEIGHT="29" WC="0.96" CONTENT="företa"/><SP WIDTH="25" VPOS="1597" HPOS="305"/>
							<String ID="string_163" HPOS="330" VPOS="1591" WIDTH="307" HEIGHT="39" WC="0.96" CONTENT="undersökningar"/><SP WIDTH="25" VPOS="1591" HPOS="637"/>
							<String ID="string_164" HPOS="662" VPOS="1591" WIDTH="90" HEIGHT="29" WC="0.96" CONTENT="samt"/><SP WIDTH="26" VPOS="1591" HPOS="752"/>
							<String ID="string_165" HPOS="778" VPOS="1587" WIDTH="155" HEIGHT="31" WC="0.96" CONTENT="därefter"/><SP WIDTH="26" VPOS="1587" HPOS="933"/>
							<String ID="string_166" HPOS="959" VPOS="1593" WIDTH="84" HEIGHT="31" WC="0.96" CONTENT="avge"/><SP WIDTH="26" VPOS="1593" HPOS="1043"/>
							<String ID="string_167" HPOS="1069" VPOS="1582" WIDTH="163" HEIGHT="40" WC="0.96" CONTENT="yttrande"/><SP WIDTH="27" VPOS="1582" HPOS="1232"/>
							<String ID="string_168" HPOS="1259" VPOS="1589" WIDTH="58" HEIGHT="21" WC="0.96" CONTENT="om"/><SP WIDTH="25" VPOS="1589" HPOS="1317"/>
							<String ID="string_169" HPOS="1342" VPOS="1577" WIDTH="209" HEIGHT="39" WC="0.92" CONTENT="tillåtlighet,"/><SP WIDTH="26" VPOS="1577" HPOS="1551"/>
							<String ID="string_170" HPOS="1577" VPOS="1575" WIDTH="98" HEIGHT="30" WC="0.92" CONTENT="kom-"/>
						</TextLine>
						<TextLine ID="line_20" HPOS="192" VPOS="1629" WIDTH="1484" HEIGHT="60">
							<String ID="string_171" HPOS="192" VPOS="1646" WIDTH="369" HEIGHT="43" WC="0.91" CONTENT="pensationsåtgärder"/><SP WIDTH="18" VPOS="1646" HPOS="561"/>
							<String ID="string_172" HPOS="579" VPOS="1645" WIDTH="65" HEIGHT="29" WC="0.95" CONTENT="och"/><SP WIDTH="19" VPOS="1645" HPOS="644"/>
							<String ID="string_173" HPOS="663" VPOS="1642" WIDTH="235" HEIGHT="38" WC="0.95" CONTENT="ersättningar"/><SP WIDTH="17" VPOS="1642" HPOS="898"/>
							<String ID="string_174" HPOS="915" VPOS="1638" WIDTH="46" HEIGHT="41" WC="0.96" CONTENT="på"/><SP WIDTH="17" VPOS="1638" HPOS="961"/>
							<String ID="string_175" HPOS="978" VPOS="1639" WIDTH="67" HEIGHT="29" WC="0.96" CONTENT="sätt"/><SP WIDTH="20" VPOS="1639" HPOS="1045"/>
							<String ID="string_176" HPOS="1065" VPOS="1647" WIDTH="75" HEIGHT="21" WC="0.96" CONTENT="som"/><SP WIDTH="18" VPOS="1647" HPOS="1140"/>
							<String ID="string_177" HPOS="1158" VPOS="1636" WIDTH="11" HEIGHT="30" WC="0.96" CONTENT="i"/><SP WIDTH="19" VPOS="1636" HPOS="1169"/>
							<String ID="string_178" HPOS="1188" VPOS="1636" WIDTH="36" HEIGHT="29" WC="0.96" CONTENT="11"/><SP WIDTH="22" VPOS="1636" HPOS="1224"/>
							<String ID="string_179" HPOS="1246" VPOS="1635" WIDTH="80" HEIGHT="38" WC="0.96" CONTENT="kap."/><SP WIDTH="20" VPOS="1635" HPOS="1326"/>
							<String ID="string_180" HPOS="1346" VPOS="1631" WIDTH="221" HEIGHT="39" WC="0.93" CONTENT="vattenlagen"/><SP WIDTH="20" VPOS="1631" HPOS="1567"/>
							<String ID="string_181" HPOS="1587" VPOS="1629" WIDTH="89" HEIGHT="30" WC="0.93" CONTENT="före-"/>
						</TextLine>
						<TextLine ID="line_21" HPOS="192" VPOS="1694" WIDTH="786" HEIGHT="40">
							<String ID="string_182" HPOS="192" VPOS="1702" WIDTH="133" HEIGHT="31" WC="0.95" CONTENT="skrives"/><SP WIDTH="26" VPOS="1702" HPOS="325"/>
							<String ID="string_183" HPOS="351" VPOS="1701" WIDTH="150" HEIGHT="30" WC="0.93" CONTENT="rörande"/><SP WIDTH="25" VPOS="1701" HPOS="501"/>
							<String ID="string_184" HPOS="526" VPOS="1694" WIDTH="452" HEIGHT="40" WC="0.79" CONTENT="vattenkraftutbyggnad&gt;."/>
						</TextLine>
					</TextBlock>
				</ComposedBlock>
				<ComposedBlock ID="cblock_4" HPOS="711" VPOS="1834" WIDTH="457" HEIGHT="35">
					<TextBlock ID="block_9" HPOS="711" VPOS="1834" WIDTH="457" HEIGHT="35">
						<TextLine ID="line_22" HPOS="711" VPOS="1834" WIDTH="457" HEIGHT="35">
							<String ID="string_185" HPOS="711" VPOS="1838" WIDTH="168" HEIGHT="31" WC="0.96" CONTENT="Gällande"/><SP WIDTH="25" VPOS="1838" HPOS="879"/>
							<String ID="string_186" HPOS="904" VPOS="1834" WIDTH="264" HEIGHT="33" WC="0.96" CONTENT="bestämmelser"/>
						</TextLine>
					</TextBlock>
				</ComposedBlock>
				<ComposedBlock ID="cblock_5" HPOS="199" VPOS="1897" WIDTH="1498" HEIGHT="705">
					<TextBlock ID="block_10" HPOS="199" VPOS="1897" WIDTH="1482" HEIGHT="111">
						<TextLine ID="line_23" HPOS="244" VPOS="1897" WIDTH="1437" HEIGHT="51">
							<String ID="string_187" HPOS="244" VPOS="1918" WIDTH="67" HEIGHT="30" WC="0.96" CONTENT="Om"/><SP WIDTH="31" VPOS="1918" HPOS="311"/>
							<String ID="string_188" HPOS="342" VPOS="1915" WIDTH="220" HEIGHT="31" WC="0.96" CONTENT="förfarandet"/><SP WIDTH="32" VPOS="1915" HPOS="562"/>
							<String ID="string_189" HPOS="594" VPOS="1913" WIDTH="58" HEIGHT="30" WC="0.93" CONTENT="vid"/><SP WIDTH="30" VPOS="1913" HPOS="652"/>
							<String ID="string_190" HPOS="682" VPOS="1909" WIDTH="271" HEIGHT="33" WC="0.91" CONTENT="vattendomstol"/><SP WIDTH="31" VPOS="1909" HPOS="953"/>
							<String ID="string_191" HPOS="984" VPOS="1906" WIDTH="178" HEIGHT="31" WC="0.96" CONTENT="meddelas"/><SP WIDTH="31" VPOS="1906" HPOS="1162"/>
							<String ID="string_192" HPOS="1193" VPOS="1901" WIDTH="263" HEIGHT="33" WC="0.96" CONTENT="bestämmelser"/><SP WIDTH="32" VPOS="1901" HPOS="1456"/>
							<String ID="string_193" HPOS="1488" VPOS="1899" WIDTH="10" HEIGHT="30" WC="0.96" CONTENT="i"/><SP WIDTH="34" VPOS="1899" HPOS="1498"/>
							<String ID="string_194" HPOS="1532" VPOS="1899" WIDTH="36" HEIGHT="28" WC="0.91" CONTENT="11"/><SP WIDTH="35" VPOS="1899" HPOS="1568"/>
							<String ID="string_195" HPOS="1603" VPOS="1897" WIDTH="78" HEIGHT="38" WC="0.95" CONTENT="kap."/>
						</TextLine>
						<TextLine ID="line_24" HPOS="199" VPOS="1971" WIDTH="226" HEIGHT="37">
							<String ID="string_196" HPOS="199" VPOS="1971" WIDTH="226" HEIGHT="37" WC="0.96" CONTENT="vattenlagen."/>
						</TextLine>
					</TextBlock>
					<TextBlock ID="block_11" HPOS="202" VPOS="2006" WIDTH="1495" HEIGHT="596">
						<TextLine ID="line_25" HPOS="245" VPOS="2006" WIDTH="1440" HEIGHT="53">
							<String ID="string_197" HPOS="245" VPOS="2029" WIDTH="49" HEIGHT="30" WC="0.95" CONTENT="De"/><SP WIDTH="23" VPOS="2029" HPOS="294"/>
							<String ID="string_198" HPOS="317" VPOS="2028" WIDTH="103" HEIGHT="30" WC="0.96" CONTENT="flesta"/><SP WIDTH="23" VPOS="2028" HPOS="420"/>
							<String ID="string_199" HPOS="443" VPOS="2024" WIDTH="115" HEIGHT="31" WC="0.96" CONTENT="målen"/><SP WIDTH="24" VPOS="2024" HPOS="558"/>
							<String ID="string_200" HPOS="582" VPOS="2022" WIDTH="57" HEIGHT="30" WC="0.93" CONTENT="vid"/><SP WIDTH="23" VPOS="2022" HPOS="639"/>
							<String ID="string_201" HPOS="662" VPOS="2017" WIDTH="271" HEIGHT="34" WC="0.90" CONTENT="vattendomstol"/><SP WIDTH="25" VPOS="2017" HPOS="933"/>
							<String ID="string_202" HPOS="958" VPOS="2013" WIDTH="277" HEIGHT="40" WC="0.91" CONTENT="anhängiggöres"/><SP WIDTH="25" VPOS="2013" HPOS="1235"/>
							<String ID="string_203" HPOS="1260" VPOS="2019" WIDTH="125" HEIGHT="31" WC="0.96" CONTENT="genom"/><SP WIDTH="24" VPOS="2019" HPOS="1385"/>
							<String ID="string_204" HPOS="1409" VPOS="2007" WIDTH="152" HEIGHT="39" WC="0.93" CONTENT="skriftlig"/><SP WIDTH="24" VPOS="2007" HPOS="1561"/>
							<String ID="string_205" HPOS="1585" VPOS="2006" WIDTH="100" HEIGHT="30" WC="0.91" CONTENT="ansö-"/>
						</TextLine>
						<TextLine ID="line_26" HPOS="202" VPOS="2057" WIDTH="1484" HEIGHT="59">
							<String ID="string_206" HPOS="202" VPOS="2084" WIDTH="79" HEIGHT="29" WC="0.96" CONTENT="kan."/><SP WIDTH="24" VPOS="2084" HPOS="281"/>
							<String ID="string_207" HPOS="305" VPOS="2082" WIDTH="74" HEIGHT="30" WC="0.96" CONTENT="Den"/><SP WIDTH="21" VPOS="2082" HPOS="379"/>
							<String ID="string_208" HPOS="400" VPOS="2080" WIDTH="127" HEIGHT="30" WC="0.96" CONTENT="största"/><SP WIDTH="21" VPOS="2080" HPOS="527"/>
							<String ID="string_209" HPOS="548" VPOS="2084" WIDTH="159" HEIGHT="32" WC="0.93" CONTENT="gruppen"/><SP WIDTH="20" VPOS="2084" HPOS="707"/>
							<String ID="string_210" HPOS="727" VPOS="2068" WIDTH="288" HEIGHT="42" WC="0.91" CONTENT="ansökningsmål"/><SP WIDTH="20" VPOS="2068" HPOS="1015"/>
							<String ID="string_211" HPOS="1035" VPOS="2077" WIDTH="100" HEIGHT="22" WC="0.96" CONTENT="avser"/><SP WIDTH="19" VPOS="2077" HPOS="1135"/>
							<String ID="string_212" HPOS="1154" VPOS="2065" WIDTH="159" HEIGHT="32" WC="0.96" CONTENT="ansökan"/><SP WIDTH="22" VPOS="2065" HPOS="1313"/>
							<String ID="string_213" HPOS="1335" VPOS="2062" WIDTH="105" HEIGHT="39" WC="0.96" CONTENT="enligt"/><SP WIDTH="21" VPOS="2062" HPOS="1440"/>
							<String ID="string_214" HPOS="1461" VPOS="2063" WIDTH="18" HEIGHT="28" WC="0.96" CONTENT="2"/><SP WIDTH="22" VPOS="2063" HPOS="1479"/>
							<String ID="string_215" HPOS="1501" VPOS="2061" WIDTH="80" HEIGHT="38" WC="0.95" CONTENT="kap."/><SP WIDTH="23" VPOS="2061" HPOS="1581"/>
							<String ID="string_216" HPOS="1604" VPOS="2060" WIDTH="40" HEIGHT="29" WC="0.90" CONTENT="20"/><SP WIDTH="23" VPOS="2060" HPOS="1644"/>
							<String ID="string_217" HPOS="1667" VPOS="2057" WIDTH="19" HEIGHT="40" WC="0.83" CONTENT="$"/>
						</TextLine>
						<TextLine ID="line_27" HPOS="203" VPOS="2113" WIDTH="1484" HEIGHT="61">
							<String ID="string_218" HPOS="203" VPOS="2146" WIDTH="57" HEIGHT="21" WC="0.96" CONTENT="om"/><SP WIDTH="23" VPOS="2146" HPOS="260"/>
							<String ID="string_219" HPOS="283" VPOS="2133" WIDTH="172" HEIGHT="41" WC="0.96" CONTENT="prövning"/><SP WIDTH="21" VPOS="2133" HPOS="455"/>
							<String ID="string_220" HPOS="476" VPOS="2130" WIDTH="175" HEIGHT="32" WC="0.96" CONTENT="huruvida"/><SP WIDTH="22" VPOS="2130" HPOS="651"/>
							<String ID="string_221" HPOS="673" VPOS="2128" WIDTH="66" HEIGHT="30" WC="0.96" CONTENT="och"/><SP WIDTH="22" VPOS="2128" HPOS="739"/>
							<String ID="string_222" HPOS="761" VPOS="2126" WIDTH="112" HEIGHT="31" WC="0.96" CONTENT="under"/><SP WIDTH="22" VPOS="2126" HPOS="873"/>
							<String ID="string_223" HPOS="895" VPOS="2124" WIDTH="94" HEIGHT="30" WC="0.96" CONTENT="vilka"/><SP WIDTH="22" VPOS="2124" HPOS="989"/>
							<String ID="string_224" HPOS="1011" VPOS="2122" WIDTH="128" HEIGHT="31" WC="0.96" CONTENT="villkor"/><SP WIDTH="20" VPOS="2122" HPOS="1139"/>
							<String ID="string_225" HPOS="1159" VPOS="2119" WIDTH="182" HEIGHT="40" WC="0.96" CONTENT="byggande"/><SP WIDTH="23" VPOS="2119" HPOS="1341"/>
							<String ID="string_226" HPOS="1364" VPOS="2118" WIDTH="10" HEIGHT="29" WC="0.96" CONTENT="i"/><SP WIDTH="23" VPOS="2118" HPOS="1374"/>
							<String ID="string_227" HPOS="1397" VPOS="2119" WIDTH="117" HEIGHT="27" WC="0.96" CONTENT="vatten"/><SP WIDTH="22" VPOS="2119" HPOS="1514"/>
							<String ID="string_228" HPOS="1536" VPOS="2113" WIDTH="59" HEIGHT="31" WC="0.96" CONTENT="må"/><SP WIDTH="21" VPOS="2113" HPOS="1595"/>
							<String ID="string_229" HPOS="1616" VPOS="2113" WIDTH="71" HEIGHT="30" WC="0.96" CONTENT="ske."/>
						</TextLine>
						<TextLine ID="line_28" HPOS="205" VPOS="2168" WIDTH="1482" HEIGHT="59">
							<String ID="string_230" HPOS="205" VPOS="2190" WIDTH="79" HEIGHT="30" WC="0.96" CONTENT="Med"/><SP WIDTH="19" VPOS="2190" HPOS="284"/>
							<String ID="string_231" HPOS="303" VPOS="2187" WIDTH="183" HEIGHT="40" WC="0.96" CONTENT="byggande"/><SP WIDTH="21" VPOS="2187" HPOS="486"/>
							<String ID="string_232" HPOS="507" VPOS="2187" WIDTH="11" HEIGHT="30" WC="0.96" CONTENT="i"/><SP WIDTH="21" VPOS="2187" HPOS="518"/>
							<String ID="string_233" HPOS="539" VPOS="2186" WIDTH="118" HEIGHT="29" WC="0.95" CONTENT="vatten"/><SP WIDTH="22" VPOS="2186" HPOS="657"/>
							<String ID="string_234" HPOS="679" VPOS="2190" WIDTH="98" HEIGHT="22" WC="0.96" CONTENT="avses"/><SP WIDTH="24" VPOS="2190" HPOS="777"/>
							<String ID="string_235" HPOS="801" VPOS="2179" WIDTH="106" HEIGHT="39" WC="0.96" CONTENT="enligt"/><SP WIDTH="22" VPOS="2179" HPOS="907"/>
							<String ID="string_236" HPOS="929" VPOS="2178" WIDTH="18" HEIGHT="29" WC="0.96" CONTENT="2"/><SP WIDTH="23" VPOS="2178" HPOS="947"/>
							<String ID="string_237" HPOS="970" VPOS="2177" WIDTH="80" HEIGHT="38" WC="0.96" CONTENT="kap."/><SP WIDTH="26" VPOS="2177" HPOS="1050"/>
							<String ID="string_238" HPOS="1076" VPOS="2176" WIDTH="13" HEIGHT="29" WC="0.91" CONTENT="1"/><SP WIDTH="25" VPOS="2176" HPOS="1089"/>
							<String ID="string_239" HPOS="1114" VPOS="2173" WIDTH="19" HEIGHT="41" WC="0.71" CONTENT="8"/><SP WIDTH="21" VPOS="2173" HPOS="1133"/>
							<String ID="string_240" HPOS="1154" VPOS="2171" WIDTH="223" HEIGHT="42" WC="0.96" CONTENT="uppförande"/><SP WIDTH="23" VPOS="2171" HPOS="1377"/>
							<String ID="string_241" HPOS="1400" VPOS="2180" WIDTH="43" HEIGHT="20" WC="0.96" CONTENT="av"/><SP WIDTH="21" VPOS="2180" HPOS="1443"/>
							<String ID="string_242" HPOS="1464" VPOS="2169" WIDTH="128" HEIGHT="34" WC="0.95" CONTENT="damm,"/><SP WIDTH="22" VPOS="2169" HPOS="1592"/>
							<String ID="string_243" HPOS="1614" VPOS="2168" WIDTH="73" HEIGHT="33" WC="0.96" CONTENT="bro,"/>
						</TextLine>
						<TextLine ID="line_29" HPOS="205" VPOS="2221" WIDTH="1485" HEIGHT="61">
							<String ID="string_244" HPOS="205" VPOS="2245" WIDTH="140" HEIGHT="37" WC="0.96" CONTENT="brygga,"/><SP WIDTH="29" VPOS="2245" HPOS="345"/>
							<String ID="string_245" HPOS="374" VPOS="2241" WIDTH="77" HEIGHT="34" WC="0.96" CONTENT="vall,"/><SP WIDTH="28" VPOS="2241" HPOS="451"/>
							<String ID="string_246" HPOS="479" VPOS="2240" WIDTH="66" HEIGHT="29" WC="0.96" CONTENT="hus"/><SP WIDTH="28" VPOS="2240" HPOS="545"/>
							<String ID="string_247" HPOS="573" VPOS="2238" WIDTH="84" HEIGHT="30" WC="0.96" CONTENT="eller"/><SP WIDTH="26" VPOS="2238" HPOS="657"/>
							<String ID="string_248" HPOS="683" VPOS="2244" WIDTH="118" HEIGHT="22" WC="0.96" CONTENT="annan"/><SP WIDTH="27" VPOS="2244" HPOS="801"/>
							<String ID="string_249" HPOS="828" VPOS="2231" WIDTH="212" HEIGHT="40" WC="0.95" CONTENT="anläggning"/><SP WIDTH="26" VPOS="2231" HPOS="1040"/>
							<String ID="string_250" HPOS="1066" VPOS="2232" WIDTH="91" HEIGHT="27" WC="0.96" CONTENT="samt"/><SP WIDTH="27" VPOS="2232" HPOS="1157"/>
							<String ID="string_251" HPOS="1184" VPOS="2224" WIDTH="258" HEIGHT="33" WC="0.96" CONTENT="verkställande"/><SP WIDTH="29" VPOS="2224" HPOS="1442"/>
							<String ID="string_252" HPOS="1471" VPOS="2233" WIDTH="42" HEIGHT="20" WC="0.96" CONTENT="av"/><SP WIDTH="28" VPOS="2233" HPOS="1513"/>
							<String ID="string_253" HPOS="1541" VPOS="2221" WIDTH="149" HEIGHT="39" WC="0.95" CONTENT="fyllning"/>
						</TextLine>
						<TextLine ID="line_30" HPOS="206" VPOS="2275" WIDTH="1485" HEIGHT="60">
							<String ID="string_254" HPOS="206" VPOS="2298" WIDTH="85" HEIGHT="30" WC="0.96" CONTENT="eller"/><SP WIDTH="20" VPOS="2298" HPOS="291"/>
							<String ID="string_255" HPOS="311" VPOS="2294" WIDTH="144" HEIGHT="41" WC="0.96" CONTENT="pålning"/><SP WIDTH="23" VPOS="2294" HPOS="455"/>
							<String ID="string_256" HPOS="478" VPOS="2294" WIDTH="10" HEIGHT="30" WC="0.96" CONTENT="i"/><SP WIDTH="22" VPOS="2294" HPOS="488"/>
							<String ID="string_257" HPOS="510" VPOS="2291" WIDTH="216" HEIGHT="37" WC="0.96" CONTENT="vattendrag,"/><SP WIDTH="22" VPOS="2291" HPOS="726"/>
							<String ID="string_258" HPOS="748" VPOS="2288" WIDTH="53" HEIGHT="39" WC="0.96" CONTENT="sjö"/><SP WIDTH="23" VPOS="2288" HPOS="801"/>
							<String ID="string_259" HPOS="824" VPOS="2287" WIDTH="84" HEIGHT="30" WC="0.96" CONTENT="eller"/><SP WIDTH="20" VPOS="2287" HPOS="908"/>
							<String ID="string_260" HPOS="928" VPOS="2284" WIDTH="137" HEIGHT="31" WC="0.96" CONTENT="mindre"/><SP WIDTH="21" VPOS="2284" HPOS="1065"/>
							<String ID="string_261" HPOS="1086" VPOS="2279" WIDTH="272" HEIGHT="39" WC="0.96" CONTENT="vattensamling"/><SP WIDTH="20" VPOS="2279" HPOS="1358"/>
							<String ID="string_262" HPOS="1378" VPOS="2278" WIDTH="85" HEIGHT="30" WC="0.96" CONTENT="eller"/><SP WIDTH="19" VPOS="2278" HPOS="1463"/>
							<String ID="string_263" HPOS="1482" VPOS="2277" WIDTH="104" HEIGHT="29" WC="0.96" CONTENT="havet"/><SP WIDTH="23" VPOS="2277" HPOS="1586"/>
							<String ID="string_264" HPOS="1609" VPOS="2275" WIDTH="82" HEIGHT="30" WC="0.95" CONTENT="eller"/>
						</TextLine>
						<TextLine ID="line_31" HPOS="206" VPOS="2327" WIDTH="1485" HEIGHT="60">
							<String ID="string_265" HPOS="206" VPOS="2348" WIDTH="105" HEIGHT="32" WC="0.96" CONTENT="också"/><SP WIDTH="18" VPOS="2348" HPOS="311"/>
							<String ID="string_266" HPOS="329" VPOS="2347" WIDTH="45" HEIGHT="40" WC="0.96" CONTENT="på"/><SP WIDTH="17" VPOS="2347" HPOS="374"/>
							<String ID="string_267" HPOS="391" VPOS="2346" WIDTH="83" HEIGHT="31" WC="0.96" CONTENT="land"/><SP WIDTH="17" VPOS="2346" HPOS="474"/>
							<String ID="string_268" HPOS="491" VPOS="2344" WIDTH="37" HEIGHT="31" WC="0.96" CONTENT="så"/><SP WIDTH="17" VPOS="2344" HPOS="528"/>
							<String ID="string_269" HPOS="545" VPOS="2345" WIDTH="86" HEIGHT="30" WC="0.93" CONTENT="nära"/><SP WIDTH="18" VPOS="2345" HPOS="631"/>
							<String ID="string_270" HPOS="649" VPOS="2340" WIDTH="286" HEIGHT="34" WC="0.91" CONTENT="strandbrädden,"/><SP WIDTH="19" VPOS="2340" HPOS="935"/>
							<String ID="string_271" HPOS="954" VPOS="2340" WIDTH="49" HEIGHT="29" WC="0.97" CONTENT="att"/><SP WIDTH="16" VPOS="2340" HPOS="1003"/>
							<String ID="string_272" HPOS="1019" VPOS="2336" WIDTH="168" HEIGHT="31" WC="0.96" CONTENT="inverkan"/><SP WIDTH="16" VPOS="2336" HPOS="1187"/>
							<String ID="string_273" HPOS="1203" VPOS="2334" WIDTH="71" HEIGHT="30" WC="0.95" CONTENT="kan"/><SP WIDTH="18" VPOS="2334" HPOS="1274"/>
							<String ID="string_274" HPOS="1292" VPOS="2333" WIDTH="59" HEIGHT="30" WC="0.96" CONTENT="ske"/><SP WIDTH="16" VPOS="2333" HPOS="1351"/>
							<String ID="string_275" HPOS="1367" VPOS="2330" WIDTH="45" HEIGHT="41" WC="0.96" CONTENT="på"/><SP WIDTH="17" VPOS="2330" HPOS="1412"/>
							<String ID="string_276" HPOS="1429" VPOS="2327" WIDTH="262" HEIGHT="33" WC="0.96" CONTENT="vattenståndet."/>
						</TextLine>
						<TextLine ID="line_32" HPOS="208" VPOS="2382" WIDTH="1485" HEIGHT="59">
							<String ID="string_277" HPOS="208" VPOS="2404" WIDTH="74" HEIGHT="30" WC="0.96" CONTENT="Vad"/><SP WIDTH="24" VPOS="2404" HPOS="282"/>
							<String ID="string_278" HPOS="306" VPOS="2404" WIDTH="10" HEIGHT="29" WC="0.96" CONTENT="i"/><SP WIDTH="25" VPOS="2404" HPOS="316"/>
							<String ID="string_279" HPOS="341" VPOS="2403" WIDTH="101" HEIGHT="38" WC="0.96" CONTENT="lagen"/><SP WIDTH="25" VPOS="2403" HPOS="442"/>
							<String ID="string_280" HPOS="467" VPOS="2400" WIDTH="138" HEIGHT="38" WC="0.96" CONTENT="stadgas"/><SP WIDTH="26" VPOS="2400" HPOS="605"/>
							<String ID="string_281" HPOS="631" VPOS="2406" WIDTH="58" HEIGHT="21" WC="0.96" CONTENT="om"/><SP WIDTH="23" VPOS="2406" HPOS="689"/>
							<String ID="string_282" HPOS="712" VPOS="2394" WIDTH="182" HEIGHT="40" WC="0.96" CONTENT="byggande"/><SP WIDTH="25" VPOS="2394" HPOS="894"/>
							<String ID="string_283" HPOS="919" VPOS="2393" WIDTH="10" HEIGHT="30" WC="0.96" CONTENT="i"/><SP WIDTH="23" VPOS="2393" HPOS="929"/>
							<String ID="string_284" HPOS="952" VPOS="2394" WIDTH="118" HEIGHT="28" WC="0.96" CONTENT="vatten"/><SP WIDTH="24" VPOS="2394" HPOS="1070"/>
							<String ID="string_285" HPOS="1094" VPOS="2391" WIDTH="83" HEIGHT="38" WC="0.96" CONTENT="äger"/><SP WIDTH="23" VPOS="2391" HPOS="1177"/>
							<String ID="string_286" HPOS="1200" VPOS="2386" WIDTH="248" HEIGHT="32" WC="0.96" CONTENT="motsvarande"/><SP WIDTH="23" VPOS="2386" HPOS="1448"/>
							<String ID="string_287" HPOS="1471" VPOS="2382" WIDTH="222" HEIGHT="39" WC="0.96" CONTENT="tillämpning"/>
						</TextLine>
						<TextLine ID="line_33" HPOS="209" VPOS="2436" WIDTH="1485" HEIGHT="60">
							<String ID="string_288" HPOS="209" VPOS="2459" WIDTH="11" HEIGHT="29" WC="0.96" CONTENT="i"/><SP WIDTH="19" VPOS="2459" HPOS="220"/>
							<String ID="string_289" HPOS="239" VPOS="2456" WIDTH="100" HEIGHT="40" WC="0.96" CONTENT="fråga"/><SP WIDTH="20" VPOS="2456" HPOS="339"/>
							<String ID="string_290" HPOS="359" VPOS="2465" WIDTH="57" HEIGHT="20" WC="0.92" CONTENT="om"/><SP WIDTH="19" VPOS="2465" HPOS="416"/>
							<String ID="string_291" HPOS="435" VPOS="2452" WIDTH="229" HEIGHT="33" WC="0.90" CONTENT="bortledande"/><SP WIDTH="20" VPOS="2452" HPOS="664"/>
							<String ID="string_292" HPOS="684" VPOS="2460" WIDTH="43" HEIGHT="21" WC="0.96" CONTENT="av"/><SP WIDTH="18" VPOS="2460" HPOS="727"/>
							<String ID="string_293" HPOS="745" VPOS="2451" WIDTH="118" HEIGHT="29" WC="0.96" CONTENT="vatten"/><SP WIDTH="19" VPOS="2451" HPOS="863"/>
							<String ID="string_294" HPOS="882" VPOS="2457" WIDTH="43" HEIGHT="20" WC="0.96" CONTENT="ur"/><SP WIDTH="19" VPOS="2457" HPOS="925"/>
							<String ID="string_295" HPOS="944" VPOS="2442" WIDTH="264" HEIGHT="34" WC="0.96" CONTENT="vattenområde"/><SP WIDTH="21" VPOS="2442" HPOS="1208"/>
							<String ID="string_296" HPOS="1229" VPOS="2451" WIDTH="77" HEIGHT="21" WC="0.96" CONTENT="som"/><SP WIDTH="18" VPOS="2451" HPOS="1306"/>
							<String ID="string_297" HPOS="1324" VPOS="2449" WIDTH="82" HEIGHT="30" WC="0.96" CONTENT="nyss"/><SP WIDTH="21" VPOS="2449" HPOS="1406"/>
							<String ID="string_298" HPOS="1427" VPOS="2439" WIDTH="150" HEIGHT="33" WC="0.93" CONTENT="nämnts,"/><SP WIDTH="22" VPOS="2439" HPOS="1577"/>
							<String ID="string_299" HPOS="1599" VPOS="2436" WIDTH="95" HEIGHT="40" WC="0.92" CONTENT="gräv-"/>
						</TextLine>
						<TextLine ID="line_34" HPOS="212" VPOS="2490" WIDTH="1485" HEIGHT="60">
							<String ID="string_300" HPOS="212" VPOS="2511" WIDTH="84" HEIGHT="39" WC="0.96" CONTENT="ning"/><SP WIDTH="28" VPOS="2511" HPOS="296"/>
							<String ID="string_301" HPOS="324" VPOS="2509" WIDTH="66" HEIGHT="31" WC="0.96" CONTENT="och"/><SP WIDTH="30" VPOS="2509" HPOS="390"/>
							<String ID="string_302" HPOS="420" VPOS="2506" WIDTH="214" HEIGHT="41" WC="0.96" CONTENT="sprängning"/><SP WIDTH="31" VPOS="2506" HPOS="634"/>
							<String ID="string_303" HPOS="665" VPOS="2504" WIDTH="10" HEIGHT="30" WC="0.96" CONTENT="i"/><SP WIDTH="30" VPOS="2504" HPOS="675"/>
							<String ID="string_304" HPOS="705" VPOS="2502" WIDTH="124" HEIGHT="32" WC="0.96" CONTENT="sådant"/><SP WIDTH="28" VPOS="2502" HPOS="829"/>
							<String ID="string_305" HPOS="857" VPOS="2497" WIDTH="266" HEIGHT="34" WC="0.96" CONTENT="vattenområde"/><SP WIDTH="29" VPOS="2497" HPOS="1123"/>
							<String ID="string_306" HPOS="1152" VPOS="2499" WIDTH="90" HEIGHT="28" WC="0.96" CONTENT="samt"/><SP WIDTH="29" VPOS="2499" HPOS="1242"/>
							<String ID="string_307" HPOS="1271" VPOS="2504" WIDTH="118" HEIGHT="21" WC="0.95" CONTENT="annan"/><SP WIDTH="29" VPOS="2504" HPOS="1389"/>
							<String ID="string_308" HPOS="1418" VPOS="2490" WIDTH="208" HEIGHT="40" WC="0.96" CONTENT="förändring"/><SP WIDTH="28" VPOS="2490" HPOS="1626"/>
							<String ID="string_309" HPOS="1654" VPOS="2498" WIDTH="43" HEIGHT="22" WC="0.95" CONTENT="av"/>
						</TextLine>
						<TextLine ID="line_35" HPOS="211" VPOS="2562" WIDTH="360" HEIGHT="40">
							<String ID="string_310" HPOS="211" VPOS="2567" WIDTH="151" HEIGHT="29" WC="0.96" CONTENT="vattnets"/><SP WIDTH="26" VPOS="2567" HPOS="362"/>
							<String ID="string_311" HPOS="388" VPOS="2563" WIDTH="85" HEIGHT="39" WC="0.95" CONTENT="djup"/><SP WIDTH="26" VPOS="2563" HPOS="473"/>
							<String ID="string_312" HPOS="499" VPOS="2562" WIDTH="72" HEIGHT="29" WC="0.96" CONTENT="där."/>
						</TextLine>
					</TextBlock>
				</ComposedBlock>
				<ComposedBlock ID="cblock_6" HPOS="254" VPOS="2620" WIDTH="979" HEIGHT="43">
					<TextBlock ID="block_12" HPOS="254" VPOS="2620" WIDTH="979" HEIGHT="43">
						<TextLine ID="line_36" HPOS="254" VPOS="2620" WIDTH="979" HEIGHT="43">
							<String ID="string_313" HPOS="254" VPOS="2636" WIDTH="11" HEIGHT="23" WC="0.84" CONTENT="1"/><SP WIDTH="40" VPOS="2636" HPOS="265"/>
							<String ID="string_314" HPOS="305" VPOS="2633" WIDTH="110" HEIGHT="30" WC="0.70" CONTENT="Bihang"/><SP WIDTH="15" VPOS="2633" HPOS="415"/>
							<String ID="string_315" HPOS="430" VPOS="2631" WIDTH="42" HEIGHT="26" WC="0.96" CONTENT="till"/><SP WIDTH="14" VPOS="2631" HPOS="472"/>
							<String ID="string_316" HPOS="486" VPOS="2630" WIDTH="166" HEIGHT="30" WC="0.96" CONTENT="riksdagens"/><SP WIDTH="15" VPOS="2630" HPOS="652"/>
							<String ID="string_317" HPOS="667" VPOS="2626" WIDTH="145" HEIGHT="33" WC="0.95" CONTENT="protokoll"/><SP WIDTH="15" VPOS="2626" HPOS="812"/>
							<String ID="string_318" HPOS="827" VPOS="2625" WIDTH="74" HEIGHT="25" WC="0.62" CONTENT="1968."/><SP WIDTH="15" VPOS="2625" HPOS="901"/>
							<String ID="string_319" HPOS="916" VPOS="2625" WIDTH="15" HEIGHT="23" WC="0.62" CONTENT="9"/><SP WIDTH="15" VPOS="2625" HPOS="931"/>
							<String ID="string_320" HPOS="946" VPOS="2622" WIDTH="79" HEIGHT="25" WC="0.94" CONTENT="saml."/><SP WIDTH="15" VPOS="2622" HPOS="1025"/>
							<String ID="string_321" HPOS="1040" VPOS="2623" WIDTH="15" HEIGHT="23" WC="0.96" CONTENT="3"/><SP WIDTH="15" VPOS="2623" HPOS="1055"/>
							<String ID="string_322" HPOS="1070" VPOS="2621" WIDTH="61" HEIGHT="25" WC="0.96" CONTENT="avd."/><SP WIDTH="16" VPOS="2621" HPOS="1131"/>
							<String ID="string_323" HPOS="1147" VPOS="2620" WIDTH="39" HEIGHT="24" WC="0.96" CONTENT="Nr"/><SP WIDTH="13" VPOS="2620" HPOS="1186"/>
							<String ID="string_324" HPOS="1199" VPOS="2620" WIDTH="34" HEIGHT="23" WC="0.96" CONTENT="36"/>
						</TextLine>
					</TextBlock>
				</ComposedBlock>
			</PrintSpace>
		</Page>
	</Layout>
</alto>
