2105 2651
675 197 260 42 Lag-Utskottets
964 197 168 32 Utlåtande
1155 197 66 31 N:o
1245 199 49 30 54.
1761 197 18 29 5

180 276 148 38 anledts
371 282 55 32 att
467 276 136 38 endast
630 277 10 36 i
669 280 119 46 några
817 277 190 38 allmänna
1036 277 96 49 drag
1161 277 156 50 angifva
1346 276 112 38 dessa
1485 276 169 50 grunder
1683 282 98 31 samt

180 334 54 31 att
275 331 37 33 åt
352 328 293 49 tillämpningen
683 328 10 36 i
735 328 45 37 de
828 329 188 36 särskilda
1056 329 311 37 förekommande
1403 328 116 37 fallen
1560 328 126 36 lemna
1726 333 54 32 ett

180 379 150 49 mycket
371 378 211 38 vidsträckt
624 385 200 44 utrymme,
866 379 151 38 hvadan
1051 380 70 37 ock
1149 379 230 51 pröfningen
1408 393 57 23 om
1496 379 283 49 ersättningens

181 431 136 48 belopp
345 430 12 35 i
386 430 207 37 allmänhet
622 431 161 36 lemnats
812 435 37 32 åt
878 431 163 36 särskild
1070 431 151 36 nämnd.

305 481 87 36 Men
421 481 112 36 äfven
562 495 59 22 om
651 481 46 37 de
727 481 159 37 sålunda
913 481 205 57 uppstälda
1147 482 191 56 allmänna
1364 480 168 50 grunder
1550 481 104 37 hafva
1678 476 103 66 skilj-

180 532 131 61 aktiga
352 532 198 48 meningar
583 532 156 37 uttalats
773 532 70 37 och
872 532 112 37 äfven
1012 533 102 48 gjort
1143 533 58 49 sig
1230 532 11 36 i
1269 510 291 71 lagstiftningen
1589 527 189 58 gällande.

181 583 50 37 Så
259 588 40 31 är
328 583 113 36 äfven
470 583 257 37 förhållandet
756 583 84 37 med
869 583 74 37 den
971 597 49 23 nu
1050 563 264 69 föreliggande
1342 583 297 49 principfrågan,
1668 583 113 35 huru-

181 634 97 48 vida,
321 634 48 36 då
411 633 136 37 endast
585 634 61 36 del
688 634 40 37 af
749 634 87 49 jord
866 634 90 36 eller
984 634 181 49 lägenhet
1194 634 180 48 afträdes,
1403 634 62 36 vid
1494 633 287 37 bestämmande

181 685 42 36 af
247 664 285 69 ersättningens
573 684 138 50 belopp
753 685 74 37 den
869 684 110 49 vinst,
1021 699 92 35 som,
1154 699 89 24 vare
1285 685 59 49 sig
1376 698 138 36 genom
1544 684 137 50 sjelfva
1709 684 73 37 den

182 736 250 49 anläggning,
462 736 154 36 hvarför
644 736 334 49 expropriationen
1006 749 91 36 eger
1124 750 95 35 rum,
1240 736 91 37 eller
1347 749 139 36 genom
1501 735 281 49 inrättningens

182 787 143 37 skötsel
367 787 70 36 och
478 786 101 48 drift,
622 790 60 33 må
722 787 58 36 för
821 787 74 36 den
937 787 250 46 återstående,
1227 787 82 36 icke
1351 786 293 50 exproprierade
1673 786 110 37 delen

181 841 151 46 uppstå,
362 837 96 37 skall
487 837 180 38 afräknas
695 837 91 37 eller
814 838 45 49 ej.

307 889 16 36 I
352 888 105 38 detta
485 888 218 38 hänseende
731 889 129 37 kunna
888 889 465 50 expropriationslagarne
1374 888 182 38 hänföras
1572 888 56 37 till
1644 894 139 31 tvenne

182 940 101 37 olika
310 953 181 36 grupper,
521 940 42 37 af
587 940 129 37 hvilka
744 939 73 37 den
845 953 72 24 ena
943 940 12 36 1
983 946 120 31 större
1131 940 92 37 eller
1238 940 146 36 mindre
1399 939 267 49 utsträckning
1682 939 103 37 med-

182 991 126 49 gifver
338 991 137 37 sådant
502 991 148 49 afdrag,
680 1004 87 23 men
795 990 74 38 den
899 991 118 37 andra
1045 991 170 37 deremot
1242 991 93 37 icke.

308 1042 74 36 Till
410 1042 74 37 den
513 1043 120 36 första
661 1055 177 36 gruppen
866 1043 111 36 hörer
1005 1042 74 37 den
1104 1043 158 48 franska
1290 1042 69 36 »loi
1388 1055 63 23 sur
1479 1042 303 50 Pexpropriation

183 1107 95 35 pour
320 1107 112 23 cause
466 1093 157 37 dutilité
652 1093 200 49 publique»
882 1093 41 37 af
947 1093 74 36 den
1049 1096 20 34 3
1097 1093 75 49 Maj
1206 1095 106 46 1841,
1342 1107 79 22 som
1449 1092 10 36 1
1490 1093 57 36 sin
1576 1093 133 37 artikel
1739 1095 42 35 51

183 1144 169 49 stadgar,
395 1150 65 43 att,
503 1158 59 23 om
604 1144 219 37 utförandet
852 1145 42 36 af
918 1144 47 37 de
994 1144 191 37 allmänna
1213 1144 168 48 arbeten,
1410 1144 58 36 för
1496 1144 129 37 hvilka
1652 1158 134 35 expro-

183 1195 213 49 priationen
425 1196 99 48 sker,
555 1209 112 23 anses
696 1195 264 37 åstadkomma
988 1208 46 23 en
1063 1195 219 37 omedelbar
1310 1195 70 36 och
1409 1194 162 38 särskild
1592 1195 194 37 värdeför-

183 1246 160 49 höjning
385 1247 107 41 (une
535 1246 287 49 augmentation
856 1246 46 36 de
930 1246 131 37 valeur
1088 1246 217 37 immédiate
1334 1252 37 31 et
1400 1246 197 49 spéciale»)
1628 1246 58 37 för
1714 1246 74 36 den

184 1297 240 37 återstående
466 1298 111 36 delen
620 1297 41 37 af
698 1296 250 49 egendomen,
979 1297 124 37 denna
1132 1297 220 49 förhöjning
1381 1297 96 37 skall
1505 1297 153 37 komma
1686 1297 11 36 i
1724 1298 64 36 be-

182 1348 203 36 traktande
427 1348 61 36 vid
519 1347 287 38 bestämmande
835 1348 41 36 af
914 1348 284 48 ersättningens
1226 1348 151 57 belopp.
1431 1348 113 36 Detta
1574 1348 214 49 stadgande

184 1399 69 36 har
294 1399 134 36 vunnit
470 1398 194 52 efterföljd
704 1399 13 36 i
753 1398 73 37 den
867 1399 188 36 italienska
1096 1377 280 70 expropriation
1366 1399 148 48 slagen
1556 1399 41 36 af
1634 1399 75 37 den
1743 1401 45 35 25

183 1449 90 36 Juni
304 1451 106 47 1865,
447 1447 13 49 8
489 1452 58 34 41.
602 1440 168 46 Äfven
756 1436 30 66 i
807 1450 293 36 Nordamerikas
1141 1451 159 35 Förenta
1343 1450 117 37 Stater
1496 1455 160 43 antages
1683 1450 11 36 i
1724 1450 65 37 all-

185 1496 166 57 mänhet,
395 1480 54 57 att
490 1500 137 38 sådant
661 1500 136 49 afdrag
826 1501 75 36 kan
929 1513 72 34 ega
1029 1514 99 33 rum;
1158 1500 98 37 dock
1283 1500 192 37 innehålla
1503 1500 286 49 grundlagarne

185 1552 58 36 för
271 1557 57 31 tre
344 1530 131 58 stater
505 1552 72 37 (för
605 1551 196 48 Alabama,
831 1551 100 48 XIII,
951 1528 29 71 5
1010 1554 39 43 53
1080 1532 59 56 för
1166 1552 112 48 Iowa,
1306 1552 28 48 I,
1364 1548 20 50 $
1415 1553 43 35 18
1489 1558 98 30 samt
1607 1552 58 36 för
1682 1552 108 47 Ohio,

184 1602 27 47 I,
242 1599 20 49 $
294 1604 57 36 19)
395 1602 225 49 obetingadt
660 1602 137 37 förbud
839 1609 78 30 mot
950 1583 132 67 hvarje
1112 1602 136 49 afdrag
1271 1582 66 57 vid
1367 1603 294 48 expropriation.
1717 1603 58 36 Ex

185 1632 372 70 propriationslagen
597 1653 59 37 för
696 1653 64 37 det
796 1654 235 37 Schweiziska
1073 1654 268 48 Edsförbundet
1371 1653 41 37 af
1438 1652 74 38 den
1542 1655 16 34 1
1589 1654 74 49 Maj
1697 1625 94 66 1850

188 1704 137 37 tillåter
355 1704 137 49 afdrag
526 1704 136 37 endast
688 1704 11 36 i
727 1704 65 37 det
820 1704 78 48 fall,
928 1710 55 31 att
1012 1704 216 37 afståendet
1256 1705 41 36 af
1322 1718 47 23 en
1397 1704 61 37 del
1487 1704 40 37 af
1553 1704 237 49 egendomen

187 1755 229 47 förorsakar,
447 1761 54 31 att
529 1755 74 36 den
633 1755 240 37 återstående
903 1754 111 37 delen
1042 1755 137 37 blifver
1208 1756 46 35 fri
1283 1756 83 36 från
1396 1761 53 31 ett
1485 1756 169 36 servitut.
1709 1756 82 36 Den

186 1807 143 35 danska
370 1806 229 49 rättspraxis
640 1806 109 46 lärer,
777 1806 61 35 vid
870 1805 294 49 tillämpningen
1193 1807 41 35 af
1259 1806 46 36 de
1334 1809 140 46 många
1503 1806 187 37 särskilda
1719 1806 72 37 för-

187 1856 218 49 ordningar,
435 1870 79 23 som
544 1856 10 36 i
583 1857 194 37 Danmark
806 1857 119 36 ordna
952 1862 123 31 rätten
1109 1856 53 37 till
1192 1857 294 49 expropriation,
1508 1857 119 37 tillåta
1643 1857 149 49 afdrag,

187 1907 118 36 ehuru
334 1908 208 48 uttrycklig
571 1907 267 37 bestämmelse
868 1907 129 36 derom
1027 1907 135 37 endast
1191 1907 254 38 förekommer
1473 1908 53 36 uti
1555 1922 41 22 en
1623 1908 41 36 af
1681 1908 113 36 dessa

190 1958 281 48 författningar,
500 1958 194 57 nemligen
722 1959 80 35 Lov
829 1957 280 37 indeholdende
1138 1958 114 49 nogle
1280 1958 255 37 Foreskrifter
1563 1972 59 22 om
1653 1958 139 46 Gader,

187 2008 92 36 Veie
319 2022 50 35 og
390 1987 194 58 Vandlöb
616 2023 12 22 i
661 2008 254 50 Kjöbenhavn
958 2009 41 36 af
1037 2008 73 37 den
1154 2011 45 34 14
1240 2009 210 37 December
1479 2012 107 45 1857,
1620 2006 16 50 $
1667 2011 56 35 10.
1775 2007 15 38 I

187 2059 127 48 Norge
355 2060 68 36 har
464 2060 80 36 Lov
587 2073 87 36 ang.
704 2059 250 47 Veivesenet,
989 2059 74 37 den
1093 2062 43 35 15
1167 2059 224 50 September
1422 2062 107 46 1851,
1558 2057 20 49 $
1602 2039 65 69 26,
1696 2060 97 36 före-

188 2109 163 49 skrifvit,
382 2115 54 32 att
465 2110 63 36 vid
555 2110 280 49 uppskattning
864 2110 41 36 af
930 2089 119 58 skada
1077 2114 20 33 å
1120 2111 86 49 jord
1237 2111 107 49 billig
1378 2090 151 70 hänsyn
1556 2111 98 36 skall
1680 2116 112 43 tagas

189 2156 135 58 dertill,
343 2140 200 57 ”huruvida
567 2161 244 49 jordegaren,
845 2161 99 36 hvad
978 2161 138 37 honom
1147 2162 179 36 särskildt
1354 2161 247 49 vidkommer,
1631 2162 162 36 erhåller

189 2216 119 32 större
351 2211 92 38 eller
485 2212 146 37 mindre
672 2218 108 44 nytta
821 2211 41 37 af
900 2211 72 37 den
1000 2217 87 44 väg,
1116 2226 81 23 som
1227 2213 203 48 anlägges;
1460 2213 69 36 och
1558 2212 106 37 detta
1692 2212 102 38 stad-

189 2262 128 49 gande
344 2263 81 48 har,
454 2276 140 36 genom
622 2263 80 37 Lov
730 2262 278 37 indeholdende
1037 2264 294 36 Bestemmelser
1360 2263 223 50 angaaende
1616 2263 178 38 Jernveie
