2165 2729
374 180 37 29 18
878 173 83 51 Luag-
972 173 167 51 Utskottets
1153 177 158 33 Utlåtande
1333 177 64 33 N:o
1421 178 51 32 20.

472 258 242 49 Rigtigheten
753 257 40 37 af
826 259 122 36 denna
984 259 203 49 gruudsats
1224 260 110 36 torde
1364 260 31 47 ej
1427 259 126 37 kunna
1581 259 196 46 bestridas,
1807 272 83 23 men
1920 263 55 32 att

372 310 216 37 densamma
629 311 119 35 skulle
785 310 196 37 föranleda
1009 311 139 45 dertill,
1187 316 55 32 att
1271 325 84 23 man
1384 311 117 37 borde
1531 311 227 37 tillerkänna
1785 310 188 50 utgifvare

372 361 39 37 af
437 368 55 31 ett
520 362 140 45 arbete,
689 361 58 36 för
776 363 62 35 det
867 363 71 35 han
969 370 39 28 är
1036 363 135 36 svensk
1200 363 215 45 undersåte,
1446 376 45 22 en
1520 376 120 23 annan
1670 363 70 36 och
1767 363 207 35 vidsträck-

370 419 81 31 tare
479 420 77 30 rätt
583 415 57 34 till
670 427 139 22 samma
838 415 130 35 arbete
998 421 43 28 än
1072 415 84 44 den,
1185 428 80 22 som
1298 416 232 35 tillkommer
1559 415 84 36 dess
1672 415 201 36 utländske
1902 414 73 36 för-

370 465 149 45 fattare,
548 465 73 36 kan
648 465 197 37 Utskottet
874 466 30 47 ej
935 465 200 49 medgifva.

469 517 65 36 Ett
563 517 121 49 dylikt
713 517 208 49 stadgande
950 517 121 36 skulle
1100 517 59 37 för
1187 517 116 49 öfrigt
1332 518 126 36 kunna
1478 516 170 38 medföra
1668 518 210 49 väsentliga
1899 518 76 35 olä-

371 570 194 48 genheter.
621 567 144 38 Genom
804 569 144 36 enskild
987 568 382 37 öfverenskommelse
1403 569 85 36 med
1523 583 45 22 en
1596 570 135 36 svensk
1759 569 214 49 förläggare

372 635 59 22 om
469 622 91 35 hans
602 620 128 37 skrifts
772 620 221 50 utgifvande
1031 622 67 34 här
1126 622 11 34 i
1166 621 128 36 landet
1328 622 121 35 skulle
1484 622 153 36 hvilken
1665 622 201 48 utländing
1894 634 80 23 som

371 674 109 43 helst,
511 679 89 29 utan
629 673 67 35 allt
725 672 175 36 afseende
931 676 45 44 på
1004 673 245 48 reciprocitet
1276 673 182 36 länderna
1487 674 171 43 emellan,
1687 673 127 36 kunna
1837 673 138 35 bereda

371 725 66 36 sitt
464 724 130 36 arbete
623 737 141 23 samma
792 724 132 49 skydd,
954 737 80 23 som
1063 725 231 35 tillkommer
1313 725 134 36 svensk
1467 725 269 48 medborgares
1757 723 121 47 skrift,
1904 724 70 36 och

372 788 60 22 om
469 776 73 34 han
579 776 76 34 läte
690 776 206 34 detsamma
925 775 67 35 här
1021 775 163 47 utgifvas
1213 776 192 47 samtidigt
1434 779 47 44 på
1509 777 159 34 svenska
1698 776 67 35 och
1797 776 66 35 sitt
1891 782 86 40 eget

371 827 124 47 språk,
524 825 123 37 blefve
677 826 65 36 det
770 827 10 34 i
810 826 168 48 enlighet
1006 826 85 36 med
1120 829 19 33 3
1170 827 69 35 och
1271 829 17 33 7
1320 823 39 49 $$
1391 825 152 38 fredadt
1579 826 82 36 från
1699 825 277 49 öfversättning

371 878 59 36 till
458 882 116 44 något
603 877 40 36 af
667 878 106 36 dessa
802 878 112 47 språk
944 877 121 36 under
1102 877 242 37 författarens
1381 877 119 37 lifstid
1538 879 69 35 och
1645 877 132 37 femtio
1815 881 41 32 år
1893 878 82 35 der-

372 928 106 37 efter.
535 929 223 48 Uppenbart
800 936 40 28 är
873 929 144 35 hvilket
1049 929 99 35 band
1183 930 222 47 härigenom
1434 930 120 35 skulle
1584 931 128 48 läggas
1741 936 48 41 på
1817 929 71 35 den
1917 928 58 36 för

371 984 65 32 vår
477 981 173 48 bildning
691 981 69 35 och
799 981 151 47 andliga
987 981 218 47 utveckling
1243 984 40 32 så
1315 981 142 48 vigtiga
1487 980 489 49 öfversättningsverksam-

372 1033 124 41 heten,
540 1038 89 29 utan
672 1038 55 29 att
768 1036 122 42 någon
930 1032 263 35 motsvarande
1226 1032 123 36 fördel
1378 1031 58 36 för
1464 1033 159 35 svenska
1651 1031 197 37 författare
1878 1032 98 35 deri-

371 1097 138 36 genom
551 1083 204 45 bereddes;
797 1083 70 36 och
906 1083 248 48 olägenheten
1194 1083 110 36 häraf
1336 1083 121 36 skulle
1488 1085 118 47 enligt
1634 1084 215 36 Utskottets
1879 1084 97 46 åsigt

370 1135 206 48 ingalunda
619 1143 193 40 uppvägas
848 1134 40 36 af
921 1135 73 35 den
1022 1136 10 34 i
1062 1135 45 35 de
1135 1135 107 35 flesta
1270 1135 65 35 fall
1364 1135 212 48 säkerligen
1604 1137 108 45 ringa
1741 1136 111 42 vinst,
1894 1148 80 21 som

371 1186 228 48 stadgandet
639 1186 123 35 skulle
797 1185 170 37 medföra
1000 1185 58 36 för
1087 1186 44 35 de
1161 1186 159 36 svenska
1348 1186 254 49 förläggarne.
1657 1186 136 36 Derest
1819 1186 156 36 Utskot-

372 1243 74 29 tets
474 1236 220 36 framstälda
721 1237 142 48 förslag
891 1250 60 22 om
976 1238 92 34 visst
1088 1238 121 47 skydd
1229 1244 102 29 emot
1351 1237 278 48 öfversättning
1649 1238 231 47 godkännes,
1905 1237 69 35 och

372 1288 103 36 detta
506 1288 119 49 skydd
655 1301 136 35 genom
820 1288 276 35 konventioner
1125 1289 212 35 utsträckes
1366 1287 111 37 äfven
1506 1289 59 35 till
1593 1288 234 36 främmande
1849 1286 128 37 skrift-

372 1340 171 35 ställares
580 1339 167 44 arbeten,
790 1352 109 35 synes
934 1339 64 36 det
1025 1339 208 44 Utskottet,
1275 1353 81 22 som
1385 1352 60 23 om
1474 1340 45 35 de
1548 1340 158 36 svenska
1734 1339 241 49 förläggarne

372 1391 221 47 derigenom
636 1391 121 35 skulle
799 1391 159 35 beredas
999 1391 138 47 skäligt
1177 1390 151 37 tillfälle
1366 1398 55 29 att
1448 1404 136 35 genom
1613 1390 90 37 aftal
1732 1391 84 36 med
1845 1390 131 36 veder-

372 1441 167 36 börande
568 1441 198 36 författare
794 1440 179 37 förskaffa
1002 1442 56 47 sig
1087 1441 225 49 erforderlig
1339 1443 179 35 säkerhet
1551 1442 59 36 för
1643 1443 57 35 sin
1737 1442 239 36 verksamhet

372 1496 48 44 på
461 1493 72 35 den
575 1493 200 35 utländska
816 1494 262 35 litteraturens
1111 1493 165 45 område,
1319 1493 109 36 äfven
1462 1507 61 22 om
1552 1494 46 35 de
1627 1494 81 35 icke
1739 1494 143 35 erhölle
1912 1493 64 35 det

372 1544 233 36 vidsträckta
641 1544 133 49 skydd,
812 1558 80 22 som
929 1543 96 36 afses
1058 1544 85 36 med
1172 1544 288 49 ifrågavarande
1489 1545 221 48 stadgande,
1740 1545 144 35 hvilket
1912 1543 65 37 Ut-

372 1596 143 35 skottet
543 1596 109 35 alltså
680 1601 125 30 ansett
832 1596 92 35 böra
953 1609 45 22 ur
1026 1595 246 36 förevarande
1302 1593 17 48 $
1348 1600 103 44 utgå.

1121 1712 17 48 $
1168 1718 57 33 29.

472 1799 16 36 I
525 1800 167 47 enlighet
728 1799 86 36 med
842 1800 98 35 hvad
968 1798 197 37 Utskottet
1192 1799 121 36 under
1342 1801 19 35 8
1391 1797 18 48 $
1438 1800 68 35 här
1537 1799 178 37 framföre
1744 1800 136 45 anfört,
1909 1800 67 35 har

375 1850 244 38 förevarande
649 1848 17 48 $
696 1851 125 35 blifvit
850 1851 67 35 här
945 1851 163 47 intagen.

1120 1966 18 49 $
1168 1972 57 34 24.

473 2055 73 36 Det
586 2055 141 49 förslag
768 2056 57 35 till
865 2054 308 50 Utsökningslag,
1215 2068 80 23 som
1331 2068 50 22 nu
1421 2054 203 50 föreligger
1652 2055 60 35 till
1738 2054 235 49 Riksdagens

372 2106 188 49 pröfning,
602 2107 208 35 innehåller
838 2107 11 34 i
880 2109 42 34 63
953 2104 17 48 $
999 2106 206 48 stadgande
1240 2106 143 45 derom,
1417 2112 55 30 att
1500 2107 127 47 hvarje
1655 2106 196 48 rättighet,
1894 2118 78 23 som

371 2159 73 35 kan
473 2157 213 46 öfverlåtas,
716 2162 59 32 må
803 2157 58 36 för
889 2157 289 36 innehafvarens
1206 2158 87 48 gäld
1321 2158 11 35 i
1361 2164 78 29 mät
1467 2163 117 43 tagas.
1638 2156 136 37 Derest
1798 2170 50 23 nu
1870 2157 105 35 detta

373 2210 219 48 stadgande,
634 2213 122 32 såsom
798 2210 186 48 antagligt
1025 2217 52 37 är,
1117 2209 232 49 godkännes,
1391 2209 122 36 skulle
1551 2208 110 37 deraf
1684 2208 102 49 följa,
1820 2213 55 31 att
1901 2207 74 37 för-

372 2260 156 37 fattares
557 2267 77 29 rätt
663 2260 109 37 äfven
801 2262 57 34 till
888 2274 43 22 en
962 2260 196 47 outgifven
1195 2260 111 36 skrift
1334 2261 121 35 skulle
1484 2261 126 35 kunna
1638 2259 82 37 från
1750 2261 138 35 honom
1918 2265 57 31 ut-
