1858 2782
473 131 286 32 Statsutskottets
782 130 183 30 memorial
986 139 42 21 nr
1050 130 63 30 139
1134 129 40 30 år
1197 129 83 30 1957
1615 129 10 29 1

808 485 59 40 Nr
893 485 76 39 139

347 605 184 30 Memorial
553 603 179 41 angående
758 601 307 41 statsregleringen
1090 601 57 40 för
1174 601 201 40 budgetåret
1402 600 158 41 1957/58.

1390 668 74 34 (4:e
1488 668 93 34 avd.)

171 776 13 29 I
205 775 263 40 propositionen
487 784 41 20 nr
550 775 13 28 1
586 774 63 30 har
668 773 125 40 Kungl.
813 772 116 39 Maj:t,
949 772 111 30 under
1080 771 220 40 åberopande
1318 780 43 21 av
1378 769 109 40 bilagt
1505 770 126 38 utdrag

125 835 43 21 av
185 825 384 40 statsrådsprotokollet
587 826 81 29 över
685 823 275 30 finansärenden
979 822 55 31 för
1051 822 68 29 den
1138 822 20 30 3
1174 821 141 40 januari
1335 821 95 35 1957,
1449 819 179 40 föreslagit

127 878 187 39 riksdagen
343 879 50 27 att
419 877 155 29 beräkna
600 876 243 29 inkomsterna
869 874 20 30 å
918 874 262 38 driftbudgeten
1208 872 12 30 i
1246 872 191 30 riksstaten
1463 871 54 30 för
1545 870 86 30 bud-

126 928 132 39 gelåret
277 928 148 35 19357/58
443 927 107 39 enligt
566 935 43 21 en
626 927 11 29 i
656 924 385 40 statsrådsprotokollet
1058 923 143 40 intagen
1221 922 257 41 specifikation,
1497 921 132 30 slutan-

124 979 42 30 de
186 980 19 30 å
228 979 35 29 11
281 979 61 30 890
358 978 61 30 833
435 978 63 31 500
520 978 139 29 kronor.

172 1031 13 29 I
205 1029 263 40 propositionen
490 1038 41 20 nr
555 1029 59 29 175
636 1028 64 29 har
720 1026 124 40 Kungl.
865 1026 107 39 Maj:t
992 1026 207 32 sedermera,
1220 1024 110 30 under
1350 1023 220 40 åberopande
1590 1031 42 21 av

124 1081 110 39 bilagt
259 1081 124 38 utdrag
409 1089 43 20 av
477 1077 383 40 statsrådsprotokollet
886 1077 82 29 över
994 1074 276 31 finansärenden
1295 1074 55 30 för
1377 1073 68 30 den
1471 1073 40 31 26
1539 1072 90 41 april

128 1131 94 34 1957,
248 1131 178 39 föreslagit
448 1129 188 40 riksdagen
660 1130 50 28 att
734 1129 152 38 upptaga
911 1127 244 29 inkomsterna
1178 1125 20 30 å
1222 1124 261 39 driftbudgeten
1506 1124 11 29 i
1540 1123 90 30 riks-

126 1183 116 28 staten
264 1182 53 30 för
339 1181 206 40 budgetåret
570 1179 150 37 1957/58
743 1178 106 40 enligt
872 1187 44 20 en
937 1177 58 30 vid
1019 1175 384 41 statsrådsprotokollet
1426 1174 104 40 fogad
1555 1182 74 31 spe-

126 1232 194 34 cifikation,
343 1232 162 30 slutande
526 1231 19 30 å
570 1232 37 29 12
624 1230 60 30 183
699 1230 62 30 333
776 1229 62 31 500
859 1229 142 29 kronor.

732 1382 291 47 Driftbudgeten

738 1487 28 31 I.
798 1486 211 32 Inkomster

627 1586 187 44 Egentliga
836 1584 288 34 statsinkomster

175 1686 74 33 1:0)
279 1686 144 30 Skatter.
448 1685 75 29 Vad
547 1684 106 40 angår
678 1684 41 29 de
746 1683 105 39 enligt
876 1681 126 40 Kungl.
1027 1681 125 39 Maj:ts
1177 1679 130 39 förslag
1330 1678 107 30 bland
1463 1677 168 40 egentliga

126 1736 285 30 statsinkomster
432 1736 111 29 under
565 1734 167 30 rubriken
754 1734 132 29 skatter
908 1734 179 38 upptagna
1109 1729 301 31 inkomsttitlarna
1432 1728 63 30 har
1515 1727 116 30 bevill-

131 1787 276 39 ningsutskottet
427 1786 166 39 framlagt
612 1785 131 39 förslag
762 1784 11 29 i
794 1784 59 29 sitt
873 1782 222 31 betänkande
1115 1790 43 21 nr
1177 1781 53 31 48.

172 1838 117 29 Under
304 1837 254 38 förutsättning
574 1846 41 20 av
631 1835 99 30 bifall
747 1835 53 29 till
816 1834 66 29 vad
899 1832 374 37 bevillningsutskottet
1290 1830 178 37 föreslagit
1485 1830 10 28 i
1513 1830 118 29 nämn-

127 1889 45 29 da
194 1888 220 29 betänkande
437 1886 200 30 hemställer
663 1886 180 32 utskottet,

481 1939 50 27 att
552 1935 188 39 riksdagen
762 1934 57 30 må
840 1934 10 29 i
872 1934 191 29 riksstaten
1086 1932 56 30 för
1164 1931 204 39 budgetåret
1394 1930 146 35 1957/58
1566 1937 61 21 un-

435 1988 61 29 der
514 1987 131 30 skatter
665 1987 153 38 upptaga
838 1984 157 39 följande
1013 1982 254 31 inkomsttillar
1286 1981 164 30 sålunda:

429 2093 97 27 Skatt
559 2092 17 27 å
608 2092 156 29 inkomst,
797 2089 226 35 förmögenhet

431 2144 60 26 och
514 2143 125 26 rörelse:

491 2193 96 27 Skatt
615 2192 18 27 å
657 2192 143 26 inkomst
824 2191 60 26 och
908 2190 119 27 förmö-

492 2243 117 33 genhet
633 2249 41 19 m.
701 2249 54 22 m.,
779 2240 241 33 bevillning....
1123 2239 17 26 6
1157 2238 57 26 100
1229 2237 59 27 000
1303 2237 60 27 000

491 2291 246 35 Kupongskatt,
761 2289 168 34 bevillning
949 2309 69 7 ....
1202 2287 16 26 7
1233 2287 58 26 000
1306 2286 60 27 000

489 2340 314 35 Utskiftningsskatt
829 2340 60 26 och
911 2340 116 26 ersätt-

493 2392 196 34 ningsskatt,
713 2389 308 34 bevillning.......
1201 2387 15 26 1
1233 2386 58 27 000
1306 2386 60 27 000

492 2442 195 29 Fondskatt,
711 2439 310 34 bevillning.......
1180 2436 38 27 15
1232 2436 59 27 000
1306 2436 59 27 000

162 2498 8 25 1
220 2498 108 30 Bihang
342 2497 46 24 till
400 2496 168 30 riksdagens
580 2495 147 31 protokoll
740 2494 74 25 1957.
833 2495 16 23 6
860 2493 84 24 saml.
965 2493 39 23 Nr
1019 2494 48 24 139
