1886 2798
472 144 330 32 Utrikesutskottets
825 142 180 30 utlåtande
1027 151 43 20 nr
1090 142 19 30 4
1131 141 40 30 år
1193 142 85 29 1955
1590 137 38 30 13

167 241 76 21 som
262 231 156 40 godkänt
438 229 106 40 syftet
562 229 79 29 med
659 228 41 30 de
719 227 73 30 åtta
810 226 241 33 resolutioner,
1072 234 76 21 som
1167 226 123 37 antogs
1311 233 42 20 av
1372 223 115 30 denna
1505 221 123 30 konfe-

123 283 91 26 rens,
241 274 66 30 och
334 274 67 29 den
428 272 143 34 slutakt,
598 280 75 21 som
699 269 206 31 utfärdades
931 268 57 31 vid
1016 267 245 40 avslutningen
1288 275 42 21 av
1357 266 78 30 dess
1462 264 167 31 förhand-

124 318 127 34 lingar;

170 325 75 65 il
269 359 144 38 antager
438 357 42 30 de
506 366 41 22 av
573 356 236 30 konferensen
835 354 146 40 avgivna
1009 353 231 30 slutsatserna
1268 351 117 30 såsom
1411 350 41 29 de
1478 349 150 39 angivits

124 402 11 29 i
153 401 194 30 resolution
364 409 41 26 nr
426 401 32 28 1:

170 444 95 30 >Den
285 443 89 30 enda
394 442 81 30 fullt
495 441 168 31 effektiva
683 440 163 30 metoden
867 441 50 28 att
936 438 185 31 förhindra
1142 435 285 41 oljeförorening,
1451 444 75 20 som
1547 443 83 20 man

124 487 136 30 känner
282 486 63 36 till,
368 486 38 29 är
427 486 50 28 att
499 483 222 39 fullständigt
741 482 157 30 undvika
918 481 200 38 uttömning
1139 489 41 21 av
1200 478 207 39 beständiga
1427 478 90 39 oljor
1538 477 11 29 i
1570 477 59 29 ha-

125 530 65 33 vet,
215 528 65 30 och
305 528 58 29 det
385 527 107 33 finns,
518 526 116 30 såsom
657 535 90 20 ovan
770 524 161 40 angivits,
957 523 111 30 medel
1094 531 75 21 som
1195 521 185 40 möjliggör
1406 522 50 28 att
1481 520 52 30 till
1558 521 71 28 stor

125 571 55 30 del
201 570 121 41 uppnå
342 570 95 29 detta
459 569 80 30 mål.

170 613 122 30 Ehuru
322 612 234 30 konferensen
583 611 65 29 har
676 609 150 31 kommit
854 609 53 30 till
934 609 68 29 den
1031 608 199 33 slutsatsen,
1260 608 51 28 att
1339 607 57 29 det
1425 605 55 30 för
1508 606 123 29 närva-

126 656 108 29 rande
254 655 77 30 icke
352 656 38 28 är
411 654 139 39 möjligt
570 655 51 29 att
639 653 196 29 bestämma
856 652 115 39 någon
992 650 176 41 tidpunkt,
1191 649 81 30 från
1292 649 117 30 vilken
1431 647 200 39 uttömning

127 707 42 21 av
189 697 206 39 beständiga
418 696 90 40 oljor
531 696 11 29 i
566 696 103 30 havet
693 695 89 29 skall
804 694 73 30 helt
900 694 65 29 och
987 693 108 30 hållet
1118 692 171 40 upphöra,
1315 699 103 21 anser
1441 690 67 30 den
1531 690 99 33 dock,

127 742 50 28 att
196 739 224 40 fullständigt
437 738 225 30 undvikande
680 746 42 22 av
741 736 201 39 uttömning
961 745 42 21 av
1021 735 132 30 sådana
1172 734 90 39 oljor
1279 752 45 3 —
1340 733 79 29 med
1437 733 93 30 vissa
1548 732 84 29 nöd-

125 782 149 39 vändiga
298 781 181 40 undantag
503 799 44 3 —
570 781 62 29 bör
656 779 175 40 iakttagas
857 779 80 29 från
962 778 143 39 tidigast
1130 777 145 39 möjliga
1300 776 176 40 tidpunkt.
1502 775 128 30 Konfe-

127 834 126 21 rensen
277 825 111 29 riktar
411 833 43 20 en
477 823 132 39 kraftig
631 821 219 41 uppmaning
874 821 52 29 till
951 821 68 29 alla
1042 819 198 40 regeringar
1264 816 65 32 och
1352 818 110 29 andra
1484 817 148 30 berörda

128 875 108 32 organ
265 868 50 29 att
343 867 81 39 göra
452 866 62 29 allt
541 867 66 29 vad
636 866 40 29 de
703 865 71 29 kan
802 864 55 30 för
885 865 49 29 att
963 863 110 40 skapa
1098 862 129 39 nödiga
1256 860 294 39 förutsättningar
1578 860 54 30 för

128 909 290 40 genomförandet
442 917 43 21 av
507 909 49 29 ett
580 908 125 29 sådant
728 907 129 30 förbud
881 914 125 32 genom
1030 907 50 28 att
1104 905 91 29 tillse
1219 905 51 29 att
1294 903 227 39 erforderliga
1546 903 87 28 mot-

128 951 405 40 tagningsanordningar
556 949 251 40 åvägabringas
834 949 11 29 i
871 949 42 29 de
937 949 110 29 större
1073 947 198 30 hamnarna
1296 946 128 30 liksom
1450 947 50 28 att
1525 945 107 38 farty-

129 1002 65 32 gen
224 994 113 30 förses
368 993 79 30 med
476 992 183 40 behövliga
687 991 247 39 inrättningar.
966 990 243 30 Konferensen
1241 990 38 29 är
1309 998 42 21 av
1381 988 66 29 den
1477 987 156 40 uppfatt-

129 1036 139 40 ningen,
289 1037 51 29 att
360 1045 42 20 en
423 1044 46 30 ny
488 1035 189 30 konferens
696 1034 63 34 bör
780 1034 113 29 hållas
913 1033 97 29 inom
1031 1034 51 28 tre
1102 1032 38 30 år
1160 1032 79 29 med
1260 1030 139 41 uppgift
1420 1032 51 28 att
1490 1030 45 40 på
1557 1031 76 37 nytt

129 1079 153 39 granska
303 1078 125 40 frågan
450 1078 11 28 i
481 1077 108 40 ljuset
611 1086 42 21 av
674 1085 120 21 vunna
815 1075 238 30 erfarenheter
1074 1074 150 30 rörande
1246 1073 260 39 verkningarna
1528 1081 42 21 av
1592 1072 41 29 de

130 1130 42 21 av
196 1121 116 29 denna
335 1120 190 30 konferens
550 1119 200 30 anbefallda
774 1118 242 40 åtgärderna>,

176 1163 28 30 1.
236 1163 158 34 föreslår,
426 1164 51 28 att
508 1161 374 30 ministerkommittén
913 1160 90 30 skall
1033 1168 179 31 uppmana
1244 1159 42 29 de
1317 1157 209 40 regeringar,
1559 1166 75 21 som

130 1206 95 29 ännu
249 1205 77 30 icke
349 1205 256 33 undertecknat
627 1204 67 30 den
716 1203 12 29 i
750 1203 147 30 London
921 1203 68 30 den
1015 1202 38 30 12
1077 1201 69 40 maj
1176 1200 84 31 1954
1282 1200 177 40 ingångna
1482 1200 153 29 interna-

130 1248 144 29 tionella
300 1247 260 30 konventionen
586 1246 149 30 rörande
762 1245 129 31 förbud
918 1247 73 28 mot
1018 1244 202 39 förorening
1249 1253 42 20 av
1319 1243 207 30 havsvatten
1553 1242 81 30 eller

130 1289 124 30 endast
274 1289 92 40 gjort
386 1290 57 29 det
463 1289 112 30 under
595 1288 172 31 förbehåll
787 1289 56 30 för
862 1287 220 31 ratifikation
1103 1287 83 29 eller
1206 1286 265 40 godkännande,
1493 1286 51 30 att
1563 1285 72 30 vid-

130 1332 80 39 taga
233 1331 127 30 sådant
383 1331 256 39 godkännande
663 1332 65 29 och
752 1331 11 29 i
787 1331 174 29 avvaktan
984 1330 45 40 på
1053 1329 277 30 konventionens
1354 1328 281 30 ikraftträdande

131 1374 215 30 omedelbart
369 1374 139 40 vidtaga
532 1375 93 29 vissa
648 1373 172 39 åtgärder,
846 1382 75 21 som
944 1373 220 39 uppräknats
1188 1373 12 30 i
1223 1370 193 31 resolution
1438 1380 42 21 nr
1505 1370 29 34 6,
1561 1379 73 21 som

132 1416 173 39 godkänts
327 1426 42 21 av
389 1416 234 30 konferensen
645 1416 64 30 och
729 1416 152 39 bifogats
903 1416 78 29 dess
1003 1414 148 36 slutakt;

176 1459 29 29 2.
230 1459 113 29 riktar
365 1460 347 39 representanternas
738 1457 317 41 uppmärksamhet
1078 1456 44 40 på
1146 1455 285 31 önskvärdheten
1454 1464 42 21 av
1520 1456 51 28 att
1595 1454 41 30 de

131 1501 226 30 underrättar
377 1502 76 30 sina
472 1501 196 40 respektive
687 1501 200 39 parlament
906 1508 57 21 om
982 1499 67 30 den
1070 1499 139 38 mycket
1229 1499 91 28 stora
1343 1497 83 34 vikt,
1449 1506 76 21 som
1544 1497 93 29 vissa

132 1552 42 22 av
197 1544 260 40 Europarådets
481 1544 228 29 medlemmar
735 1543 110 30 fäster
868 1542 57 31 vid
949 1542 116 29 denna
1088 1541 109 39 fråga.

688 1676 333 31 Rekommendation
1046 1677 37 29 69

259 1731 176 36 angående
454 1730 97 36 hjälp
570 1730 35 29 åt
622 1729 273 29 medlemsstater
913 1728 57 29 vid
989 1727 188 30 inträffade
1197 1725 313 31 naturkatastrofer

178 1806 276 40 Församlingen,

180 1858 75 21 som
295 1849 87 39 tagit
420 1848 55 29 del
515 1857 42 21 av
585 1847 126 35 artikel
741 1847 41 30 63
811 1847 11 29 i
852 1845 391 30 ministerkommitténs
1275 1844 174 30 särskilda
1476 1843 162 39 budskap

140 1893 96 33 (dok.
260 1891 102 35 238);

179 1943 76 20 som
274 1933 79 29 med
371 1934 72 28 stor
462 1941 59 20 oro
543 1931 126 36 finner,
688 1932 51 28 att
757 1932 42 29 de
819 1931 139 39 nyligen
976 1930 130 29 timade
1125 1928 367 31 naturkatastroferna
1512 1928 10 28 i
1542 1927 98 38 Alge-

135 1976 65 30 riet
220 1977 61 38 gör
301 1975 58 29 det
378 1976 94 28 ännu
494 1983 97 20 mera
610 1973 224 39 nödvändigt,
855 1975 50 28 att
924 1972 240 40 Europarådet
1183 1972 185 39 upprättar
1389 1972 48 28 ett
1456 1978 108 31 organ
1586 1970 54 29 för

136 2020 50 27 att
204 2017 188 31 samordna
409 2017 171 38 åtgärder,
598 2016 116 29 varför
731 2016 42 29 de
789 2015 207 39 europeiska
1013 2016 154 28 staterna
1182 2014 64 29 har
1263 2014 216 38 gemensamt
1496 2021 141 26 ansvar;

182 2068 74 21 som
281 2061 88 28 även
392 2059 166 29 hänvisar
584 2058 51 29 till
660 2058 67 29 den
751 2058 202 32 resolution,
982 2066 76 20 som
1083 2056 253 38 församlingen
1360 2055 109 29 redan
1494 2055 146 39 tidigare

136 2102 133 38 antagit
290 2101 52 29 till
364 2100 139 30 förmån
525 2101 54 29 för
600 2100 372 39 jordbävningsoffren
993 2099 45 39 på
1058 2099 41 29 de
1121 2098 142 39 joniska
1284 2099 118 32 öarna,

180 2145 39 28 är
242 2143 212 30 överraskad
477 2145 51 27 att
550 2142 100 29 finna
672 2144 50 27 att
744 2143 96 29 detta
862 2141 227 30 meddelande
1112 2150 103 29 synes
1239 2140 45 29 ha
1308 2140 133 30 lämnat
1464 2141 45 28 ön
1532 2140 108 32 Itaka,

138 2195 74 20 som
230 2186 201 39 adopterats
451 2194 42 20 av
513 2185 108 34 rådet,
640 2186 85 28 utan
745 2184 184 34 avseende;

180 2247 311 32 rekommenderar
513 2243 387 32 ministerkommittén:

185 2293 27 28 1.
232 2292 51 28 att
301 2289 140 38 vidtaga
460 2288 68 30 alla
546 2285 295 40 ansträngningar
860 2285 55 30 för
934 2285 50 29 att
1003 2285 65 29 vad
1086 2283 172 30 beträffar
1278 2283 98 29 Itaka
1396 2282 164 30 fortsätta
1578 2282 64 29 och

138 2335 10 29 i
172 2334 65 30 vad
260 2341 99 21 avser
383 2330 151 38 Algeriet
556 2329 138 38 vidtaga
717 2327 228 37 erforderliga
967 2326 161 38 åtgärder
1151 2325 54 29 för
1230 2326 50 29 att
1304 2325 116 29 lämna
1444 2324 198 38 nödvändig

139 2377 98 38 hjälp
260 2374 66 30 och
348 2372 155 34 bistånd;

184 2419 29 29 2.
244 2419 51 29 att
323 2416 139 37 vidtaga
491 2413 160 38 åtgärder
681 2412 53 29 för
763 2413 51 27 att
844 2410 216 39 möjliggöra,
1091 2410 50 29 alt
1170 2408 264 39 hjälpåtgärder
1464 2408 50 28 till
1546 2408 96 38 varje

140 2458 253 31 medlemsland
420 2457 10 29 i
457 2454 249 40 Europarådet,
735 2463 75 20 som
838 2454 146 28 utsättes
1012 2452 54 30 för
1094 2450 328 34 naturkatastrofer,
1451 2450 10 29 i
1489 2451 155 29 fortsätt-
