2208 2640
635 198 352 37 Jordbruksutskottets
1009 204 170 33 utlåtande
1202 206 54 31 Nr
1279 208 52 30 84.
1762 212 16 30 7

175 279 132 48 parker
334 280 13 34 i
376 281 203 37 allmänhet
608 283 77 36 helt
714 285 165 48 nyligen,
910 285 120 37 under
1059 286 45 37 de
1133 294 144 30 senaste
1307 289 254 46 decennierna,
1584 293 133 36 bildats
1733 306 46 24 av

175 331 266 39 förutvarande
471 339 37 32 åt
537 337 57 34 sin
624 350 92 34 egen
746 340 216 46 utveckling
991 340 76 35 helt
1105 343 271 44 överlämnade,
1408 357 88 23 rena
1524 343 253 56 naturskogar,

177 391 109 42 utgör
315 387 91 47 skog
434 399 45 24 av
509 391 12 33 i
532 391 210 47 motionen
772 391 146 49 åsyftad
948 392 253 37 beskaffenhet
1231 402 112 38 ännu,
1375 400 118 33 såsom
1513 409 98 25 ovan
1624 406 152 42 antytts,

175 443 53 30 ett
257 442 39 32 så
325 439 212 50 betydande
565 445 208 45 procenttal
803 456 46 23 av
879 446 136 46 skogen
1044 448 12 33 i
1087 447 81 36 dess
1198 448 135 44 helhet,
1365 455 53 30 att
1447 450 62 36 det
1537 454 113 34 totala
1678 453 100 36 bort-

174 492 177 48 tagandet
396 497 47 45 på
486 508 44 22 en
573 499 99 46 gång
701 508 46 24 av
776 497 61 36 det
870 498 119 49 skydd
1019 500 121 37 denna
1168 503 123 46 gamla
1319 504 90 48 skog
1437 505 155 35 innebär
1621 506 57 36 för
1707 507 70 36 den

174 558 131 36 yngre,
336 549 167 47 växtliga
532 550 148 48 skogen,
711 552 70 34 lätt
810 552 70 35 kan
910 552 176 46 medföra,
1118 560 53 30 att
1192 555 70 36 den
1283 569 126 23 senare
1431 563 154 31 utsättes
1602 559 57 36 för
1675 559 103 38 faran

176 610 46 24 av
250 600 254 50 kullblåsning
533 604 67 34 och
631 604 276 37 borttorkande.

309 652 180 51 Samtliga
518 668 51 23 nu
599 656 155 37 anförda
782 659 317 48 omständigheter
1128 667 61 29 äro
1218 664 154 45 givetvis
1402 677 44 23 av
1474 664 71 36 den
1575 662 199 57 betydelse,

175 710 54 31 att
258 706 44 36 de
332 709 296 47 uppenbarligen
658 713 116 33 måste
803 717 102 42 tagas
934 713 12 34 i
976 714 185 48 allvarligt
1190 717 250 46 övervägande
1456 718 61 35 vid
1532 719 245 37 bedömandet

174 773 44 22 av
256 758 238 39 förevarande
533 765 154 34 motion.
745 764 91 36 Lika
865 766 96 35 klart
989 767 104 35 torde
1122 769 203 35 emellertid
1356 783 43 23 av
1427 772 161 35 nämnda
1616 780 161 30 omstän-

174 813 187 46 digheters
390 814 255 38 beskaffenhet
675 816 153 50 framgå,
860 824 63 39 att,
954 820 12 34 i
996 826 93 29 stort
1117 827 83 37 sett,
1231 822 281 38 förhållandena
1539 828 154 45 gestalta
1722 830 56 43 sig

174 872 166 30 avsevärt
382 869 98 35 olika
522 869 231 37 beträffande
792 874 20 32 å
854 885 68 22 ena
964 873 105 36 sidan
1113 874 112 36 sådan
1264 877 100 47 skog,
1395 890 77 22 som
1504 883 157 44 uppnått
1689 882 89 34 eller

175 920 219 35 överskridit
437 923 56 34 sin
537 921 94 37 fulla
672 929 212 43 växtgräns,
916 939 85 23 men
1029 928 13 33 i
1071 929 121 47 övrigt
1220 935 40 29 är
1288 930 171 45 oskadad,
1491 938 95 29 samt
1615 935 20 32 å
1664 934 112 35 andra

174 973 106 35 sidan
323 974 113 36 sådan
480 976 100 48 skog,
626 989 76 23 som
747 991 44 22 av
833 980 97 34 olika
967 981 148 35 orsaker
1155 983 13 33 i
1198 981 115 37 förtid
1342 983 140 45 dödats,
1514 986 145 35 skadats
1689 988 88 35 eller

173 1027 185 35 hämmats
386 1030 13 33 i
428 1030 57 34 sin
515 1030 224 47 utveckling.

308 1080 140 37 Endast
476 1084 13 33 i
518 1081 105 50 fråga
652 1097 60 23 om
743 1084 70 36 den
843 1085 99 37 förra
970 1087 224 49 kategorien,
1227 1089 70 37 den
1326 1089 209 51 fullmogna
1563 1094 89 34 eller
1671 1101 102 28 över-

173 1135 102 46 åriga
304 1135 149 47 skogen,
483 1136 105 35 torde
617 1150 93 23 ovan
740 1140 159 46 angivna
928 1142 226 46 svårigheter
1183 1141 57 36 för
1268 1156 45 22 en
1334 1145 198 47 skyndsam
1553 1148 222 47 avverkning

172 1193 91 41 göra
305 1189 56 46 sig
402 1189 172 47 gällande
616 1192 13 33 i
672 1190 71 36 full
773 1193 268 49 utsträckning.
1100 1194 17 36 I
1155 1196 178 36 avseende
1362 1200 20 32 å
1411 1198 113 36 sådan
1554 1200 88 48 skog
1670 1201 102 35 torde

173 1241 107 35 alltså
309 1240 297 38 förhållandenas
636 1257 91 35 egen
757 1250 112 30 natur
895 1248 13 33 i
937 1248 202 35 allmänhet
1168 1249 301 49 nödvändiggöra
1498 1255 46 45 på
1571 1255 72 33 viss
1660 1253 114 36 erfor-

177 1293 120 47 derlig
325 1293 165 50 tidrymd
519 1295 200 46 fördelade,
751 1301 200 34 successivt
980 1299 270 39 fortskridande
1271 1305 277 46 avverkningar,
1569 1308 97 33 vilka
1681 1307 90 35 dock

174 1349 21 32 å
224 1347 116 36 andra
368 1347 104 37 sidan
503 1351 255 47 otvivelaktigt
786 1351 90 36 böra
904 1353 127 36 kunna
1060 1353 163 50 försiggå
1250 1357 13 34 i
1282 1363 164 29 avsevärt
1462 1364 116 30 större
1594 1361 178 34 utsträck-

173 1401 93 47 ning
309 1407 46 28 än
398 1401 133 37 hittills
559 1406 95 32 varit
684 1402 115 38 fallet.
856 1405 234 38 Beträffande
1120 1410 80 33 åter
1227 1408 70 37 den
1328 1423 125 23 senare
1483 1413 209 47 kategorien
1721 1434 51 3 —

172 1452 71 37 den
274 1454 108 47 sjuka
410 1456 68 35 och
507 1457 13 34 i
550 1455 113 37 förtid
693 1458 158 36 skadade
881 1460 149 48 skogen,
1060 1461 215 46 vindfällen,
1306 1465 167 35 torrakor
1501 1478 32 22 o.
1552 1466 33 34 d.
1605 1487 48 3 —
1670 1467 102 35 torde

174 1506 359 49 förutsättningarna
562 1509 57 36 för
648 1515 53 31 ett
730 1512 133 35 snabbt
892 1513 66 35 och
988 1513 155 50 kraftigt
1171 1517 217 47 ingripande
1417 1520 72 34 iav
1505 1521 270 35 motionärerna

173 1560 135 36 avsedd
337 1562 168 48 riktning
534 1564 107 35 ställa
669 1566 58 46 sig
755 1571 165 31 avsevärt
948 1580 299 36 gynnsammare.
1296 1569 131 38 Denna
1446 1572 152 40 dödade,
1617 1574 155 35 skadade

172 1614 90 35 eller
290 1616 186 47 oväxtliga
505 1617 101 47 skog,
637 1630 81 23 vars
749 1617 266 50 förefintlighet
1045 1622 205 36 merendels
1287 1625 127 34 verkar
1443 1625 119 35 direkt
1591 1622 183 57 hinderlig

173 1665 58 37 för
269 1667 70 35 den
378 1670 128 47 övriga
543 1670 157 48 skogens
737 1671 255 50 vederbörliga
1025 1676 225 48 utveckling,
1281 1677 133 35 skötsel
1443 1679 67 35 och
1541 1675 230 57 föryngring,

171 1720 69 35 och
280 1733 81 23 vars
401 1723 246 47 avlägsnande
680 1725 154 36 allmänt
864 1738 108 36 synes
1002 1740 105 23 anses
1136 1742 86 23 vara
1251 1743 45 22 ur
1324 1731 408 50 skogsvårdssynpunkt
1760 1735 12 34 i

171 1773 75 48 hög
274 1774 91 47 grad
394 1776 171 47 påkallat,
596 1777 105 36 torde
730 1780 187 47 nämligen
946 1781 79 35 icke
1056 1780 229 38 förekomma
1312 1785 12 33 i
1354 1787 39 32 så
1408 1790 76 30 stor
1505 1788 265 47 utsträckning,

173 1831 53 30 att
254 1828 81 34 icke
364 1833 53 30 ett
446 1829 107 46 högst
582 1832 199 47 väsentligt
810 1833 264 48 påskyndande
1103 1848 44 23 av
1176 1835 81 36 dess
1274 1837 256 49 välbehövliga
1545 1840 225 36 avverkande

169 1879 107 36 torde
304 1881 128 36 kunna
461 1889 67 41 äga
556 1896 84 23 rum
671 1884 85 36 med
784 1887 187 35 anlitande
1000 1901 44 22 av
1078 1901 44 22 en
1152 1890 126 48 rimlig
1305 1891 67 35 och
1403 1893 130 47 möjlig
1562 1894 139 48 ökning
1729 1908 42 21 av

170 1946 52 22 nu
261 1935 236 49 tillgängliga
533 1937 275 37 arbetskrafter.
866 1939 217 50 Uppenbart
1113 1948 39 29 är
1182 1943 198 44 dessutom,
1412 1950 53 30 att
1493 1953 90 29 även
1612 1949 12 33 i
1653 1949 118 46 övrigt

170 1986 45 36 de
244 1989 229 47 svårigheter
501 1990 68 36 och
599 1992 247 47 olägenheter,
878 2006 78 24 som
977 2007 92 24 ovan
1090 1994 221 39 framhållits
1336 1998 228 37 beträffande
1586 2013 44 23 en
1651 2001 121 47 hastig

170 2042 227 48 avverkning
438 2056 43 23 av
529 2042 207 51 fullmogen
778 2047 67 35 och
889 2050 166 47 överårig
1097 2051 100 47 skog,
1241 2052 79 35 icke
1362 2053 66 35 här
1457 2052 201 37 framträda
1687 2055 82 35 med

170 2106 140 23 samma
340 2096 137 47 styrka.

304 2146 230 51 Visserligen
563 2150 66 35 har
656 2153 317 47 angelägenheten
1003 2167 44 23 av
1076 2161 52 30 ett
1156 2162 102 30 snart
1286 2159 302 48 tillvaratagande
1608 2160 66 35 och
1695 2162 75 33 till-

168 2199 260 49 godogörande
475 2216 43 23 av
561 2203 112 37 sådan
717 2206 101 48 skog,
862 2220 126 23 varom
1032 2209 66 35 här
1135 2215 39 29 är
1204 2209 113 49 fråga,
1348 2213 12 33 i
1390 2213 268 49 sammanhang
1686 2215 83 34 med

170 2252 129 49 frågan
328 2267 61 23 om
420 2258 275 48 förvaltningen
724 2259 68 35 och
821 2260 136 36 vården
987 2268 86 29 över
1102 2263 128 35 huvud
1260 2277 43 23 av
1322 2264 44 36 de
1386 2266 187 36 allmänna
1594 2268 176 47 skogarna

168 2307 13 33 i
210 2310 85 32 våra
323 2308 211 49 nordligare
562 2311 61 35 län
653 2311 112 36 redan
797 2313 239 37 underställts
1067 2315 138 49 Kungl.
1236 2316 124 49 Maj:ts
1389 2321 255 47 omprövning.
1684 2320 85 36 Men
