1886 2848
97 1072 135 23 Utskottet.

125 1892 64 29 Ang.

73 1926 114 29 pension
206 1926 28 24 åt

55 1960 73 24 vissa
156 1961 105 29 förmän

66 1996 47 23 och
130 1997 119 24 arbetare

52 2030 47 24 vid
116 2031 145 31 fästnings-

72 2066 46 22 och
136 2066 104 24 kasern-

52 2100 208 31 byggnadsarbe-

52 2137 62 21 tena
132 2136 10 23 i
161 2137 97 23 Boden.

329 168 39 28 44
713 168 319 33 Bankoutskottets
1051 169 187 32 utlåtande
1257 170 53 32 Nr
1333 171 51 29 30.

326 243 264 33 Statskontoret
617 245 65 31 har
710 246 13 30 i
749 245 146 37 avgivet
922 247 187 31 utlåtande
1135 247 12 31 i
1174 247 149 32 ärendet
1347 266 40 4 —
1414 248 112 31 under
1554 248 147 31 erinran
1727 258 60 21 om

284 295 211 37 riksdagens
521 296 157 37 tidigare
702 297 117 32 beslut
844 298 183 36 angående
1053 298 205 37 beviljande
1284 309 45 21 av
1356 298 338 37 tilläggspensioner
1720 309 67 21 un-

284 346 62 32 der
369 347 153 36 ungefär
545 347 169 33 liknande
736 349 306 37 omständigheter
1065 350 38 31 åt
1125 350 346 36 expeditionschefer
1494 351 13 30 i
1530 351 253 36 statsdeparte-

283 400 107 35 ment,
412 399 37 31 åt
470 400 364 31 vattenrättsdomare
855 403 92 30 samt
969 402 39 30 åt
1028 411 44 21 en
1092 401 231 37 jägmästare,
1344 412 75 21 som
1440 402 81 31 haft
1542 403 246 31 förordnande

283 450 118 31 såsom
422 452 103 30 extra
547 451 172 37 byråchef
742 452 13 30 i
778 452 307 37 domänstyrelsen
1106 472 41 4 —
1169 454 118 30 ansett
1310 453 77 32 skäl
1411 454 179 36 föreligga
1612 454 56 31 för
1690 455 95 31 med-

284 501 154 37 givande
459 512 45 21 av
525 502 298 38 tilläggspension
842 503 136 37 jämväl
998 505 38 31 åt
1057 504 159 37 Reinius,
1237 515 75 21 som
1333 505 113 31 under
1466 506 39 31 10
1523 506 40 30 år
1584 506 97 32 varit
1703 505 85 32 chef

283 553 58 31 för
384 553 283 37 sjökarteverket
712 557 93 29 samt
839 556 13 30 i
875 556 112 31 sådan
1012 556 178 37 egenskap
1216 556 175 37 uppburit
1415 555 248 34 Kommendörs
1689 558 96 31 avlö-

283 605 301 36 ningsförmåner.
617 606 355 37 Tilläggspensionen
994 607 109 32 borde
1127 608 112 36 enligt
1264 609 274 32 statskontorets
1562 609 145 37 mening
1728 609 57 32 be-

283 658 171 30 stämmas
474 657 58 31 till
553 656 38 36 ”/s
612 668 45 21 av
678 658 203 32 skillnaden
898 659 134 31 mellan
1052 659 57 32 till
1130 659 229 32 kommendör
1380 661 65 31 och
1467 660 318 38 kommendörkap-

283 709 61 30 ten
371 718 44 21 av
442 709 59 30 1:a
529 709 136 36 graden
692 711 178 35 utgående
897 721 25 21 s.
949 710 32 32 k.
1011 720 49 28 ny
1087 711 149 36 pension
1263 710 172 38 (pension,
1463 712 325 37 fyllnadspension,

283 759 389 38 pensionsförbättring
705 762 65 30 och
801 762 378 37 pensionsförhöjning
1211 762 32 36 TI)
1279 763 85 31 eller
1397 763 108 32 alltså
1538 763 39 36 ?/s
1613 765 100 35 (7,008
1744 783 43 5 —

282 810 103 37 5,712)
413 823 36 14 =
473 812 59 31 864
554 812 140 37 kronor,
718 815 54 30 att
795 814 88 36 utgå
907 814 84 31 från
1015 815 65 31 och
1104 815 80 31 med
1207 815 116 36 dagen
1347 815 91 31 efter
1461 816 76 36 den,
1563 816 46 31 då
1633 816 155 31 Reinius

283 863 146 31 erhållit
450 864 144 36 avsked,
616 865 30 31 d.
669 875 30 20 v.
722 875 25 21 s.
769 865 85 31 från
873 866 64 31 och
958 866 81 31 med
1061 866 68 31 den
1150 867 18 29 1
1189 866 69 36 juli
1281 867 86 31 1931.

322 914 238 33 Beträffande
584 917 240 35 utredningen
849 917 11 30 i
885 917 118 36 övrigt
1031 918 57 30 får
1114 918 175 31 utskottet
1314 919 152 31 hänvisa
1490 919 59 31 till
1573 920 212 36 propositio-

281 975 80 22 nen.

322 1069 18 31 I
365 1069 111 32 likhet
501 1071 80 30 med
606 1071 390 36 departementschefen
1020 1073 64 30 och
1109 1073 40 30 de
1174 1073 11 30 i
1210 1074 147 31 ärendet
1381 1074 113 31 hörda
1517 1075 269 36 myndigheter-

282 1131 48 20 na
349 1121 119 31 finner
486 1122 173 32 utskottet
678 1122 144 37 skäligt,
841 1124 54 30 att
913 1124 150 31 Reinius
1081 1125 81 31 med
1179 1124 142 37 hänsyn
1337 1125 58 31 till
1415 1126 68 31 den
1501 1126 110 36 långa
1630 1127 63 35 tid,
1711 1127 75 30 han

281 1172 168 31 innehaft
475 1173 241 32 förordnande
743 1175 116 31 såsom
886 1175 80 31 chef
993 1175 57 31 för
1077 1176 293 36 sjökarteverket,
1398 1185 127 27 genom
1551 1177 234 37 tilläggspen-

281 1223 79 32 sion
381 1226 125 30 utöver
528 1225 68 31 den
616 1225 158 37 pension,
796 1236 74 22 som
891 1227 217 31 tillkommer
1130 1228 129 31 honom
1280 1229 117 30 såsom
1418 1228 369 38 kommendörkapten

280 1286 48 20 av
349 1276 58 31 1:a
428 1277 145 36 graden,
595 1276 157 32 kommer
774 1278 12 31 i
806 1278 214 36 åtnjutande
1042 1289 46 21 av
1108 1279 311 36 pensionsförmån
1440 1281 254 31 motsvarande
1715 1282 69 31 den

281 1337 48 21 av
349 1327 129 32 honom
501 1328 118 31 såsom
643 1328 80 31 chef
749 1329 56 31 för
829 1330 156 31 nämnda
1011 1330 87 31 verk
1122 1330 205 32 innehavda
1351 1330 310 38 löneställningen.
1707 1330 77 34 Mot

282 1379 71 31 vad
374 1379 133 36 Kungl.
529 1379 111 36 Maj:t
662 1380 12 31 i
695 1380 129 32 sådant
846 1381 199 31 hänseende
1068 1381 187 37 föreslagit
1277 1382 65 31 har
1365 1383 174 32 utskottet
1561 1384 77 31 icke
1660 1385 125 31 funnit

282 1430 195 37 anledning
499 1430 59 32 till
580 1431 235 37 invändning.

322 1482 182 32 Utskottet
529 1483 216 36 hemställer,

723 1580 54 29 att
807 1579 193 37 riksdagen
1027 1581 57 30 må
1116 1580 128 31 bifalla
1274 1581 135 37 Kungl.
1439 1582 130 37 Maj:ts
1600 1583 184 37 ifrågava-

682 1630 110 31 rande
817 1631 281 37 framställning.

984 1794 86 31 36:0.

318 1885 19 31 I
357 1894 43 22 en
420 1886 57 31 till
498 1887 192 36 riksdagen
712 1887 154 37 avlåten,
889 1889 67 31 den
976 1889 38 30 11
1034 1899 96 22 mars
1152 1890 76 30 1932
1252 1890 225 37 dagtecknad
1497 1891 221 37 proposition
1738 1901 47 22 nr

277 1936 69 37 233,
363 1937 123 32 vilken
502 1938 229 33 beträffande
750 1940 441 37 försvarsdepartementet
1209 1942 200 32 innefattar
1427 1943 137 37 förslag
1581 1943 13 31 i
1613 1944 72 31 fem
1701 1944 81 31 med

276 1997 163 24 nummer
459 1990 78 31 1—35
559 1991 215 32 betecknade
792 1992 163 36 punkter,
975 1993 66 31 har
1062 1994 133 36 Kungl.
1216 1993 120 38 Maj:t,
1356 1995 113 31 under
1491 1995 224 37 åberopande
1735 2005 48 22 av

277 2041 268 36 propositionen
576 2042 114 37 bilagt
721 2044 132 36 utdrag
885 2054 45 21 av
962 2045 390 36 statsrådsprotokollet
1384 2049 84 29 över
1501 2047 281 32 finansärenden

277 2091 59 32 för
357 2103 136 22 samma
516 2095 80 36 dag,
620 2095 12 30 i
654 2095 161 36 punkten
835 2096 19 30 1
877 2096 188 37 föreslagit
1087 2097 193 37 riksdagen
1302 2098 177 37 medgiva,
1503 2100 55 31 att
1580 2099 118 32 nedan
1720 2109 62 21 an-

280 2144 112 37 givna
414 2145 145 33 förmän
581 2147 65 31 och
669 2147 165 32 arbetare
858 2148 62 31 vid
943 2148 196 38 fästnings-
1162 2150 65 31 och
1249 2149 495 39 kasernbyggnadsarbetena
1767 2152 13 31 i

278 2196 123 32 Boden
425 2199 60 29 må
513 2198 85 31 från
626 2198 64 32 och
717 2200 81 31 med
824 2200 177 32 månaden
1029 2203 82 30 näst
1139 2201 90 31 efter
1259 2202 78 37 den,
1364 2203 183 31 varunder
1575 2202 91 32 efter
1694 2213 87 27 upp-

276 2248 99 32 nådd
393 2249 250 32 levnadsålder
664 2261 45 21 av
731 2251 38 31 60
791 2253 41 29 år
853 2253 142 35 avgång
1018 2252 84 32 från
1122 2253 267 37 anställningen
1411 2254 62 32 vid
1492 2255 158 32 nämnda
1671 2255 111 36 bygg-

276 2300 239 32 nadsarbeten
539 2304 86 34 äger
648 2309 90 30 rum,
762 2303 113 32 under
900 2304 55 31 sin
980 2305 225 31 återstående
1230 2304 126 33 livstid
1381 2307 21 30 å
1427 2305 184 33 allmänna
1637 2306 146 36 indrag-

276 2350 226 37 ningsstaten
524 2353 163 37 uppbära
709 2354 118 37 årliga
850 2355 187 36 pensioner
1058 2357 81 31 med
1162 2356 160 37 följande
1345 2357 135 37 belopp,
1500 2357 197 37 nämligen:
1723 2368 59 22 en-

275 2413 67 22 var
365 2414 46 22 av
434 2404 214 33 förmännen
669 2406 90 32 Lars
782 2407 121 31 Petter
926 2407 145 32 Nilsson
1093 2408 64 31 och
1181 2408 114 31 Oskar
1320 2409 153 32 Fredrik
1494 2409 204 33 Rönnkvist
1721 2410 60 31 924

275 2455 141 37 kronor,
445 2457 212 31 förmannen
684 2458 90 31 Erik
799 2458 120 32 Johan
945 2459 132 32 Ersson
1105 2460 57 30 840
1189 2460 140 37 kronor,
1358 2471 110 21 envar
1493 2471 47 21 av
1568 2461 214 32 förmännen
