1888 2846
126 319 63 30 Ang.

77 353 166 32 tilläggspen-

65 388 58 23 sion
141 389 27 23 åt
187 389 18 30 f.
225 390 26 24 d.

71 423 177 25 läroverksad-

47 457 113 31 junkten
178 459 30 23 A.
227 460 31 23 RB.

97 493 124 30 Tingvall.

29 2388 103 24 Motion
151 2391 24 23 I:
185 2392 42 24 95.

326 155 39 29 36
701 159 320 33 Bankoutskottets
1040 161 187 32 utlåtande
1247 163 52 31 Nr
1323 164 51 29 30.

992 238 83 31 69:0.

320 318 19 31 I
372 319 160 36 punkten
565 321 18 29 2
616 330 45 22 av
698 321 238 33 förevarande
957 324 224 36 proposition
1204 325 67 31 har
1296 325 134 37 Kungl.
1456 326 111 37 Maj:t
1593 323 188 42 föreslagit

280 369 193 38 riksdagen
496 372 178 37 medgiva,
700 373 55 31 att
780 374 24 30 f.
830 374 31 31 d.
884 374 201 37 adjunkten
1110 376 61 32 vid
1195 376 112 37 högre
1331 377 183 33 allmänna
1537 378 207 34 läroverket
1768 381 12 30 i

279 420 112 33 Borås
414 421 93 33 Axel
529 423 149 37 Ragnar
702 424 169 38 Tingvall
893 427 69 36 må,
987 427 131 31 räknat
1142 427 86 32 från
1252 428 66 32 och
1341 429 81 32 med
1446 430 67 31 den
1538 431 19 30 1
1580 431 199 37 september

278 472 87 37 1931,
387 474 112 31 under
518 475 57 30 sin
594 476 227 32 återstående
840 476 128 34 livstid
987 478 163 37 uppbära
1169 498 41 4 —
1230 481 126 31 utöver
1376 481 129 31 honom
1526 482 253 37 författnings-

277 524 113 37 enligt
406 525 270 33 tillkommande
692 528 150 36 pension
859 547 20 4 —
902 535 51 25 en
970 529 300 38 tilläggspension
1287 532 22 31 å
1325 532 183 32 allmänna
1525 533 254 38 indragnings-

277 577 118 30 staten
415 576 56 32 till
489 577 126 38 belopp
635 589 46 20 av
700 579 89 36 1,330
807 580 131 32 kronor
958 580 56 32 för
1032 582 51 36 år,
1101 582 81 32 med
1200 584 74 30 rätt
1293 584 55 31 att
1379 584 8 31 å
1403 585 274 37 sammanlagda
1695 595 83 28 pen-

276 627 286 33 sionsförmånen
591 630 148 36 åtnjuta
768 631 210 37 förhöjning
1009 632 113 37 enligt
1151 634 316 33 bestämmelserna
1494 636 13 31 i
1538 636 240 37 kungörelsen

276 679 68 31 den
365 680 37 30 18
424 679 80 37 juni
527 681 78 31 1925
630 680 57 36 (nr
709 682 85 35 280).

314 782 57 30 Av
398 784 239 36 utredningen
664 785 12 30 i
703 786 147 32 ärendet
877 786 174 37 framgår,
1077 789 53 30 att
1157 788 178 38 Tingvall,
1362 800 75 21 som
1463 793 41 29 är
1531 791 84 32 född
1642 793 68 31 den
1736 793 40 30 11

273 832 146 37 januari
442 834 87 37 1866,
550 836 113 31 under
686 836 100 32 tiden
809 837 84 31 från
915 839 66 31 och
1003 839 79 31 med
1106 840 66 31 den
1195 840 39 31 19
1257 840 146 37 januari
1423 842 78 31 1893
1524 843 58 31 till
1605 844 66 31 och
1694 845 81 31 med

272 885 69 31 den
360 885 38 32 30
418 886 95 36 april
534 887 78 31 1897
633 888 168 32 innehaft
822 889 276 33 icke-ordinarie
1119 892 196 37 prästerlig
1336 894 233 37 anställning,
1591 891 184 46 nämligen

271 937 117 31 såsom
409 937 76 32 vice
503 938 259 38 komminister,
784 940 78 32 vice
880 942 123 35 pastor
1024 943 65 30 och
1108 943 313 38 pastorsadjunkt;
1445 947 54 30 att
1520 946 73 31 han
1614 947 160 32 därefter

270 988 98 31 varit
391 989 180 31 ordinarie
595 990 249 33 komminister
870 993 84 31 från
979 994 66 30 och
1070 995 80 31 med
1177 995 67 31 den
1271 996 18 30 1
1315 996 72 37 maj
1415 997 78 32 1897
1520 997 57 31 till
1604 999 64 31 och
1693 1000 80 30 med

272 1040 66 30 den
365 1040 38 31 31
429 1041 146 35 augusti
602 1042 92 36 1913;
723 1044 55 30 att
802 1044 73 30 han
900 1044 127 32 vidare
1053 1045 214 38 tjänstgjort
1294 1057 75 22 som
1396 1048 78 31 vice
1500 1049 273 37 kyrkoadjunkt

270 1091 85 31 eller
381 1092 75 31 vice
480 1092 249 33 komminister
755 1095 85 31 från
862 1096 65 31 och
951 1097 81 31 med
1057 1097 67 31 den
1147 1098 18 30 8
1190 1097 148 37 januari
1362 1099 58 32 till
1444 1100 65 31 och
1534 1101 81 31 med
1640 1102 68 31 den
1732 1102 39 31 18

269 1142 163 32 februari
450 1144 77 30 1915
545 1146 94 30 samt
657 1145 85 32 från
759 1147 65 30 och
841 1147 80 32 med
941 1148 69 31 den
1027 1148 39 31 17
1084 1149 95 36 april
1197 1149 59 31 till
1274 1151 65 31 och
1356 1151 81 31 med
1456 1151 68 32 den
1542 1151 39 31 31
1599 1153 75 36 maj
1692 1153 80 31 1916

267 1196 168 29 ävensom
454 1195 83 31 från
554 1197 66 30 och
637 1197 81 32 med
736 1198 68 31 den
822 1198 38 30 21
878 1199 148 36 augusti
1044 1200 58 31 till
1120 1201 66 31 och
1202 1202 82 31 med
1303 1201 68 31 den
1388 1202 38 31 31
1444 1202 146 32 oktober
1608 1204 92 36 1920;
1715 1206 55 30 att

267 1245 73 32 han
368 1246 211 38 tjänstgjort
607 1248 118 32 såsom
763 1250 162 35 partiellt
963 1251 254 33 vikarierande
1257 1253 152 36 adjunkt
1447 1255 63 31 vid
1548 1254 223 34 Stockholms

267 1305 108 24 norra
393 1297 261 34 latinläroverk
675 1301 83 31 från
776 1301 65 32 och
859 1303 80 31 med
957 1304 69 31 den
1045 1304 18 30 1
1082 1314 96 21 mars
1197 1304 58 32 till
1274 1305 65 31 och
1357 1305 81 32 med
1453 1307 70 31 den
1542 1307 20 30 7
1581 1307 80 36 juni
1681 1308 89 36 1909,

265 1349 117 31 såsom
412 1349 254 35 vikarierande
694 1352 156 37 adjunkt
878 1353 64 32 vid
969 1364 140 23 samma
1136 1356 169 31 läroverk
1336 1357 83 32 från
1448 1358 65 31 och
1542 1359 80 31 med
1649 1360 71 31 den
1751 1361 18 30 1

264 1400 191 32 november
479 1402 78 31 1910
581 1402 58 31 till
664 1403 66 31 och
755 1405 80 31 med
856 1405 72 31 den
951 1405 19 31 8
995 1405 80 36 juni
1100 1407 78 31 1911
1202 1409 96 30 samt
1321 1409 116 31 såsom
1461 1405 225 37 extralärare
1709 1411 62 31 vid

264 1450 220 39 Linköpings
511 1453 108 37 högre
644 1454 184 33 allmänna
854 1456 168 32 läroverk
1047 1458 142 31 läsåren
1213 1457 172 37 1911/1912
1410 1461 65 31 och
1500 1461 186 38 1912/1913;
1714 1464 55 30 att

264 1502 73 32 han
359 1502 165 35 innehaft
547 1505 182 32 ordinarie
752 1506 205 39 befattning
981 1510 116 31 såsom
1120 1509 155 37 adjunkt
1294 1511 64 32 vid
1379 1512 109 37 högre
1511 1512 185 33 allmänna
1719 1515 49 30 lä-

264 1554 165 33 roverket
474 1556 12 31 i
530 1556 113 33 Borås
668 1557 85 33 från
776 1559 66 31 och
867 1560 81 31 med
974 1560 260 33 höstterminen
1258 1562 78 32 1913
1361 1563 57 32 till
1441 1564 67 31 och
1531 1566 81 32 med
1634 1566 71 32 den
1728 1567 40 30 14

262 1607 146 34 augusti
451 1607 88 38 1931,
578 1609 81 32 med
703 1609 123 32 vilken
857 1609 207 39 befattning
1096 1613 97 32 varit
1219 1614 149 33 förenad
1389 1612 377 46 undervisningsskyl-

262 1657 124 38 dighet
403 1659 291 39 huvudsakligen
713 1661 13 31 i
743 1661 236 38 kristendom;
999 1665 54 30 att
1071 1665 72 31 han
1162 1673 129 28 genom
1308 1666 117 32 beslut
1444 1678 46 21 av
1509 1668 261 33 statskontoret

261 1709 70 33 den
347 1710 38 32 30
402 1711 69 37 juli
488 1712 78 42 1931
585 1712 199 34 förklarats
800 1714 206 37 berättigad
1022 1717 55 31 att
1096 1717 84 31 från
1198 1717 65 32 och
1281 1719 80 31 med
1377 1719 180 33 månaden
1573 1723 83 31 näst
1675 1721 93 32 efter

263 1762 77 37 den,
363 1762 45 32 då
431 1765 143 35 avgång
598 1764 85 32 från
706 1765 159 36 tjänsten
885 1766 140 32 komme
1048 1769 53 31 att
1124 1770 70 35 äga
1216 1779 90 27 rum,
1330 1770 145 37 åtnjuta
1497 1781 44 21 en
1565 1771 94 38 årlig
1683 1782 82 27 pen-

261 1812 79 32 sion
366 1825 47 21 av
439 1815 89 36 2,550
552 1815 142 38 kronor,
721 1817 252 33 motsvarande
1000 1817 64 37 ?!/ss
1088 1829 47 22 av
1162 1820 58 32 det
1249 1821 57 30 för
1332 1821 129 32 honom
1488 1823 167 36 gällande
1682 1834 82 27 pen-

261 1864 318 40 sionsunderlaget,
604 1867 90 37 4,000
720 1868 145 37 kronor;
894 1871 56 30 att
977 1870 128 32 därvid
1133 1871 301 37 tillgodoräknats
1459 1874 129 32 honom
1616 1876 68 31 den
1711 1876 53 32 tid

259 1926 48 22 av
327 1917 39 31 21
388 1919 51 36 år,
460 1918 113 32 under
594 1919 125 31 vilken
740 1920 73 31 han
833 1921 216 37 tjänstgjort
1071 1922 61 32 vid
1151 1924 188 32 allmänna
1358 1925 176 38 läroverk,
1557 1927 87 32 eller
1667 1927 98 32 tiden

261 1968 85 31 från
371 1969 65 32 och
461 1970 81 32 med
568 1970 69 32 den
663 1971 19 30 1
709 1981 97 22 mars
832 1972 58 32 till
916 1973 66 32 och
1007 1974 81 32 med
1116 1975 67 31 den
1210 1976 19 30 7
1257 1975 80 36 juni
1364 1976 78 31 1909
1469 1979 92 30 samt
1587 1979 82 31 från
1697 1979 65 31 och

258 2019 80 32 med
380 2019 68 33 den
494 2022 19 31 1
554 2022 193 32 november
789 2023 79 32 1910
891 2024 57 32 till
971 2026 191 36 avgången
1184 2037 45 22 ur
1253 2027 122 38 tjänst,
1400 2027 82 33 däri
1505 2029 138 32 således
1667 2029 95 33 inbe-

259 2071 159 33 räknade
443 2074 104 32 såväl
574 2074 109 31 ferier
710 2084 76 22 som
813 2076 229 33 lästerminer
1068 2078 113 31 under
1208 2079 99 32 vissa
1334 2081 50 35 år,
1410 2081 49 31 då
1486 2081 170 36 Tingvall
1682 2083 79 31 med

260 2122 271 38 tjänstledighet
561 2126 115 31 under
706 2125 278 35 lästerminerna
1017 2128 83 32 från
1132 2129 56 31 sin
1219 2129 455 41 komministerbefattning
1704 2133 55 32 be-

257 2174 101 32 stritt
379 2174 244 39 tjänstgöring
644 2177 64 33 vid
728 2178 184 33 allmänna
932 2180 177 32 läroverk.

297 2224 237 35 Beträffande
559 2229 242 36 utredningen
824 2230 12 31 i
860 2230 122 37 övrigt
1006 2231 135 32 tillåter
1165 2233 56 35 sig
1246 2233 173 33 utskottet
1444 2236 53 31 att
1522 2236 153 32 hänvisa
1701 2236 57 32 till

256 2278 275 35 propositionen.

296 2388 19 31 I
331 2390 173 32 samband
523 2391 149 33 härmed
690 2393 67 31 har
777 2393 173 32 utskottet
969 2395 59 31 till
1046 2395 219 37 behandling
1284 2396 159 34 förehaft
1462 2407 44 22 en
1525 2398 96 32 inom
1643 2399 114 33 första

255 2440 208 32 kammaren
489 2442 104 32 väckt
618 2443 136 32 motion
779 2454 42 21 nr
845 2444 47 37 95,
919 2445 80 31 vari
1024 2446 83 31 herr
1132 2446 198 37 Björnsson
1355 2448 192 37 hemställt,
1576 2452 72 30 »att
1673 2451 25 31 f.
1724 2452 31 31 d.
