1862 2782
229 180 19 29 6
633 182 386 31 Jordbruksutskottets
1042 184 177 30 utlåtande
1241 195 43 19 nr
1303 186 29 29 3.

280 266 14 29 I
323 266 58 30 sitt
409 266 180 31 utlåtande
618 268 79 29 över
725 268 261 39 propositionen
1019 269 175 30 1953:195
1224 271 154 29 uttalade
1405 271 330 39 jordbruksutskot-

234 316 49 28 tet
303 315 103 30 bland
426 317 118 33 annat,
566 317 49 28 att
635 316 41 29 de
697 316 170 39 åtgärder,
889 326 74 21 som
984 318 117 29 kunde
1122 318 143 30 komma
1283 319 11 28 i
1316 319 97 39 fråga
1433 319 11 29 i
1465 320 169 30 samband
1654 321 79 30 med

234 365 245 40 avvecklingen
502 375 43 20 av
566 366 129 29 driften
718 366 57 30 vid
797 367 437 40 hampberedningsverket
1256 369 11 28 i
1289 369 173 35 Värmbol,
1485 370 105 29 borde
1612 370 47 30 bli
1683 371 52 29 så-

234 415 102 35 dana,
358 417 48 28 att
427 416 41 29 de
489 416 164 40 medgåve
674 426 42 20 en
738 417 131 39 verklig
889 417 98 40 hjälp
1010 418 53 30 för
1084 418 87 35 dem,
1195 427 75 21 som
1291 427 120 31 genom
1434 420 301 40 driftsnedläggel-

236 474 61 21 sen
324 466 99 29 miste
450 466 78 30 sina
555 467 253 39 anställningar
835 467 80 30 eller
941 468 44 39 på
1013 470 107 27 annat
1146 470 68 29 sätt
1242 469 93 39 finge
1362 469 76 30 sina
1465 470 270 30 levnadsvillkor

235 525 97 21 mera
361 518 157 28 avsevärt
548 517 226 30 försämrade.
807 518 171 39 Styrelsen
1012 518 213 35 framhåller,
1258 521 50 27 att
1337 519 40 30 de
1408 520 220 39 svårigheter,
1660 530 76 20 som

236 566 389 40 driftsnedläggelserna
645 567 137 31 medför
803 567 53 30 för
876 569 216 38 personalen,
1114 569 143 39 givetvis
1276 569 153 30 varierar
1451 570 61 30 allt
1533 570 86 30 efter
1640 571 96 30 ålder

236 618 65 28 och
320 617 283 39 arbetsförmåga.
624 618 192 39 Styrelsens
835 618 262 40 undersökning
1114 620 63 29 har
1197 619 83 39 givit
1299 619 56 30 vid
1374 620 150 35 handen,
1545 622 49 28 att
1614 622 122 29 endast

235 675 44 21 en
302 667 133 30 mindre
458 667 55 30 del
537 677 41 20 av
600 668 207 39 personalen
831 669 37 29 är
890 668 11 29 i
925 668 109 30 sådan
1058 668 103 35 ålder,
1186 670 51 28 att
1260 669 183 30 interlokal
1468 670 269 30 arbetsförmed-

233 718 74 40 ling
328 720 36 28 är
385 718 132 40 möjlig.
540 719 50 30 Av
611 720 55 29 det
687 719 58 30 vid
767 719 181 31 årsskiftet
971 720 148 34 1952/53
1142 722 262 39 sammanlagda
1426 723 131 29 antalet
1578 722 157 30 arbetare

236 768 60 31 vid
313 770 40 29 de
369 769 89 30 båda
475 769 131 30 verkan
629 768 97 34 (145)
749 779 60 21 var
827 770 146 30 sålunda
990 772 122 29 endast
1130 771 40 29 39
1188 772 112 29 under
1317 771 39 30 40
1375 772 46 29 år.
1443 772 38 29 16
1501 782 42 20 av
1559 773 100 29 dessa
1676 782 62 20 var

234 817 98 37 gifta.
349 818 128 29 Endast
492 818 18 29 2
527 828 41 20 av
585 818 182 30 arbetarna
782 819 107 29 under
905 818 39 30 40
962 819 38 29 år
1017 820 52 29 led
1086 829 41 20 av
1143 820 139 29 svårare
1299 820 163 30 defekter.
1481 821 256 37 Omplacering-

233 878 46 20 en
296 879 42 20 av
354 871 39 29 de
408 878 108 31 yngre
534 870 184 30 arbetarna
735 870 174 31 försvåras
926 871 120 30 därför
1062 872 74 29 icke
1153 882 42 20 av
1212 872 250 30 arbetshinder.
1480 873 59 29 Ett
1555 873 85 30 visst
1657 874 80 29 eko-

237 919 155 30 nomiskt
409 920 153 29 avbräck
578 921 95 29 torde
691 921 90 29 dock
799 922 84 28 även
901 922 101 29 dessa
1018 930 106 31 yngre
1142 922 157 30 arbetare
1316 922 152 40 tillfogas
1486 923 10 29 i
1515 924 64 29 den
1598 923 81 31 mån
1697 924 41 29 de

237 968 125 30 endast
379 969 67 30 kan
464 969 37 30 få
519 970 244 38 säsongarbete
781 969 80 29 eller
878 970 110 29 måste
1005 971 78 38 taga
1101 970 115 29 arbete
1233 971 44 39 på
1292 980 116 21 annan
1426 973 62 27 ort.
1507 972 65 29 Det
1589 972 149 33 bistånd,

238 1027 77 21 som
333 1019 103 39 enligt
454 1019 205 39 riksdagens
679 1020 180 29 uttalande
876 1020 106 29 borde
1000 1021 133 29 lämnas
1152 1021 206 38 personalen
1376 1021 56 29 vid
1451 1022 287 34 värmbolverket,

238 1068 62 31 bör
319 1069 104 39 enligt
441 1070 188 39 styrelsens
648 1070 142 39 mening
809 1071 83 29 även
910 1070 208 39 personalen
1136 1070 57 29 vid
1212 1070 380 40 linberedningsverket
1611 1071 10 29 i
1641 1072 98 29 Gimo

240 1119 142 30 komma
399 1120 10 28 i
425 1119 208 40 åtnjutande
652 1129 50 25 av,
722 1121 84 28 enär
824 1120 112 29 denna
953 1121 161 38 personal
1133 1120 113 31 ställts
1264 1121 92 29 inför
1376 1130 134 21 samma
1529 1122 212 39 svårigheter

241 1177 76 21 som
335 1170 40 29 de
393 1169 173 30 anställda
584 1169 54 30 vid
656 1169 288 30 värmbolverket.
963 1170 66 29 Vid
1049 1172 46 27 ett
1113 1170 335 40 ställningstagande
1467 1171 53 29 till
1539 1171 124 39 frågan
1682 1180 57 21 om

239 1221 42 29 de
299 1221 137 35 former,
455 1222 113 30 under
582 1222 94 30 vilka
691 1222 146 39 hjälpen
853 1222 50 30 till
919 1223 207 39 personalen
1143 1223 62 30 bör
1222 1224 145 33 lämnas,
1386 1232 58 31 ger
1460 1224 58 29 det
1534 1224 112 29 beslut
1664 1233 75 21 som

239 1270 39 31 år
298 1271 81 30 1946
397 1272 171 30 träffades
585 1273 12 29 i
614 1272 170 30 samband
801 1274 77 29 med
896 1273 243 39 nedläggelsen
1155 1282 42 20 av
1215 1273 154 30 Svenska
1386 1273 353 40 skifferoljeaktiebo-

241 1322 109 39 lagets
367 1322 251 39 anläggningar
635 1322 10 29 i
663 1322 237 30 Kinne-Kleva
917 1332 43 20 en
978 1323 70 29 viss
1066 1323 217 40 vägledning.
1302 1323 64 30 Det
1384 1324 165 38 generellt
1566 1324 175 30 verkande

242 1370 401 40 gratifikationssystem,
669 1380 75 21 som
768 1371 45 30 då
835 1371 230 40 tillämpades,
1088 1371 61 31 bör
1173 1372 107 38 enligt
1305 1372 186 39 styrelsens
1516 1372 226 39 uppfattning

242 1421 87 29 även
349 1421 139 30 komma
511 1421 51 29 till
584 1421 225 40 användning
827 1421 57 30 vid
907 1421 258 30 fastställandet
1187 1431 42 20 av
1251 1422 233 39 ersättningar
1506 1422 52 30 till
1579 1431 164 30 persona-

241 1472 56 30 len
320 1473 56 30 vid
399 1473 172 29 värmbol-
595 1473 63 29 och
683 1472 233 39 gimoverken,
941 1474 84 29 enär
1049 1483 41 20 en
1114 1473 279 40 differentiering
1417 1483 43 21 av
1484 1474 257 40 ersättningens

241 1522 140 33 storlek,
401 1531 72 20 som
492 1523 77 38 toge
587 1522 136 39 hänsyn
742 1521 51 29 till
812 1522 41 29 de
871 1522 228 29 ekonomiska
1118 1522 213 29 förlusterna
1349 1522 11 29 i
1377 1522 161 30 enskilda
1557 1523 70 33 fall,
1648 1523 94 29 skul-

242 1572 30 29 le
297 1573 89 28 stöta
408 1572 44 40 på
476 1573 95 28 stora
593 1572 184 39 praktiska
802 1571 220 40 svårigheter.
1046 1572 159 29 Nämnda
1230 1572 392 40 gratifikationssystem
1646 1572 96 30 inne-

242 1622 63 30 bar
323 1622 103 30 bland
445 1623 119 33 annat,
584 1624 49 28 att
652 1622 97 39 varje
769 1622 164 36 arbetare,
954 1631 76 20 som
1047 1622 57 29 vid
1123 1622 349 39 driftsnedläggelsen
1491 1623 172 29 innehade
1683 1632 60 20 an-

240 1672 165 41 ställning
426 1672 58 30 vid
508 1673 42 30 de
573 1672 153 31 nämnda
739 1672 306 40 anläggningarna,
1059 1672 107 30 erhöll
1178 1681 43 20 en
1234 1672 239 39 gratifikation
1485 1682 41 20 av
1540 1673 60 30 100
1613 1673 129 29 kronor

242 1722 55 30 för
316 1723 94 39 varje
429 1723 282 39 anställningsår,
730 1723 178 29 beräknad
927 1723 37 30 så
984 1724 51 28 att
1053 1722 40 31 50
1112 1723 130 29 kronor
1262 1723 214 30 utbetalades
1496 1723 54 30 för
1568 1723 96 39 varje
1683 1723 60 39 på-

241 1772 117 40 börjat
383 1773 121 30 halvår
531 1783 42 21 av
599 1773 337 39 anställningstiden.
964 1773 68 31 För
1057 1773 92 30 vissa
1176 1773 96 29 äldre
1299 1773 155 30 arbetare
1482 1774 64 29 och
1573 1773 170 30 invalider

242 1823 113 30 skulle
384 1823 105 39 enligt
519 1824 361 29 överenskommelsen
910 1823 128 30 mellan
1069 1823 208 29 statsverket
1308 1823 62 29 och
1401 1823 341 39 personalorganisa-

242 1873 118 30 tionen
380 1874 151 29 särskild
552 1874 226 39 förhandling
798 1875 168 38 upptagas
987 1873 55 30 för
1063 1875 49 28 att
1132 1873 78 30 från
1233 1873 62 30 fall
1315 1873 51 29 till
1387 1873 61 29 fall
1468 1874 117 38 pröva,
1608 1882 54 20 om
1685 1873 57 29 det

240 1924 119 29 kunde
380 1933 99 20 anses
501 1924 185 39 berättigat
709 1926 51 27 att
782 1924 119 29 utöver
922 1924 41 29 de
985 1924 152 29 nämnda
1159 1923 280 39 ersättningarna
1462 1923 153 29 utbetala
1637 1924 105 38 ytter-

242 1974 106 39 ligare
367 1974 133 40 belopp.
519 1974 51 30 De
591 1974 167 34 arbetare,
778 1974 93 29 vilka
889 1973 144 40 uppfört
1053 1973 80 30 eller
1152 1973 125 40 inköpt
1297 1981 86 31 egna
1402 1973 80 29 hem
1503 1973 44 39 på
1568 1973 111 39 grund
1700 1982 42 20 av

240 2024 54 30 sin
326 2024 212 39 anställning
551 2024 57 30 vid
623 2024 317 39 skifferoljeverket
954 2024 65 29 och
1033 2032 74 21 som
1120 2024 76 29 blev
1207 2023 201 30 nödsakade
1420 2024 51 28 att
1483 2023 146 40 försälja
1641 2023 100 30 dessa

240 2074 11 29 i
275 2074 185 41 anledning
483 2084 43 20 av
548 2075 135 30 verkets
706 2074 237 39 nedläggande
967 2074 64 29 och
1054 2074 43 39 på
1120 2074 112 38 grund
1256 2074 106 29 därav
1384 2073 207 30 åsamkades
1615 2074 127 29 ekono-

240 2125 94 29 misk
357 2125 135 35 förlust,
518 2125 112 30 skulle
655 2133 124 31 genom
802 2125 151 38 bolagets
978 2124 134 39 försorg
1135 2124 112 29 hållas
1273 2123 199 30 skadeslösa
1497 2124 111 29 under
1633 2124 108 30 förut-

240 2175 155 40 sättning
418 2177 50 27 att
491 2175 257 40 försäljningen
773 2175 127 29 skedde
924 2175 11 28 i
959 2174 139 30 samråd
1122 2174 78 29 med
1225 2174 316 39 bolagsledningen.

285 2226 65 31 Vid
383 2226 259 31 fastställandet
676 2236 42 20 av
752 2225 280 40 gratifikationer
1065 2226 50 29 till
1137 2226 172 29 värmbol-
1331 2226 63 29 och
1417 2225 241 40 gimoverkens
1681 2235 60 21 an-

238 2275 127 31 ställda
385 2276 61 30 bör
467 2275 108 40 enligt
597 2275 188 39 styrelsens
807 2275 140 40 mening
967 2275 139 38 hänsyn
1127 2275 98 39 tagas
1247 2274 53 30 till
1321 2275 41 29 de
1383 2273 257 40 förändringar,
1663 2283 76 20 som

238 2325 93 30 skett
354 2326 45 39 på
421 2326 337 30 arbetsmarknaden
783 2326 110 30 under
917 2334 122 21 senare
1063 2324 49 30 tid
1136 2325 65 29 och
1225 2333 86 26 som,
1334 2324 147 40 jämfört
1506 2326 78 29 med
1609 2324 131 30 förhål-

238 2376 150 31 landena
412 2376 37 31 år
477 2376 94 35 1946,
596 2377 71 30 helt
693 2377 182 30 förändrat
899 2375 342 39 förutsättningarna
1267 2375 54 30 för
1346 2375 235 40 omplacering
1606 2384 41 21 av
1672 2375 67 29 den

239 2426 173 32 friställda
440 2428 269 29 arbetskraften.
738 2427 95 30 Även
860 2427 66 30 den
954 2425 212 40 försämring
1194 2435 43 20 av
1263 2425 286 40 penningvärdet,
1579 2434 74 21 som
1682 2425 56 38 ägt

238 2487 81 20 rum
338 2479 104 29 sedan
462 2478 39 31 år
523 2478 93 34 1946,
636 2479 62 29 bör
717 2478 155 30 beaktas.
893 2477 176 39 Styrelsen
1088 2475 147 31 föreslår
1256 2475 127 35 därför,
1405 2477 50 29 att
1475 2476 52 30 till
1547 2476 96 38 varje
1663 2483 77 31 per-
