1866 2786
426 160 298 35 Statsutskottets
742 157 185 35 utlåtande
947 168 42 21 nr
1009 158 43 31 78
1073 156 38 32 år
1131 157 89 30 1956
1529 153 42 30 57

127 243 42 34 Vi
187 254 100 21 anser
303 247 55 28 att
375 241 115 33 denna
505 238 233 42 målsättning
751 258 46 4 —
812 235 251 44 stipendiering
1079 247 44 21 av
1140 246 41 21 en
1198 232 171 42 fjärdedel
1386 243 45 21 av
1448 231 42 33 de
1505 242 64 30 ny-

82 287 181 34 inskrivna
286 286 230 33 studenterna
537 305 46 4 —
606 296 74 21 som
703 282 147 42 tidigare
873 280 193 41 fastslagits
1090 291 45 20 av
1158 278 97 33 såväl
1279 274 291 36 student-sociala

83 331 232 42 utredningen
338 342 75 21 som
434 329 279 33 statsmakterna
733 327 65 33 och
821 338 75 21 som
917 324 203 43 ytterligare
1143 320 260 35 understrukits
1426 332 45 21 av
1491 331 79 30 pro-

83 377 109 33 fessor
212 375 168 41 Quensels
402 386 92 21 ovan
515 372 193 34 refererade
729 370 244 42 beräkningar,
993 381 48 21 nu
1064 368 62 33 bör
1147 366 238 41 förverkligas.
1407 365 80 33 Den
1508 364 64 33 bör

84 421 106 33 också
211 421 119 41 läggas
353 419 52 33 till
428 418 112 42 grund
565 417 53 33 för
641 414 376 44 anslagsberäkningen
1042 413 53 32 för
1117 409 322 44 naturastipendier
1461 408 111 34 under

85 466 211 42 budgetåret
315 463 168 44 1956/57.

130 511 55 33 En
209 508 194 43 beräkning
426 507 53 34 för
503 506 210 42 budgetåret
739 504 155 43 1956/57
918 503 81 34 med
1024 503 114 33 denna
1163 499 231 42 målsättning
1418 511 75 21 som
1516 503 55 28 ut-

85 554 226 43 gångspunkt
331 565 59 30 ger
410 552 59 34 vid
490 551 140 34 handen
652 555 55 28 att
727 547 267 43 sammanlagda
1014 547 135 33 antalet
1169 543 321 43 naturastipendier
1510 543 62 33 bör

86 600 119 42 uppgå
224 599 52 33 till
297 602 19 29 2
331 601 65 31 769
417 597 65 33 och
503 595 293 43 anslagsbehovet
816 593 52 33 till
889 596 19 30 6
922 596 67 30 479
1004 595 66 30 000
1090 591 138 33 kronor.

132 671 17 33 I
167 670 181 33 motionen
365 669 51 33 II:
430 670 66 31 106
514 668 63 33 har
595 666 134 34 anförts
748 665 107 34 bland
874 669 110 29 annat
1002 662 167 43 följande.

132 724 138 33 Kravet
289 735 58 21 om
366 720 220 35 förbättrade
606 719 228 34 ekonomiska
854 718 124 33 villkor
997 717 64 33 har
1080 715 87 33 förts
1187 714 90 34 fram
1297 714 92 42 gång
1407 712 89 34 efter
1514 723 60 21 an-

86 781 82 21 nan.
184 768 73 33 Det
271 768 65 33 har
350 766 108 35 bland
473 770 111 29 annat
598 765 66 33 lett
679 764 52 33 till
748 768 55 29 att
818 760 321 44 naturastipendier
1153 759 124 33 införts
1293 758 53 33 för
1362 756 212 35 studerande

88 812 60 34 vid
167 811 208 35 universitet
393 811 65 33 och
477 809 198 43 högskolor,
693 808 65 34 och
777 807 60 34 vid
858 810 86 30 1954
965 807 54 32 års
1038 805 142 41 riksdag
1197 803 154 42 företogs
1369 814 43 21 en
1431 801 70 34 viss
1519 805 55 29 ut-

88 856 165 44 byggnad
272 868 46 22 av
336 854 356 44 stipendieväsendet.

134 903 105 32 Trots
257 901 100 33 detta
376 903 38 31 är
431 900 60 33 det
507 897 207 35 nuvarande
731 897 94 42 läget
843 896 103 42 högst
964 892 358 40 otillfredsställande,
1340 891 110 34 vilket
1468 890 108 34 bland

90 951 110 29 annat
217 945 91 42 tagit
327 944 51 43 sig
395 944 146 42 uttryck
558 943 11 33 i
588 948 55 28 att
661 942 42 33 de
722 939 371 36 socialdemokratiska
1112 938 231 34 studenterna
1360 936 112 33 under
1488 935 88 33 före-

89 991 133 43 gående
242 991 38 33 år
298 989 59 34 vid
377 1001 42 21 en
439 987 250 43 uppvaktning
707 986 98 33 ställt
822 986 126 33 kravet
967 996 58 22 om
1044 982 202 34 införandet
1265 994 45 21 av
1329 993 42 21 en
1391 979 186 39 studielön,

91 1048 74 21 som
187 1035 181 33 verksamt
390 1033 109 33 skulle
521 1032 145 41 bidraga
687 1031 52 33 till
761 1035 56 28 att
838 1029 37 34 få
895 1029 70 33 slut
985 1029 48 42 på
1054 1028 60 33 det
1135 1025 346 42 överklassmonopol
1503 1036 74 21 som

91 1080 67 33 den
176 1080 105 41 högre
300 1077 245 42 utbildningen
564 1077 10 32 i
592 1076 69 42 dag
678 1075 10 33 i
707 1075 62 33 allt
787 1073 191 43 väsentligt
996 1076 94 30 ännu
1110 1075 48 30 är.

136 1127 43 34 Vi
199 1124 247 43 understödjer
463 1124 127 33 kravet
610 1134 58 21 om
688 1120 186 40 studielön,
893 1119 111 33 vilket
1023 1118 36 33 vi
1078 1117 54 33 för
1151 1115 115 42 övrigt
1286 1114 164 34 framfört
1468 1113 11 34 i
1498 1112 80 35 tidi-

91 1184 80 30 gare
195 1168 345 44 riksdagsmotioner,
564 1167 65 34 och
654 1178 100 21 anser
777 1169 56 29 att
856 1163 110 34 sådan
991 1167 138 29 snarast
1153 1161 86 33 skall
1264 1159 142 34 införas.
1430 1158 83 34 Som
1536 1169 43 22 en

92 1214 320 44 övergångsåtgärd
431 1225 100 21 anser
549 1212 34 33 vi
601 1209 204 40 emellertid,
823 1214 54 28 att
895 1220 42 22 en
955 1206 174 42 väsentlig
1146 1204 211 43 utvidgning
1374 1216 45 21 av
1436 1207 143 30 natura-

93 1260 253 43 stipendiernas
368 1258 97 34 antal
484 1257 114 34 måste
618 1256 187 41 företagas.

136 1306 79 32 Den
230 1303 132 43 ökning
376 1315 74 21 som
464 1301 144 34 föreslås
623 1301 10 32 i
648 1301 92 32 årets
755 1294 415 45 statsverksproposition
1186 1298 37 30 är
1237 1293 220 43 synnerligen
1471 1291 110 43 ringa,

92 1350 66 33 och
173 1360 146 22 normen
336 1352 55 29 att
406 1345 191 43 stipendier
612 1344 126 34 endast
754 1343 87 34 skall
857 1343 85 41 utgå
959 1341 52 33 till
1027 1339 228 35 obemedlade
1272 1337 212 35 studerande
1500 1336 80 34 med

93 1393 188 43 utpräglad
302 1389 317 43 studiebegåvning
638 1388 64 34 blir
722 1387 172 43 gällande.
914 1387 74 32 Det
1006 1385 157 38 innebär,
1184 1388 55 28 att
1258 1384 130 40 många
1406 1381 175 34 studiebe-

94 1438 134 43 gåvade
248 1439 187 39 avstänges
453 1435 77 33 från
548 1433 228 42 möjligheten
795 1436 55 29 att
867 1430 132 34 erhålla
1016 1430 67 33 den
1101 1428 109 42 hjälp,
1228 1440 75 21 som
1320 1426 262 42 naturastipen-

95 1483 72 34 diet
183 1482 158 39 innebär,
357 1480 66 34 och
440 1479 170 33 fortsatta
626 1477 112 34 ökade
755 1475 228 34 ekonomiska
1000 1473 217 42 svårigheter
1232 1472 53 33 för
1302 1472 67 32 den
1386 1471 54 33 del
1459 1483 44 20 av
1520 1470 63 33 vår

95 1527 167 42 ungdom,
284 1537 75 22 som
381 1529 88 29 utan
492 1521 222 35 ekonomiskt
737 1520 80 34 stöd
839 1519 78 34 från
939 1518 311 34 föräldrahemmet
1272 1516 101 33 söker
1395 1514 115 34 skaffa
1533 1514 51 42 sig

96 1573 105 41 högre
220 1568 212 43 utbildning.

142 1643 17 33 I
179 1641 181 35 motionen
379 1640 51 33 II:
443 1641 67 32 386
530 1639 64 33 har
614 1637 134 34 anförts
768 1636 108 34 bland
897 1639 111 30 annat
1027 1633 168 43 följande.

140 1694 154 35 Jämfört
311 1693 81 34 med
408 1690 416 45 garantilånenämndens
843 1688 154 35 äskande
1015 1687 147 34 innebär
1179 1683 405 45 departementschefens

97 1740 129 41 förslag
243 1751 43 21 en
303 1736 237 43 nedskärning
557 1736 81 33 med
657 1738 65 31 395
737 1738 66 30 000
821 1734 139 33 kronor.
978 1732 158 41 Sveriges
1154 1731 166 33 förenade
1339 1729 246 34 studentkårer

101 1784 105 43 (SFS)
239 1783 64 33 har
332 1781 181 35 hemställt
543 1785 56 28 att
628 1780 158 41 anslaget
815 1778 52 33 till
897 1775 322 43 naturastipendier
1247 1775 113 33 måtte
1390 1774 86 42 utgå
1505 1773 80 33 med

99 1833 19 29 6
132 1833 66 29 479
213 1832 65 29 000
296 1828 139 32 kronor.
452 1825 68 34 Vid
539 1825 52 33 sin
609 1823 194 42 beräkning
818 1823 65 32 har
899 1821 78 34 SFS
994 1821 172 33 förutsatt
1183 1819 312 42 stipendieringens
1513 1830 72 20 om-

98 1872 157 42 fattning
270 1871 53 33 till
340 1874 41 30 26
397 1874 147 38 procent
560 1881 45 21 av
622 1868 134 33 antalet
772 1865 231 43 nyinskrivna
1018 1865 11 33 i
1044 1864 154 42 enlighet
1214 1864 80 32 med
1311 1862 276 34 studentsociala

99 1916 251 41 utredningens
370 1914 139 41 förslag.

145 1964 65 32 Att
231 1963 43 32 de
295 1961 144 42 statliga
457 1957 371 43 naturastipendierna
848 1956 98 42 ingår
966 1967 75 20 som
1062 1958 53 29 ett
1135 1957 131 38 ytterst
1288 1951 129 42 viktigt
1437 1951 55 33 led
1514 1950 10 33 i
1545 1950 42 33 de

100 2006 276 35 studentsociala
392 2003 294 41 stödåtgärderna
701 2002 64 33 har
781 2001 84 32 flera
882 2000 129 42 gånger
1027 1997 193 41 fastslagits
1238 2009 44 21 av
1299 1996 288 33 statsmakterna.

101 2053 136 39 Genom
253 2050 203 42 riksdagens
471 2047 255 44 principbeslut
743 2049 86 30 1953
847 2045 101 41 drogs
964 2042 218 42 riktlinjerna
1201 2054 72 29 upp
1290 2041 52 33 för
1357 2053 42 21 en
1416 2039 172 34 SUCCESSIV

101 2095 207 43 utbyggnad
326 2107 44 20 av
386 2094 60 33 det
462 2093 141 39 statliga
621 2090 355 42 stipendiesystemet.
994 2088 137 33 Genom
1149 2090 86 29 1954
1253 2087 54 31 års
1324 2085 114 33 beslut
1453 2084 135 41 möjlig-

101 2141 137 41 gjordes
253 2152 42 20 en
311 2139 69 32 viss
396 2136 261 43 uppmjukning
672 2147 43 21 av
730 2135 59 32 det
805 2146 66 20 ena
885 2145 43 21 av
944 2133 41 32 de
1001 2132 93 33 båda
1110 2130 367 40 behörighetskraven,
1492 2132 96 29 näm-

102 2185 88 40 ligen
211 2183 264 42 betygskravet.
495 2181 171 33 Avsikten
688 2191 62 20 var
770 2183 54 28 att
843 2175 328 41 anslagshöjningen
1194 2175 109 32 skulle
1324 2173 204 42 möjliggöra
1547 2185 41 20 en

103 2229 173 39 sänkning
294 2240 44 19 av
357 2226 249 41 betygskravet
630 2224 47 32 till
697 2222 187 33 AB-nivån
903 2221 76 32 från
999 2220 147 40 tidigare
1165 2219 60 32 AB
1245 2220 49 34 --.

151 2275 118 33 Under
289 2274 42 32 de
352 2277 136 28 senaste
510 2272 82 32 åren
612 2271 63 32 har
696 2270 85 31 flera
800 2269 155 31 faktorer
975 2266 152 40 bidragit
1148 2266 50 31 till
1221 2270 54 27 att
1296 2264 154 41 speciellt
1471 2275 119 21 accen-

103 2324 100 28 tuera
231 2318 121 32 vikten
381 2328 45 21 av
454 2320 55 27 att
537 2312 476 42 naturastipendiesystemet
1042 2310 130 32 snabbt
1201 2309 172 40 utbygges
1401 2308 8 32 1
1438 2307 153 40 enlighet

103 2363 80 33 med
203 2362 65 33 den
288 2359 243 39 målsättning,
550 2371 74 20 som
647 2357 144 40 tidigare
811 2355 270 40 riksdagsbeslut
1106 2353 145 40 angivit.
1275 2353 51 32 De
1346 2357 93 27 stora
1460 2352 130 32 årskul-

103 2408 98 32 larna
231 2406 63 32 har
325 2404 146 34 medfört
509 2415 41 20 en
584 2401 148 40 kraftigt
763 2400 138 40 stegrad
935 2397 397 35 studentexamination,
1365 2396 113 32 vilken
1512 2396 77 32 med

105 2451 163 33 säkerhet
283 2450 159 32 kommer
458 2452 54 28 att
530 2452 132 34 stegras
679 2445 202 42 ytterligare
899 2444 41 31 de
958 2446 177 29 närmaste
1153 2443 93 31 åren.
1267 2442 75 31 Mot
1363 2440 227 41 bakgrunden

106 2508 44 21 av
172 2495 64 32 den
260 2499 94 27 stora
377 2492 128 33 bristen
527 2493 47 40 på
595 2489 216 34 akademiskt
839 2487 159 34 utbildad
1022 2486 210 33 arbetskraft
1260 2485 90 32 inom
1374 2497 40 20 en
1438 2485 60 32 rad
1521 2497 71 19 om-
