1880 2786
281 177 19 29 6
712 178 284 29 Statsutskottets
1020 178 179 29 utlåtande
1220 187 43 19 nr
1284 178 52 29 92.

637 257 34 34 7)
709 257 51 29 till
793 257 139 30 Statens
965 256 92 30 skol-
1091 257 64 29 och
1188 256 186 41 yrkeshem
1409 258 10 28 i
1443 257 234 39 Vänersborg:
1699 258 69 29 En-

592 310 340 39 gångsanskaffning
961 320 41 20 av
1033 311 202 38 utrustning
1263 312 49 28 ett
1342 310 356 39 reservationsanslag
1727 320 41 20 av

593 364 40 29 22
648 363 61 30 000
732 364 147 34 kronor;

637 452 36 29 E.
698 451 52 30 till
773 451 99 30 Vissa
892 451 320 40 byggnadsarbeten
1232 461 45 20 m.
1297 461 46 20 m.
1365 452 56 30 vid
1440 453 134 28 statens
1592 451 93 30 skol-
1703 452 63 29 och

593 504 183 39 yrkeshem
804 505 11 29 i
843 505 217 39 Vänersborg
1085 505 55 30 för
1164 504 205 40 budgetåret
1397 504 141 34 1949/50
1564 505 112 29 under
1701 507 68 28 sta-

591 560 77 27 tens
693 558 178 30 allmänna
896 558 272 39 fastighetsfond
1194 558 120 30 anvisa
1340 560 49 28 ett
1413 558 353 39 investeringsanslag

590 620 42 20 av
654 611 38 29 67
708 611 62 30 000
792 611 141 29 kronor.

326 717 200 29 Stockholm
551 717 66 30 den
644 717 40 30 26
707 718 87 39 april
821 717 93 30 1949.

760 824 48 30 På
834 825 278 29 statsutskottets
1135 825 144 38 vägnar:

829 922 30 29 J.
884 921 36 30 B.
945 921 269 31 JOHANSSON.

326 1245 65 30 Vid
415 1244 221 40 förestående
662 1244 144 30 ärendes
832 1244 284 40 slutbehandling
1142 1245 92 29 inom
1262 1245 171 30 utskottet
1456 1245 90 30 hava
1572 1245 155 30 närvarit

323 1298 81 30 från
440 1298 167 30 första
642 1298 221 30 kammaren:
889 1298 121 30 herrar
1035 1298 116 29 Johan
1176 1298 181 30 Bernhard
1381 1298 211 35 Johansson,
1619 1298 151 30 Rickard

279 1342 213 35 Lindström,
516 1342 84 30 Karl
623 1342 211 34 Andersson,
859 1342 123 30 Gustaf
1005 1342 179 35 Karlsson,
1207 1342 145 34 Boman,
1377 1343 282 34 Mannerskantz,
1684 1343 86 30 Iwar

279 1386 194 35 Anderson,
496 1386 161 40 Heiding,
679 1386 188 35 Gillström,
889 1387 114 29 Johan
1026 1386 80 30 Eric
1129 1386 154 35 Ericson,
1307 1387 169 30 Sundelin
1498 1387 67 30 och
1587 1387 57 30 fru
1669 1387 102 31 Sven-

280 1439 80 26 son;
382 1433 89 27 samt

325 1484 81 30 från
469 1484 122 30 andra
623 1484 221 30 kammaren:
867 1484 119 29 herrar
1005 1484 121 34 Ward,
1148 1485 192 38 Malmborg
1360 1485 11 29 i
1393 1484 145 35 Skövde,
1560 1485 210 39 Bergström,

278 1528 135 30 Boman
436 1529 11 29 i
470 1528 140 40 Kieryd,
634 1528 237 39 Hjalmarson,
894 1528 220 30 Mårtensson
1136 1528 13 29 i
1171 1529 200 34 Uddevalla,
1395 1529 261 34 Wallentheim,
1680 1529 91 30 Rub-

279 1572 134 34 bestad,
435 1572 121 39 Onsjö,
578 1572 136 35 Widén,
735 1572 57 30 fru
815 1572 163 30 Eriesson
999 1572 11 29 i
1031 1572 109 30 Luleå
1160 1573 63 29 och
1246 1573 81 29 herr
1349 1573 229 30 Henriksson.
