1874 2794
245 146 18 29 6
645 151 379 31 Jordbruksutskottets
1053 151 174 31 utlåtande
1253 161 41 20 nr
1322 151 28 29 6.

422 229 184 34 (Gällande
635 229 158 40 lydelse.)
1158 230 226 39 (Föreslagen
1411 230 158 39 lydelse.)

288 288 34 33 c)
353 288 43 30 då
415 288 100 39 fråga
538 289 38 29 är
598 298 57 20 om
673 289 76 29 kött
769 298 42 21 av
829 289 62 29 räv
911 289 66 29 och
1061 289 34 34 ec)
1125 289 44 30 då
1188 289 100 39 fråga
1312 290 38 28 är
1371 298 57 20 om
1447 289 77 29 kött
1544 298 42 20 av
1605 289 61 28 räv
1687 288 63 29 och

244 338 166 39 grävling,
434 338 55 30 för
512 339 201 39 besiktning
737 340 64 29 och
824 339 154 29 behand-
1018 340 164 39 srävling,
1207 339 56 30 för
1286 339 202 39 besiktning
1511 339 65 29 och
1600 338 152 29 behand-

247 388 71 40 ling
341 399 41 20 av
404 390 74 29 kött
502 399 42 20 av
567 390 167 39 spädgris.
1016 390 72 39 ling
1113 400 42 20 av
1179 390 77 29 kött
1283 399 43 21 av
1356 389 169 40 spädgris.

288 549 122 29 Denna
431 548 207 40 förordning
658 550 117 29 träder
797 550 11 29 i
832 550 97 29 kraft
953 550 112 39 dagen
1088 549 87 30 efter
1197 550 78 33 den,
1298 549 45 29 då
1367 548 254 38 förordningen
1643 548 107 38 enligt

243 599 87 29 därå
346 600 182 29 meddelad
548 600 138 39 uppgift
706 600 189 30 utkommit
915 600 82 30 från
1016 600 135 39 trycket
1170 600 11 29 i
1202 600 133 29 Svensk
1355 598 394 40 författningssamling.

289 767 226 30 Beträffande
541 769 42 29 de
610 769 85 34 skäl,
722 779 74 20 som
821 771 122 29 utöver
969 771 67 29 vad
1060 771 11 28 i
1095 771 57 29 det
1177 771 158 39 följande
1361 771 150 39 angivits
1538 771 136 30 anförts
1700 771 52 30 till

245 818 78 29 stöd
348 818 55 29 för
426 818 187 39 förslagen,
639 820 54 29 får
717 820 171 29 utskottet
911 821 149 29 hänvisa
1084 821 52 29 till
1160 821 275 39 propositionen.

289 893 14 29 I
328 893 169 31 samband
519 895 81 29 med
623 895 41 29 de
688 904 47 20 nu
760 896 154 30 aktuella
938 897 566 39 decentraliseringssträvandena
1527 897 97 29 inom
1650 898 101 28 stats-

244 943 260 40 förvaltningen
523 944 66 30 har
608 945 57 29 det
685 946 55 29 för
759 945 490 41 jordbruksdepartementets
1269 947 273 30 vidkommande
1563 947 107 29 bland
1691 956 60 20 an-

244 995 61 28 nat
332 996 97 36 synts
453 994 160 40 lämpligt
639 997 50 28 att
715 996 210 35 undersöka,
952 997 176 30 huruvida
1151 997 29 39 ej
1207 997 325 30 beslutanderätten
1556 998 12 29 i
1593 998 94 30 vissa
1711 1007 43 20 av

244 1044 42 29 de
307 1044 162 34 ärenden,
491 1054 75 21 som
587 1046 107 38 enligt
714 1046 101 39 lagen
835 1047 67 29 den
927 1047 37 29 11
987 1047 70 39 maj
1083 1047 83 30 1934
1186 1048 180 38 angående
1386 1048 281 39 köttbesiktning
1687 1048 66 29 och

245 1094 162 30 slakthus
445 1095 66 29 och
549 1096 146 29 därmed
735 1097 348 39 sammanhängande
1122 1097 253 40 författningar
1405 1098 99 29 skola
1535 1099 146 38 avgöras
1710 1107 43 20 av

244 1143 126 39 Kungl.
392 1144 115 39 Maj:t,
529 1146 72 30 kan
624 1146 205 39 överflyttas
852 1147 45 39 på
920 1147 249 30 underordnad
1191 1148 215 38 myndighet.

289 1195 122 30 Denna
429 1196 100 39 fråga
547 1196 65 30 har
632 1196 12 30 i
662 1197 71 29 viss
752 1198 247 38 utsträckning
1018 1198 134 29 berörts
1171 1198 109 29 redan
1300 1207 42 20 av
1361 1198 392 39 medicinalstyrelseut-

245 1246 191 39 redningen
466 1247 11 28 i
505 1247 79 29 dess
612 1247 67 29 den
707 1247 18 29 5
753 1247 155 29 februari
939 1247 84 30 1946
1051 1248 146 39 avgivna
1225 1248 222 30 betänkande
1476 1248 179 39 angående
1685 1249 67 29 den

244 1296 155 30 centrala
417 1296 285 39 organisationen
723 1306 43 20 av
784 1297 57 29 det
861 1296 102 31 civila
980 1297 202 30 medicinal-
1199 1298 66 29 och
1282 1298 344 30 veterinärväsendet
1651 1298 101 34 (SOU

247 1345 99 30 1946:
363 1346 72 34 20).
455 1347 53 29 En
527 1347 235 39 promemoria
780 1347 12 29 i
810 1347 125 39 frågan
955 1347 65 29 har
1039 1347 152 30 därefter
1210 1349 200 38 upprättats
1430 1348 97 30 inom
1544 1348 209 40 jordbruks-

244 1397 286 39 departementet.

289 1447 98 29 Efter
408 1447 124 30 remiss
552 1447 46 30 ha
616 1447 188 39 yttranden
823 1448 80 29 över
922 1448 522 39 departementspromemorian
1467 1449 146 38 avgivits
1635 1459 42 20 av
1698 1458 55 20 ve-

243 1497 307 39 terinärstyrelsen
581 1498 165 29 ävensom
777 1507 42 20 av
852 1497 213 39 styrelserna
1094 1498 55 29 för
1180 1498 156 30 Svenska
1369 1499 287 30 stadsförbundet
1687 1500 66 29 och

245 1547 156 30 Svenska
422 1547 382 30 landskommunernas
827 1547 165 30 förbund.

286 1598 13 29 I
362 1598 732 39 departementspromemorian
1129 1599 64 29 har
1221 1599 147 34 anförts,
1396 1601 50 27 att
1474 1599 278 30 beslutanderät-

241 1650 59 27 ten
324 1648 11 29 i
358 1648 157 39 följande
539 1648 153 29 ärenden
718 1650 117 37 syntes
860 1648 85 30 böra
968 1648 205 40 överflyttas
1198 1649 81 30 från
1304 1650 125 38 Kungl.
1456 1650 106 39 Maj:t
1586 1650 52 30 till
1662 1652 90 28 vete-

243 1698 280 39 rinärstyrelsen,
544 1698 177 39 nämligen
743 1698 34 34 1)
805 1698 230 39 medgivande
1056 1709 43 20 av
1117 1699 181 40 undantag
1318 1699 81 30 från
1418 1700 68 29 den
1506 1701 55 29 för
1584 1700 168 30 samhälle

243 1749 80 29 med
343 1749 406 39 köttbesiktningstvång
772 1749 165 39 stadgade
960 1749 243 39 skyldigheten
1225 1752 50 28 att
1297 1751 46 29 ha
1366 1750 387 40 köttbesiktningsbyrå

243 1799 155 30 inrättad
416 1800 96 29 inom
531 1799 185 30 samhället
741 1799 35 33 (2
798 1799 15 37 $
834 1800 18 29 3
871 1809 106 20 mom.
997 1800 112 30 första
1129 1800 172 39 stycket);
1324 1801 35 33 2)
1384 1801 173 40 prövning
1577 1811 43 21 av
1638 1801 114 31 beslut

243 1859 58 20 om
324 1850 184 30 införande
532 1859 43 21 av
598 1850 296 39 slaktshustvång,
919 1850 11 29 i
953 1851 67 29 vad
1046 1850 123 30 sådant
1196 1850 114 30 beslut
1334 1852 194 29 innefattar
1551 1852 201 29 inrättande

243 1910 43 20 av
311 1901 160 29 slakthus
493 1902 99 28 utom
616 1901 141 29 stadens
779 1901 142 29 område
952 1900 35 34 (3
1013 1901 15 36 $
1056 1901 13 29 1
1095 1910 104 20 mom.
1224 1902 110 29 andra
1358 1901 172 39 stycket);
1557 1902 36 34 3)
1622 1903 130 38 medgi-

242 1951 112 29 vande
383 1961 42 19 av
451 1952 181 38 undantag
658 1951 80 30 från
767 1951 239 34 föreskriften,
1037 1953 49 28 att
1112 1952 52 29 till
1194 1952 275 30 människoföda
1497 1954 112 28 avsett
1636 1952 115 30 färskt

242 2001 78 30 kött
349 2010 42 21 av
417 2002 218 33 nötkreatur,
664 2001 65 34 får,
758 2003 64 37 get,
852 2001 77 30 svin
957 2002 84 29 eller
1068 2002 78 29 häst
1174 2002 97 29 inom
1300 2003 152 33 område,
1482 2003 63 29 där
1576 2002 176 31 slakthus-

242 2052 107 39 tvång
369 2052 116 39 gäller,
506 2052 77 29 icke
605 2052 56 29 får
682 2052 200 33 saluhållas,
905 2052 179 39 utbjudas,
1107 2052 179 30 användas
1310 2052 82 30 eller
1417 2053 161 30 förvaras
1599 2054 46 38 på
1666 2053 86 30 visst

244 2103 79 33 sätt,
349 2102 79 30 med
452 2102 137 30 mindre
615 2102 118 39 djuret
759 2103 148 29 slaktats
931 2103 12 28 i
968 2103 177 38 offentligt
1171 2103 162 29 slakthus
1359 2103 82 29 eller
1466 2104 12 29 i
1503 2102 250 31 kontrollslak-

242 2153 67 29 teri
337 2152 36 34 (3
399 2153 15 37 $
440 2153 18 29 2
482 2162 106 21 mom.
612 2153 113 39 tredje
750 2153 172 39 stycket);
950 2153 37 34 4)
1016 2153 245 30 fastställande
1287 2163 42 20 av
1356 2155 81 28 taxa
1464 2154 55 29 för
1544 2154 208 30 köttbesikt-

243 2203 95 39 ning,
367 2204 55 29 för
449 2204 71 29 viss
550 2204 213 38 behandling
791 2213 43 20 av
861 2204 77 29 kött
968 2205 165 28 ävensom
1161 2203 56 30 för
1246 2204 225 38 begagnande
1502 2213 44 22 av
1574 2204 178 37 offentligt

243 2254 162 30 slakthus
420 2254 97 30 inom
535 2254 142 30 område
694 2255 63 28 där
774 2254 271 39 slakthustvång
1062 2254 105 39 gäller
1190 2254 36 33 (8
1256 2254 7 36 8
1289 2255 14 28 1
1323 2253 144 36 mom.)
1457 2249 15 48 ;
1489 2257 90 28 samt
1598 2254 37 35 5)
1658 2254 95 29 med-

242 2305 146 38 givande
412 2305 11 29 i
445 2305 86 29 visst
553 2304 63 30 fall
638 2305 52 29 till
711 2305 250 38 nedslaktning
982 2305 12 29 i
1015 2305 301 29 kontrollslakteri
1344 2305 36 33 (9
1406 2305 15 36 $
1447 2305 110 30 andra
1583 2304 167 40 stycket).

243 2355 59 29 Ett
331 2355 273 38 genomförande
635 2364 42 20 av
705 2355 102 29 dessa
835 2355 249 38 förändringar
1112 2355 198 34 förutsatte,
1340 2355 108 38 enligt
1476 2356 67 29 vad
1573 2356 11 29 i
1616 2363 137 31 prome-

242 2405 138 30 morian
402 2405 156 34 uttalats,
580 2405 189 39 ändringar
790 2406 87 29 även
897 2405 11 29 i
928 2405 253 39 förordningen
1203 2406 68 29 den
1292 2406 39 29 27
1354 2414 95 21 mars
1473 2405 84 30 1942
1585 2405 59 33 (nr
1667 2404 79 33 134)

242 2465 58 20 om
323 2456 71 29 viss
416 2456 225 39 tillämpning
664 2465 43 21 av
729 2456 242 39 nyssnämnda
994 2456 56 39 lag
1072 2456 11 29 i
1106 2456 99 39 fråga
1232 2465 57 20 om
1313 2456 76 29 kött
1414 2466 43 20 av
1480 2456 56 39 älg
1558 2456 81 29 med
1662 2456 89 29 flera
