1890 2810
283 148 39 30 24
680 153 121 30 Första
825 153 236 36 lagutskottets
1084 153 177 30 utlåtande
1281 162 41 20 nr
1343 154 52 29 36.

287 238 147 30 behovet
452 247 40 21 av
511 238 219 30 arbetskraft.
750 238 56 30 Ett
825 237 225 38 oeftergivligt
1068 237 126 31 villkor
1212 238 55 30 för
1286 236 388 37 rättegångsreformens
1694 238 92 36 lyck-

287 288 68 37 liga
384 288 272 37 genomförande
688 290 38 28 är
757 288 183 36 nämligen,
972 290 49 28 att
1052 288 275 31 arbetsbalanser
1357 287 76 32 icke
1462 287 127 32 tillåtas
1620 288 127 36 uppstå
1777 288 10 30 i

288 340 109 29 större
413 339 208 36 omfattning
640 340 44 29 än
702 348 73 21 som
792 338 156 37 påkallas
967 349 42 20 av
1027 339 136 36 hänsyn
1181 338 51 30 till
1249 349 42 20 en
1309 338 217 37 någorlunda
1544 338 97 38 jämn
1660 339 127 30 arbets-

289 388 204 38 fördelning.

333 439 14 30 I
370 438 97 37 fråga
488 448 57 21 om
567 439 66 30 den
656 440 160 29 närmare
836 439 260 37 utformningen
1119 449 42 21 av
1184 440 41 30 de
1248 440 109 30 under
1380 440 19 29 2
1423 440 196 35 föreslagna
1641 440 147 30 bestäm-

289 490 170 30 melserna
483 489 203 31 instämmer
710 488 57 37 jag
792 490 10 29 i
829 491 41 29 de
896 489 201 37 erinringar,
1124 499 75 22 som
1225 490 175 36 upptagits
1427 490 11 30 i
1464 491 57 30 det
1548 500 42 21 av
1617 489 170 37 lagrådets

288 539 114 37 övrigz
426 540 186 30 ledamöter
630 539 145 37 avgivna
791 540 181 36 yttrandet.
991 540 64 37 Jag
1073 539 151 31 biträder
1242 542 87 29 även
1346 550 134 21 samma
1499 540 170 37 yttrande,
1688 540 101 31 såvitt

289 590 56 31 det
362 589 108 38 angår
487 590 221 36 placeringen
724 599 42 21 av
786 591 41 30 de
846 591 222 36 stadganden,
1089 600 74 21 som
1182 591 129 37 reglera
1331 590 216 38 övergången
1565 591 51 30 till
1635 592 66 30 den
1720 600 69 28 nya

288 640 106 30 rätte.
407 639 298 36 ångsordningen.»

334 742 388 38 Departementschefen
739 743 64 29 har
817 741 220 31 beträffande
1055 739 305 38 övergångsmålen
1378 741 64 29 och
1461 741 145 30 därmed
1621 749 172 21 samman-

289 793 185 36 hängande
493 792 170 37 spörsmål
682 793 122 29 uttalat
824 792 168 36 följande:

337 843 147 31 »Mellan
504 844 56 29 det
578 842 191 37 alternativ,
792 851 75 21 som
887 842 10 29 i
917 841 108 31 första
1046 842 95 30 hand
1163 841 172 30 förordats
1355 850 43 20 av
1417 840 169 37 lagrådets
1608 840 183 36 majoritet,

289 897 89 27 samt
399 892 248 37 beredningens
672 892 128 37 förslag
822 891 180 36 föreligger
1024 890 10 30 i
1057 891 62 29 sak
1141 890 100 36 ingen
1264 891 194 31 nämnvärd
1483 890 159 31 skillnad.
1666 891 130 30 Endast

287 944 46 36 på
350 943 109 37 några
475 944 150 37 punkter
642 951 42 21 av
702 941 250 38 jämförelsevis
969 941 246 31 underordnad
1231 941 173 36 betydelse
1422 941 111 30 skulle
1551 940 104 37 enligt
1673 942 122 29 nämn-

289 995 43 30 da
353 993 180 31 alternativ
554 993 256 36 ifrågakomma
831 992 167 30 utsträckt
1020 991 218 37 tillämpning
1260 1001 43 20 av
1327 1001 68 27 nya
1416 991 66 31 RB.
1508 991 75 31 Vad
1603 991 108 36 angår
1734 1001 61 20 un-

288 1044 365 31 derrättsförfarandet
678 1043 109 30 skulle
810 1042 146 31 sålunda
979 1044 87 28 även
1091 1042 104 36 enligt
1218 1041 235 37 majoritetens
1479 1042 130 37 förslag
1632 1042 95 30 äldre
1740 1042 55 29 RB

289 1094 149 36 alltjämt
459 1095 11 30 i
488 1098 84 27 stort
592 1098 64 27 sett
675 1095 64 35 äga
757 1092 227 38 tillämpning,
1006 1093 64 29 och
1091 1092 80 36 mål,
1194 1102 74 20 som
1290 1101 41 21 av
1352 1092 179 30 underrätt
1551 1092 150 37 avgjorts
1723 1092 74 30 före

288 1154 69 27 nya
378 1145 89 30 RB:s
493 1144 285 35 ikraftträdande,
803 1143 109 30 skulle
933 1143 11 30 i
966 1143 104 36 högre
1092 1144 68 28 rätt
1181 1143 189 30 behandlas
1393 1142 70 30 helt
1488 1142 103 36 enligt
1614 1143 94 30 äldre
1733 1143 62 35 lag.

290 1196 13 29 I
324 1196 148 29 flertalet
492 1195 62 30 fall
575 1195 97 30 torde
695 1194 98 31 alltså
814 1194 123 36 sakligt
960 1196 63 27 sett
1045 1192 263 37 tillämpniugen
1331 1203 42 21 av
1395 1193 93 30 äldre
1510 1194 57 36 lag
1587 1193 140 30 komma
1750 1196 48 26 att

290 1245 146 31 framstå
462 1245 113 31 såsom
602 1244 212 36 huvudregel
842 1243 220 31 beträffande
1088 1244 95 30 äldre
1209 1242 79 31 mål.
1318 1243 78 30 Med
1421 1244 137 36 hänsyn
1585 1242 48 32 lill
1659 1244 55 29 det
1739 1252 58 20 an-

290 1296 101 31 förda
414 1298 65 29 och
500 1295 44 31 då
569 1294 236 37 majoritetens
827 1294 129 37 förslag
977 1295 30 36 ej
1031 1294 106 30 heller
1161 1294 10 29 i
1193 1293 97 37 fråga
1315 1303 57 21 om
1397 1293 276 37 överskådlighet
1698 1302 100 27 synes

289 1347 64 36 äga
379 1346 104 36 något
512 1346 133 36 avgjort
674 1345 181 35 företräde,
883 1346 64 29 har
972 1345 57 37 jag
1056 1344 76 31 icke
1159 1348 110 28 ansett
1296 1343 205 38 tillräckliga
1529 1345 76 29 skäl
1633 1344 165 37 föreligga

290 1399 48 28 att
362 1396 123 37 frångå
510 1398 66 29 den
602 1396 98 36 eljest
726 1396 55 30 vid
806 1405 42 20 en
872 1405 47 27 ny
943 1394 305 37 processordnings
1275 1394 181 31 införande
1480 1394 37 31 så
1542 1398 72 33 gott
1638 1403 74 21 som
1737 1403 60 21 un-

290 1447 212 36 dantagslöst
519 1450 148 32 antagna
690 1447 236 35 huvudregeln
943 1456 57 20 om
1018 1445 218 37 tillämpning
1257 1454 41 22 av
1316 1446 94 30 äldre
1427 1447 64 35 lag.

336 1497 122 30 Denna
484 1497 215 36 ståndpunkt
724 1498 72 36 har,
823 1506 74 21 som
923 1497 106 29 redan
1054 1497 150 36 nämnts,
1232 1494 136 32 biträtts
1394 1497 86 30 även
1509 1504 42 21 av
1579 1505 42 20 en
1649 1496 149 29 ledamot

292 1548 97 30 inom
416 1547 161 37 lagrådet.
608 1548 119 30 Denne
755 1548 150 29 ledamot
933 1548 65 29 har
1025 1547 190 30 emellertid
1244 1546 157 30 förordat
1431 1546 67 30 viss
1527 1545 230 36 begränsning
1788 1545 9 29 i

290 1597 100 37 fråga
407 1608 57 21 om
480 1597 264 36 tillämpningen
763 1607 41 21 av
822 1607 47 27 ny
886 1598 64 36 lag.
972 1596 254 37 Beredningens
1243 1596 129 36 förslag
1391 1597 146 30 innebär
1556 1596 106 30 bland
1683 1599 115 32 annat,

291 1651 48 27 att
360 1650 41 29 de
422 1658 69 27 nya
512 1649 156 35 reglerna
688 1657 56 21 om
765 1647 233 36 tvångsmedel
1020 1647 10 30 i
1052 1646 164 31 brottmål
1237 1647 10 29 i
1267 1646 68 31 viss
1356 1646 238 37 utsträckning
1617 1646 95 31 skola
1735 1646 63 31 till-

291 1699 134 35 lämpas
448 1700 85 29 även
555 1699 10 29 i
587 1699 95 30 äldre
703 1697 79 32 mål.
808 1697 52 31 Då
885 1697 10 30 i
915 1706 69 28 nya
1006 1697 55 30 RB
1086 1696 344 37 häktningsreglerna
1452 1698 95 29 stode
1569 1697 12 30 i
1602 1698 86 29 nära
1711 1705 86 22 sam-

290 1749 93 31 band
407 1750 78 29 med
509 1748 407 37 förhandlingsreglerna,
941 1749 63 29 har
1027 1748 155 30 nämnda
1205 1748 150 30 ledamot
1379 1751 118 32 ansett,
1525 1751 48 26 att
1597 1749 55 30 för
1675 1748 122 29 under-

290 1803 171 29 rätternas
483 1800 55 31 del
559 1799 209 37 svårigheter
790 1800 114 30 kunde
926 1799 137 31 befaras
1085 1799 112 30 under
1218 1798 292 37 övergångstiden,
1534 1799 93 30 detta
1646 1798 151 37 tydligen

291 1851 79 30 med
401 1851 136 35 hänsyn
564 1849 49 31 till
643 1852 49 28 att
721 1850 201 29 nuvarande
952 1849 108 36 regler
1089 1858 57 21 om
1176 1848 217 31 förfarandet
1424 1849 10 29 i
1464 1852 71 26 stor
1562 1847 237 37 utsträckning

291 1901 142 30 komma
458 1904 47 26 att
527 1901 91 35 gälla
640 1899 221 31 beträffande
883 1900 95 30 äldre
1000 1899 80 30 mål.
1106 1899 122 30 Därest
1253 1908 40 21 av
1318 1900 112 30 denna
1454 1898 186 37 anledning
1665 1899 41 30 de
1731 1908 67 27 nya

291 1950 343 37 häktningsreglerna
657 1951 159 29 uteslötes
840 1949 79 31 från
944 1949 218 37 tillämpning
1185 1949 57 31 vid
1265 1950 187 34 underrätt,
1475 1950 107 29 borde
1608 1950 190 29 detsamma

289 2001 89 36 gälla
401 2003 86 29 även
507 2011 57 20 om
583 2000 119 37 Övriga
722 1999 215 32 föreskrifter
957 1999 177 37 angående
1154 1999 235 37 tvångsmedel
1407 2000 10 30 i
1440 1998 173 32 brottmål.

336 2051 115 36 Enligt
471 2050 249 37 beredningens
744 2051 128 36 förslag
893 2051 44 29 ha
960 2050 11 30 i
994 2051 39 29 16
1057 2050 18 37 &$
1099 2050 190 30 meddelats
1314 2050 169 30 särskilda
1507 2049 217 31 föreskrifter
1746 2049 53 31 för

291 2102 56 29 det
364 2102 71 35 fall,
455 2105 47 27 att
519 2101 236 37 tvångsmedel
773 2101 9 30 i
799 2100 163 32 brottmål
979 2100 140 31 anlitats
1137 2101 108 30 redan
1263 2101 74 30 före
1357 2110 69 27 nya
1442 2101 89 29 RB:s
1552 2100 246 31 ikraftträdan-

294 2152 50 31 de.
366 2153 50 29 De
437 2152 10 30 i
469 2153 37 29 12
530 2153 17 37 8
567 2152 104 36 givna
690 2152 304 30 bestämmelserna
1012 2153 143 29 komma
1178 2151 210 36 därigenom,
1410 2150 101 31 såvitt
1530 2161 48 20 nu
1600 2152 37 30 är
1658 2151 11 29 i
1690 2150 107 37 fråga,

290 2205 50 27 att
360 2211 81 21 avse
462 2202 122 30 endast
605 2202 42 30 de
668 2202 196 35 säkerligen
887 2202 167 35 sällsynta
1074 2201 74 36 fall,
1169 2201 44 30 då
1237 2201 88 30 efter
1347 2210 69 27 nya
1437 2201 88 30 RB:s
1545 2201 253 30 ikraftträdan-

291 2253 42 29 de
361 2252 57 32 vid
446 2253 179 29 underrätt
651 2252 271 36 ifrågakommer
949 2256 48 26 att
1026 2252 9 29 i
1061 2255 47 27 ett
1136 2251 141 37 tidigare
1305 2251 264 37 anhängiggjort
1596 2251 69 31 mål
1693 2251 106 29 anlita

290 2302 171 38 häktning
480 2303 80 30 eller
580 2308 106 26 annat
707 2302 243 36 tvångsmedel.
973 2298 94 34 Även
1088 2312 58 21 om
1169 2302 161 36 förslaget
1351 2302 137 31 medför
1512 2305 48 27 att
1584 2301 216 32 förfarandet

290 2353 10 30 i
318 2354 99 30 dessa
435 2353 61 31 fall
513 2355 69 29 kan
599 2353 92 30 bliva
708 2352 103 37 något
829 2362 95 21 mera
941 2352 227 37 komplicerat
1186 2354 44 29 än
1248 2352 55 31 för
1319 2353 228 36 närvarande,
1567 2353 96 30 torde
1681 2351 118 30 därför

291 2403 218 37 olägenheter
526 2404 110 30 härav
655 2404 121 30 endast
793 2402 247 38 undantagsvis
1061 2403 75 37 giva
1156 2403 48 37 sig
1223 2402 50 30 till
1294 2403 126 30 känna.
1439 2402 52 32 Då
1510 2404 56 29 det
1584 2402 110 31 skulle
1712 2402 86 29 kun-

290 2462 46 21 na
360 2455 77 29 leda
460 2453 51 31 till
535 2455 157 30 stötande
717 2454 150 35 resultat,
895 2463 55 21 om
978 2455 93 29 äldre
1097 2455 54 35 lag
1176 2454 9 29 i
1210 2453 99 30 dessa
1334 2452 221 31 hänseenden
1581 2452 95 37 finge
1698 2452 99 37 gälla,
