2198 2655
416 184 38 30 20
915 184 214 38 Lagutskottets
1161 181 151 31 Utlåtande
1333 181 57 31 N:o
1413 182 47 30 72.

372 261 343 48 konkursorsaker,
753 275 80 24 som
876 261 112 38 äfven
1027 261 101 49 gälla
1169 259 114 39 andra
1313 264 46 32 än
1388 259 176 50 köpmän,
1592 264 40 32 är
1661 258 73 37 den
1763 258 119 37 första
1909 272 64 23 an-

373 313 213 49 märkning,
616 327 80 23 som
726 318 79 32 mot
833 313 86 38 dem
940 314 72 37 kan
1031 318 127 43 göras,
1174 317 54 32 att
1247 311 46 37 de
1310 310 209 50 ingalunda
1538 309 262 39 uttömmande
1819 309 154 48 angifva

373 364 46 37 de
445 365 78 49 fall,
552 365 48 37 då
626 365 198 37 ingolvens
854 364 222 51 föreligger.
1122 364 89 37 Men
1237 363 85 37 icke
1351 376 78 35 nog
1457 362 170 48 härmed,
1655 361 11 37 i
1690 365 119 45 några
1828 360 65 38 fall
1913 366 60 32 ut-

371 421 94 42 göra
507 416 47 37 de
587 416 32 49 ej
655 416 108 37 bevis
792 416 58 37 för
877 417 210 46 insolvens,
1116 415 69 37 och
1215 420 68 32 när
1310 414 104 37 detta
1443 413 210 38 emellertid
1681 418 41 32 är
1750 412 222 48 händelsen,

372 472 42 32 är
451 467 256 49 gäldenärens
748 467 183 49 ställning
965 468 80 37 ofta
1073 467 129 46 sådan,
1231 470 55 33 att
1314 479 47 23 en
1389 465 171 37 konkurs
1588 464 119 38 borde
1736 464 41 37 af
1802 464 96 37 brist
1925 467 48 45 på

372 518 315 49 utdelningsbara
727 518 206 50 tillgångar
974 519 81 37 hbelt
1097 518 71 38 och
1196 516 117 38 hållet
1352 516 194 38 uteblifva.
1593 516 17 37 I
1642 516 101 37 förra
1772 515 201 38 afseendet

371 570 108 37 torde
509 570 63 37 det
600 583 91 24 vara
719 570 176 50 lämpligt
923 576 53 32 att
1004 570 100 37 fästa
1131 568 389 51 uppmärksamheten
1545 571 47 47 på
1620 566 231 49 stadgandet
1876 566 13 36 i
1910 563 19 50 $
1951 568 21 35 2

373 635 113 24 mom.
518 624 21 34 2
575 621 284 49 konkurslagen
894 622 196 48 angående
1118 620 316 49 förlagsgifvares
1462 624 74 32 rätt
1564 624 53 32 att
1645 623 99 33 sätta
1771 617 203 49 förlagsta-

371 685 92 35 gare
493 672 12 36 i
534 673 182 46 konkurs,
745 672 157 37 hvilken
931 673 235 46 befogenhet
1193 670 206 49 ingalunda
1427 670 222 37 förutsätter
1677 669 195 37 insolvens
1902 669 69 37 och

373 722 137 38 endast
537 723 75 37 kan
640 722 185 38 förklaras
854 723 40 38 af
917 723 261 49 lagstiftarens
1207 723 197 46 oförmåga
1428 726 55 32 att
1510 724 48 46 på
1582 726 54 31 ett
1654 720 225 49 lämpligare
1898 724 75 32 sätt

373 775 193 48 betrygga
595 774 74 37 den
699 774 187 49 säkerhet,
913 788 82 24 som
1023 788 47 23 en
1098 773 369 50 förlagsinteckning
1495 777 41 32 är
1564 771 135 38 afsedd
1727 775 54 33 att
1799 769 114 50 gifva.
1956 769 17 37 I

373 839 137 23 senare
548 825 236 37 hänseendet
824 826 109 37 torde
963 826 65 37 det
1056 839 89 24 vara
1172 824 225 48 tillräckligt
1424 829 55 31 att
1507 823 166 49 åberopa
1701 821 233 49 stadgandet
1961 821 9 36 i

374 879 20 34 3
427 873 21 51 $
481 891 60 23 om
575 882 54 32 att
656 890 88 24 man
772 890 92 36 eger
887 877 94 37 söka
1008 877 236 49 gäldenären
1271 875 11 37 i
1307 874 181 47 konkurs,
1518 874 47 37 då
1592 873 63 38 vid
1680 873 219 47 utmätning
1914 873 59 36 för

373 928 260 49 borgenärens
663 928 154 38 fordran
846 929 234 48 gäldenären
1109 927 142 38 funnits
1281 927 119 37 sakna
1427 925 68 37 full
1522 925 163 49 tillgång
1707 923 58 37 till
1791 924 181 36 skuldens

372 979 192 49 gäldande
593 980 95 37 eller
715 980 209 50 uppgifven
954 980 162 49 tillgång
1144 978 143 37 funnits
1315 977 136 48 tvistig
1477 976 93 37 eller
1597 976 41 37 af
1655 989 124 23 annan
1805 975 113 36 orsak
1938 975 33 48 ej

374 1032 147 36 kunnat
557 1036 103 32 strax
697 1031 57 36 till
788 1031 232 48 betalning
1005 1021 24 62 i
1049 1031 86 47 laga
1160 1029 163 48 ordning
1352 1028 206 37 användas.
1605 1026 112 38 Detta
1745 1025 227 49 stadgande,

374 1096 80 23 som
494 1082 149 38 tillkom
675 1083 13 36 i
723 1082 184 38 samband
944 1082 88 37 med
1060 1095 76 36 nya
1162 1079 359 50 utsökningslagen,
1550 1079 68 37 har
1655 1078 72 37 ock
1765 1077 209 37 föranledts

373 1134 84 37 icke
482 1133 40 37 af
548 1134 320 48 konkurshänsyn
896 1139 88 32 utan
1013 1133 59 37 för
1099 1138 54 32 att
1180 1131 230 48 framtvinga
1437 1131 207 48 tillgångar
1666 1129 63 38 vid
1749 1142 46 24 en
1813 1128 161 50 special-

374 1185 217 37 exekution.

508 1235 72 38 Till
609 1236 46 37 de
683 1235 139 38 brister
848 1235 12 37 i
882 1235 178 49 gällande
1080 1233 246 50 lagstiftning
1344 1234 11 36 i
1376 1233 107 48 fråga
1502 1245 60 24 om
1580 1231 393 46 konkursorsakerna,

375 1300 80 25 gom
490 1288 71 49 jag
600 1301 50 23 nu
689 1288 179 49 påpekat,
900 1287 153 36 komma
1081 1285 192 48 åtskilliga
1301 1285 130 46 andra,
1460 1297 81 24 som
1574 1282 114 38 hafva
1715 1282 182 38 afseende
1925 1285 49 45 på

374 1339 241 38 konkursens
652 1338 349 49 åvägabringande,
1043 1340 124 34 såsom
1211 1337 64 36 det
1312 1335 266 49 tvifvelaktiga
1618 1334 12 36 i
1657 1334 102 37 hvad
1788 1333 184 36 konkurs-

372 1391 114 49 lagen
516 1390 135 37 förstår
679 1389 86 37 med
793 1389 82 36 klar
903 1389 166 46 fordran,
1099 1388 64 36 det
1190 1387 204 49 olämpliga
1421 1387 12 36 i
1461 1385 232 49 stadgandet
1719 1385 13 37 i
1770 1381 9 50 $
1810 1385 20 35 5
1859 1398 112 23 mom.

374 1444 34 45 2,
436 1446 55 32 att
517 1441 201 48 borgenär,
748 1453 82 24 som
858 1441 68 35 har
953 1445 93 44 pant
1073 1439 93 37 eller
1192 1438 223 47 inteckning
1442 1437 12 36 i
1480 1437 76 37 fast
1580 1435 201 50 egendom,
1802 1440 41 32 är
1863 1434 110 49 ålagd

373 1492 383 49 bevisskyldigheten
785 1491 59 37 för
871 1496 55 32 att
953 1496 141 43 panten
1119 1490 92 36 eller
1239 1489 274 48 inteckningen
1532 1487 57 38 till
1608 1486 191 49 gäldande
1820 1486 40 37 af
1876 1486 95 37 hans

373 1543 154 38 fordran
569 1548 41 31 är
649 1542 242 48 otillräcklig.
937 1542 82 36 Den
1057 1541 234 49 principlösa
1323 1539 250 49 ståndpunkt,
1603 1537 287 48 konkurslagen
1918 1537 55 36 in-

373 1601 124 43 tager,
521 1594 235 37 kulminerar
783 1592 215 38 emellertid
1027 1592 92 49 däri,
1149 1597 54 32 att
1231 1605 46 24 en
1305 1590 183 50 gäldenär
1515 1603 138 36 genom
1683 1593 55 33 att
1757 1588 127 37 betala
1899 1587 73 38 den

374 1647 205 48 borgenär,
609 1658 81 24 som
726 1645 114 37 söker
871 1644 138 37 honom
1033 1643 12 37 i
1072 1643 183 46 konkurs,
1284 1662 48 4 —
1360 1642 156 37 hvilken
1544 1640 201 48 betalning
1773 1640 58 37 för
1859 1639 115 49 öfrigt

373 1698 13 36 i
413 1697 98 37 visst
538 1696 64 38 fall
630 1696 75 37 kan
732 1695 220 38 frånvinnas
980 1695 240 48 borgenären
1247 1713 49 5 —
1324 1694 72 36 kan
1414 1692 120 37 under
1553 1692 74 37 alla
1644 1691 330 48 omständigheter

375 1747 166 39 afvända
568 1747 233 49 konkursen,
830 1747 95 36 huru
952 1745 226 49 berättigad,
1208 1745 95 36 huru
1332 1743 224 49 nödvändig
1584 1742 134 48 denna,
1752 1742 99 37 efter
1872 1741 100 37 hvad

373 1801 13 36 i
425 1799 116 38 målet
581 1798 187 50 upplysts,
798 1803 47 32 än
875 1798 121 37 skulle
1025 1811 100 24 vara.
1180 1796 66 37 Att
1275 1810 46 24 en
1349 1795 197 49 betalning
1573 1793 303 38 understundom
1905 1793 67 36 bör

373 1851 196 49 uppfattas
594 1854 126 34 såsom
749 1854 53 32 ett
831 1850 106 36 bevis
962 1853 102 33 emot
1091 1853 54 33 att
1172 1848 196 37 insolvens
1397 1846 122 37 skulle
1548 1845 202 48 föreligga,
1778 1844 109 37 torde
1915 1843 58 37 för

374 1915 48 24 en
438 1902 92 36 hvar
554 1914 91 25 vara
661 1901 229 50 uppenbart,
911 1914 87 23 men
1015 1900 77 37 lika
1112 1899 129 37 säkert
1256 1904 51 41 är,
1330 1904 53 31 att
1403 1901 40 33 så
1461 1898 34 49 ej
1520 1897 107 37 alltid
1647 1901 40 32 är
1706 1894 264 39 förhållandet.

372 1953 150 37 Endast
554 1966 47 24 en
633 1952 181 50 pröfning
847 1951 40 38 af
911 1951 132 49 hvarje
1072 1950 179 38 särskildt
1279 1949 64 37 fall
1370 1949 75 37 kan
1469 1948 105 50 gifva
1602 1961 47 23 en
1676 1946 117 50 riktig
1820 1946 154 49 lösning

373 2004 41 37 af
438 2005 126 37 denna
591 2004 117 47 fråga,
733 2003 155 37 hvilken
916 2002 242 49 följaktligen
1189 2002 67 36 bör
1284 2000 257 38 öfverlämnas
1565 1999 58 37 till
1651 1997 237 38 domstolens
1908 1997 65 36 be-

374 2055 198 37 dömande.
619 2055 115 36 Låter
774 2067 88 24 man
902 2053 200 48 betalning
1133 2052 108 38 alltid
1270 2053 151 36 komma
1449 2048 438 49 konkursansökningen
1916 2053 55 32 att

373 2107 119 37 blifva
518 2111 91 32 utan
637 2105 211 50 betydelse,
877 2105 68 37 har
973 2117 87 24 man
1088 2104 11 36 i
1127 2103 136 49 själfva
1290 2102 133 38 verket
1446 2101 194 39 befordrat
1667 2100 101 38 hvad
1785 2099 188 37 konkurs-

372 2158 191 37 institutet
604 2157 69 37 har
712 2156 57 38 till
805 2155 155 51 uppgift
993 2160 54 32 att
1079 2154 236 38 förekomma
1341 2173 50 5 —
1418 2153 190 48 nämligen
1636 2153 74 37 den
1740 2164 70 25 ene
1834 2151 139 49 borge-

372 2214 138 33 närens
538 2208 209 50 gynnande
775 2210 49 47 på
852 2208 74 36 den
950 2207 137 37 andres
1116 2205 225 38 bekostnad.

506 2259 111 38 Hvad
654 2272 50 24 nu
746 2259 41 38 af
821 2259 79 49 mig
940 2258 144 38 anförts
1123 2257 112 38 torde
1272 2269 90 25 vara
1395 2254 223 50 tillräckligt
1636 2254 58 37 för
1728 2258 55 34 att
1804 2252 168 40 förklara
