2222 2630
431 193 39 33 10
653 195 235 32 Sammansatta
911 194 99 33 Stats-
1035 194 69 40 (och
1128 191 264 46 Lag-Jutskottets
1420 194 169 34 Utlåtande
1614 195 60 33 N:o
1698 197 28 32 4.

389 271 177 48 nämnda,
597 272 41 36 af
653 272 44 36 de
715 272 250 36 norrländska
984 277 359 44 representanterna
1363 274 136 36 väckta
1520 274 193 37 motionen
1732 275 218 49 föreslagits
1969 275 12 36 i

389 323 110 48 fråga
520 337 59 23 om
602 324 403 48 sammanslagningen
1026 324 40 36 af
1082 324 120 49 Växjö
1223 324 71 37 och
1314 325 155 36 Kalmar
1489 326 82 36 stift
1592 327 33 48 ej
1648 329 117 34 måtte
1786 327 40 36 af
1841 328 140 49 kyrko-

388 380 121 31 mötet
537 375 158 36 bifallas.
752 375 73 36 Vid
851 375 348 49 öfverläggningen
1218 376 102 36 inom
1340 377 247 48 kyrkomötet
1607 379 252 36 framställdes
1879 379 102 37 dess-

388 432 104 31 utom
521 432 55 31 ett
603 426 170 50 yrkande
803 441 61 22 om
892 427 106 37 bifall
1017 427 59 36 till
1095 428 206 36 utskottets
1322 428 145 49 förslag
1486 429 86 37 med
1592 429 148 50 tillägg,
1762 436 56 31 att
1837 431 142 49 Kungl.

387 479 107 48 Maj:t
522 492 61 22 om
613 479 133 36 hinder
765 479 59 36 för
843 479 234 37 närvarande
1099 479 120 37 skulle
1239 485 101 31 möta
1361 481 57 36 för
1433 480 246 38 Hernösands
1695 482 101 37 stifts
1813 483 167 48 delning,

388 530 147 36 täcktes
556 530 156 49 vidtaga
732 531 247 48 erforderliga
996 532 179 47 åtgärder
1194 532 57 35 för
1272 536 67 43 att,
1361 535 38 33 så
1421 532 81 36 vidt
1522 534 67 35 ske
1610 533 138 48 kunde,
1768 535 214 48 undanröja

388 581 92 37 eller
499 582 151 36 minska
670 582 44 36 de
735 582 258 49 olägenheter,
1015 596 79 23 som
1116 583 117 48 följde
1249 583 41 36 af
1302 583 71 37 den
1385 585 220 36 nuvarande
1618 585 244 49 ställningen.
1892 586 89 37 Man

387 633 200 37 återfunne
629 634 68 36 här
737 647 46 23 en
818 635 221 48 tankegång
1067 635 162 36 likartad
1258 635 87 37 med
1373 636 84 48 den,
1486 650 93 34 som,
1611 636 122 49 enligt
1761 637 101 37 hvad
1890 651 92 35 nyss

388 690 164 42 nämnts,
574 685 71 36 fått
664 685 64 37 sitt
747 686 156 48 uttryck
922 686 11 36 i
953 700 47 22 en
1019 686 144 37 motion
1182 686 64 36 vid
1269 689 96 35 1896
1388 690 59 34 års
1467 688 167 49 riksdag.
1664 689 120 36 Dessa
1803 690 179 48 åtgärder

387 736 120 38 skulle
537 737 207 48 nämligen,
774 737 121 49 enligt
922 738 347 49 förslagställarens
1298 740 168 48 mening,
1497 740 106 36 bestå
1632 741 79 36 dels
1738 741 91 48 däri,
1851 746 55 31 att
1924 741 58 36 till

387 788 206 50 biskopens
613 789 144 36 biträde
778 789 205 37 anställdes
1004 803 47 23 en
1068 790 162 36 särskild
1247 790 196 49 inspektor
1457 791 94 37 eller
1567 792 133 48 anslag
1715 792 192 37 lämnades
1923 794 58 36 för

387 841 250 36 resekostnad
665 844 37 33 åt
729 840 183 50 lämpliga
940 842 362 48 kontraktsprostar,
1332 842 80 37 dels
1440 843 70 36 ock
1530 843 93 47 däri,
1644 849 55 31 att
1719 844 75 37 den
1814 845 166 36 förbere-

387 892 122 37 dande
529 893 261 47 utredningen
811 893 40 36 af
868 893 192 49 åtskilliga
1080 893 167 36 ärenden
1268 894 70 36 och
1359 894 185 49 möjligen
1564 896 114 36 äfven
1699 896 227 48 afgörandet
1945 896 41 37 af

387 957 47 23 en
463 944 60 36 del
547 944 147 36 mindre
714 945 149 48 viktiga
883 944 139 37 sådana
1038 944 303 38 öfverlämnades
1362 949 37 33 åt
1418 946 236 49 inspektorn,
1675 947 163 48 biträdd,
1859 961 60 23 om
1940 951 39 33 så

389 999 161 45 ansåges
578 996 146 49 nödigt,
750 996 41 36 af
815 999 121 46 några
963 996 127 37 därtill
1109 997 158 36 utsedde
1287 997 246 38 medlemmar
1551 999 41 36 af
1603 998 377 50 läroverkskollegiet

387 1047 12 35 i
439 1047 127 37 Luleå.
630 1047 16 36 I
675 1048 71 36 den
776 1048 156 49 slutliga
959 1048 230 49 voteringen
1218 1049 161 48 segrade
1408 1050 206 37 utskottets
1642 1050 146 49 förslag
1816 1051 86 36 med
1932 1053 46 35 28

387 1104 121 31 röster
546 1104 80 31 mot
655 1102 58 44 27,
743 1113 79 23 som
853 1113 91 23 voro
973 1100 57 36 för
1057 1100 107 36 bifall
1192 1100 58 36 till
1278 1102 259 47 nyssnämnda
1566 1102 119 37 under
1713 1102 266 37 diskussionen

387 1151 237 36 framställda
650 1151 180 48 yrkande,
861 1152 114 35 sedan
1004 1152 11 35 i
1044 1151 229 49 voteringen
1294 1166 59 22 om
1378 1152 374 51 kontraproposition
1771 1155 208 36 utskottets

387 1202 144 48 förslag
560 1202 72 36 fått
660 1202 57 36 för
745 1202 60 49 sig
835 1205 45 34 31
910 1208 120 31 röster
1059 1208 78 31 mot
1167 1206 59 44 27,
1256 1217 80 23 som
1365 1205 175 48 afgåfvos
1569 1206 59 36 för
1656 1206 45 36 de
1731 1206 249 37 norrländska

387 1258 376 45 representanternas
791 1254 158 49 förslag.

515 1305 17 37 I
562 1305 264 49 kyrkomötets
846 1309 45 46 på
913 1306 123 49 grund
1058 1307 41 35 af
1114 1306 103 37 detta
1237 1307 125 37 beslut
1382 1308 72 36 den
1477 1310 44 34 13
1544 1308 159 37 oktober
1724 1311 97 35 1898
1843 1310 137 36 aflåtna

388 1357 214 47 skrifvelse,
634 1370 79 23 som
742 1371 51 23 nu
821 1358 170 48 förelåge
1019 1357 58 37 till
1106 1358 288 50 föredragning,
1422 1360 215 48 förmäldes,
1664 1366 54 31 att
1737 1361 243 49 kyrkomötet

386 1409 238 37 beträffande
653 1410 135 48 frågan
818 1423 60 22 om
907 1409 245 37 Hernösands
1182 1411 100 36 stifts
1310 1411 160 50 delning
1497 1412 191 37 vidblefve
1718 1413 74 37 den
1811 1413 169 50 uppfatt-

388 1461 104 48 ning,
523 1474 82 23 som
636 1461 40 36 af
701 1462 44 35 de
774 1464 65 33 två
868 1466 167 32 närmast
1063 1462 233 48 föregående
1326 1463 277 48 kyrkomötena
1631 1464 158 37 uttalats
1818 1466 161 36 rörande

387 1513 131 35 vikten
547 1513 71 35 och
648 1512 180 36 behofvet
858 1514 40 34 af
922 1513 123 35 denna
1074 1513 178 48 delnings
1282 1528 111 22 snara
1423 1515 297 48 verkställande,
1751 1516 70 36 och
1849 1516 131 37 anhöl-

386 1563 54 37 les
469 1578 60 22 om
559 1564 230 48 vidtagande
819 1563 41 36 af
885 1564 45 36 de
960 1564 189 48 åtgärder,
1179 1578 80 23 som
1289 1565 126 36 kunde
1443 1580 88 22 vara
1560 1567 250 48 erforderliga
1838 1568 59 37 för
1925 1573 56 32 att

386 1615 246 37 Hernösands
661 1615 82 36 stift
772 1618 117 34 måtte
918 1615 129 48 blifva,
1079 1619 40 33 så
1147 1621 105 31 snart
1281 1616 65 37 ske
1373 1617 138 48 kunde,
1532 1618 138 37 deladt.
1727 1619 254 49 Kyrkomötet

387 1667 172 37 anmälde
601 1667 140 47 vidare,
785 1672 56 32 att
869 1668 242 48 kyrkomötet
1139 1668 60 36 för
1227 1669 60 36 sin
1316 1669 60 36 del
1404 1669 215 49 medgåfve,
1650 1676 55 31 att
1733 1671 246 37 Hernösands

387 1719 81 36 stift
496 1719 103 49 finge
630 1719 102 36 delas
761 1722 47 45 på
837 1719 64 36 det
930 1724 85 42 sätt,
1045 1724 57 31 att
1120 1720 292 37 Västerbottens
1433 1722 70 36 och
1524 1722 254 37 Norrbottens
1798 1724 62 36 län
1880 1724 99 36 från-

387 1771 139 36 skildes
569 1771 166 36 därifrån
764 1771 58 36 för
850 1776 56 31 att
934 1771 101 36 bilda
1064 1777 53 30 ett
1146 1772 182 36 särskildt
1357 1773 93 48 stift,
1481 1779 98 30 samt
1607 1774 149 37 anhölle
1785 1775 193 48 slutligen,

387 1823 62 35 det
490 1822 145 48 Kungl.
678 1822 107 49 Maj:t
827 1823 145 36 täcktes
1005 1822 157 49 vidtaga
1192 1824 249 49 erforderliga
1470 1826 181 47 åtgärder
1678 1826 59 36 för
1765 1831 66 42 att,
1860 1827 121 36 under

386 1874 277 49 förutsättning
705 1879 53 31 att
799 1874 243 37 Hernösands
1085 1875 83 36 stift
1196 1875 126 37 blefve
1352 1876 138 48 deladt,
1520 1876 44 50 $$
1595 1880 20 33 2
1645 1878 70 35 och
1744 1879 21 34 5
1793 1877 13 36 i
1834 1878 146 37 förord-

386 1926 143 49 ningen
573 1926 195 48 angående
810 1926 156 36 allmänt
1007 1927 228 49 kyrkomöte
1277 1931 116 33 måtte
1423 1928 141 37 erhålla
1593 1942 48 23 en
1670 1929 41 36 af
1735 1929 245 49 kyrkomötet

385 1978 59 36 för
471 1978 86 36 dess
586 1977 61 37 del
675 1978 192 47 godkänd,
898 1977 203 38 förändrad
1130 1979 155 49 lydelse.

515 2029 193 48 Slutligen
737 2029 96 36 hade
863 2030 424 48 departementschefen
1308 2036 55 31 att
1378 2032 136 46 erinra,
1536 2037 57 31 att
1612 2032 97 37 efter
1729 2032 64 37 det
1807 2033 173 49 ledighet

386 2081 10 36 i
425 2081 325 48 biskopsämbetet
778 2081 12 36 i
818 2081 156 37 Kalmar
1001 2082 82 36 stift
1111 2086 173 45 uppstått
1311 2096 141 36 genom
1480 2083 187 50 biskopen
1687 2085 72 36 Per
1779 2084 201 50 Sjöbrings

385 2133 74 36 den
502 2134 45 34 16
591 2132 166 37 februari
802 2135 99 34 1900
929 2133 138 37 timade
1097 2134 86 48 död,
1213 2134 64 37 vid
1306 2148 143 23 samma
1477 2137 61 34 års
1566 2136 159 49 riksdag
1751 2136 103 37 inom
1883 2137 96 37 båda

385 2185 200 36 kamrarne
629 2184 184 36 motioner
852 2185 152 37 väcktes
1032 2185 143 48 därom,
1206 2192 56 30 att
1290 2187 218 47 Riksdagen
1536 2187 89 37 ville
1654 2188 12 35 i
1695 2188 199 37 skrifvelse
1922 2189 58 36 till

386 2236 141 49 Kungl.
573 2235 107 49 Maj:t
722 2236 161 48 anhålla,
928 2242 54 31 att
1023 2238 84 35 med
1151 2239 229 47 åtgärderna
1421 2239 59 36 för
1514 2239 307 38 återbesättande
1849 2241 41 36 af
1915 2241 64 36 det

385 2287 224 49 ledigblifna
639 2286 322 50 biskopsämbetet
989 2289 11 36 i
1029 2289 156 37 Kalmar
1213 2290 83 36 stift
1321 2293 116 34 måtte
1458 2291 36 35 få
1515 2294 121 44 anstå,
1657 2291 56 36 till
1733 2292 87 37 dess
1840 2293 137 46 frågan
