<?xml version="1.0" encoding="UTF-8"?>
<alto xmlns="http://www.loc.gov/standards/alto/ns-v3#" xmlns:xlink="http://www.w3.org/1999/xlink" xmlns:xsi="http://www.w3.org/2001/XMLSchema-instance" xsi:schemaLocation="http://www.loc.gov/standards/alto/ns-v3# http://www.loc.gov/alto/v3/alto-3-0.xsd">
	<Description>
		<MeasurementUnit>pixel</MeasurementUnit>
		<sourceImageInformation>
			<fileName>/tmp/tess_1ou38j85_input.PNG</fileName>
		</sourceImageInformation>
		<OCRProcessing ID="OCR_0">
			<ocrProcessingStep>
				<processingSoftware>
					<softwareName>tesseract 5.3.0</softwareName>
				</processingSoftware>
			</ocrProcessingStep>
		</OCRProcessing>
	</Description>
	<Layout>
		<Page WIDTH="2210" HEIGHT="2628" PHYSICAL_IMG_NR="0" ID="page_0">
			<PrintSpace HPOS="0" VPOS="0" WIDTH="2210" HEIGHT="2628">
				<ComposedBlock ID="cblock_0" HPOS="429" VPOS="175" WIDTH="1302" HEIGHT="43">
					<TextBlock ID="block_0" HPOS="429" VPOS="175" WIDTH="1302" HEIGHT="43">
						<TextLine ID="line_0" HPOS="429" VPOS="175" WIDTH="1302" HEIGHT="43">
							<String ID="string_0" HPOS="429" VPOS="175" WIDTH="18" HEIGHT="29" WC="0.96" CONTENT="4"/><SP WIDTH="204" VPOS="175" HPOS="447"/>
							<String ID="string_1" HPOS="651" VPOS="176" WIDTH="238" HEIGHT="31" WC="0.90" CONTENT="Sammansatta"/><SP WIDTH="26" VPOS="176" HPOS="889"/>
							<String ID="string_2" HPOS="915" VPOS="177" WIDTH="98" HEIGHT="30" WC="0.87" CONTENT="Stats-"/><SP WIDTH="25" VPOS="177" HPOS="1013"/>
							<String ID="string_3" HPOS="1038" VPOS="176" WIDTH="66" HEIGHT="41" WC="0.93" CONTENT="(och"/><SP WIDTH="27" VPOS="176" HPOS="1104"/>
							<String ID="string_4" HPOS="1131" VPOS="177" WIDTH="261" HEIGHT="41" WC="0.61" CONTENT="Lag-Yutskottets"/><SP WIDTH="30" VPOS="177" HPOS="1392"/>
							<String ID="string_5" HPOS="1422" VPOS="177" WIDTH="171" HEIGHT="32" WC="0.95" CONTENT="Utlåtande"/><SP WIDTH="25" VPOS="177" HPOS="1593"/>
							<String ID="string_6" HPOS="1618" VPOS="177" WIDTH="60" HEIGHT="31" WC="0.93" CONTENT="N:o"/><SP WIDTH="25" VPOS="177" HPOS="1678"/>
							<String ID="string_7" HPOS="1703" VPOS="178" WIDTH="28" HEIGHT="30" WC="0.95" CONTENT="4."/>
						</TextLine>
					</TextBlock>
				</ComposedBlock>
				<ComposedBlock ID="cblock_1" HPOS="386" VPOS="251" WIDTH="1601" HEIGHT="414">
					<TextBlock ID="block_1" HPOS="386" VPOS="251" WIDTH="1601" HEIGHT="414">
						<TextLine ID="line_1" HPOS="386" VPOS="251" WIDTH="1598" HEIGHT="55">
							<String ID="string_8" HPOS="386" VPOS="251" WIDTH="99" HEIGHT="37" WC="0.95" CONTENT="lokal"/><SP WIDTH="36" VPOS="251" HPOS="485"/>
							<String ID="string_9" HPOS="521" VPOS="252" WIDTH="63" HEIGHT="36" WC="0.96" CONTENT="vid"/><SP WIDTH="30" VPOS="252" HPOS="584"/>
							<String ID="string_10" HPOS="614" VPOS="252" WIDTH="250" HEIGHT="50" WC="0.96" CONTENT="domkapitlet"/><SP WIDTH="27" VPOS="252" HPOS="864"/>
							<String ID="string_11" HPOS="891" VPOS="253" WIDTH="12" HEIGHT="36" WC="0.96" CONTENT="i"/><SP WIDTH="28" VPOS="253" HPOS="903"/>
							<String ID="string_12" HPOS="931" VPOS="253" WIDTH="120" HEIGHT="49" WC="0.96" CONTENT="Visby"/><SP WIDTH="30" VPOS="253" HPOS="1051"/>
							<String ID="string_13" HPOS="1081" VPOS="254" WIDTH="88" HEIGHT="49" WC="0.96" CONTENT="höja"/><SP WIDTH="29" VPOS="254" HPOS="1169"/>
							<String ID="string_14" HPOS="1198" VPOS="255" WIDTH="186" HEIGHT="37" WC="0.96" CONTENT="ordinarie"/><SP WIDTH="31" VPOS="255" HPOS="1384"/>
							<String ID="string_15" HPOS="1415" VPOS="256" WIDTH="176" HEIGHT="50" WC="0.96" CONTENT="anslaget"/><SP WIDTH="28" VPOS="256" HPOS="1591"/>
							<String ID="string_16" HPOS="1619" VPOS="255" WIDTH="58" HEIGHT="37" WC="0.91" CONTENT="till"/><SP WIDTH="29" VPOS="255" HPOS="1677"/>
							<String ID="string_17" HPOS="1706" VPOS="255" WIDTH="278" HEIGHT="50" WC="0.90" CONTENT="domkapitlens"/>
						</TextLine>
						<TextLine ID="line_2" HPOS="387" VPOS="303" WIDTH="1597" HEIGHT="54">
							<String ID="string_18" HPOS="387" VPOS="303" WIDTH="263" HEIGHT="49" WC="0.96" CONTENT="expeditioner"/><SP WIDTH="28" VPOS="303" HPOS="650"/>
							<String ID="string_19" HPOS="678" VPOS="305" WIDTH="85" HEIGHT="36" WC="0.93" CONTENT="med"/><SP WIDTH="30" VPOS="305" HPOS="763"/>
							<String ID="string_20" HPOS="793" VPOS="307" WIDTH="113" HEIGHT="45" WC="0.92" CONTENT="9,320"/><SP WIDTH="29" VPOS="307" HPOS="906"/>
							<String ID="string_21" HPOS="935" VPOS="306" WIDTH="138" HEIGHT="35" WC="0.96" CONTENT="kronor"/><SP WIDTH="29" VPOS="306" HPOS="1073"/>
							<String ID="string_22" HPOS="1102" VPOS="306" WIDTH="92" HEIGHT="37" WC="0.96" CONTENT="eller"/><SP WIDTH="27" VPOS="306" HPOS="1194"/>
							<String ID="string_23" HPOS="1221" VPOS="307" WIDTH="86" HEIGHT="36" WC="0.96" CONTENT="från"/><SP WIDTH="28" VPOS="307" HPOS="1307"/>
							<String ID="string_24" HPOS="1335" VPOS="307" WIDTH="87" HEIGHT="38" WC="0.96" CONTENT="dess"/><SP WIDTH="24" VPOS="307" HPOS="1422"/>
							<String ID="string_25" HPOS="1446" VPOS="308" WIDTH="219" HEIGHT="36" WC="0.96" CONTENT="nuvarande"/><SP WIDTH="20" VPOS="308" HPOS="1665"/>
							<String ID="string_26" HPOS="1685" VPOS="307" WIDTH="139" HEIGHT="50" WC="0.93" CONTENT="belopp"/><SP WIDTH="23" VPOS="307" HPOS="1824"/>
							<String ID="string_27" HPOS="1847" VPOS="309" WIDTH="137" HEIGHT="45" WC="0.87" CONTENT="79,580"/>
						</TextLine>
						<TextLine ID="line_3" HPOS="387" VPOS="355" WIDTH="1597" HEIGHT="53">
							<String ID="string_28" HPOS="387" VPOS="355" WIDTH="150" HEIGHT="47" WC="0.96" CONTENT="kronor,"/><SP WIDTH="31" VPOS="355" HPOS="537"/>
							<String ID="string_29" HPOS="568" VPOS="355" WIDTH="58" HEIGHT="36" WC="0.93" CONTENT="till"/><SP WIDTH="29" VPOS="355" HPOS="626"/>
							<String ID="string_30" HPOS="655" VPOS="358" WIDTH="138" HEIGHT="45" WC="0.91" CONTENT="88,900"/><SP WIDTH="30" VPOS="358" HPOS="793"/>
							<String ID="string_31" HPOS="823" VPOS="357" WIDTH="140" HEIGHT="36" WC="0.96" CONTENT="kronor"/><SP WIDTH="29" VPOS="357" HPOS="963"/>
							<String ID="string_32" HPOS="992" VPOS="362" WIDTH="97" HEIGHT="32" WC="0.96" CONTENT="samt"/><SP WIDTH="24" VPOS="362" HPOS="1089"/>
							<String ID="string_33" HPOS="1113" VPOS="358" WIDTH="156" HEIGHT="49" WC="0.96" CONTENT="vidtaga"/><SP WIDTH="21" VPOS="358" HPOS="1269"/>
							<String ID="string_34" HPOS="1290" VPOS="359" WIDTH="115" HEIGHT="37" WC="0.96" CONTENT="sådan"/><SP WIDTH="20" VPOS="359" HPOS="1405"/>
							<String ID="string_35" HPOS="1425" VPOS="360" WIDTH="167" HEIGHT="48" WC="0.96" CONTENT="ändring"/><SP WIDTH="20" VPOS="360" HPOS="1592"/>
							<String ID="string_36" HPOS="1612" VPOS="360" WIDTH="12" HEIGHT="35" WC="0.96" CONTENT="i"/><SP WIDTH="20" VPOS="360" HPOS="1624"/>
							<String ID="string_37" HPOS="1644" VPOS="359" WIDTH="64" HEIGHT="36" WC="0.96" CONTENT="det"/><SP WIDTH="19" VPOS="359" HPOS="1708"/>
							<String ID="string_38" HPOS="1727" VPOS="362" WIDTH="48" HEIGHT="46" WC="0.96" CONTENT="på"/><SP WIDTH="21" VPOS="362" HPOS="1775"/>
							<String ID="string_39" HPOS="1796" VPOS="359" WIDTH="188" HEIGHT="37" WC="0.96" CONTENT="ordinarie"/>
						</TextLine>
						<TextLine ID="line_4" HPOS="386" VPOS="407" WIDTH="1598" HEIGHT="54">
							<String ID="string_40" HPOS="386" VPOS="411" WIDTH="74" HEIGHT="32" WC="0.96" CONTENT="stat"/><SP WIDTH="28" VPOS="411" HPOS="460"/>
							<String ID="string_41" HPOS="488" VPOS="407" WIDTH="123" HEIGHT="37" WC="0.90" CONTENT="under"/><SP WIDTH="28" VPOS="407" HPOS="611"/>
							<String ID="string_42" HPOS="639" VPOS="407" WIDTH="224" HEIGHT="38" WC="0.90" CONTENT="riksstatens"/><SP WIDTH="29" VPOS="407" HPOS="863"/>
							<String ID="string_43" HPOS="892" VPOS="409" WIDTH="155" HEIGHT="36" WC="0.93" CONTENT="åttonde"/><SP WIDTH="29" VPOS="409" HPOS="1047"/>
							<String ID="string_44" HPOS="1076" VPOS="410" WIDTH="232" HEIGHT="37" WC="0.91" CONTENT="hufvudtitel"/><SP WIDTH="33" VPOS="410" HPOS="1308"/>
							<String ID="string_45" HPOS="1341" VPOS="411" WIDTH="189" HEIGHT="50" WC="0.93" CONTENT="uppförda"/><SP WIDTH="27" VPOS="411" HPOS="1530"/>
							<String ID="string_46" HPOS="1557" VPOS="411" WIDTH="343" HEIGHT="49" WC="0.91" CONTENT="förslagsanslaget"/><SP WIDTH="26" VPOS="411" HPOS="1900"/>
							<String ID="string_47" HPOS="1926" VPOS="410" WIDTH="58" HEIGHT="37" WC="0.96" CONTENT="till"/>
						</TextLine>
						<TextLine ID="line_5" HPOS="387" VPOS="458" WIDTH="1596" HEIGHT="53">
							<String ID="string_48" HPOS="387" VPOS="458" WIDTH="325" HEIGHT="38" WC="0.89" CONTENT="skrifmaterialier"/><SP WIDTH="41" VPOS="458" HPOS="712"/>
							<String ID="string_49" HPOS="753" VPOS="461" WIDTH="70" HEIGHT="36" WC="0.92" CONTENT="och"/><SP WIDTH="42" VPOS="461" HPOS="823"/>
							<String ID="string_50" HPOS="865" VPOS="474" WIDTH="199" HEIGHT="36" WC="0.90" CONTENT="expenser,"/><SP WIDTH="44" VPOS="474" HPOS="1064"/>
							<String ID="string_51" HPOS="1108" VPOS="462" WIDTH="73" HEIGHT="36" WC="0.93" CONTENT="ved"/><SP WIDTH="40" VPOS="462" HPOS="1181"/>
							<String ID="string_52" HPOS="1221" VPOS="476" WIDTH="48" HEIGHT="22" WC="0.92" CONTENT="m."/><SP WIDTH="44" VPOS="476" HPOS="1269"/>
							<String ID="string_53" HPOS="1313" VPOS="477" WIDTH="61" HEIGHT="34" WC="0.90" CONTENT="m.,"/><SP WIDTH="44" VPOS="477" HPOS="1374"/>
							<String ID="string_54" HPOS="1418" VPOS="467" WIDTH="55" HEIGHT="32" WC="0.96" CONTENT="att"/><SP WIDTH="41" VPOS="467" HPOS="1473"/>
							<String ID="string_55" HPOS="1514" VPOS="463" WIDTH="110" HEIGHT="36" WC="0.96" CONTENT="däraf"/><SP WIDTH="39" VPOS="463" HPOS="1624"/>
							<String ID="string_56" HPOS="1663" VPOS="463" WIDTH="103" HEIGHT="47" WC="0.95" CONTENT="finge"/><SP WIDTH="28" VPOS="463" HPOS="1766"/>
							<String ID="string_57" HPOS="1794" VPOS="463" WIDTH="58" HEIGHT="35" WC="0.93" CONTENT="till"/><SP WIDTH="28" VPOS="463" HPOS="1852"/>
							<String ID="string_58" HPOS="1880" VPOS="463" WIDTH="103" HEIGHT="36" WC="0.93" CONTENT="dom-"/>
						</TextLine>
						<TextLine ID="line_6" HPOS="386" VPOS="510" WIDTH="1598" HEIGHT="54">
							<String ID="string_59" HPOS="386" VPOS="510" WIDTH="188" HEIGHT="50" WC="0.92" CONTENT="kapitlens"/><SP WIDTH="42" VPOS="510" HPOS="574"/>
							<String ID="string_60" HPOS="616" VPOS="511" WIDTH="262" HEIGHT="50" WC="0.96" CONTENT="expeditioner"/><SP WIDTH="40" VPOS="511" HPOS="878"/>
							<String ID="string_61" HPOS="918" VPOS="516" WIDTH="93" HEIGHT="46" WC="0.96" CONTENT="utgå"/><SP WIDTH="42" VPOS="516" HPOS="1011"/>
							<String ID="string_62" HPOS="1053" VPOS="513" WIDTH="116" HEIGHT="49" WC="0.92" CONTENT="högst"/><SP WIDTH="42" VPOS="513" HPOS="1169"/>
							<String ID="string_63" HPOS="1211" VPOS="516" WIDTH="112" HEIGHT="45" WC="0.92" CONTENT="9,000"/><SP WIDTH="41" VPOS="516" HPOS="1323"/>
							<String ID="string_64" HPOS="1364" VPOS="515" WIDTH="152" HEIGHT="47" WC="0.96" CONTENT="kronor,"/><SP WIDTH="44" VPOS="515" HPOS="1516"/>
							<String ID="string_65" HPOS="1560" VPOS="515" WIDTH="198" HEIGHT="36" WC="0.96" CONTENT="äfvensom"/><SP WIDTH="42" VPOS="515" HPOS="1758"/>
							<String ID="string_66" HPOS="1800" VPOS="518" WIDTH="47" HEIGHT="46" WC="0.95" CONTENT="på"/><SP WIDTH="29" VPOS="518" HPOS="1847"/>
							<String ID="string_67" HPOS="1876" VPOS="519" WIDTH="108" HEIGHT="32" WC="0.96" CONTENT="extra"/>
						</TextLine>
						<TextLine ID="line_7" HPOS="387" VPOS="562" WIDTH="1600" HEIGHT="53">
							<String ID="string_68" HPOS="387" VPOS="566" WIDTH="73" HEIGHT="32" WC="0.95" CONTENT="stat"/><SP WIDTH="41" VPOS="566" HPOS="460"/>
							<String ID="string_69" HPOS="501" VPOS="562" WIDTH="60" HEIGHT="36" WC="0.96" CONTENT="för"/><SP WIDTH="34" VPOS="562" HPOS="561"/>
							<String ID="string_70" HPOS="595" VPOS="566" WIDTH="41" HEIGHT="33" WC="0.93" CONTENT="år"/><SP WIDTH="29" VPOS="566" HPOS="636"/>
							<String ID="string_71" HPOS="665" VPOS="565" WIDTH="97" HEIGHT="35" WC="0.95" CONTENT="1904"/><SP WIDTH="28" VPOS="565" HPOS="762"/>
							<String ID="string_72" HPOS="790" VPOS="564" WIDTH="143" HEIGHT="49" WC="0.95" CONTENT="bevilja"/><SP WIDTH="28" VPOS="564" HPOS="933"/>
							<String ID="string_73" HPOS="961" VPOS="569" WIDTH="56" HEIGHT="31" WC="0.96" CONTENT="ett"/><SP WIDTH="27" VPOS="569" HPOS="1017"/>
							<String ID="string_74" HPOS="1044" VPOS="565" WIDTH="139" HEIGHT="50" WC="0.96" CONTENT="belopp"/><SP WIDTH="29" VPOS="565" HPOS="1183"/>
							<String ID="string_75" HPOS="1212" VPOS="566" WIDTH="40" HEIGHT="36" WC="0.93" CONTENT="af"/><SP WIDTH="26" VPOS="566" HPOS="1252"/>
							<String ID="string_76" HPOS="1278" VPOS="568" WIDTH="112" HEIGHT="45" WC="0.92" CONTENT="3,500"/><SP WIDTH="29" VPOS="568" HPOS="1390"/>
							<String ID="string_77" HPOS="1419" VPOS="567" WIDTH="141" HEIGHT="36" WC="0.96" CONTENT="kronor"/><SP WIDTH="28" VPOS="567" HPOS="1560"/>
							<String ID="string_78" HPOS="1588" VPOS="566" WIDTH="56" HEIGHT="37" WC="0.93" CONTENT="till"/><SP WIDTH="30" VPOS="566" HPOS="1644"/>
							<String ID="string_79" HPOS="1674" VPOS="566" WIDTH="244" HEIGHT="36" WC="0.92" CONTENT="anskaffande"/><SP WIDTH="30" VPOS="566" HPOS="1918"/>
							<String ID="string_80" HPOS="1948" VPOS="567" WIDTH="39" HEIGHT="35" WC="0.96" CONTENT="af"/>
						</TextLine>
						<TextLine ID="line_8" HPOS="386" VPOS="614" WIDTH="863" HEIGHT="51">
							<String ID="string_81" HPOS="386" VPOS="614" WIDTH="145" HEIGHT="36" WC="0.93" CONTENT="möbler"/><SP WIDTH="28" VPOS="614" HPOS="531"/>
							<String ID="string_82" HPOS="559" VPOS="628" WIDTH="50" HEIGHT="22" WC="0.90" CONTENT="m."/><SP WIDTH="30" VPOS="628" HPOS="609"/>
							<String ID="string_83" HPOS="639" VPOS="629" WIDTH="47" HEIGHT="22" WC="0.89" CONTENT="m."/><SP WIDTH="31" VPOS="629" HPOS="686"/>
							<String ID="string_84" HPOS="717" VPOS="615" WIDTH="58" HEIGHT="36" WC="0.96" CONTENT="för"/><SP WIDTH="29" VPOS="615" HPOS="775"/>
							<String ID="string_85" HPOS="804" VPOS="616" WIDTH="250" HEIGHT="49" WC="0.96" CONTENT="domkapitlet"/><SP WIDTH="27" VPOS="616" HPOS="1054"/>
							<String ID="string_86" HPOS="1081" VPOS="616" WIDTH="13" HEIGHT="36" WC="0.96" CONTENT="i"/><SP WIDTH="27" VPOS="616" HPOS="1094"/>
							<String ID="string_87" HPOS="1121" VPOS="617" WIDTH="128" HEIGHT="37" WC="0.96" CONTENT="Luleå."/>
						</TextLine>
					</TextBlock>
				</ComposedBlock>
				<ComposedBlock ID="cblock_2" HPOS="385" VPOS="719" WIDTH="1602" HEIGHT="1658">
					<TextBlock ID="block_2" HPOS="385" VPOS="719" WIDTH="1599" HEIGHT="155">
						<TextLine ID="line_9" HPOS="513" VPOS="719" WIDTH="1471" HEIGHT="40">
							<String ID="string_88" HPOS="513" VPOS="719" WIDTH="140" HEIGHT="37" WC="0.96" CONTENT="Vidare"/><SP WIDTH="42" VPOS="719" HPOS="653"/>
							<String ID="string_89" HPOS="695" VPOS="720" WIDTH="68" HEIGHT="36" WC="0.96" CONTENT="har"/><SP WIDTH="42" VPOS="720" HPOS="763"/>
							<String ID="string_90" HPOS="805" VPOS="719" WIDTH="90" HEIGHT="36" WC="0.95" CONTENT="herr"/><SP WIDTH="36" VPOS="719" HPOS="895"/>
							<String ID="string_91" HPOS="931" VPOS="721" WIDTH="46" HEIGHT="35" WC="0.14" CONTENT="ÅA."/><SP WIDTH="30" VPOS="721" HPOS="977"/>
							<String ID="string_92" HPOS="1007" VPOS="721" WIDTH="126" HEIGHT="36" WC="0.96" CONTENT="Hedin"/><SP WIDTH="27" VPOS="721" HPOS="1133"/>
							<String ID="string_93" HPOS="1160" VPOS="720" WIDTH="56" HEIGHT="37" WC="0.96" CONTENT="uti"/><SP WIDTH="27" VPOS="720" HPOS="1216"/>
							<String ID="string_94" HPOS="1243" VPOS="734" WIDTH="46" HEIGHT="23" WC="0.96" CONTENT="en"/><SP WIDTH="29" VPOS="734" HPOS="1289"/>
							<String ID="string_95" HPOS="1318" VPOS="721" WIDTH="102" HEIGHT="37" WC="0.96" CONTENT="inom"/><SP WIDTH="29" VPOS="721" HPOS="1420"/>
							<String ID="string_96" HPOS="1449" VPOS="722" WIDTH="130" HEIGHT="36" WC="0.95" CONTENT="Andra"/><SP WIDTH="29" VPOS="722" HPOS="1579"/>
							<String ID="string_97" HPOS="1608" VPOS="722" WIDTH="234" HEIGHT="37" WC="0.96" CONTENT="Kammaren"/><SP WIDTH="28" VPOS="722" HPOS="1842"/>
							<String ID="string_98" HPOS="1870" VPOS="720" WIDTH="114" HEIGHT="38" WC="0.96" CONTENT="väckt"/>
						</TextLine>
						<TextLine ID="line_10" HPOS="385" VPOS="770" WIDTH="1597" HEIGHT="53">
							<String ID="string_99" HPOS="385" VPOS="770" WIDTH="141" HEIGHT="37" WC="0.96" CONTENT="motion"/><SP WIDTH="33" VPOS="770" HPOS="526"/>
							<String ID="string_100" HPOS="559" VPOS="771" WIDTH="85" HEIGHT="49" WC="0.96" CONTENT="(N:o"/><SP WIDTH="31" VPOS="771" HPOS="644"/>
							<String ID="string_101" HPOS="675" VPOS="770" WIDTH="86" HEIGHT="49" WC="0.93" CONTENT="157)"/><SP WIDTH="28" VPOS="770" HPOS="761"/>
							<String ID="string_102" HPOS="789" VPOS="771" WIDTH="205" HEIGHT="48" WC="0.89" CONTENT="hemställt,"/><SP WIDTH="31" VPOS="771" HPOS="994"/>
							<String ID="string_103" HPOS="1025" VPOS="776" WIDTH="55" HEIGHT="31" WC="0.96" CONTENT="att"/><SP WIDTH="29" VPOS="776" HPOS="1080"/>
							<String ID="string_104" HPOS="1109" VPOS="772" WIDTH="138" HEIGHT="49" WC="0.95" CONTENT="Kungl."/><SP WIDTH="31" VPOS="772" HPOS="1247"/>
							<String ID="string_105" HPOS="1278" VPOS="773" WIDTH="127" HEIGHT="49" WC="0.96" CONTENT="Maj:ts"/><SP WIDTH="28" VPOS="773" HPOS="1405"/>
							<String ID="string_106" HPOS="1433" VPOS="774" WIDTH="239" HEIGHT="49" WC="0.96" CONTENT="proposition"/><SP WIDTH="29" VPOS="774" HPOS="1672"/>
							<String ID="string_107" HPOS="1701" VPOS="787" WIDTH="62" HEIGHT="23" WC="0.96" CONTENT="n:o"/><SP WIDTH="29" VPOS="787" HPOS="1763"/>
							<String ID="string_108" HPOS="1792" VPOS="776" WIDTH="49" HEIGHT="34" WC="0.96" CONTENT="44"/><SP WIDTH="25" VPOS="776" HPOS="1841"/>
							<String ID="string_109" HPOS="1866" VPOS="776" WIDTH="116" HEIGHT="34" WC="0.96" CONTENT="måtte"/>
						</TextLine>
						<TextLine ID="line_11" HPOS="386" VPOS="822" WIDTH="1259" HEIGHT="52">
							<String ID="string_110" HPOS="386" VPOS="825" WIDTH="47" HEIGHT="45" WC="0.96" CONTENT="på"/><SP WIDTH="29" VPOS="825" HPOS="433"/>
							<String ID="string_111" HPOS="462" VPOS="822" WIDTH="64" HEIGHT="37" WC="0.96" CONTENT="det"/><SP WIDTH="29" VPOS="822" HPOS="526"/>
							<String ID="string_112" HPOS="555" VPOS="827" WIDTH="78" HEIGHT="32" WC="0.93" CONTENT="sätt"/><SP WIDTH="28" VPOS="827" HPOS="633"/>
							<String ID="string_113" HPOS="661" VPOS="823" WIDTH="158" HEIGHT="46" WC="0.92" CONTENT="bifallas,"/><SP WIDTH="31" VPOS="823" HPOS="819"/>
							<String ID="string_114" HPOS="850" VPOS="827" WIDTH="55" HEIGHT="32" WC="0.96" CONTENT="att"/><SP WIDTH="27" VPOS="827" HPOS="905"/>
							<String ID="string_115" HPOS="932" VPOS="823" WIDTH="220" HEIGHT="49" WC="0.96" CONTENT="Riksdagen"/><SP WIDTH="28" VPOS="823" HPOS="1152"/>
							<String ID="string_116" HPOS="1180" VPOS="827" WIDTH="117" HEIGHT="33" WC="0.96" CONTENT="måtte"/><SP WIDTH="29" VPOS="827" HPOS="1297"/>
							<String ID="string_117" HPOS="1326" VPOS="825" WIDTH="81" HEIGHT="37" WC="0.93" CONTENT="dels"/><SP WIDTH="29" VPOS="825" HPOS="1407"/>
							<String ID="string_118" HPOS="1436" VPOS="825" WIDTH="209" HEIGHT="49" WC="0.91" CONTENT="medgifva,"/>
						</TextLine>
					</TextBlock>
					<TextBlock ID="block_3" HPOS="386" VPOS="874" WIDTH="1599" HEIGHT="363">
						<TextLine ID="line_12" HPOS="514" VPOS="874" WIDTH="1468" HEIGHT="50">
							<String ID="string_119" HPOS="514" VPOS="880" WIDTH="57" HEIGHT="31" WC="0.96" CONTENT="att"/><SP WIDTH="39" VPOS="880" HPOS="571"/>
							<String ID="string_120" HPOS="610" VPOS="875" WIDTH="85" HEIGHT="36" WC="0.96" CONTENT="från"/><SP WIDTH="42" VPOS="875" HPOS="695"/>
							<String ID="string_121" HPOS="737" VPOS="874" WIDTH="70" HEIGHT="37" WC="0.96" CONTENT="och"/><SP WIDTH="43" VPOS="874" HPOS="807"/>
							<String ID="string_122" HPOS="850" VPOS="875" WIDTH="82" HEIGHT="36" WC="0.96" CONTENT="med"/><SP WIDTH="45" VPOS="875" HPOS="932"/>
							<String ID="string_123" HPOS="977" VPOS="875" WIDTH="73" HEIGHT="36" WC="0.96" CONTENT="den"/><SP WIDTH="37" VPOS="875" HPOS="1050"/>
							<String ID="string_124" HPOS="1087" VPOS="877" WIDTH="18" HEIGHT="34" WC="0.96" CONTENT="1"/><SP WIDTH="34" VPOS="877" HPOS="1105"/>
							<String ID="string_125" HPOS="1139" VPOS="875" WIDTH="150" HEIGHT="49" WC="0.96" CONTENT="januari"/><SP WIDTH="32" VPOS="875" HPOS="1289"/>
							<String ID="string_126" HPOS="1321" VPOS="878" WIDTH="98" HEIGHT="35" WC="0.96" CONTENT="1904"/><SP WIDTH="28" VPOS="878" HPOS="1419"/>
							<String ID="string_127" HPOS="1447" VPOS="877" WIDTH="292" HEIGHT="37" WC="0.96" CONTENT="Västerbottens"/><SP WIDTH="30" VPOS="877" HPOS="1739"/>
							<String ID="string_128" HPOS="1769" VPOS="877" WIDTH="69" HEIGHT="36" WC="0.93" CONTENT="och"/><SP WIDTH="28" VPOS="877" HPOS="1838"/>
							<String ID="string_129" HPOS="1866" VPOS="877" WIDTH="116" HEIGHT="36" WC="0.92" CONTENT="Norr-"/>
						</TextLine>
						<TextLine ID="line_13" HPOS="386" VPOS="926" WIDTH="1597" HEIGHT="48">
							<String ID="string_130" HPOS="386" VPOS="926" WIDTH="152" HEIGHT="36" WC="0.91" CONTENT="bottens"/><SP WIDTH="31" VPOS="926" HPOS="538"/>
							<String ID="string_131" HPOS="569" VPOS="926" WIDTH="63" HEIGHT="37" WC="0.96" CONTENT="län"/><SP WIDTH="28" VPOS="926" HPOS="632"/>
							<String ID="string_132" HPOS="660" VPOS="927" WIDTH="102" HEIGHT="47" WC="0.93" CONTENT="finge"/><SP WIDTH="29" VPOS="927" HPOS="762"/>
							<String ID="string_133" HPOS="791" VPOS="926" WIDTH="219" HEIGHT="48" WC="0.91" CONTENT="frånskiljas"/><SP WIDTH="28" VPOS="926" HPOS="1010"/>
							<String ID="string_134" HPOS="1038" VPOS="927" WIDTH="248" HEIGHT="37" WC="0.92" CONTENT="Hernösands"/><SP WIDTH="30" VPOS="927" HPOS="1286"/>
							<String ID="string_135" HPOS="1316" VPOS="928" WIDTH="82" HEIGHT="36" WC="0.96" CONTENT="stift"/><SP WIDTH="28" VPOS="928" HPOS="1398"/>
							<String ID="string_136" HPOS="1426" VPOS="929" WIDTH="58" HEIGHT="35" WC="0.96" CONTENT="för"/><SP WIDTH="29" VPOS="929" HPOS="1484"/>
							<String ID="string_137" HPOS="1513" VPOS="933" WIDTH="56" HEIGHT="32" WC="0.96" CONTENT="att"/><SP WIDTH="28" VPOS="933" HPOS="1569"/>
							<String ID="string_138" HPOS="1597" VPOS="929" WIDTH="103" HEIGHT="36" WC="0.96" CONTENT="bilda"/><SP WIDTH="29" VPOS="929" HPOS="1700"/>
							<String ID="string_139" HPOS="1729" VPOS="934" WIDTH="55" HEIGHT="31" WC="0.96" CONTENT="ett"/><SP WIDTH="20" VPOS="934" HPOS="1784"/>
							<String ID="string_140" HPOS="1804" VPOS="928" WIDTH="179" HEIGHT="37" WC="0.96" CONTENT="särskildt"/>
						</TextLine>
						<TextLine ID="line_14" HPOS="388" VPOS="977" WIDTH="1597" HEIGHT="52">
							<String ID="string_141" HPOS="388" VPOS="977" WIDTH="81" HEIGHT="36" WC="0.96" CONTENT="stift"/><SP WIDTH="28" VPOS="977" HPOS="469"/>
							<String ID="string_142" HPOS="497" VPOS="979" WIDTH="87" HEIGHT="36" WC="0.96" CONTENT="med"/><SP WIDTH="29" VPOS="979" HPOS="584"/>
							<String ID="string_143" HPOS="613" VPOS="977" WIDTH="284" HEIGHT="49" WC="0.95" CONTENT="benämningen"/><SP WIDTH="29" VPOS="977" HPOS="897"/>
							<String ID="string_144" HPOS="926" VPOS="978" WIDTH="115" HEIGHT="37" WC="0.95" CONTENT="Luleå"/><SP WIDTH="28" VPOS="978" HPOS="1041"/>
							<String ID="string_145" HPOS="1069" VPOS="979" WIDTH="84" HEIGHT="36" WC="0.96" CONTENT="stift"/><SP WIDTH="28" VPOS="979" HPOS="1153"/>
							<String ID="string_146" HPOS="1181" VPOS="979" WIDTH="68" HEIGHT="37" WC="0.96" CONTENT="och"/><SP WIDTH="30" VPOS="979" HPOS="1249"/>
							<String ID="string_147" HPOS="1279" VPOS="979" WIDTH="86" HEIGHT="37" WC="0.96" CONTENT="med"/><SP WIDTH="29" VPOS="979" HPOS="1365"/>
							<String ID="string_148" HPOS="1394" VPOS="980" WIDTH="242" HEIGHT="49" WC="0.96" CONTENT="biskopssäte"/><SP WIDTH="29" VPOS="980" HPOS="1636"/>
							<String ID="string_149" HPOS="1665" VPOS="981" WIDTH="12" HEIGHT="36" WC="0.96" CONTENT="i"/><SP WIDTH="28" VPOS="981" HPOS="1677"/>
							<String ID="string_150" HPOS="1705" VPOS="980" WIDTH="129" HEIGHT="47" WC="0.95" CONTENT="Luleå,"/><SP WIDTH="29" VPOS="980" HPOS="1834"/>
							<String ID="string_151" HPOS="1863" VPOS="981" WIDTH="122" HEIGHT="36" WC="0.96" CONTENT="under"/>
						</TextLine>
						<TextLine ID="line_15" HPOS="388" VPOS="1028" WIDTH="1596" HEIGHT="50">
							<String ID="string_152" HPOS="388" VPOS="1028" WIDTH="139" HEIGHT="38" WC="0.96" CONTENT="villkor"/><SP WIDTH="30" VPOS="1028" HPOS="527"/>
							<String ID="string_153" HPOS="557" VPOS="1035" WIDTH="67" HEIGHT="42" WC="0.96" CONTENT="att,"/><SP WIDTH="30" VPOS="1035" HPOS="624"/>
							<String ID="string_154" HPOS="654" VPOS="1031" WIDTH="46" HEIGHT="36" WC="0.96" CONTENT="då"/><SP WIDTH="29" VPOS="1031" HPOS="700"/>
							<String ID="string_155" HPOS="729" VPOS="1033" WIDTH="128" HEIGHT="45" WC="0.96" CONTENT="någon"/><SP WIDTH="29" VPOS="1033" HPOS="857"/>
							<String ID="string_156" HPOS="886" VPOS="1030" WIDTH="42" HEIGHT="36" WC="0.96" CONTENT="af"/><SP WIDTH="24" VPOS="1030" HPOS="928"/>
							<String ID="string_157" HPOS="952" VPOS="1030" WIDTH="46" HEIGHT="37" WC="0.96" CONTENT="de"/><SP WIDTH="28" VPOS="1030" HPOS="998"/>
							<String ID="string_158" HPOS="1026" VPOS="1032" WIDTH="223" HEIGHT="36" WC="0.92" CONTENT="nuvarande"/><SP WIDTH="20" VPOS="1032" HPOS="1249"/>
							<String ID="string_159" HPOS="1269" VPOS="1032" WIDTH="276" HEIGHT="37" WC="0.91" CONTENT="innehafvarne"/><SP WIDTH="22" VPOS="1032" HPOS="1545"/>
							<String ID="string_160" HPOS="1567" VPOS="1033" WIDTH="41" HEIGHT="36" WC="0.93" CONTENT="af"/><SP WIDTH="15" VPOS="1033" HPOS="1608"/>
							<String ID="string_161" HPOS="1623" VPOS="1032" WIDTH="361" HEIGHT="37" WC="0.90" CONTENT="biskobsämbetena"/>
						</TextLine>
						<TextLine ID="line_16" HPOS="387" VPOS="1080" WIDTH="1596" HEIGHT="53">
							<String ID="string_162" HPOS="387" VPOS="1080" WIDTH="11" HEIGHT="36" WC="0.72" CONTENT="i"/><SP WIDTH="29" VPOS="1080" HPOS="398"/>
							<String ID="string_163" HPOS="427" VPOS="1081" WIDTH="124" HEIGHT="50" WC="0.94" CONTENT="Växjö"/><SP WIDTH="31" VPOS="1081" HPOS="551"/>
							<String ID="string_164" HPOS="582" VPOS="1081" WIDTH="70" HEIGHT="37" WC="0.96" CONTENT="och"/><SP WIDTH="28" VPOS="1081" HPOS="652"/>
							<String ID="string_165" HPOS="680" VPOS="1082" WIDTH="154" HEIGHT="36" WC="0.96" CONTENT="Kalmar"/><SP WIDTH="28" VPOS="1082" HPOS="834"/>
							<String ID="string_166" HPOS="862" VPOS="1082" WIDTH="83" HEIGHT="36" WC="0.96" CONTENT="stift"/><SP WIDTH="28" VPOS="1082" HPOS="945"/>
							<String ID="string_167" HPOS="973" VPOS="1082" WIDTH="85" HEIGHT="36" WC="0.96" CONTENT="från"/><SP WIDTH="32" VPOS="1082" HPOS="1058"/>
							<String ID="string_168" HPOS="1090" VPOS="1083" WIDTH="59" HEIGHT="36" WC="0.96" CONTENT="sin"/><SP WIDTH="28" VPOS="1083" HPOS="1149"/>
							<String ID="string_169" HPOS="1177" VPOS="1084" WIDTH="220" HEIGHT="49" WC="0.93" CONTENT="befattning"/><SP WIDTH="28" VPOS="1084" HPOS="1397"/>
							<String ID="string_170" HPOS="1425" VPOS="1084" WIDTH="169" HEIGHT="49" WC="0.92" CONTENT="afginge,"/><SP WIDTH="30" VPOS="1084" HPOS="1594"/>
							<String ID="string_171" HPOS="1624" VPOS="1085" WIDTH="64" HEIGHT="36" WC="0.93" CONTENT="det"/><SP WIDTH="25" VPOS="1085" HPOS="1688"/>
							<String ID="string_172" HPOS="1713" VPOS="1084" WIDTH="270" HEIGHT="47" WC="0.91" CONTENT="stiftsområde,"/>
						</TextLine>
						<TextLine ID="line_17" HPOS="388" VPOS="1133" WIDTH="1597" HEIGHT="51">
							<String ID="string_173" HPOS="388" VPOS="1133" WIDTH="72" HEIGHT="36" WC="0.91" CONTENT="den"/><SP WIDTH="33" VPOS="1133" HPOS="460"/>
							<String ID="string_174" HPOS="493" VPOS="1134" WIDTH="195" HEIGHT="49" WC="0.91" CONTENT="afgångne"/><SP WIDTH="32" VPOS="1134" HPOS="688"/>
							<String ID="string_175" HPOS="720" VPOS="1134" WIDTH="184" HEIGHT="47" WC="0.95" CONTENT="innehaft,"/><SP WIDTH="35" VPOS="1134" HPOS="904"/>
							<String ID="string_176" HPOS="939" VPOS="1134" WIDTH="122" HEIGHT="36" WC="0.96" CONTENT="skulle"/><SP WIDTH="35" VPOS="1134" HPOS="1061"/>
							<String ID="string_177" HPOS="1096" VPOS="1134" WIDTH="181" HEIGHT="50" WC="0.96" CONTENT="tilläggas"/><SP WIDTH="29" VPOS="1134" HPOS="1277"/>
							<String ID="string_178" HPOS="1306" VPOS="1136" WIDTH="64" HEIGHT="36" WC="0.96" CONTENT="det"/><SP WIDTH="29" VPOS="1136" HPOS="1370"/>
							<String ID="string_179" HPOS="1399" VPOS="1137" WIDTH="117" HEIGHT="36" WC="0.96" CONTENT="andra"/><SP WIDTH="29" VPOS="1137" HPOS="1516"/>
							<String ID="string_180" HPOS="1545" VPOS="1137" WIDTH="132" HEIGHT="47" WC="0.96" CONTENT="stiftet,"/><SP WIDTH="31" VPOS="1137" HPOS="1677"/>
							<String ID="string_181" HPOS="1708" VPOS="1150" WIDTH="78" HEIGHT="23" WC="0.96" CONTENT="som"/><SP WIDTH="32" VPOS="1150" HPOS="1786"/>
							<String ID="string_182" HPOS="1818" VPOS="1136" WIDTH="167" HEIGHT="36" WC="0.96" CONTENT="därefter"/>
						</TextLine>
						<TextLine ID="line_18" HPOS="389" VPOS="1184" WIDTH="1532" HEIGHT="53">
							<String ID="string_183" HPOS="389" VPOS="1184" WIDTH="120" HEIGHT="37" WC="0.96" CONTENT="skulle"/><SP WIDTH="29" VPOS="1184" HPOS="509"/>
							<String ID="string_184" HPOS="538" VPOS="1186" WIDTH="93" HEIGHT="36" WC="0.96" CONTENT="bära"/><SP WIDTH="28" VPOS="1186" HPOS="631"/>
							<String ID="string_185" HPOS="659" VPOS="1185" WIDTH="283" HEIGHT="48" WC="0.96" CONTENT="benämningen"/><SP WIDTH="29" VPOS="1185" HPOS="942"/>
							<String ID="string_186" HPOS="971" VPOS="1186" WIDTH="124" HEIGHT="48" WC="0.96" CONTENT="Växjö"/><SP WIDTH="30" VPOS="1186" HPOS="1095"/>
							<String ID="string_187" HPOS="1125" VPOS="1186" WIDTH="83" HEIGHT="37" WC="0.96" CONTENT="stift"/><SP WIDTH="28" VPOS="1186" HPOS="1208"/>
							<String ID="string_188" HPOS="1236" VPOS="1187" WIDTH="68" HEIGHT="36" WC="0.96" CONTENT="och"/><SP WIDTH="30" VPOS="1187" HPOS="1304"/>
							<String ID="string_189" HPOS="1334" VPOS="1187" WIDTH="114" HEIGHT="37" WC="0.96" CONTENT="hafva"/><SP WIDTH="31" VPOS="1187" HPOS="1448"/>
							<String ID="string_190" HPOS="1479" VPOS="1188" WIDTH="239" HEIGHT="49" WC="0.96" CONTENT="biskopssäte"/><SP WIDTH="29" VPOS="1188" HPOS="1718"/>
							<String ID="string_191" HPOS="1747" VPOS="1188" WIDTH="11" HEIGHT="35" WC="0.96" CONTENT="i"/><SP WIDTH="29" VPOS="1188" HPOS="1758"/>
							<String ID="string_192" HPOS="1787" VPOS="1188" WIDTH="134" HEIGHT="49" WC="0.96" CONTENT="Växjö,"/>
						</TextLine>
					</TextBlock>
					<TextBlock ID="block_4" HPOS="388" VPOS="1236" WIDTH="1595" HEIGHT="103">
						<TextLine ID="line_19" HPOS="517" VPOS="1236" WIDTH="1466" HEIGHT="53">
							<String ID="string_193" HPOS="517" VPOS="1242" WIDTH="57" HEIGHT="31" WC="0.93" CONTENT="att"/><SP WIDTH="33" VPOS="1242" HPOS="574"/>
							<String ID="string_194" HPOS="607" VPOS="1236" WIDTH="274" HEIGHT="49" WC="0.92" CONTENT="biskopslönen"/><SP WIDTH="28" VPOS="1236" HPOS="881"/>
							<String ID="string_195" HPOS="909" VPOS="1237" WIDTH="11" HEIGHT="36" WC="0.96" CONTENT="i"/><SP WIDTH="29" VPOS="1237" HPOS="920"/>
							<String ID="string_196" HPOS="949" VPOS="1237" WIDTH="64" HEIGHT="37" WC="0.96" CONTENT="det"/><SP WIDTH="27" VPOS="1237" HPOS="1013"/>
							<String ID="string_197" HPOS="1040" VPOS="1251" WIDTH="77" HEIGHT="35" WC="0.93" CONTENT="nya"/><SP WIDTH="30" VPOS="1251" HPOS="1117"/>
							<String ID="string_198" HPOS="1147" VPOS="1238" WIDTH="245" HEIGHT="37" WC="0.91" CONTENT="Hernösands"/><SP WIDTH="28" VPOS="1238" HPOS="1392"/>
							<String ID="string_199" HPOS="1420" VPOS="1239" WIDTH="83" HEIGHT="37" WC="0.96" CONTENT="stift"/><SP WIDTH="27" VPOS="1239" HPOS="1503"/>
							<String ID="string_200" HPOS="1530" VPOS="1240" WIDTH="103" HEIGHT="48" WC="0.96" CONTENT="finge"/><SP WIDTH="27" VPOS="1240" HPOS="1633"/>
							<String ID="string_201" HPOS="1660" VPOS="1243" WIDTH="92" HEIGHT="46" WC="0.96" CONTENT="utgå"/><SP WIDTH="29" VPOS="1243" HPOS="1752"/>
							<String ID="string_202" HPOS="1781" VPOS="1240" WIDTH="86" HEIGHT="36" WC="0.93" CONTENT="med"/><SP WIDTH="29" VPOS="1240" HPOS="1867"/>
							<String ID="string_203" HPOS="1896" VPOS="1252" WIDTH="87" HEIGHT="24" WC="0.92" CONTENT="ena-"/>
						</TextLine>
						<TextLine ID="line_20" HPOS="388" VPOS="1287" WIDTH="1180" HEIGHT="52">
							<String ID="string_204" HPOS="388" VPOS="1287" WIDTH="123" HEIGHT="37" WC="0.96" CONTENT="handa"/><SP WIDTH="28" VPOS="1287" HPOS="511"/>
							<String ID="string_205" HPOS="539" VPOS="1289" WIDTH="140" HEIGHT="49" WC="0.96" CONTENT="belopp"/><SP WIDTH="29" VPOS="1289" HPOS="679"/>
							<String ID="string_206" HPOS="708" VPOS="1302" WIDTH="81" HEIGHT="23" WC="0.96" CONTENT="som"/><SP WIDTH="28" VPOS="1302" HPOS="789"/>
							<String ID="string_207" HPOS="817" VPOS="1289" WIDTH="12" HEIGHT="36" WC="0.96" CONTENT="i"/><SP WIDTH="29" VPOS="1289" HPOS="829"/>
							<String ID="string_208" HPOS="858" VPOS="1289" WIDTH="68" HEIGHT="36" WC="0.96" CONTENT="det"/><SP WIDTH="26" VPOS="1289" HPOS="926"/>
							<String ID="string_209" HPOS="952" VPOS="1290" WIDTH="220" HEIGHT="36" WC="0.92" CONTENT="nuvarande"/><SP WIDTH="27" VPOS="1290" HPOS="1172"/>
							<String ID="string_210" HPOS="1199" VPOS="1290" WIDTH="247" HEIGHT="37" WC="0.92" CONTENT="Hernösands"/><SP WIDTH="28" VPOS="1290" HPOS="1446"/>
							<String ID="string_211" HPOS="1474" VPOS="1291" WIDTH="94" HEIGHT="48" WC="0.96" CONTENT="stift,"/>
						</TextLine>
					</TextBlock>
					<TextBlock ID="block_5" HPOS="387" VPOS="1340" WIDTH="1600" HEIGHT="256">
						<TextLine ID="line_21" HPOS="517" VPOS="1340" WIDTH="1470" HEIGHT="52">
							<String ID="string_212" HPOS="517" VPOS="1345" WIDTH="56" HEIGHT="32" WC="0.95" CONTENT="att"/><SP WIDTH="29" VPOS="1345" HPOS="573"/>
							<String ID="string_213" HPOS="602" VPOS="1341" WIDTH="41" HEIGHT="36" WC="0.93" CONTENT="af"/><SP WIDTH="26" VPOS="1341" HPOS="643"/>
							<String ID="string_214" HPOS="669" VPOS="1340" WIDTH="607" HEIGHT="50" WC="0.90" CONTENT="biskopslöneregleringsfonden"/><SP WIDTH="28" VPOS="1340" HPOS="1276"/>
							<String ID="string_215" HPOS="1304" VPOS="1343" WIDTH="103" HEIGHT="49" WC="0.96" CONTENT="finge"/><SP WIDTH="30" VPOS="1343" HPOS="1407"/>
							<String ID="string_216" HPOS="1437" VPOS="1344" WIDTH="195" HEIGHT="36" WC="0.95" CONTENT="användas"/><SP WIDTH="20" VPOS="1344" HPOS="1632"/>
							<String ID="string_217" HPOS="1652" VPOS="1344" WIDTH="59" HEIGHT="36" WC="0.93" CONTENT="för"/><SP WIDTH="20" VPOS="1344" HPOS="1711"/>
							<String ID="string_218" HPOS="1731" VPOS="1343" WIDTH="198" HEIGHT="38" WC="0.91" CONTENT="aflönande"/><SP WIDTH="18" VPOS="1343" HPOS="1929"/>
							<String ID="string_219" HPOS="1947" VPOS="1345" WIDTH="40" HEIGHT="36" WC="0.96" CONTENT="af"/>
						</TextLine>
						<TextLine ID="line_22" HPOS="389" VPOS="1391" WIDTH="1593" HEIGHT="52">
							<String ID="string_220" HPOS="389" VPOS="1391" WIDTH="135" HEIGHT="50" WC="0.96" CONTENT="biskop"/><SP WIDTH="38" VPOS="1391" HPOS="524"/>
							<String ID="string_221" HPOS="562" VPOS="1392" WIDTH="13" HEIGHT="36" WC="0.82" CONTENT="i"/><SP WIDTH="29" VPOS="1392" HPOS="575"/>
							<String ID="string_222" HPOS="604" VPOS="1391" WIDTH="116" HEIGHT="38" WC="0.95" CONTENT="Luleå"/><SP WIDTH="28" VPOS="1391" HPOS="720"/>
							<String ID="string_223" HPOS="748" VPOS="1393" WIDTH="83" HEIGHT="36" WC="0.93" CONTENT="stift"/><SP WIDTH="31" VPOS="1393" HPOS="831"/>
							<String ID="string_224" HPOS="862" VPOS="1394" WIDTH="136" HEIGHT="45" WC="0.92" CONTENT="14,000"/><SP WIDTH="29" VPOS="1394" HPOS="998"/>
							<String ID="string_225" HPOS="1027" VPOS="1393" WIDTH="142" HEIGHT="37" WC="0.96" CONTENT="kronor"/><SP WIDTH="28" VPOS="1393" HPOS="1169"/>
							<String ID="string_226" HPOS="1197" VPOS="1394" WIDTH="157" HEIGHT="49" WC="0.96" CONTENT="årligen,"/><SP WIDTH="30" VPOS="1394" HPOS="1354"/>
							<String ID="string_227" HPOS="1384" VPOS="1395" WIDTH="110" HEIGHT="37" WC="0.92" CONTENT="däraf"/><SP WIDTH="28" VPOS="1395" HPOS="1494"/>
							<String ID="string_228" HPOS="1522" VPOS="1397" WIDTH="137" HEIGHT="46" WC="0.92" CONTENT="12,000"/><SP WIDTH="28" VPOS="1397" HPOS="1659"/>
							<String ID="string_229" HPOS="1687" VPOS="1396" WIDTH="143" HEIGHT="36" WC="0.96" CONTENT="kronor"/><SP WIDTH="28" VPOS="1396" HPOS="1830"/>
							<String ID="string_230" HPOS="1858" VPOS="1399" WIDTH="124" HEIGHT="33" WC="0.96" CONTENT="såsom"/>
						</TextLine>
						<TextLine ID="line_23" HPOS="387" VPOS="1443" WIDTH="1596" HEIGHT="54">
							<String ID="string_231" HPOS="387" VPOS="1443" WIDTH="64" HEIGHT="37" WC="0.95" CONTENT="lön"/><SP WIDTH="41" VPOS="1443" HPOS="451"/>
							<String ID="string_232" HPOS="492" VPOS="1443" WIDTH="71" HEIGHT="37" WC="0.92" CONTENT="och"/><SP WIDTH="44" VPOS="1443" HPOS="563"/>
							<String ID="string_233" HPOS="607" VPOS="1446" WIDTH="112" HEIGHT="45" WC="0.91" CONTENT="2,000"/><SP WIDTH="35" VPOS="1446" HPOS="719"/>
							<String ID="string_234" HPOS="754" VPOS="1444" WIDTH="142" HEIGHT="42" WC="0.96" CONTENT="kronor"/><SP WIDTH="28" VPOS="1444" HPOS="896"/>
							<String ID="string_235" HPOS="924" VPOS="1447" WIDTH="122" HEIGHT="34" WC="0.93" CONTENT="såsom"/><SP WIDTH="30" VPOS="1447" HPOS="1046"/>
							<String ID="string_236" HPOS="1076" VPOS="1445" WIDTH="345" HEIGHT="51" WC="0.90" CONTENT="hyresersättning,"/><SP WIDTH="30" VPOS="1445" HPOS="1421"/>
							<String ID="string_237" HPOS="1451" VPOS="1452" WIDTH="96" HEIGHT="32" WC="0.96" CONTENT="samt"/><SP WIDTH="29" VPOS="1452" HPOS="1547"/>
							<String ID="string_238" HPOS="1576" VPOS="1448" WIDTH="62" HEIGHT="36" WC="0.96" CONTENT="för"/><SP WIDTH="27" VPOS="1448" HPOS="1638"/>
							<String ID="string_239" HPOS="1665" VPOS="1447" WIDTH="186" HEIGHT="50" WC="0.96" CONTENT="biskopen"/><SP WIDTH="29" VPOS="1447" HPOS="1851"/>
							<String ID="string_240" HPOS="1880" VPOS="1448" WIDTH="11" HEIGHT="35" WC="0.96" CONTENT="i"/><SP WIDTH="29" VPOS="1448" HPOS="1891"/>
							<String ID="string_241" HPOS="1920" VPOS="1448" WIDTH="63" HEIGHT="36" WC="0.96" CONTENT="det"/>
						</TextLine>
						<TextLine ID="line_24" HPOS="388" VPOS="1495" WIDTH="1595" HEIGHT="52">
							<String ID="string_242" HPOS="388" VPOS="1509" WIDTH="75" HEIGHT="35" WC="0.96" CONTENT="nya"/><SP WIDTH="41" VPOS="1509" HPOS="463"/>
							<String ID="string_243" HPOS="504" VPOS="1495" WIDTH="125" HEIGHT="50" WC="0.95" CONTENT="Växjö"/><SP WIDTH="42" VPOS="1495" HPOS="629"/>
							<String ID="string_244" HPOS="671" VPOS="1496" WIDTH="93" HEIGHT="47" WC="0.93" CONTENT="stift,"/><SP WIDTH="42" VPOS="1496" HPOS="764"/>
							<String ID="string_245" HPOS="806" VPOS="1496" WIDTH="152" HEIGHT="36" WC="0.93" CONTENT="utöfver"/><SP WIDTH="33" VPOS="1496" HPOS="958"/>
							<String ID="string_246" HPOS="991" VPOS="1496" WIDTH="273" HEIGHT="49" WC="0.92" CONTENT="biskopslönen"/><SP WIDTH="29" VPOS="1496" HPOS="1264"/>
							<String ID="string_247" HPOS="1293" VPOS="1498" WIDTH="12" HEIGHT="35" WC="0.96" CONTENT="i"/><SP WIDTH="29" VPOS="1498" HPOS="1305"/>
							<String ID="string_248" HPOS="1334" VPOS="1499" WIDTH="218" HEIGHT="36" WC="0.96" CONTENT="nuvarande"/><SP WIDTH="29" VPOS="1499" HPOS="1552"/>
							<String ID="string_249" HPOS="1581" VPOS="1499" WIDTH="125" HEIGHT="48" WC="0.96" CONTENT="Växjö"/><SP WIDTH="30" VPOS="1499" HPOS="1706"/>
							<String ID="string_250" HPOS="1736" VPOS="1499" WIDTH="93" HEIGHT="47" WC="0.96" CONTENT="stift,"/><SP WIDTH="30" VPOS="1499" HPOS="1829"/>
							<String ID="string_251" HPOS="1859" VPOS="1502" WIDTH="124" HEIGHT="34" WC="0.96" CONTENT="såsom"/>
						</TextLine>
						<TextLine ID="line_25" HPOS="388" VPOS="1546" WIDTH="727" HEIGHT="50">
							<String ID="string_252" HPOS="388" VPOS="1546" WIDTH="230" HEIGHT="50" WC="0.91" CONTENT="lönetillägg"/><SP WIDTH="28" VPOS="1546" HPOS="618"/>
							<String ID="string_253" HPOS="646" VPOS="1549" WIDTH="113" HEIGHT="46" WC="0.91" CONTENT="2,000"/><SP WIDTH="29" VPOS="1549" HPOS="759"/>
							<String ID="string_254" HPOS="788" VPOS="1547" WIDTH="140" HEIGHT="37" WC="0.96" CONTENT="kronor"/><SP WIDTH="27" VPOS="1547" HPOS="928"/>
							<String ID="string_255" HPOS="955" VPOS="1547" WIDTH="160" HEIGHT="48" WC="0.96" CONTENT="årligen,"/>
						</TextLine>
					</TextBlock>
					<TextBlock ID="block_6" HPOS="388" VPOS="1599" WIDTH="1595" HEIGHT="154">
						<TextLine ID="line_26" HPOS="516" VPOS="1599" WIDTH="1467" HEIGHT="52">
							<String ID="string_256" HPOS="516" VPOS="1604" WIDTH="58" HEIGHT="31" WC="0.93" CONTENT="att"/><SP WIDTH="29" VPOS="1604" HPOS="574"/>
							<String ID="string_257" HPOS="603" VPOS="1599" WIDTH="172" HEIGHT="37" WC="0.93" CONTENT="notarien"/><SP WIDTH="29" VPOS="1599" HPOS="775"/>
							<String ID="string_258" HPOS="804" VPOS="1599" WIDTH="71" HEIGHT="37" WC="0.92" CONTENT="och"/><SP WIDTH="30" VPOS="1599" HPOS="875"/>
							<String ID="string_259" HPOS="905" VPOS="1612" WIDTH="258" HEIGHT="25" WC="0.91" CONTENT="amanuensen"/><SP WIDTH="28" VPOS="1612" HPOS="1163"/>
							<String ID="string_260" HPOS="1191" VPOS="1600" WIDTH="63" HEIGHT="36" WC="0.96" CONTENT="vid"/><SP WIDTH="17" VPOS="1600" HPOS="1254"/>
							<String ID="string_261" HPOS="1271" VPOS="1600" WIDTH="248" HEIGHT="51" WC="0.96" CONTENT="domkapitlet"/><SP WIDTH="21" VPOS="1600" HPOS="1519"/>
							<String ID="string_262" HPOS="1540" VPOS="1600" WIDTH="12" HEIGHT="37" WC="0.96" CONTENT="i"/><SP WIDTH="16" VPOS="1600" HPOS="1552"/>
							<String ID="string_263" HPOS="1568" VPOS="1601" WIDTH="66" HEIGHT="37" WC="0.95" CONTENT="det"/><SP WIDTH="13" VPOS="1601" HPOS="1634"/>
							<String ID="string_264" HPOS="1647" VPOS="1615" WIDTH="74" HEIGHT="36" WC="0.93" CONTENT="nya"/><SP WIDTH="15" VPOS="1615" HPOS="1721"/>
							<String ID="string_265" HPOS="1736" VPOS="1602" WIDTH="247" HEIGHT="38" WC="0.91" CONTENT="Hernösands"/>
						</TextLine>
						<TextLine ID="line_27" HPOS="389" VPOS="1650" WIDTH="1594" HEIGHT="50">
							<String ID="string_266" HPOS="389" VPOS="1650" WIDTH="82" HEIGHT="37" WC="0.92" CONTENT="stift"/><SP WIDTH="40" VPOS="1650" HPOS="471"/>
							<String ID="string_267" HPOS="511" VPOS="1652" WIDTH="106" HEIGHT="48" WC="0.92" CONTENT="finge"/><SP WIDTH="43" VPOS="1652" HPOS="617"/>
							<String ID="string_268" HPOS="660" VPOS="1651" WIDTH="147" HEIGHT="49" WC="0.96" CONTENT="åtnjuta"/><SP WIDTH="42" VPOS="1651" HPOS="807"/>
							<String ID="string_269" HPOS="849" VPOS="1651" WIDTH="198" HEIGHT="37" WC="0.91" CONTENT="enahanda"/><SP WIDTH="40" VPOS="1651" HPOS="1047"/>
							<String ID="string_270" HPOS="1087" VPOS="1651" WIDTH="291" HEIGHT="49" WC="0.91" CONTENT="löneförmåner,"/><SP WIDTH="43" VPOS="1651" HPOS="1378"/>
							<String ID="string_271" HPOS="1421" VPOS="1666" WIDTH="79" HEIGHT="23" WC="0.94" CONTENT="som"/><SP WIDTH="39" VPOS="1666" HPOS="1500"/>
							<String ID="string_272" HPOS="1539" VPOS="1653" WIDTH="185" HEIGHT="38" WC="0.94" CONTENT="bestämts"/><SP WIDTH="28" VPOS="1653" HPOS="1724"/>
							<String ID="string_273" HPOS="1752" VPOS="1654" WIDTH="59" HEIGHT="37" WC="0.96" CONTENT="för"/><SP WIDTH="28" VPOS="1654" HPOS="1811"/>
							<String ID="string_274" HPOS="1839" VPOS="1667" WIDTH="144" HEIGHT="24" WC="0.95" CONTENT="samma"/>
						</TextLine>
						<TextLine ID="line_28" HPOS="388" VPOS="1702" WIDTH="1384" HEIGHT="51">
							<String ID="string_275" HPOS="388" VPOS="1702" WIDTH="234" HEIGHT="48" WC="0.96" CONTENT="tjänstemän"/><SP WIDTH="28" VPOS="1702" HPOS="622"/>
							<String ID="string_276" HPOS="650" VPOS="1703" WIDTH="64" HEIGHT="36" WC="0.96" CONTENT="vid"/><SP WIDTH="29" VPOS="1703" HPOS="714"/>
							<String ID="string_277" HPOS="743" VPOS="1703" WIDTH="251" HEIGHT="49" WC="0.96" CONTENT="domkapitlet"/><SP WIDTH="27" VPOS="1703" HPOS="994"/>
							<String ID="string_278" HPOS="1021" VPOS="1704" WIDTH="11" HEIGHT="35" WC="0.95" CONTENT="i"/><SP WIDTH="30" VPOS="1704" HPOS="1032"/>
							<String ID="string_279" HPOS="1062" VPOS="1704" WIDTH="65" HEIGHT="36" WC="0.96" CONTENT="det"/><SP WIDTH="27" VPOS="1704" HPOS="1127"/>
							<String ID="string_280" HPOS="1154" VPOS="1705" WIDTH="220" HEIGHT="36" WC="0.92" CONTENT="nuvarande"/><SP WIDTH="30" VPOS="1705" HPOS="1374"/>
							<String ID="string_281" HPOS="1404" VPOS="1705" WIDTH="247" HEIGHT="37" WC="0.92" CONTENT="Hernösands"/><SP WIDTH="28" VPOS="1705" HPOS="1651"/>
							<String ID="string_282" HPOS="1679" VPOS="1706" WIDTH="93" HEIGHT="47" WC="0.96" CONTENT="stift,"/>
						</TextLine>
					</TextBlock>
					<TextBlock ID="block_7" HPOS="388" VPOS="1755" WIDTH="1595" HEIGHT="204">
						<TextLine ID="line_29" HPOS="518" VPOS="1755" WIDTH="1465" HEIGHT="51">
							<String ID="string_283" HPOS="518" VPOS="1760" WIDTH="56" HEIGHT="31" WC="0.96" CONTENT="att"/><SP WIDTH="43" VPOS="1760" HPOS="574"/>
							<String ID="string_284" HPOS="617" VPOS="1756" WIDTH="59" HEIGHT="35" WC="0.96" CONTENT="för"/><SP WIDTH="28" VPOS="1756" HPOS="676"/>
							<String ID="string_285" HPOS="704" VPOS="1755" WIDTH="249" HEIGHT="49" WC="0.96" CONTENT="domkapitlet"/><SP WIDTH="27" VPOS="1755" HPOS="953"/>
							<String ID="string_286" HPOS="980" VPOS="1756" WIDTH="12" HEIGHT="35" WC="0.96" CONTENT="i"/><SP WIDTH="28" VPOS="1756" HPOS="992"/>
							<String ID="string_287" HPOS="1020" VPOS="1756" WIDTH="118" HEIGHT="36" WC="0.96" CONTENT="Luleå"/><SP WIDTH="29" VPOS="1756" HPOS="1138"/>
							<String ID="string_288" HPOS="1167" VPOS="1756" WIDTH="83" HEIGHT="37" WC="0.96" CONTENT="stift"/><SP WIDTH="27" VPOS="1756" HPOS="1250"/>
							<String ID="string_289" HPOS="1277" VPOS="1758" WIDTH="103" HEIGHT="47" WC="0.96" CONTENT="finge"/><SP WIDTH="30" VPOS="1758" HPOS="1380"/>
							<String ID="string_290" HPOS="1410" VPOS="1760" WIDTH="48" HEIGHT="46" WC="0.96" CONTENT="på"/><SP WIDTH="28" VPOS="1760" HPOS="1458"/>
							<String ID="string_291" HPOS="1486" VPOS="1762" WIDTH="106" HEIGHT="31" WC="0.96" CONTENT="extra"/><SP WIDTH="30" VPOS="1762" HPOS="1592"/>
							<String ID="string_292" HPOS="1622" VPOS="1763" WIDTH="77" HEIGHT="31" WC="0.96" CONTENT="stat"/><SP WIDTH="27" VPOS="1763" HPOS="1699"/>
							<String ID="string_293" HPOS="1726" VPOS="1758" WIDTH="60" HEIGHT="36" WC="0.97" CONTENT="för"/><SP WIDTH="29" VPOS="1758" HPOS="1786"/>
							<String ID="string_294" HPOS="1815" VPOS="1762" WIDTH="40" HEIGHT="32" WC="0.96" CONTENT="år"/><SP WIDTH="32" VPOS="1762" HPOS="1855"/>
							<String ID="string_295" HPOS="1887" VPOS="1759" WIDTH="96" HEIGHT="35" WC="0.96" CONTENT="1904"/>
						</TextLine>
						<TextLine ID="line_30" HPOS="388" VPOS="1807" WIDTH="1594" HEIGHT="49">
							<String ID="string_296" HPOS="388" VPOS="1809" WIDTH="92" HEIGHT="45" WC="0.93" CONTENT="utgå"/><SP WIDTH="29" VPOS="1809" HPOS="480"/>
							<String ID="string_297" HPOS="509" VPOS="1807" WIDTH="171" HEIGHT="49" WC="0.91" CONTENT="aflöning"/><SP WIDTH="29" VPOS="1807" HPOS="680"/>
							<String ID="string_298" HPOS="709" VPOS="1807" WIDTH="56" HEIGHT="36" WC="0.96" CONTENT="till"/><SP WIDTH="28" VPOS="1807" HPOS="765"/>
							<String ID="string_299" HPOS="793" VPOS="1807" WIDTH="145" HEIGHT="36" WC="0.96" CONTENT="notarie"/><SP WIDTH="28" VPOS="1807" HPOS="938"/>
							<String ID="string_300" HPOS="966" VPOS="1808" WIDTH="86" HEIGHT="36" WC="0.93" CONTENT="med"/><SP WIDTH="29" VPOS="1808" HPOS="1052"/>
							<String ID="string_301" HPOS="1081" VPOS="1809" WIDTH="115" HEIGHT="46" WC="0.89" CONTENT="4,500"/><SP WIDTH="28" VPOS="1809" HPOS="1196"/>
							<String ID="string_302" HPOS="1224" VPOS="1809" WIDTH="152" HEIGHT="47" WC="0.96" CONTENT="kronor,"/><SP WIDTH="31" VPOS="1809" HPOS="1376"/>
							<String ID="string_303" HPOS="1407" VPOS="1809" WIDTH="111" HEIGHT="36" WC="0.93" CONTENT="däraf"/><SP WIDTH="26" VPOS="1809" HPOS="1518"/>
							<String ID="string_304" HPOS="1544" VPOS="1810" WIDTH="113" HEIGHT="46" WC="0.92" CONTENT="3,000"/><SP WIDTH="28" VPOS="1810" HPOS="1657"/>
							<String ID="string_305" HPOS="1685" VPOS="1810" WIDTH="140" HEIGHT="36" WC="0.93" CONTENT="kronor"/><SP WIDTH="24" VPOS="1810" HPOS="1825"/>
							<String ID="string_306" HPOS="1849" VPOS="1809" WIDTH="133" HEIGHT="36" WC="0.92" CONTENT="beräk-"/>
						</TextLine>
						<TextLine ID="line_31" HPOS="388" VPOS="1858" WIDTH="1594" HEIGHT="51">
							<String ID="string_307" HPOS="388" VPOS="1858" WIDTH="96" HEIGHT="36" WC="0.96" CONTENT="nade"/><SP WIDTH="30" VPOS="1858" HPOS="484"/>
							<String ID="string_308" HPOS="514" VPOS="1871" WIDTH="81" HEIGHT="24" WC="0.96" CONTENT="som"/><SP WIDTH="29" VPOS="1871" HPOS="595"/>
							<String ID="string_309" HPOS="624" VPOS="1858" WIDTH="63" HEIGHT="37" WC="0.96" CONTENT="lön"/><SP WIDTH="28" VPOS="1858" HPOS="687"/>
							<String ID="string_310" HPOS="715" VPOS="1859" WIDTH="70" HEIGHT="36" WC="0.93" CONTENT="och"/><SP WIDTH="23" VPOS="1859" HPOS="785"/>
							<String ID="string_311" HPOS="808" VPOS="1860" WIDTH="111" HEIGHT="47" WC="0.92" CONTENT="1,500"/><SP WIDTH="15" VPOS="1860" HPOS="919"/>
							<String ID="string_312" HPOS="934" VPOS="1859" WIDTH="140" HEIGHT="36" WC="0.96" CONTENT="kronor"/><SP WIDTH="15" VPOS="1859" HPOS="1074"/>
							<String ID="string_313" HPOS="1089" VPOS="1872" WIDTH="80" HEIGHT="24" WC="0.93" CONTENT="som"/><SP WIDTH="17" VPOS="1872" HPOS="1169"/>
							<String ID="string_314" HPOS="1186" VPOS="1860" WIDTH="510" HEIGHT="49" WC="0.90" CONTENT="tjänstgöringspenningar,"/><SP WIDTH="18" VPOS="1860" HPOS="1696"/>
							<String ID="string_315" HPOS="1714" VPOS="1865" WIDTH="99" HEIGHT="32" WC="0.93" CONTENT="samt"/><SP WIDTH="15" VPOS="1865" HPOS="1813"/>
							<String ID="string_316" HPOS="1828" VPOS="1860" WIDTH="154" HEIGHT="38" WC="0.90" CONTENT="arfvode"/>
						</TextLine>
						<TextLine ID="line_32" HPOS="388" VPOS="1908" WIDTH="732" HEIGHT="51">
							<String ID="string_317" HPOS="388" VPOS="1908" WIDTH="56" HEIGHT="37" WC="0.95" CONTENT="till"/><SP WIDTH="29" VPOS="1908" HPOS="444"/>
							<String ID="string_318" HPOS="473" VPOS="1922" WIDTH="209" HEIGHT="25" WC="0.95" CONTENT="amanuens"/><SP WIDTH="27" VPOS="1922" HPOS="682"/>
							<String ID="string_319" HPOS="709" VPOS="1910" WIDTH="86" HEIGHT="37" WC="0.93" CONTENT="med"/><SP WIDTH="32" VPOS="1910" HPOS="795"/>
							<String ID="string_320" HPOS="827" VPOS="1912" WIDTH="112" HEIGHT="46" WC="0.90" CONTENT="1,800"/><SP WIDTH="28" VPOS="1912" HPOS="939"/>
							<String ID="string_321" HPOS="967" VPOS="1911" WIDTH="153" HEIGHT="48" WC="0.96" CONTENT="kronor,"/>
						</TextLine>
					</TextBlock>
					<TextBlock ID="block_8" HPOS="386" VPOS="1962" WIDTH="1598" HEIGHT="203">
						<TextLine ID="line_33" HPOS="490" VPOS="1962" WIDTH="1493" HEIGHT="53">
							<String ID="string_322" HPOS="490" VPOS="1966" WIDTH="53" HEIGHT="32" WC="0.90" CONTENT="att"/><SP WIDTH="41" VPOS="1966" HPOS="543"/>
							<String ID="string_323" HPOS="584" VPOS="1962" WIDTH="61" HEIGHT="37" WC="0.92" CONTENT="för"/><SP WIDTH="40" VPOS="1962" HPOS="645"/>
							<String ID="string_324" HPOS="685" VPOS="1962" WIDTH="251" HEIGHT="50" WC="0.96" CONTENT="domkapitlet"/><SP WIDTH="40" VPOS="1962" HPOS="936"/>
							<String ID="string_325" HPOS="976" VPOS="1963" WIDTH="11" HEIGHT="35" WC="0.96" CONTENT="i"/><SP WIDTH="42" VPOS="1963" HPOS="987"/>
							<String ID="string_326" HPOS="1029" VPOS="1963" WIDTH="65" HEIGHT="36" WC="0.96" CONTENT="det"/><SP WIDTH="41" VPOS="1963" HPOS="1094"/>
							<String ID="string_327" HPOS="1135" VPOS="1977" WIDTH="76" HEIGHT="36" WC="0.95" CONTENT="nya"/><SP WIDTH="40" VPOS="1977" HPOS="1211"/>
							<String ID="string_328" HPOS="1251" VPOS="1964" WIDTH="122" HEIGHT="49" WC="0.96" CONTENT="Växjö"/><SP WIDTH="43" VPOS="1964" HPOS="1373"/>
							<String ID="string_329" HPOS="1416" VPOS="1964" WIDTH="83" HEIGHT="37" WC="0.96" CONTENT="stift"/><SP WIDTH="27" VPOS="1964" HPOS="1499"/>
							<String ID="string_330" HPOS="1526" VPOS="1964" WIDTH="225" HEIGHT="50" WC="0.96" CONTENT="förhöjning"/><SP WIDTH="28" VPOS="1964" HPOS="1751"/>
							<String ID="string_331" HPOS="1779" VPOS="1965" WIDTH="102" HEIGHT="49" WC="0.96" CONTENT="finge"/><SP WIDTH="30" VPOS="1965" HPOS="1881"/>
							<String ID="string_332" HPOS="1911" VPOS="1970" WIDTH="72" HEIGHT="45" WC="0.96" CONTENT="äga"/>
						</TextLine>
						<TextLine ID="line_34" HPOS="386" VPOS="2014" WIDTH="1597" HEIGHT="49">
							<String ID="string_333" HPOS="386" VPOS="2026" WIDTH="83" HEIGHT="23" WC="0.96" CONTENT="rum"/><SP WIDTH="30" VPOS="2026" HPOS="469"/>
							<String ID="string_334" HPOS="499" VPOS="2014" WIDTH="41" HEIGHT="35" WC="0.93" CONTENT="af"/><SP WIDTH="24" VPOS="2014" HPOS="540"/>
							<String ID="string_335" HPOS="564" VPOS="2014" WIDTH="193" HEIGHT="37" WC="0.91" CONTENT="notariens"/><SP WIDTH="29" VPOS="2014" HPOS="757"/>
							<String ID="string_336" HPOS="786" VPOS="2015" WIDTH="169" HEIGHT="48" WC="0.91" CONTENT="aflöning"/><SP WIDTH="27" VPOS="2015" HPOS="955"/>
							<String ID="string_337" HPOS="982" VPOS="2014" WIDTH="57" HEIGHT="37" WC="0.93" CONTENT="till"/><SP WIDTH="29" VPOS="2014" HPOS="1039"/>
							<String ID="string_338" HPOS="1068" VPOS="2016" WIDTH="114" HEIGHT="46" WC="0.92" CONTENT="4,500"/><SP WIDTH="28" VPOS="2016" HPOS="1182"/>
							<String ID="string_339" HPOS="1210" VPOS="2016" WIDTH="150" HEIGHT="44" WC="0.95" CONTENT="kronor,"/><SP WIDTH="31" VPOS="2016" HPOS="1360"/>
							<String ID="string_340" HPOS="1391" VPOS="2016" WIDTH="111" HEIGHT="36" WC="0.93" CONTENT="däraf"/><SP WIDTH="25" VPOS="2016" HPOS="1502"/>
							<String ID="string_341" HPOS="1527" VPOS="2017" WIDTH="114" HEIGHT="46" WC="0.92" CONTENT="3,000"/><SP WIDTH="29" VPOS="2017" HPOS="1641"/>
							<String ID="string_342" HPOS="1670" VPOS="2016" WIDTH="141" HEIGHT="37" WC="0.96" CONTENT="kronor"/><SP WIDTH="21" VPOS="2016" HPOS="1811"/>
							<String ID="string_343" HPOS="1832" VPOS="2018" WIDTH="64" HEIGHT="36" WC="0.95" CONTENT="lön"/><SP WIDTH="16" VPOS="2018" HPOS="1896"/>
							<String ID="string_344" HPOS="1912" VPOS="2018" WIDTH="71" HEIGHT="36" WC="0.95" CONTENT="och"/>
						</TextLine>
						<TextLine ID="line_35" HPOS="391" VPOS="2065" WIDTH="1593" HEIGHT="51">
							<String ID="string_345" HPOS="391" VPOS="2066" WIDTH="110" HEIGHT="46" WC="0.91" CONTENT="1,500"/><SP WIDTH="35" VPOS="2066" HPOS="501"/>
							<String ID="string_346" HPOS="536" VPOS="2065" WIDTH="144" HEIGHT="37" WC="0.93" CONTENT="kronor"/><SP WIDTH="28" VPOS="2065" HPOS="680"/>
							<String ID="string_347" HPOS="708" VPOS="2066" WIDTH="508" HEIGHT="50" WC="0.92" CONTENT="tjänstgöringspenningar,"/><SP WIDTH="30" VPOS="2066" HPOS="1216"/>
							<String ID="string_348" HPOS="1246" VPOS="2073" WIDTH="97" HEIGHT="31" WC="0.96" CONTENT="samt"/><SP WIDTH="29" VPOS="2073" HPOS="1343"/>
							<String ID="string_349" HPOS="1372" VPOS="2068" WIDTH="41" HEIGHT="36" WC="0.93" CONTENT="af"/><SP WIDTH="24" VPOS="2068" HPOS="1413"/>
							<String ID="string_350" HPOS="1437" VPOS="2081" WIDTH="278" HEIGHT="24" WC="0.92" CONTENT="amanuensens"/><SP WIDTH="29" VPOS="2081" HPOS="1715"/>
							<String ID="string_351" HPOS="1744" VPOS="2069" WIDTH="154" HEIGHT="37" WC="0.92" CONTENT="arfvode"/><SP WIDTH="29" VPOS="2069" HPOS="1898"/>
							<String ID="string_352" HPOS="1927" VPOS="2069" WIDTH="57" HEIGHT="36" WC="0.96" CONTENT="till"/>
						</TextLine>
						<TextLine ID="line_36" HPOS="392" VPOS="2117" WIDTH="291" HEIGHT="48">
							<String ID="string_353" HPOS="392" VPOS="2118" WIDTH="110" HEIGHT="46" WC="0.91" CONTENT="1,800"/><SP WIDTH="28" VPOS="2118" HPOS="502"/>
							<String ID="string_354" HPOS="530" VPOS="2117" WIDTH="153" HEIGHT="48" WC="0.96" CONTENT="kronor,"/>
						</TextLine>
					</TextBlock>
					<TextBlock ID="block_9" HPOS="387" VPOS="2169" WIDTH="1597" HEIGHT="208">
						<TextLine ID="line_37" HPOS="516" VPOS="2169" WIDTH="1468" HEIGHT="50">
							<String ID="string_355" HPOS="516" VPOS="2173" WIDTH="99" HEIGHT="32" WC="0.95" CONTENT="samt"/><SP WIDTH="42" VPOS="2173" HPOS="615"/>
							<String ID="string_356" HPOS="657" VPOS="2174" WIDTH="54" HEIGHT="32" WC="0.96" CONTENT="att"/><SP WIDTH="40" VPOS="2174" HPOS="711"/>
							<String ID="string_357" HPOS="751" VPOS="2169" WIDTH="252" HEIGHT="50" WC="0.96" CONTENT="domkapitlet"/><SP WIDTH="40" VPOS="2169" HPOS="1003"/>
							<String ID="string_358" HPOS="1043" VPOS="2169" WIDTH="12" HEIGHT="36" WC="0.96" CONTENT="i"/><SP WIDTH="42" VPOS="2169" HPOS="1055"/>
							<String ID="string_359" HPOS="1097" VPOS="2170" WIDTH="117" HEIGHT="37" WC="0.94" CONTENT="Luleå"/><SP WIDTH="43" VPOS="2170" HPOS="1214"/>
							<String ID="string_360" HPOS="1257" VPOS="2174" WIDTH="115" HEIGHT="34" WC="0.96" CONTENT="måtte"/><SP WIDTH="34" VPOS="2174" HPOS="1372"/>
							<String ID="string_361" HPOS="1406" VPOS="2172" WIDTH="83" HEIGHT="35" WC="0.96" CONTENT="från"/><SP WIDTH="29" VPOS="2172" HPOS="1489"/>
							<String ID="string_362" HPOS="1518" VPOS="2172" WIDTH="65" HEIGHT="36" WC="0.96" CONTENT="det"/><SP WIDTH="27" VPOS="2172" HPOS="1583"/>
							<String ID="string_363" HPOS="1610" VPOS="2172" WIDTH="120" HEIGHT="35" WC="0.93" CONTENT="under"/><SP WIDTH="27" VPOS="2172" HPOS="1730"/>
							<String ID="string_364" HPOS="1757" VPOS="2172" WIDTH="227" HEIGHT="37" WC="0.91" CONTENT="riksstatens"/>
						</TextLine>
						<TextLine ID="line_38" HPOS="388" VPOS="2220" WIDTH="1595" HEIGHT="52">
							<String ID="string_365" HPOS="388" VPOS="2221" WIDTH="153" HEIGHT="36" WC="0.93" CONTENT="åttonde"/><SP WIDTH="34" VPOS="2221" HPOS="541"/>
							<String ID="string_366" HPOS="575" VPOS="2220" WIDTH="231" HEIGHT="38" WC="0.92" CONTENT="hufvudtitel"/><SP WIDTH="37" VPOS="2220" HPOS="806"/>
							<String ID="string_367" HPOS="843" VPOS="2222" WIDTH="188" HEIGHT="49" WC="0.91" CONTENT="uppförda"/><SP WIDTH="36" VPOS="2222" HPOS="1031"/>
							<String ID="string_368" HPOS="1067" VPOS="2221" WIDTH="361" HEIGHT="51" WC="0.90" CONTENT="förslagsanslaget:"/><SP WIDTH="39" VPOS="2221" HPOS="1428"/>
							<String ID="string_369" HPOS="1467" VPOS="2223" WIDTH="327" HEIGHT="37" WC="0.91" CONTENT="skrifmaterialier"/><SP WIDTH="28" VPOS="2223" HPOS="1794"/>
							<String ID="string_370" HPOS="1822" VPOS="2224" WIDTH="69" HEIGHT="37" WC="0.91" CONTENT="och"/><SP WIDTH="30" VPOS="2224" HPOS="1891"/>
							<String ID="string_371" HPOS="1921" VPOS="2237" WIDTH="62" HEIGHT="24" WC="0.87" CONTENT="ex-"/>
						</TextLine>
						<TextLine ID="line_39" HPOS="387" VPOS="2272" WIDTH="1596" HEIGHT="53">
							<String ID="string_372" HPOS="387" VPOS="2285" WIDTH="148" HEIGHT="35" WC="0.90" CONTENT="penser,"/><SP WIDTH="30" VPOS="2285" HPOS="535"/>
							<String ID="string_373" HPOS="565" VPOS="2272" WIDTH="75" HEIGHT="38" WC="0.93" CONTENT="ved"/><SP WIDTH="28" VPOS="2272" HPOS="640"/>
							<String ID="string_374" HPOS="668" VPOS="2286" WIDTH="47" HEIGHT="23" WC="0.91" CONTENT="m."/><SP WIDTH="31" VPOS="2286" HPOS="715"/>
							<String ID="string_375" HPOS="746" VPOS="2286" WIDTH="61" HEIGHT="35" WC="0.90" CONTENT="m.,"/><SP WIDTH="30" VPOS="2286" HPOS="807"/>
							<String ID="string_376" HPOS="837" VPOS="2278" WIDTH="102" HEIGHT="32" WC="0.96" CONTENT="emot"/><SP WIDTH="28" VPOS="2278" HPOS="939"/>
							<String ID="string_377" HPOS="967" VPOS="2273" WIDTH="248" HEIGHT="49" WC="0.93" CONTENT="redovisning"/><SP WIDTH="26" VPOS="2273" HPOS="1215"/>
							<String ID="string_378" HPOS="1241" VPOS="2275" WIDTH="117" HEIGHT="36" WC="0.92" CONTENT="undfå"/><SP WIDTH="21" VPOS="2275" HPOS="1358"/>
							<String ID="string_379" HPOS="1379" VPOS="2275" WIDTH="249" HEIGHT="48" WC="0.96" CONTENT="erforderliga"/><SP WIDTH="20" VPOS="2275" HPOS="1628"/>
							<String ID="string_380" HPOS="1648" VPOS="2275" WIDTH="121" HEIGHT="36" WC="0.96" CONTENT="medel"/><SP WIDTH="19" VPOS="2275" HPOS="1769"/>
							<String ID="string_381" HPOS="1788" VPOS="2275" WIDTH="58" HEIGHT="37" WC="0.96" CONTENT="till"/><SP WIDTH="20" VPOS="2275" HPOS="1846"/>
							<String ID="string_382" HPOS="1866" VPOS="2276" WIDTH="117" HEIGHT="49" WC="0.96" CONTENT="inköp"/>
						</TextLine>
						<TextLine ID="line_40" HPOS="388" VPOS="2323" WIDTH="1596" HEIGHT="54">
							<String ID="string_383" HPOS="388" VPOS="2323" WIDTH="41" HEIGHT="36" WC="0.92" CONTENT="af"/><SP WIDTH="36" VPOS="2323" HPOS="429"/>
							<String ID="string_384" HPOS="465" VPOS="2324" WIDTH="341" HEIGHT="50" WC="0.91" CONTENT="skrifmaterialier,"/><SP WIDTH="42" VPOS="2324" HPOS="806"/>
							<String ID="string_385" HPOS="848" VPOS="2325" WIDTH="116" HEIGHT="49" WC="0.96" CONTENT="inköp"/><SP WIDTH="41" VPOS="2325" HPOS="964"/>
							<String ID="string_386" HPOS="1005" VPOS="2326" WIDTH="41" HEIGHT="36" WC="0.96" CONTENT="af"/><SP WIDTH="39" VPOS="2326" HPOS="1046"/>
							<String ID="string_387" HPOS="1085" VPOS="2326" WIDTH="143" HEIGHT="49" WC="0.60" CONTENT="nödiga"/><SP WIDTH="32" VPOS="2326" HPOS="1228"/>
							<String ID="string_388" HPOS="1260" VPOS="2327" WIDTH="240" HEIGHT="48" WC="0.96" CONTENT="inventarier,"/><SP WIDTH="30" VPOS="2327" HPOS="1500"/>
							<String ID="string_389" HPOS="1530" VPOS="2326" WIDTH="256" HEIGHT="51" WC="0.96" CONTENT="renhållning,"/><SP WIDTH="29" VPOS="2326" HPOS="1786"/>
							<String ID="string_390" HPOS="1815" VPOS="2341" WIDTH="69" HEIGHT="36" WC="0.96" CONTENT="gas"/><SP WIDTH="29" VPOS="2341" HPOS="1884"/>
							<String ID="string_391" HPOS="1913" VPOS="2328" WIDTH="71" HEIGHT="36" WC="0.96" CONTENT="och"/>
						</TextLine>
					</TextBlock>
				</ComposedBlock>
			</PrintSpace>
		</Page>
	</Layout>
</alto>
