2212 2630
412 203 19 29 6
928 206 230 37 Lagutskottets
1184 207 161 30 Utlåtande
1367 208 60 29 N:o
1450 209 50 28 23.

412 280 80 35 från
522 282 143 34 formell
694 282 189 47 synpunkt
914 282 275 48 otvifvelaktigt
1216 283 140 47 riktigt.
1415 285 18 34 I
1463 285 67 34 sak
1559 286 66 35 har
1654 286 62 35 det
1745 286 205 35 emellertid
1980 286 30 48 ej

412 336 124 45 någon
579 335 200 48 betydelse.
848 336 76 35 Det
966 336 151 36 anförda
1158 337 171 47 tillägget
1370 343 40 30 är
1452 339 118 46 enligt
1604 340 160 36 motiven
1792 340 223 35 tillkommet

413 389 132 35 endast
585 388 55 36 för
682 391 53 33 att
774 388 99 48 gifva
901 390 151 48 uttryck
1082 393 36 33 åt
1146 393 124 44 något,
1302 403 75 24 som
1407 392 121 47 ligger
1555 393 12 34 i
1596 393 135 35 sakens
1754 397 120 32 natur.
1934 394 80 35 Och

411 453 87 24 vare
542 442 55 47 sig
640 443 101 35 detta
782 445 150 44 utsäges
975 443 109 36 äfven
1126 456 57 23 om
1218 445 72 34 den
1323 458 50 22 nu
1402 445 209 48 föreslagna
1641 447 254 47 ersättningen
1925 447 90 36 eller

411 494 94 45 icke,
551 498 39 33 så
631 495 166 36 kommer
830 496 104 36 alltid
965 509 137 23 samma
1130 498 198 47 grundsats
1358 502 54 32 att
1440 500 98 46 gälla
1567 500 108 36 äfven
1704 500 56 36 för
1787 502 224 35 densamma.

412 549 18 35 I
463 551 46 33 12
540 549 23 46 $
602 550 39 34 af
666 550 221 35 omnämnda
915 550 63 47 lag
1007 563 57 23 om
1094 551 202 36 elektriska
1325 552 282 48 anläggningar,
1639 554 65 35 där
1733 557 52 33 ett
1812 554 77 36 lika
1919 555 94 35 stad-

411 603 122 46 gande
553 602 82 36 bort
653 603 111 36 hafva
778 603 286 47 ifrågakommit,
1086 605 66 35 har
1167 606 101 35 detta
1287 606 115 35 likväl
1418 609 119 33 såsom
1553 607 214 48 påtagligen
1782 608 234 48 öfverflödigt

409 655 123 37 blifvit
558 657 188 35 uteslutet.

571 710 52 35 På
651 711 122 46 grund
802 711 39 35 af
865 711 100 36 hvad
994 712 155 36 sålunda
1178 713 139 35 anförts
1347 714 223 44 hemställes,
1602 717 54 33 att
1684 714 216 48 Riksdagen
1925 715 88 36 ville

409 763 146 35 besluta
575 764 72 35 den
667 764 157 47 ändring
839 764 12 35 i
867 765 72 35 den
953 777 132 35 genom
1099 766 276 47 propositionen
1390 779 61 24 n:o
1470 770 45 33 23
1534 768 208 47 föreslagna
1756 781 74 36 nya
1845 769 169 48 lydelsen

411 817 41 35 af
479 819 20 33 6
529 819 22 42 8
579 817 12 35 i
619 817 110 47 lagen
758 831 55 22 om
845 819 207 47 ersättning
1080 820 55 35 för
1163 820 116 35 skada
1307 821 12 34 i
1348 821 90 48 följd
1469 822 40 34 af
1520 821 176 49 järnvägs
1717 823 97 44 drift,
1837 826 53 32 att
1909 823 106 35 ordet

412 871 231 35 vårdslöshet
671 871 148 48 utbytes
853 875 76 33 mot
958 873 92 44 grof
1076 875 221 43 vårdslöshet,
1328 875 188 35 äfvensom
1549 875 147 47 vidtaga
1726 877 44 34 de
1800 876 116 47 öfriga
1944 877 71 35 till-

410 924 87 47 lägg
539 924 57 36 till
637 926 160 35 nämnda
838 925 231 48 författning,
1113 940 75 23 som
1232 927 56 36 till
1331 928 188 48 äfventyrs
1562 941 107 24 anses
1697 930 87 35 böra
1812 930 109 35 häraf
1945 931 69 35 för-

410 978 188 36 anledas».

570 1185 255 36 Förevarande
855 1186 228 47 proposition
1112 1191 40 30 är
1179 1186 193 36 föranledd
1402 1187 40 35 af
1467 1187 237 47 Riksdagens
1725 1188 193 37 skrifvelse
1940 1190 72 35 den

411 1241 47 33 22
490 1238 70 48 maj
596 1240 111 43 1901,
739 1239 79 35 däri
859 1240 218 47 Riksdagen
1119 1239 166 45 anhållit,
1316 1243 54 33 att
1412 1241 138 46 Kungl.
1582 1240 109 49 Maj:t
1719 1245 112 33 måtte
1860 1243 74 35 låta
1958 1246 55 33 ut-

408 1293 100 43 reda,
539 1293 119 34 under
685 1292 128 36 hvilka
841 1293 136 36 villkor
1005 1296 73 33 rätt
1106 1293 56 36 till
1191 1293 207 48 ersättning
1427 1294 126 35 kunde
1582 1294 243 37 tillerkännas
1849 1296 86 48 lapp
1955 1297 57 35 för

408 1358 119 32 renar,
572 1358 75 23 som
691 1346 122 36 blifvit
854 1347 40 35 af
928 1347 244 48 järnvägståg
1207 1347 219 36 öfverkörda
1456 1348 69 35 och
1554 1349 154 43 dödade,
1740 1350 188 35 äfvensom
1953 1350 58 36 till

410 1399 217 47 Riksdagen
655 1400 189 35 inkomma
874 1402 83 34 med
987 1402 62 34 det
1076 1400 138 47 förslag
1233 1401 12 35 i
1266 1405 134 41 ämnet,
1432 1402 149 36 hvartill
1610 1403 249 47 utredningen
1883 1403 127 37 kunde

408 1453 200 36 föranleda.
667 1453 142 36 Genom
839 1454 277 47 propositionen
1144 1455 68 35 har
1240 1454 221 48 föreslagits,
1492 1459 54 32 att
1574 1459 53 32 ett
1655 1457 205 46 stadgande
1881 1458 40 34 af
1938 1459 72 34 den

408 1507 85 35 utaf
517 1507 218 47 Riksdagen
765 1508 155 35 sålunda
949 1507 216 47 ifrågasatta
1194 1508 180 36 innebörd
1404 1509 121 35 skulle
1555 1509 137 36 införas
1720 1510 13 35 i
1761 1513 14 33 6
1797 1512 22 45 $
1840 1511 40 35 af
1899 1512 111 46 lagen

410 1561 72 34 den
514 1563 46 33 12
592 1573 94 23 mars
720 1563 98 34 1886
862 1562 194 46 angående
1099 1562 239 46 ansvarighet
1379 1562 56 36 för
1464 1563 116 35 skada
1608 1563 13 35 i
1649 1564 93 48 följd
1770 1565 40 34 af
1831 1564 178 48 järnvägs

409 1613 89 36 drift
527 1614 12 35 i
567 1614 91 35 form
703 1615 40 35 af
781 1618 52 32 ett
874 1619 85 44 nytt
1002 1621 160 30 moment
1191 1616 12 34 i
1231 1617 162 34 nämnda
1426 1617 156 46 lagrum,
1614 1617 204 48 hvarjämte
1847 1618 162 47 proposi-

408 1668 128 35 tionen
566 1668 138 47 åsyftar
731 1668 257 48 inrymmande
1013 1669 12 35 i
1047 1672 46 32 25
1115 1669 22 46 $
1157 1669 13 35 1
1190 1669 109 47 lagen
1328 1670 72 35 den
1425 1673 16 32 1
1461 1670 71 48 juli
1564 1673 99 33 1898
1694 1684 57 22 om
1782 1672 44 34 de
1847 1672 162 35 svenska

409 1722 198 46 lapparnes
635 1725 75 32 rätt
738 1722 56 35 till
822 1722 152 36 renbete
1003 1723 12 35 i
1046 1722 149 47 Sverige
1226 1724 40 34 af
1291 1736 45 22 en
1365 1724 229 46 hänvisning
1621 1725 57 34 till
1707 1725 63 35 det
1797 1725 212 47 föreslagna

409 1787 75 35 nya
513 1776 223 45 stadgandet
764 1776 12 35 i
805 1776 110 47 lagen
945 1777 72 34 den
1050 1779 45 32 12
1127 1789 95 22 mars
1256 1779 110 33 1886.

569 1829 74 35 Vid
681 1829 211 48 jämförelse
936 1830 158 35 emellan
1136 1831 72 34 den
1236 1830 13 35 1
1278 1830 278 48 propositionen
1597 1831 209 47 föreslagna
1839 1833 169 36 formule-

406 1881 133 48 ringen
575 1883 40 34 af
641 1885 20 32 6
692 1883 22 46 8
743 1883 12 34 i
783 1883 110 47 lagen
922 1884 193 46 angående
1157 1884 238 47 ansvarighet
1436 1885 57 35 för
1535 1884 116 36 skada
1679 1885 13 35 i
1720 1885 90 49 följd
1849 1887 40 35 af
1909 1887 99 48 järn-

408 1941 92 41 vägs
521 1936 87 35 drift
628 1937 68 34 och
716 1937 248 35 motionärens
995 1937 223 35 därutinnan
1243 1938 140 47 afgifna
1404 1938 316 48 ändringsförslag
1740 1940 67 35 har
1826 1940 183 36 utskottet

408 1990 126 35 funnit
563 1991 62 34 det
653 1990 229 36 sistnämnda
911 1991 88 35 böra
1028 1991 164 35 förordas
1221 1991 57 35 till
1307 1993 219 46 antagande.

570 2043 124 36 Såsom
724 2045 229 35 motionären
983 2044 216 44 omförmält,
1218 2047 75 33 står
1317 2046 101 35 detta
1437 2046 138 46 förslag
1594 2046 12 35 i
1627 2047 380 36 öfverensstämmelse

408 2097 84 35 med
523 2098 72 34 den
623 2098 250 47 uppfattning,
891 2098 219 47 Riksdagen
1138 2098 13 35 i
1178 2098 212 36 förberörda
1419 2099 194 36 skrifvelse
1642 2101 143 35 uttalat.

568 2151 230 47 Visserligen
839 2152 157 36 innebär
1036 2152 115 35 redan
1193 2152 63 35 det
1293 2153 40 34 af
1371 2153 138 46 Kungl.
1542 2153 108 49 Maj:t
1677 2153 209 47 föreslagna
1910 2155 97 35 stad-

408 2205 141 44 gandet
577 2216 45 23 en
650 2205 226 47 utvidgning
903 2205 57 36 för
989 2205 98 36 vissa
1115 2205 65 36 fall
1210 2205 40 35 af
1275 2206 71 35 den
1376 2206 336 48 ersättningsplikt,
1744 2219 75 23 som
1849 2207 56 36 för
1923 2213 82 30 när-

410 2258 163 35 varande
602 2257 169 48 påhvilar
795 2259 177 47 järnvägs
1000 2259 253 44 innehafvare,
1285 2272 83 23 men
1397 2261 45 35 de
1463 2266 156 41 säregna
1638 2260 267 45 förhållanden,
1928 2273 76 24 som
