1910 2834
302 148 38 29 18
745 154 304 31 Bankoutskottets
1067 157 180 29 memorial
1266 157 49 30 Nr
1332 159 29 29 2.

306 235 595 38 kommunikationsdepartementet
921 237 69 32 låta
1012 239 143 36 lagsöka
1176 240 136 36 bolaget
1334 240 55 31 för
1409 242 78 30 hela
1510 242 77 30 dess
1609 241 196 34 dåvarande

307 284 166 32 förfallna
499 287 102 29 skuld
625 287 52 30 till
698 287 340 36 riksgäldskontoret.
1088 289 112 31 Sedan
1225 290 227 38 fullmäktige,
1477 292 86 31 efter
1587 293 11 29 i
1622 294 185 37 anledning

306 335 107 31 härav
437 337 78 30 med
540 337 53 30 för
618 337 122 36 frågan
762 348 58 20 om
845 339 165 30 kanalens
1035 338 158 32 fortsatta
1217 341 201 37 trafikering
1443 342 227 32 intresserade
1694 347 113 33 parter

306 385 102 31 förda
429 386 275 37 förhandlingar,
725 386 117 32 såsom
863 389 227 37 oeftergivligt
1111 390 124 30 villkor
1256 391 54 30 för
1333 392 237 36 nedläggande
1592 403 42 20 av
1657 394 56 30 det
1735 398 72 27 mot

307 435 113 31 Kinda
445 437 122 30 kanals
592 438 195 37 aktiebolag
811 438 137 32 inledda
974 440 443 36 lagsökningsförfarandet
1442 443 111 36 krävt,
1578 446 50 28 att
1653 445 152 30 nämnda

302 486 219 30 intressenter
539 489 225 34 garanterade
782 491 46 27 ett
846 488 123 31 sådant
986 490 122 37 bidrag
1126 491 50 29 till
1196 491 250 38 kanalbolaget,
1467 496 48 27 att
1534 495 184 29 eventuellt
1737 495 67 29 för-

305 536 69 31 lust
402 547 42 20 av
473 538 83 30 1935
583 537 57 32 års
667 540 126 29 rörelse
819 540 218 37 fullständigt
1064 542 141 35 täcktes,
1232 542 115 30 vilken
1375 544 135 35 garanti
1536 544 105 36 enligt
1668 545 137 30 särskilt

305 587 227 35 medgivande
549 598 42 20 av
609 589 218 37 fullmäktige
845 590 93 37 finge
953 592 187 35 begränsas
1158 592 50 30 till
1225 593 86 36 lägst
1331 594 116 34 12,000
1464 595 62 35 kr.,
1544 595 186 30 tecknades
1749 603 55 28 ga-

306 637 252 37 rantibeloppet
585 649 42 20 av
652 639 212 38 Linköpings
892 642 76 30 stad
991 642 81 30 med
1098 643 98 35 6,000
1221 643 61 37 kr.,
1308 653 43 20 av
1378 644 90 30 vissa
1492 645 209 30 kommuner
1726 646 80 30 med

305 687 98 35 3,400
425 688 61 36 kr.,
511 698 42 21 av
576 689 86 31 Göta
686 691 122 30 kanals
832 691 194 37 aktiebolag
1050 693 80 30 med
1156 694 93 34 1,500
1272 695 50 28 kr.
1347 697 89 27 samt
1459 704 42 20 av
1524 695 135 30 enskild
1681 705 124 28 person

303 739 78 29 med
405 741 195 29 resterande
625 742 94 33 1,100
742 742 49 29 kr.
833 742 66 30 För
919 743 169 30 eventuell
1111 743 226 31 driftsförlust
1357 746 109 29 under
1489 745 38 30 år
1551 746 83 30 1936
1656 746 63 30 har
1741 746 65 30 den

303 789 20 30 6
343 788 65 37 juli
432 790 81 30 1935
534 791 157 30 tecknats
714 792 133 35 garanti
870 792 87 30 intill
979 796 46 27 ett
1047 793 125 36 belopp
1198 803 41 21 av
1260 795 96 34 8,000
1380 796 62 33 kr.,
1466 796 174 36 nämligen
1663 806 42 20 av
1727 796 77 30 Lin-

303 839 147 37 köpings
468 841 74 29 stad
562 842 79 29 med
660 842 95 34 3,250
776 843 61 34 kr.,
856 852 41 20 av
917 843 84 30 Göta
1019 844 122 29 kanals
1161 844 193 37 aktiebolag
1373 846 78 29 med
1473 847 93 34 1,500
1585 847 49 29 kr.
1656 850 89 27 samt
1765 856 41 20 av

303 890 90 30 vissa
415 891 206 30 kommuner
642 893 78 29 med
741 893 195 30 resterande
957 894 97 34 3,250
1076 894 50 30 kr.

348 990 142 31 Fonden
509 992 56 37 för
586 992 278 31 låneunderstöd.
908 993 143 30 Jämlikt
1070 995 113 29 beslut
1204 1004 42 20 av
1269 996 83 29 1926
1374 995 55 31 års
1448 997 141 36 riksdag
1607 998 65 29 har
1691 998 113 30 Aktie-

305 1040 135 37 bolaget
479 1041 154 32 Svenska
672 1043 271 37 Amerikalinjen
983 1043 81 31 från
1093 1045 331 36 riksgäldskontoret
1455 1046 137 31 erhållit
1622 1051 46 27 ett
1697 1047 58 31 lån
1785 1047 21 31 å

304 1091 174 35 6,000,000
503 1093 50 30 kr.
578 1093 57 30 för
656 1093 180 36 byggande
860 1104 42 20 av
927 1098 46 27 ett
995 1095 225 37 systerfartyg
1243 1096 51 30 till
1317 1098 488 37 passageraremotorfartyget

304 1141 207 37 Gripsholm.
557 1144 65 30 Det
643 1144 173 36 beviljade
840 1143 239 39 lånebeloppet
1102 1146 212 31 utbetalades
1341 1147 51 30 till
1415 1148 136 36 bolaget
1574 1148 9 30 i
1609 1147 58 31 två
1689 1152 115 34 poster

303 1192 111 31 under
437 1192 81 31 åren
544 1195 81 29 1927
649 1195 66 29 och
741 1196 93 29 1928.
881 1194 108 32 Lånet
1011 1197 89 29 skall
1121 1195 205 33 återbetalas
1347 1199 110 29 under
1480 1197 82 32 åren
1588 1200 215 30 1934—1943

302 1243 81 30 med
399 1238 51 42 "/,,
469 1242 140 38 årligen.
653 1245 140 36 Bolaget
809 1246 80 36 äger
907 1246 89 30 dock
1014 1247 69 29 rätt
1100 1250 58 32 att,
1179 1256 56 21 om
1253 1248 56 29 det
1328 1247 38 31 så
1385 1249 138 37 önskar,
1542 1249 144 36 tidigare
1706 1250 95 30 verk-

301 1294 102 30 ställa
424 1294 261 37 avbetalningar
704 1294 20 31 å
745 1294 101 32 lånet.
892 1296 114 36 Enligt
1024 1297 45 30 de
1089 1297 56 30 för
1167 1296 91 32 lånet
1279 1299 181 30 bestämda
1483 1300 169 30 villkoren
1674 1301 88 29 skall
1783 1299 21 31 å

303 1343 192 32 detsamma
512 1344 130 37 årligen
662 1345 153 37 erläggas
831 1347 100 30 ränta
949 1347 86 30 efter
1053 1348 19 29 5
1091 1345 49 37 20.
1183 1348 14 29 I
1214 1348 185 37 anledning
1417 1359 42 20 av
1477 1350 203 30 motionsvis
1696 1350 105 30 fram-

302 1395 125 30 ställda
450 1395 129 37 förslag
604 1396 65 30 har
690 1397 190 30 emellertid
907 1398 81 29 1934
1014 1396 55 32 års
1095 1398 140 36 riksdag
1258 1399 174 36 medgivit,
1458 1403 49 27 att
1529 1401 126 29 räntan
1678 1399 58 32 må
1759 1401 41 30 fr.

302 1454 29 22 o.
350 1455 45 20 m.
411 1446 68 30 den
498 1447 14 29 1
530 1446 64 36 juli
615 1447 83 30 1934
717 1447 188 31 tillsvidare
921 1446 81 38 utgå
1020 1448 86 30 efter
1123 1449 19 29 4
1157 1443 37 42 '/;
1215 1447 48 38 Jo,
1283 1450 80 29 med
1380 1450 195 36 skylidghet
1593 1450 56 31 för
1667 1452 135 35 bolaget

299 1498 49 27 att
368 1496 184 30 framdeles
572 1497 195 30 vidkännas
787 1498 66 29 den
872 1497 145 38 höjning
1037 1507 43 21 av
1100 1500 134 34 räntan,
1255 1509 76 20 som
1351 1500 122 36 Kungl.
1496 1500 102 37 Maj:t
1618 1502 79 29 med
1717 1502 83 29 hän-

300 1554 64 28 syn
389 1547 50 30 till
463 1547 66 30 den
551 1547 168 31 effektiva
743 1548 237 31 medelräntan
1004 1548 20 31 å
1047 1550 66 29 den
1138 1550 190 31 fonderade
1351 1551 233 31 statsskulden
1608 1552 70 29 kan
1702 1552 99 30 finna

300 1600 72 32 gott
389 1597 203 36 bestämma,
612 1598 90 30 dock
720 1599 31 37 ej
771 1600 120 30 utöver
912 1600 66 29 den
999 1600 161 36 räntefot,
1180 1609 74 22 som
1273 1602 112 35 gällde
1405 1601 55 30 för
1480 1600 102 38 lånet,
1604 1601 45 31 då
1670 1603 56 30 det
1744 1603 55 30 be-

300 1647 156 37 viljades,
475 1648 81 30 eller
576 1649 18 30 5
618 1647 49 37 £.

345 1698 50 30 De
423 1699 235 37 räntebelopp,
688 1709 73 21 som
787 1700 120 30 hittills
937 1701 147 30 förfallit
1112 1701 51 30 till
1190 1702 175 36 betalning
1392 1701 20 31 å
1438 1702 267 37 ifrågavarande
1731 1702 68 36 lån,

298 1749 46 30 ha
370 1758 42 21 av
438 1749 134 37 bolaget
596 1750 187 37 behörigen
810 1751 132 36 erlagts.
990 1746 27 35 Å
1044 1751 280 37 kapitalskulden
1348 1754 63 29 har
1438 1754 135 36 bolaget
1600 1753 201 31 återbetalat

300 1799 142 35 600,000
463 1800 50 29 kr.
539 1798 20 31 å
580 1809 62 21 var
665 1801 65 29 och
753 1810 42 21 en
818 1811 42 20 av
881 1801 156 37 följande
1059 1802 116 36 dagar,
1198 1803 173 36 nämligen
1394 1804 66 30 den
1482 1804 20 29 3
1526 1804 64 36 juli
1617 1805 94 35 1931,
1733 1805 67 30 den

299 1849 39 30 31
363 1849 180 31 december
566 1851 94 35 1932,
683 1851 65 30 den
770 1852 42 29 30
832 1851 180 31 december
1036 1853 94 36 1933,
1153 1853 66 30 den
1240 1854 39 29 22
1303 1855 192 34 september
1519 1855 83 29 1934
1625 1858 89 27 samt
1733 1855 65 30 den

302 1900 38 29 14
370 1900 75 37 juni
476 1901 92 30 1935.
621 1901 75 30 Den
721 1900 215 32 återstående
961 1903 281 36 kapitalskulden
1268 1904 149 37 uppgick
1443 1905 68 29 den
1539 1905 41 30 30
1609 1905 75 37 juni
1716 1906 82 29 1935

299 1950 51 30 till
370 1951 174 35 3,000,000
567 1952 51 29 kr.

344 1999 120 32 Såsom
487 2000 57 31 lån
567 2002 51 30 till
642 2003 220 36 Sydsvenska
884 2004 325 37 kraftaktiebolaget
1233 2004 55 30 för
1312 2005 185 30 utförande
1522 2016 43 20 av
1587 2005 211 31 kraftverks-

297 2051 207 37 anläggning
528 2052 56 31 vid
611 2053 504 31 Karseforsen-Laholmsfallet
1140 2054 11 30 i
1176 2055 116 36 Lagan
1318 2056 64 30 har
1408 2065 42 21 av
1475 2056 184 36 riksdagen
1686 2056 113 30 såsom

297 2102 361 37 reservationsanslag,
681 2106 48 27 att
750 2102 82 37 utgå
853 2114 43 20 av
915 2103 202 37 lånemedel,
1139 2105 150 30 anvisats
1311 2106 55 29 för
1388 2105 202 37 budgetåret
1614 2101 183 41 1929/1930

298 2152 175 36 4,700,000
498 2154 51 29 kr.
575 2154 66 30 och
668 2153 56 31 för
748 2153 202 37 budgetåret
979 2149 184 42 1932/1933
1191 2156 140 35 800,000
1358 2157 49 29 kr.
1458 2156 144 30 Jämlikt
1628 2157 169 30 särskilda

296 2202 303 37 bemyndiganden
619 2214 43 20 av
682 2204 121 37 Kungl.
824 2205 101 36 Maj:t
942 2206 64 29 har
1025 2206 332 36 riksgäldskontoret
1376 2207 166 30 utbetalat
1564 2207 154 31 nämnda
1738 2217 58 20 an-

298 2253 72 36 slag
399 2254 51 30 till
478 2254 376 37 vattenfallsstyrelsen,
882 2265 75 21 som
983 2256 11 29 i
1024 2256 52 30 sin
1105 2256 147 37 ordning
1281 2256 271 31 tillhandahållit
1577 2258 137 36 bolaget
1741 2257 55 30 de-

295 2312 136 22 samma
450 2303 113 32 såsom
582 2303 58 32 lån
660 2305 55 30 för
734 2306 245 30 ovannämnda
998 2306 175 31 ändamål.
1217 2306 117 31 Lånen
1352 2308 90 30 hava
1461 2307 182 31 förvaltats
1663 2318 43 20 av
1725 2310 70 27 vat-

296 2353 317 38 tenfallsstyrelsen,
634 2364 75 22 som
729 2356 56 30 det
803 2356 137 37 jämlikt
959 2357 122 36 Kungl.
1103 2357 117 37 Maj:ts
1240 2357 179 31 föreskrift
1438 2356 112 38 ålegat
1569 2361 49 28 att
1639 2358 51 30 till
1711 2357 84 31 riks-

296 2403 258 37 gäldskontoret
580 2406 213 30 omedelbart
818 2407 188 30 inleverera
1030 2407 42 30 de
1098 2408 111 30 ränte-
1237 2408 65 30 och
1329 2408 365 37 amorteringsbelopp,
1722 2417 73 21 som

297 2464 43 21 av
361 2453 200 38 låntagaren
583 2456 212 31 inbetalades
818 2457 51 30 till
892 2458 173 35 styrelsen.
1113 2458 74 30 Den
1213 2459 14 28 1
1251 2458 63 36 juli
1339 2459 83 29 1934
1445 2459 151 37 uppgick
1619 2459 68 29 den
1709 2457 84 32 åter-
