2222 2620
472 203 101 30 Andra
596 203 182 30 kammarens
796 204 99 37 första
919 201 152 40 tillfälliga
1094 202 121 31 utskotts
1238 201 147 32 utlåtande
1408 200 45 33 Nr
1476 202 40 30 11.
1780 198 16 33 7

200 284 46 35 då
287 284 72 35 han
400 287 61 33 ute
485 286 13 34 i
525 286 105 34 lifvet
663 285 69 35 blir
760 285 149 35 föremål
937 285 57 35 för
1022 285 43 35 de
1095 285 98 35 olika
1219 284 278 48 riktningarnas,
1524 284 43 35 de
1597 284 96 35 olika
1720 296 78 36 par-

199 338 133 36 tiernas
360 339 168 35 omtanke
558 339 66 35 och
653 339 328 47 efterhängsenhet.

309 392 88 35 Med
424 393 188 35 införande
642 393 37 35 af
707 405 45 23 en
779 393 57 35 för
859 393 167 47 samtliga
1053 393 194 48 lärjungar,
1278 392 135 37 således
1440 392 107 36 äfven
1575 392 57 36 för
1655 392 89 36 barn
1764 393 36 34 af

203 445 202 46 dissenters,
436 446 234 48 obligatorisk
698 446 261 48 undervisning
978 447 13 35 i
1009 446 337 49 religionskunskap
1370 446 114 35 skulle
1504 445 69 36 den
1592 446 207 35 nuvarande

201 512 27 23 s.
272 499 34 35 k.
350 500 478 48 religionsundervisningen
870 500 77 36 icke
981 500 96 36 blott
1104 500 165 48 upphöra
1296 502 54 34 att
1369 513 84 23 vara
1481 500 234 47 obligatorisk
1743 500 57 35 för

201 553 89 35 barn
332 554 36 34 af
409 554 183 45 föräldrar,
635 554 218 36 tillhörande
895 553 152 36 svenska
1087 554 152 49 kyrkan,
1270 556 87 33 utan
1387 554 69 35 den
1484 554 114 35 skulle
1627 553 77 36 helt
1732 554 68 35 och

202 607 113 35 hållet
342 607 123 48 läggas
493 608 146 35 utanför
667 608 62 35 det
757 608 181 48 egentliga
966 608 333 48 skolprogrammet,
1329 604 359 52 tillgänglig'genom
1707 607 93 36 folk-

201 661 158 48 kyrkans
393 662 98 44 (eller
518 662 110 35 andra
656 661 317 49 kyrkosamfunds)
1001 662 141 48 försorg
1170 662 57 35 för
1255 662 43 35 de
1327 662 98 44 barn,
1457 662 141 35 hvilkas
1626 661 175 36 föräldrar

203 714 124 36 därom
355 715 124 48 gjorde
508 716 277 48 framställning.

309 769 21 34 I
371 770 138 35 motion
551 783 43 21 nr
633 770 21 34 2
698 770 100 35 inom
826 770 128 35 Första
981 769 210 36 kammaren
1219 770 64 35 har
1310 771 82 34 herr
1420 770 47 35 K.
1498 770 36 35 J.
1566 770 145 35 Ekman
1738 769 62 36 vid

201 823 240 35 innevarande
483 823 145 48 riksdag
669 823 127 48 begärt
836 823 197 48 utredning
1071 824 68 35 och
1167 824 134 47 förslag
1341 823 150 36 rörande
1523 823 277 49 uppdragandet

202 876 37 35 af
266 876 479 48 religionsundervisningen
772 878 13 34 i
813 877 246 36 folkskolorna
1087 879 38 33 åt
1152 877 172 36 särskilda
1352 877 363 44 kristendomslärare,
1746 879 54 33 ut-

202 930 107 35 sedda
337 931 306 48 hufvudsakligen
671 931 110 35 bland
809 931 304 49 lärarpersonalen
1133 932 68 34 och
1228 931 313 48 församlingarnas
1560 931 238 48 prästerskap.

310 984 70 36 Om
405 986 63 45 jag
496 984 151 36 sålunda
675 998 113 31 anser,
819 986 54 34 att
901 985 70 35 den
999 985 110 35 ofvan
1137 985 38 35 af
1201 985 77 47 mig
1306 985 177 36 omtalade
1512 986 68 35 och
1599 985 203 47 föreslagna

202 1038 307 49 undervisningen
537 1039 13 34 i
578 1039 337 48 religionskunskap
935 1039 37 34 af
990 1039 151 35 anförda
1160 1039 88 45 skäl,
1270 1039 106 35 äfven
1396 1039 139 36 oafsedt
1553 1052 45 22 en
1618 1039 182 35 eventuell

201 1092 202 36 skilsmässa
431 1093 131 35 mellan
590 1095 72 34 stat
690 1093 68 35 och
784 1093 126 48 kyrka,
941 1093 64 35 bör
1029 1094 132 34 ersätta
1185 1093 70 35 den
1277 1093 205 35 nuvarande
1501 1092 300 48 religionsunder-

202 1146 202 48 visningen,
434 1148 39 34 så
500 1159 102 23 anser
628 1148 63 46 jag
719 1148 21 34 å
767 1146 111 35 andra
906 1146 111 47 sidan,
1049 1149 54 33 att
1131 1148 118 34 staten
1278 1168 50 4 —
1349 1149 38 33 så
1406 1147 104 47 länge
1531 1159 45 23 en
1595 1146 206 49 statskyrka

203 1200 115 35 finnes
347 1221 51 4 —
426 1200 65 35 bör
531 1200 255 36 kostnadsfritt
825 1200 276 35 tillhandahålla
1141 1200 501 47 kristendomsundervisning
1684 1202 38 34 åt
1758 1200 43 35 de

201 1254 101 43 barn,
346 1254 140 35 hvilkas
527 1254 174 35 föräldrar
732 1254 124 35 därom
883 1253 153 45 anhålla,
1066 1254 152 35 hvarvid
1247 1254 69 35 den
1342 1255 13 34 i
1383 1255 81 35 herr
1491 1254 49 35 K.
1570 1254 36 35 J.
1636 1254 162 35 Ekmans

202 1309 119 33 senast
348 1308 65 34 här
441 1307 191 36 omnämda
659 1308 141 35 motion
828 1320 43 22 nr
901 1308 20 34 2
953 1307 168 36 anvisade
1149 1310 116 45 vägen
1292 1308 14 35 i
1334 1308 101 47 fråga
1463 1320 59 23 om
1540 1307 259 48 lärarpersonal

200 1360 102 36 torde
331 1361 156 47 förtjäna
514 1361 211 36 beaktande.

309 1414 57 36 Då
399 1415 70 35 den
501 1415 347 47 religionskunskap,
879 1415 149 35 hvarom
1054 1415 63 47 jag
1145 1415 66 34 här
1238 1414 205 49 upprepade
1472 1416 136 46 gånger
1635 1414 76 36 dels
1739 1427 59 22 an-

201 1469 74 35 fört
302 1468 127 36 andras
457 1468 223 45 uttalanden,
702 1468 75 36 dels
805 1468 83 48 själf
916 1468 113 44 ordat,
1054 1468 91 35 både
1172 1468 13 35 i
1214 1468 109 36 etiskt
1351 1469 67 35 och
1437 1468 257 36 intellektuellt
1713 1469 85 35 hän-

201 1522 128 36 seende
372 1525 83 45 äger
496 1524 53 34 ett
590 1523 231 48 synnerligen
863 1524 91 34 stort
985 1522 306 47 bildningsvärde,
1322 1523 69 35 och
1418 1522 46 35 då
1491 1522 70 36 den
1589 1522 208 35 nuvarande

200 1576 548 48 kristendomsundervisningen
781 1577 13 34 i
822 1575 179 36 folkskola
1042 1577 68 34 och
1151 1576 163 35 läroverk
1355 1576 127 48 skapar
1524 1589 45 22 en
1611 1576 188 47 ödesdiger

201 1629 153 36 dualism
390 1630 100 35 inom
532 1630 386 47 skolundervisningen
945 1630 14 34 i
987 1629 78 36 dess
1106 1629 125 36 helhet
1264 1630 67 35 och
1363 1629 161 48 ständigt
1551 1630 91 35 skall
1669 1632 130 45 utgöra

202 1696 44 22 en
271 1683 163 46 allvarlig
462 1683 196 47 anledning
685 1683 57 35 till
765 1683 126 36 tvister
908 1684 77 46 just
1003 1682 132 36 mellan
1154 1683 44 35 de
1219 1683 56 34 för
1293 1683 126 35 skolan
1438 1685 92 33 mest
1548 1683 247 44 intresserade,

201 1737 38 35 så
267 1737 159 35 anhåller
452 1737 63 47 jag
543 1737 36 34 få
607 1736 188 36 hemställa
824 1738 79 33 etc.;

307 1843 74 36 Det
407 1843 171 49 yrkande,
608 1844 228 35 motionären
864 1843 224 45 framställer,
1120 1856 105 37 synes
1252 1844 72 34 lida
1352 1844 37 34 af
1417 1856 44 23 en
1489 1843 71 36 viss
1577 1843 217 48 otydlighet.

201 1897 74 35 Det
315 1897 199 35 innehåller
546 1897 151 36 sålunda
730 1897 125 35 endast
884 1900 53 33 ett
964 1898 80 34 kraf
1072 1899 45 46 på
1145 1897 206 48 utredning,
1382 1897 113 35 under
1523 1897 124 35 hvilka
1665 1897 132 35 förhål-

200 1951 131 34 landen
359 1951 335 48 religionskunskap
720 1953 58 33 må
805 1951 135 35 införas
968 1953 116 33 såsom
1112 1953 53 33 ett
1193 1952 56 34 för
1268 1951 165 46 samtliga
1460 1951 184 47 lärjungar
1663 1951 133 46 obliga-

200 2004 131 35 toriskt
371 2004 179 35 läroämne
593 2005 61 35 vid
693 2004 246 35 folkskolorna
972 2005 67 34 och
1081 2005 44 34 de
1154 2004 179 35 allmänna
1361 2004 208 35 läroverken
1599 2006 94 33 samt
1721 2004 75 35 där-

201 2058 91 34 efter
333 2057 269 47 framläggande
636 2058 56 34 för
721 2057 207 47 Riksdagen
956 2058 37 34 af
1020 2057 134 47 förslag
1182 2058 13 34 i
1223 2057 126 35 sådant
1376 2058 106 46 syfte,
1512 2057 114 35 under
1654 2057 62 35 det
1744 2059 53 33 att

200 2110 62 35 det
304 2110 197 36 emellertid
533 2110 158 48 framgår
724 2111 36 34 af
789 2110 69 35 den
887 2112 72 33 rätt
986 2110 174 47 utförliga
1187 2111 275 46 motiveringen,
1493 2112 54 33 att
1575 2110 99 35 detta
1703 2110 94 34 blott

200 2167 37 31 är
280 2176 44 22 en
352 2164 58 35 del
438 2164 37 34 af
502 2164 205 34 motionens
735 2163 171 44 innehåll,
937 2164 68 34 och
1033 2165 54 33 att
1116 2163 117 35 denna
1261 2164 112 47 syftar
1402 2163 83 35 vida
1513 2163 123 47 lingre
1667 2166 45 31 än
1740 2163 57 34 till

199 2216 189 35 införande
430 2217 12 33 i
485 2217 166 35 skolorna
694 2217 37 34 af
759 2219 53 33 ett
840 2219 84 46 nytt
951 2217 191 45 läroämne,
1173 2217 140 34 hvilket
1341 2217 55 34 för
1425 2217 121 46 öfrigt,
1577 2217 219 34 åtminstone

200 2269 94 36 hvad
339 2270 42 35 de
424 2270 180 35 allmänna
635 2270 210 36 läroverken
879 2270 178 44 beträffar,
1089 2271 30 46 ej
1150 2273 38 32 är
1216 2270 144 35 alldeles
1388 2272 92 46 nytt.
1545 2270 68 34 Det
1641 2269 156 35 hufvud-

1851 1843 126 25 Utskottet.
