2171 2659
392 235 16 27 [NA

779 233 259 33 Konstilutions-
1048 233 174 34 Utskottets
1252 234 174 33 Utlåtande
1448 234 62 33 N:o
1532 236 27 30 8.

486 320 118 46 Syftet
636 321 76 35 med
745 321 63 36 den
838 318 146 40 sålunda
1011 321 199 47 föreslagna
1237 322 250 47 förändringen
1515 326 41 32 är
1583 323 109 46 enligt
1718 324 234 37 motionärens

353 374 261 44 framställning
650 377 53 31 att
734 374 11 34 i
779 375 58 33 det
869 378 110 39 ämne,
1014 385 71 24 som
1116 375 39 34 af
1184 376 65 33 den
1277 376 187 34 anmärkta
1493 375 291 45 skiljaktigheten
1810 378 141 33 beröres

352 445 47 4 —
429 421 125 48 frågan
583 435 51 24 om
662 423 222 46 Riksdagens
912 425 167 45 ställning
1105 426 77 34 med
1209 426 136 45 hänsyn
1372 426 55 35 till
1454 427 233 35 statsverkets
1716 427 174 36 ordinarie
1905 427 47 35 in-

352 477 155 35 komster
540 498 46 3 —
621 476 219 46 undanrödja
867 477 144 45 möjliga
1038 475 214 39 tvifvelsmål
1280 489 53 24 om
1360 478 94 36 hvad
1482 489 71 24 som
1580 481 105 43 utgör
1712 477 88 38 våra
1827 480 125 44 grund-

351 529 119 43 lagars
511 531 97 32 rätta
647 528 149 44 mening.
852 528 122 45 Enligt
1013 528 348 45 Regeringsformens
1389 529 146 35 anförda
1562 531 251 44 bestämmelse,
1843 529 111 37 såsom

354 580 198 34 densamma
599 580 110 34 under
750 579 200 45 jemförelse
995 580 77 35 med
1117 581 110 34 andra
1271 580 348 46 Regeringsformens
1660 583 218 44 stadganden
1918 582 39 35 af

352 631 217 35 motionären
608 632 126 43 tolkas,
777 632 111 34 skulle
927 630 203 46 Riksdagen
1172 642 64 34 ega
1277 635 54 32 att
1369 634 191 34 bestämma
1594 633 99 36 öfver
1725 634 158 35 nämnda
1904 634 48 34 in-

352 684 155 33 komster
538 680 45 45 på
616 683 182 33 enahanda
832 685 71 32 sätt
931 693 71 23 som
1029 683 11 34 i
1068 683 162 34 afseende
1258 681 21 36 å
1305 684 245 43 bevillningar.
1605 684 203 44 Riksdagen
1837 696 117 23 ensam

353 733 90 35 hade
476 735 54 32 att
561 732 54 35 för
647 732 126 45 hvarje
800 730 40 37 år
866 733 148 44 besluta,
1042 733 174 36 huruvida
1245 733 63 36 och
1336 732 90 37 efter
1451 734 122 36 hvilka
1602 735 154 44 grunder
1783 735 41 35 de
1851 735 106 35 borde

353 784 219 35 fortfarande
612 784 54 34 till
706 785 215 34 statsverket
961 782 93 47 ingå,
1096 785 62 34 och
1198 785 60 35 vid
1297 785 406 46 meningsskiljaktighet
1744 787 210 34 derutinnan

354 836 127 35 mellan
526 834 201 36 Kamrarne
772 836 112 34 skulle
924 834 222 47 Riksdagens
1185 836 114 35 beslut
1338 847 123 34 genom
1501 847 198 35 gemensam
1741 838 215 45 omröstning

354 886 271 46 åvägabringas.
679 886 108 36 Hvad
815 885 146 36 sålunda
990 887 109 45 enligt
1125 888 235 35 motionärens
1387 886 93 47 åsigt
1506 899 85 25 vore
1605 888 350 46 Regeringsformens

354 936 155 38 innehåll
548 939 117 34 kunde
705 938 217 45 visserligen,
957 935 43 38 då
1026 939 150 35 nämnde
1202 939 60 45 lag
1288 950 85 25 vore
1400 940 12 34 i
1438 937 219 39 förhållande
1684 941 54 35 till
1765 940 189 45 Riksdags-

354 990 192 44 ordningen
588 992 54 32 att
682 1000 82 24 anse
805 987 111 37 såsom
956 990 66 34 den
1061 990 206 44 principala,
1302 990 30 45 ej
1362 991 71 34 lida
1460 991 259 45 inskränkning
1745 1003 125 34 genom
1897 992 59 34 det

354 1045 82 41 sätt,
477 1038 136 47 hvarpå
651 1039 390 47 Riksdagsordningens
1081 1041 217 45 stadganden
1339 1041 170 45 affattats,
1546 1053 78 25 men
1650 1040 45 47 på
1722 1043 63 35 det
1807 1042 149 46 lagstift-

353 1093 148 44 ningens
540 1092 161 44 verkliga
741 1092 141 45 mening
908 1089 109 38 måtte
1041 1092 133 45 jemväl
1200 1093 12 34 i
1239 1093 213 35 sistnämnde
1479 1094 59 44 lag
1564 1095 108 34 vinna
1700 1094 62 35 sitt
1788 1094 168 45 behöriga

352 1144 147 44 uttryck
538 1144 64 35 och
642 1144 198 44 derigenom
881 1144 151 34 svenska
1072 1143 129 35 folkets
1241 1145 319 44 beskattningsrätt
1592 1146 136 43 häfdas,
1756 1146 107 35 borde
1890 1146 66 34 den

353 1193 275 46 ifrågavarande
656 1194 176 35 olikheten
860 1195 126 34 mellan
1014 1194 41 35 de
1083 1192 89 37 båda
1199 1195 165 44 lagarnes
1392 1196 216 43 ordalydelse
1635 1196 248 45 undanrödjas.

487 1245 187 36 Utskottet
713 1246 62 34 vill
814 1246 12 34 i
857 1246 188 44 anledning
1071 1245 107 35 häraf
1202 1247 181 44 anmärka,
1411 1247 164 34 hurusom
1603 1248 233 34 motionärens
1864 1247 91 44 syfte

354 1299 54 32 att
447 1296 191 45 förtydliga
679 1297 65 33 den
776 1297 162 43 gällande
965 1297 268 44 lagstiftningen
1260 1298 192 44 ingalunda
1480 1298 111 35 skulle
1618 1309 123 34 genom
1769 1299 186 43 förslagets

353 1348 200 43 antagande
594 1346 111 35 ernås.
760 1347 224 34 Motionären
1022 1348 105 43 hyser
1167 1348 65 34 den
1272 1348 282 45 uppfattningen,
1589 1352 53 31 att
1669 1350 77 34 med
1772 1350 184 43 uttrycket

353 1401 133 32 statens
526 1398 205 44 reglerande
758 1398 11 34 i
796 1397 348 46 Regeringsformens
1173 1400 45 33 69
1248 1398 21 46 &
1296 1400 63 34 bör
1386 1398 126 36 förstås
1539 1401 260 34 bestämmande
1827 1400 39 34 af
1890 1402 66 32 sta-

354 1453 77 31 tens
471 1447 38 37 så
536 1449 59 35 väl
621 1449 148 44 utgifter
796 1460 71 24 som
895 1449 164 44 samtliga
1086 1449 201 35 inkomster.
1342 1450 230 45 Rigtigheten
1600 1451 40 35 af
1664 1452 112 34 denna
1803 1451 152 44 uppfatt-

354 1501 85 43 ning
478 1504 40 31 är
551 1500 192 35 emellertid
776 1500 165 35 bestridd.
996 1498 81 37 Den
1104 1501 277 44 statsreglering,
1409 1502 144 35 hvilken
1580 1501 205 45 Riksdagen
1811 1502 66 34 har
1904 1504 54 32 att

354 1549 134 46 årligen
529 1551 172 44 företaga,
742 1551 146 35 innebär
929 1551 109 44 enligt
1066 1561 41 25 en
1135 1562 115 23 annan
1279 1549 92 47 åsigt
1397 1552 90 35 intet
1514 1555 109 32 annat
1650 1551 193 46 åtgörande
1870 1553 12 33 i
1909 1552 47 34 af-

355 1602 124 35 seende
519 1599 21 37 å
580 1603 233 34 statsverkets
846 1602 174 35 ordinarie
1055 1602 192 35 inkomster
1274 1606 44 31 än
1347 1604 239 34 beräknandet
1613 1603 40 35 af
1677 1603 117 36 dessas
1820 1604 135 43 belopp.

355 1652 68 35 Till
463 1653 76 34 stöd
567 1653 54 35 för
648 1654 112 34 denna
788 1650 92 47 åsigt
906 1651 169 46 åberopas
1101 1653 89 43 icke,
1219 1654 84 34 eler
1330 1651 209 38 åtminstone
1567 1655 76 35 icke
1671 1652 111 38 såsom
1809 1654 146 35 hufvud-

354 1704 115 44 saklig
508 1704 125 44 grund,
675 1704 240 44 ordalydelsen
948 1704 11 34 i
985 1703 389 46 Riksdagsordningens
1403 1707 45 33 65
1476 1704 33 46 $&.
1564 1704 66 45 De,
1659 1706 122 35 hvilka
1809 1705 147 35 omfatta

352 1755 213 34 sistberörda
592 1752 103 47 åsigt,
723 1755 128 43 kunde,
881 1766 52 23 om
962 1755 64 34 den
1054 1754 199 45 föreslagna
1281 1755 249 45 förändringen
1557 1756 170 45 vidtoges,
1744 1756 102 35 deraf
1861 1756 94 44 inga-

354 1806 107 34 lunda
501 1806 117 34 hemta
651 1805 189 44 anledning
866 1806 53 34 till
947 1816 41 24 en
1016 1805 134 35 ändrad
1177 1805 241 46 uppfattning,
1448 1807 64 34 den
1540 1807 416 45 meningsskiljaktighet,

354 1856 144 35 hvilken
526 1867 47 24 nu
601 1856 196 43 förefinnes,
827 1857 111 34 skulle
965 1857 11 33 i
1004 1856 89 35 intet
1120 1856 196 35 hänseende
1344 1857 39 34 af
1406 1857 310 45 lagförändringen
1744 1858 211 36 motverkas.

358 1906 68 35 Till
467 1909 50 32 ett
544 1907 224 43 fullständigt
796 1908 63 33 och
887 1907 191 44 ojäfaktigt
1105 1908 145 42 uttryck
1277 1908 109 43 deraf,
1416 1911 53 31 att
1496 1908 204 45 Riksdagen
1728 1920 117 24 ensam
1873 1908 85 44 egde

356 1959 191 33 bestämma
580 1957 98 36 öfver
705 1960 134 32 statens
867 1958 173 34 ordinarie
1068 1958 191 34 inkomster
1286 1961 89 32 samt
1403 1961 52 33 att
1484 1961 50 33 ett
1560 1959 222 45 Riksdagens
1808 1960 114 34 beslut
1949 1958 12 34 i

356 2006 102 46 fråga
499 2019 53 24 om
593 2009 200 43 grunderna
833 2009 54 34 för
926 2009 150 34 nämnda
1108 2009 191 35 inkomster
1327 2010 111 34 skulle
1466 2010 59 35 vid
1553 2010 406 45 meningsskiljaktighet

356 2060 127 33 mellan
510 2058 200 36 Kamrarne
738 2057 257 37 åstadkommas
1022 2070 122 33 genom
1172 2070 197 33 gemensam
1399 2061 225 45 omröstning,
1653 2063 111 33 skulle
1784 2061 175 35 erfordras

356 2111 73 34 helt
457 2110 109 35 andra
596 2110 192 44 ändringar
815 2111 12 33 i
853 2111 278 44 grundlagarnes
1158 2111 130 43 lydelse
1316 2115 45 31 än
1388 2112 77 43 den,
1495 2122 52 25 om
1574 2113 144 36 hvilken
1745 2113 217 34 motionären

355 2162 174 33 hemstält.

491 2211 72 35 Vid
603 2223 48 24 nu
691 2212 186 34 anmärkta
917 2209 243 37 förhållanden
1201 2223 102 25 anser
1343 2214 53 44 sig
1427 2213 187 36 Utskottet
1641 2215 108 35 hafva
1777 2214 81 35 fullt
1885 2214 75 34 skäl

358 2264 64 40 att,
464 2265 86 32 utan
584 2266 53 32 att
664 2260 83 47 ingå
773 2263 12 34 i
812 2263 219 45 granskning
1058 2262 39 36 af
1121 2264 234 35 motionärens
1382 2262 93 47 åsigt
1503 2276 52 24 om
1584 2265 64 35 den
1676 2263 186 38 bestående
1890 2266 69 42 lag-

358 2313 225 42 stiftningens
611 2316 95 32 rätta
734 2311 169 43 förstånd,
933 2314 60 34 hos
1020 2313 203 44 Riksdagen
1252 2315 194 43 hemställa,
