2218 2634
443 216 20 30 2
808 215 381 41 Bevillningsutskottets
1212 215 217 33 Betänkande
1452 216 64 32 N:o
1539 218 49 30 10.

506 305 33 33 2.
595 304 241 49 Innehafvare
875 303 46 48 af
956 305 164 47 rättighet
1160 305 54 35 till
1248 304 224 49 försäljning
1503 305 47 49 af
1575 305 150 35 bränvin
1754 304 62 36 må
1841 304 72 35 icke
1941 304 54 35 till

401 355 133 47 köpare
561 356 25 35 då
611 368 123 23 annan
763 363 54 29 ort
843 361 48 31 än
919 357 77 44 den,
1026 357 62 35 der
1115 357 71 35 han
1214 357 55 35 sin
1290 356 315 49 försäljningsrätt
1631 356 155 47 utöfvar,
1808 356 186 49 försända

402 407 152 35 bränvin
582 408 13 35 i
620 408 140 35 mindre
788 408 124 47 belopp
940 413 48 31 än
1017 409 52 35 20
1097 408 87 36 liter.

506 460 33 33 3.
595 458 45 48 Ej
682 458 121 37 heller
843 462 59 33 må
934 459 244 37 innehafvare
1206 459 41 37 af
1271 459 180 48 rättighet
1479 459 56 36 till
1563 459 229 49 försäljning
1819 459 42 36 af
1884 459 111 36 brän-

400 509 64 36 vin
501 509 74 37 låta
601 524 139 34 genom
770 511 137 36 ombud
936 514 20 33 å
984 516 115 32 annat
1127 511 108 37 ställe
1264 516 47 31 än
1340 512 74 47 det,
1443 511 68 37 der
1539 511 74 36 han
1642 511 57 37 sin
1729 510 265 49 försäljnings-

400 566 75 32 rätt
508 562 162 48 utöfvar,
705 563 56 36 till
791 563 138 49 köpare
958 563 166 37 utlemna
1151 563 159 37 bränvin
1336 563 13 37 i
1377 563 144 36 mindre
1550 563 139 49 belopp
1718 568 45 31 än
1795 564 74 36 250
1898 563 96 37 liter.

508 824 31 35 ll
595 821 392 51 Dei$S8mom2—
1116 845 103 6 Sn
1330 844 111 5 —S—
1492 844 114 4 Sr
1728 817 67 59 ro
1861 817 63 59 nr
1953 844 41 4 —

402 873 93 37 eller
523 875 180 36 förkasta.
1020 873 8 7 |

506 929 33 33 2.
595 927 168 49 Uppstår
803 926 11 36 i
856 927 84 36 stad
980 927 108 48 fråga
1129 931 53 32 att
1222 930 37 33 åt
1296 926 178 37 särskildt
1500 925 102 37 inom
1631 925 134 37 staden
1794 926 60 36 för
1881 926 114 36 ända-

400 978 116 37 målet
542 978 145 37 bildadt
713 978 116 49 bolag
856 979 184 36 öfverlåta
1067 977 49 38 all
1144 979 73 36 den
1244 977 259 38 minuthandel
1531 977 87 37 med
1646 977 69 37 och
1735 977 260 49 utskänkning

401 1031 41 35 af
466 1030 170 47 bränvin,
663 1030 154 36 hvilken
838 1030 111 49 eljest
968 1030 107 47 skall,
1097 1031 119 47 enligt
1234 1036 89 31 näst
1342 1030 230 49 föregående
1592 1035 180 42 moment,
1801 1032 20 34 å
1841 1030 154 36 auktion

399 1082 190 49 utbjudas,
618 1085 59 33 må
705 1081 246 49 magistraten
980 1095 139 35 genom
1149 1082 113 36 minst
1291 1095 45 23 en
1366 1082 135 36 månad
1529 1082 101 36 förut
1657 1081 176 36 utfärdad
1860 1082 134 36 offent-

399 1134 55 49 lig
482 1133 228 49 kungörelse
737 1134 103 36 inom
869 1134 76 36 viss
974 1138 118 32 utsatt
1118 1133 53 37 tid
1199 1133 169 37 infordra
1396 1133 204 48 skriftliga,
1628 1133 217 49 förseglade
1870 1134 125 36 anbud

400 1189 20 33 å
462 1185 118 37 sådan
620 1185 257 37 minuthandel
914 1185 70 37 och
1013 1185 267 49 utskänkning.
1336 1185 182 37 Inkomna
1546 1186 135 46 anbud,
1711 1197 83 25 som
1821 1186 92 36 böra
1941 1189 54 33 åt-

400 1238 113 49 följas
555 1239 41 35 af
632 1237 175 49 bolagets
849 1237 166 48 stadgar,
1058 1244 149 42 öppnas,
1236 1239 110 35 sedan
1374 1239 66 35 den
1468 1245 133 29 utsatta
1630 1239 94 35 tiden
1753 1238 240 48 tilländagått,

400 1291 46 48 af
483 1291 229 47 magistraten
755 1289 71 37 och
866 1290 187 48 granskas
1095 1290 41 35 af
1173 1290 122 36 denna
1336 1289 235 50 myndighet,
1608 1289 167 47 hvilken,
1805 1289 97 36 efter
1930 1289 65 36 det

401 1341 347 49 stadsfullmägtige
791 1341 103 46 eller,
936 1341 68 37 der
1045 1341 158 37 sådana
1225 1342 32 48 ej
1301 1341 132 47 finnas,
1476 1341 137 36 allmän
1647 1341 194 36 rådstufva
1868 1341 127 36 blifvit

399 1393 131 48 hörde,
572 1394 179 36 insänder
791 1393 276 49 handlingarne
1104 1394 119 48 jemte
1265 1397 88 44 eget
1385 1393 191 36 utlåtande
1611 1393 55 36 till
1695 1393 140 48 Kongl.
1867 1393 126 47 Maj:ts

400 1445 432 48 befallningshafvande,
862 1458 80 23 som
971 1445 85 36 med
1086 1445 181 37 afseende
1295 1448 20 33 å
1343 1445 33 49 ej
1403 1445 145 37 mindre
1569 1445 182 48 bolagens
1770 1444 225 50 lämplighet

399 1502 48 31 än
476 1497 114 37 äfven
618 1498 74 36 den
719 1497 183 49 erbjudna
927 1497 183 48 afgiftens
1128 1497 140 49 belopp
1288 1502 97 32 samt
1404 1497 253 36 förhållandet
1675 1497 137 36 mellan
1831 1497 163 36 nämnda

399 1549 114 48 afgift
553 1550 71 36 och
665 1549 64 36 det
767 1549 139 37 ltertal
946 1549 172 47 bränvin,
1151 1549 156 49 bolaget
1335 1562 110 24 anses
1474 1549 128 37 kunna
1629 1549 151 49 afyttra,
1810 1562 91 36 eger
1929 1562 64 23 an-

401 1601 125 36 buden
567 1606 137 44 antaga
736 1601 91 37 eller
854 1601 181 37 förkasta.
1093 1601 138 36 Sådant
1258 1601 125 37 anbud
1409 1601 58 36 får
1496 1601 97 36 dock
1620 1601 83 36 icke
1732 1606 170 44 antagas,
1932 1615 61 22 om

400 1653 161 48 afgiften
603 1658 41 31 är
684 1653 118 48 lägre,
832 1659 46 31 än
908 1653 284 49 sammanlagda
1219 1653 180 49 beloppet
1427 1653 134 47 skolat,
1591 1652 120 49 enligt
1738 1652 21 50 $
1791 1655 57 46 17,
1878 1653 116 36 minst

399 1710 148 43 utgöra,
588 1705 13 36 i
641 1705 66 36 fall
747 1704 523 50 försäljningsrättigheterna
1297 1705 97 36 varit
1421 1708 37 33 åt
1477 1705 184 36 särskilda
1688 1718 184 36 personer
1899 1718 94 36 upp-

399 1755 117 47 låtna;
547 1757 70 36 och
646 1760 60 33 må
733 1758 260 48 magistraten,
1023 1771 62 22 om
1113 1757 129 49 gjordt
1270 1757 122 36 anbud
1421 1762 172 43 antages,
1614 1757 86 36 med
1720 1756 155 49 bolaget
1894 1757 98 37 sluta

399 1808 93 36 aftal
533 1809 59 36 för
633 1809 72 36 den
747 1809 42 36 af
814 1809 138 48 Kongl.
981 1809 127 49 Maj:ts
1136 1809 419 48 befallningshafvande
1582 1809 197 37 bestämda
1806 1809 69 45 tid;
1907 1809 85 36 sko-

397 1860 112 37 lande
543 1860 12 36 i
588 1874 123 23 annan
753 1861 192 46 händelse,
983 1861 197 36 äfvensom
1210 1861 45 36 då
1284 1861 40 36 af
1348 1861 115 48 bolag
1491 1860 130 50 gjordt
1648 1861 125 36 anbud
1800 1861 82 36 icke
1910 1861 82 36 före

394 1911 84 49 juni
519 1913 154 36 månads
714 1916 145 46 utgång
899 1912 125 37 blifvit
1064 1913 187 49 pröfvadt,
1293 1913 160 36 förfaras
1496 1916 125 33 såsom
1653 1913 13 36 i
1698 1926 111 23 mom.
1843 1915 16 34 1
1891 1913 101 36 stad-

397 1964 95 48 gadt
519 1969 51 32 är.

1140 2068 20 50 g
1188 2071 59 34 42.

501 2171 113 37 Idkar
653 2174 128 46 någon
823 2171 258 38 minuthandel
1122 2173 84 35 med
1247 2172 91 37 eller
1378 2172 260 49 utskänkning
1673 2172 42 36 af
1741 2172 157 36 bränvin
1927 2171 64 38 vid

397 2223 161 48 tillfälle,
601 2224 45 36 då
686 2224 376 49 försäljningsrätten
1104 2225 31 48 ej
1179 2225 149 36 utöfvas
1369 2225 67 46 får,
1479 2224 92 37 eller
1599 2228 20 33 å
1645 2229 116 32 annat
1794 2224 119 47 ställe,
1943 2229 47 31 än

397 2275 126 37 dertill
563 2275 202 50 uppgifvet
806 2281 51 42 är,
899 2277 83 36 eller
1016 2278 196 48 försänder
1252 2277 127 48 någon,
1421 2284 71 29 mot
1533 2278 95 34 hvad
1666 2278 14 35 i
1714 2280 23 41 $
1770 2277 25 35 4
1831 2290 103 22 mom.
1965 2277 26 34 2

397 2329 171 48 stadgadt
608 2334 52 40 är,
703 2329 150 36 bränvin
895 2329 54 36 till
990 2329 129 45 köpare
1159 2329 24 36 d
1222 2342 123 23 annan
1378 2336 55 29 ort
1459 2334 48 31 än
1535 2330 77 45 den,
1642 2330 62 35 der
1731 2330 71 34 han
1830 2329 55 35 sin
1905 2328 84 49 för-
