1874 2778
280 157 42 31 56
613 159 298 37 Statsutskottets
931 164 187 35 utlåtande
1138 178 43 21 nr
1201 169 66 39 154
1289 169 39 33 år
1349 171 89 32 1956

327 234 82 36 Den
430 236 114 36 totala
564 238 347 46 kostnadsökningen
932 243 54 34 för
1006 246 215 35 statsverket
1241 247 111 36 skulle
1372 251 119 42 uppgå
1510 252 51 33 till
1583 252 10 34 i
1615 258 83 30 runt
1717 255 50 34 tal

278 289 46 32 22
347 289 90 40 mkr,
463 290 156 35 varifrån
643 292 63 34 bör
730 294 224 37 subtraheras
979 298 43 33 de
1047 298 200 36 beräknade
1273 301 284 44 besparingarna.
1594 306 68 34 Vid
1687 306 80 35 fullt

278 341 207 41 genomförd
508 345 129 43 treårig
657 347 172 34 realskola
850 349 109 34 skulle
981 350 350 46 kostnadsökningen
1353 360 100 30 netto
1476 359 121 40 uppgå
1618 359 53 33 till
1694 372 74 21 om-

278 393 104 44 kring
407 398 20 31 7
452 397 93 39 mkr;
569 398 11 33 i
607 399 239 43 verkligheten
872 402 160 35 kommer
1057 405 68 33 den
1152 411 55 28 att
1233 408 177 42 överstiga
1436 409 101 34 detta
1563 411 139 42 belopp,
1729 413 39 34 så

279 446 102 43 länge
404 448 101 43 linjer
528 462 46 22 av
597 452 95 34 äldre
715 457 65 39 typ
804 454 171 35 bibehålls
998 457 61 34 vid
1083 458 100 33 sidan
1207 471 45 21 av
1277 460 42 34 de
1344 461 151 43 treåriga
1517 462 160 43 linjerna.
1701 465 65 33 Att

276 499 177 44 kalkylen,
476 503 117 35 såsom
615 505 68 33 den
705 506 142 42 utförts,
869 512 91 31 trots
981 509 43 34 de
1047 511 297 42 organisatoriska
1365 513 285 44 förenklingarna
1672 516 95 34 visar

274 554 222 42 underskott,
516 556 100 35 beror
633 559 57 41 på,
710 558 201 36 framhåller
928 562 244 44 utredningen,
1191 569 56 29 att
1265 565 173 34 reformen
1457 568 205 34 samordnas
1681 569 81 34 med

276 605 183 37 införande
481 621 46 21 av
547 610 309 46 byggnadsbidrag
876 614 53 34 för
949 615 106 43 högre
1077 617 116 34 skolor
1212 619 66 33 och
1298 619 80 34 med
1400 616 365 53 terminsavgifternas

277 660 235 36 avskaffande
528 664 48 41 på
593 665 310 36 realskolestadiet.

829 856 375 44 Remissyttranden

317 945 231 37 Beträffande
565 949 43 34 de
623 951 205 41 yttranden,
844 964 74 22 som
935 954 152 43 avgivits
1103 959 83 30 över
1201 957 456 45 sakkunnigbetänkandet,
1673 962 87 33 hän-

272 998 94 35 visas
384 1000 51 34 till
452 1002 275 42 propositionen.

785 1165 450 43 Departementschefen

308 1256 403 46 Departementschefen
729 1261 65 34 har
813 1262 117 35 anfört
948 1263 108 35 bland
1077 1271 110 29 annat
1205 1262 168 53 följande,

309 1317 422 48 Realskoleutredningen
755 1324 154 42 grundar
932 1326 76 33 sina
1032 1326 234 45 beräkningar
1289 1331 49 42 på
1361 1333 230 42 antagandet,
1617 1339 55 30 att
1697 1348 58 21 en-

266 1361 204 36 hetsskolan
490 1365 88 34 skall
599 1378 85 22 vara
703 1367 74 35 helt
796 1370 206 41 genomförd
1022 1370 11 34 i
1054 1372 125 42 början
1200 1386 46 21 av
1267 1376 194 35 1970-talet
1482 1378 65 34 och
1569 1384 56 29 att
1644 1380 112 34 under

266 1408 194 34 1960-talet
483 1421 44 21 en
550 1411 145 42 mycket
719 1417 74 29 stor
817 1414 131 44 ökning
972 1427 45 21 av
1042 1417 297 44 tillströmningen
1363 1421 53 33 till
1440 1423 202 41 gymnasiet
1666 1425 88 34 skall

264 1453 66 40 äga
349 1463 88 29 rum,
457 1453 110 34 delvis
586 1455 48 42 på
651 1457 112 41 grund
782 1469 46 22 av
847 1459 234 36 årskullarnas
1100 1463 165 42 ovanliga
1283 1465 142 40 storlek,
1444 1466 111 34 delvis
1574 1469 48 41 på
1640 1469 114 42 grund

262 1506 46 22 av
331 1496 68 34 den
424 1497 229 36 ekonomiska
676 1502 214 43 utveckling,
914 1515 75 23 som
1012 1505 91 43 givit
1126 1506 163 35 hemmen
1314 1509 113 34 ökade
1450 1511 224 43 möjligheter
1697 1518 56 29 att

263 1539 129 35 bereda
411 1541 133 35 barnen
563 1555 43 22 en
627 1544 105 43 högre
751 1546 290 46 skolutbildning.
1072 1550 68 43 Jag
1158 1551 82 40 kan,
1260 1556 65 30 när
1344 1554 62 34 det
1424 1556 108 41 gäller
1551 1556 202 44 efterfråge-

262 1583 113 42 sidan,
392 1587 140 34 ansluta
547 1588 73 43 mig
635 1589 51 34 till
703 1591 250 43 utredningens
970 1595 232 42 synpunkter,
1219 1595 101 35 Även
1335 1597 61 43 jag
1412 1611 112 29 anser,
1541 1605 56 29 att
1613 1602 140 34 enhets-

262 1628 141 35 skolans
419 1632 274 41 genomförande
710 1641 119 29 senast
844 1636 12 33 i
872 1637 125 42 början
1015 1651 46 21 av
1080 1641 193 34 1970-talet
1289 1642 65 33 bör
1370 1655 85 22 vara
1472 1656 43 21 en
1533 1656 46 22 av
1596 1645 43 34 de
1656 1646 96 34 fasta

260 1672 275 44 riktpunkterna
558 1676 55 35 för
637 1679 63 33 vår
724 1680 213 42 skolpolitik.
961 1683 69 42 Jag
1054 1695 102 22 anser
1179 1685 132 41 vidare,
1336 1692 56 29 att
1416 1700 44 21 en
1485 1690 99 33 stark
1609 1690 142 43 utvidg-

259 1717 85 44 ning
370 1731 46 22 av
441 1722 465 43 gymnasieorganisationen
933 1729 38 31 är
997 1728 215 44 nödvändig.
1240 1730 68 34 Vid
1336 1743 43 22 en
1405 1732 183 44 tidpunkt,
1616 1735 47 34 då
1689 1736 62 34 det

259 1762 103 34 råder
379 1764 89 35 brist
485 1766 48 42 på
552 1766 108 35 bland
680 1774 111 29 annat
809 1770 129 41 läkare,
957 1772 163 35 tekniker
1139 1774 65 34 och
1223 1775 123 41 lärare,
1366 1776 168 35 framstår
1552 1780 198 41 gymnasie-

258 1807 302 42 organisationens
584 1812 211 45 utvidgning
818 1826 75 23 som
916 1828 43 22 en
983 1828 46 23 av
1052 1818 292 44 nyckelfrågorna
1368 1821 60 34 vid
1452 1823 204 35 samhällets
1680 1824 69 34 för-

259 1851 158 44 sörjning
433 1854 81 34 med
533 1855 230 36 intellektuell
783 1859 225 37 arbetskraft.

302 1896 83 34 Mer
404 1899 181 35 tveksamt
605 1901 71 34 kan
698 1902 60 35 det
779 1915 86 23 vara
885 1917 57 22 om
964 1906 251 44 utredningens
1237 1910 260 45 uppskattning
1517 1925 47 22 av
1596 1915 74 34 lära
1716 1928 32 21 r-

255 1941 350 41 produktionen
677 1947 74 33 står
774 1947 62 43 sig.
871 1949 121 43 Några
1016 1963 46 21 av
1086 1951 43 34 de
1153 1952 260 46 invändningar
1437 1969 75 22 som
1537 1958 211 36 framställts

256 1996 104 30 synes
376 1986 72 43 mig
464 1987 201 45 visserligen
681 2003 86 22 vara
783 2004 47 21 av
846 1993 98 43 ringa
961 1995 89 35 vikt.
1078 1996 78 34 När
1172 1997 61 34 det
1249 1998 11 33 i
1278 2004 54 29 ett
1348 2012 64 30 par
1429 2002 317 43 remissyttranden

255 2028 235 44 ifrågasättes,
510 2033 177 35 huruvida
704 2035 76 35 icke
799 2037 228 36 lärarbanans
1048 2041 103 33 andel
1171 2053 45 22 av
1236 2042 44 34 de
1299 2044 184 35 utbildade
1502 2046 150 36 filosofie
1672 2061 74 21 ma-

254 2073 176 42 gistrarna
445 2076 64 34 bör
523 2079 214 41 uppskattas
753 2081 52 34 till
824 2085 41 31 70
882 2089 147 36 procent
1044 2085 11 33 i
1072 2086 118 34 stället
1205 2086 54 34 för
1276 2100 46 21 av
1338 2089 233 44 utredningen
1589 2097 157 38 antagna

254 2121 55 37 75,
335 2120 101 34 torde
462 2122 448 46 meningsskiljaktigheten
936 2128 76 34 icke
1038 2141 87 22 vara
1150 2142 46 22 av
1222 2135 110 31 större
1359 2133 192 43 betydelse,
1578 2136 165 36 eftersom

254 2163 233 44 utredningen
504 2166 82 35 låtit
602 2168 68 33 den
685 2169 319 44 lärarproduktion,
1022 2185 75 23 som
1114 2174 190 37 beräknats
1320 2178 47 41 på
1383 2178 60 34 det
1459 2179 107 43 högre
1582 2187 162 36 procent-

253 2207 100 41 talet,
372 2208 182 45 inbegripa
573 2214 90 32 även
682 2213 93 34 vissa
794 2216 111 33 andra
923 2216 184 42 tillflöden,
1128 2220 114 34 såsom
1262 2222 247 44 utbildningen
1529 2236 47 22 av
1594 2226 149 34 kristen-

253 2251 213 37 domslärare
482 2255 96 35 inom
596 2257 43 33 de
655 2259 193 42 teologiska
864 2260 249 37 fakulteterna.
1130 2264 56 34 Av
1202 2269 110 31 större
1328 2267 161 42 praktisk
1506 2269 181 43 betydelse
1704 2274 40 30 är

252 2295 135 43 frågan,
408 2298 177 36 huruvida
605 2301 61 35 det
686 2302 93 34 finns
800 2304 209 44 tillräckliga
1030 2307 75 34 skäl
1127 2313 55 29 att
1204 2315 96 35 anta,
1322 2317 56 29 att
1398 2325 43 21 en
1463 2318 111 31 större
1595 2323 146 35 procent

251 2343 46 30 än
314 2341 73 33 förr
403 2355 45 21 av
464 2344 43 33 de
523 2344 182 36 inskrivna
722 2347 59 34 vid
800 2348 43 34 de
860 2349 194 36 filosofiska
1071 2352 239 37 fakulteterna
1327 2356 159 36 kommer
1504 2364 56 29 att
1577 2362 166 33 meritera

251 2384 52 42 sig
322 2385 55 34 för
395 2387 217 43 lärartjänst,
642 2390 56 34 En
718 2391 148 45 höjning
885 2406 45 21 av
949 2398 237 39 procenttalet
1206 2398 166 36 blivande
1392 2402 110 34 lärare
1523 2403 78 35 från
1623 2409 43 30 20
1687 2406 52 34 till

250 2431 43 31 25
314 2437 147 35 procent
482 2445 45 21 av
548 2433 43 34 de
611 2434 232 43 nyinskrivna
863 2438 109 35 skulle
993 2441 145 42 mycket
1159 2447 165 31 avsevärt
1345 2445 146 36 inverka
1511 2449 47 41 på
1578 2449 162 34 lärartill-

248 2474 137 43 gången
409 2476 112 34 under
546 2480 204 34 1960-talet.
786 2481 242 46 Utredningen
1053 2485 166 35 hänvisar
1243 2488 11 33 i
1279 2489 101 34 detta
1405 2493 258 43 sammanhang
1686 2494 53 34 till
