2228 2640
167 575 105 23 Herrar
293 575 83 24 Lind-

195 611 97 30 hagens
312 612 45 22 och

202 645 143 24 Karlssons

224 680 98 24 motion

212 722 42 17 n:o
273 715 58 24 116.

441 151 19 31 8
904 151 238 42 Lagutskottets
1170 150 172 34 Utlåtande
1364 152 64 32 N:o
1450 155 53 30 51.

397 227 104 37 ställt
543 242 61 23 om
647 228 200 48 åtgärders
889 228 236 49 vidtagande
1158 230 61 35 för
1246 230 268 37 fastställande
1542 244 141 35 genom
1713 231 64 37 det
1807 233 210 37 allmännas

396 280 156 49 försorg
580 281 41 35 af
645 279 97 37 visst
769 280 81 49 pris
877 283 49 46 på
954 280 126 37 denna
1109 281 142 48 energi.
1308 281 247 38 Härutinnan
1584 282 121 37 skulle
1726 283 111 37 alltså
1857 284 160 50 erbjuda

396 331 61 48 sig
476 344 47 24 en
544 331 163 38 särskild
727 331 204 49 möjlighet
951 332 58 37 för
1024 337 128 32 staten
1168 337 55 32 att
1242 333 13 36 i
1273 333 103 36 vissa
1392 333 208 38 afseenden
1615 334 200 37 förhindra
1834 348 48 24 en
1896 337 119 36 sådan

394 383 148 37 verkan
571 385 42 35 af
638 383 73 36 den
740 383 71 36 fria
839 384 361 48 förfoganderätten
1228 385 109 36 öfver
1365 398 212 35 mossarna,
1608 399 82 23 som
1719 387 75 36 den
1823 388 43 34 af
1880 389 136 36 motio-

395 439 166 33 närerna
588 434 191 37 befarade.

525 564 67 37 Uti
634 564 285 36 ofvannämnda
959 564 199 37 motionen
1193 579 62 23 n:o
1287 567 72 35 116
1388 566 116 37 hafva
1534 566 131 37 herrar
1692 568 221 45 Lindhagen
1941 568 72 37 och

393 616 189 36 Karlsson
609 615 214 37 hemställt:

527 672 54 31 att
608 667 223 49 Riksdagen
858 667 91 37 ville
976 668 71 36 hos
1075 668 143 49 Kungl.
1250 669 112 48 Maj:t
1390 669 151 37 anhålla
1562 683 62 23 om
1644 670 294 50 framläggande
1954 672 59 37 för

393 718 224 49 Riksdagen
647 719 41 36 af
713 719 147 49 förslag
887 719 57 36 till
972 720 262 49 lagstiftning,
1263 721 271 49 hvarigenom:

527 770 73 49 1:0)
642 770 118 49 bolag
802 771 71 36 och
915 771 175 37 enskilda
1131 785 196 36 personer,
1356 787 82 23 som
1476 778 77 44 äga
1582 773 141 49 skogar
1750 774 44 36 af
1817 788 102 23 mera
1946 775 66 37 be-

392 821 170 50 tydande
591 822 247 49 omfattning,
868 822 159 49 åläggas
1057 829 56 31 att
1141 827 21 33 å
1191 824 86 37 dem
1304 825 125 36 införa
1457 825 185 49 uthålligt
1670 826 234 48 skogsbruk;

524 873 74 49 2:0)
628 874 286 49 expropriation
941 877 62 34 må
1031 875 122 37 under
1179 877 105 36 vissa
1315 877 322 48 förutsättningar
1663 878 133 36 kunna
1824 883 75 44 äga
1925 891 85 23 rum

392 926 85 35 från
506 925 130 49 dylika
664 926 348 50 skogskomplexer
1039 927 59 36 för
1126 927 180 38 bildande
1334 928 43 36 af
1400 928 381 50 kommunalskogar.

521 1003 301 49 Ifrågavarande
851 1003 229 38 hemställan
1108 1004 68 37 har
1203 1005 225 37 motiverats
1456 1008 50 46 på
1535 1006 170 49 följande
1733 1010 92 32 sätt:

524 1055 107 37 »Den
672 1055 239 47 företeelsen,
947 1061 56 31 att
1035 1056 150 37 landets
1214 1059 131 45 skogar
1373 1058 140 36 samlas
1540 1060 14 34 i
1582 1062 116 33 större
1726 1059 206 46 komplexer
1960 1062 49 46 på

390 1106 192 37 enskildes
611 1107 156 48 händer,
798 1112 43 31 är
868 1108 83 36 icke
980 1113 96 31 utan
1104 1108 84 37 sina
1215 1109 220 49 betydande
1464 1110 263 48 olägenheter,
1749 1123 82 23 som
1852 1111 157 36 allmänt

391 1171 111 24 anses
530 1158 152 49 påkalla
710 1164 56 31 ett
794 1158 241 50 ingripande.

521 1209 168 37 Sålunda
729 1210 70 36 har
841 1224 48 23 en
929 1211 66 48 lag
1035 1211 201 48 utfärdats,
1275 1225 83 24 som
1387 1211 155 38 alldeles
1570 1212 198 49 förbjuder
1797 1212 147 38 förvärf
1969 1214 43 36 af

389 1261 99 49 skog
529 1261 13 36 i
583 1261 103 38 vissa
727 1262 150 36 trakter
904 1263 12 36 i
945 1263 74 36 den
1048 1266 89 33 mån
1164 1263 150 50 skogen
1342 1269 43 31 är
1412 1264 172 48 behöflig
1611 1264 59 37 för
1693 1264 241 49 jordbruket.
1990 1266 19 35 TI

388 1326 49 23 en
484 1326 128 23 annan
657 1313 147 37 motion
846 1314 42 36 af
926 1314 127 37 denna
1095 1315 77 49 dag
1201 1315 69 37 har
1297 1316 237 48 ifrågasatts,
1567 1320 56 32 att
1650 1321 119 31 annat
1797 1317 148 36 förvärf
1971 1317 42 36 af

388 1365 232 48 skogsmark
647 1365 13 36 i
688 1371 122 31 större
840 1366 237 49 omfattning
1105 1367 97 37 skall
1229 1381 94 23 vara
1346 1367 279 37 underkastadt
1644 1368 177 49 offentlig
1840 1369 167 36 kontroll

387 1429 141 36 genom
558 1417 237 36 koncession.

518 1469 89 36 Men
649 1468 115 37 äfven
806 1469 142 36 sådana
990 1474 123 32 större
1155 1470 355 50 skogskomplexer,
1551 1483 81 24 som
1660 1471 119 36 redan
1808 1472 198 36 samlats
1984 1464 27 60 i

387 1520 194 36 enskildes
609 1525 86 43 ägo,
725 1520 139 36 kräfva
890 1520 77 37 lika
995 1521 89 36 fullt
1113 1521 321 49 lagstiftningens
1462 1522 354 48 uppmärksamhet.
1863 1523 142 37 Dithän

387 1572 122 47 syftar
537 1571 455 37 norrlandskommitténs
1021 1572 148 49 förslag
1198 1587 61 22 om
1290 1573 287 49 expropriation
1606 1574 42 35 af
1672 1574 264 48 odlingsmark
1954 1578 51 46 på

387 1623 142 36 sådana
557 1623 316 48 skogsområden.
929 1624 67 36 Dit
1024 1624 94 37 höra
1145 1625 147 49 jämväl
1321 1625 180 48 åtgärder
1529 1625 88 36 med
1645 1626 179 37 afseende
1852 1629 49 46 på
1928 1627 76 36 till-

385 1674 295 49 godogörandet
721 1675 43 36 af
797 1675 140 49 själfva
965 1676 408 49 skogsafkastningen,
1401 1676 161 37 hvilken
1590 1677 109 49 fråga
1727 1682 42 32 är
1796 1678 208 49 meningen

386 1731 55 31 att
469 1726 13 36 i
510 1731 55 32 ett
592 1740 71 35 par
691 1726 208 37 afseenden
926 1732 175 45 upptaga
1129 1728 12 36 i
1170 1728 125 37 denna
1324 1728 155 37 motion.

517 1777 170 37 Sålunda
727 1779 71 36 har
839 1778 65 37 vid
940 1779 255 49 riksdagarna
1225 1782 111 46 1903,
1369 1782 96 34 1907
1497 1780 72 36 och
1601 1782 97 35 1908
1727 1781 133 36 Andra
1886 1781 117 37 Kam-

385 1843 129 24 maren
556 1830 138 36 uttalat
735 1831 63 48 sig
838 1830 62 37 för
941 1844 46 23 en
1014 1831 262 49 lagstiftning,
1306 1832 253 48 hvarigenom
1587 1831 116 50 bolag
1731 1833 73 36 och
1832 1833 171 36 enskilda

384 1894 195 37 personer,
609 1894 82 24 som
719 1886 76 44 äga
823 1882 141 49 skogar
992 1883 43 36 af
1060 1896 103 24 mera
1192 1883 217 49 betydande
1434 1883 248 49 omfattning,
1712 1884 161 49 åläggas
1902 1889 54 32 att
1981 1887 21 34 å

385 1933 85 37 dem
511 1933 125 37 införa
676 1933 183 49 uthålligt
900 1934 232 49 skogsbruk,
1174 1935 147 37 hvilket
1363 1935 170 37 däremot
1576 1935 191 37 afvisades
1801 1936 42 36 af
1866 1936 136 37 Första

383 1986 246 35 Kammaren.
685 1985 59 36 Då
780 1986 13 35 i
823 1986 97 36 brist
946 1989 50 46 på
1025 2000 49 23 en
1102 1987 118 36 sådan
1247 1987 251 49 lagstiftning
1526 1992 81 31 stor
1634 1987 191 37 förödelse
1854 1988 148 48 årligen

384 2041 92 44 äger
504 2050 87 23 rum
619 2036 72 37 och
718 2037 151 37 landets
898 2038 266 50 skogskapital
1191 2039 300 48 mångenstädes
1520 2039 12 36 i
1561 2039 80 49 hög
1664 2038 97 49 grad
1781 2039 220 50 äfventyras

384 2093 42 31 är
467 2088 64 37 det
572 2101 47 24 en
661 2088 225 50 skyldighet
927 2094 57 32 att
1016 2090 175 49 ständigt
1217 2091 184 49 påminna
1429 2103 62 24 om
1521 2090 120 37 saken
1668 2091 58 35 till
1755 2090 89 38 dess
1871 2094 129 45 någon

384 2142 109 47 gång
521 2140 166 37 omsider
715 2145 55 32 ett
797 2141 196 49 riksdags-
1021 2141 93 37 eller
1141 2142 373 50 regeringsinitiativ
1542 2142 174 37 kommer
1743 2142 61 36 till
1832 2143 121 37 stånd.

514 2192 61 36 En
604 2205 127 23 annan
760 2192 206 49 olägenhet
994 2193 86 37 med
1109 2193 130 50 dylika
1269 2199 122 32 större
1419 2193 343 50 skogskomplexer
1790 2199 54 43 är,
1866 2199 54 32 att
1939 2195 58 47 de,

384 2246 126 35 såsom
553 2243 267 38 erfarenheten
863 2245 127 36 alltför
1032 2245 144 50 tydligt
1204 2245 110 49 visat,
1344 2245 137 37 hindra
1510 2246 93 37 eller
1630 2251 85 32 rent
1743 2246 42 37 af
1810 2246 189 49 ödelägga
