1892 2806
588 175 273 30 Statsutskottets
881 175 176 31 utlåtande
1082 185 40 20 nr
1148 178 70 29 226.
1640 175 15 29 1

813 489 61 41 Nr
900 490 89 41 226.

708 610 108 24 Ankom
834 610 42 24 till
895 611 156 30 riksdagens
1069 611 87 23 kansli
1175 612 51 23 den
1248 610 30 25 18
1296 611 58 30 juni
1374 609 65 26 1943
1457 611 34 24 kl.
1512 609 14 25 4
1545 618 22 17 e.
1586 618 26 17 m

372 713 182 32 Utlåtande
574 715 10 29 i
605 713 187 38 anledning
813 724 41 20 av
877 714 125 31 väckta
1022 715 170 30 motioner
1212 724 56 21 om
1291 715 192 30 beredande
1503 724 42 22 av
1565 715 87 30 kris-

590 765 98 37 hjälp
710 765 36 30 åt
770 765 201 31 behövande
996 765 95 31 barn.

1422 814 66 40 (3:e
1513 813 88 40 avd.)

193 915 15 31 I
233 915 58 32 två
318 916 222 37 likalydande
566 917 180 36 motioner,
773 918 133 35 väckta,
935 918 68 30 den
1027 927 65 21 ena
1118 917 95 31 inom
1242 917 110 31 första
1378 918 204 30 kammaren
1609 926 41 21 av

147 966 82 31 herr
245 966 38 31 E.
301 967 180 30 Näsström
498 976 44 23 m.
561 966 37 38 fl.
620 964 40 40 (1:
701 964 29 40 77)
753 968 66 30 och
838 968 66 30 den
923 968 110 30 andra
1050 968 95 30 inom
1164 968 110 31 andra
1291 969 205 30 kammaren
1513 977 43 21 av
1572 968 80 30 herr

146 1016 36 32 G.
206 1016 178 38 Skoglund
407 1017 11 30 i
441 1017 108 31 Umeå
570 1027 44 21 m.
639 1017 37 38 fl.
706 1017 58 39 (II:
782 1015 72 40 112)
883 1019 66 30 har
970 1018 203 36 hemställts,
1200 1021 50 28 att
1272 1019 183 36 riksdagen
1479 1018 77 31 ville
1579 1017 72 31 dels

143 1067 102 32 ställa
265 1071 46 29 ett
331 1068 120 36 anslag
469 1068 47 36 på
536 1068 140 36 400,000
697 1069 131 30 kronor
847 1069 50 30 till
919 1068 123 37 Kungl.
1064 1068 118 37 Maj:ts
1205 1069 206 37 förfogande
1431 1072 49 27 att
1500 1069 150 30 fördelas

144 1119 66 29 och
231 1118 132 37 nyttjas
385 1118 88 31 efter
501 1120 4 29 i
528 1118 176 31 motionen
728 1119 149 36 angivna
900 1120 65 30 och
992 1129 42 21 av
1060 1120 80 29 1941
1167 1119 55 31 års
1245 1119 406 37 befolkningsutredning

145 1168 145 38 tidigare
308 1169 203 31 utarbetade
526 1170 160 36 grunder,
707 1168 73 32 dels
800 1170 64 30 ock
884 1170 134 30 besluta
1038 1173 48 27 att
1104 1169 267 37 ifrågavarande
1391 1170 260 31 extraordinära

144 1219 321 38 hjälpverksamhet
484 1220 88 31 skall
588 1220 120 31 ställas
729 1221 109 30 under
857 1220 291 37 socialstyrelsens
1168 1220 253 31 överinseende.

192 1270 225 31 Beträffande
437 1271 41 30 de
497 1271 83 35 skäl,
601 1280 74 21 som
695 1271 135 30 anförts
849 1271 51 30 till
919 1271 77 30 stöd
1017 1271 56 30 för
1088 1271 156 31 nämnda
1261 1271 165 37 yrkande,
1446 1271 55 31 får
1520 1271 129 30 utskot-

146 1324 56 35 tet,
238 1321 2 30 i
266 1321 65 31 den
356 1320 82 32 mån
464 1321 41 30 de
530 1321 31 36 ej
588 1321 137 37 framgå
750 1331 42 20 av
820 1322 182 29 utskottets
1026 1321 170 38 yttrande,
1223 1321 146 32 hänvisa
1396 1321 50 30 till
1472 1321 176 31 motionen

147 1372 44 30 II:
209 1372 71 30 112.

192 1471 81 30 1941
304 1470 55 32 års
385 1471 406 37 befolkningsutredning
818 1472 64 30 har
909 1471 47 37 på
980 1472 171 35 grundval
1177 1481 42 21 av
1246 1471 295 37 framställningar
1568 1471 80 31 från

144 1521 343 37 landshövdingarna
511 1521 10 30 i
544 1522 42 30 de
607 1521 79 37 fyra
710 1521 210 37 nordligaste
942 1522 103 29 länen
1070 1522 65 30 den
1162 1522 38 30 12
1224 1521 71 37 maj
1323 1522 81 30 1942
1428 1521 127 37 avgivit
1578 1521 69 31 för-

145 1571 72 37 slag
233 1581 58 21 om
305 1571 256 37 förebyggande
576 1571 172 37 krishjälp
766 1571 34 31 åt
815 1572 97 36 barn,
931 1572 125 30 främst
1073 1572 10 30 i
1099 1572 296 32 norrlandslänen.
1414 1571 235 37 Utredningen

145 1621 176 37 framhöll,
342 1625 49 28 att
410 1623 113 30 denna
541 1621 97 37 hjälp
657 1622 143 36 givetvis
819 1622 108 31 borde
946 1632 83 20 vara
1049 1632 41 20 av
1111 1625 76 28 rent
1207 1622 150 38 tillfällig
1375 1622 166 31 karaktär
1559 1625 90 28 samt

145 1672 71 30 helt
233 1672 91 30 skild
341 1671 79 32 från
439 1672 66 30 den
522 1673 228 31 kommunala
768 1672 233 37 fattigvården
1018 1673 65 30 och
1100 1672 251 31 barnavården.
1374 1672 151 38 Hjälpen
1541 1673 108 30 borde

144 1722 76 31 icke
238 1722 38 31 få
295 1722 143 31 inverka
458 1722 46 37 på
521 1723 272 30 kommunernas
813 1722 196 37 skyldighet
1027 1725 48 28 att
1093 1723 117 30 lämna
1228 1723 123 36 bidrag
1368 1723 49 30 till
1436 1723 88 30 barn
1543 1723 105 36 enligt

144 1772 229 32 barnavårds-
401 1773 65 30 och
492 1772 348 37 fattigvårdslagarna
866 1773 82 30 eller
974 1772 181 32 föranleda
1181 1773 206 37 indragning
1411 1774 80 30 eller
1518 1773 129 31 minsk-

144 1822 84 38 ning
247 1832 43 22 av
308 1823 108 30 redan
437 1822 169 37 utgående
624 1823 199 30 understöd.
844 1823 74 30 Den
940 1823 155 30 enklaste
1114 1824 65 29 och
1200 1823 88 31 efter
1305 1824 156 30 behoven
1481 1826 87 28 mest
1589 1833 58 21 an-

143 1873 271 36 passningsbara
437 1874 160 29 metoden
620 1873 55 30 för
696 1873 197 30 beredande
915 1882 44 21 av
981 1873 257 36 förebyggande
1262 1873 170 36 krishjälp
1457 1873 35 31 åt
1516 1874 132 30 barnen

145 1923 10 30 i
176 1923 289 30 norrlandslänen
485 1932 89 26 vore,
597 1926 49 27 att
666 1925 111 28 staten
799 1923 122 30 ställde
942 1925 47 27 ett
1009 1923 125 36 belopp
1156 1922 50 31 till
1229 1923 206 36 förfogande
1457 1924 56 29 för
1533 1924 114 30 lands-

141 1972 241 37 hövdingarna
407 1974 10 29 i
443 1973 41 30 de
509 1972 77 37 fyra
611 1972 212 37 nordligaste
846 1973 103 30 länen
973 1976 51 27 att
1049 1973 87 30 efter
1161 1973 217 31 bedömande
1404 1983 42 21 av
1471 1973 97 37 varje
1592 1983 56 21 en-

144 2022 81 31 skilt
242 2023 63 30 fall
321 2023 179 30 användas
516 2023 55 30 för
588 2023 207 30 ändamålet.
816 2022 234 37 Utredningen
1068 2023 149 37 föreslog
1235 2026 47 27 ett
1300 2024 124 36 belopp
1445 2034 42 20 av
1509 2024 138 36 100,000

144 2074 130 29 kronor
294 2072 51 31 till
365 2082 106 21 envar
490 2083 42 20 av
551 2073 341 36 landshövdingarna
913 2073 10 30 i
944 2073 236 36 Norrbottens,
1203 2074 254 30 Västerbottens
1478 2075 65 30 och
1566 2075 80 29 Väs-

142 2124 235 29 ternorrlands
394 2123 60 30 län
471 2127 89 27 samt
578 2124 118 35 25,000
715 2124 130 29 kronor
862 2123 49 30 till
930 2123 299 37 landshövdingen
1247 2124 9 29 i
1275 2123 193 31 Jämtlands
1487 2125 67 37 län,
1574 2134 74 21 var-

143 2172 109 37 jämte
270 2176 47 27 ett
332 2173 195 36 ytterligare
544 2173 124 36 belopp
688 2183 43 20 av
749 2174 116 35 75,000
882 2174 131 29 kronor
1028 2174 165 35 föreslogs
1211 2174 92 30 ställt
1321 2174 48 29 till
1389 2175 121 35 Kungl.
1529 2174 118 36 Maj:ts

144 2223 207 36 förfogande
372 2222 115 31 såsom
504 2223 192 36 beredskap
718 2223 56 29 för
792 2223 171 36 krishjälp
984 2223 34 30 åt
1037 2223 87 29 barn
1144 2223 11 29 i
1174 2223 129 36 jämväl
1325 2225 108 29 andra
1454 2225 67 29 län.

187 2272 227 31 Beträffande
434 2273 152 29 medlens
608 2272 225 36 användning
856 2273 150 35 föreslog
1027 2273 237 35 utredningen,
1288 2276 48 27 att
1358 2274 41 29 de
1421 2274 107 30 borde
1549 2274 96 30 kom-

144 2332 59 21 ma
225 2323 132 30 barnen
382 2322 50 29 till
456 2322 87 36 godo
568 2322 49 29 till
644 2321 199 36 främjande
869 2331 42 21 av
936 2325 48 26 ett
1010 2325 71 33 gott
1107 2322 256 31 hälsotillstånd
1387 2331 122 27 genom
1536 2324 112 30 bättre

144 2372 123 37 näring
289 2373 65 29 och
376 2372 111 30 bättre
508 2371 207 30 beklädnad.
743 2372 11 29 I
778 2372 145 30 främsta
945 2374 150 27 rummet
1118 2372 107 29 borde
1247 2372 121 31 därvid
1391 2372 256 37 ifrågakomma

143 2423 78 31 stöd
237 2423 34 30 åt
289 2421 339 31 koloniverksamhet
644 2422 66 29 och
728 2430 115 21 annan
862 2420 289 31 sommarvistelse
1170 2422 55 29 för
1241 2422 88 30 barn
1346 2425 88 27 samt
1451 2423 195 31 beredande

144 2482 43 22 av
205 2472 198 36 läkarhjälp
425 2471 35 32 åt
480 2472 97 35 barn,
598 2480 76 21 som
694 2480 79 22 vore
794 2471 9 29 i
823 2471 112 30 behov
954 2471 116 32 därav.
1092 2472 62 30 Det
1173 2472 107 30 borde
1301 2472 137 31 särskilt
1457 2474 188 36 uppmärk-

185 2537 110 31 Bihang
307 2535 42 26 till
359 2535 166 31 riksdagens
537 2534 145 32 protokoll
696 2535 74 25 1943.
791 2535 15 24 6
819 2535 75 24 saml.
915 2535 39 23 Nr
966 2536 56 22 226.
1606 2537 6 23 1

1699 1486 128 26 Utskottet.
