1884 2794
455 206 467 36 Konstitutionsutskottets
944 204 182 35 memorial
1151 216 39 21 nr
1213 206 54 31 25.
1592 204 16 30 1

783 455 69 41 Nr
878 455 67 41 25.

350 600 467 36 Konstitutionsutskottets
843 598 182 35 memorial
1052 597 81 34 med
1159 596 251 43 föranledande
1438 607 44 22 av
1511 595 98 33 kam-

574 666 121 22 rarnas
718 652 205 43 skiljaktiga
949 652 115 33 beslut
1089 649 217 43 beträffande
1333 649 195 34 utskottets
1551 652 56 29 ut-

576 707 141 35 låtande
739 719 42 21 nr
801 708 40 31 21
869 706 10 33 i
900 705 188 41 anledning
1111 716 44 22 av
1176 703 133 42 Kungl.
1331 701 130 43 Maj:ts
1480 694 127 50 propo-

575 760 106 34 sition
704 760 53 34 till
779 758 188 42 riksdagen
989 758 83 34 med
1093 757 127 43 förslag
1245 757 53 33 till
1321 755 203 43 förordning
1548 766 59 23 om

575 814 147 41 ändring
749 813 12 34 i
789 811 425 43 taxeringsförordningen
1241 810 68 33 den
1337 812 44 31 28
1408 808 200 43 september

576 870 89 31 1928
688 867 58 42 (nr
766 866 86 43 379)
874 878 47 21 m.
943 878 47 21 m.
1012 865 12 33 i
1045 864 72 34 vad
1138 863 262 44 propositionen
1423 862 185 34 hänvisats

576 921 53 34 till
651 918 447 37 konstitutionsutskottet.

170 1039 137 34 Genom
323 1050 44 21 en
384 1038 67 34 den
468 1041 19 30 9
504 1036 154 34 februari
676 1038 84 31 1951
780 1034 224 43 dagtecknad
1020 1032 229 44 proposition,
1266 1044 41 21 nr
1325 1035 55 36 64,
1396 1031 63 33 har
1475 1030 133 42 Kungl.

123 1091 111 43 Maj:t
256 1091 179 42 föreslagit
458 1090 187 42 riksdagen
669 1093 55 29 att
748 1092 131 38 antaga
903 1087 108 34 bland
1036 1090 111 30 annat
1169 1086 116 33 nedan
1309 1085 145 42 intagna
1479 1084 129 41 förslag

124 1146 52 33 till
197 1146 56 42 lag
273 1144 181 43 angående
476 1143 135 34 ändrad
632 1142 130 43 lydelse
785 1153 45 22 av
854 1144 42 31 17
921 1140 14 39 $
959 1140 101 42 lagen
1082 1140 68 33 den
1172 1142 42 30 28
1235 1138 72 42 maj
1334 1141 87 31 1937
1447 1137 54 43 (nr
1523 1137 81 41 249)

122 1211 59 22 om
202 1198 295 42 inskränkningar
519 1196 11 34 i
553 1199 118 31 rätten
695 1199 55 30 att
773 1194 233 34 utbekomma
1029 1193 177 33 allmänna
1229 1191 220 42 handlingar.

169 1252 18 33 I
210 1252 63 33 sitt
295 1251 185 34 utlåtande
504 1261 41 22 nr
568 1252 41 30 21
634 1248 63 34 har
720 1248 180 33 utskottet
922 1246 193 39 hemställt,
1138 1250 55 29 att
1215 1245 198 41 riksdagen,
1435 1244 81 33 med
1540 1242 68 34 för-

124 1305 168 34 klarande
311 1309 56 29 att
383 1304 131 42 Kungl.
532 1302 129 43 Maj:ts
679 1301 218 43 proposition
916 1312 41 21 nr
975 1303 54 36 64,
1048 1299 11 34 i
1077 1299 70 34 vad
1165 1299 66 33 den
1249 1298 183 34 hänvisats
1451 1297 53 33 till
1521 1296 87 34 kon-

124 1357 373 39 stitutionsutskottet,
527 1356 76 33 icke
631 1355 139 34 kunnat
799 1354 10 33 i
839 1353 206 34 oförändrat
1074 1352 98 33 skick
1200 1351 150 39 bifallas,
1380 1351 10 33 i
1420 1350 189 42 anledning

126 1424 45 21 av
206 1423 137 22 samma
376 1409 219 44 proposition
628 1409 113 33 måtte
777 1411 131 38 antaga
943 1406 156 42 följande
1124 1406 114 32 såsom
1262 1404 196 34 utskottets
1481 1403 129 42 förslag

123 1464 219 35 betecknade

791 1573 153 40 Förslag

850 1643 42 25 till

822 1705 86 41 Lag

217 1788 179 35 angående
414 1787 129 28 ändrad
560 1786 134 35 lydelse
713 1792 43 21 av
775 1785 35 27 17
830 1784 19 34 8
867 1784 103 34 lagen
989 1784 67 27 den
1074 1783 36 27 28
1128 1782 65 34 maj
1214 1782 71 27 1937
1304 1781 56 34 (nr
1378 1780 66 34 249)
1463 1787 54 20 om

269 1832 295 33 inskränkningar
582 1830 12 27 i
613 1829 114 28 rätten
746 1829 53 27 att
818 1828 219 28 utbekomma
1055 1826 173 28 allmänna
1247 1825 218 33 handlingar.

173 1906 216 42 Härigenom
406 1903 193 39 förordnas,
616 1907 55 29 att
689 1905 41 30 17
751 1902 14 38 $
785 1902 101 41 lagen
903 1900 67 34 den
987 1903 43 30 28
1047 1898 71 43 maj
1139 1902 87 30 1937
1244 1910 57 21 om
1319 1896 294 42 inskränkningar

125 1960 10 33 i
157 1963 117 30 rätten
297 1962 57 30 att
374 1957 232 34 utbekomma
627 1956 177 33 allmänna
827 1953 208 42 handlingar
1059 1952 86 34 skall
1169 1951 129 34 erhålla
1322 1950 134 34 ändrad
1479 1949 131 43 lydelse

126 2014 46 42 på
189 2015 73 31 sätt
278 2012 117 33 nedan
413 2010 154 41 angives.

821 2082 42 30 17
892 2078 14 22 $

239 2127 149 42 (Kungl.
415 2125 127 42 Maj:ts
566 2123 157 44 förslag:)
891 2095 15 22 :
1055 2121 221 42 (Utskottets
1298 2119 158 43 förslag:)

173 2190 67 33 Till
257 2188 208 43 myndighet
482 2207 45 4 —
543 2207 46 4 —
604 2206 45 4 —
666 2184 203 44 uppgiftens
888 2184 136 33 datum.

172 2240 382 44 Förmögenhetslängd
576 2242 166 30 ävensom
762 2258 46 4 —
827 2257 46 4 —
892 2257 45 4 —
957 2236 168 42 längdens
1147 2235 136 33 datum.

171 2304 220 41 Handlingar
416 2303 9 33 i
451 2302 164 38 ärenden,
640 2312 74 22 som
739 2311 101 22 avses
944 2297 221 42 Handlingar
1189 2296 9 33 i
1225 2296 164 38 ärenden,
1414 2307 74 20 som
1514 2305 100 22 avses

162 2357 245 41 förordningen
430 2368 57 21 om
511 2357 74 30 rätt
608 2358 55 29 att
687 2365 44 21 av
755 2352 85 33 riks-
899 2351 9 33 i
933 2350 246 41 förordningen
1203 2361 57 21 om
1285 2351 73 30 rätt
1382 2352 54 29 att
1461 2359 43 21 av
1529 2347 85 32 riks-

127 2410 295 34 skattenämnden
453 2408 131 33 erhålla
613 2405 227 35 förhandsbe-
900 2403 296 34 skattenämnden
1226 2402 132 32 erhålla
1387 2400 227 33 förhandsbe-

128 2464 82 33 sked
239 2464 8 32 i
276 2462 304 41 taxeringsfrågor,
607 2461 59 33 må
692 2459 30 42 ej
752 2463 89 29 utan
900 2457 84 33 sked
1012 2456 10 33 i
1050 2455 304 42 taxeringsfrågor,
1381 2455 58 32 må
1466 2453 29 42 ej
1527 2457 86 29 utan

129 2517 180 42 samtycke
340 2528 44 21 av
413 2516 64 33 den
508 2527 75 21 som
613 2513 80 33 sökt
720 2513 121 33 beske-
902 2510 182 43 samtycke
1113 2521 44 21 av
1185 2509 67 33 den
1282 2520 75 21 som
1387 2507 79 33 sökt
1494 2507 121 33 beske-

127 2358 7 33 -e

126 2591 14 26 1
161 2604 32 4 —
212 2589 98 31 Bihang
330 2589 37 24 till
383 2587 147 30 riksdagens
545 2586 129 31 protokoll
694 2587 68 22 1951.
800 2588 16 22 5
835 2584 75 25 saml.
947 2586 17 22 2
983 2583 60 25 avd.
1082 2583 39 24 Nr
1142 2584 39 23 25.
