1918 2794
545 149 307 31 Bankoutskottets
879 149 175 31 utlåtande
1078 159 41 21 nr
1143 149 50 31 49.
1604 145 19 29 3

157 233 344 37 Avlöningsanslaget
522 233 50 31 till
595 233 332 36 riksgäldskontoret
950 233 66 31 har
1036 233 202 31 omräknats
1261 233 11 30 i
1295 233 149 36 enlighet
1467 233 80 30 med
1570 233 50 30 fö-

114 277 153 35 reslagen
294 276 296 37 omorganisation
615 285 43 21 av
684 275 332 36 riksgäldskontoret
1049 275 220 38 (bankoutsk.
1296 276 60 30 utl.
1385 285 40 21 nr
1452 272 167 40 38/1947).

113 320 64 31 Det
196 321 111 30 under
326 320 331 36 riksgäldskontoret
678 319 204 31 redovisade
902 319 153 35 anslaget
1075 318 50 32 till
1146 318 118 37 övriga
1286 319 248 30 omkostnader
1555 320 65 29 har

113 365 128 28 ansetts
262 362 85 30 böra
368 361 127 31 sänkas
515 362 80 30 med
615 362 39 30 75
669 361 63 30 000
752 361 130 30 kronor
901 359 170 32 beroende
1090 358 44 40 på
1155 360 200 36 minskning
1375 369 42 21 av
1436 360 184 36 riksgälds-

113 404 176 31 kontorets
307 403 189 31 kostnader
515 403 57 31 för
590 403 213 37 tjänstepost.
1621 432 11 6 H

157 446 333 36 Pensionsanslagen
514 446 50 31 till
589 445 183 37 pensioner
794 444 36 33 åt
855 444 23 31 f.
901 445 33 31 d.
957 444 342 36 befattningshavare
1322 455 45 20 m.
1391 445 36 30 fl.
1451 445 67 30 och
1540 454 81 27 pen-

115 489 112 30 sioner
253 488 36 31 åt
315 488 233 31 efterlevande
578 488 50 31 till
654 488 343 35 befattningshavare
1035 488 46 30 ha
1119 487 187 31 beräknats
1346 487 86 32 efter
1459 488 11 29 i
1497 487 123 36 Kungl.

114 531 117 36 Maj:ts
256 531 217 37 proposition
496 540 42 21 nr
560 531 63 30 283
648 531 50 31 till
720 530 234 31 innevarande
978 530 140 36 riksdag
1142 530 196 36 föreslagna
1361 530 160 36 grunder,
1546 539 74 21 var-

113 574 106 36 jämte
240 574 155 35 anslaget
416 574 50 30 till
485 573 190 37 kristillägg
698 573 120 36 utgått.

161 682 65 40 1:0)
252 683 215 36 Riksdagen:
488 683 163 30 Arvoden
673 682 52 30 till
744 682 208 36 riksdagens
972 682 204 30 ledamöter.
1198 681 119 31 Under
1338 682 160 36 punkten
1520 682 15 29 1
1557 681 65 30 har

115 734 122 35 Kungl.
264 733 101 37 Maj:t
389 733 177 36 föreslagit
588 733 183 36 riksdagen
798 737 50 27 att
870 733 56 30 för
949 731 201 37 budgetåret
1175 728 139 42 1947/48
1338 732 50 30 till
1412 732 209 35 Riksdagen:

114 784 159 31 Arvoden
295 784 49 31 till
363 784 202 36 riksdagens
584 784 190 30 ledamöter
792 783 121 31 anvisa
933 787 46 27 ett
1000 783 269 36 förslagsanslag
1288 792 43 21 av
1351 784 18 29 2
1384 783 63 30 960
1461 783 63 30 000
1545 783 77 30 kro-

113 844 74 21 nor.

159 886 173 30 Utskottet
353 884 55 31 får
433 885 123 36 erinra,
580 889 49 27 att
652 885 123 35 Kungl.
800 884 102 37 Maj:t
922 892 126 29 genom
1070 884 214 37 proposition
1308 894 41 20 nr
1373 885 63 29 276
1460 883 163 37 framlagt

114 936 128 36 förslag
265 945 57 21 om
345 936 233 36 pensionsrätt
600 936 55 30 för
678 935 203 36 riksdagens
904 935 198 30 ledamöter.
1127 935 123 30 Därest
1273 935 95 37 dylik
1391 934 232 37 pensionsrätt

115 987 139 36 införes,
278 996 104 28 synas
401 987 109 31 under
530 986 201 38 budgetåret
754 982 139 42 1947/48
912 985 170 37 utgående
1101 985 182 38 pensioner
1303 987 84 30 böra
1406 986 133 30 belasta
1557 986 65 30 här

114 1035 268 37 ifrågavarande
407 1036 277 36 förslagsanslag.
713 1035 109 32 Såvitt
848 1036 165 31 utskottet
1038 1037 135 30 kunnat
1199 1035 159 37 bedöma,
1386 1035 96 31 torde
1508 1034 115 38 någon

114 1086 145 37 höjning
279 1097 42 20 av
339 1087 155 35 anslaget
512 1087 77 30 icke
607 1096 83 21 vara
710 1086 211 37 erforderlig.

159 1137 172 31 Utskottet
354 1138 199 29 hemställer
576 1137 102 37 förty,

468 1234 50 27 att
534 1229 184 37 riksdagen
735 1229 58 31 må
810 1229 56 31 för
884 1228 201 37 budgetåret
1105 1226 143 35 1947/48
1267 1229 51 31 till
1334 1229 210 37 Riksdagen:
1564 1229 59 30 Ar-

424 1278 112 33 voden
560 1280 51 31 till
633 1279 203 37 riksdagens
859 1277 189 35 ledamöter
1072 1280 119 31 anvisa
1217 1284 47 27 ett
1288 1279 270 38 förslagsanslag
1580 1289 42 21 av

425 1333 19 28 2
458 1332 64 30 960
535 1331 65 30 000
626 1332 139 29 kronor.

159 1455 68 40 2:0)
254 1456 215 36 Riksdagen:
494 1455 326 37 Reseersättningar
843 1455 52 31 till
918 1455 207 37 riksdagens
1147 1456 206 30 ledamöter.
1378 1456 79 30 Med
1480 1456 142 36 tillstyr-

115 1507 116 31 kande
259 1516 43 21 av
330 1506 124 37 Kungl.
484 1506 119 36 Maj:ts
633 1506 113 30 under
772 1507 161 36 punkten
960 1507 19 29 2
1009 1505 222 31 framställda
1260 1506 132 37 förslag
1419 1506 203 31 hemställer

115 1558 180 35 utskottet,

469 1645 49 26 att
545 1640 184 37 riksdagen
759 1640 57 31 må
843 1640 56 30 för
924 1639 201 37 budgetåret
1154 1638 143 33 1947/48
1325 1640 50 32 till
1412 1638 209 39 Riksdagen:

427 1691 315 36 Reseersättningar
777 1691 49 30 till
860 1688 202 38 riksdagens
1096 1687 189 35 ledamöter
1318 1691 120 30 anvisa
1472 1695 47 27 ett
1553 1691 69 36 för-

424 1740 211 38 slagsanslag
656 1752 42 20 av
719 1743 64 29 800
797 1743 64 29 000
883 1742 139 30 kronor.

159 1857 68 40 3:0)
259 1858 214 36 Riksdagen:
500 1858 213 36 Avlöningar
740 1858 52 31 till
819 1859 175 36 personal.
1023 1859 119 30 Under
1169 1860 160 35 punkten
1356 1860 19 29 3
1404 1860 65 30 har
1497 1860 123 36 Kungl.

116 1908 101 37 Maj:t
242 1908 178 36 föreslagit
444 1908 183 36 riksdagen
654 1912 49 27 att
728 1908 57 31 för
809 1908 201 36 budgetåret
1038 1906 142 33 1947/48
1207 1909 50 31 till
1286 1909 209 36 Riksdagen:
1523 1911 98 29 Avlö-

115 1959 122 35 ningar
263 1959 50 31 till
337 1959 161 36 personal
522 1958 120 32 anvisa
667 1963 46 26 ett
738 1959 269 35 förslagsanslag
1030 1968 42 21 av
1097 1959 63 30 950
1174 1960 63 30 000
1262 1960 138 30 kronor.

159 2010 14 29 I
202 2010 150 35 enlighet
380 2009 79 30 med
487 2009 349 36 riksgäldskontorets
867 2009 170 36 förnyade
1065 2008 330 38 anslagsberäkning
1424 2011 198 30 hemställer

115 2059 175 36 utskottet,

469 2131 50 26 att
547 2126 184 36 riksdagen
759 2125 57 31 må
846 2126 56 30 för
929 2126 201 36 budgetåret
1164 2123 137 42 1947/48
1333 2127 48 31 till
1411 2126 209 38 Riksdagen:

425 2178 209 35 Avlöningar
657 2178 51 30 till
730 2179 160 35 personal
914 2176 118 32 anvisa
1056 2181 45 27 ett
1124 2178 267 38 förslagsanslag
1414 2189 41 21 av
1479 2180 64 29 850
1557 2180 63 29 000

425 2227 137 30 kronor.

158 2348 69 40 4:0)
256 2349 214 36 Riksdagen:
496 2350 197 30 Kostnader
719 2350 56 30 för
801 2350 299 36 riksdagstrycket
1126 2360 46 21 m.
1198 2361 47 20 m.
1271 2352 80 31 Med
1376 2352 244 36 tillstyrkande

115 2409 42 20 av
184 2400 123 36 Kungl.
335 2399 118 38 Maj:ts
481 2400 109 30 under
616 2400 196 36 punkterna
839 2401 106 30 4—12
976 2400 217 32 framställda
1222 2402 129 36 förslag
1378 2401 54 31 får
1456 2403 165 30 utskottet

115 2450 192 37 hemställa,
