2222 2628
215 1814 147 23 Utekoltets

224 1848 131 30 yttrande,

392 185 20 32 4
911 181 249 32 Statsutskottets
1182 180 171 32 utlåtande
1374 180 52 32 Nr
1448 182 75 29 108.

1096 689 65 40 Nr
1190 689 102 40 108.

916 797 123 27 Ankom
1063 796 47 27 till
1134 795 187 36 riksdagens
1346 794 101 27 kansli
1473 794 61 27 den
1559 793 17 28 8
1600 793 63 36 maj
1691 792 79 27 1917
1796 792 40 26 kl.
1861 791 18 27 4
1903 799 24 19 e.
1953 800 40 18 m.

712 941 195 37 Utlåtande
933 942 14 35 i
974 940 194 48 anledning
1197 952 45 23 av
1275 938 130 49 Kungl.
1427 938 130 48 Maj:ts
1569 936 228 49 proposition
1817 935 181 47 angående

796 1001 205 48 ytterligare
1033 1000 127 49 anslag
1192 1000 54 36 till
1274 999 235 35 anordnande
1537 1010 44 23 av
1603 996 310 50 förvaringsskjul
1934 994 64 48 för

798 1062 186 48 flygbåtar
1012 1075 44 21 m.
1085 1074 44 21 m.
1693 1057 72 44 (1:a
1794 1054 100 49 avd.)

506 1166 17 36 I
565 1179 46 22 en
640 1165 58 36 till
726 1164 210 49 riksdagen
965 1163 162 46 avlåten,
1156 1162 75 36 den
1264 1163 46 34 16
1340 1160 96 49 april
1466 1161 97 35 1917
1595 1159 238 49 dagtecknad
1863 1171 136 37 propo-

404 1218 113 37 sition
561 1218 58 47 (nr
649 1216 101 49 259),
781 1216 128 37 vilken
938 1215 193 36 hänvisats
1161 1213 57 37 till
1248 1212 276 38 förberedande
1552 1211 233 48 behandling
1813 1224 46 23 av
1888 1215 111 32 stats-

405 1270 196 46 utskottet,
631 1269 67 36 har
731 1268 137 49 Kungl.
899 1268 119 48 Maj:t,
1048 1266 119 37 under
1196 1265 239 49 åberopande
1464 1278 46 22 av
1538 1263 288 50 propositionen
1854 1262 147 49 bifogat

404 1322 139 47 utdrag
584 1334 47 23 av
661 1319 419 50 statsrådsprotokollet
1108 1323 91 31 över
1228 1316 397 49 sjöförsvarsärenden
1653 1315 59 37 för
1741 1328 143 24 samma
1912 1315 87 48 dag,

405 1373 202 48 föreslagit
634 1372 209 48 riksdagen
872 1377 66 42 att,
968 1376 134 31 utöver
1130 1370 63 36 det
1222 1383 45 22 av
1298 1370 95 35 1916
1423 1371 59 34 års
1502 1367 159 49 riksdag
1679 1367 57 36 till
1756 1366 245 38 anordnande

407 1440 46 22 av
496 1423 319 50 förvaringsskjul
857 1423 58 36 för
955 1423 188 48 flygbåtar
1184 1435 48 22 m.
1276 1435 47 21 m.
1365 1419 190 50 beviljade
1588 1418 172 49 anslaget
1790 1421 20 33 å
1840 1419 160 48 120,100

406 1479 153 45 kronor,
604 1476 56 36 för
703 1474 249 38 omförmälda
980 1474 173 36 ändamål
1181 1476 50 46 på
1259 1477 106 32 extra
1393 1477 76 32 stat
1498 1472 57 36 för
1583 1474 39 34 år
1653 1473 97 35 1918
1780 1470 139 50 bevilja
1948 1475 54 32 ett

406 1528 395 48 reservationsanslag
829 1540 45 24 av
904 1528 138 46 20,000
1071 1526 152 46 kronor,
1253 1524 85 37 med
1367 1529 74 31 rätt
1469 1523 58 37 för
1556 1522 141 50 Kungl.
1728 1522 107 49 Maj:t
1854 1528 54 31 att
1927 1522 74 37 dis-

407 1594 142 37 ponera
578 1580 103 36 detta
708 1579 141 49 belopp
878 1578 117 37 redan
1024 1578 119 36 under
1170 1576 256 37 innevarande
1456 1579 51 33 år.

511 1632 241 37 Beträffande
795 1631 255 48 utredningen
1087 1630 11 36 i
1136 1629 157 36 ärendet
1322 1629 55 35 får
1404 1628 189 36 utskottet
1620 1627 159 36 hänvisa
1807 1626 57 36 till
1892 1630 110 33 stats-

409 1683 332 51 rådsprotokollet.

512 1788 17 36 I
571 1786 207 49 anledning
821 1799 46 23 av
910 1799 47 23 en
998 1785 57 36 till
1100 1787 95 34 1916
1226 1787 61 33 års
1315 1783 156 49 riksdag
1500 1783 152 36 avlåten
1680 1781 237 50 proposition
1946 1780 58 50 (nr

413 1839 87 49 219)
530 1840 194 48 angående
754 1839 101 36 vissa
885 1837 178 49 åtgärder
1093 1837 58 36 för
1171 1836 270 49 sjöförsvarets
1463 1834 215 47 stärkande,
1699 1834 189 48 beviljade
1907 1833 97 37 riks-

410 1893 125 48 dagen
564 1896 55 32 ett
646 1890 140 49 belopp
816 1904 46 23 av
892 1890 201 47 2,956,050
1114 1889 153 36 kronor.
1297 1888 98 36 Utav
1416 1887 124 36 denna
1561 1900 143 23 summa
1723 1886 98 36 hade
1844 1887 160 45 120,100

411 1945 143 35 kronor
582 1943 206 37 beräknats
818 1943 58 36 för
904 1941 242 37 anordnande
1174 1954 47 23 av
1249 1938 319 50 förvaringsskjul
1598 1938 57 37 för
1683 1938 190 49 flygbåtar
1892 1951 47 22 m.
1956 1951 47 22 m.

412 1996 53 36 På
506 1995 123 50 grund
672 2008 46 23 av
759 1994 47 36 de
848 1993 176 49 stegrade
1068 1992 187 37 material-
1299 1992 69 36 och
1409 1991 261 48 arbetsprisen
1698 1990 70 36 har
1796 1989 210 37 emellertid

413 2048 104 36 detta
559 2046 133 49 anslag
733 2046 100 37 visat
874 2045 58 48 sig
972 2045 61 36 för
1074 2044 213 37 ändamålet
1316 2042 258 49 otillräckligt.
1633 2042 138 47 Kungl.
1802 2042 107 48 Maj:t
1936 2041 69 37 har

413 2099 86 37 med
527 2098 207 49 anledning
761 2098 118 36 härav
908 2098 147 47 begärt,
1072 2101 53 32 att
1152 2095 222 50 ytterligare
1403 2100 54 31 ett
1485 2094 139 49 belopp
1645 2107 46 23 av
1713 2094 138 47 20,000
1868 2093 137 36 kronor

413 2154 117 34 måtte
559 2150 169 48 beviljas.

518 2202 55 37 Då
615 2202 186 37 utskottet
841 2201 83 36 icke
961 2201 101 36 velat
1091 2204 179 32 motsätta
1299 2199 60 49 sig
1386 2199 73 36 vad
1489 2198 139 48 Kungl.
1659 2197 108 49 Maj:t
1795 2195 211 50 föreslagit,

417 2255 57 36 får
503 2255 187 36 utskottet
717 2253 214 47 hemställa,
