2292 2734
493 228 20 30 4
601 227 123 32 Första
746 225 221 33 Kammarens
991 226 183 40 Tillfälliga
1202 225 143 32 Utskotts
1369 226 82 40 (N:o
1477 227 32 39 1)
1532 226 218 32 Betänkande
1773 228 67 31 N:o
1864 231 29 28 7.

455 308 89 47 gade
569 306 224 47 åligganden,
816 306 103 35 torde
948 306 142 34 derföre
1120 305 87 35 böra
1234 306 82 34 med
1345 311 76 29 stor
1443 307 207 35 varsamhet
1665 307 161 47 vidtagas
1841 309 68 34 och
1923 310 128 35 endast

454 357 201 47 medgifvas
684 358 47 46 på
757 357 115 47 grund
900 357 39 34 af
964 369 143 22 vunnen
1135 356 216 40 erfarenhet,
1380 362 53 29 att
1460 356 140 35 mindre
1627 363 146 41 stränga
1788 357 261 50 skyddsåtgär-

455 407 64 34 der
546 412 61 29 äro
636 407 84 34 fullt
747 405 254 50 betryggande.
1055 406 128 48 Någon
1207 406 158 48 egentlig
1392 407 194 47 utredning
1614 408 10 34 i
1654 409 98 34 detta
1764 407 207 37 hänseende
1985 410 64 35 har

455 456 11 35 i
493 457 234 35 förevarande
755 458 101 47 fråga
883 458 77 34 icke
983 456 243 40 förekommit,
1250 463 86 28 utan
1360 457 126 34 härom
1514 457 302 49 hufvudsakligen
1844 458 94 35 blott
1965 459 85 36 åbe-

455 513 122 41 ropats
616 507 69 35 den
724 507 279 48 omständighet,
1041 514 55 28 att
1133 508 131 33 norska
1292 507 273 48 lagstiftningen
1593 508 11 34 i
1634 514 132 35 ämnet,
1792 531 50 5 —
1870 521 79 22 som
1976 510 75 34 till-

455 557 155 35 kommit
649 570 128 35 genom
815 571 44 22 en
898 558 57 47 lag
993 558 38 34 af
1067 558 69 34 den
1169 561 20 32 3
1219 557 75 48 Maj
1322 559 106 39 1871,
1456 558 254 35 innehållande
1739 559 220 35 kortfattade
1989 559 61 36 be-

456 607 230 36 stämmelser
722 609 183 47 angående
944 606 219 50 behandling
1203 608 38 35 af
1270 608 190 48 eldfarliga
1487 614 130 30 ämnen
1647 609 66 34 och
1740 616 52 28 ett
1818 611 48 47 på
1893 611 156 34 nämnde

457 658 57 48 Jag
551 659 190 47 grundadt,
779 659 69 35 den
888 662 43 32 16
965 659 158 48 påföljde
1152 658 215 49 September
1395 660 186 34 utfärdadt
1608 660 124 48 plakat
1756 661 81 34 med
1866 661 183 35 allmänna

456 708 278 36 bestämmelser
771 722 59 22 om
867 709 94 35 hvad
1002 722 78 23 som
1120 709 63 35 bör
1215 709 177 48 iakttagas
1420 710 58 34 vid
1507 717 184 41 transport
1718 710 38 35 af
1780 710 268 49 nitroglycerin,

454 759 165 47 dynamit
647 760 68 34 och
743 760 92 40 krut,
867 779 38 3 —
939 760 115 34 skulle
1083 760 177 34 innefatta
1287 760 55 34 för
1361 760 205 35 tillverkare
1581 761 67 34 och
1665 761 183 35 afnämare
1864 762 40 35 af
1915 762 134 48 ifråga-

454 810 155 34 varande
638 815 132 30 ämnen
798 811 139 34 mindre
966 810 227 48 betungande
1221 810 238 40 föreskrifter,
1475 816 44 29 än
1532 812 72 39 vår,
1618 818 86 28 utan
1720 819 52 27 att
1787 812 117 48 någon
1920 812 129 48 olycka

455 859 105 35 deraf
599 862 176 46 uppstått.
823 860 81 36 Den
932 861 132 34 norska
1091 861 273 47 lagstiftningen
1393 861 65 34 har
1485 862 203 34 emellertid
1716 867 95 29 ännu
1831 864 40 33 så
1890 863 81 35 kort
1994 863 54 36 tid

453 910 214 48 tillämpats,
691 917 53 29 att
771 912 115 47 någon
914 911 208 48 tillförlitlig
1150 911 216 39 erfarenhet,
1395 911 176 35 huruvida
1600 913 82 34 dess
1698 912 276 37 bestämmelser
1986 919 61 30 äro

455 960 84 35 fullt
565 960 257 49 betryggande,
850 962 57 34 väl
935 962 30 47 ej
995 962 68 34 kan
1093 967 104 42 sägas
1226 974 84 22 vara
1338 975 158 26 vunnen;
1520 963 67 34 och
1616 963 93 34 hvad
1738 975 77 23 som
1843 976 128 35 genom
1985 966 63 33 vår

457 1011 228 48 lagstiftning
725 1012 143 48 ålägges
896 1012 268 35 vederbörande
1193 1019 51 28 att
1271 1012 169 48 iakttaga,
1469 1013 104 34 äfven
1603 1026 58 21 om
1690 1014 105 35 dessa
1823 1014 225 48 åligganden,

456 1074 93 35 noga
586 1062 159 47 afvägdt,
783 1063 182 47 verkligen
1004 1068 61 29 äro
1094 1063 261 35 vidsträcktare
1384 1068 45 30 än
1453 1064 111 47 enligt
1592 1065 70 34 den
1690 1065 141 40 norska,
1858 1066 103 34 torde
1989 1066 57 34 väl

454 1112 79 35 icke
557 1124 85 23 vara
669 1113 56 34 för
752 1113 201 35 industrien
982 1125 98 22 mera
1102 1113 240 47 betungande,
1366 1119 45 29 än
1436 1120 52 28 att
1516 1127 42 22 en
1587 1114 270 49 tillförlitligare
1886 1116 161 35 erfaren-

455 1162 62 35 het
543 1162 12 35 i
585 1163 107 34 ofvan
721 1164 160 47 antydda
908 1164 159 47 riktning
1095 1163 63 35 bör
1186 1164 120 35 kunna
1334 1172 87 27 utan
1450 1165 120 34 alltför
1594 1164 153 36 känbart
1770 1179 81 22 men
1872 1167 175 39 afvaktas,

455 1212 110 35 innan
603 1213 253 49 förändringar
894 1214 11 35 i
934 1214 272 48 lagstiftningen
1234 1214 176 48 vidtagas.
1462 1214 191 36 Utskottet
1680 1215 64 35 har
1771 1216 141 36 derföre
1936 1218 110 34 redan

453 1276 42 22 ur
517 1264 118 34 denna
663 1264 181 35 allmänna
872 1265 185 48 synpunkt
1079 1265 124 34 tvekat
1230 1271 52 29 att
1309 1265 185 48 tillstyrka
1516 1266 219 47 antagandet
1762 1267 39 34 af
1813 1267 158 35 beslutet
1985 1281 58 22 om

452 1326 45 22 en
524 1313 157 36 revision
709 1315 110 34 deraf.

586 1363 136 37 Härtill
762 1365 173 39 kommer,
972 1372 52 28 att
1062 1367 122 39 sedan,
1222 1366 112 47 enligt
1365 1366 93 35 hvad
1490 1366 200 41 Utskottet,
1722 1368 46 47 på
1796 1368 249 36 förekommen

452 1413 205 49 anledning,
695 1415 128 35 beredt
850 1416 54 46 sig
931 1416 143 35 tillfälle
1104 1424 52 27 att
1184 1417 11 34 i
1218 1416 225 48 vederbörlig
1467 1417 152 48 ordning
1643 1418 170 40 inhemta,
1842 1418 203 49 »Nitrogly-

451 1463 261 49 cerinbolaget»
751 1466 10 34 i
800 1465 210 36 Stockholm
1050 1467 66 34 hos
1156 1467 132 46 Kongl.
1316 1466 106 48 Maj:t
1449 1468 9 33 i
1489 1468 288 48 underdånighet
1804 1469 153 35 anhållit
1984 1483 57 22 om

452 1527 139 22 samma
631 1516 210 46 förändring
879 1517 39 33 af
953 1517 259 34 ofvanberörde
1250 1517 225 34 föreskrifter
1513 1517 9 34 i
1551 1522 45 30 21
1629 1515 18 46 $
1679 1522 12 30 1
1727 1519 64 34 och
1821 1523 21 31 2
1871 1533 108 22 mom.
2008 1521 38 34 af

452 1567 94 33 1869
588 1566 58 34 års
675 1566 218 47 förordning,
922 1579 76 21 som
1027 1568 10 33 i
1067 1567 66 34 här
1160 1568 105 33 ofvan
1289 1568 204 34 framställd
1523 1568 225 46 redogörelse
1777 1570 55 34 för
1860 1571 182 34 motionen

449 1614 67 35 N:o
548 1619 69 31 129
649 1622 176 41 upptages
855 1616 112 34 under
994 1617 205 47 punkterna
1228 1622 17 30 1
1272 1617 67 35 och
1360 1621 37 36 2;
1414 1630 81 22 men
1509 1613 427 59 Kommers-kollegium,
1952 1623 91 34 efter

448 1664 236 36 inhemtande
725 1666 38 34 af
794 1665 265 49 Teknologiska
1099 1667 208 35 Tnstitutets
1335 1669 179 46 yttrande,
1543 1669 53 34 uti
1624 1669 203 37 infordradt
1855 1672 186 35 utlåtande

449 1715 159 48 afstyrkt
636 1716 101 34 bifall
765 1716 57 35 till
851 1717 259 48 ansökningen;
1135 1719 41 34 så
1203 1718 64 34 har
1300 1718 128 48 Kongl.
1455 1711 89 59 Maj:t
1558 1719 70 34 den
1645 1723 46 32 30
1709 1721 165 36 sistlidne
1890 1722 149 36 Januari

449 1766 121 35 funnit
611 1767 212 34 densamma
859 1768 55 34 för
937 1769 222 34 närvarande
1188 1769 77 34 icke
1293 1769 57 35 till
1378 1770 116 46 någon
1519 1770 126 47 åtgärd
1674 1771 199 42 föranleda;
1903 1774 65 34 och
1997 1775 46 33 då

448 1816 152 35 sålunda
627 1817 44 34 de
699 1817 279 48 väsendtligaste
1008 1818 108 35 bland
1140 1819 244 35 motionärens
1414 1820 307 48 ändringsförslag
1735 1823 40 34 så
1791 1824 144 47 nyligen
1952 1826 91 35 varit

445 1867 152 34 föremål
637 1867 56 34 för
725 1867 132 48 Kongl.
886 1868 121 48 Maj:ts
1036 1869 170 48 pröfning
1229 1877 94 28 samt
1351 1870 134 39 dervid,
1512 1872 47 45 på
1587 1872 115 46 grund
1733 1873 38 34 af
1796 1874 93 34 hvad
1918 1876 124 35 veder-

443 1916 156 52 börande
639 1925 98 28 emot
777 1918 186 35 desamma
997 1920 128 39 anfört,
1154 1921 31 47 ej
1214 1927 138 28 ansetts
1380 1920 120 34 kunna
1530 1921 159 41 bifallas;
1718 1924 45 33 då
1790 1924 108 35 bland
1928 1926 112 48 öfriga

442 1968 284 47 önskningsmål,
764 1968 155 41 hvartill,
953 1970 48 47 på
1037 1976 73 29 sätt
1138 1971 106 34 ofvan
1273 1976 39 29 är
1341 1971 138 46 antydt,
1503 1972 68 33 den
1600 1972 210 47 ifrågasatta
1839 1975 200 36 revisionen

444 2018 197 35 förmenats
672 2018 84 35 böra
784 2019 89 39 leda,
897 2027 62 32 ett,
986 2039 40 3 --
1049 2021 87 34 eller
1170 2021 61 34 det
1259 2034 78 21 som
1368 2022 94 33 afser
1490 2022 152 47 ändring
1667 2023 7 34 i
1700 2028 43 30 21
1771 2020 17 48 $
1817 2026 39 33 af
1873 2029 93 32 1858
1982 2029 57 33 års

446 2068 220 49 förordning,
707 2087 49 5 —
784 2075 39 29 är
851 2070 39 34 af
916 2070 305 48 hufvudsakligen
1249 2071 189 35 enahanda
1467 2072 258 42 beskaffenhet,
1754 2087 75 22 som
1860 2077 44 33 de
1933 2077 107 34 först-

449 2119 169 39 nämnda,
659 2126 52 28 ett
738 2126 119 34 annat,
884 2143 48 4 —
960 2121 87 34 eller
1075 2122 61 34 det
1166 2134 76 22 som
1267 2129 98 27 rörer
1392 2123 251 47 utsträckning
1666 2126 38 32 af
1729 2121 311 57 tillsyningsmans

446 2168 252 41 förordnande,
726 2192 48 5 —
801 2170 63 35 bör
905 2171 121 35 kunna
1063 2172 125 34 vinnas
1218 2179 86 27 utan
1338 2172 209 48 förändring
1576 2174 9 33 i
1615 2174 310 49 författningarne,
1954 2183 85 29 enär

448 2219 104 35 deras
581 2221 206 34 nuvarande
811 2220 138 48 lydelse
973 2222 77 34 icke
1075 2223 103 34 torde
1209 2223 119 34 derför
1357 2223 103 48 lägga
1487 2223 138 39 hinder,
1655 2225 65 34 och
1746 2226 42 34 de
1812 2228 228 36 återstående

1624 2277 315 47 önskningsmålen
