1924 2834
307 168 16 26 8
497 168 97 28 Andra
617 171 182 26 kammarens
832 169 139 36 tredje
1004 172 144 33 tillfälliga
1171 173 125 27 utskotts
1320 172 148 28 uttåtande
1492 172 42 27 Nr
1560 173 29 25 11

1600 422 105 35 Bilaga
1728 423 25 26 2.

435 552 65 31 Till
521 553 203 38 Riksdagens
747 555 103 30 andra
874 556 179 32 kammares
1077 555 106 38 tredje
1207 556 169 38 tillfälliga
1401 556 134 30 utskott.

344 650 52 30 Då
414 651 158 31 utskottet
590 651 106 33 berett
715 652 143 33 Svenska
877 653 347 32 landskommunernas
1242 654 147 31 förbund
1407 654 133 31 tillfälle
1560 658 48 27 att
1627 654 162 31 inkomma

305 694 72 30 med
397 695 158 36 yttrande
574 698 10 29 i
605 696 178 39 anledning
804 707 40 20 av
864 707 40 21 en
924 698 89 30 inom
1031 698 187 31 kammaren
1239 698 97 32 väckt
1357 698 123 31 motion
1500 708 42 21 nr
1562 698 38 30 26
1622 698 168 39 angående

303 738 109 31 bättre
437 738 168 32 ordnande
630 750 40 20 av
694 741 243 38 landsbygdens
962 742 315 39 postförhållanden,
1303 743 56 30 får
1384 742 178 33 förbundet
1588 743 118 31 anföra
1731 743 59 31 föl-

305 782 108 37 jande.

346 830 170 37 Styrelsen
538 830 58 31 vill
619 831 221 38 understryka
862 831 55 30 det
941 831 128 31 mindre
1092 831 310 32 tillfredsställande
1424 832 98 38 skick,
1547 832 10 29 i
1580 832 102 32 vilket
1706 836 84 34 post-

300 874 252 32 förhållandena
570 876 42 37 på
629 875 226 39 landsbygden
873 877 91 29 ännu
981 876 248 38 mångenstädes
1246 876 136 32 befinna
1401 877 56 38 sig.
1476 877 313 31 Landskommuner-

304 929 59 20 nas
384 919 164 32 förbunds
570 919 209 38 centralbyrå
799 920 60 30 har
882 920 67 32 fått
972 924 145 34 mottaga
1139 920 86 31 flera
1248 921 287 38 framställningar
1557 921 79 31 från
1659 921 132 31 inneha-

303 973 77 21 vare
406 973 41 20 av
471 963 209 31 kommunala
726 963 348 39 förtroendeuppdrag
1098 964 73 31 med
1196 964 155 31 anhållan
1376 975 51 20 om
1451 965 133 31 bistånd
1608 966 55 30 för
1688 966 102 30 erhål-

304 1007 97 31 lande
422 1018 41 20 av
483 1007 204 39 förbättring
708 1010 11 29 i
739 1007 144 31 nämnda
903 1008 193 31 hänseende.
1129 1008 53 31 Av
1203 1008 94 31 dessa
1317 1009 287 39 framställningar
1626 1010 41 30 ha
1691 1010 98 30 fram-

304 1051 80 38 gått,
410 1055 48 28 att
483 1052 187 37 postverket
695 1052 11 29 i
730 1052 85 31 vissa
839 1052 62 30 fall
924 1056 24 27 t.
974 1063 26 20 o.
1026 1063 40 20 m.
1092 1053 147 38 indragit
1264 1053 304 39 postförbindelser,
1594 1064 69 21 som
1686 1054 101 31 redan

302 1096 93 31 förut
422 1096 89 31 varit
538 1096 128 37 mycket
694 1096 328 32 otillfredsställande
1050 1097 154 38 ordnade,
1232 1098 106 30 ehuru
1365 1098 221 31 kostnaderna
1613 1099 55 30 för
1695 1098 94 32 deras

302 1139 159 31 fortsatta
477 1139 243 39 uppehållande
738 1140 80 38 gällt
835 1140 134 32 relativt
987 1141 186 38 obetydliga
1189 1141 128 39 belopp.
1348 1142 140 38 Hänsyn
1506 1143 60 31 har
1584 1142 120 32 därvid
1720 1143 69 31 ieke

302 1183 102 38 tagits
429 1184 53 31 till
508 1184 62 31 den
596 1184 209 31 kommunala
831 1184 265 39 förvaltningens
1123 1185 146 39 intresse,
1298 1186 111 31 fastän
1436 1187 240 37 jämförelsevis
1701 1187 87 38 bety-

303 1227 107 31 dande
432 1228 92 30 antal
545 1228 296 38 postförsändelser
861 1229 129 31 komma
1012 1230 59 30 och
1093 1230 41 38 gå
1156 1230 76 31 från
1255 1230 59 31 och
1336 1230 52 32 till
1410 1231 41 31 de
1473 1231 86 31 olika
1580 1232 208 31 kommunala

302 1271 364 39 befattningshavarna.
726 1273 102 30 Dessa
851 1283 115 21 senare
991 1274 43 30 ha
1057 1274 133 31 särskilt
1213 1274 113 39 klagat
1352 1276 85 39 över,
1464 1276 88 30 huru
1577 1276 212 31 kommunens

304 1316 145 31 ärenden
470 1316 71 32 ofta
561 1316 88 31 bliva
669 1317 174 31 eftersatta
864 1317 44 38 på
929 1318 111 38 grund
1059 1328 41 21 av
1121 1318 89 39 dålig
1230 1320 171 38 postgång.
1456 1320 63 32 Det
1541 1320 102 32 måste
1664 1321 125 31 kännas

303 1369 67 21 som
404 1370 40 21 en
478 1360 158 31 orättvisa
659 1360 54 31 för
735 1361 234 39 befolkningen
993 1362 10 30 i
1026 1362 200 39 kommuner,
1262 1373 68 21 som
1352 1364 102 31 sakna
1478 1364 126 32 ordnad
1628 1366 161 37 postgång

302 1414 116 27 genom
436 1405 204 37 postverkets
658 1405 139 38 försorg,
817 1409 48 27 att
886 1406 44 38 på
949 1406 106 38 dylikt
1073 1409 66 29 sätt
1157 1418 34 20 se
1208 1408 73 30 sina
1299 1408 162 31 intressen
1481 1409 182 38 eftersatta,
1684 1411 103 30 ehuru

303 1447 62 31 den
385 1448 118 31 liksom
522 1449 93 37 varje
635 1459 110 20 annan
764 1449 320 39 befolkningsgrupp
1105 1451 60 31 har
1185 1456 48 27 att
1253 1452 80 31 bära
1352 1452 52 31 sin
1424 1452 96 32 andel
1541 1463 40 21 av
1602 1453 40 31 de
1663 1464 124 28 gemen-

302 1502 122 21 samma
441 1492 162 32 bördorna
621 1493 58 30 och
696 1493 207 32 fördenskull
919 1494 101 32 borde
1037 1496 59 36 äga
1114 1496 67 31 rätt
1199 1500 47 28 att
1264 1496 36 31 få
1316 1497 73 30 sina
1406 1497 204 39 berättigade
1627 1498 158 31 intressen

304 1536 248 38 tillgodosedda.

343 1583 69 30 För
431 1584 253 31 kommunernas
706 1583 269 32 förtroendemän
997 1584 63 30 kan
1084 1595 39 20 en
1144 1584 180 39 bristfällig
1346 1586 163 38 postgång
1530 1587 147 31 medföra
1700 1592 89 26 stora

302 1627 205 39 svårigheter
523 1628 56 31 vid
596 1628 181 31 utövandet
795 1638 40 21 av
855 1628 94 31 deras
968 1628 162 39 uppdrag.
1151 1629 16 29 I
1185 1629 85 31 vissa
1288 1629 63 32 fall
1370 1630 87 38 gälla
1475 1630 167 32 bestämda
1661 1631 127 31 fatalie-

303 1672 87 31 tider
412 1672 55 31 för
488 1672 247 39 verkställighet
758 1683 40 20 av
820 1672 156 39 uppdrag
998 1673 59 31 och
1080 1673 54 32 det
1157 1673 91 32 finns
1271 1675 145 37 exempel
1439 1675 52 38 på,
1515 1679 49 29 att
1587 1675 94 33 dessa
1702 1675 84 32 tider

302 1716 97 32 blivit
420 1717 170 30 försuttna
609 1717 44 38 på
675 1717 108 37 grund
805 1727 40 21 av
867 1716 90 39 dålig
978 1717 170 39 postgång.

344 1760 118 38 Enligt
483 1760 195 31 förbundets
698 1761 132 39 mening
850 1761 55 31 får
926 1761 61 31 allt
1008 1762 54 29 för
1082 1765 69 28 stor
1170 1762 71 32 vikt
1262 1762 69 32 icke
1353 1763 113 38 läggas
1487 1764 113 40 därpå,
1624 1769 49 27 att
1693 1766 94 37 varje

302 1804 371 39 lantbrevbäringslinje
700 1806 38 30 är
765 1805 201 32 ekonomiskt
993 1805 187 38 bärkraftig
1208 1806 54 31 för
1290 1807 58 38 sig.
1415 1807 207 33 <Postverkets
1650 1809 137 39 uppgift

302 1848 101 31 måste
427 1859 50 20 ses
498 1849 11 29 i
532 1852 91 27 stort.
659 1849 208 31 Postverkets
891 1849 154 31 ändamål
1067 1850 59 31 bör
1148 1860 79 21 vara
1252 1855 48 27 att
1325 1851 135 38 betjäna
1485 1852 219 32 allmänheten
1729 1854 56 30 och

303 1892 38 31 de
362 1893 225 38 samhälleliga
610 1902 144 29 organen
776 1893 10 30 i
809 1893 113 31 landet
945 1895 44 36 på
1009 1894 92 31 bästa
1124 1895 74 30 sätt.

343 1940 48 30 På
413 1939 142 31 anförda
576 1940 71 30 skäl
667 1938 181 38 tillstyrkes
869 1938 175 31 motionen.

345 2018 190 32 Stockholm
557 2019 63 30 den
643 2019 17 29 1
684 2018 87 39 april
794 2018 89 31 1936.

559 2116 209 31 SVENSKA
792 2115 497 33 LANDSKOMMUNERNAS
1316 2115 210 34 FÖRBUND

909 2213 55 32 Sv.
984 2214 191 38 Bengtsson.

1426 2295 52 38 /J.
1500 2297 40 32 A.
1562 2297 140 32 Zander.

756 2535 133 23 Stockholm,
908 2535 72 21 Ockar
1000 2535 94 21 Eklunds
1114 2536 149 26 Boktryckeri,
1286 2540 49 22 1936
