1928 2836
319 181 16 26 6
506 181 98 28 Andra
626 183 184 27 kammarens
843 183 137 34 tredje
1014 183 144 35 tillfälliga
1181 185 125 27 utskotts
1330 184 148 27 utlåtande
1502 184 42 27 Nr
1569 185 40 27 11.

320 271 169 38 läggande,
511 271 10 30 i
542 272 43 30 all
606 272 62 30 den
689 273 76 30 mån
787 273 34 30 så
843 274 37 30 är
900 274 141 38 möjligt,
1063 284 39 20 av
1124 274 62 31 den
1207 284 46 21 nu
1275 274 139 31 berörda
1434 275 119 38 frågan
1575 275 61 31 har
1659 276 143 38 general-

319 316 233 37 poststyrelsen
576 315 116 32 därför
714 316 75 32 låtit
813 317 177 31 verkställa
1015 327 39 21 en
1078 318 180 38 utredning
1282 319 140 31 rörande
1446 319 54 30 det
1525 320 206 31 ekonomiska
1756 331 46 20 re-

319 358 131 32 sultatet
474 369 39 21 av
537 360 218 37 poströrelsen
779 361 18 30 å
820 361 219 38 landbygden.
1074 362 51 29 En
1150 363 296 38 sammanfattning
1470 374 41 19 av
1534 364 65 31 vad
1621 364 108 31 denna
1752 368 49 26 u-

318 402 140 39 redning
481 403 80 38 givit
584 404 56 30 vid
663 405 132 30 handen
819 405 203 32 överlämnas
1046 416 66 20 som
1136 407 122 37 bilaga!
1282 407 54 31 till
1359 407 108 31 denna
1490 408 163 31 skrivelse.

359 450 62 31 Det
441 451 37 29 är
497 451 261 39 uppenbarligen
777 452 68 31 icke
864 453 130 39 möjligt
1015 457 48 28 att
1081 454 212 32 beträffande
1313 465 39 21 en
1371 456 35 30 så
1425 456 267 37 mångskiftande
1713 456 89 31 verk-

318 494 122 32 samhet
459 505 67 20 som
543 496 204 37 postverkets
766 497 184 38 framlägga
969 498 81 32 fullt
1068 499 115 30 exakta
1203 499 119 31 siffror
1340 510 67 20 som
1426 500 136 31 resultat
1583 510 40 21 av
1642 511 41 20 en
1699 500 102 31 sådan

317 539 180 40 utredning
516 550 67 21 som
603 541 62 31 den
685 552 47 20 nu
752 542 236 39 föreliggande,
1010 544 61 31 där
1091 555 74 20 man
1186 545 131 32 särskilt
1338 545 57 31 vid
1413 545 388 39 kostnadsfördelningen

319 583 260 39 ofrånkomligen
600 585 102 31 måste
724 587 82 37 utgå
826 587 77 30 från
926 588 86 31 vissa
1033 589 218 38 antaganden.
1288 589 112 31 Såsom
1422 600 39 20 en
1485 590 87 37 följd
1593 590 104 31 härav
1719 591 83 30 före-

319 627 103 38 ligger
447 629 370 38 utredningsresultatet
843 634 9 29 i
878 635 49 27 tre
953 632 186 38 alternativ,
1166 634 161 30 beroende
1353 634 42 38 på
1421 634 84 31 olika
1531 634 272 39 utgångpunkter

318 675 56 31 vid
397 676 399 39 kostnadsfördelningen.
832 678 52 30 Av
911 677 92 31 dessa
1028 678 175 30 alternativ
1230 688 97 21 anser
1353 679 368 37 generalpoststyrelsen
1747 679 54 31 det

318 719 108 38 tredje
446 730 82 21 vara
551 720 53 31 det
626 721 101 32 minst
750 721 189 39 antagbara.
974 722 65 30 Det
1060 722 66 31 kan
1148 722 166 39 nämligen
1337 723 198 37 näppeligen
1558 733 94 21 anses
1674 723 127 39 riktigt,

318 768 49 27 att
389 765 227 39 landsbygden
637 767 105 31 skulle
765 767 79 31 bära
868 767 68 31 icke
959 767 84 31 blott
1067 768 71 31 sina
1161 778 83 27 egna
1268 768 382 39 postföringskostnader
1672 769 11 29 i
1708 768 94 32 deras

318 809 106 31 helhet
453 813 81 27 utan
564 811 80 30 även
674 810 100 31 andel
802 811 9 30 i
841 811 113 38 övriga
983 812 383 38 postföringskostnader
1393 832 42 3 —
1463 813 337 39 järnvägsbefordran

317 864 39 19 m.
370 864 39 20 m.
429 854 186 39 Härvidlag
630 855 59 31 bör
706 866 77 21 man
800 856 164 39 nämligen
983 857 70 32 icke
1069 858 130 40 förbise,
1219 862 49 29 att
1287 859 54 31 det
1360 858 210 39 synnerligen
1589 868 213 28 gynnsamma

317 898 205 31 ekonomiska
540 900 171 31 resultatet
730 911 41 21 av
787 901 171 32 städernas
976 902 59 30 och
1054 903 112 37 övriga
1184 904 105 30 större
1308 903 196 33 samhällens
1522 903 194 38 poströrelse
1736 904 38 30 är
1791 903 11 30 i

318 942 63 38 hög
403 942 81 38 grad
507 942 159 32 beroende
690 954 50 28 av,
767 949 48 27 att
840 948 46 28 ett
909 946 55 31 väl
987 946 171 38 förgrenat
1183 947 262 38 postföringsnät
1470 947 89 31 inom
1583 947 219 38 avsättnings-

319 986 174 31 områdena
516 987 43 37 på
581 987 227 39 landsbygden
833 989 69 30 står
924 989 53 31 till
1000 990 93 31 buds.
1118 990 377 39 Generalpoststyrelsen
1519 992 105 30 håller
1647 992 81 37 före,
1755 994 47 28 att

317 1033 62 30 den
397 1034 322 39 utgiftsfördelning,
739 1044 68 22 som
826 1035 83 38 tagit
929 1034 49 39 sig
997 1035 135 37 uttryck
1152 1035 9 30 i
1181 1035 211 31 alternativet
1413 1036 44 37 II,
1478 1045 58 28 ger
1555 1035 63 31 den
1638 1040 81 27 mest
1738 1036 64 30 till-

318 1077 162 39 förlitliga
503 1078 110 30 bilden
637 1089 40 20 av
702 1078 39 32 de
766 1079 242 38 förhållanden,
1033 1089 66 21 som
1124 1079 54 32 det
1202 1080 62 30 här
1289 1080 79 38 gällt
1395 1084 48 27 att
1467 1080 119 38 belysa.
1625 1080 61 31 Om
1711 1080 91 31 detta

318 1121 195 38 godkännes,
536 1122 127 31 utvisar
685 1123 98 30 alltså
804 1123 219 38 poströrelsen
1045 1124 43 37 på
1110 1123 227 39 landsbygden
1360 1128 46 27 ett
1430 1124 199 31 ekonomiskt
1653 1124 148 37 resultat,

317 1175 67 20 som
405 1166 54 30 väl
480 1166 176 31 motiverar
678 1167 244 38 förbättringar
944 1178 41 20 av
1008 1168 241 38 landsbygdens
1272 1168 316 38 postförhållanden.
1644 1169 102 31 Detta
1768 1169 35 30 så

316 1209 126 37 mycket
462 1219 87 21 mera
568 1220 67 21 som
652 1210 55 33 det
726 1211 62 30 här
805 1211 156 31 likasåväl
980 1222 68 20 som
1066 1212 44 38 på
1127 1212 104 31 andra
1249 1212 472 32 kommunikationsväsendets
1739 1223 63 20 om-

317 1256 101 31 råden
437 1257 229 39 otvivelaktigt
684 1257 94 31 torde
796 1257 128 30 komma
942 1261 50 27 att
1010 1257 70 31 visa
1098 1256 58 39 sig,
1177 1260 49 27 att
1245 1257 207 31 förbättrade
1472 1256 226 39 anordningar
1717 1258 84 31 med-

318 1301 73 30 föra
412 1301 84 30 ökad
517 1301 105 31 trafik
642 1302 58 30 och
724 1301 10 30 1
757 1301 88 38 följd
867 1301 102 31 därav
992 1301 102 31 ökade
1114 1301 188 31 inkomster.

360 1347 375 39 Generalpoststyrelsen
759 1358 96 21 anser
877 1349 104 38 alltså,
1006 1352 59 35 att,
1089 1350 81 30 även
1193 1350 74 30 med
1289 1350 128 37 hänsyn
1440 1349 53 31 till
1517 1349 54 32 det
1596 1349 206 31 ekonomiska

318 1392 170 30 resultatet
508 1402 40 21 av
567 1392 220 38 poströrelsen
808 1393 17 30 å
845 1393 236 38 landsbygden,
1102 1393 149 38 fullgoda
1272 1394 70 31 skäl
1361 1394 162 38 föreligga
1545 1394 61 37 för,
1628 1398 50 27 att
1698 1394 103 30 medel

317 1436 9 29 1
343 1436 162 38 betydligt
521 1437 105 30 större
642 1437 233 38 utsträckning
892 1438 42 29 än
951 1437 156 31 hitintills
1124 1438 87 31 varit
1229 1438 94 30 fallet
1342 1438 113 31 ställas
1472 1438 53 31 till
1541 1438 178 37 styrelsens
1736 1438 65 30 för-

318 1479 141 38 fogande
480 1480 53 31 till
554 1480 232 31 förbättrande
808 1491 40 20 av
870 1481 343 39 postanordningarna
1235 1482 44 38 på
1300 1482 236 38 landsbygden.
1569 1483 65 30 Det
1655 1492 77 21 vore
1754 1482 47 31 så-

317 1527 102 32 lunda
441 1527 101 39 enligt
567 1527 385 38 generalpoststyrelsens
974 1526 214 31 förmenande
1209 1526 214 38 synnerligen
1446 1527 164 37 önskvärt,
1636 1530 48 28 att
1708 1530 93 28 stats-

317 1571 170 32 makterna
509 1572 85 37 ville,
617 1571 74 31 med
714 1570 228 39 eftergivande
965 1581 41 20 av
1029 1570 39 31 de
1090 1570 156 31 hitintills
1270 1570 144 38 alltjämt
1438 1571 151 38 stegrade
1612 1571 123 31 kraven
1760 1572 42 37 på

317 1616 100 31 ökade
441 1617 164 29 överskott
631 1626 39 20 av
695 1616 219 37 poströrelsen
940 1615 200 31 statskassan
1164 1615 53 31 till
1242 1614 92 41 godo,
1359 1615 158 38 medgiva,
1545 1619 48 28 att
1618 1626 39 20 en
1683 1616 53 31 del
1762 1626 38 21 av

317 1661 91 31 dessa
427 1661 163 31 överskott
610 1661 93 38 finge
721 1661 169 37 utnyttjas
910 1662 54 29 för
982 1670 78 28 nyss
1079 1660 142 39 angivna
1241 1661 161 30 ändamål.
1452 1661 127 31 Därvid
1599 1661 101 31 borde
1718 1661 11 30 i
1750 1671 51 21 en-

317 1705 100 38 lighet
440 1705 73 30 med
535 1705 182 31 motionens
739 1705 88 38 syfte
849 1715 39 21 en
911 1705 278 38 genomgripande
1212 1705 204 38 förbättring
1440 1716 39 20 av
1503 1705 298 38 lantbrevbärings-

316 1750 92 30 nätet
429 1750 10 29 i
460 1749 140 31 främsta
621 1753 141 27 rummet
785 1749 248 38 ifrågakomma.

359 1796 52 30 En
435 1796 349 39 överslagsberäkning
806 1797 61 30 har
890 1796 82 39 givit
996 1797 57 30 vid
1077 1797 139 37 handen,
1242 1801 59 34 att,
1328 1797 108 32 därest
1462 1798 18 30 å
1505 1798 152 38 samtliga
1681 1808 46 20 nu
1751 1798 50 30 be-

316 1840 135 38 fintliga
473 1840 100 38 linjer
596 1841 312 38 lantbrevbäringen
932 1841 104 31 skulle
1058 1842 116 30 utökas
1196 1842 53 31 till
1273 1846 49 28 att
1347 1843 61 37 äga
1431 1852 74 21 rum
1528 1842 99 31 minst
1652 1852 40 21 en
1716 1842 85 39 gång

315 1884 92 38 varje
425 1885 190 38 söckendag,
634 1885 91 31 detta
742 1885 104 31 skulle
863 1885 127 31 komma
1008 1889 49 28 att
1074 1886 156 31 innebära
1250 1896 39 21 en
1307 1886 278 39 kostnadsökning
1603 1887 55 31 för
1675 1888 38 30 år
1730 1887 71 31 räk-

315 1933 58 27 nat
396 1940 39 21 av
459 1930 150 38 omkring
633 1930 165 30 1.700.000
820 1930 130 32 kronor.
974 1931 53 31 Nu
1052 1931 177 39 föreligger
1253 1932 190 38 emellertid,
1469 1943 39 20 av
1533 1933 69 31 skäl
1626 1942 68 21 som
1718 1942 82 21 ovan

317 1974 136 39 anförts,
480 1974 69 31 icke
574 1975 110 38 rimlig
709 1975 179 39 anledning
912 1976 54 31 till
991 1980 50 28 att
1066 1976 11 30 i
1102 1977 128 31 landets
1256 1977 120 38 glesast
1399 1977 172 31 befolkade
1596 1977 129 31 trakter
1751 1987 49 28 ge-

315 2022 151 31 nomföra
486 2032 40 21 en
545 2022 36 31 så
600 2021 192 39 vittgående
812 2021 212 38 förbättring,
1046 2031 73 21 men
1139 2021 214 31 beträffande
1375 2021 63 31 den
1459 2022 227 38 övervägande
1705 2021 93 31 delen

316 2077 38 20 av
374 2066 433 39 lantbrevbäringslinjerna
826 2075 94 28 synes
941 2075 40 21 en
1001 2065 92 38 dylik
1112 2065 122 39 ökning
1255 2076 41 20 av
1314 2065 183 32 turantalet
1517 2066 73 30 med
1611 2066 57 38 fog
1687 2066 113 31 kunna

316 2110 222 38 ifrågasättas.
600 2110 64 32 Det
689 2110 59 31 bör
774 2110 142 37 beaktas,
944 2113 50 28 att
1021 2110 82 30 även
1129 2109 382 39 landsortstidningarna
1538 2120 137 21 numera
1702 2110 10 30 i
1741 2111 58 30 allt

315 2157 103 30 större
436 2155 231 39 utsträckning
685 2155 132 39 utgivas
837 2155 162 39 dagligen.
1019 2155 123 31 Vidare
1162 2155 187 31 förefinnas
1368 2157 89 29 ännu
1475 2155 85 31 vissa
1580 2156 127 31 trakter
1728 2155 70 31 med

316 2200 66 37 gles
405 2200 201 38 bebyggelse,
631 2210 68 21 som
722 2200 71 31 icke
817 2200 93 32 blivit
936 2199 237 39 tillgodosedda
1198 2200 75 31 med
1298 2200 107 38 någon
1432 2200 86 30 form
1544 2210 39 21 av
1609 2200 190 38 postanord-

315 2245 128 37 ningar.

355 2292 60 31 Att
433 2291 175 39 uppdraga
625 2292 104 37 några
747 2292 153 30 närmare
918 2292 170 37 riktlinjer
1105 2292 52 31 för
1176 2291 63 31 den
1257 2292 152 38 ordning,
1427 2292 11 30 i
1456 2292 109 31 vilken
1585 2292 215 37 förbättring-

315 2346 80 20 arna
412 2336 104 31 skulle
533 2336 139 37 utföras,
693 2337 37 30 är
748 2336 198 38 näppeligen
965 2336 131 38 möjligt
1114 2340 81 26 utan
1215 2337 87 30 efter
1319 2347 39 20 en
1379 2337 125 37 mycket
1525 2336 207 32 omfattande
1750 2340 49 27 ut-

315 2379 147 38 redning.
493 2380 301 38 Förbättringarna
813 2380 93 31 torde
925 2380 118 31 därför
1062 2381 79 30 böra
1160 2381 208 37 genomföras
1387 2381 86 31 efter
1491 2381 99 38 hand,
1611 2381 118 31 därvid
1750 2391 49 28 gc-

313 2425 328 38 neralpoststyrelsen
663 2426 116 30 liksom
801 2426 154 32 hitintills
976 2426 54 30 må
1050 2427 83 30 hava
1155 2430 47 27 att
1225 2426 96 38 tillse,
1345 2431 49 28 att
1416 2427 231 38 fördelningen
1670 2427 73 31 sker
1765 2427 33 30 så

313 2469 182 38 likformigt
517 2480 67 20 som
604 2470 129 38 möjligt
756 2470 88 30 inom
864 2470 128 31 landets
1014 2470 84 31 olika
1120 2470 92 31 delar
1232 2471 72 31 med
1326 2471 182 31 beaktande
1529 2482 40 20 av
1590 2472 53 31 det
1666 2471 132 31 förhan-

359 2541 7 14 -
382 2523 34 49 Ej
436 2523 151 51 medtagen
608 2539 59 27 här.
