1874 2792
416 186 124 39 Tredje
562 185 246 39 lagutskottets
831 184 178 30 utlåtande
1030 193 42 20 nr
1093 184 18 29 4
1133 184 39 29 år
1194 184 84 29 1959
1585 184 18 29 3

144 272 13 29 I
178 271 169 30 samband
368 270 79 30 med
467 270 263 40 propositionen
752 278 40 20 nr
813 268 40 30 24
875 269 52 29 till
950 269 80 29 1951
1054 268 56 29 års
1132 268 143 38 riksdag
1295 268 78 28 med
1396 267 132 39 förslag
1549 266 52 30 till

101 322 54 39 lag
173 321 177 40 angående
370 320 149 39 ändring
539 330 41 20 av
599 320 44 29 då
662 319 160 40 gällande
841 318 300 40 jordförvärvslag
1165 318 59 33 (av
1243 318 67 29 den
1333 318 36 29 17
1390 317 80 39 juni
1495 316 100 34 1948)

100 373 88 28 hade
214 372 80 30 från
320 381 41 20 en
388 370 320 30 lantbruksnämnd
735 369 207 34 hemställts,
970 370 50 30 att
1047 369 171 29 kommun
1246 368 111 29 skulle
1384 367 140 39 åläggas
1552 368 49 28 att

102 423 84 29 söka
203 422 158 30 tillstånd
377 421 79 30 med
474 421 169 30 avseende
671 420 10 30 å
715 420 204 30 förvärv
951 421 132 28 utom
1115 419 321 29 kommunens
1470 418 131 39 grän-

101 482 86 20 ser.
221 473 80 30 Som
320 472 76 30 skäl
412 472 123 29 härför
552 472 89 29 hade
660 470 366 31 lantbruksnämnden
1045 469 165 39 åberopat
1230 470 49 28 att
1299 469 56 29 det
1375 467 227 31 förekommit

100 525 51 28 att
171 532 42 20 en
233 525 172 29 kommun
424 522 10 29 i
455 520 425 42 kapitalplaceringssyfte
901 521 124 39 inköpt
1047 519 310 39 skogsfastigheter
1380 519 10 28 i
1412 527 43 21 en
1477 526 125 31 grann-

101 574 137 29 socken.
263 574 77 29 Med
361 573 138 39 hänsyn
521 573 52 28 till
594 573 50 29 att
665 571 268 40 ifrågavarande
955 570 173 40 spörsmål
1150 570 90 30 varit
1261 569 146 30 föremål
1430 569 55 29 för
1507 568 94 39 ingå-

103 624 86 29 ende
206 623 266 39 överväganden
488 624 10 28 i
517 622 170 30 samband
703 622 80 29 med
800 622 217 29 tillkomsten
1036 630 41 20 av
1097 620 81 30 1945
1197 620 56 29 års
1271 620 54 38 lag
1343 619 65 29 och
1426 618 44 30 då
1486 618 116 39 regeln

101 684 56 20 om
173 674 286 30 tillståndsfrihet
475 673 55 30 för
547 674 170 28 kommun
733 673 11 28 i
759 672 188 40 praktiken
963 671 30 39 ej
1013 671 98 29 torde
1127 671 45 29 ha
1187 669 152 31 medfört
1355 669 109 39 några
1480 670 121 28 nämn-

101 725 106 30 värda
226 724 231 39 olägenheter,
480 723 87 30 fann
585 723 52 39 sig
655 722 254 39 föredragande
928 720 386 41 departementschefen
1334 720 75 29 icke
1429 720 85 29 böra
1533 718 69 30 för-

101 776 84 29 orda
202 775 114 39 någon
334 774 149 39 ändring
500 783 42 21 av
556 773 345 40 jordförvärvslagen
917 772 45 40 på
979 771 229 30 förevarande
1226 770 123 40 punkt.
1368 770 13 29 I
1400 770 95 29 detta
1513 778 90 20 sam-

101 826 178 39 manhang
303 825 62 29 bör
390 825 189 29 anmärkas
606 826 50 27 att
682 824 257 29 kommunerna
965 822 90 29 dock
1081 830 61 22 var
1167 820 260 30 underkastade
1453 820 150 29 bestäm-

101 876 173 29 melserna
295 877 11 29 i
327 876 99 38 lagen
446 875 67 29 den
534 875 41 29 30
595 874 78 39 juni
700 873 82 30 1947
805 882 57 20 om
883 874 155 28 kronans
1061 872 216 39 förköpsrätt
1304 869 298 40 (förköpslagen).

144 925 117 40 Enligt
283 925 66 29 den
372 924 248 40 ursprungliga
642 924 156 39 lydelsen
820 932 42 21 av
883 923 67 29 den
972 931 48 20 nu
1043 921 170 40 gällande,
1236 920 38 30 år
1298 921 81 30 1955
1403 919 197 34 utfärdade,

101 976 346 39 jordförvärvslagen
479 975 118 29 kunde
630 975 172 29 kommun
835 974 106 38 enligt
974 972 241 38 huvudregeln
1248 971 29 39 ej
1315 970 162 30 förvärva
1510 969 94 39 jord-

104 1026 276 39 bruksfastighet
417 1027 86 27 utan
539 1024 340 31 lantbruksnämnds
915 1022 170 31 tillstånd.
1121 1021 173 30 Tillstånd
1332 1021 112 29 skulle
1480 1021 123 36 vägras

101 1085 58 21 om
185 1077 194 29 misstanke
408 1075 133 40 förelåg
567 1077 50 28 att
645 1076 219 29 kommunen
890 1074 84 29 kom
1001 1075 50 27 att
1079 1072 171 30 vansköta
1279 1071 212 39 fastigheten
1520 1070 82 29 eller

101 1127 83 30 kom
206 1129 51 28 att
280 1126 229 39 tillgodogöra
533 1126 51 39 sig
608 1125 167 40 stödskog
799 1133 75 21 som
895 1133 62 20 var
981 1122 206 39 erforderlig
1211 1122 54 29 för
1289 1124 116 27 ortens
1429 1120 173 40 jordbruk

103 1178 81 29 eller
208 1177 127 30 bereda
362 1178 50 38 sig
439 1176 94 30 vinst
559 1183 125 32 genom
712 1185 82 20 snar
821 1174 177 40 avyttring
1025 1183 43 20 av
1092 1173 211 39 fastigheten
1336 1172 35 33 (3
1401 1171 50 37 $).
1478 1171 125 29 Därest

103 1227 241 40 nyssnämnda
373 1227 63 30 fall
466 1227 30 40 ej
530 1236 61 20 var
621 1226 54 30 för
705 1226 151 34 handen,
887 1224 118 30 kunde
1036 1223 159 30 tillstånd
1225 1222 188 34 meddelas,
1445 1230 58 21 om
1534 1220 70 30 för-

100 1279 119 30 värvet
244 1279 118 29 kunde
388 1279 125 28 väntas
542 1276 158 31 medföra
727 1275 240 40 övervägande
994 1276 100 37 nytta
1121 1273 54 30 för
1201 1272 209 40 jordbruket
1438 1272 83 29 eller
1548 1270 55 30 för

102 1329 226 39 näringslivet
350 1329 11 29 i
383 1330 99 28 orten
506 1328 83 29 eller
612 1326 212 39 fastigheten
849 1326 55 29 för
926 1326 218 29 kommunen
1167 1323 90 30 hade
1281 1322 193 40 synnerligt
1496 1320 106 31 värde

102 1380 121 29 utöver
244 1379 58 30 det
322 1378 231 30 ekonomiska
573 1378 82 29 eller
676 1377 102 39 eljest
800 1376 142 30 särskilt
963 1375 78 30 skäl
1062 1374 132 39 förelåg
1215 1373 55 30 för
1290 1373 176 30 förvärvet
1493 1371 36 34 (4
1553 1371 49 36 $).

103 1430 13 29 I
143 1430 14 29 1
185 1430 15 37 $
225 1429 112 30 första
361 1428 135 40 stycket
520 1428 114 39 punkt
659 1428 18 29 2
701 1434 130 32 angavs
855 1426 95 29 vissa
973 1424 150 35 förvärv,
1147 1423 84 30 varå
1255 1423 100 39 lagen
1379 1423 81 29 över
1483 1421 120 29 huvud

103 1481 91 38 taget
216 1480 76 30 icke
316 1479 85 39 ägde
424 1478 234 39 tillämpning.
682 1476 174 30 Tillstånd
879 1475 223 30 erfordrades
1126 1473 133 30 således
1283 1473 43 39 ej,
1352 1473 84 29 >där
1459 1470 146 41 egendo-

103 1540 79 20 men
201 1530 180 30 förvärvas
402 1538 42 21 av
462 1529 171 29 kommun
653 1528 83 29 eller
756 1536 118 21 annan
893 1526 97 39 dylik
1012 1524 236 39 samfällighet
1268 1523 55 30 för
1343 1522 166 31 ändamål
1528 1530 75 20 som

103 1590 99 20 avses
218 1581 11 29 i
247 1582 14 28 1
284 1580 15 37 8
319 1580 29 35 4,
366 1580 16 30 7
402 1579 82 30 eller
504 1579 38 29 16
562 1579 99 39 lagen
678 1578 67 29 den
765 1578 38 29 12
822 1576 69 39 maj
914 1576 81 30 1917
1016 1584 58 21 om
1090 1574 293 40 expropriation».
1401 1572 92 29 Från
1509 1571 94 40 jord-

104 1631 279 38 förvärvslagens
406 1630 87 29 krav
514 1629 46 39 på
582 1627 322 31 förvärvstillstånd
926 1626 199 38 undantogs
1148 1625 205 38 härigenom
1375 1623 229 29 kommuners

102 1682 140 29 förvärv
266 1691 42 20 av
330 1678 362 41 jordbruksfastighet
717 1678 54 29 för
795 1675 316 32 åstadkommande
1136 1684 42 21 av
1200 1673 165 41 tryggade
1388 1671 216 31 bostadsför-

103 1731 188 30 hållanden
321 1731 130 39 (punkt
477 1730 50 34 7),
553 1729 54 30 för
631 1728 256 39 tätbebyggelse
912 1727 65 29 och
1001 1725 145 30 därmed
1172 1723 348 39 sammanhängande
1545 1731 59 20 an-

103 1781 189 39 ordningar
322 1781 130 39 (punkt
479 1781 56 33 16)
567 1782 90 27 samt
683 1778 55 29 för
763 1777 174 35 ändamål,
964 1785 76 21 som
1065 1776 56 29 det
1146 1775 107 39 enligt
1278 1775 54 39 lag
1358 1774 82 29 eller
1465 1772 139 30 författ-

105 1833 82 39 ning
206 1832 140 30 tillkom
362 1832 172 28 kommun
554 1832 49 27 att
624 1828 182 40 tillgodose
830 1828 130 39 (punkt
979 1826 52 34 4).
1049 1844 45 3 —
1111 1826 126 30 Vidare
1257 1823 221 31 erfordrades
1499 1822 106 39 enligt

106 1884 14 28 1
148 1883 15 36 $
190 1882 112 29 första
326 1881 134 39 stycket
484 1880 113 39 punkt
622 1880 19 29 6
665 1877 346 41 jordförvärvslagen
1035 1877 76 28 icke
1136 1875 158 29 tillstånd
1319 1874 54 29 för
1399 1873 141 29 förvärv
1564 1881 42 20 av

106 1932 178 39 egendom,
309 1940 74 20 som
407 1931 117 37 ingick
547 1930 10 28 i
580 1929 180 39 stadsplan
784 1928 82 29 eller
889 1927 107 38 enligt
1019 1925 274 39 byggnadsplan,
1318 1923 178 30 fastställd
1519 1921 87 29 efter

104 1983 66 29 den
192 1983 14 29 1
227 1982 142 39 januari
392 1980 93 35 1948,
506 1990 62 19 var
587 1979 128 30 avsedd
736 1978 54 29 för
811 1979 107 28 annat
939 1975 165 31 ändamål
1125 1976 44 28 än
1189 1974 172 40 jordbruk
1383 1973 82 30 eller
1487 1972 118 39 skogs-

104 2033 100 29 bruk.
224 2033 13 28 I
256 2031 220 30 sistnämnda
494 2030 54 30 del
567 2031 38 29 är
623 2030 99 38 lagen
740 2028 153 39 alltjämt
911 2025 225 31 oförändrad.

149 2083 131 29 Genom
302 2083 50 28 att
376 2081 162 29 använda
561 2079 176 39 uttrycket
763 2079 191 28 >»kommun
978 2076 82 29 eller
1084 2084 117 21 annan
1225 2074 96 40 dylik
1346 2072 256 39 samfällighet»

103 2132 220 39 jämställdes
346 2132 78 28 med
445 2129 330 38 kommunallagens
798 2128 211 29 kommuner
1037 2125 340 34 (landskommuner,
1402 2123 117 29 städer
1541 2122 64 29 och

105 2183 187 38 köpingar)
316 2183 86 28 även
421 2178 376 41 municipalsamhälle,
817 2177 217 37 församling,
1054 2174 177 39 landsting
1250 2174 64 29 och
1333 2182 117 21 annan
1469 2173 137 37 borger-

106 2233 44 39 lig
169 2233 82 28 eller
272 2232 139 38 kyrklig
431 2230 208 29 kommunal
660 2226 339 39 förvaltningsenhet
1026 2225 271 33 (sammansatta
1320 2223 110 29 andra
1452 2222 70 39 lag-
1542 2221 63 29 och

104 2281 384 40 jordbruksutskottets
512 2279 179 29 utlåtande
715 2287 41 19 nr
781 2276 159 36 1/1945).

150 2332 91 29 Från
263 2330 221 30 förarbetena
506 2329 56 29 må
583 2329 9 28 i
613 2328 112 37 övrigt
747 2327 133 37 återges
903 2325 168 39 följande.

151 2383 11 28 I
181 2382 56 29 det
255 2390 43 21 av
316 2381 81 29 1951
415 2380 58 29 års
490 2373 688 45 jordbruksrationaliseringsutredning
1196 2372 145 39 avgivna
1358 2369 247 34 betänkandet,

105 2432 106 29 vilket
233 2432 105 38 ligger
358 2430 50 29 till
429 2429 113 38 grund
564 2428 53 29 för
638 2436 46 20 nu
706 2425 159 40 gällande
885 2423 310 42 jordförvärvslag,
1218 2422 166 29 framhöll
1405 2420 202 38 utredning-

106 2491 42 20 en
174 2482 100 32 (SOU
298 2480 98 30 1954:
415 2480 39 28 16
477 2489 24 19 s.
526 2479 77 33 105)
630 2480 49 27 att
702 2477 54 29 för
777 2473 436 39 rationaliseringsarbetet
1235 2482 79 20 vore
1335 2472 55 29 det
1412 2470 194 40 uppenbar-
