2204 2624
1813 216 12 8 ”

472 225 105 25 Första
604 225 196 25 kammarens
825 219 122 32 andra
975 223 153 33 tillfälliga
1156 223 122 26 utskotts
1306 222 155 26 utlåtande
1488 222 41 25 Nr
1554 222 27 25 8.
1810 225 18 20 1

235 315 94 20 man.
378 303 66 33 Till
474 305 187 42 belysning
687 305 5 31 i
722 305 68 30 viss
823 304 82 32 mån
932 315 43 20 av
1002 303 130 32 sakens
1153 302 180 43 juridiska
1354 303 87 36 sida,
1465 302 110 32 sådan
1599 301 68 32 den
1688 299 140 33 avteck-

234 356 91 33 nade
351 358 49 42 sig
427 359 57 31 vid
510 359 101 31 dessa
638 357 310 40 domstolsbeslut,
976 358 57 31 må
1061 358 8 30 i
1088 357 94 32 detta
1203 356 270 42 sammanhang
1490 356 138 31 erinras
1646 365 62 21 om
1731 355 98 30 inne-

234 411 136 33 bhörden
397 423 43 21 av
466 412 68 32 den
564 412 217 41 motivering
808 411 131 41 Högsta
959 410 208 33 domstolen
1186 410 201 42 förebragte
1409 410 8 31 i
1439 409 58 32 det
1521 408 82 38 mål,
1620 419 77 21 som
1712 407 116 42 gällde

233 465 197 42 Stjärnfors
456 465 112 32 bruks
593 464 348 42 rekognitionsskog.
994 464 214 32 Domstolen
1234 463 152 32 anförde
1412 462 127 32 därvid
1565 462 45 31 bl.
1642 472 42 29 a.,
1705 463 49 30 att
1771 460 56 32 det

234 520 6 30 i
268 519 156 32 berörda
461 518 185 42 köpebrey
672 518 145 42 intagna
843 517 143 40 villkor,
1016 520 67 29 »att
1109 517 223 32 hemmanen
1358 515 219 43 oskiljaktigt
1603 514 116 32 skulle
1744 524 85 21 vara

233 571 173 33 förenade
434 570 81 33 med
541 571 197 42 Stjärnfors
763 570 105 41 bruk,
894 571 37 31 så
959 570 143 42 mycket
1121 569 142 33 mindre
1280 569 124 32 kunde
1422 567 187 34 föranleda
1630 567 50 33 till
1702 567 129 32 skatte-

234 628 275 29 mannarältens
551 623 251 40 förverkande,
828 623 117 33 därest
973 623 172 32 hemman
1173 622 132 33 skildes
1331 623 80 32 från
1437 621 155 33 berörda
1620 620 104 37 bruk,
1751 631 77 21 som

233 679 108 43 enligt
379 679 13 31 1
421 678 81 43 kap.
528 679 21 31 2
572 679 22 41 8
613 677 256 43 jordabalken,
895 676 130 33 sådant
1050 677 94 32 detta
1171 677 138 42 lagrum
1337 675 108 44 lydde
1471 684 131 33 genom
1631 675 38 31 K.
1700 674 34 32 F.
1760 673 69 32 den

236 733 10 32 1
284 733 82 42 juni
406 732 94 41 1810,
537 731 114 44 dylikt
685 731 11 32 i
730 729 315 45 köpehandlingen
1081 731 132 43 intaget
1240 729 179 44 förbehåll
1445 739 80 22 vore
1551 731 84 30 utan
1664 726 166 34 verkan».

234 787 141 32 Genom
403 786 117 32 beslut
545 785 244 43 nästföljande
814 786 39 31 år
871 784 116 33 beslöt
1008 784 124 33 därför
1149 784 202 43 riksdagen,
1371 786 47 30 all
1437 783 70 32 den
1526 781 155 34 sålunda
1698 790 130 33 genom

233 839 299 33 domstolsbeslut
569 838 239 33 underkända
834 838 294 41 bestämmelsen,
1154 841 50 29 att
1229 838 223 32 hemmanen
1478 836 99 33 alltid
1604 835 117 33 skulle
1746 844 84 22 vara

234 893 228 43 oskiljaktiga
487 893 80 32 från
593 892 45 33 de
662 892 106 40 bruk,
793 891 184 33 varunder
1001 891 44 32 de
1070 891 118 43 lydde,
1218 891 117 32 skulle
1361 890 169 43 upphöra
1556 892 49 30 att
1629 888 104 44 gälla.

340 946 54 33 Av
427 946 60 33 det
524 946 124 32 hittills
687 944 153 33 anförda
877 945 102 32 torde
1006 945 148 43 framgå,
1180 947 49 29 att
1255 944 227 43 upplåtelsen
1504 954 43 21 av
1572 942 259 44 rekognitions-

234 1000 131 44 skogar
390 1000 70 33 och
486 999 254 43 medgivandet
766 1001 49 30 att
839 998 214 43 skatteköpa
1079 998 133 43 dylika,
1238 998 91 33 skett
1355 1000 77 30 mot
1458 997 207 43 uttryckligt
1690 996 141 41 angivet

234 1054 143 37 villkor,
403 1057 48 29 att
485 1053 180 44 skogarna
702 1052 116 33 skulle
844 1052 131 43 nyttjas
1001 1052 56 32 för
1081 1052 86 33 visst
1191 1053 10 31 i
1227 1050 438 43 överlåtelsehandlingen
1692 1049 140 43 angivet

234 1108 183 40 ändamål,
444 1118 85 22 men
554 1109 50 31 att
629 1107 44 32 de
697 1106 260 43 rättsanspråk,
984 1117 78 21 som
1085 1106 143 32 kronan
1246 1107 46 42 på
1312 1105 118 43 grund
1452 1104 113 33 härav
1584 1104 142 32 kunnat
1743 1113 88 30 resa,

234 1162 90 32 visat
348 1162 51 42 sig
423 1161 80 33 icke
522 1161 174 43 juridiskt
721 1161 175 40 hållbara,
911 1159 47 33 då
983 1160 144 33 kronan
1152 1159 206 34 sedermera
1376 1159 93 44 gjort
1486 1158 79 33 sina
1583 1157 249 43 rättsanspråk

234 1215 177 43 gällande.
462 1215 124 32 Under
623 1214 136 33 sådana
795 1213 271 35 förhållanden,
1091 1217 40 29 är
1155 1213 59 33 det
1238 1214 103 42 givet,
1367 1216 49 29 att
1441 1213 157 43 mången
1628 1212 119 42 frågar
1771 1211 60 42 sig,

234 1269 69 33 vad
340 1280 44 22 en
422 1269 194 42 utredning
645 1268 187 44 angående
866 1268 223 32 återförvärv
1114 1267 52 33 till
1191 1267 143 32 kronan
1361 1278 44 22 av
1429 1265 275 44 ifrågavarande
1729 1273 103 35 egen-

236 1323 87 33 dom
362 1323 116 33 skulle
512 1323 126 32 kunna
674 1325 64 41 äga
763 1322 56 32 för
843 1321 194 44 betydelse.
1087 1320 387 44 Kammarkollegium,
1500 1330 80 22 som
1605 1317 227 35 anmodades

236 1378 125 42 avgiva
397 1376 167 43 yttrande
600 1379 86 29 över
725 1376 44 32 hr
808 1375 194 33 Erikssons
1039 1376 8 30 i
1086 1375 248 43 Grängesberg
1368 1374 61 32 vid
1456 1374 85 32 1920
1565 1374 58 31 års
1652 1372 180 42 riksdag
1814 1368 21 56 i

236 1433 124 30 ämnet
383 1430 130 33 väckta
538 1430 153 40 motion,
716 1438 67 34 gav
807 1429 57 32 för
888 1429 55 31 sin
969 1428 57 33 del
1051 1428 161 43 följande
1237 1438 82 22 svar
1343 1429 45 41 på
1414 1427 122 33 denna
1552 1427 113 42 fråga:
1696 1425 74 33 »Då
1790 1444 41 4 —

236 1503 42 4 —
303 1504 42 3 —
371 1503 39 4 —
437 1485 20 32 å
482 1494 68 23 ena
576 1483 103 33 sidan
704 1483 71 33 den
800 1482 119 40 tanke,
950 1493 80 22 som
1057 1482 108 44 ligger
1189 1481 53 33 till
1266 1480 118 45 grund
1409 1482 57 31 för
1490 1481 201 40 motionen,
1708 1481 124 41 ytterst

236 1538 147 33 bottnar
399 1539 10 31 i
428 1537 71 34 den
519 1538 10 32 i
548 1537 56 33 för
628 1538 51 43 sig
702 1537 110 43 enligt
836 1536 146 43 kollegii
1007 1537 148 42 mening
1178 1535 80 34 icke
1283 1535 153 44 oriktiga
1461 1534 298 43 föreställningen
1783 1536 50 30 att

236 1601 133 35 genom
405 1592 85 33 1897
527 1593 57 31 års
611 1591 131 33 domar
766 1591 71 32 den
863 1590 200 33 materiella
1088 1593 115 30 rätten
1229 1589 102 33 blivit
1355 1588 149 34 lidande
1528 1588 52 33 till
1605 1588 147 32 förmån
1777 1586 56 33 för

236 1646 70 33 den
345 1646 178 41 formella,
549 1645 70 33 och
645 1645 121 33 denna
791 1644 252 43 föreställning
1068 1644 286 43 uppenbarligen
1380 1643 99 33 delas
1504 1653 44 22 av
1572 1644 97 30 stora
1694 1641 139 33 befolk-

236 1701 264 42 ningsgrupper
524 1700 102 32 inom
653 1699 133 41 landet,
812 1709 96 30 men,
934 1699 19 31 å
979 1697 116 33 andra
1120 1697 115 40 sidan,
1261 1697 44 33 de
1335 1696 220 44 svårigheter
1579 1706 80 22 som
1678 1698 63 29 äro
1762 1695 70 32 för-

236 1753 115 33 enade
380 1753 84 33 med
490 1756 48 31 ett
563 1752 244 34 realiserande
832 1763 44 22 av
901 1752 252 33 motionärens
1177 1751 110 33 tanke
1312 1751 80 33 icke
1417 1761 108 33 synas
1550 1759 85 23 vara
1661 1749 94 32 klart
1779 1749 53 32 in-

236 1807 122 41 sedda,
394 1807 68 33 har
500 1807 198 43 kollegium
734 1807 57 32 för
827 1807 54 32 sin
911 1805 60 33 del
995 1805 80 33 icke
1100 1806 109 42 något
1233 1808 50 29 att
1307 1805 122 33 erinra
1454 1807 78 30 mot
1556 1814 45 22 en
1627 1802 205 44 utredning,

236 1861 95 34 dock
355 1861 80 33 icke
460 1862 122 32 såsom
607 1862 231 31 motionären
865 1870 103 22 avser
993 1859 153 33 allenast
1165 1858 189 45 angående
1371 1860 104 31 sättet
1495 1858 57 32 för
1567 1856 266 44 rekognitions-

236 1916 243 33 hemmanens
504 1915 230 33 återförande
758 1914 53 33 till
836 1914 163 32 kronans
1023 1914 68 32 fria
1116 1913 227 43 disposition,
1369 1916 87 29 utan
1481 1912 11 32 i
1516 1912 112 32 första
1652 1910 101 33 hand
1777 1910 57 32 för

236 1969 206 33 utrönande
478 1980 45 22 av
559 1969 236 43 möjligheten
831 1968 69 33 och
938 1967 260 44 lämpligheten
1225 1977 43 23 av
1294 1977 45 22 en
1365 1966 114 33 sådan
1505 1965 133 44 åtgärd.
1665 1984 42 4 —
1732 1956 100 40 Även

235 2035 62 21 om
337 2034 45 22 en
419 2023 114 33 sådan
570 2023 194 43 utredning
799 2022 115 33 skulle
939 2023 80 42 giva
1044 2024 48 30 ett
1116 2022 10 31 i
1147 2020 194 33 huvudsak
1367 2020 156 44 negativt
1547 2019 160 38 resultat,
1732 2018 68 32 har
1823 2019 9 31 i

235 2078 70 32 alla
340 2077 62 33 fall
442 2077 153 33 därmed
624 2077 159 38 vunnits,
809 2079 49 29 att
882 2075 122 33 denna
1032 2075 116 33 under
1172 2074 44 33 de
1241 2085 128 22 senare
1394 2076 106 31 årens
1525 2073 190 43 riksdagar
1739 2075 94 29 stän-

235 2131 73 44 digt
332 2130 304 34 återkommande
660 2131 99 43 fråga
784 2130 94 43 finge
903 2140 46 22 en
974 2130 39 31 så
1038 2128 209 44 fullständig
1267 2128 202 43 belysning,
1486 2130 50 30 att
1554 2127 70 33 den
1642 2125 125 34 kunde
1787 2126 46 42 på

235 2188 48 30 ett
307 2185 147 33 säkrare
479 2187 68 30 sätt
571 2187 46 30 än
644 2185 123 32 hittills
794 2195 43 22 av
862 2182 250 34 allmänheten
1138 2182 176 33 bedömas
1340 2182 69 33 och
1435 2180 152 34 därmed
1608 2180 225 43 tilläventyrs

236 2240 95 33 bliva
357 2238 127 34 avförd
509 2239 80 33 från
614 2238 238 33 diskussion.»

343 2293 66 35 Det
440 2304 105 35 synes
572 2293 169 33 utskottet
767 2303 78 22 som
873 2302 60 22 om
957 2294 91 31 även
1067 2291 54 35 de,
1146 2290 96 34 vilka
1260 2292 10 31 i
1292 2290 63 34 sak
1375 2291 118 44 intaga
1510 2300 44 23 en
1572 2299 123 23 annan
1714 2287 121 34 stånd-
