1914 2832
286 148 40 29 24
655 152 392 38 Bevillningsutskottets
1072 152 217 31 betänkande
1313 153 49 31 Nr
1386 155 48 29 30.

288 235 51 31 till
360 236 106 31 tullen
488 236 21 31 å
530 237 289 36 halvfabrikaten,
841 237 135 31 mindre
999 237 318 31 tillfredsställande
1340 237 192 37 avvägning
1556 247 42 21 av
1620 238 167 36 tullskyd-

288 278 66 30 det.
398 278 14 30 I
430 279 226 31 betraktande
675 280 108 30 härav
803 289 99 27 synes
922 290 42 20 en
985 279 210 37 tullhöjning
1215 279 186 37 lämpligen
1422 280 85 30 böra
1527 280 164 36 vidtagas.
1736 279 52 31 Då

287 320 188 31 emellertid
499 321 67 30 den
590 321 11 30 i
623 321 216 31 motionerna
863 322 195 36 föreslagna
1084 322 178 31 tullsatsen
1286 332 101 26 synes
1412 321 166 31 innebära
1603 332 42 21 en
1671 322 116 30 alltför

287 363 67 35 hög
377 363 283 37 tullbeskattning
683 373 42 20 av
749 364 41 30 de
813 364 154 36 billigare
992 364 117 36 slagen
1133 374 41 20 av
1198 365 135 29 skodon
1356 365 65 30 och
1446 365 99 30 dessa
1569 364 75 31 icke
1667 365 119 29 kunna

288 405 214 30 tulltekniskt
530 405 119 37 skiljas
678 405 79 31 från
786 406 42 30 de
856 406 132 37 dyrare,
1018 415 82 22 anse
1128 406 272 36 ämbetsverken,
1428 409 49 28 att
1507 406 189 36 höjningen
1725 407 63 29 bör

287 447 184 36 begränsas
491 446 52 31 till
563 457 42 21 en
625 447 223 37 fördubbling
868 457 42 22 av
931 449 67 29 den
1017 449 201 30 nuvarande
1239 449 117 30 tullen.
1401 448 271 37 Tullhöjningen
1692 448 96 30 torde

287 489 186 37 lämpligen
495 489 85 31 böra
603 489 129 31 erhålla
756 490 91 30 form
869 500 41 21 av
932 490 210 37 tilläggstull,
1165 490 116 31 vilken
1303 490 146 31 sålunda
1473 491 110 30 skulle
1605 490 82 36 utgå
1709 491 79 29 med

289 532 62 30 150
371 532 128 30 kronor
520 532 55 30 för
596 533 60 29 100
676 532 179 37 kilogram.
898 532 53 31 Då
970 535 76 28 stat.
1067 542 42 21 nr
1132 533 82 30 1189
1235 532 38 31 så
1292 536 71 33 gott
1383 542 75 21 som
1478 533 218 30 uteslutande
1715 542 70 20 om-

287 574 104 30 fattar
409 574 134 31 skodon
560 575 79 30 med
657 574 75 31 sula
751 584 41 21 av
810 575 95 30 läder
922 575 81 30 eller
1021 574 279 36 läderimitation,
1321 584 99 27 synes
1439 574 245 37 tilläggstullen
1703 575 84 30 böra

288 625 79 22 avse
386 617 77 30 hela
483 617 92 30 detta
594 626 188 21 nummer.»

331 683 14 30 I
369 683 185 37 anledning
578 693 42 21 av
642 683 215 31 motionerna
880 684 27 30 I:
923 684 41 30 45
988 684 68 30 och
1079 684 44 30 II:
1140 684 61 30 143
1224 684 91 31 hava
1339 684 139 31 skrifter
1502 683 136 38 ingivits
1663 684 51 31 till
1736 687 51 27 ut-

288 734 124 30 skottet
437 733 79 31 från
540 733 316 38 tjeckoslovakiska
880 734 351 31 handelskammaren
1258 735 10 29 i
1298 734 211 36 Stockholm,
1536 734 252 30 handelsaktie-

285 785 135 37 bolaget
440 785 85 31 Bata
546 788 89 28 samt
655 785 350 31 handelskammaren
1026 786 55 30 för
1104 780 130 36 Örebro
1255 786 66 30 och
1343 786 269 30 Västmanlands
1634 786 67 30 län.

331 886 218 37 Tilläggstull
582 887 56 31 för
672 887 136 31 tofflor.
854 888 14 30 I
892 887 179 31 motionen
1095 888 27 29 I:
1138 888 41 29 26
1204 897 42 20 av
1270 887 81 30 herr
1373 887 182 37 Ehrnberg
1579 887 207 36 hemställes,

289 940 67 27 »att
381 937 184 37 riksdagen
590 937 105 32 måtte
719 939 142 35 besluta,
888 942 48 27 att
962 939 55 30 för
1042 938 120 31 tofflor
1187 938 197 36 hänförliga
1410 938 51 30 till
1487 941 75 27 stat.
1589 947 42 21 nr
1659 939 128 29 1188—

288 989 83 30 1189
390 989 98 35 skall,
505 990 121 29 utöver
644 988 104 37 enligt
765 990 169 30 tulltaxan
952 989 145 36 stadgad
1116 989 72 36 tull,
1207 988 82 38 utgå
1308 988 199 37 tilläggstull
1525 989 81 30 med
1628 989 61 30 150
1708 989 78 29 kro-

285 1047 64 21 nor
369 1038 55 31 för
445 1040 62 29 100
527 1040 77 36 kg».

332 1089 66 31 Till
418 1099 42 21 en
478 1089 126 38 början
625 1089 130 32 erinras
780 1090 6 31 i
806 1090 175 31 motionen
1000 1100 60 21 om
1082 1090 67 31 vad
1169 1100 74 21 som
1264 1090 134 30 anförts
1420 1089 10 30 i
1449 1088 337 37 bevillningsutskot-

286 1143 63 28 tets
375 1140 93 31 förut
493 1140 177 37 återgivna
694 1142 219 30 betänkande
939 1151 41 21 nr
1007 1143 41 29 25
1075 1142 59 30 vid
1161 1142 82 30 1934
1271 1141 55 31 års
1352 1141 149 36 riksdag.
1551 1140 125 31 Vidare
1702 1141 85 29 hän-

286 1190 90 31 visas
393 1190 51 31 till
460 1191 304 38 importökningen
781 1201 42 21 av
841 1193 143 35 skodon,
1002 1192 197 36 hänförliga
1217 1192 51 30 till
1286 1195 75 27 stat.
1380 1201 42 21 nr
1442 1192 95 35 1189,
1556 1191 110 30 under
1684 1191 104 30 vilket

286 1241 66 31 den
378 1242 253 36 huvudsakliga
658 1243 99 30 delen
783 1252 43 20 av
852 1243 120 30 tofflor
998 1243 110 30 faller.
1158 1242 166 37 Slutligen
1349 1241 149 36 anföres,
1527 1244 48 28 att
1600 1241 118 30 värdet
1745 1250 42 20 av

286 1291 56 32 det
357 1292 11 30 i
382 1293 65 30 och
463 1292 55 31 för
533 1292 51 37 sig
599 1292 76 37 låga
690 1293 212 37 tullskyddet
916 1292 196 38 ytterligare
1128 1292 155 31 minskas
1300 1293 51 30 till
1367 1291 88 38 följd
1473 1301 41 21 av
1531 1291 108 31 tullen
1656 1291 20 31 å
1691 1291 95 30 halv-

287 1342 207 37 fabrikaten,
521 1353 76 21 som
618 1343 222 31 beträffande
866 1343 90 31 vissa
983 1343 73 37 slag
1082 1353 42 20 av
1147 1342 122 31 tofflor
1295 1341 134 39 uppgår
1455 1342 51 30 till
1530 1342 107 36 högre
1662 1342 125 36 belopp

287 1395 45 29 än
353 1394 107 31 tullen
481 1394 21 30 å
523 1395 67 29 den
611 1394 134 37 färdiga
766 1404 117 21 varan.

331 1478 158 31 Rörande
513 1478 228 31 förevarande
764 1478 132 31 motion
919 1478 124 31 anföra
1068 1478 261 31 ämbetsverken
1353 1477 167 38 följande:

333 1548 11 15 »
352 1536 121 32 Såsom
487 1537 11 30 i
513 1538 56 30 det
585 1536 206 38 föregående
806 1538 131 29 berörts
953 1538 60 29 äro
1029 1537 137 37 vanliga
1182 1537 135 30 skodon
1333 1546 42 20 av
1391 1539 58 34 tyg
1466 1539 88 27 samt
1571 1535 121 31 tofflor
1708 1535 11 30 i
1735 1534 51 31 så-

284 1580 55 29 väl
357 1580 159 30 handels-
535 1589 75 21 som
629 1579 341 31 industristatistiken
987 1582 177 34 upptagna
1182 1579 110 30 under
1311 1582 46 28 ett
1377 1579 65 30 och
1462 1588 135 20 samma
1615 1587 169 21 nummer.

284 1621 50 30 De
354 1621 188 31 statistiska
562 1621 221 37 uppgifterna
803 1622 116 30 lämna
941 1621 147 31 sålunda
1109 1621 30 37 ej
1162 1621 197 36 tillräckligt
1381 1620 76 31 stöd
1479 1620 55 30 för
1555 1620 231 30 bedömandet

284 1673 43 20 av
348 1673 80 21 vare
448 1663 50 37 sig
519 1664 67 31 den
607 1663 183 32 inhemska
811 1663 281 37 tillverkningens
1115 1664 80 30 eller
1216 1663 189 37 importens
1428 1662 209 36 omfattning
1661 1661 125 31 beträf-

284 1706 105 31 fande
407 1707 245 29 ovannämnda
671 1706 143 30 artiklar
833 1715 60 21 var
912 1706 56 30 för
986 1706 60 36 sig.
1090 1705 100 31 Såväl
1208 1705 233 31 medelvärdet
1461 1714 76 21 som
1556 1703 230 32 medelvikten

284 1756 61 28 per
366 1757 62 28 par
449 1748 106 37 ligger
577 1748 188 31 emellertid
787 1748 93 37 lägre
901 1747 11 31 i
934 1747 99 37 fråga
1055 1757 58 21 om
1134 1747 121 31 tofflor
1277 1748 46 30 än
1345 1747 54 30 för
1422 1746 138 37 vanliga
1582 1746 202 37 tygskodon.

284 1791 15 29 I
328 1791 176 30 motionen
534 1790 140 37 angivas
703 1790 117 38 prisen
847 1790 20 31 å
895 1790 91 31 vissa
1015 1790 130 36 tofflor,
1175 1790 94 30 vilka
1299 1789 138 31 särskilt
1467 1790 60 29 äro
1556 1788 146 30 föremål
1732 1788 55 29 för

284 1832 137 38 import.
437 1833 14 30 I
466 1834 100 30 dessa
580 1833 80 37 pris,
676 1842 76 21 som
766 1833 101 30 växla
881 1833 128 30 mellan
1025 1834 18 28 2
1059 1833 129 30 kronor
1202 1833 40 29 75
1259 1833 58 29 öre
1333 1832 64 30 och
1414 1832 19 29 5
1449 1832 129 29 kronor
1596 1831 40 29 25
1653 1832 58 28 öre
1726 1839 59 27 per

283 1884 72 28 par,
376 1876 97 30 torde
492 1876 64 30 tull
576 1876 64 30 och
659 1876 95 30 frakt
774 1885 82 21 vara
876 1875 245 31 inberäknade.
1165 1873 201 32 Emellertid
1385 1875 39 28 är
1444 1873 57 30 det
1521 1872 93 31 svårt
1634 1875 48 28 att
1703 1872 81 30 fast-

284 1917 51 31 slå
352 1917 107 37 några
478 1917 243 31 medelsiffror.
764 1917 14 30 I
798 1917 175 31 motionen
992 1926 42 21 nr
1053 1917 39 30 41
1113 1916 12 31 i
1144 1917 109 30 andra
1271 1917 206 29 kammaren
1496 1914 165 37 uppgives
1682 1914 104 37 priset

284 1960 55 30 för
360 1960 83 30 visst
463 1960 73 36 slag
558 1969 42 21 av
623 1960 119 30 tofflor
764 1959 52 30 till
846 1960 9 29 2
877 1960 130 30 kronor
1028 1968 61 28 per
1111 1968 71 28 par,
1204 1958 114 30 vartill
1340 1958 158 30 kommer
1520 1957 94 30 frakt
1637 1958 65 29 och
1723 1957 63 30 tull

283 2002 79 30 med
379 2002 160 36 omkring
556 2003 41 29 50
614 2003 67 29 öre.
722 2001 14 30 I
754 2001 98 37 fråga
868 2011 57 20 om
942 2001 169 30 införseln
1128 2010 41 21 av
1185 2000 121 30 tofflor
1323 2000 64 30 har
1403 1999 184 37 uppgivits,
1606 2002 49 27 att
1672 1999 112 30 denna

283 2044 11 30 i
312 2045 108 30 större
436 2044 239 36 utsträckning
695 2045 45 29 än
758 2044 219 30 beträffande
996 2043 137 36 vanliga
1151 2043 135 30 skodon
1305 2041 169 37 försiggår
1493 2041 11 31 i
1523 2040 261 38 papperspåsar,

284 2086 117 31 varför
427 2086 212 37 tullskyddet
665 2085 66 31 blir
758 2086 135 31 mindre
918 2085 161 31 effektivt
1105 2085 53 30 för
1185 2083 375 37 toffeltillverkningen.
1612 2083 90 31 Visst
1729 2092 56 21 av-

283 2129 124 30 seende
431 2128 171 37 förtjänar
627 2127 104 32 också
757 2129 56 29 det
838 2128 183 30 anmärkta
1047 2126 242 36 förhållandet,
1317 2129 58 33 alt,
1402 2126 139 31 särskilt
1567 2125 218 31 beträffande

283 2171 121 30 tofflor
424 2180 42 21 av
486 2170 296 37 diagonalstickad
802 2172 155 34 sammet,
978 2170 109 30 tullen
1107 2169 20 31 å
1146 2169 279 31 halvfabrikaten
1445 2169 71 29 kan
1536 2168 92 30 bliva
1648 2167 51 31 till
1720 2168 65 30 och

283 2214 79 29 med
383 2213 105 36 högre
511 2214 45 29 än
577 2213 108 31 tullen
707 2212 20 31 å
749 2213 67 30 den
839 2212 134 36 färdiga
996 2221 117 21 varan.
1160 2210 48 32 På
1231 2212 67 29 den
1321 2219 252 28 ogynnsamma
1596 2210 188 30 relationen

283 2256 128 30 mellan
439 2256 108 30 tullen
575 2255 21 31 å
623 2255 70 30 hel-
721 2254 191 38 respektive
939 2253 236 31 halvfabrikat
1203 2253 162 31 inverkar
1393 2254 87 29 även
1509 2253 108 30 tullen
1646 2252 20 31 å
1694 2251 90 31 vissa

283 2297 355 37 garneringsartiklar,
659 2297 116 30 vilken
794 2298 70 29 kan
883 2295 117 39 uppgå
1019 2295 52 31 till
1092 2296 41 30 30
1152 2296 130 30 kronor
1302 2304 60 28 per
1382 2294 180 37 kilogram.
1608 2293 177 31 Ehuruväl

282 2341 67 30 den
374 2339 315 38 diagonalstickade
714 2342 190 27 sammeten
928 2341 86 28 utan
1038 2339 108 30 större
1169 2338 182 36 olägenhet
1375 2337 96 30 torde
1496 2338 121 29 kunna
1642 2338 141 29 ersättas

283 2383 80 30 med
382 2385 106 28 annat
508 2382 166 35 material,
695 2382 71 30 kan
787 2381 31 37 ej
839 2380 178 36 bestridas,
1039 2383 49 28 att
1107 2380 107 30 tullen
1234 2379 21 31 å
1275 2378 280 32 halvfabrikaten
1577 2379 143 30 innebär
1741 2387 44 21 en

283 2425 166 30 avsevärd
470 2424 201 36 reducering
692 2433 43 21 av
755 2423 211 37 tullskyddet
987 2422 55 31 för
1063 2421 373 37 toffeltillverkningen.

329 2467 122 30 Därest
471 2466 281 31 ämbetsverkens
772 2466 10 30 i
803 2466 56 29 det
878 2464 207 37 föregående
1107 2464 217 30 framställda
1346 2463 129 37 förslag
1496 2473 57 21 om
1576 2473 42 21 en
1639 2464 146 36 tilläggs-
